4038 6204
361 1002 489 1112 in
556 1010 1186 1110 HOMILIAM
1245 1010 1390 1098 DE
1482 1000 2490 1097 RESURRECTIONE
2580 1001 3356 1097 MORTUORUM

1461 1495 2250 1628 MONITUM.

300 2368 420 2437 Quo
452 2376 695 2439 tempore
720 2366 862 2421 lianc
892 2361 1148 2421 habuerit
1167 2365 1449 2421 homillam
1473 2363 1806 2436 Clirysosto-

229 2489 380 2536 mus.
410 2472 524 2543 ipse
553 2489 582 2526 a
616 2470 890 2543 principio
931 2485 1031 2526 nec
1056 2469 1289 2526 obscure
1327 2469 1531 2524 indicat
1560 2468 1646 2523 bis
1688 2482 1810 2522 ver-

226 2582 334 2644 nis,
370 2581 505 2651 Περὶ
536 2581 820 2651 δογμάτων
845 2579 972 2650 ὑμῖν
996 2579 1304 2650 ἔμπροσθεν
1329 2578 1680 2649 διελέχθημεν
1711 2573 1807 2629 καὶ

223 2687 327 2756 τῆς
357 2685 452 2740 τοῦ
479 2685 798 2756 μονογενοῦς
824 2684 955 2738 Υἱοῦ
992 2683 1085 2737 τοῦ
1126 2682 1262 2736 Θεοῦ
1305 2683 1484 2754 δόξης,
1520 2680 1807 2750 ἐπιστομί-

225 2794 415 2858 ζοντες
442 2791 568 2854 τοὺς
603 2789 1000 2861 καθαιροῦντας
1041 2785 1207 2842 αὐτοῦ
1250 2788 1349 2858 τὴν
1379 2787 1556 2854 ἀξίαν,
1584 2791 1680 2843 καὶ
1710 2788 1807 2845 τοῦ

225 2894 618 2966 γεγεννηκότος
647 2892 812 2947 αὐτὸν
849 2891 1288 2964 ἁλλοτριοῦντας,
1336 2893 1411 2947 De
1458 2894 1582 2963 ﬁdei
1614 2903 1809 2949 nostra!

225 3001 587 3071 dogmatibus,
619 2999 782 3068 deque
811 2998 984 3070 gloria
1014 2999 1272 3069 unigeniti
1313 2996 1444 3051 Filii
1475 2998 1574 3052 Dei
1601 2999 1808 3068 pridem

227 3105 370 3174 apud
399 3121 488 3159 vos
532 3103 902 3169 disseruimus,
969 3103 1272 3157 obturantes
1329 3119 1510 3156 eorum
1540 3119 1652 3170 ora,
1715 3103 1807 3174 qui

233 3213 452 3281 gloriam
485 3211 569 3263 illi
599 3210 924 3264 detrahunt:
985 3219 1034 3265 et
1063 3228 1097 3264 a
1135 3211 1366 3282 genitore
1430 3227 1526 3265 suo
1575 3211 1808 3267 alienum

240 3315 440 3367 dicunt.
479 3315 786 3370 Concioncs
809 3330 940 3371 vero
969 3313 1122 3388 [429]
1152 3323 1341 3371 contra
1364 3315 1684 3382 Anomoeos,
1711 3317 1806 3388 qui

237 3417 464 3488 gloriam
513 3415 786 3490 Unigcniti
823 3419 1148 3476 labefactare
1183 3420 1485 3487 curabant,
1535 3422 1624 3478 hic
1656 3437 1812 3478 com-

234 3534 521 3588 memorat,
553 3539 694 3594 quas
723 3527 946 3581 ineunte
978 3541 1125 3582 anno
1180 3527 1286 3582 586
1339 3527 1594 3593 absolvit.
1662 3537 1723 3584 ut
1755 3529 1810 3585 in

232 3627 439 3682 Manilo
464 3627 530 3682 ad
563 3629 781 3684 easdem
810 3629 1180 3700 probavimus.
1226 3629 1364 3686 Hinc
1395 3647 1528 3688 vero
1561 3632 1814 3702 arguitur

235 3729 381 3786 hanc
401 3731 674 3786 homiliam
698 3733 802 3787 sub
826 3733 1048 3789 initium
1073 3735 1202 3790 anni
1219 3736 1322 3792 587
1345 3737 1586 3793 habitam
1613 3738 1808 3806 fuisse,

237 3846 293 3888 et
325 3836 545 3904 quidem
582 3846 702 3894 ante
726 3836 1216 3910 Quadragesimam
1256 3842 1406 3896 illius
1447 3844 1595 3910 anni,
1633 3861 1799 3914 quam

431 5603 436 5610 ο

383 5635 414 5662 Ι

520 5780 791 5843 Panos.
826 5784 942 5845 Gn.
981 5789 1045 5854 L.

253 5706 474 5954 αδδ

221 5939 298 6024 \

1914 2371 2084 2418 totam
2119 2361 2173 2417 in
2213 2363 2560 2434 dcplorandis
2607 2364 3073 2419 Antiochenorum
3113 2374 3235 2433 post
3272 2379 3491 2421 eversas

1917 2465 2126 2523 statuas
2156 2468 2563 2525 calamitatibus
2613 2469 2974 2539 consumpsit.
3036 2467 3171 2523 Vide
3224 2467 3488 2525 Monitum

1913 2573 1980 2626 ad
2009 2551 2261 2625 homilias
2294 2572 2414 2627 illas
2451 2572 2504 2626 in
2540 2572 2769 2644 hujusce
2805 2574 2934 2628 tomi
2965 2573 3252 2642 principio.

1988 2676 2228 2749 Hujusce
2255 2693 2418 2748 porro
2450 2680 2735 2736 concionis
2775 2690 3154 2752 argumentum
3187 2679 3239 2734 in
3265 2679 3493 2735 exordio

1911 2783 2105 2840 statuit
2139 2782 2198 2838 S.
2235 2782 2454 2840 Doctor.
2506 2785 2702 2856 Agitur
2745 2785 2812 2842 de
2869 2784 3293 2841 Resurrectione
3345 2800 3493 2840 mor-

1914 2898 2159 2955 tuorum,
2202 2890 2360 2960 cujus
2400 2891 2602 2946 veritas
2643 2891 2849 2962 passim
2880 2891 3188 2947 asseritur:
3236 2891 3303 2946 de
3337 2890 3493 2946 iusti-

1919 2996 2117 3049 tuenda
2187 2995 2490 3051 secundum
2549 2996 2717 3051 Deum
2750 2997 2896 3053 vita:
2933 2998 3001 3054 de
3053 2998 3318 3053 adeundis
3363 3012 3492 3069 per-

1914 3115 2081 3171 pensa
2110 3101 2320 3170 praamii
2357 3101 2733 3172 magnitudine
2785 3101 3064 3158 laboribus
3096 3123 3108 3158 :
3171 3102 3491 3158 nonnullam

1917 3208 2186 3264 bonorum
2214 3223 2442 3278 Operam
2477 3210 2785 3266 mercedem
2815 3211 2979 3267 etiam
3012 3211 3068 3266 in
3109 3212 3213 3267 hac
3253 3213 3363 3268 vita
3397 3211 3494 3267 tri-

1913 3315 2030 3380 bui,
2070 3313 2227 3368 Pauli
2261 3316 2512 3386 exemplo
2571 3317 2982 3388 comprobatur.
3010 3317 3292 3374 Manicbaai
3325 3317 3489 3374 etiam

1915 3422 2093 3476 obiter
2121 3421 2495 3488 confutantur,
2529 3424 2624 3494 qui
2655 3439 2885 3495 corpora
2918 3433 2974 3482 et
3002 3435 3251 3482 naturam
3294 3426 3492 3481 huma-

1915 3540 2042 3580 nam
2079 3541 2175 3597 per
2201 3541 2262 3583 se
2301 3527 2500 3582 malam
2531 3543 2654 3584 esse
2683 3529 3104 3586 mentiebantur.

1987 3631 2498 3702 lnterpretationcm
2552 3633 2745 3690 incerti
2792 3634 3080 3706 cujusdam
3132 3634 3257 3702 viri,
3307 3635 3493 3689 multis

1915 3735 1972 3790 in
2037 3736 2178 3792 locis
2219 3738 2569 3809 castigatam,
2620 3754 2651 3794 c
2693 3739 2938 3811 regione.
2975 3739 3148 3796 δι’ωεὶ
3200 3747 3490 3795 contextus

1917 3839 2210 3897 edidimus.
