4038 6204
232 262 325 318 ιιῖ
357 269 441 315 ter

1236 259 1325 315 DE
1363 261 1542 317 RESU
1554 258 1945 316 RRECTIONE
1986 256 2450 315 MORTUORUM.

3254 251 3360 307 “8
3395 260 3473 305 ter

240 502 3452 533 mw

1795 1268 1915 1341 DE

647 1801 1958 1935 RESURRECTIONE
2055 1803 3073 1932 MORTUORUM

1466 2536 1471 2541 λ
1566 2399 2139 2506 HOMILIA.

326 3940 381 3992 ἱ.
422 3938 608 3992 Futuri
652 3937 833 4006 judicii
874 3946 1042 3993 metus
1089 3936 1162 3990 ad
1216 3934 1379 3991 vitam
1436 3933 1818 3991 instituendam

234 4052 421 4111 Juvat.
453 4070 527 4081 —
565 4039 634 4093 De
664 4040 780 4095 ﬁdei
808 4050 1010 4097 nostra:
1048 4040 1408 4111 dogmatibus,
1439 4039 1614 4109 deque
1645 4038 1816 4110 gloria

244 4146 516 4216 unigeniti
556 4145 671 4199 Filii
719 4145 813 4199 Dei
868 4145 1077 4215 pridem
1109 4145 1251 4214 apud
1288 4160 1385 4199 vos
1434 4144 1816 4209 disseruimus,

245 4252 566 4306 obturantes
594 4251 971 4306 haereticorum
1027 4267 1140 4315 ora,
1177 4250 1270 4320 qui
1326 4250 1548 4322 gloriam
1592 4251 1670 4304 illi
1722 4250 1821 4305 de-

251 4357 496 4418 trahunt,
529 4364 583 4409 et
619 4371 648 4408 a
678 4354 938 4409 Genitore
981 4371 1079 4409 suo
1130 4356 1278 4409 illum
1310 4356 1546 4410 alienum
1587 4355 1775 4410 dicunt
1804 4374 1818 4410 :

252 4461 406 4514 hodie
441 4460 513 4514 de
543 4460 807 4522 moribus,
848 4460 1024 4529 deque
1076 4460 1182 4515 vita
1237 4461 1566 4516 instituenda
1612 4475 1823 4516 sermo-

254 4583 368 4620 nem
398 4567 453 4620 in
486 4566 725 4621 medium
752 4566 947 4622 aﬂ'erre
980 4575 1034 4621 et
1063 4567 1115 4621 in
1143 4582 1339 4639 genere
1382 4567 1675 4625 admonere
1724 4568 1823 4625 de-

252 4672 541 4725 crevimus.
596 4671 707 4725 lmo
775 4687 955 4727 sermo
1013 4688 1125 4726 non
1195 4673 1411 4728 moralis
1464 4674 1668 4741 solum,
1730 4677 1823 4732 sed

259 4776 411 4830 etiam
463 4776 804 4847 dogmaticus
850 4776 954 4830 erit
984 4795 996 4831 :
1030 4782 1250 4844 paratus
1283 4777 1429 4831 enim
1478 4793 1620 4841 sum,
1663 4790 1724 4834 ut
1759 4782 1825 4836 ad

266 4882 535 4936 materiam
579 4879 649 4935 de
678 4881 1071 4935 resurrectione
1110 4881 1455 4936 descendam.
1509 4882 1662 4949 Quod
1698 4895 1828 4939 sane

270 4994 637 5057 argumentum
672 4988 880 5040 varium
933 4992 1016 5040 est
1066 4993 1121 5039 et
1151 4985 1432 5055 copiosum
1462 5003 1474 5039 :
1510 5002 1634 5040 nam
1667 4996 1723 5041 et
1773 4988 1827 5042 in

258 5087 338 5155 iis,
366 5109 490 5162 qua:
529 5090 652 5146 ﬁdei
682 5102 833 5157 sunt,
875 5108 976 5148 nos
1023 5090 1222 5162 dirigit,
1271 5099 1326 5146 et
1370 5093 1537 5147 vitam
1586 5104 1827 5149 nostram

255 5196 555 5264 componit,
597 5202 653 5249 ct
704 5196 940 5251 divinam
995 5195 1395 5266 providentiam
1452 5199 1521 5253 ab
1575 5199 1830 5253 omnibus

253 5299 738 5357 calumniatoribus
794 5302 1051 5357 vindicat.
1084 5300 1150 5357 Et
1198 5303 1650 5372 quemadmodum
1707 5321 1828 5360 cum

260 5420 361 5458 non
405 5406 677 5467 creditur,
728 5406 895 5461 vitam
946 5415 1185 5461 nostram
1226 5409 1513 5473 subvertit,
1570 5410 1832 5481 malisque

262 5512 529 5566 sexcentis
559 5510 768 5578 implet,
802 5526 1017 5566 sursum
1061 5512 1422 5585 deorsumque
1463 5514 1619 5570 factis
1658 5517 1833 5570 muni-

1921 3931 2024 3988 bus
2049 3950 2063 3988 :
2093 3932 2164 3989 ita
2187 3949 2310 3989 cum
2338 3933 2596 4001 creditur,
2634 3934 3030 4006 providentiam
3059 3935 3246 3994 multis
3264 3936 3489 3994 rationi-

1920 4038 2025 4093 bus
2045 4038 2297 4102 adstruit,
2313 4047 2368 4094 et
2392 4053 2493 4093 nos
2513 4038 2579 4093 ad
2594 4038 2906 4110 diligentem
2924 4040 3141 4095 virtutis
3164 4056 3348 4096 curam
3369 4056 3492 4112 pro-

1924 4150 2127 4207 movet,
2160 4141 2287 4197 vitia
2321 4157 2517 4212 magno
2560 4142 2744 4196 studio
2772 4143 3013 4212 expellit,
3048 4144 3229 4199 omnia
3261 4145 3495 4216 denique.

1924 4245 2314 4316 tranquillitate
2338 4246 2575 4316 complet
2612 4262 2675 4301 ac
2704 4262 2857 4317 pace.
2890 4248 3126 4315 Etenim,
3155 4259 3216 4303 ut
3241 4250 3387 4305 nulla
3420 4251 3491 4304 illi

1922 4352 2145 4407 virtutis
2176 4367 2304 4407 cura
2328 4360 2432 4415 est,
2457 4351 2549 4421 qui
2589 4353 3047 4407 resurrectionem
3068 4369 3178 4409 non
3195 4364 3496 4425 exspectat,

1922 4460 2125 4531 quique
2167 4459 2340 4513 credit
2384 4472 2443 4512 se
2481 4473 2590 4512 non
2638 4458 2973 4513 redditurum
3017 4459 3284 4516 rationem
3325 4461 3393 4515 de
3433 4459 3499 4514 iis

1924 4582 2044 4635 qua:
2057 4565 2145 4619 hic
2161 4574 2417 4635 operatus
2438 4573 2540 4629 est,
2559 4564 2653 4619 sed
2671 4565 2923 4635 opinatur
2944 4581 3031 4620 res
3052 4575 3265 4621 nostras
3288 4574 3497 4620 tantum

1926 4668 2069 4723 inter
2083 4678 2341 4739 angustos
2358 4669 2642 4739 praesentis
2652 4669 2775 4724 vitae
2795 4669 2993 4724 limites
3011 4670 3298 4733 contineri,
3318 4676 3496 4739 neque

1927 4775 2067 4829 ultra
2104 4789 2161 4829 se
2186 4776 2481 4829 extendere
2509 4793 2522 4828 :
2548 4775 2821 4844 quomodo
2867 4775 3014 4829 enim
3042 4775 3258 4830 virtutis
3289 4776 3395 4829 ulla
3449 4777 3498 4829 ei

1928 4896 2055 4936 cura
2083 4890 2246 4943 esset,
2280 4881 2369 4950 qui
2405 4880 2606 4934 nullam
2635 4880 2879 4935 laborum
2930 4880 3344 4937 retributionem
3396 4882 3501 4937 sibi

1932 4985 2224 5056 repositam
2255 4986 2569 5057 exspectat?
2588 5001 2765 5055 neque
2785 5001 3011 5056 peccare
3032 4986 3264 5052 desinet,
3298 4996 3353 5042 et
3376 5002 3503 5043 cum

1932 5091 2065 5145 nihil
2093 5091 2475 5161 suppliciorum
2507 5090 2790 5146 imminere
2815 5090 2928 5145 suis
2953 5091 3093 5146 male
3114 5090 3250 5146 actis
3279 5091 3501 5155 credat;

1930 5198 2197 5269 permittit
2214 5214 2333 5254 sese
2352 5198 2510 5254 foedis
2523 5199 3007 5270 concupiscentiis,
3026 5199 3151 5255 etin
3167 5199 3375 5257 nullum
3390 5215 3501 5255 non

1932 5306 2188 5376 peccandi
2207 5321 2377 5376 genus
2395 5305 2523 5359 ruit.
2544 5304 2619 5360 Ita
2639 5313 2693 5362 et
2711 5305 2801 5375 qui
2822 5305 2923 5361 sibi
2947 5306 3239 5377 persuadet
3254 5305 3501 5361 futurum

1933 5410 2222 5481 aliquando
2244 5411 2531 5481 judicium,
2562 5422 2617 5465 et
2645 5420 2771 5467 ante
2813 5410 3001 5466 oculos
3036 5411 3223 5468 statuit
3258 5407 3499 5463 terribile

1937 5516 2066 5570 illud
2099 5516 2352 5581 tribunal,
2388 5526 2443 5571 et
2486 5517 2893 5571 indeelinabiles
2922 5514 3380 5587 expostulationes
3401 5550 3416 5574 ,
3450 5521 3507 5566 et
