4038 6204
531 352 636 406 8⁸9

526 462 881 519 inevitabilem
927 460 1240 516 sententiam
1279 477 1292 513 :
1323 460 1366 512 is
1403 457 1575 512 modis
1606 455 1850 510 erunibus
1883 452 2104 508 conabi-

526 567 632 617 tur,
662 562 718 608 ut
761 551 971 608 studeat
1001 549 1362 619 temperantiae
1403 557 1460 602 et
1505 545 1738 616 acquitati
1783 553 1941 614 atque
1989 541 2109 596 aliis

526 643 828 710 virtutibus,
859 650 914 698 ct
957 641 1171 712 effugiat
1217 638 1696 707 intemperantiam,
1758 635 2107 690 temeritatem

527 734 808 803 omniaque
854 731 954 786 alia
997 733 1121 786 vitia
1153 749 1164 784 ;
1199 729 1284 783 hic
1308 745 1390 796 ,ue
1439 727 1632 797 poterit
1679 741 1866 794 magna
1913 725 2110 778 virtute

527 826 786 897 repellere
815 838 928 890 eos,
979 824 1066 892 qui
1115 821 1348 876 divinam
1394 817 1781 873 calumniantur
1826 814 2110 886 providen-

528 920 676 972 tiam.

604 1006 928 1060 Providentia
952 1003 1046 1058 Dei
1067 1003 1369 1075 defenditur.
1430 1031 1498 1040 --
1552 998 1758 1053 Etenim
1812 1011 1938 1051 vero
1989 1012 2114 1048 sunt

529 1099 793 1164 nonnulli,
823 1097 911 1166 qui
939 1096 1026 1150 ubi
1055 1094 1286 1149 viderint
1323 1101 1599 1145 tuattsuete
1625 1099 1677 1142 et
1706 1099 1850 1143 caste
1877 1097 1930 1141 ct
1971 1087 2114 1154 jnsle

531 1193 768 1246 viventes
798 1189 1072 1242 modestiis
1111 1195 1164 1240 et
1210 1184 1491 1241 calumniis
1539 1183 1726 1252 premi,
1757 1182 2113 1235 vixneccssa-

523 1284 665 1336 rium
715 1281 907 1334 victum
959 1279 1189 1344 habere,
1221 1292 1363 1346 saepe
1405 1276 1562 1330 etiam
1617 1273 1802 1327 morbo
1851 1271 2009 1340 longo
2061 1279 2114 1324 et

531 1373 678 1442 gravi
701 1373 1002 1428 valetudine
1027 1370 1306 1434 macerari,
1337 1375 1390 1422 et
1417 1369 1468 1420 in
1497 1379 1700 1420 summa
1719 1407 1733 1428 ,
1760 1363 1903 1418 oumi
1931 1376 2115 1416 carere

531 1465 804 1528 subsidio;
848 1473 901 1518 et
940 1480 970 1518 c
1010 1463 1224 1518 diverso
1249 1462 1518 1516 maleticos
1538 1467 1591 1514 ct
1621 1458 1847 1529 pollutus
1875 1455 2115 1508 homines

533 1557 794 1626 planeque
815 1555 1104 1636 ﬂagitiosos
1132 1553 1355 1608 afﬂuere
1390 1551 1586 1606 divitiis
1605 1591 1620 1616 ,
1652 1548 1910 1614 deliciari,
1936 1546 2117 1600 nitidis

525 1649 770 1704 vestibus
799 1647 1023 1714 amiciri,
1053 1645 1466 1701 domesticorum
1491 1659 1678 1714 agmen
1717 1651 1832 1711 post
1853 1655 1910 1696 se
1937 1638 2117 1694 trahe-

531 1756 612 1808 re,
635 1741 686 1796 in
710 1741 1058 1795 admiratione
1083 1753 1223 1805 esse,
1267 1738 1603 1808 magistratus
1645 1749 1828 1805 gerere
1852 1775 1865 1796 ,
1899 1733 2116 1786 muham

538 1834 678 1903 apud
731 1831 1107 1904 Imperatorem
1157 1827 1403 1884 fiduciam
1449 1825 1667 1890 habere,
1719 1839 1842 1880 mox
1885 1821 2116 1876 divinam

536 1931 764 1994 arguunt
786 1921 1192 1992 providentiam,
1227 1929 1280 1974 et
1310 1917 1492 1972 dicunt
1527 1934 1537 1969 :
1575 1915 1798 1972 Ubinam
1832 1913 2118 1983 providen-

522 2013 607 2068 1ia
633 2013 755 2068 illa?
781 2020 870 2064 aut
901 2011 988 2065 ubi
1006 2010 1207 2078 justum
1232 2008 1532 2077 judicium?
1555 2005 1763 2060 sobrius
1790 2015 1844 2060 et
1865 2007 2119 2057 innocens

536 2103 676 2158 male
707 2103 887 2170 habet,
916 2102 1279 2170 intemperans
1308 2108 1361 2152 ct
1405 2108 1682 2168 corruptus
1720 2095 1944 2151 feliciter
1967 2095 2076 2164 agit
2102 2111 2116 2145 :

529 2204 589 2249 et
615 2193 702 2248 hic
730 2193 942 2264 quidem
963 2189 1302 2246 admirationi
1323 2197 1426 2252 est,
1457 2189 1542 2242 ille
1571 2203 1696 2241 vero
1729 2187 1956 2240 ludibrio
1989 2203 2001 2239 :
2034 2184 2121 2238 hic

523 2287 694 2342 ~variis
721 2285 911 2340 fruitur
935 2283 1139 2338 deliciis
1159 2323 1173 2346 ,
1203 2283 1290 2336 ille
1318 2291 1494 2336 autem
1525 2281 1680 2348 inops
1717 2279 1971 2333 extremis
2003 2291 2121 2347 pes-

540 2375 818 2430 sumdatur
844 2371 1214 2428 incommodis.
1253 2371 1388 2425 Tum
1432 2371 1589 2440 igitur
1615 2371 1658 2424 is
1679 2411 1692 2434 ,
1725 2369 1812 2437 qui
1841 2367 1907 2422 de
1935 2367 2120 2421 futuris

533 2466 760 2527 dubitat.
807 2464 1166 2519 conticescet:
1192 2472 1246 2516 at
1287 2463 1379 2532 qui
1434 2461 1502 2516 de
1556 2461 1948 2516 resurrectione
1985 2459 2122 2520 bene

535 2556 799 2622 senserit,
826 2564 880 2610 et
911 2553 1179 2624 sapienter
1203 2552 1473 2622 diSputarc
1504 2551 1745 2618 noverit,
1775 2550 1926 2604 facile
1970 2549 2122 2620 quid-

535 2647 662 2716 quid
691 2647 742 2701 id
778 2655 860 2702 est
887 2645 1229 2715 blaSphemiae
1253 2643 1450 2709 diluet,
1474 2653 1528 2698 et
1561 2643 1666 2698 illis
1691 2653 1794 2697 tam
1820 2641 2122 2697 stomacha-

537 2738 716 2794 bunde
743 2737 1130 2808 disputantibus
1157 2737 1296 2792 dicet
1327 2753 1343 2791 :
1377 2736 1708 2806 Compescite
1750 2737 1982 2806 linguam
2026 2750 2120 2790 vc-

537 2841 726 2896 stram,
776 2839 830 2883 et
877 2829 1132 2884 adversus
1187 2829 1376 2896 Deum,
1428 2829 1517 2898 qui
1563 2843 1660 2884 vos
1711 2827 1854 2896 fecit,
1899 2842 2017 2883 eam
2054 2841 2124 2883 ne

531 2923 882 2978 exacueritis.
922 2921 1038 2975 Non
1080 2921 1221 2975 enim
1267 2934 1354 2974 res
1383 2930 1577 2974 nostra:
1603 2919 1655 2974 in
1687 2920 1787 2974 hac
1815 2919 1986 2974 solum
2017 2919 2123 2972 vita

531 3017 757 3080 adurant,
785 3015 877 3070 sed
899 3013 1214 3070 festinamus
1242 3013 1308 3068 ad
1339 3012 1498 3068 vitam
1537 3013 1695 3067 aliam
1727 3013 1893 3067 multo
1921 3013 2124 3082 longio-

535 3125 676 3175 rem,
723 3109 830 3163 imo
868 3109 1029 3164 finem
1078 3108 1296 3162 minime
1341 3106 1652 3170 habentem;
1693 3115 1748 3160 et
1785 3105 1854 3160 ibi
1908 3106 2124 3160 omnino

541 3218 740 3272 pauper
763 3203 892 3268 iste,
918 3202 1005 3272 qui
1031 3201 1174 3270 juste
1205 3199 1360 3264 vivit,
1389 3198 1629 3252 laborum
1677 3211 1893 3251 suorum
1922 3211 2128 3252 merce-

535 3295 662 3350 dem
691 3302 1004 3363 accepturus
1025 3302 1106 3348 est
1132 3309 1146 3346 :
1175 3293 1538 3360 intemperans
1565 3297 1742 3344 autem
1769 3299 1826 3344 et
1852 3289 2124 3344 maleficus

533 3384 760 3440 malitia:
785 3399 898 3440 suae
926 3383 1227 3452 illicitteque
1251 3380 1534 3451 voluptatis
1559 3379 1779 3456 daturus
1809 3389 1892 3435 est
1915 3393 2122 3450 prunas.

537 3477 772 3534 Proinde
799 3491 906 3532 non
923 3490 954 3531 a
975 3475 1330 3548 .prtesentibus
1359 3474 1531 3530 solum
1557 3473 1624 3528 de
1643 3473 1820 3527 divina
1833 3473 2125 3544 providen-

532 3569 614 3622 tia
637 3567 954 3624 sententiam
984 3567 1238 3632 feramus,
1271 3565 1365 3622 sed
1389 3566 1546 3620 etiam
1565 3579 1595 3618 a
1625 3564 1817 3620 futuris
1849 3579 1863 3617 :
1893 3579 2139 3634 praesen-

541 3661 612 3713 tia
637 3665 908 3714 certamen
937 3659 1202 3730 quoddam
1234 3666 1376 3723 sunt,
1427 3664 1480 3711 et
1518 3655 1749 3722 labores,
1779 3663 1834 3710 et
1861 3655 2122 3722 stadium;

534 3748 718 3803 futura
745 3764 873 3804 vero
921 3748 1160 3818 praemia,
1207 3761 1439 3812 coronat,
1485 3754 1540 3802 et
1578 3746 1778 3801 bravia.
1817 3748 1966 3801 Sicut
1999 3761 2126 3816 ergo

541 3840 756 3894 athleta:
783 3839 834 3893 in
863 3838 1092 3904 theatro,
1119 3846 1175 3894 et
1207 3840 1258 3893 in
1287 3836 1516 3904 sudore,
1551 3847 1606 3892 et
1635 3839 1883 3907 pulvere,
1915 3847 1967 3892 ct
1995 3846 2124 3892 aestu

523 3929 729 3996 multo,
761 3939 815 3984 et
849 3928 1120 3984 laboribus
1161 3938 1214 3984 et
1243 3929 1495 3984 :erumnis
1536 3927 1871 4000 pugnandum
1902 3937 1984 3984 est
2015 3945 2030 3981 :
2057 3929 2126 3982 ita

537 4027 598 4076 et
613 4019 817 4089 justum
847 4017 936 4074 hic
964 4018 1128 4074 multa
1155 4019 1420 4073 sustinere
1444 4025 1673 4086 oportet,
1701 4027 1756 4073 et
1781 4017 1918 4072 ferre
1947 4017 2124 4072 omnia

527 4111 788 4178 viriliter,
813 4110 1074 4182 siquidem
1095 4111 1384 4182 .prteclaras
1405 4109 1514 4165 illic
1531 4118 1848 4178 accepturus
1875 4117 1954 4164 est
1973 4123 2130 4164 coro-

535 4218 664 4258 nas.
705 4204 772 4258 Et
819 4203 868 4258 si
885 4211 1020 4260 sunt‘
1039 4202 1298 4268 nonnulli,
1335 4217 1470 4271 quos
1519 4201 1794 4270 perturbat
1844 4199 2126 4270 impiorum

546 4294 770 4350 felicitas
795 4335 809 4360 ,
843 4293 894 4347 hi
926 4307 1104 4348 secum
1133 4295 1481 4362 perpendant,
1509 4291 1654 4362 quod
1680 4291 2128 4362 quemadmodum

545 4394 601 4437 et
619 4383 874 4448 latrones,
921 4391 976 4436 et
1007 4383 1368 4452 sepulcrorum
1415 4379 1720 4448 cﬂ‘ossores,
1743 4390 1796 4438 et
1825 4381 2125 4448 homicida,

529 4486 600 4528 et
623 4475 806 4544 pirata:
833 4473 1135 4544 priusquam
1155 4471 1222 4526 ad
1242 4471 1475 4542 judicem
1501 4471 1774 4527 trahantur
1792 4514 1807 4538 ,
1839 4473 2016 4528 multis
2037 4473 2131 4528 de-

547 4565 684 4620 liciis
711 4561 958 4618 fruuntur
981 4606 998 4632 ,
1030 4571 1084 4618 et
1112 4577 1180 4618 ex
1211 4561 1382 4617 aliena
1410 4562 1712 4617 calamitate
1750 4578 1899 4617 suam
1921 4563 2126 4618 «consli-

543 4663 760 4712 tuentes
779 4653 1153 4710 abundantiam
1177 4696 1191 4721 ,
1224 4653 1540 4724 injustisque
1568 4649 1758 4723 Opibus
1787 4653 2126 4724 locupletati,

543 4747 790 4818 quotidie
809 4745 1172 4812 iuebriantur;
1205 4745 1294 4801 ubi
1345 4741 1522 4802 autem
1565 4745 1758 4814 judicia
1811 4749 2127 4801 sententiam

543 4841 830 4908 subibunt,
859 4840 1096 4896 omnium
1137 4839 1348 4896 illorum
1397 4840 1546 4896 luent
1597 4855 1810 4911 prauam
1839 4856 1854 4896 :
1879 4843 1950 4897 ita
1978 4853 2030 4898 et
2057 4842 2132 4896 illi

547 4933 636 5006 qui
652 4941 830 4996 scorta
848 4940 1174 5000 mercantur,
1198 4941 1252 4988 et
1271 4929 1594 5004 Sybariticas
1609 4948 1818 4990 mensas
1842 4933 2130 5000 instruunt,

541 5032 606 5078 et
627 5023 910 5094 supercilia
936 5023 1228 5096 surriguut,
1257 5034 1311 5080 et
1331 5022 1472 5080 fastu
1497 5025 1547 5078 in
1573 5023 1692 5080 foro
1709 5025 1848 5094 pleni
1871 5040 2136 5096 pauperes

551 5116 897 5188 Opprimunt;
927 5117 1137 5188 quando
1158 5119 1458 5188 unigenitus
1487 5118 1578 5171 Dei
1607 5117 1772 5172 Filius
1817 5118 1990 5175 aderit
2013 5134 2132 5174 cum

549 5209 752 5278 angelis
775 5209 919 5276 suis,
944 5217 1004 5264 et
1037 5207 1229 5264 sedens
1265 5225 1425 5279 super
1457 5209 1702 5264 thronum
1731 5211 1912 5278 illum,
1951 5211 2132 5264 orbem

553 5312 818 5355 terrarum
857 5299 910 5353 in
960 5299 1192 5354 medium
1245 5300 1524 5356 adduxerit
1559 5319 1571 5353 :
1607 5311 1731 5355 tunc
1756 5301 1882 5355 nudi
1911 5311 1964 5357 et
1992 5303 2136 5357 omni

553 5405 650 5449 suo
675 5393 959 5464 splendore
985 5392 1223 5448 destituti
1249 5393 1598 5462 adducentur,
1630 5405 1684 5448 et
1709 5394 1909 5448 nullum
1939 5395 2018 5449 vel
2047 5395 2138 5448 ad-

551 5497 834 5552 vocatum,
867 5485 950 5540 vel
991 5493 1271 5554 [numnum
1315 5485 1570 5540 habentes
1599 5528 1612 5550 ,
1645 5485 1847 5556 absque
1889 5487 2041 5541 venia
2085 5487 2136 5540 in

547 5579 740 5649 igneos
759 5577 946 5634 ﬂuvios
966 5577 1326 5650 projicientur.
1351 5579 1688 5650 Quapropter
1707 5595 1878 5651 neque
1895 5579 1992 5636 hos
2014 5581 2142 5636 hea-

552 5683 638 5729 tos
667 5671 868 5728 dixeris
894 5673 960 5727 ob
991 5681 1279 5744 praesentes
1307 5671 1524 5726 delicias
1545 5715 1558 5735 ,
1593 5673 1684 5728 sed
1719 5674 1892 5743 potius
1921 5673 2058 5729 delle
2087 5683 2142 5730 et

551 5761 774 5830 deplora
801 5763 868 5819 ob
898 5763 1071 5820 futura
1093 5763 1363 5837 supplicia
1387 5781 1404 5832 ,'
1434 5779 1604 5834 neque
1627 5764 1831 5836 justqu
1861 5765 2006 5822 illum
2039 5766 2138 5821 mi-

1279 347 1338 402 S.
1377 342 1652 402 JOANNIS
1677 337 2148 397 Cilﬂ’t’SOSTOMl
2189 337 2507 392 ARClllEP.
2549 335 3086 394 CONSTANTINOP.

3691 335 3798 392 620

2219 466 2396 505 serum
2426 451 2809 506 existimaveris
2835 452 2903 507 ob
2929 459 3242 521 przcsentem
3271 457 3633 520 paupertatem
3658 492 3676 516 ,
3705 457 3796 508 sed

2211 558 2311 614 pro
2341 544 2496 597 beato
2527 543 2662 598 habe
2687 544 2756 596 ob
2783 545 3169 612 subsequentes
3195 543 3456 598 bonorum
3485 543 3717 611 divitias,
3743 559 3799 605 et

2214 635 2267 688 in
2295 644 2386 689 tuo
2409 635 2586 688 animo
2609 651 2906 690 sermonem
2930 635 3069 690 hunc
3091 634 3158 690 de
3177 636 3567 690 resurrectione
3588 637 3796 691 radices

2214 740 2373 794 agere
2398 741 2524 780 cura
2555 744 2568 777 :
2600 737 2656 780 ut
2685 727 2726 778 si
2759 726 2926 780 bonus
2953 725 3118 780 fueris
3147 735 3202 780 et
3240 727 3497 793 tenteris,
3531 727 3802 794 probatior

2215 817 2427 880 evadas,
2455 817 2816 888 majorcmque
2847 818 3172 873 alacritatem
3199 833 3294 888 per
3321 833 3469 889 spem
3497 819 3798 873 futurorum

2215 911 2443 979 accipias
2470 929 2481 964 :
2506 913 2586 964 sin
2616 913 2783 964 malus
2807 953 2821 976 ,
2855 926 2884 964 a
2915 911 3114 965 malitia
3139 911 3366 966 desistas
3391 952 3404 978 ,
3435 919 3491 966 et
3517 911 3801 966 continen-

2216 1003 2318 1054 tior
2343 1001 2439 1055 fias
2467 1001 2534 1056 ob
2563 1003 2804 1056 timorem
2835 1001 2991 1056 futuri
3019 1003 3279 1073 supplicii.

2287 1093 2340 1146 9..
2375 1093 2574 1149 Idcirco
2601 1105 2652 1149 et
2685 1095 2878 1150 Paulus
2901 1095 2969 1150 de
2995 1095 3382 1150 resurrectione
3404 1095 3555 1150 nobis
3575 1095 3800 1152 subinde

2217 1183 2378 1238 verba
2408 1183 2550 1251 facit,
2580 1185 3027 1255 quemadmodum
3057 1195 3110 1239 et
3141 1185 3300 1239 hodie
3329 1185 3602 1240 audivistis
3629 1187 3798 1256 ipsum

2216 1275 2566 1340 clamantem,
2599 1285 2653 1330 et
2677 1276 2940 1331 dicentem
2973 1295 2984 1329 :
3015 1276 3216 1330 Scimus
3241 1277 3370 1330 enim
3398 1277 3534 1346 quod
3565 1279 3610 1331 si
3649 1289 3801 1332 terre-

2217 1377 2318 1422 stre
2350 1377 2574 1423 nostrum
2610 1368 2917 1422 domicilium
2951 1369 3261 1422 tabernaculi
3287 1371 3438 1436 hujus
3473 1370 3794 1434 dissolvatur,

2219 1459 2420 1513 domum
2447 1475 2508 1512 ex
2531 1459 2638 1514 Deo
2662 1459 2898 1513 habemus
2933 1476 3034 1512 non
3063 1463 3404 1531 manufartam
3423 1503 3436 1526 ,
3466 1471 3720 1525 teternam,
3747 1463 3800 1514 in

2218 1553 2352 1606 aclis
2377 1550 2451 1621 (2.
2477 1551 2592 1605 Cor.
2617 1551 2670 1606 5.
2693 1551 2770 1622 l).
2803 1549 2912 1605 lmo
2940 1551 3096 1604 altius
3122 1565 3422 1605 sermonem
3451 1551 3723 1618 ducamus,
3747 1563 3802 1607 et

2219 1641 2494 1697 videamus
2540 1641 2805 1711 quomodo
2855 1642 2906 1696 in
2953 1657 3253 1697 sermonem
3298 1641 3367 1698 de
3415 1631 3810 1699 resurrectione.

2221 1732 2486 1788 inciderit.
2513 1733 2692 1802 Neque
2719 1733 2859 1788 enim
2891 1733 3202 1803 simpliciter
3229 1749 3398 1801 neque
3427 1733 3641 1790 fortuito
3667 1735 3801 1792 hanc

2221 1823 2372 1880 nobis
2403 1823 2596 1878 aderre
2625 1823 2762 1878 solet
2787 1823 3080 1879 doctrinam
3115 1843 3128 1878 :
3157 1823 3250 1878 sed
3279 1823 3402 1894 quia
3431 1825 3585 1878 simul
3613 1825 3802 1880 docere

2221 1917 2333 1974 vult
2361 1933 2477 1986 quae
2503 1917 2676 1972 futura
2720 1926 2844 1972 sunt
2873 1959 2887 1984 ,
2921 1925 2976 1974 et
3003 1915 3227 1972 athletas
3255 1917 3464 1985 pietatis
3487 1917 3804 1972 confirmaro

2223 2008 2417 2062 studet.
2445 2007 2596 2062 Nunc
2623 2007 2833 2077 quidem
2863 2008 3029 2078 gratia
3062 2007 3155 2063 Dei
3182 2008 3346 2061 multa
3377 2023 3510 2077 pace
3537 2007 3760 2062 fruimur
3785 2026 3798 2060 :

2223 2103 2419 2158 etenim
2467 2102 2818 2171 Imperatores
2862 2105 2998 2170 piam
3043 2101 3351 2172 religionem
3399 2111 3708 2168 sectantur,
3749 2113 3803 2156 et

2224 2195 2492 2263 principes
2509 2194 2780 2248 veritatem
2801 2204 3146 2262 agnoverunt,
3169 2203 3222 2247 et
3247 2192 3442 2262 populi,
3465 2203 3518 2247 et
3541 2193 3798 2256 civitates,

2223 2299 2271 2343 et
2295 2299 2480 2359 gentes
2503 2288 2771 2342 erroribus
2792 2287 3020 2350 liberati,
3044 2286 3313 2342 Christum
3333 2301 3517 2341 omnes
3537 2286 3757 2340 adorant
3783 2303 3796 2338 :

2226 2389 2350 2434 tunc
2391 2387 2567 2434 autem
2617 2379 2668 2433 in
2709 2379 2967 2450 principio
3009 2379 3398 2448 prmdicationis
3423 2419 3437 2442 ,
3473 2393 3590 2432 cum
3633 2392 3803 2446 nuper

2225 2471 2433 2542 pictatis
2469 2471 2672 2525 semina
2708 2471 2847 2539 jacta
2887 2477 3064 2524 essent
3089 2511 3102 2534 ,
3137 2485 3382 2540 maguum
3423 2469 3662 2538 praelium
3690 2479 3806 2524 erat

2225 2563 2606 2634 multiplexque
2646 2579 2708 2618 ac
2746 2565 2972 2618 varium.
3024 2563 3152 2618 Nam
3183 2555 3448 2634 principes
3475 2573 3530 2618 et
3563 2577 3718 2633 reges
3749 2573 3808 2618 et

2224 2653 2499 2709 domestici
2531 2665 2584 2710 et
2625 2657 2836 2726 cognati
2867 2667 2917 2710 et
2949 2669 3133 2710 onmes
3169 2655 3546 2725 impugnabant
3574 2656 3754 2710 fideles
3785 2674 3801 2708 ε

2227 2756 2282 2800 et
2305 2755 2633 2818 repugnante
2679 2755 2862 2800 natura
2915 2747 3026 2816 ipsa
3071 2745 3268 2801 bellum
3309 2745 3596 2800 oriebatur.
3649 2746 3805 2800 l’ater

2225 2841 2368 2895 enim
2399 2840 2562 2894 tilium
2591 2839 2832 2895 tradebat
2851 2853 3014 2908 smpe,
3037 2847 3091 2893 et
3120 2838 3280 2892 tiliam
3305 2847 3492 2902 mater,
3518 2848 3572 2892 et
3593 2853 3802 2892 servum

2226 2931 2410 2986 herus.
2457 2931 2638 3002 Neque
2669 2931 2810 2986 enim
2851 2931 3090 2985 civitates
3123 2931 3252 2985 solae
3275 2971 3288 2994 ,
3322 2945 3494 3000 neque
3524 2931 3764 2999 regiones
3787 2973 3804 2992 ,

2225 3021 2319 3076 sed
2355 3031 2408 3076 et
2441 3021 2633 3076 domus
2663 3035 3055 3091 nonnumquam
3089 3020 3141 3073 in
3173 3019 3374 3096 seipsas
3412 3029 3570 3074 secta:
3607 3031 3760 3075 erant
3781 3062 3803 3084 ί,

2227 3123 2448 3185 eratque
2479 3114 2732 3170 tumultus
2752 3156 2765 3180 ,
2793 3115 2884 3185 qui
2919 3124 3042 3168 tunc
3079 3113 3331 3168 sarviebat
3355 3155 3370 3178 ,
3398 3115 3626 3169 atrocior
3651 3128 3805 3184 quam

2229 3205 2534 3260 intestinum
2561 3205 2784 3276 quodvis
2813 3205 3032 3259 bellum.
3063 3203 3192 3258 Nam
3223 3203 3498 3260 facultates
3523 3204 3804 3274 rapieban-

2229 3306 2334 3364 tur,
2363 3297 2578 3352 libertas
2604 3295 2939 3352 auferebatur
2959 3337 2972 3360 ,
3004 3304 3058 3350 et
3082 3296 3201 3350 vita:
3227 3295 3522 3364 periculum
3559 3294 3808 3349 immine-

2229 3390 2316 3444 bat
2341 3431 2357 3458 ,
2390 3405 2494 3444 non
2523 3389 2660 3460 quod
2687 3389 2898 3445 barbari
2930 3387 2980 3441 in
3013 3403 3109 3442 nos
3141 3387 3497 3441 incursionem
3525 3385 3760 3441 facerent
3787 3427 3803 3450 ,

2229 3482 2324 3536 sed
2361 3483 2449 3551 qui
2480 3481 2793 3536 videbantur
2817 3479 2970 3534 nobis
2997 3493 3226 3549 praeesse
3249 3488 3302 3534 ct
3330 3478 3626 3542 dominari,
3659 3477 3812 3548 pejus

2229 3587 2354 3644 erga
2397 3572 2639 3626 subditos
2662 3613 2676 3637 ,
2707 3586 2864 3641 quam
2905 3569 3188 3625 bellatores
3227 3583 3412 3623 omnes
3437 3567 3605 3622 allecti
3635 3580 3808 3623 erant.

2230 3664 2296 3718 Et
2323 3663 2425 3717 hoc
2453 3663 2686 3728 declarat
2707 3661 2921 3724 Paulus,
2951 3675 3016 3715 ac
3041 3659 3204 3714 dicit:
3229 3657 3392 3712 Graue
3417 3667 3667 3711 certamen
3693 3675 3812 3727 pas-

2235 3756 2432 3808 sionum
2475 3752 2778 3806 sustinuistis
2817 3767 2837 3805 :
2864 3761 2911 3806 et
2950 3751 3002 3802 in
3029 3750 3186 3802 altera
3225 3749 3422 3814 quidem
3450 3746 3733 3817 opprobriis
3761 3759 3814 3800 et

2232 3843 2632 3898 tribulationibus
2665 3841 3005 3912 spectaculum
3033 3841 3152 3910 facti
3176 3857 3194 3893 :
3215 3841 3266 3893 in
3293 3841 3452 3893 altera
3489 3847 3654 3892 autem
3688 3841 3813 3892 socii

2237 3937 2405 3991 taliter
2431 3936 2826 3990 conversantium
2857 3931 3038 4001 eﬂ'ecti.
3073 3932 3210 3986 Nam
3231 3943 3276 3988 et
3299 3933 3508 3987 uinculis
3533 3933 3654 3986 meis
3677 3947 3815 3984 com-

2233 4027 2627 4100 patiebamini,et
2639 4026 2966 4096 direptione»:
2984 4025 3284 4094 facultatum
3295 4035 3565 4077 vestrarum
3577 4039 3687 4075 cum
3701 4037 3820 4093 gate-

2234 4121 2318 4172 dio
2345 4117 2528 4172 tulistis
2551 4116 2733 4189 (Hebr.
2759 4117 2845 4172 lO.
2867 4115 3081 4185 52-34).
3111 4115 3190 4170 Ad
3217 4114 3431 4169 Galatas
3454 4122 3625 4166 autem
3650 4113 3776 4165 dicit
3800 4129 3814 4164 :

2239 4209 2403 4262 Tanta
2432 4210 2568 4278 passi
2591 4210 2710 4262 estis
2736 4211 2944 4278 frustra,
2966 4209 3009 4260 si
3039 4207 3187 4259 modo
3211 4215 3255 4258 et
3280 4209 3468 4275 frustra
3495 4201 3634 4274 (Gul.
3659 4203 3710 4256 5.
3735 4204 3815 4269 4).

2233 4298 2798 4354 Thessalonicensibus
2827 4313 3037 4368 quoque
3061 4337 3076 4358 .
3105 4307 3158 4352 et
3185 4293 3612 4364 Philippensibus
3633 4335 3649 4361 ,
3681 4301 3736 4348 et
3763 4294 3817 4348 in

2233 4407 2432 4464 genere
2455 4392 2720 4458 omnibus,
2745 4391 2940 4446 Paulus
2964 4388 3224 4454 scribens,
3252 4387 3416 4454 multa
3443 4384 3704 4456 ejusmodi
3733 4396 3817 4440 te-

2235 4494 2425 4540 statur.
2469 4484 2652 4554 Neque
2683 4483 2784 4540 hoc
2813 4483 2988 4538 solum
3016 4489 3130 4537 erat
3156 4494 3318 4551 grave
3338 4519 3354 4546 ,
3381 4477 3522 4549 quod
3549 4475 3676 4532 foris
3711 4475 3820 4530 fre-

2235 4592 2406 4648 quens
2445 4577 2638 4632 bellum
2671 4574 2952 4646 gerebatur
2977 4615 2990 4640 ,
3021 4580 3072 4628 et
3099 4570 3406 4626 continuum
3432 4587 3448 4635 ;
3477 4567 3570 4624 sed
3597 4566 3736 4638 quod
3768 4576 3824 4622 et

2238 4671 2377 4725 inter
2417 4667 2600 4723 fideles
2630 4667 2774 4737 ipsos
2800 4673 2984 4720 exorta
3021 4663 3232 4718 fuerunt
3259 4659 3509 4715 nonnulla
3539 4657 3822 4724 scandala,

2239 4771 2293 4816 et
2319 4760 2457 4826 lites,
2485 4767 2541 4813 et
2564 4756 2949 4819 contentiones,
2979 4764 3030 4809 et
3056 4752 3421 4808 aemulationes
3448 4770 3462 4804 :
3489 4765 3604 4818 qua:
3628 4757 3682 4802 et
3707 4747 3821 4816 ipsa

2239 4850 2543 4906 manifestat
2569 4849 2761 4904 Paulus
2787 4848 2969 4902 dicens
2999 4863 3011 4898 :
3045 4844 3194 4899 Foris
3216 4858 3416 4914 pugna',
3451 4842 3582 4893 intus
3619 4837 3825 4892 timores

2242 4943 2317 5012 (2.
2341 4941 2457 4996 Cor.
2485 4941 2536 4994 7.
2563 4941 2642 5012 5).
2677 4939 2868 4994 Verum
2902 4937 3040 4992 istud
3069 4935 3239 5005 ipsum
3273 4932 3470 4988 bellum
3494 4929 3664 4985 multo
3681 4938 3826 4983 atro-

2243 5037 2356 5094 cius
2385 5045 2498 5090 erat
2527 5044 2581 5090 et
2619 5033 2844 5088 subditis
2871 5043 2926 5087 et
2955 5027 3369 5101 praeceptoribus
3401 5043 3414 5078 :
3447 5022 3690 5094 profecto
3721 5037 3827 5076 non

2241 5137 2447 5184 tantum
2470 5126 2804 5180 ininicorum
2832 5121 3050 5177 insidias
3071 5117 3390 5174 formidabat
3413 5114 3632 5182 Paulus,
3655 5129 3828 5184 quan-

2245 5229 2354 5274 tum
2381 5217 2720 5282 domesticas,
2741 5223 2796 5272 et
2815 5229 2932 5284 qua:
2954 5213 3089 5266 intra
3113 5209 3406 5266 Ecclesiam
3429 5204 3828 5276 contingebant,

2245 5313 2426 5366 ruinas
2455 5321 2508 5364 et
2537 5309 3008 5380 transgressiones.
3054 5305 3184 5360 Nam
3212 5318 3332 5358 cum
3363 5299 3501 5372 apud
3531 5297 3830 5354 Corinthios

2245 5411 2506 5460 scortatus
2533 5413 2674 5458 esset
2699 5401 2914 5472 quidam
2947 5400 2964 5470 (
2975 5401 3020 5454 1.
3045 5399 3164 5455 Cor.
3192 5397 3245 5452 5.
3275 5406 3318 5451 et
3343 5395 3397 5449 2.
3425 5393 3541 5449 Cor.
3569 5391 3625 5462 2)
3643 5431 3656 5454 ,
3687 5389 3832 5442 omni

2247 5508 2488 5569 tempore
2519 5497 2665 5550 illum
2693 5497 2880 5566 lugens
2907 5491 3299 5565 perseverabat,
3329 5489 3401 5544 ita
3423 5499 3480 5542 ut
3512 5487 3711 5541 viscera
3738 5497 3832 5536 sua

2255 5589 2624 5658 iisrumperct,
2655 5597 2708 5644 et
2737 5603 2917 5642 amare
2943 5587 3184 5656 ejularet.

2320 5680 2622 5736 Christiana:
2649 5680 2762 5734 uiue
2787 5678 3047 5748 perfectio.
3065 5705 3137 5715 ——
3163 5673 3294 5729 l‘lrat
3336 5681 3390 5728 et
3426 5669 3638 5726 tertium
3669 5681 3838 5736 genus

2255 5771 2519 5843 quoddam
2552 5787 2658 5828 non
2687 5771 2862 5826 minus
2887 5767 3252 5824 molestiarum
3273 5805 3288 5832 ,
3316 5779 3473 5834 qua
3503 5761 3702 5818 dictum
3731 5767 3836 5821 est,
