4038 6204
277 313 363 368 εει
1326 295 1415 350 DE
1453 282 2020 347 RESUliRECTlONE
2061 279 2508 338 MORTUOIlU-M.

273 423 504 479 fidelibus
519 413 901 483 alfercns,ipsa
926 411 1126 467 scilicet
1149 425 1324 465 rerum
1352 418 1559 472 natura,
1589 422 1706 476 qua:
1737 402 1845 456 fre-

276 524 485 588 quentes
505 510 716 565 labores
734 515 788 561 et
804 504 1026 558 sudores
1042 502 1302 572 exigebat.
1323 501 1499 571 Neque
1521 489 1661 554 enim
1683 496 1849 550 facilis

290 617 342 662 rt
392 605 510 659 levis
558 607 679 654 erat
728 597 843 663 via,
900 595 970 648 ad‘
1012 609 1169 663 quam
1237 592 1356 646 illos
1404 590 1670 646 ducebant
1719 602 1849 656 apo-

291 697 405 751 stoli
433 690 549 748 :sed
580 704 771 761 aspera
799 697 852 742 et
880 685 1184 756 iuexped‘ita
1214 725 1228 749 ,
1261 698 1378 753 ane
1407 682 1639 736 animam
1670 678 1848 748 requi-

297 793 421 844 rebat
455 785 720 845 sobriam,
767 791 822 837 et
864 781 1073 850 vigilem
1098 819 1112 842 ,
1153 787 1206 832 et
1244 777 1476 846 undique
1519 775 1848 844 diligentem.

291 883 553 949 Propterea
583 885 637 931 et
664 873 908 929 Christus
935 881 1213 941 angustam
1245 879 1298 924 et
1320 879 1522 924 arctam
1557 869 1723 938 ipsam
1755 880 1851 919 vo-

280 974 423 1027 ravit.
453 969 638 1039 Neque
666 967 808 1021 enitn
841 965 1019 1018 vivere
1052 964 1274 1018 licenter
1303 972 1356 1016 et
1379 963 1587 1030 absque
1606 970 1745 1014 metu
1777 957 1855 1011 fas

275 1073 380 1117 erat
397 1104 415 1129 ,
437 1063 575 1116 sicut
597 1058 735 1129 apud
761 1066 948 1128 gentes
976 1056 1026 1110 in
1055 1054 1379 1122 turpitudine
1400 1063 1449 1108 et
1477 1053 1735 1108 ebrietate
1758 1094 1770 1114 ,
1802 1059 1856 1105 et

275 1155 626 1217 helluatione,
659 1160 712 1206 et
732 1148 966 1210 deliciis,
995 1156 1050 1201 et
1080 1146 1205 1200 luxu
1233 1163 1246 1202 :
1271 1145 1364 1200 sed
1395 1144 1672 1214 oportebat
1693 1143 1854 1198 etiam

275 1248 479 1301 frenare
507 1241 832 1296 iracundiam
853 1281 866 1304 ,
893 1247 948 1293 et
969 1238 1231 1308 imperare
1263 1235 1458 1291 illicitae
1480 1235 1859 1302 concupiscen-

275 1341 354 1392 tia:
377 1380 392 1401 ,
415 1345 470 1390 et
497 1333 778 1402 despicere
793 1346 928 1399 opes
949 1372 964 1396 ,
994 1338 1047 1384 et
1067 1313 1380 1384 clonculcare
1401 1327 1620 1397 gloriam
1642 1367 1658 1391 ,
1688 1334 1740 1378 et
1765 1339 1855 1378 su-

273 1433 529 1498 periorem
561 1440 678 1479 esse
711 1422 904 1476 invidia
934 1429 987 1474 et
1008 1421 1190 1472 livore.
1223 1419 1352 1484 Quae
1382 1416 1590 1486 qualem
1621 1415 1854 1469 laborem

274 1519 582 1588 requirunt,
624 1515 805 1570 sciunt
845 1513 909 1578 ii,
940 1511 1028 1580 qui
1065 1525 1186 1564 cum
1218 1509 1320 1564 illis
1360 1507 1602 1578 quotidie
1630 1514 1855 1560 certant.

269 1609 401 1678 Quid
428 1608 574 1662 enim
595 1649 610 1673 ,
639 1605 748 1673 dic,
780 1618 896 1663 oro.
926 1602 1165 1656 infestius
1201 1600 1376 1653 illicita
1404 1598 1857 1668 concupiscentia,

269 1717 384 1769 qua:
412 1698 578 1752 veluti
611 1694 828 1750 rabidus
867 1693 1013 1747 canis
1052 1693 1102 1744 in
1143 1705 1241 1744 nos
1285 1689 1537 1744 continuo
1565 1687 1760 1753 insilit,
1805 1697 1860 1742 et

268 1791 506 1862 quotidie
533 1803 633 1843 nos
659 1785 942 1850 obturbat,
969 1791 1128 1852 atque
1155 1781 1290 1836 adeo
1315 1795 1449 1849 opus
1477 1780 1634 1834 habet
1664 1793 1853 1848 perpe-

272 1893 363 1936 tuo
389 1880 626 1950 vigilanti
651 1877 869 1931 anima?
911 1873 1026 1929 Ja-m
1054 1871 1180 1942 quid
1208 1871 1443 1927 amarius
1473 1869 1590 1923 ira?
1616 1869 1744 1922 Nam
1771 1869 1858 1937 jus

277 1973 514 2026 cundum
539 1969 749 2039 quidem
773 1974 862 2020 est
885 1964 1065 2020 ulcisci
1094 1977 1214 2016 eum
1234 2001 1249 2024 ,
1279 1959 1367 2031 qui
1394 1975 1491 2013 nos
1518 1958 1709 2028 injuria
1734 1956 1862 2011 affe-

281 2064 390 2128 cit,
421 2072 476 2121 at
508 2061 608 2115 hoc
635 2074 740 2113 non
767 2056 980 2111 licebat.
1011 2053 1146 2121 Quid
1184 2051 1335 2117 dico,
1381 2065 1485 2104 non
1527 2051 1741 2104 licuisse
1784 2049 1862 2102 ul‘-

283 2151 454 2205 eisci?
498 2150 609 2203 imo
634 2146 905 2218 oportebat
933 2154 989 2200 et
1027 2141 1465 2199 contristantibus
1505 2138 1858 2204 benefacere,

276 2251 330 2297 et
356 2240 669 2296 scomtnatis
698 2252 796 2292 nos
824 2233 1209 2292 incessantibus
1229 2232 1544 2287 benedicere
1561 2271 1576 2294 ,
1607 2238 1662 2284 ct
1691 2245 1758 2284 ne
1783 2230 1866 2283 ul-

269 2335 379 2388 tum
407 2331 628 2403 quidem
662 2343 910 2399 umquam
933 2340 1171 2381 amarum
1193 2323 1410 2379 verbum
1441 2320 1702 2393 proferre.
1726 2321 1864 2388 Quin

269 2434 325 2480 et
351 2422 742 2478 continentiam
774 2433 880 2474 non
905 2419 957 2472 in
985 2417 1114 2472 solis
1135 2415 1383 2485 operibus
1403 2453 1418 2478 ,
1453 2413 1546 2468 sed
1578 2421 1632 2466 et
1659 2412 1862 2481 cogita-

272 2519 412 2572 tione
439 2515 564 2585 ipsa
595 2520 894 2568 monstrare
916 2516 1144 2579 oportet.
1173 2506 1286 2561 Non
1313 2505 1454 2561 enim
1484 2503 1653 2558 solum
1683 2501 1750 2557 ab
1780 2503 1863 2556 in-

195 2644 202 2648 «
268 2604 624 2664 continentia:
653 2618 850 2674 opere,
881 2601 974 2656 sed
1005 2609 1058 2655 et
1077 2615 1108 2653 a
1139 2599 1226 2654 tali
1251 2605 1464 2668 aspectu
1493 2593 1864 2650 abstinendum

268 2710 347 2756 est
370 2743 386 2766 ,
410 2714 596 2769 neque
621 2713 686 2752 cx
715 2697 946 2750 formoso
967 2693 1246 2748 mulierum
1271 2699 1487 2760 aspectu
1510 2689 1752 2760 voluptas
1777 2703 1868 2744 ac-

268 2791 526 2864 cipicnda
555 2808 570 2846 :
601 2805 723 2844 nam
749 2801 802 2843 et
844 2789 912 2842 ob
942 2785 1100 2841 talem
1143 2781 1644 2852 contemplationem
1686 2791 1866 2834 estrev-

269 2901 411 2939 tuum
444 2882 774 2951 supplicium
803 2879 1084 2949 irrogatur.
1110 2873 1241 2930 Cum
1272 2874 1427 2944 igitur
1448 2883 1500 2927 et
1522 2881 1725 2926 tantum
1754 2869 1868 2926 hei-'-

273 2977 379 3029 lum
410 2975 494 3028 ab
525 2973 623 3039 iis,
669 2984 786 3041 quae
815 2968 977 3034 foris,
1021 2976 1074 3022 ct
1114 2975 1292 3020 tantus
1336 2964 1494 3018 timor
1522 2963 1586 3016 ab
1615 2962 1710 3029 iis,
1751 2975 1870 3030 qua

271 3066 408 3120 intus
435 3082 454 3118 :
489 3076 709 3132 magnus
739 3073 948 3130 quoque
972 3065 1086 3112 erat
1108 3055 1258 3110 labor
1287 3055 1339 3109 in
1361 3050 1672 3110 exercendis
1703 3051 1872 3105 virtu-

273 3158 430 3212 tibus.
478 3154 700 3210 Accedit
717 3162 895 3207 autem
923 3161 975 3204 et
995 3159 1261 3220 quartum.
1285 3146 1414 3201 Nam
1439 3143 1696 3214 inexperti
1718 3151 1871 3198 erant

274 3247 595 3302 certaminis
623 3244 753 3298 tanti
776 3285 790 3308 ,
821 3241 960 3312 quod
986 3239 1297 3295 certandum
1323 3245 1437 3293 erat
1467 3255 1480 3292 :
1514 3250 1688 3306 neque
1728 3234 1871 3290 enim

275 3339 510 3408 apostoli
539 3352 668 3404 eos,
704 3337 794 3406 qui
833 3351 861 3388 a
892 3331 1319 3404 progenitoribus
1357 3330 1466 3383 suis
1499 3329 1749 3398 pietatem
1776 3341 1871 3382 ex-

281 3439 573 3502 ceperant,
621 3425 942 3481 erudiendos
981 3423 1153 3477 sortiti
1195 3430 1348 3486 sunt,
1397 3417 1491 3474 sed
1530 3417 1780 3473 educatos
1820 3417 1872 3470 in

280 3522 510 3576 mollitie
532 3532 585 3576 et
608 3519 847 3582 deliciis,
891 3526 945 3571 et
981 3514 1238 3570 ebrietate
1260 3555 1274 3580 ,
1317 3521 1372 3567 et
1413 3508 1778 3580 turpitudine,
1820 3517 1875 3562 et

279 3609 715 3678 intemperantia.
751 3606 929 3675 Neque
957 3603 1057 3659 hoc
1081 3603 1225 3673 parvi
1249 3601 1502 3655 momenti
1532 3607 1668 3666 erat,
1689 3608 1744 3653 ut
1767 3597 1871 3652 dif-

281 3701 480 3756 ﬁcilius
509 3700 824 3754 redderetur
845 3706 1114 3751 certamen
1135 3735 1150 3759 ,
1175 3692 1317 3763 quod
1338 3706 1455 3746 eam
1483 3690 1872 3760 philosophiam

280 3808 464 3861 neque
485 3789 760 3858 superiora
785 3797 1041 3856 tempora,
1069 3799 1241 3853 neque
1268 3791 1516 3853 parentes
1539 3781 1835 3836 docuerant
1858 3799 1871 3834 :

283 3883 383 3937 sed
431 3892 560 3934 tunc
597 3882 824 3949 primum
864 3877 931 3931 ad
976 3873 1274 3946 hujusmodi
1314 3873 1604 3929 certamina
1649 3872 1878 3927 instrue-'-

291 3972 517 4025 bantur.

375 4079 432 4137 3.
465 4080 592 4135 Cum
624 4078 774 4149 igitur
805 4089 947 4136 tanta
978 4088 1102 4134 tunc
1127 4087 1268 4134 esset
1293 4077 1528 4134 certandi
1562 4075 1876 4142 difficultas,

287 4175 521 4240 Paulus,
556 4185 609 4229 ut
635 4174 898 4229 solaretur
921 4173 1235 4227 certantium
1269 4172 1500 4225 laborem
1524 4212 1538 4235 ,
1565 4169 1790 4224 subinde
1812 4169 1879 4223 de

283 4267 686 4321 resurrectione
715 4281 1016 4320 sermonem
1048 4264 1292 4318 movebat
1322 4281 1334 4316 :
1369 4271 1421 4317 cl
1449 4278 1552 4316 non
1581 4259 1678 4314 hac
1705 4262 1877 4315 solum

282 4359 676 4412 adhortabatur
727 4357 956 4410 athletas
986 4397 1001 4420 ,
1061 4355 1153 4410 sed
1201 4363 1254 4407 et
1303 4369 1517 4407 suarum
1573 4353 1877 4421 passionum

281 4452 636 4506 enarratione
670 4469 684 4505 :
712 4464 881 4519 eaque
907 4451 973 4504 de
1001 4464 1157 4503 causa
1185 4457 1465 4516 antequam
1496 4447 1547 4498 in
1578 4459 1878 4499 sermonem

292 4541 363 4596 de
393 4541 788 4596 resurrectione
819 4539 1047 4602 incidat,
1077 4553 1198 4592 snas
1228 4538 1503 4606 passiones
1533 4537 1777 4606 exponit,
1805 4534 1882 4588 sic

280 4632 521 4686 dicens:
556 4629 621 4684 In
662 4629 889 4684 erunibus
934 4630 1225 4700 premimur,
1273 4639 1326 4680 at
1377 4644 1477 4681 non
1522 4628 1660 4680 anxii
1712 4627 1884 4679 reddi-

281 4740 404 4776 mur
431 4739 452 4776 :
482 4721 769 4777 laboramus
787 4764 806 4788 ,
833 4732 884 4774 at
927 4739 1025 4775 non
1055 4721 1369 4774 destituimur
1401 4735 1418 4772 :
1449 4722 1882 4788 persequutiouem

281 4815 552 4883 patimur,
585 4824 635 4866 at
669 4830 769 4866 non
808 4815 859 4866 in
900 4829 958 4867 ea
984 4813 1260 4866 deserimur
1287 4827 1307 4867 :
1338 4811 1632 4882 drjicimur,
1683 4820 1735 4862 at
1783 4827 1882 4864 non

284 4909 518 4975 perimus
543 4907 559 4937 ι
592 4905 650 4974 (2
674 4903 793 4960 Cor.
823 4907 874 4960 4.
901 4907 950 4960 8.
980 4904 1057 4977 9).
1099 4906 1300 4972 Quibus
1328 4903 1503 4958 verbis
1550 4904 1883 4972 quotidianas

283 5010 495 5053 mortes
525 4997 768 5069 designat
787 5039 803 5064 ,
833 5014 898 5053 eo
927 4997 1066 5068 quod
1102 4997 1254 5068 quasi
1288 4997 1504 5050 animati
1535 4996 1725 5049 mortui
1753 5010 1887 5066 quo-

285 5091 422 5144 tidie
446 5089 517 5145 ad
548 5100 777 5146 mortem
815 5090 1158 5145 tradebantur
1185 5107 1198 5143 :
1227 5103 1346 5142 cum
1374 5102 1502 5157 ergo
1536 5085 1648 5141 lucc
1684 5085 1887 5156 inflige-

286 5193 482 5234 rentur
505 5222 522 5245 ,
567 5181 691 5235 hinc
727 5195 1030 5235 sermonem
1067 5179 1209 5232 hunc
1242 5179 1308 5232 de
1339 5177 1729 5231 resurrectione
1774 5191 1888 5228 tuo-

287 5283 390 5326 vtt.
424 5272 687 5326 Credimus
717 5274 850 5325 enim
872 5314 886 5338 ,
920 5272 1030 5336 ait,
1058 5271 1193 5340 quod
1229 5271 1270 5324 is
1297 5271 1382 5339 qui
1411 5269 1669 5322 suscitavit
1703 5266 1882 5320 Donti~

293 5381 423 5417 num
451 5373 678 5418 nostrum
706 5363 885 5418 Jesum
910 5364 1162 5416 Christum
1183 5403 1198 5427 ,
1221 5372 1265 5416 et
1291 5377 1379 5414 nos
1412 5377 1500 5430 per
1521 5359 1695 5411 Jesunt
1723 5359 1886 5412 susci-

292 5453 426 5508 tabit
447 5495 464 5517 ,
485 5463 529 5507 et
559 5455 810 5509 vobiscum
833 5455 1096 5508 constituet
1127 5467 1145 5506 :
1173 5459 1438 5522 propterea
1467 5450 1611 5503 malis
1638 5466 1736 5502 non
1768 5463 1885 5502 suc-

283 5629 569 5751 “;Jsiolbq
601 5644 816 5696 premor,
849 5641 902 5682 et
933 5633 1004 5682 sic
1023 5632 1171 5682 totius
1192 5630 1455 5694 sequentia
1473 5627 1708 5692 pbraseos
1727 5625 1887 5677 iusin-

3419 270 3532 324 42‘!

1961 399 2238 453 cuntbimus
2262 439 2276 460 ,
2324 396 2592 449 maximam
2624 392 2672 446 in
2707 389 3054 445 certaminibus
3083 387 3203 456 ipsis
3233 385 3531 438 consolatio-

1962 503 2075 542 nem
2089 487 2350 552 habentes,
2365 502 2502 554 spem
2520 481 2887 554 futurorum(9.
2899 480 3022 536 Cor.
3037 482 3089 534 4.
3107 483 3189 534 14.
3214 480 3321 550 l6).
3340 481 3402 534 Et
3415 497 3521 535 non

1961 578 2096 633 dixit
2121 576 2187 631 ad
2225 580 2368 648 ipsos
2395 578 2618 646 Propter
2645 574 2788 644 quod
2821 587 2889 627 ne
2916 571 3282 628 succumbatis
3321 572 3479 626 malis
3507 589 3524 626 :

1956 673 2048 728 scd
2077 671 2202 743 quid
2238 671 2348 725 ait?
2383 668 2600 740 Propter
2638 668 2774 738 quod
2814 683 2916 721 non
2957 665 3327 722 succumbimus
3364 667 3532 721 malis.

1962 764 2202 818 Declarat
2222 777 2280 817 se
2299 775 2509 831 quoque
2531 761 2583 814 in
2610 758 2875 814 continuis
2894 756 3375 813 conﬂictationibus
3397 771 3532 811 esse.

1960 855 2247 910 Enimvero
2269 855 2320 908 in
2342 852 2629 925 Olympicis
2655 849 3029 906 certaminibus
3048 849 3247 903 athleta
3276 850 3410 903 intra
3433 859 3532 903 sta-

1959 945 2103 1000 dium
2134 952 2337 1010 certat,
2384 943 2642 1013 magister
2673 951 2850 996 autem
2898 941 3006 994 ludi
3051 939 3181 994 foris
3217 939 3503 996 considens
3527 979 3542 1004 ,

1959 1035 2296 1090 sermonibus
2339 1034 2492 1088 affert
2538 1033 2826 1098 auxilium,
2873 1040 3200 1102 eatenusque
3246 1039 3542 1086 certantem

1963 1125 2237 1180 dumtaxat
2261 1125 2443 1194 juvat,
2474 1133 2734 1194 quatenus
2767 1122 3237 1178 acclamationibus
3275 1127 3542 1179 sermoni-

1962 1219 2165 1288 busque
2192 1217 2330 1272 valet
2355 1235 2367 1270 :
2395 1232 2568 1287 neque
2588 1216 2727 1270 enim
2751 1215 2854 1269 ulla
2869 1215 2923 1270 ei
2944 1215 3058 1285 lege
3078 1215 3399 1285 permittitur
3418 1229 3543 1285 pro-

1963 1311 2080 1381 pius
2108 1311 2360 1364 assiStere
2381 1318 2432 1362 et
2453 1308 2694 1362 manibus
2720 1308 2865 1362 illum
2891 1306 3162 1377 adjuvare.
3189 1309 3256 1362 At
3279 1321 3432 1362 secus
3457 1323 3543 1362 res

1965 1403 2159 1457 habent
2203 1403 2252 1457 in
2294 1403 2502 1472 pietatis
2540 1400 2939 1456 certaminibus;
2990 1399 3132 1454 idem
3179 1400 3320 1456 enim
3369 1410 3451 1456 est
3494 1411 3548 1457 et

1965 1494 2161 1549 athleta
2202 1504 2254 1548 et
2300 1496 2552 1564 magister
2588 1493 2694 1548 ludi
2728 1511 2740 1546 :
2771 1501 2825 1547 et
2867 1492 3064 1547 idcirco
3093 1507 3198 1547 non
3239 1501 3387 1548 extra
3433 1502 3545 1548 sta-

1965 1584 2112 1640 dium
2148 1585 2299 1640 sedet
2329 1601 2342 1637 :
2373 1585 2466 1639 sed
2495 1584 2761 1654 ingressus
2787 1583 2852 1636 ad
2878 1584 3169 1638 certamina
3193 1584 3306 1654 ipsa
3330 1624 3344 1648 ,
3370 1584 3548 1639 firmat

1965 1676 2291 1746 compugiles
2315 1717 2330 1742 ,
2359 1675 2543 1730 dicens
2573 1693 2584 1729 :
2620 1674 2839 1743 Propter
2860 1675 2996 1747 quod
3021 1675 3168 1729 malis
3195 1690 3294 1728 non
3318 1691 3548 1729 succum-

1970 1768 2152 1823 bimus.
2189 1769 2253 1823 Et
2283 1784 2389 1823 non
2430 1767 2608 1834 dixit,
2655 1767 2880 1838 Pr0pter
2915 1768 3054 1838 quod
3095 1767 3250 1822 malis
3291 1783 3394 1822 non
3422 1781 3545 1822 suc-

1965 1859 2158 1914 cumbo
2178 1901 2191 1924 ,
2239 1859 2332 1913 sed
2353 1901 2370 1926 ,
2413 1859 2567 1912 Malis
2607 1875 2708 1911 non
2739 1857 3106 1912 succumbimus
3140 1857 3382 1934 laudibus
3408 1858 3551 1927 ipsos

1966 1951 2172 2018 erigere
2202 1950 2406 2004 volens.
2435 1950 2542 2004 Sed
2560 1953 2785 2019 quamvis
2810 1951 2960 2004 homo
2991 1961 3159 2004 noster
3185 1962 3418 2005 externus
3443 1968 3552 2005 cor-

1967 2050 2234 2109 rumpatur
2257 2082 2271 2104 ,
2315 2049 2479 2093 tamen
2518 2041 2746 2094 internus
2785 2049 3054 2094 renovatur
3094 2042 3145 2094 in
3187 2043 3298 2096 dies
3328 2042 3553 2112 singulos

1970 2130 2193 2200 ('Ibid.).
2248 2129 2379 2185 Vide
2431 2140 2628 2202 quanta
2692 2131 2761 2185 sit
2802 2131 3044 2200 Apostoli
3107 2131 3405 2201 prudentia.
3441 2134 3556 2187 Ad-

1969 2221 2172 2275 monuit
2208 2221 2436 2290 primum
2479 2208 2572 2276 eos
2598 2221 2666 2276 ab
2691 2220 3068 2276 afflictionibus
3097 2237 3227 2291 quas
3269 2222 3508 2278 ferebant
3537 2266 3552 2290 ,

1968 2310 2152 2367 dicens
2183 2328 2197 2364 :
2230 2309 2296 2366 In
2324 2311 2555 2366 omnibus
2581 2313 2891 2381 premimur,
2922 2322 2971 2365 at
2997 2329 3098 2366 non
3127 2313 3267 2365 anxii
3293 2313 3552 2368 reddimur

1970 2400 2077 2474 (ib.
2097 2418 2126 2456 υ
2146 2403 2242 2475 .8).
2262 2403 2551 2458 Admonuit
2569 2405 2691 2458 item
2714 2419 2743 2457 a
2769 2404 3160 2459 resurrectione
3186 2403 3332 2470 Jesu,
3351 2405 3555 2472 dicens,

1971 2491 2112 2548 Nam
2136 2495 2223 2564 qui
2244 2495 2499 2548 suscitavit
2522 2493 2697 2548 Iesum
2719 2537 2733 2561 ,
2757 2503 2803 2548 et
2834 2512 2925 2548 nos
2948 2495 3206 2549 suseitabit
3229 2493 3334 2566 (Ib.
3367 2513 3416 2552 v.
3441 2496 3555 2568 ιι).

2043 2584 2216 2639 Etiam
2253 2586 2306 2641 in
2332 2587 2427 2641 hac
2453 2588 2554 2640 vita
2579 2603 2767 2641 merces
2797 2586 3037 2641 bonorum
3064 2603 3271 2656 aperum
3297 2586 3558 2640 tribuitur.

1970 2706 2043 2718 —
2066 2675 2217 2732 Nunc
2257 2677 2413 2731 aliam
2447 2676 2731 2748 quamdam
2775 2677 3091 2732 adhortandi
3123 2679 3382 2734 rationem
3410 2677 3560 2732 indu-

1971 2769 2064 2825 cit.
2111 2767 2550 2840 Quandoquidem
2598 2770 2739 2824 enim
2792 2769 3035 2824 homines
3082 2768 3320 2839 plerique
3368 2769 3559 2839 pusillo

1973 2860 2152 2912 animo
2178 2869 2335 2926 sunt,
2366 2868 2420 2914 et
2445 2859 2671 2924 infirmi,
2705 2875 2770 2914 ac
2809 2859 3028 2927 miseri,
3060 2875 3122 2914 ac
3167 2859 3550 2916 licet'resurrc-

1972 2951 2206 3007 etionem
2237 2951 2376 3006 docti
2411 2951 2734 3022 negligentes
2761 2960 2907 3018 sunt,
2930 2960 2984 3006 et
3008 2951 3076 3006 ob
3108 2952 3365 3021 temporis
3389 2951 3556 3023 longi-

1977 3043 2212 3099 tudincnt
2239 3043 2488 3099 vacillant
2522 3058 2585 3098 ac
2628 3043 2909 3098 recidunt:
2939 3042 3059 3097 ideo
3087 3041 3246 3097 aliam
3285 3043 3390 3097 illis
3431 3053 3556 3100 ante

1975 3135 2416 3191 resurrectionem
2437 3135 2710 3189 constituit
2731 3132 3032 3189 mercedem
3052 3148 3114 3188 ac
3137 3135 3560 3191 retributionem.

1977 3227 2045 3284 Et
2069 3243 2313 3298 qumnam
2339 3228 2457 3282 illa?
2480 3226 2704 3282 Tametsi
2724 3237 2956 3283 externus
2978 3228 3126 3281 [tanta
3147 3236 3313 3282 noster
3333 3243 3562 3282 corrum-

1980 3321 2147 3390 pitur,
2176 3321 2400 3374 iuternus
2427 3329 2588 3373 tamen
2615 3320 2882 3374 innovatur
2909 3320 2961 3373 iit
2983 3319 3089 3374 dies
3109 3320 3339 3391 singulos
3374 3319 3478 3392 (Ib.
3508 3339 3558 3376 ν.

1981 3403 2091 3475 16).
2123 3404 2410 3458 Externum
2439 3403 2705 3458 hominem
2735 3418 2927 3473 corpus
2947 3445 2963 3469 ,
2997 3404 3261 3458 internum
3285 3445 3299 3470 ,
3328 3405 3558 3458 animum

1979 3504 2154 3551 vocat.
2199 3495 2348 3563 Quod
2385 3504 2562 3549 autem
2603 3495 2746 3549 dicit
2771 3493 3077 3562 hujusmodi
3114 3502 3196 3549 est
3229 3511 3242 3547 :
3279 3503 3564 3564 antequam

1979 3599 2358 3656 resurgamus,
2405 3595 2460 3640 et
2504 3593 2786 3654 antequam
2837 3583 3077 3639 fruamur
3125 3585 3290 3655 gloria
3345 3585 3558 3648 futura,

1981 3677 2140 3730 etiam
2187 3692 2293 3731 non
2338 3691 2498 3746 parva
2543 3675 2628 3730 hic
2670 3676 2910 3730 laborum
2960 3674 3319 3730 remuneratio
3361 3675 3556 3741 datur,

1979 3781 2101 3823 cum
2133 3767 2272 3822 inter
2299 3766 2572 3836 angustias
2614 3765 2754 3835 ipsas
2793 3765 2969 3818 anima
3013 3774 3192 3819 nostra
3234 3763 3446 3833 junior,
3477 3779 3566 3820 sa-

1983 3860 2211 3930 pientiOr
2237 3867 2291 3914 et
2311 3859 2478 3928 magis
2509 3859 2590 3927 pia
2623 3857 2832 3923 evadit,
2863 3855 3066 3928 majore
3096 3855 3260 3926 pollet
3289 3856 3563 3926 patientia,

1983 3962 2039 4008 et
2079 3953 2266 4007 fortior
2304 3963 2462 4020 atque
2505 3951 2838 4006 constantior
2865 3950 3120 4020 persistit.
3149 3949 3278 4004 Nam
3317 3949 3454 4004 sicut
3489 3950 3564 4014 ii,

1983 4045 2070 4116 qui
2100 4046 2152 4099 in
2181 4045 2444 4114 corporali
2472 4043 2764 4098 certamine
2790 4051 3054 4113 pugnant;
3079 4050 3204 4097 ante
3229 4057 3480 4096 coronam
3512 4051 3568 4096 et

1986 4137 2221 4191 bravium
2269 4137 2320 4188 in
2371 4135 2755 4190 exercitatione
2800 4143 2851 4187 et
2891 4133 3135 4203 palazstra
3181 4133 3290 4202 ipsa
3322 4148 3567 4203 magnam

1987 4229 2256 4299 accipiunt
2286 4227 2625 4292 mercedem,
2667 4243 2732 4280 co
2761 4225 3165 4295 qnod‘corpora
3207 4239 3298 4278 sua
3334 4223 3566 4278 firmiora

1985 4333 2040 4377 et
2092 4321 2351 4376 validiora
2402 4317 2748 4373 exercitando
2805 4317 3045 4381 faciunt,
3096 4325 3152 4370 ct
3206 4316 3565 4371 infirmitatem

1988 4428 2201 4469 omnem
2247 4411 2506 4481 effugiunt
2541 4429 2553 4464 :
2587 4411 2654 4464 ita
2683 4420 2734 4464 et
2777 4424 2875 4462 nos
2901 4408 3116 4464 virtutis
3153 4418 3423 4462 certamen
3457 4423 3572 4462 cer-

1990 4509 2162 4558 tantes
2188 4545 2200 4569 ,
2250 4503 2557 4573 priusquam
2600 4501 2868 4570 aperiatur
2891 4500 3077 4554 caelum
3101 4542 3116 4566 ,
3147 4501 3453 4570 priusquam
3487 4496 3572 4553 Fi-

1989 4593 2090 4647 lius
2119 4593 2209 4647 Dei
2237 4592 2390 4655 adsit,
2428 4591 2732 4660 priusquam
2763 4589 3140 4644 retributiones
3177 4589 3328 4642 nobis
3355 4587 3571 4651 dentur,

1991 4700 2233 4754 magnam
2267 4683 2566 4738 mercedem
2611 4683 2937 4751 accipimus,
2987 4698 3052 4735 co
3093 4681 3234 4750 quod
3270 4682 3444 4736 anima
3491 4697 3577 4736 sa-

1992 4777 2205 4845 pientia:
2238 4775 2639 4828 flat‘amantior.
2673 4773 2878 4827 Etenim
2917 4772 3004 4842 qui
3037 4787 3183 4827 mare
3223 4773 3531 4841 navigarunt
3559 4814 3572 4838 ,

1990 4880 2044 4924 et
2064 4869 2370 4922 innumeras
2399 4884 2470 4936 pr.
2495 4867 2657 4921 cellas
2689 4867 2953 4928 tulerunt,
2979 4873 3031 4920 et
3058 4866 3251 4920 multas
3283 4875 3572 4937 tempesta-
3609 4878 3620 4884 ‘

1994 4968 2073 5015 tes
2104 4959 2340 5029 perpessi
2384 4967 2543 5025 sunt,
2585 4970 2786 5012 etcum
2830 4957 3008 5011 multis
3036 4957 3219 5011 bestiis
3259 4967 3530 5012 certarunt
3559 5001 3572 5020 ,

1992 5061 2114 5105 ante
2126 5065 2354 5105 mercem
2377 5051 2541 5119 ipsam
2561 5067 2663 5103 non
2688 5066 2904 5119 parvum
2922 5067 2951 5103 c
2973 5065 3131 5118 parva
3151 5051 3576 5120 peregrinatione

1995 5145 2090 5198 ista
2146 5153 2418 5214 reportant
2471 5144 2710 5208 lucrum,
2757 5141 2934 5197 confid
2971 5159 3028 5196 re
3070 5144 3278 5198 scilicet
3335 5153 3387 5198 ct
3431 5160 3576 5197 mare

1995 5243 2255 5299 temnere,
2285 5250 2347 5288 ac
2371 5233 2650 5304 intrepide,
2687 5235 2792 5286 into
2817 5247 2936 5286 cum
2967 5233 3237 5302 voluptate
3266 5235 3577 5288 transmari-

1995 5343 2091 5382 nas
2128 5328 2248 5382 illas
2276 5343 2433 5397 agere
2474 5325 2971 5397 peregrinationes:
3007 5327 3074 5378 ita
3118 5336 3169 5379 et
3214 5326 3300 5393 qui
3345 5315 3393 5376 in
3436 5339 3573 5392 pm:-

1994 5419 2130 5475 senti
2170 5420 2274 5473 vita
2304 5429 2518 5487 promer
2545 5417 2815 5472 Christum
2859 5415 3050 5469 multas
3093 5416 3190 5468 fert
3219 5414 3529 5467 afflictionos
3556 5455 3570 5478 ,

1995 5513 2265 5581 multaque
2291 5511 2466 5579 gravia
2497 5510 2711 5579 patitur,
2742 5502 2903 5562 etiam
2931 5516 3053 5561 ante
3084 5520 3298 5576 regnum
3322 5504 3572 5558 crcloruut

1995 5618 2238 5674 magnam
2268 5601 2410 5656 illam
2441 5600 2847 5654 retributionem
2869 5597 3167 5666 assequitur
3197 5613 3209 5648 :
3237 5593 3361 5647 dum
3387 5609 3574 5663 magna

2001 5697 2088 5755 hic
2116 5698 2313 5769 potitur
2342 5694 2554 5764 fiducia,
2586 5693 2927 5762 animamque
2947 5705 3092 5746 suam
3121 5689 3188 5742 ita
3211 5687 3477 5742 excelsam
3508 5685 3573 5742 ei-
