2019 3102
237 122 291 149 435

235 177 290 206 ficit
301 196 310 210 ,
325 181 352 205 ut
365 176 476 212 posthac
495 177 583 212 gravia
597 177 686 210 omnia
699 177 773 212 quasi
792 186 807 205 e
821 176 927 213 sublimi
947 177 1019 205 deri-

235 223 306 256 deat.
934 256 937 258 .

270 267 350 302 Rutili
362 275 454 301 mam
464 272 522 301 ante
533 268 745 304 ναιέηαφιὶοηιηι-
756 283 793 288 -
804 268 840 299 Ut
850 273 938 303 aliis!!!
948 268 1021 304 αυοά

233 313 458 350 ςιίςξκηυιοιιᾱιψφ
479 313 645 350 manifestius
669 318 781 349 ρειιφέιι.
810 315 1020 351 escmnlo‘illud.

235 359 371 394 declarare
383 359 515 395 volutum.-
532 359 629 395 Paulus
642 360 695 394 ille.
711 361 853 395 exanimus
873 361 1021 397 innumeris

235 404 321 440 malis,
336 411 425 441 nonne
439 404 555 441 insignes
568 404 756 441 retributiones
768 406 870 442 accepit
884 414 944 441 cum
957 407 1020 443 irri-

233 449 309 486 deret
333 453 467 485 tyrannos,
489 456 550 485 cum
577 449 732 486 furibundas
753 450 863 487 populos
888 451 1019 487 incitaret,

233 504 294 532 cum
316 503 410 531 omnes
432 503 525 539 ptenas
547 500 740 533 eontetnneret,
767 498 968 534 impavidusque
993 504 1020 531 et

233 541 409 579 itpperculsus
424 545 545 569 maneret
563 546 656 575 contra
678 542 787 579 bestias,
802 549 894 577 contra
907 545 1017 578 ferrum,

200 592 204 596 ‘
233 588 259 615 in
272 587 350 626 mari,
362 587 388 622 in
403 587 564 623 przecipitiis,
576 587 602 614 in
614 588 797 622 seditionibus,
811 589 837 623 in
848 589 959 622 insidiis,
973 590 1019 617 de-

233 632 313 670 n‘igqe
327 632 355 670 in
368 632 445 670 malis
460 631 603 666 omnibus?
618 632 686 669 Quid
701 633 762 667 huic
774 633 890 667 conferri
915 635 1020 670 potest?

233 678 377 717 Enimvero
400 678 533 715 hominem
546 682 607 715 'non
628 680 809 714 exercitatum,
825 685 852 708 et
872 681 937 708 nihil
957 681 1020 710 mali

233 729 371 763 espertum
385 725 427 752 vel
439 725 508 763 levia
526 733 637 761 quaeque
653 726 758 759 turbare
778 727 883 754 solent:
897 724 1017 755 imo‘non

233 769 319 808 solum
334 777 377 799 res
395 770 470 807 ipsae,
485 770 532 807 sed
545 774 572 798 et
586 770 658 805 leves
676 772 897 807 exspectationes,
915 777 942 800 et
954 773 1017 808 quid

232 814 292 851 dico
306 814 378 852 leves
391 816 619 853 “spectationes?
633 817 712 851 etiam
724 824 812 848 rerum
828 818 926 854 umbrre
942 820 1017 853 pavi-

232 859 296 898 dum
310 860 424 898 reddunt
436 865 464 889 et
474 865 634 896 perterrent.
650 861 749 900 Yerum
761 863 806 899 qui
818 856 979 899 erercitatus
991 864 1017 891 in

230 909 366 943 certamen
382 906 536 945 ingreditur,
559 914 591 942 ac
613 907 695 944 multa
716 912 778 935 ante
791 908 861 946 mala
876 916 1017 944 perpessus

233 956 284 991 est,
299 952 322 990 is
336 952 459 987 omnibus
471 956 564 989 postea
578 953 699 990 superior
712 953 792 989 tit,et,
808 959 943 989 tamquam
955 962 1018 992 gra-

232 998 305 1036 culos
316 998 485 1032 crocitantes,
507 1005 554 1026 eos
566 999 611 1033 qui
625 999 768 1033 minantur,
787 1000 943 1034 contemnit.
959 1000 1017 1028 Non

230 1050 311 1084 parva
329 1047 420 1071 autem
434 1047 475 1072 est
489 1043 548 1070 haec
562 1051 671 1077 corona,
692 1052 779 1079 neque
791 1045 887 1080 exigua
902 1053 1014 1079 merces,

229 1088 300 1126 quod
314 1088 388 1126 illum
400 1088 467 1119 nihil
484 1088 659 1125 humanarum
680 1098 768 1123 rerum
790 1098 897 1120 movere
911 1092 993 1126 possit
1008 1101 1015 1119 :

230 1124 292 1161 nam
305 1124 364 1171 quae
378 1132 436 1160 aliis
457 1133 570 1162 multum
594 1134 757 1162 formidanda
773 1124 953 1168 videnturpab
967 1137 1017 1165 hoc

229 1177 304 1215 facile
320 1182 526 1209 contemnuntur
539 1187 546 1205 :
562 1183 589 1206 et
603 1184 712 1216 propter
725 1188 783 1215 qua:
803 1181 847 1208 alii
860 1186 975 1210 trennmt
989 1187 1017 1210 et

228 1227 301 1260 metu
321 1222 520 1258 obstupescunt,
541 1231 572 1251 ea
591 1225 701 1254 multum
722 1225 790 1252 ridet
808 1226 874 1262 ipse,
896 1227 956 1262 quia
970 1235 1016 1261 per

228 1267 402 1303 excellentem
421 1269 573 1303 patientiam
593 1270 772 1305 angelicorum
785 1272 911 1299 virtutum
927 1272 1015 1307 philo-

227 1313 349 1351 sophiam
362 1320 404 1341 est
422 1314 544 1353 adeptus.
567 1315 595 1353 Si
615 1316 685 1344 enim
705 1324 801 1353 corpus
822 1322 894 1345 recte
908 1318 1014 1347 beatum

227 1357 350 1392 dicimus,
374 1360 443 1394 quod
458 1365 546 1394 potest
563 1361 663 1396 absque
683 1362 782 1390 offensa
798 1363 867 1391 ferre
881 1363 973 1399 frigus,
987 1368 1015 1392 et

226 1403 353 1441 calorem,
370 1409 397 1438 et
411 1405 517 1438 fantem,
538 1411 564 1433 et
587 1406 713 1441 inopiam,
729 1412 755 1434 et
770 1408 818 1436 vite
832 1408 1010 1442 difficultates,

226 1455 411 1486 aerumnasque
436 1450 502 1477 alias
525 1457 532 1477 :
554 1456 653 1486 quanto
676 1452 760 1487 magis
784 1452 888 1485 beatam
915 1461 1012 1482 vocare

225 1497 332 1528 oportet
357 1494 472 1522 animam
499 1503 558 1530 qua:
590 1496 701 1525 viriliter
726 1505 758 1524 ac
785 1497 888 1525 fortiter
918 1506 1013 1528 omnes

226 1531 342 1569 omnium
362 1538 544 1567 molestiarum
568 1538 636 1568 ferre
655 1541 787 1575 incursus,
813 1548 840 1570 et
860 1551 906 1578 per
925 1544 1013 1573 omnia

225 1591 335 1622 servare
355 1592 402 1612 cor
420 1593 496 1614 suum
518 1586 583 1613 nulli
597 1587 717 1624 servituti
740 1588 884 1619 obnoxium
906 1590 1012 1624 potest?

226 1617 306 1669 [blade
329 1628 372 1666 hic
392 1631 475 1665 magis
498 1639 544 1662 rex
563 1637 614 1665 est,
637 1617 716 1667 qu’atn
736 1633 786 1669 ipsi
806 1617 890 1671 reges.
907 1617 1011 1671 'Regem

224 1674 295 1707 enim
309 1674 448 1708 satellites,
463 1675 569 1707 milites,
594 1677 671 1704 amici
691 1682 718 1706 et
733 1678 831 1706 inimici
854 1687 925 1707 nunc
947 1680 1012 1717 insi-

224 1720 333 1753 diando,
347 1728 417 1757 nunc
429 1725 522 1756 aperte
534 1722 586 1750 vim
599 1722 719 1760 faciendo
732 1724 867 1762 offendere
879 1733 989 1761 possunt
1001 1737 1009 1755 :

224 1765 287 1805 huic
307 1770 407 1807 autem,
430 1767 473 1796 cui
493 1767 597 1805 animus
617 1769 722 1803 qualem
743 1777 814 1797 nunc
836 1770 901 1807 disi,
924 1779 1010 1807 neun

223 1818 280 1850 rex,
297 1819 383 1848 neque
397 1812 519 1847 stipator,
535 1821 620 1848 neque
635 1814 782 1849 familiaris,
797 1823 883 1852 neque
897 1817 1007 1852 amicus,

223 1864 311 1896 neque
330 1857 464 1896 inimicus.
478 1866 562 1896 neque
575 1859 695 1891 diabolus
713 1861 770 1896 ipse
783 1862 869 1898 aliqua
890 1871 922 1891 ex
934 1869 1009 1898 parte

221 1903 319 1944 poterit
332 1911 438 1942 nocere.
453 1904 504 1943 Qui
523 1905 594 1934 enim
607 1911 706 1940 posset,
722 1915 782 1937 cum
799 1908 821 1935 is
835 1909 906 1936 omni
920 1910 1009 1937 studio

222 1948 249 1989 in
265 1948 316 1978 hoc
330 1949 474 1983 incumbat,
491 1958 524 1978 ne
537 1951 607 1989 inter
617 1952 686 1981 mala
700 1957 844 1987 cmnputet,
858 1961 917 1991 qua:
930 1954 1008 1991 vulgo

221 1994 290 2034 mala
304 1994 397 2026 haberi
410 1996 514 2034 solent?

256 2039 283 2076 4,
305 2039 376 2068 Talis
390 2045 448 2068 erat
462 2041 554 2070 beatus
569 2041 676 2077 Paulus,
689 2048 768 2078 atque
780 2050 920 2080 propterea
933 2046 1006 2074 dice-

220 2083 265 2120 bat
281 2093 286 2111 :
300 2084 364 2117 Qui:
384 2094 429 2112 nos
447 2087 571 2122 separabit
583 2096 599 2114 ιι
618 2089 721 2115 caritate
740 2088 851 2119 Christi?
869 2092 1005 2125 tribulatio,

220 2129 259 2157 vel
273 2124 400 2164 angustia,
414 2131 451 2157 vel
462 2132 630 2166 persequutio.
645 2134 685 2159 uel
695 2135 783 2168 fames,
796 2134 835 2161 vel
847 2135 957 2168 auditas,
969 2136 1007 2163 vel

219 2174 329 2213 gladius,
349 2175 386 2201 uel
400 2176 559 2209 periculum?
572 2176 643 2204 Sicut
655 2178 776 2213 scriptth
797 2184 833 2207 est
844 2187 853 2206 :
866 2180 931 2214 Quia
943 2189 1005 2216 pro-

219 2224 274 2253 pter
292 2224 316 2245 ιε
336 2224 415 2246 morte
434 2220 581 2255 conﬁcimur
602 2227 654 2248 tota
676 2223 726 2255 die,
750 2225 859 2258 reputati
876 2233 961 2253 sumus
979 2231 1005 2254 ut

219 2273 274 2291 oves
288 2266 446 2293 mactationis
456 2274 464 2292 :
476 2267 520 2295 sed
545 2268 571 2294 in
585 2268 637 2295 illis
649 2269 762 2296 omnibus
775 2272 871 2306 egregie
884 2272 1004 2300 vincimus

217 2315 320 2345 propter
330 2319 395 2343 eum,
408 2311 451 2347 qui
464 2321 509 2340 nos
524 2313 610 2340 dilexit
625 2313 711 2350 (Rom.
725 2315 753 2343 8.
768 2316 813 2343 35.
825 2316 917 2350 56.57;
930 2317 1002 2346 Psal.

216 2355 319 2391 43,22).
331 2356 401 2384 Istud
410 2357 489 2385 etiam
499 2358 549 2385 hoc
559 2359 617 2386 loco
626 2359 762 2387 insinuans
771 2361 875 2390 dicebat
884 2363 1004 2391 :Tametsi

215 2405 331 2437 externus
346 2402 420 2429 homo
434 2409 517 2431 ηοειει·
535 2406 714 2440 corrumpitur,
738 2408 850 2435 internus
866 2414 949 2436 tamen
965 2418 1003 2437 re-

215 2451 320 2473 novatur
334 2447 359 2474 in
374 2448 426 2475 dies
445 2448 557 2484 singulos
576 2449 615 2485 (2.
633 2450 690 2478 Cor.
705 2452 732 2479 4.
747 2452 803 2487 16).
818 2452 952 2481 lnlirmum
975 2455 1003 2483 fit

215 2499 321 2525 corpus,
335 2492 381 2523 ait,
396 2493 443 2521 sed
457 2495 568 2522 validior
582 2500 608 2524 et
623 2498 753 2530 potentior
767 2499 882 2532 animus,
897 2500 960 2535 quin
976 2505 1003 2529 et

216 2536 300 2562 multo
314 2537 426 2564 alacrior
441 2543 467 2566 et
486 2540 589 2575 agilior.
609 2542 642 2568 Et
660 2543 729 2569 sicut
747 2544 835 2577 miles,
856 2545 878 2572 si
893 2546 1002 2579 gesrurit

214 2588 287 2607 arma
298 2588 358 2609 sese
370 2584 516 2617 gravantia,
530 2585 592 2613 licet
603 2586 745 2614 admodum
758 2594 882 2617 strenuus
892 2591 924 2617 sit
935 2595 961 2618 et
974 2592 1001 2619 in

215 2627 305 2654 militia
333 2628 506 2662 exercitatus,
534 2638 587 2657 non
616 2636 656 2659 est
680 2634 776 2662 terrori
798 2634 927 2667 hostibus,
955 2636 1000 2671 qui

216 2674 299 2701 sciunt
312 2678 455 2712 armaturre
468 2676 622 2710 gravitatem
637 2679 733 2713 pedum
745 2681 878 2708 velocitati
899 2686 926 2710 et
939 2682 998 2710 bel-

215 2719 282 2746 .andi
295 2719 352 2747 usui
372 2719 486 2748 obesse:
500 2722 542 2751 sin
564 2722 631 2751 levia
655 2726 787 2760 acceperit
799 2731 825 2754 et
840 2728 997 2764 tractabilia,

215 2766 278 2803 sicut
289 2766 346 2794 avis
359 2767 444 2802 aliqua
460 2767 567 2802 obvium
583 2776 612 2796 se
626 2770 692 2797 feret
706 2770 836 2800 hostibus.
854 2773 897 2801 Sic
912 2778 938 2801 ct
952 2774 997 2808 qui

213 2817 316 2840 samem
336 2820 413 2845 suam
425 2821 478 2844 non
490 2814 619 2844 ebrietate
634 2824 721 2856 nequc
736 2818 897 2857 indulgentia
911 2829 997 2856 neque

584 121 612 150 S.
631 121 768 155 JOANNIS
785 121 1020 156 CHRYSQSTOMI
1038 121 1196 158 ARCﬂlEP.
1215 122 1481 153 CONSTANTINUP.

1803 126 1856 158 ω.

1076 177 1178 205 deliciis
1193 178 1355 211 incrassarit,
1379 179 1424 207 sed
1435 180 1552 214 jejuniis,
1577 185 1603 208 ct
1624 181 1746 215 precibus
1760 183 1862 212 diutur-

1075 231 1161 258 naquc
1174 224 1346 252 alﬂictionum
1363 225 1500 255 tolerantia
1515 226 1640 253 leviorem
1664 232 1691 255 ct
1714 231 1859 259 tenuiorem

1075 268 1192 296 effecerit
1207 278 1213 294 :
1241 269 1309 296 sicut
1322 270 1433 297 volucris
1446 271 1533 305 aliqua
1548 278 1662 305 superne
1675 273 1811 307 devolans,
1826 283 1860 305 ll.‘]

1074 314 1161 345 valido
1183 315 1282 352 impetu
1296 316 1322 342 in
1336 317 1478 355 phalanges
1495 318 1644 344 daemonum
1668 319 1754 352 irruit,
1772 326 1798 348 ct
1813 323 1860 350 ad-

1074 361 1204 388 versarius
1227 362 1335 389 virtutes
1358 362 1433 390 facile
1454 364 1552 391 invadit
1573 365 1676 400 sibique
1695 367 1810 402 Suhjieit.
1834 370 1861 399 ιιι

1074 415 1144 434 nunc
1158 407 1265 434 modum
1287 413 1314 436 et
1335 409 1431 436 Paulus
1445 411 1534 437 multis
1554 411 1667 440 affectus
1686 413 1778 448 plagis,
1796 422 1821 443 et
1835 417 1860 446 in

1074 453 1176 481 vincula
1198 454 1343 488 coniectus,
1378 460 1405 482 et
1431 456 1523 490 ligneis
1549 458 1653 484 vinctus
1677 461 1860 496 compedibus,

1073 507 1169 534 corpus
1182 502 1287 536 quidem
1309 502 1400 531 habuit
1419 504 1494 530 valde
1514 504 1656 536 inﬁrmum.
1674 506 1860 544 laboribusque

1072 552 1260 579 cmaceratmn,
1273 548 1386 574 animam
1401 556 1463 576 vero
1478 549 1571 577 fortem
1586 554 1611 576 et
1622 551 1746 578 invictam
1762 562 1767 578 ε
1782 560 1861 589 atque

1072 590 1138 616 adeo
1154 591 1229 619 fortis
1243 597 1299 619 erat
1310 593 1424 626 vinctus,
1438 599 1465 621 ut
1478 594 1511 621 ad
1526 595 1608 621 solam
1622 595 1679 630 ejus
1693 604 1784 625 vocem
1801 601 1860 626 fun—

1073 637 1194 664 damenta
1208 639 1322 665 carceris
1336 644 1576 672 commoverentur,
1602 646 1628 668 et
1643 642 1757 670 solutum
1771 652 1859 673 carce~

1072 682 1108 708 ris
1122 683 1257 710 custodem
1271 685 1386 711 vinctum
1402 685 1434 712 ad
1446 686 1527 720 pedes
1549 694 1611 713 suos
1629 688 1781 722 adduceret,
1799 699 1859 726 ape-

1072 727 1238 763 rirenturque
1251 729 1339 763 janua:
1353 730 1459 757 clausm.
1474 731 1562 766 Itaque
1576 731 1646 758 haud
1662 741 1769 767 parvam
1784 737 1859 764 nobis

1071 775 1278 802 consolationem
1295 776 1390 804 Paulus
1414 776 1544 809 exhibuit,
1566 785 1677 812 eamque
1696 780 1775 807 etiam
1798 787 1858 809 ante

1071 820 1303 852 resurrectionem,
1321 829 1415 855 nempe
1434 822 1504 856 quod
1527 823 1715 852 tentationibus
1736 826 1857 853 meliores

1071 868 1097 890 et
1123 865 1298 898 sapientiores
1325 866 1468 893 reddamur
1488 876 1495 893 :
1519 867 1618 894 idcirco
1643 867 1731 896 dicit:
1753 870 1857 904 Aﬂlictio

1071 910 1215 942 patientiam
1228 915 1356 945 operatur,
1372 912 1492 946 patientia
1507 912 1687 946 probationem,
1705 918 1727 940 et
1746 915 1857 949 probatio

1070 962 1149 989 spem,
1161 964 1216 989 spes
1229 964 1285 982 vero
1298 965 1347 982 non
1364 957 1496 991 confundit
1521 957 1608 991 (Rom.
1624 958 1651 985 5.
1666 959 1692 986 4.
1708 959 1746 994 5).
1769 960 1800 987 Et
1812 961 1857 988 ite-

1070 1008 1127 1027 rum
1152 1001 1219 1028 alius
1247 1002 1352 1036 quidam
1365 1002 1450 1029 dicit:
1471 1002 1513 1029 Vir
1535 1004 1576 1037 qui
1601 1012 1649 1030 non
1672 1010 1790 1038 tentatur,
1808 1015 1856 1035 non

1070 1050 1104 1072 est
1120 1047 1239 1079 probatus
1253 1055 1262 1072 :
1277 1052 1299 1073 et
1312 1047 1354 1082 qui
1366 1056 1416 1074 non
1439 1052 1474 1074 est
1485 1048 1612 1082 probatus,
1627 1050 1722 1077 nullius
1737 1052 1807 1085 pensi
1823 1060 1855 1078 est

1072 1090 1163 1125 (Ereti.
1187 1091 1231 1118 54.
1253 1091 1306 1126 ll).
1332 1092 1365 1119 Et
1383 1093 1418 1119 ita
1439 1100 1491 1119 non
1510 1101 1600 1127 parum
1622 1095 1697 1121 nobis
1717 1096 1855 1125 conferunt

1069 1135 1226 1164 al‘llictiones
1239 1142 1301 1164 ante
1314 1139 1547 1171 resurrectionem,
1562 1148 1620 1166 cum
1632 1140 1716 1167 anima
1732 1141 1853 1169 reddatur

1069 1182 1204 1214 probatior
1217 1183 1353 1217 patientia,
1368 1188 1394 1211 et
1416 1184 1588 1219 intelligentia
1599 1187 1763 1222 prrestanlior
1782 1192 1807 1214 ct
1822 1189 1854 1215 ab

1068 1227 1139 1253 omni
1161 1228 1243 1255 libera
1268 1228 1419 1256 formidine.
1445 1230 1479 1257 Et
1507 1230 1604 1258 idcirco
1628 1231 1689 1259 dicit
1706 1232 1810 1258 :Etiant
1833 1235 1854 1262 si

1068 1277 1184 1299 externus
1198 1279 1281 1300 noster
1294 1274 1369 1301 homo
1389 1281 1573 1310 corrumpatur,
1591 1277 1703 1304 internus
1718 1282 1800 1304 tamen
1814 1288 1853 1305 re-

1068 1323 1174 1344 novatur
1195 1319 1221 1345 in
1244 1319 1296 1346 dies
1316 1320 1428 1354 singulos
1451 1321 1487 1355 (2.
1511 1321 1571 1348 Cor.
1592 1322 1619 1350 4.
1636 1321 1690 1357 16).
1719 1323 1854 1356 Quomodo

1066 1370 1167 1397 quaeso,
1181 1366 1343 1392 renovatur?
1356 1365 1491 1402 Effugatur
1500 1367 1571 1394 enim
1585 1368 1670 1393 omnis
1683 1367 1853 1402 elfeminaiio,

1067 1409 1271 1444 exstinguuntur
1291 1411 1512 1445 concupiscentia:
1537 1412 1668 1445 absurdat,
1691 1417 1717 1439 et
1734 1414 1852 1445 avaritia,

1066 1457 1092 1480 et
1117 1453 1201 1481 inanis
1217 1455 1310 1489 gloria,
1336 1460 1362 1482 et
1383 1456 1410 1482 in
1432 1463 1534 1483 summa
1554 1456 1741 1484 interimuntur
1760 1466 1852 1486 onines

1066 1499 1124 1526 alia:
1144 1500 1220 1526 mala:
1236 1508 1420 1535 perversazque
1441 1502 1625 1536 cogitationes.
1640 1502 1674 1530 Ut
1687 1511 1749 1537 ergo
1764 1504 1851 1534 anima

1065 1545 1176 1580 ignavia:
1189 1547 1370 1582 socordimque
1386 1547 1472 1575 dedita
1483 1548 1560 1575 facile
1571 1548 1719 1583 hujusmodi
1731 1549 1851 1577 affectio-

1064 1591 1142 1618 nibus
1155 1596 1196 1618 εει
1210 1592 1323 1619 obnoxia
1337 1601 1344 1618 :
1360 1592 1395 1619 ita
1410 1593 1431 1619 si
1447 1593 1580 1621 continuis
1595 1598 1636 1620 est
1657 1594 1782 1627 implicita
1805 1602 1852 1629 pro

1064 1638 1161 1672 pietate
1180 1638 1376 1671 certaminibus,
1403 1646 1455 1665 non
1472 1644 1571 1666 tantum
1595 1639 1675 1666 habet
1694 1640 1750 1672 otii,
1775 1645 1803 1666 ut
1818 1641 1852 1668 de

1064 1682 1105 1710 his
1121 1683 1162 1710 vel
1186 1683 1284 1718 cogitet
1308 1683 1461 1718 aliquando,
1490 1684 1560 1711 curis
1574 1684 1696 1711 videlicet
1719 1685 1803 1719 ipsam
1819 1686 1853 1713 ab

1063 1727 1104 1755 his
1124 1728 1247 1757 omnibus
1263 1728 1296 1756 ad
1319 1729 1449 1763 palaestra:
1470 1729 1557 1758 studia
1578 1730 1760 1759 avocantibus.
1787 1731 1853 1758 Pro-

1063 1777 1154 1807 pterea
1169 1773 1282 1806 dicebat,
1300 1773 1441 1800 lnnovatur
1462 1774 1488 1800 in
1508 1774 1560 1800 dies
1575 1775 1696 1809 singulos.
1713 1775 1806 1800 Pestea
1822 1780 1851 1803 ut

1062 1817 1149 1845 denuo
1170 1818 1271 1846 soletur
1283 1819 1385 1847 animas
1397 1819 1517 1848 dolentes
1531 1820 1557 1847 in
1579 1820 1657 1846 malis
1673 1820 1767 1854 quibus
1781 1820 1851 1847 artu-

1062 1868 1175 1897 guutur,
1203 1867 1229 1890 et
1254 1863 1434 1898 philosophari
1456 1864 1606 1891 nescientes
1626 1871 1674 1898 spe
1699 1864 1848 1894 futurorum

1061 1908 1154 1943 erigat,
1166 1909 1205 1936 sic
1216 1908 1279 1936 dicit
1295 1918 1301 1936 :
1318 1909 1381 1943 Quae
1393 1910 1458 1936 enim
1473 1917 1537 1935 nunc
1547 1909 1606 1936 levis
1617 1914 1652 1935 est
1666 1909 1774 1944 afﬂictio,
1787 1911 1848 1936 mire

1060 1962 1137 1988 supra
1162 1954 1264 1981 modum
1292 1959 1411 1980 aeternum
1437 1954 1523 1988 glorite
1550 1957 1650 1987 pondus
1681 1959 1797 1988 operatur
1822 1955 1849 1982 in

1060 1999 1140 2032 nobis,
1156 1999 1215 2026 dum
1226 2008 1277 2026 non
1288 2004 1428 2035 spectamus
1441 2007 1469 2026 ea
1479 2007 1533 2032 qua:
1545 1998 1667 2031 uidentur,
1681 1999 1723 2025 sed
1735 2007 1791 2032 qua:
1799 2008 1849 2026 non

1060 2045 1186 2072 videnlur.
1216 2044 1285 2071 Nam
1304 2052 1360 2079 qua:
1379 2044 1504 2075 videntur,
1529 2044 1678 2078 temporalia
1700 2049 1758 2070 sunt
1771 2052 1780 2070 :
1792 2052 1849 2080 qua:~

1059 2097 1116 2116 vero
1136 2098 1185 2116 non
1205 2090 1329 2121 videntur,
1352 2095 1445 2116 (eterna
1468 2089 1505 2125 (2.
1520 2089 1578 2116 Cor.
1591 2089 1617 2115 4.
1637 2089 1679 2115 17.
1693 2088 1748 2122 18).
1765 2088 1845 2120 Quasi

1059 2134 1180 2161 diceret:
1194 2135 1309 2161 Plurima
1325 2135 1403 2169 igitur
1420 2139 1447 2161 et
1461 2135 1485 2160 in
1508 2134 1556 2160 hac
1576 2135 1628 2160 vita
1646 2133 1753 2159 afflictio
1769 2133 1845 2160 nobis

1057 2179 1126 2206 bona
1141 2179 1254 2212 confert,
1270 2187 1365 2213 nempe
1376 2179 1445 2214 quod
1459 2178 1576 2205 animam
1599 2182 1714 2205 nostram
1734 2178 1843 2212 sapien-

1058 2225 1151 2251 tiorem
1165 2224 1415 2259 prudentiorcmqne
1434 2224 1521 2255 faciat,
1545 2225 1682 2250 innumera
1697 2230 1803 2258 quoque
1817 2227 1844 2249 et

1057 2270 1143 2296 futura
1170 2270 1239 2298 bona
1263 2270 1387 2296 conciliat
1407 2279 1413 2295 :
1431 2278 1482 2297 non
1507 2277 1537 2296 ea
1564 2277 1622 2303 qua:
1651 2268 1784 2295 laboribus
1811 2275 1843 2296 rx

1057 2323 1133 2350 mquo
1157 2316 1348 2350 rependuntur,
1375 2315 1420 2342 sed
1444 2315 1571 2349 ampliora
1595 2314 1783 2345 certaminibus
1797 2314 1843 2340 de-

1056 2362 1152 2388 bentur
1173 2366 1226 2388 tam
1250 2361 1396 2388 secundum
1411 2360 1575 2395 qualitatem,
1593 2367 1671 2394 quam
1697 2359 1840 2386 secundum

1056 2408 1239 2442 quantitatem.
1262 2407 1295 2434 Et
1314 2407 1392 2434 ambo
1406 2407 1454 2433 ista
1469 2406 1617 2436 declarans,
1632 2413 1691 2432 eum
1707 2405 1839 2437 magnitu-

1054 2453 1116 2480 dine
1132 2453 1307 2487 periculorum
1327 2452 1509 2480 excellentiam
1532 2450 1699 2485 praemiorum
1724 2449 1837 2479 confert,

1056 2504 1080 2527 ει
1106 2500 1216 2534 opponit
1237 2499 1394 2526 brevitatem
1421 2497 1572 2529 mteruitati,
1596 2495 1696 2523 levitati
1724 2495 1839 2530 pondus,

1053 2545 1189 2572 afllictioni
1209 2544 1330 2579 gloriam.
1354 2543 1468 2571 Afﬂictio
1491 2543 1581 2575 enim,
1609 2543 1660 2575 ait,
1687 2541 1841 2576 temporalis

1053 2595 1093 2618 est
1114 2595 1141 2617 et.
1162 2590 1243 2622 levis;
1261 2590 1400 2617 delectatio
1421 2594 1518 2621 autem,
1536 2589 1589 2616 imo
1602 2596 1655 2615 non
1671 2587 1746 2620 dixit,
1768 2587 1841 2613 delc-

1052 2638 1142 2671 ctatio,
1161 2637 1207 2664 sed
1220 2637 1311 2672 gloria,
1328 2644 1386 2670 qua:
1400 2636 1577 2663 delectatione
1590 2635 1672 2662 multo
1688 2638 1729 2660 est
1743 2632 1838 2666 major,

1051 2688 1159 2715 aeterna,
1174 2687 1201 2709 et
1222 2682 1345 2709 continua
1357 2701 1364 2714 ,
1381 2686 1408 2708 et
1431 2689 1523 2716 magna
1540 2689 1546 2707 :
1564 2680 1667 2715 pondus
1685 2684 1772 2706 autem
1797 2677 1839 2705 hic

1053 2738 1105 2758 non
1130 2736 1308 2756 aerumnosum
1331 2733 1358 2755 et
1380 2735 1532 2760 onerosum,
1554 2727 1600 2754 sed
1622 2725 1789 2760 magnificum
1811 2729 1835 2750 ct

1050 2775 1195 2810 pretiosum
1219 2773 1318 2808 aliquid
1343 2777 1421 2800 vocat
1441 2772 1543 2807 vulgari
1561 2770 1765 2806 consuetudine,
1787 2777 1838 2803 qua

1052 2816 1166 2856 pretiosa
1177 2819 1303 2855 gravioris
1317 2826 1375 2846 esse
1388 2818 1512 2854 ponderis
1526 2817 1614 2845 dicere
1630 2817 1757 2845 solemus.
1772 2815 1838 2846 Cum
