  <div class='ocr_page' id='page_1' title='image "/cluster/home/n/w/nwhite01/storage/ocr_20150623/50/hvd.32044069618742/023.png"; bbox 0 0 4038 6204; ppageno 0'>
   <div class='ocr_carea' id='block_1_1' title="bbox 441 341 548 397">
    <p class='ocr_par' dir='ltr' id='par_1_1' title="bbox 441 341 548 397">
     <span class='ocr_line' id='line_1_1' title="bbox 441 341 548 397; baseline 0 -1"><span class='ocrx_word' id='word_1_1' title='bbox 441 341 548 397; x_wconf 64' lang='grc'>423</span> 
     </span>
    </p>
   </div>
   <div class='ocr_carea' id='block_1_2' title="bbox 439 445 2016 524">
    <p class='ocr_par' dir='ltr' id='par_1_2' title="bbox 439 445 2016 524">
     <span class='ocr_line' id='line_1_2' title="bbox 439 445 2016 524; baseline -0.003 -16"><span class='ocrx_word' id='word_1_2' title='bbox 439 456 550 510; x_wconf 77' lang='grc' dir='ltr'>λεῖν</span> <span class='ocrx_word' id='word_1_3' title='bbox 578 449 851 506; x_wconf 79' lang='grc' dir='ltr'>είώθασιν.</span> <span class='ocrx_word' id='word_1_4' title='bbox 887 451 1053 503; x_wconf 85' lang='grc' dir='ltr'>Ὅταν</span> <span class='ocrx_word' id='word_1_5' title='bbox 1085 445 1178 504; x_wconf 75' lang='grc' dir='ltr'>οὖν</span> <span class='ocrx_word' id='word_1_6' title='bbox 1217 450 1344 522; x_wconf 74' lang='grc' dir='ltr'>εἴπῃ</span> <span class='ocrx_word' id='word_1_7' title='bbox 1388 450 1551 524; x_wconf 81' lang='grc' dir='ltr'>βάρος</span> <span class='ocrx_word' id='word_1_8' title='bbox 1573 452 1753 518; x_wconf 80' lang='grc' dir='ltr'>δόξης,</span> <span class='ocrx_word' id='word_1_9' title='bbox 1789 450 2016 522; x_wconf 87' lang='grc' dir='ltr'>μέγεθος</span> 
     </span>
    </p>
   </div>
   <div class='ocr_carea' id='block_1_3' title="bbox 439 534 2007 610">
    <p class='ocr_par' dir='ltr' id='par_1_3' title="bbox 439 534 2007 610">
     <span class='ocr_line' id='line_1_3' title="bbox 439 534 2007 610; baseline -0.005 -16"><span class='ocrx_word' id='word_1_10' title='bbox 439 538 596 610; x_wconf 77' lang='grc' dir='ltr'>δόξης</span> <span class='ocrx_word' id='word_1_11' title='bbox 625 536 792 603; x_wconf 88' lang='grc' dir='ltr'>λέγει.</span> <span class='ocrx_word' id='word_1_12' title='bbox 825 534 916 605; x_wconf 83' lang='grc' dir='ltr'>Μὴ</span> <span class='ocrx_word' id='word_1_13' title='bbox 947 535 1129 587; x_wconf 81' lang='grc' dir='ltr'>τοίνυν</span> <span class='ocrx_word' id='word_1_14' title='bbox 1156 534 1316 588; x_wconf 87' lang='grc' dir='ltr'>τοῦτο</span> <span class='ocrx_word' id='word_1_15' title='bbox 1355 536 1513 606; x_wconf 88' lang='grc' dir='ltr'>μόνον</span> <span class='ocrx_word' id='word_1_16' title='bbox 1545 537 1786 604; x_wconf 77' lang='grc' dir='ltr'>λογίζου,</span> <span class='ocrx_word' id='word_1_17' title='bbox 1821 536 2007 604; x_wconf 72' lang='grc' dir='ltr'>φησὶν,</span> 
     </span>
    </p>
   </div>
   <div class='ocr_carea' id='block_1_4' title="bbox 440 617 2013 692">
    <p class='ocr_par' dir='ltr' id='par_1_4' title="bbox 440 617 2013 692">
     <span class='ocr_line' id='line_1_4' title="bbox 440 617 2013 692; baseline -0.005 -16"><span class='ocrx_word' id='word_1_18' title='bbox 440 623 522 676; x_wconf 85' lang='grc' dir='ltr'>δτι</span> <span class='ocrx_word' id='word_1_19' title='bbox 564 619 801 692; x_wconf 74' lang='grc' dir='ltr'>μαστίζῃ</span> <span class='ocrx_word' id='word_1_20' title='bbox 839 619 933 670; x_wconf 74' lang='grc' dir='ltr'>καὶ</span> <span class='ocrx_word' id='word_1_21' title='bbox 981 617 1200 688; x_wconf 84' lang='grc' dir='ltr'>ἐλαύνῃ.</span> <span class='ocrx_word' id='word_1_22' title='bbox 1237 617 1373 672; x_wconf 87' lang='grc' dir='ltr'>ἀλλά</span> <span class='ocrx_word' id='word_1_23' title='bbox 1414 621 1507 672; x_wconf 75' lang='grc' dir='ltr'>καὶ</span> <span class='ocrx_word' id='word_1_24' title='bbox 1553 620 1678 682; x_wconf 80' lang='grc' dir='ltr'>τοὺς</span> <span class='ocrx_word' id='word_1_25' title='bbox 1715 618 2013 685; x_wconf 76' lang='grc' dir='ltr'>στεφάνους</span> 
     </span>
    </p>
   </div>
   <div class='ocr_carea' id='block_1_5' title="bbox 442 699 2018 771">
    <p class='ocr_par' dir='ltr' id='par_1_5' title="bbox 442 699 2018 771">
     <span class='ocr_line' id='line_1_5' title="bbox 442 699 2018 771; baseline -0.005 -14"><span class='ocrx_word' id='word_1_26' title='bbox 442 705 534 757; x_wconf 79' lang='grc' dir='ltr'>καὶ</span> <span class='ocrx_word' id='word_1_27' title='bbox 567 701 668 766; x_wconf 81' lang='grc' dir='ltr'>τὰς</span> <span class='ocrx_word' id='word_1_28' title='bbox 711 700 967 771; x_wconf 84' lang='grc' dir='ltr'>ἀμοιϐάς,</span> <span class='ocrx_word' id='word_1_29' title='bbox 999 701 1085 752; x_wconf 79' lang='grc' dir='ltr'>ὅτι</span> <span class='ocrx_word' id='word_1_30' title='bbox 1116 699 1295 770; x_wconf 79' lang='grc' dir='ltr'>πολλῷ</span> <span class='ocrx_word' id='word_1_31' title='bbox 1332 700 1549 770; x_wconf 70' lang='grc' dir='ltr'>μείζους</span> <span class='ocrx_word' id='word_1_32' title='bbox 1583 700 1678 753; x_wconf 74' lang='grc' dir='ltr'>καὶ</span> <span class='ocrx_word' id='word_1_33' title='bbox 1705 699 2018 768; x_wconf 86' lang='grc' dir='ltr'>λαμπρότε-</span> 
     </span>
    </p>
   </div>
   <div class='ocr_carea' id='block_1_6' title="bbox 445 783 2016 860">
    <p class='ocr_par' dir='ltr' id='par_1_6' title="bbox 445 783 2016 860">
     <span class='ocr_line' id='line_1_6' title="bbox 445 783 2016 860; baseline -0.006 -18"><span class='ocrx_word' id='word_1_34' title='bbox 445 807 536 860; x_wconf 86' lang='grc' dir='ltr'>ραι</span> <span class='ocrx_word' id='word_1_35' title='bbox 579 787 690 840; x_wconf 87' lang='grc' dir='ltr'>τῶν</span> <span class='ocrx_word' id='word_1_36' title='bbox 735 785 1022 855; x_wconf 82' lang='grc' dir='ltr'>παρόντων</span> <span class='ocrx_word' id='word_1_37' title='bbox 1075 785 1305 846; x_wconf 87' lang='grc' dir='ltr'>ἐκεῖναι,</span> <span class='ocrx_word' id='word_1_38' title='bbox 1342 786 1437 838; x_wconf 73' lang='grc' dir='ltr'>καὶ</span> <span class='ocrx_word' id='word_1_39' title='bbox 1477 784 1630 846; x_wconf 83' lang='grc' dir='ltr'>τέλος</span> <span class='ocrx_word' id='word_1_40' title='bbox 1658 785 1758 836; x_wconf 83' lang='grc' dir='ltr'>οὑκ</span> <span class='ocrx_word' id='word_1_41' title='bbox 1783 783 2016 851; x_wconf 74' lang='grc' dir='ltr'>ἔχουσιν,</span> 
     </span>
    </p>
   </div>
   <div class='ocr_carea' id='block_1_7' title="bbox 441 863 2021 939">
    <p class='ocr_par' dir='ltr' id='par_1_7' title="bbox 441 863 2021 939">
     <span class='ocr_line' id='line_1_7' title="bbox 441 863 2021 939; baseline -0.006 -14"><span class='ocrx_word' id='word_1_42' title='bbox 441 872 564 925; x_wconf 72' lang='grc' dir='ltr'>οὐδὲ</span> <span class='ocrx_word' id='word_1_43' title='bbox 597 869 791 939; x_wconf 81' lang='grc' dir='ltr'>πέρας.</span> <span class='ocrx_word' id='word_1_44' title='bbox 835 866 996 920; x_wconf 81' lang='grc' dir='ltr'>Ἀλλά</span> <span class='ocrx_word' id='word_1_45' title='bbox 1018 865 1212 930; x_wconf 88' lang='grc' dir='ltr'>ταῦτα,</span> <span class='ocrx_word' id='word_1_46' title='bbox 1241 867 1428 935; x_wconf 75' lang='grc' dir='ltr'>φησὶν,</span> <span class='ocrx_word' id='word_1_47' title='bbox 1453 867 1510 918; x_wconf 86' lang='grc' dir='ltr'>ἐν</span> <span class='ocrx_word' id='word_1_48' title='bbox 1535 867 1721 936; x_wconf 72' lang='grc' dir='ltr'>πείρα,</span> <span class='ocrx_word' id='word_1_49' title='bbox 1758 867 1941 918; x_wconf 88' lang='grc' dir='ltr'>ἐκεῖνα</span> <span class='ocrx_word' id='word_1_50' title='bbox 1965 863 2021 916; x_wconf 85' lang='grc' dir='ltr'>δὲ</span> 
     </span>
    </p>
   </div>
   <div class='ocr_carea' id='block_1_8' title="bbox 443 946 2023 1019">
    <p class='ocr_par' dir='ltr' id='par_1_8' title="bbox 443 946 2023 1019">
     <span class='ocr_line' id='line_1_8' title="bbox 443 946 2023 1019; baseline -0.006 -14"><span class='ocrx_word' id='word_1_51' title='bbox 443 955 499 1007; x_wconf 82' lang='grc' dir='ltr'>ἐν</span> <span class='ocrx_word' id='word_1_52' title='bbox 525 952 706 1006; x_wconf 83' lang='grc' dir='ltr'>ἐλπίσι</span> <span class='ocrx_word' id='word_1_53' title='bbox 727 968 742 982; x_wconf 78' lang='grc' dir='ltr'><strong><em>ο</em></strong></span> <span class='ocrx_word' id='word_1_54' title='bbox 771 949 1056 1004; x_wconf 70' lang='grc' dir='ltr'>καὶταῦτα</span> <span class='ocrx_word' id='word_1_55' title='bbox 1089 950 1186 1018; x_wconf 88' lang='grc' dir='ltr'>μὲν</span> <span class='ocrx_word' id='word_1_56' title='bbox 1212 950 1444 1019; x_wconf 82' lang='grc' dir='ltr'>φανερά,</span> <span class='ocrx_word' id='word_1_57' title='bbox 1473 950 1654 1001; x_wconf 87' lang='grc' dir='ltr'>ἐκεῖνα</span> <span class='ocrx_word' id='word_1_58' title='bbox 1676 947 1731 998; x_wconf 88' lang='grc' dir='ltr'>δὲ</span> <span class='ocrx_word' id='word_1_59' title='bbox 1747 947 1808 999; x_wconf 76' lang='grc' dir='ltr'>οὐ</span> <span class='ocrx_word' id='word_1_60' title='bbox 1839 946 2023 1014; x_wconf 87' lang='grc' dir='ltr'>φαίνε-</span> 
     </span>
    </p>
   </div>
   <div class='ocr_carea' id='block_1_9' title="bbox 441 1029 2018 1106">
    <p class='ocr_par' dir='ltr' id='par_1_9' title="bbox 441 1029 2018 1106">
     <span class='ocr_line' id='line_1_9' title="bbox 441 1029 2018 1106; baseline -0.005 -17"><span class='ocrx_word' id='word_1_61' title='bbox 441 1034 672 1102; x_wconf 84' lang='grc' dir='ltr'>ται,ἀλλ’</span> <span class='ocrx_word' id='word_1_62' title='bbox 689 1034 933 1106; x_wconf 85' lang='grc' dir='ltr'>ἐκκρεμῆ</span> <span class='ocrx_word' id='word_1_63' title='bbox 953 1034 1044 1086; x_wconf 72' lang='grc' dir='ltr'>καὶ</span> <span class='ocrx_word' id='word_1_64' title='bbox 1065 1032 1314 1104; x_wconf 85' lang='grc' dir='ltr'>μετέωρά</span> <span class='ocrx_word' id='word_1_65' title='bbox 1335 1034 1492 1085; x_wconf 74' lang='grc' dir='ltr'>είσινο</span> <span class='ocrx_word' id='word_1_66' title='bbox 1508 1031 1622 1084; x_wconf 78' lang='grc' dir='ltr'>ἀλλ’</span> <span class='ocrx_word' id='word_1_67' title='bbox 1639 1033 1687 1084; x_wconf 89' lang='grc' dir='ltr'>εί</span> <span class='ocrx_word' id='word_1_68' title='bbox 1707 1031 1800 1083; x_wconf 73' lang='grc' dir='ltr'>καὶ</span> <span class='ocrx_word' id='word_1_69' title='bbox 1816 1029 2018 1098; x_wconf 88' lang='grc' dir='ltr'>ἀφανῆ,</span> 
     </span>
    </p>
   </div>
   <div class='ocr_carea' id='block_1_10' title="bbox 444 1113 2024 1187">
    <p class='ocr_par' dir='ltr' id='par_1_10' title="bbox 444 1113 2024 1187">
     <span class='ocr_line' id='line_1_10' title="bbox 444 1113 2024 1187; baseline -0.005 -15"><span class='ocrx_word' id='word_1_70' title='bbox 444 1119 580 1172; x_wconf 85' lang='grc' dir='ltr'>ἀλλά</span> <span class='ocrx_word' id='word_1_71' title='bbox 597 1116 704 1170; x_wconf 89' lang='grc' dir='ltr'>τῶν</span> <span class='ocrx_word' id='word_1_72' title='bbox 724 1117 1064 1187; x_wconf 75' lang='grc' dir='ltr'>φαινομένων</span> <span class='ocrx_word' id='word_1_73' title='bbox 1103 1116 1218 1169; x_wconf 75' lang='grc' dir='ltr'>ἐστὶ</span> <span class='ocrx_word' id='word_1_74' title='bbox 1256 1115 1631 1187; x_wconf 88' lang='grc' dir='ltr'>φανερώτερα.</span> <span class='ocrx_word' id='word_1_75' title='bbox 1663 1113 1727 1165; x_wconf 90' lang='grc' dir='ltr'>Τί</span> <span class='ocrx_word' id='word_1_76' title='bbox 1748 1113 1889 1180; x_wconf 90' lang='grc' dir='ltr'>λέγω</span> <span class='ocrx_word' id='word_1_77' title='bbox 1918 1130 2024 1180; x_wconf 89' lang='grc' dir='ltr'>φα-</span> 
     </span>
    </p>
   </div>
   <div class='ocr_carea' id='block_1_11' title="bbox 445 1195 2026 1274">
    <p class='ocr_par' dir='ltr' id='par_1_11' title="bbox 445 1195 2026 1274">
     <span class='ocr_line' id='line_1_11' title="bbox 445 1195 2026 1274; baseline -0.005 -18"><span class='ocrx_word' id='word_1_78' title='bbox 445 1199 752 1274; x_wconf 88' lang='grc' dir='ltr'>νερώτερα;</span> <span class='ocrx_word' id='word_1_79' title='bbox 783 1201 995 1253; x_wconf 82' lang='grc' dir='ltr'>Ἐκεῖνα</span> <span class='ocrx_word' id='word_1_80' title='bbox 1006 1200 1230 1253; x_wconf 85' lang='grc' dir='ltr'>δύνασαι</span> <span class='ocrx_word' id='word_1_81' title='bbox 1251 1200 1449 1269; x_wconf 82' lang='grc' dir='ltr'>μᾶλλον</span> <span class='ocrx_word' id='word_1_82' title='bbox 1467 1200 1618 1270; x_wconf 77' lang='grc' dir='ltr'>όρᾷν,</span> <span class='ocrx_word' id='word_1_83' title='bbox 1640 1197 1875 1268; x_wconf 81' lang='grc' dir='ltr'>ἢταῦτα.</span> <span class='ocrx_word' id='word_1_84' title='bbox 1889 1195 2026 1248; x_wconf 86' lang='grc' dir='ltr'>Ταῦ-</span> 
     </span>
    </p>
   </div>
   <div class='ocr_carea' id='block_1_12' title="bbox 442 1280 2022 1354">
    <p class='ocr_par' dir='ltr' id='par_1_12' title="bbox 442 1280 2022 1354">
     <span class='ocr_line' id='line_1_12' title="bbox 442 1280 2022 1354; baseline -0.005 -16"><span class='ocrx_word' id='word_1_85' title='bbox 442 1301 513 1338; x_wconf 80' lang='grc' dir='ltr'>τα</span> <span class='ocrx_word' id='word_1_86' title='bbox 537 1285 631 1354; x_wconf 83' lang='grc' dir='ltr'>μὲν</span> <span class='ocrx_word' id='word_1_87' title='bbox 648 1283 755 1354; x_wconf 86' lang='grc' dir='ltr'>γὰρ</span> <span class='ocrx_word' id='word_1_88' title='bbox 785 1285 1134 1354; x_wconf 80' lang='grc' dir='ltr'>παρέρχεται,</span> <span class='ocrx_word' id='word_1_89' title='bbox 1169 1284 1350 1335; x_wconf 85' lang='grc' dir='ltr'>ἐκεῖνα</span> <span class='ocrx_word' id='word_1_90' title='bbox 1373 1283 1428 1334; x_wconf 87' lang='grc' dir='ltr'>δὲ</span> <span class='ocrx_word' id='word_1_91' title='bbox 1447 1283 1618 1352; x_wconf 89' lang='grc' dir='ltr'>μένει.</span> <span class='ocrx_word' id='word_1_92' title='bbox 1647 1280 1737 1333; x_wconf 77' lang='grc' dir='ltr'>Διὸ</span> <span class='ocrx_word' id='word_1_93' title='bbox 1758 1281 2022 1349; x_wconf 87' lang='grc' dir='ltr'>ἐπήγαγε,</span> 
     </span>
    </p>
   </div>
   <div class='ocr_carea' id='block_1_13' title="bbox 444 1363 2027 1436">
    <p class='ocr_par' dir='ltr' id='par_1_13' title="bbox 444 1363 2027 1436">
     <span class='ocr_line' id='line_1_13' title="bbox 444 1363 2027 1436; baseline -0.003 -15"><span class='ocrx_word' id='word_1_94' title='bbox 444 1368 622 1436; x_wconf 72' lang='grc' dir='ltr'>λέγων</span> <span class='ocrx_word' id='word_1_95' title='bbox 641 1385 654 1398; x_wconf 86' lang='grc'><strong>·</strong></span> <span class='ocrx_word' id='word_1_96' title='bbox 673 1370 728 1420; x_wconf 90' lang='grc' dir='ltr'><em>Μ</em></span> <span class='ocrx_word' id='word_1_97' title='bbox 733 1366 769 1435; x_wconf 78' lang='grc' dir='ltr'><strong><em>ὴ</em></strong></span> <span class='ocrx_word' id='word_1_98' title='bbox 791 1368 1179 1422; x_wconf 76' lang='grc' dir='ltr'>σκοπούντων</span> <span class='ocrx_word' id='word_1_99' title='bbox 1197 1365 1365 1434; x_wconf 74' lang='grc' dir='ltr'>ἡμῶν</span> <span class='ocrx_word' id='word_1_100' title='bbox 1375 1367 1446 1419; x_wconf 84' lang='grc' dir='ltr'>τὰ</span> <span class='ocrx_word' id='word_1_101' title='bbox 1464 1365 1834 1433; x_wconf 77' lang='grc' dir='ltr'>βλεπόμενα,</span> <span class='ocrx_word' id='word_1_102' title='bbox 1866 1363 2027 1416; x_wconf 73' lang='grc' dir='ltr'>ἀλλὰ</span> 
     </span>
    </p>
   </div>
   <div class='ocr_carea' id='block_1_14' title="bbox 447 1448 2021 1521">
    <p class='ocr_par' dir='ltr' id='par_1_14' title="bbox 447 1448 2021 1521">
     <span class='ocr_line' id='line_1_14' title="bbox 447 1448 2021 1521; baseline -0.003 -17"><span class='ocrx_word' id='word_1_103' title='bbox 447 1453 520 1506; x_wconf 82' lang='grc' dir='ltr'>τὰ</span> <span class='ocrx_word' id='word_1_104' title='bbox 549 1451 634 1521; x_wconf 78' lang='grc' dir='ltr'>μὴ</span> <span class='ocrx_word' id='word_1_105' title='bbox 663 1452 1014 1520; x_wconf 78' lang='grc' dir='ltr'>βλεπόμενα</span> <span class='ocrx_word' id='word_1_106' title='bbox 1036 1469 1048 1481; x_wconf 75' lang='grc' dir='ltr'><strong><em>ο</em></strong></span> <span class='ocrx_word' id='word_1_107' title='bbox 1073 1449 1144 1503; x_wconf 80' lang='grc' dir='ltr'>τὰ</span> <span class='ocrx_word' id='word_1_108' title='bbox 1165 1451 1273 1519; x_wconf 72' lang='grc' dir='ltr'>γὰρ</span> <span class='ocrx_word' id='word_1_109' title='bbox 1294 1451 1645 1520; x_wconf 71' lang='grc' dir='ltr'>βλεπόμενα</span> <span class='ocrx_word' id='word_1_110' title='bbox 1671 1448 2021 1517; x_wconf 81' lang='grc' dir='ltr'>πρόσκαιρα,</span> 
     </span>
    </p>
   </div>
   <div class='ocr_carea' id='block_1_15' title="bbox 447 1532 1306 1605">
    <p class='ocr_par' dir='ltr' id='par_1_15' title="bbox 447 1532 1306 1605">
     <span class='ocr_line' id='line_1_15' title="bbox 447 1532 1306 1605; baseline 0 -18"><span class='ocrx_word' id='word_1_111' title='bbox 447 1532 522 1587; x_wconf 81' lang='grc' dir='ltr'>τὰ</span> <span class='ocrx_word' id='word_1_112' title='bbox 541 1534 1058 1605; x_wconf 76' lang='grc' dir='ltr'>δὲμὴβλεπύμενα</span> <span class='ocrx_word' id='word_1_113' title='bbox 1084 1533 1306 1588; x_wconf 74' lang='grc' dir='ltr'>αἰώνια.</span> 
     </span>
    </p>
   </div>
   <div class='ocr_carea' id='block_1_16' title="bbox 519 1669 2027 1744">
    <p class='ocr_par' dir='ltr' id='par_1_16' title="bbox 519 1669 2027 1744">
     <span class='ocr_line' id='line_1_16' title="bbox 519 1669 2027 1744; baseline -0.002 -18"><span class='ocrx_word' id='word_1_114' title='bbox 519 1680 580 1729; x_wconf 80' lang='grc' dir='ltr'>ε’.</span> <span class='ocrx_word' id='word_1_115' title='bbox 616 1673 760 1726; x_wconf 77' lang='grc' dir='ltr'>Είδὲ</span> <span class='ocrx_word' id='word_1_116' title='bbox 779 1673 975 1741; x_wconf 84' lang='grc' dir='ltr'>λέγοις·</span> <span class='ocrx_word' id='word_1_117' title='bbox 1000 1673 1107 1726; x_wconf 78' lang='grc' dir='ltr'>Καὶ</span> <span class='ocrx_word' id='word_1_118' title='bbox 1135 1672 1246 1734; x_wconf 86' lang='grc' dir='ltr'>πῶς</span> <span class='ocrx_word' id='word_1_119' title='bbox 1270 1672 1567 1744; x_wconf 86' lang='grc' dir='ltr'>δυνήσομαι</span> <span class='ocrx_word' id='word_1_120' title='bbox 1600 1671 1664 1725; x_wconf 76' lang='grc' dir='ltr'>τὰ</span> <span class='ocrx_word' id='word_1_121' title='bbox 1701 1671 1881 1740; x_wconf 81' lang='grc' dir='ltr'>ἀφανῆ</span> <span class='ocrx_word' id='word_1_122' title='bbox 1910 1669 2027 1740; x_wconf 82' lang='grc' dir='ltr'>βλέ·</span> 
     </span>
    </p>
   </div>
   <div class='ocr_carea' id='block_1_17' title="bbox 451 1754 2027 1827">
    <p class='ocr_par' dir='ltr' id='par_1_17' title="bbox 451 1754 2027 1827">
     <span class='ocr_line' id='line_1_17' title="bbox 451 1754 2027 1827; baseline -0.003 -17"><span class='ocrx_word' id='word_1_123' title='bbox 451 1773 594 1822; x_wconf 86' lang='grc' dir='ltr'>πειν,</span> <span class='ocrx_word' id='word_1_124' title='bbox 622 1755 691 1809; x_wconf 75' lang='grc' dir='ltr'>τὰ</span> <span class='ocrx_word' id='word_1_125' title='bbox 721 1756 778 1810; x_wconf 82' lang='grc' dir='ltr'>δὲ</span> <span class='ocrx_word' id='word_1_126' title='bbox 807 1756 1050 1827; x_wconf 86' lang='grc' dir='ltr'>παρόντα</span> <span class='ocrx_word' id='word_1_127' title='bbox 1084 1756 1158 1826; x_wconf 82' lang='grc' dir='ltr'>μὴ</span> <span class='ocrx_word' id='word_1_128' title='bbox 1193 1756 1448 1825; x_wconf 88' lang='grc' dir='ltr'>βλέπειν;</span> <span class='ocrx_word' id='word_1_129' title='bbox 1482 1756 1590 1808; x_wconf 80' lang='grc' dir='ltr'>ἀπὸ</span> <span class='ocrx_word' id='word_1_130' title='bbox 1619 1755 1726 1808; x_wconf 91' lang='grc' dir='ltr'>τῶν</span> <span class='ocrx_word' id='word_1_131' title='bbox 1759 1754 2027 1824; x_wconf 84' lang='grc' dir='ltr'>βιωτικῶν</span> 
     </span>
    </p>
   </div>
   <div class='ocr_carea' id='block_1_18' title="bbox 451 1837 2027 1909">
    <p class='ocr_par' dir='ltr' id='par_1_18' title="bbox 451 1837 2027 1909">
     <span class='ocr_line' id='line_1_18' title="bbox 451 1837 2027 1909; baseline -0.003 -16"><span class='ocrx_word' id='word_1_132' title='bbox 451 1857 512 1893; x_wconf 88' lang='grc' dir='ltr'>σε</span> <span class='ocrx_word' id='word_1_133' title='bbox 540 1841 620 1903; x_wconf 86' lang='grc' dir='ltr'>είς</span> <span class='ocrx_word' id='word_1_134' title='bbox 649 1838 848 1909; x_wconf 91' lang='grc' dir='ltr'>ταύτην</span> <span class='ocrx_word' id='word_1_135' title='bbox 874 1840 1162 1907; x_wconf 85' lang='grc' dir='ltr'>ἐναγαγεῐν</span> <span class='ocrx_word' id='word_1_136' title='bbox 1190 1839 1520 1909; x_wconf 84' lang='grc' dir='ltr'>πειράσομαι</span> <span class='ocrx_word' id='word_1_137' title='bbox 1546 1838 1643 1908; x_wconf 82' lang='grc' dir='ltr'>τὴν</span> <span class='ocrx_word' id='word_1_138' title='bbox 1665 1839 1866 1890; x_wconf 89' lang='grc' dir='ltr'>πίστιν.</span> <span class='ocrx_word' id='word_1_139' title='bbox 1893 1837 2027 1890; x_wconf 83' lang='grc' dir='ltr'>Οὑδέ</span> 
     </span>
    </p>
   </div>
   <div class='ocr_carea' id='block_1_19' title="bbox 451 1920 2028 1993">
    <p class='ocr_par' dir='ltr' id='par_1_19' title="bbox 451 1920 2028 1993">
     <span class='ocr_line' id='line_1_19' title="bbox 451 1920 2028 1993; baseline -0.002 -18"><span class='ocrx_word' id='word_1_140' title='bbox 451 1923 560 1993; x_wconf 83' lang='grc' dir='ltr'>γάρ</span> <span class='ocrx_word' id='word_1_141' title='bbox 597 1923 706 1975; x_wconf 91' lang='grc' dir='ltr'>τῶν</span> <span class='ocrx_word' id='word_1_142' title='bbox 741 1926 796 1976; x_wconf 86' lang='grc' dir='ltr'>ἐν</span> <span class='ocrx_word' id='word_1_143' title='bbox 846 1922 924 1992; x_wconf 82' lang='grc' dir='ltr'>τῷ</span> <span class='ocrx_word' id='word_1_144' title='bbox 959 1923 1150 1992; x_wconf 85' lang='grc' dir='ltr'>κόσμῳ</span> <span class='ocrx_word' id='word_1_145' title='bbox 1207 1923 1550 1992; x_wconf 82' lang='grc' dir='ltr'>πραγμάτων</span> <span class='ocrx_word' id='word_1_146' title='bbox 1594 1920 1703 1974; x_wconf 89' lang='grc' dir='ltr'>τῶν</span> <span class='ocrx_word' id='word_1_147' title='bbox 1751 1921 2028 1990; x_wconf 79' lang='grc' dir='ltr'>ἐπικήρων</span> 
     </span>
    </p>
   </div>
   <div class='ocr_carea' id='block_1_20' title="bbox 451 2002 2029 2074">
    <p class='ocr_par' dir='ltr' id='par_1_20' title="bbox 451 2002 2029 2074">
     <span class='ocr_line' id='line_1_20' title="bbox 451 2002 2029 2074; baseline -0.004 -16"><span class='ocrx_word' id='word_1_148' title='bbox 451 2005 658 2058; x_wconf 86' lang='grc' dir='ltr'>τούτων</span> <span class='ocrx_word' id='word_1_149' title='bbox 687 2005 884 2072; x_wconf 65' lang='grc' dir='ltr'>ἅψαιτό</span> <span class='ocrx_word' id='word_1_150' title='bbox 904 2023 987 2066; x_wconf 89' lang='grc' dir='ltr'>τις</span> <span class='ocrx_word' id='word_1_151' title='bbox 1019 2004 1088 2056; x_wconf 86' lang='grc' dir='ltr'>ἂν</span> <span class='ocrx_word' id='word_1_152' title='bbox 1118 2005 1337 2074; x_wconf 65' lang='grc' dir='ltr'>ῥᾳδίως,</span> <span class='ocrx_word' id='word_1_153' title='bbox 1377 2004 1450 2074; x_wconf 80' lang='grc' dir='ltr'>μὴ</span> <span class='ocrx_word' id='word_1_154' title='bbox 1478 2004 1545 2056; x_wconf 88' lang='grc' dir='ltr'>τά</span> <span class='ocrx_word' id='word_1_155' title='bbox 1575 2004 1757 2073; x_wconf 84' lang='grc' dir='ltr'>ἀφανῆ</span> <span class='ocrx_word' id='word_1_156' title='bbox 1784 2004 1889 2074; x_wconf 80' lang='grc' dir='ltr'>πρὸ</span> <span class='ocrx_word' id='word_1_157' title='bbox 1921 2002 2029 2055; x_wconf 88' lang='grc' dir='ltr'>τῶν</span> 
     </span>
    </p>
   </div>
   <div class='ocr_carea' id='block_1_21' title="bbox 451 2085 2030 2160">
    <p class='ocr_par' dir='ltr' id='par_1_21' title="bbox 451 2085 2030 2160">
     <span class='ocr_line' id='line_1_21' title="bbox 451 2085 2030 2160; baseline -0.005 -16"><span class='ocrx_word' id='word_1_158' title='bbox 451 2090 702 2160; x_wconf 80' lang='grc' dir='ltr'>φανερῶν</span> <span class='ocrx_word' id='word_1_159' title='bbox 730 2089 874 2142; x_wconf 89' lang='grc' dir='ltr'>ίδών.</span> <span class='ocrx_word' id='word_1_160' title='bbox 899 2085 1023 2142; x_wconf 78' lang='grc' dir='ltr'>Οἷόν</span> <span class='ocrx_word' id='word_1_161' title='bbox 1047 2107 1100 2141; x_wconf 89' lang='grc' dir='ltr'>τι</span> <span class='ocrx_word' id='word_1_162' title='bbox 1121 2088 1282 2156; x_wconf 90' lang='grc' dir='ltr'>λέγω·</span> <span class='ocrx_word' id='word_1_163' title='bbox 1301 2088 1610 2160; x_wconf 78' lang='grc' dir='ltr'>Ὀἒμπορος</span> <span class='ocrx_word' id='word_1_164' title='bbox 1642 2087 1903 2156; x_wconf 86' lang='grc' dir='ltr'>ὑπομένει</span> <span class='ocrx_word' id='word_1_165' title='bbox 1933 2087 2030 2156; x_wconf 87' lang='grc' dir='ltr'>μέν</span> 
     </span>
    </p>
   </div>
   <div class='ocr_carea' id='block_1_22' title="bbox 451 2168 2031 2244">
    <p class='ocr_par' dir='ltr' id='par_1_22' title="bbox 451 2168 2031 2244">
     <span class='ocr_line' id='line_1_22' title="bbox 451 2168 2031 2244; baseline -0.004 -17"><span class='ocrx_word' id='word_1_166' title='bbox 451 2173 726 2244; x_wconf 77' lang='grc' dir='ltr'>χειμῶνας</span> <span class='ocrx_word' id='word_1_167' title='bbox 773 2171 1002 2236; x_wconf 73' lang='grc' dir='ltr'>πολλοὺς</span> <span class='ocrx_word' id='word_1_168' title='bbox 1043 2173 1138 2224; x_wconf 59' lang='grc' dir='ltr'>καῖ⁵</span> <span class='ocrx_word' id='word_1_169' title='bbox 1184 2172 1440 2240; x_wconf 79' lang='grc' dir='ltr'>κυμάτων</span> <span class='ocrx_word' id='word_1_170' title='bbox 1488 2171 1889 2232; x_wconf 75' lang='grc' dir='ltr'>ἐπαναστάσεις</span> <span class='ocrx_word' id='word_1_171' title='bbox 1937 2168 2031 2220; x_wconf 75' lang='grc' dir='ltr'>καὶ</span> 
     </span>
    </p>
   </div>
   <div class='ocr_carea' id='block_1_23' title="bbox 452 2251 2051 2325">
    <p class='ocr_par' dir='ltr' id='par_1_23' title="bbox 452 2251 2051 2325">
     <span class='ocr_line' id='line_1_23' title="bbox 452 2251 2051 2325; baseline -0.004 -16"><span class='ocrx_word' id='word_1_172' title='bbox 452 2257 689 2324; x_wconf 86' lang='grc' dir='ltr'>ναυάγια</span> <span class='ocrx_word' id='word_1_173' title='bbox 705 2256 800 2308; x_wconf 80' lang='grc' dir='ltr'>καὶ</span> <span class='ocrx_word' id='word_1_174' title='bbox 833 2255 1036 2325; x_wconf 89' lang='grc' dir='ltr'>μυρίας</span> <span class='ocrx_word' id='word_1_175' title='bbox 1059 2253 1365 2316; x_wconf 73' lang='grc' dir='ltr'>δυσκολίας,</span> <span class='ocrx_word' id='word_1_176' title='bbox 1389 2251 1649 2305; x_wconf 78' lang='grc' dir='ltr'>ἀπολαύει</span> <span class='ocrx_word' id='word_1_177' title='bbox 1672 2252 1724 2304; x_wconf 78' lang='grc' dir='ltr'>δὲ</span> <span class='ocrx_word' id='word_1_178' title='bbox 1743 2251 1837 2302; x_wconf 72' lang='grc' dir='ltr'>καὶ</span> <span class='ocrx_word' id='word_1_179' title='bbox 1865 2251 2051 2303; x_wconf 78' lang='grc' dir='ltr'>πλού-ι</span> 
     </span>
    </p>
   </div>
   <div class='ocr_carea' id='block_1_24' title="bbox 451 2333 2027 2408">
    <p class='ocr_par' dir='ltr' id='par_1_24' title="bbox 451 2333 2027 2408">
     <span class='ocr_line' id='line_1_24' title="bbox 451 2333 2027 2408; baseline -0.006 -17"><span class='ocrx_word' id='word_1_180' title='bbox 451 2355 546 2391; x_wconf 87' lang='grc' dir='ltr'>του</span> <span class='ocrx_word' id='word_1_181' title='bbox 599 2337 739 2408; x_wconf 88' lang='grc' dir='ltr'>μετά</span> <span class='ocrx_word' id='word_1_182' title='bbox 773 2339 900 2399; x_wconf 74' lang='grc' dir='ltr'>τοὺς</span> <span class='ocrx_word' id='word_1_183' title='bbox 942 2335 1239 2405; x_wconf 72' lang='grc' dir='ltr'>χειμῶνας,</span> <span class='ocrx_word' id='word_1_184' title='bbox 1274 2336 1339 2387; x_wconf 74' lang='grc' dir='ltr'>τὰ</span> <span class='ocrx_word' id='word_1_185' title='bbox 1383 2333 1578 2404; x_wconf 76' lang='grc' dir='ltr'>φορτία</span> <span class='ocrx_word' id='word_1_186' title='bbox 1632 2333 2027 2402; x_wconf 76' lang='grc' dir='ltr'>διατιθέμενος,</span> 
     </span>
    </p>
   </div>
   <div class='ocr_carea' id='block_1_25' title="bbox 455 2417 2032 2492">
    <p class='ocr_par' dir='ltr' id='par_1_25' title="bbox 455 2417 2032 2492">
     <span class='ocr_line' id='line_1_25' title="bbox 455 2417 2032 2492; baseline -0.004 -16"><span class='ocrx_word' id='word_1_187' title='bbox 455 2423 550 2476; x_wconf 75' lang='grc' dir='ltr'>καὶ</span> <span class='ocrx_word' id='word_1_188' title='bbox 577 2421 778 2492; x_wconf 86' lang='grc' dir='ltr'>πολλὴν</span> <span class='ocrx_word' id='word_1_189' title='bbox 816 2419 1184 2490; x_wconf 75' lang='grc' dir='ltr'>ἐργαζόμενος</span> <span class='ocrx_word' id='word_1_190' title='bbox 1215 2417 1616 2489; x_wconf 73' lang='grc' dir='ltr'>πραγματείαν.</span> <span class='ocrx_word' id='word_1_191' title='bbox 1671 2417 1810 2468; x_wconf 78' lang='grc' dir='ltr'>Ἀλλ’</span> <span class='ocrx_word' id='word_1_192' title='bbox 1845 2418 1891 2468; x_wconf 83' lang='grc' dir='ltr'>οἱ</span> <span class='ocrx_word' id='word_1_193' title='bbox 1934 2417 2032 2487; x_wconf 79' lang='grc' dir='ltr'>μὲν</span> 
     </span>
    </p>
   </div>
   <div class='ocr_carea' id='block_1_26' title="bbox 453 2500 2031 2576">
    <p class='ocr_par' dir='ltr' id='par_1_26' title="bbox 453 2500 2031 2576">
     <span class='ocr_line' id='line_1_26' title="bbox 453 2500 2031 2576; baseline -0.004 -18"><span class='ocrx_word' id='word_1_194' title='bbox 453 2502 722 2576; x_wconf 84' lang='grc' dir='ltr'>χειμῶνες</span> <span class='ocrx_word' id='word_1_195' title='bbox 754 2504 1028 2574; x_wconf 88' lang='grc' dir='ltr'>πρότεροι,</span> <span class='ocrx_word' id='word_1_196' title='bbox 1048 2503 1115 2555; x_wconf 84' lang='grc' dir='ltr'>τά</span> <span class='ocrx_word' id='word_1_197' title='bbox 1142 2502 1198 2554; x_wconf 82' lang='grc' dir='ltr'>δὲ</span> <span class='ocrx_word' id='word_1_198' title='bbox 1229 2503 1421 2572; x_wconf 80' lang='grc' dir='ltr'>φορτία</span> <span class='ocrx_word' id='word_1_199' title='bbox 1450 2500 1679 2570; x_wconf 76' lang='grc' dir='ltr'>ῦστερα³</span> <span class='ocrx_word' id='word_1_200' title='bbox 1711 2501 1802 2553; x_wconf 75' lang='grc' dir='ltr'>καὶ</span> <span class='ocrx_word' id='word_1_201' title='bbox 1832 2500 1899 2552; x_wconf 75' lang='grc' dir='ltr'>τὰ</span> <span class='ocrx_word' id='word_1_202' title='bbox 1932 2501 2031 2570; x_wconf 83' lang='grc' dir='ltr'>μὲν</span> 
     </span>
    </p>
   </div>
   <div class='ocr_carea' id='block_1_27' title="bbox 455 2581 2029 2658">
    <p class='ocr_par' dir='ltr' id='par_1_27' title="bbox 455 2581 2029 2658">
     <span class='ocr_line' id='line_1_27' title="bbox 455 2581 2029 2658; baseline -0.005 -17"><span class='ocrx_word' id='word_1_203' title='bbox 455 2587 666 2658; x_wconf 57' lang='grc' dir='ltr'>πελάγη</span> <span class='ocrx_word' id='word_1_204' title='bbox 701 2588 797 2639; x_wconf 73' lang='grc' dir='ltr'>καὶ</span> <span class='ocrx_word' id='word_1_205' title='bbox 832 2585 900 2638; x_wconf 88' lang='grc' dir='ltr'>τά</span> <span class='ocrx_word' id='word_1_206' title='bbox 923 2583 1144 2654; x_wconf 80' lang='grc' dir='ltr'>κύματα</span> <span class='ocrx_word' id='word_1_207' title='bbox 1167 2584 1414 2653; x_wconf 85' lang='grc' dir='ltr'>φαίνεται</span> <span class='ocrx_word' id='word_1_208' title='bbox 1449 2583 1718 2648; x_wconf 80' lang='grc' dir='ltr'>ἐξελθόντι</span> <span class='ocrx_word' id='word_1_209' title='bbox 1745 2581 1838 2634; x_wconf 91' lang='grc' dir='ltr'>τοῦ</span> <span class='ocrx_word' id='word_1_210' title='bbox 1872 2583 2029 2652; x_wconf 82' lang='grc' dir='ltr'>λιμέ-</span> 
     </span>
    </p>
   </div>
   <div class='ocr_carea' id='block_1_28' title="bbox 455 2665 2032 2741">
    <p class='ocr_par' dir='ltr' id='par_1_28' title="bbox 455 2665 2032 2741">
     <span class='ocr_line' id='line_1_28' title="bbox 455 2665 2032 2741; baseline -0.003 -18"><span class='ocrx_word' id='word_1_211' title='bbox 455 2687 566 2734; x_wconf 87' lang='grc' dir='ltr'>νος,</span> <span class='ocrx_word' id='word_1_212' title='bbox 604 2672 638 2741; x_wconf 82' lang='grc' dir='ltr'><strong>ἡ</strong></span> <span class='ocrx_word' id='word_1_213' title='bbox 674 2669 912 2741; x_wconf 90' lang='grc' dir='ltr'>ἐμπορία</span> <span class='ocrx_word' id='word_1_214' title='bbox 935 2669 992 2722; x_wconf 77' lang='grc' dir='ltr'>δὲ</span> <span class='ocrx_word' id='word_1_215' title='bbox 1021 2669 1082 2720; x_wconf 78' lang='grc' dir='ltr'>ού</span> <span class='ocrx_word' id='word_1_216' title='bbox 1114 2669 1362 2736; x_wconf 85' lang='grc' dir='ltr'>φαίνεται</span> <span class='ocrx_word' id='word_1_217' title='bbox 1385 2686 1397 2698; x_wconf 91' lang='grc'><strong>·</strong></span> <span class='ocrx_word' id='word_1_218' title='bbox 1434 2671 1491 2720; x_wconf 84' lang='grc' dir='ltr'>ἐν</span> <span class='ocrx_word' id='word_1_219' title='bbox 1536 2666 1714 2720; x_wconf 87' lang='grc' dir='ltr'>ἐλπίσι</span> <span class='ocrx_word' id='word_1_220' title='bbox 1748 2665 1857 2737; x_wconf 88' lang='grc' dir='ltr'>γάρ</span> <span class='ocrx_word' id='word_1_221' title='bbox 1887 2669 2032 2719; x_wconf 88' lang='grc' dir='ltr'>ἐστιν</span> 
     </span>
    </p>
   </div>
   <div class='ocr_carea' id='block_1_29' title="bbox 457 2749 2034 2822">
    <p class='ocr_par' dir='ltr' id='par_1_29' title="bbox 457 2749 2034 2822">
     <span class='ocr_line' id='line_1_29' title="bbox 457 2749 2034 2822; baseline -0.004 -16"><span class='ocrx_word' id='word_1_222' title='bbox 457 2753 558 2808; x_wconf 68' lang='grc' dir='ltr'>ἔτι.</span> <span class='ocrx_word' id='word_1_223' title='bbox 605 2753 743 2805; x_wconf 82' lang='grc' dir='ltr'>Ἀλλ’</span> <span class='ocrx_word' id='word_1_224' title='bbox 775 2753 923 2822; x_wconf 80' lang='grc' dir='ltr'>ὅμως</span> <span class='ocrx_word' id='word_1_225' title='bbox 949 2751 1013 2804; x_wconf 85' lang='grc' dir='ltr'>ἂν</span> <span class='ocrx_word' id='word_1_226' title='bbox 1051 2753 1124 2822; x_wconf 85' lang='grc' dir='ltr'>μὴ</span> <span class='ocrx_word' id='word_1_227' title='bbox 1155 2749 1290 2820; x_wconf 82' lang='grc' dir='ltr'>πρὸς</span> <span class='ocrx_word' id='word_1_228' title='bbox 1335 2750 1548 2821; x_wconf 87' lang='grc' dir='ltr'>ἐκείνην</span> <span class='ocrx_word' id='word_1_229' title='bbox 1579 2749 1662 2821; x_wconf 82' lang='grc' dir='ltr'>ἴδῃ</span> <span class='ocrx_word' id='word_1_230' title='bbox 1699 2749 1910 2819; x_wconf 86' lang='grc' dir='ltr'>πρῶτον</span> <span class='ocrx_word' id='word_1_231' title='bbox 1933 2749 2034 2819; x_wconf 82' lang='grc' dir='ltr'>τὴν</span> 
     </span>
    </p>
   </div>
   <div class='ocr_carea' id='block_1_30' title="bbox 456 2828 2032 2906">
    <p class='ocr_par' dir='ltr' id='par_1_30' title="bbox 456 2828 2032 2906">
     <span class='ocr_line' id='line_1_30' title="bbox 456 2828 2032 2906; baseline -0.006 -16"><span class='ocrx_word' id='word_1_232' title='bbox 456 2835 638 2906; x_wconf 86' lang='grc' dir='ltr'>ἀφανῆ</span> <span class='ocrx_word' id='word_1_233' title='bbox 671 2836 767 2888; x_wconf 72' lang='grc' dir='ltr'>καὶ</span> <span class='ocrx_word' id='word_1_234' title='bbox 798 2834 874 2906; x_wconf 83' lang='grc' dir='ltr'>μὴ</span> <span class='ocrx_word' id='word_1_235' title='bbox 906 2833 1204 2905; x_wconf 87' lang='grc' dir='ltr'>παροῦσαν,</span> <span class='ocrx_word' id='word_1_236' title='bbox 1243 2832 1376 2903; x_wconf 84' lang='grc' dir='ltr'>μηδέ</span> <span class='ocrx_word' id='word_1_237' title='bbox 1407 2833 1465 2885; x_wconf 82' lang='grc' dir='ltr'>ἐν</span> <span class='ocrx_word' id='word_1_238' title='bbox 1495 2832 1680 2903; x_wconf 75' lang='grc' dir='ltr'>χερσὶν</span> <span class='ocrx_word' id='word_1_239' title='bbox 1707 2828 1890 2893; x_wconf 81' lang='grc' dir='ltr'>οὖσαν,</span> <span class='ocrx_word' id='word_1_240' title='bbox 1919 2829 2032 2884; x_wconf 87' lang='grc' dir='ltr'>ἀλλ’</span> 
     </span>
    </p>
   </div>
   <div class='ocr_carea' id='block_1_31' title="bbox 458 2915 2036 2986">
    <p class='ocr_par' dir='ltr' id='par_1_31' title="bbox 458 2915 2036 2986">
     <span class='ocr_line' id='line_1_31' title="bbox 458 2915 2036 2986; baseline -0.004 -13"><span class='ocrx_word' id='word_1_241' title='bbox 458 2922 517 2973; x_wconf 88' lang='grc' dir='ltr'>ἐν</span> <span class='ocrx_word' id='word_1_242' title='bbox 553 2918 784 2982; x_wconf 79' lang='grc' dir='ltr'>ἐλπίσιν,</span> <span class='ocrx_word' id='word_1_243' title='bbox 818 2918 916 2971; x_wconf 74' lang='grc' dir='ltr'>οὐκ</span> <span class='ocrx_word' id='word_1_244' title='bbox 947 2917 1012 2970; x_wconf 84' lang='grc' dir='ltr'>ἂν</span> <span class='ocrx_word' id='word_1_245' title='bbox 1043 2917 1240 2986; x_wconf 66' lang='grc' dir='ltr'>ἅψαιτο</span> <span class='ocrx_word' id='word_1_246' title='bbox 1266 2915 1469 2969; x_wconf 89' lang='grc' dir='ltr'>τούτων</span> <span class='ocrx_word' id='word_1_247' title='bbox 1503 2915 1612 2968; x_wconf 90' lang='grc' dir='ltr'>τῶν</span> <span class='ocrx_word' id='word_1_248' title='bbox 1639 2915 1921 2986; x_wconf 82' lang='grc' dir='ltr'>παρόντων</span> <span class='ocrx_word' id='word_1_249' title='bbox 1942 2915 2036 2967; x_wconf 76' lang='grc' dir='ltr'>καὶ</span> 
     </span>
    </p>
   </div>
   <div class='ocr_carea' id='block_1_32' title="bbox 459 2996 2036 3073">
    <p class='ocr_par' dir='ltr' id='par_1_32' title="bbox 459 2996 2036 3073">
     <span class='ocr_line' id='line_1_32' title="bbox 459 2996 2036 3073; baseline -0.003 -17"><span class='ocrx_word' id='word_1_250' title='bbox 459 3001 819 3073; x_wconf 80' lang='grc' dir='ltr'>φαινομένων.</span> <span class='ocrx_word' id='word_1_251' title='bbox 858 2999 1012 3053; x_wconf 86' lang='grc' dir='ltr'>Οῦτω</span> <span class='ocrx_word' id='word_1_252' title='bbox 1042 3000 1135 3053; x_wconf 80' lang='grc' dir='ltr'>καὶ</span> <span class='ocrx_word' id='word_1_253' title='bbox 1186 3000 1429 3070; x_wconf 82' lang='grc' dir='ltr'>γεωργὸς</span> <span class='ocrx_word' id='word_1_254' title='bbox 1460 2997 1711 3066; x_wconf 75' lang='grc' dir='ltr'>ζεύγνυσι</span> <span class='ocrx_word' id='word_1_255' title='bbox 1760 2996 1909 3068; x_wconf 82' lang='grc' dir='ltr'>βόας.</span> <span class='ocrx_word' id='word_1_256' title='bbox 1941 2999 2036 3051; x_wconf 70' lang='grc' dir='ltr'>καὶ</span> 
     </span>
    </p>
   </div>
   <div class='ocr_carea' id='block_1_33' title="bbox 458 3080 2037 3157">
    <p class='ocr_par' dir='ltr' id='par_1_33' title="bbox 458 3080 2037 3157">
     <span class='ocr_line' id='line_1_33' title="bbox 458 3080 2037 3157; baseline -0.004 -18"><span class='ocrx_word' id='word_1_257' title='bbox 458 3085 689 3157; x_wconf 77' lang='grc' dir='ltr'>ἄροτρον</span> <span class='ocrx_word' id='word_1_258' title='bbox 729 3084 897 3148; x_wconf 78' lang='grc' dir='ltr'>ἐλκει,</span> <span class='ocrx_word' id='word_1_259' title='bbox 949 3085 1043 3138; x_wconf 73' lang='grc' dir='ltr'>καὶ</span> <span class='ocrx_word' id='word_1_260' title='bbox 1087 3082 1304 3153; x_wconf 80' lang='grc' dir='ltr'>βαθεῖαν</span> <span class='ocrx_word' id='word_1_261' title='bbox 1339 3080 1558 3135; x_wconf 82' lang='grc' dir='ltr'>αῦλακα</span> <span class='ocrx_word' id='word_1_262' title='bbox 1598 3081 1912 3151; x_wconf 83' lang='grc' dir='ltr'>ἀνατέμνει,</span> <span class='ocrx_word' id='word_1_263' title='bbox 1943 3081 2037 3132; x_wconf 75' lang='grc' dir='ltr'>καὶ</span> 
     </span>
    </p>
   </div>
   <div class='ocr_carea' id='block_1_34' title="bbox 461 3162 2033 3238">
    <p class='ocr_par' dir='ltr' id='par_1_34' title="bbox 461 3162 2033 3238">
     <span class='ocr_line' id='line_1_34' title="bbox 461 3162 2033 3238; baseline -0.004 -18"><span class='ocrx_word' id='word_1_264' title='bbox 461 3168 753 3238; x_wconf 79' lang='grc' dir='ltr'>σπέρματα</span> <span class='ocrx_word' id='word_1_265' title='bbox 786 3165 1134 3227; x_wconf 85' lang='grc' dir='ltr'>καταϐάλλει,</span> <span class='ocrx_word' id='word_1_266' title='bbox 1172 3165 1266 3218; x_wconf 70' lang='grc' dir='ltr'>καὶ</span> <span class='ocrx_word' id='word_1_267' title='bbox 1297 3165 1364 3217; x_wconf 89' lang='grc' dir='ltr'>τά</span> <span class='ocrx_word' id='word_1_268' title='bbox 1405 3164 1532 3217; x_wconf 76' lang='grc' dir='ltr'>ὄντα</span> <span class='ocrx_word' id='word_1_269' title='bbox 1561 3162 1773 3216; x_wconf 75' lang='grc' dir='ltr'>ἅπαντα</span> <span class='ocrx_word' id='word_1_270' title='bbox 1801 3162 2033 3233; x_wconf 80' lang='grc' dir='ltr'>δαπανᾷ,</span> 
     </span>
    </p>
   </div>
   <div class='ocr_carea' id='block_1_35' title="bbox 461 3247 2037 3322">
    <p class='ocr_par' dir='ltr' id='par_1_35' title="bbox 461 3247 2037 3322">
     <span class='ocr_line' id='line_1_35' title="bbox 461 3247 2037 3322; baseline -0.004 -17"><span class='ocrx_word' id='word_1_271' title='bbox 461 3251 556 3305; x_wconf 77' lang='grc' dir='ltr'>καὶ</span> <span class='ocrx_word' id='word_1_272' title='bbox 586 3251 795 3322; x_wconf 77' lang='grc' dir='ltr'>κρυμὸν</span> <span class='ocrx_word' id='word_1_273' title='bbox 820 3252 915 3304; x_wconf 69' lang='grc' dir='ltr'>καὶ</span> <span class='ocrx_word' id='word_1_274' title='bbox 941 3250 1113 3317; x_wconf 86' lang='grc' dir='ltr'>πάγον</span> <span class='ocrx_word' id='word_1_275' title='bbox 1145 3249 1236 3302; x_wconf 76' lang='grc' dir='ltr'>καὶ</span> <span class='ocrx_word' id='word_1_276' title='bbox 1260 3247 1497 3320; x_wconf 75' lang='grc' dir='ltr'>ὄμϐρους</span> <span class='ocrx_word' id='word_1_277' title='bbox 1522 3248 1612 3300; x_wconf 73' lang='grc' dir='ltr'>καὶ</span> <span class='ocrx_word' id='word_1_278' title='bbox 1638 3247 1829 3317; x_wconf 90' lang='grc' dir='ltr'>ἐτέρας</span> <span class='ocrx_word' id='word_1_279' title='bbox 1851 3247 2037 3316; x_wconf 88' lang='grc' dir='ltr'>ἀνέχε-</span> 
     </span>
    </p>
   </div>
   <div class='ocr_carea' id='block_1_36' title="bbox 461 3329 2039 3403">
    <p class='ocr_par' dir='ltr' id='par_1_36' title="bbox 461 3329 2039 3403">
     <span class='ocr_line' id='line_1_36' title="bbox 461 3329 2039 3403; baseline -0.003 -15"><span class='ocrx_word' id='word_1_280' title='bbox 461 3352 552 3388; x_wconf 88' lang='grc' dir='ltr'>ται</span> <span class='ocrx_word' id='word_1_281' title='bbox 593 3332 968 3403; x_wconf 78' lang='grc' dir='ltr'>ταλαιπωρίας</span> <span class='ocrx_word' id='word_1_282' title='bbox 1003 3331 1224 3395; x_wconf 85' lang='grc' dir='ltr'>πολλὰς,</span> <span class='ocrx_word' id='word_1_283' title='bbox 1257 3333 1351 3384; x_wconf 70' lang='grc' dir='ltr'>καὶ</span> <span class='ocrx_word' id='word_1_284' title='bbox 1376 3331 1513 3401; x_wconf 90' lang='grc' dir='ltr'>μετά</span> <span class='ocrx_word' id='word_1_285' title='bbox 1544 3331 1635 3384; x_wconf 79' lang='grc' dir='ltr'>τὸν</span> <span class='ocrx_word' id='word_1_286' title='bbox 1664 3331 1823 3383; x_wconf 87' lang='grc' dir='ltr'>πόνον</span> <span class='ocrx_word' id='word_1_287' title='bbox 1851 3329 2039 3383; x_wconf 88' lang='grc' dir='ltr'>τοῦτον</span> 
     </span>
    </p>
   </div>
   <div class='ocr_carea' id='block_1_37' title="bbox 463 3413 2039 3486">
    <p class='ocr_par' dir='ltr' id='par_1_37' title="bbox 463 3413 2039 3486">
     <span class='ocr_line' id='line_1_37' title="bbox 463 3413 2039 3486; baseline -0.001 -18"><span class='ocrx_word' id='word_1_288' title='bbox 463 3417 736 3486; x_wconf 78' lang='grc' dir='ltr'>προσδοκᾷ</span> <span class='ocrx_word' id='word_1_289' title='bbox 771 3415 1028 3485; x_wconf 88' lang='grc' dir='ltr'>κομῶντα</span> <span class='ocrx_word' id='word_1_290' title='bbox 1067 3413 1292 3482; x_wconf 64' lang='grc' dir='ltr'>δψεσθαι</span> <span class='ocrx_word' id='word_1_291' title='bbox 1321 3415 1388 3466; x_wconf 88' lang='grc' dir='ltr'>τά</span> <span class='ocrx_word' id='word_1_292' title='bbox 1429 3413 1573 3484; x_wconf 83' lang='grc' dir='ltr'>λήῖα,</span> <span class='ocrx_word' id='word_1_293' title='bbox 1620 3414 1714 3466; x_wconf 75' lang='grc' dir='ltr'>καὶ</span> <span class='ocrx_word' id='word_1_294' title='bbox 1745 3413 2039 3484; x_wconf 86' lang='grc' dir='ltr'>πεπληρω-</span> 
     </span>
    </p>
   </div>
   <div class='ocr_carea' id='block_1_38' title="bbox 469 3495 2040 3570">
    <p class='ocr_par' dir='ltr' id='par_1_38' title="bbox 469 3495 2040 3570">
     <span class='ocr_line' id='line_1_38' title="bbox 469 3495 2040 3570; baseline -0.003 -18"><span class='ocrx_word' id='word_1_295' title='bbox 469 3501 638 3570; x_wconf 86' lang='grc' dir='ltr'>μένην</span> <span class='ocrx_word' id='word_1_296' title='bbox 669 3499 767 3567; x_wconf 82' lang='grc' dir='ltr'>τὴν</span> <span class='ocrx_word' id='word_1_297' title='bbox 794 3497 992 3552; x_wconf 82' lang='grc' dir='ltr'>ἀλωνα.</span> <span class='ocrx_word' id='word_1_298' title='bbox 1036 3497 1198 3567; x_wconf 79' lang='grc' dir='ltr'>Ὁρᾷς</span> <span class='ocrx_word' id='word_1_299' title='bbox 1238 3497 1353 3558; x_wconf 89' lang='grc' dir='ltr'>πῶς</span> <span class='ocrx_word' id='word_1_300' title='bbox 1399 3498 1492 3548; x_wconf 78' lang='grc' dir='ltr'>καὶ</span> <span class='ocrx_word' id='word_1_301' title='bbox 1515 3495 1747 3548; x_wconf 89' lang='grc' dir='ltr'>ἐνταῦθα</span> <span class='ocrx_word' id='word_1_302' title='bbox 1776 3496 2040 3567; x_wconf 87' lang='grc' dir='ltr'>πρότερος</span> 
     </span>
    </p>
   </div>
   <div class='ocr_carea' id='block_1_39' title="bbox 464 3577 2043 3650">
    <p class='ocr_par' dir='ltr' id='par_1_39' title="bbox 464 3577 2043 3650">
     <span class='ocr_line' id='line_1_39' title="bbox 464 3577 2043 3650; baseline -0.005 -13"><span class='ocrx_word' id='word_1_303' title='bbox 464 3585 492 3636; x_wconf 97' lang='lat'>6</span> <span class='ocrx_word' id='word_1_304' title='bbox 528 3583 707 3645; x_wconf 85' lang='grc' dir='ltr'>πόνος,</span> <span class='ocrx_word' id='word_1_305' title='bbox 728 3581 821 3634; x_wconf 74' lang='grc' dir='ltr'>καὶ</span> <span class='ocrx_word' id='word_1_306' title='bbox 849 3579 984 3650; x_wconf 88' lang='grc' dir='ltr'>μετά</span> <span class='ocrx_word' id='word_1_307' title='bbox 1013 3579 1183 3632; x_wconf 89' lang='grc' dir='ltr'>ταῦτα</span> <span class='ocrx_word' id='word_1_308' title='bbox 1218 3581 1246 3632; x_wconf 92' lang='lat'>6</span> <span class='ocrx_word' id='word_1_309' title='bbox 1279 3577 1468 3649; x_wconf 85' lang='grc' dir='ltr'>μισθός</span> <span class='ocrx_word' id='word_1_310' title='bbox 1489 3595 1503 3608; x_wconf 74' lang='grc'><strong><em>⁸</em></strong></span> <span class='ocrx_word' id='word_1_311' title='bbox 1539 3578 1684 3630; x_wconf 83' lang='grc' dir='ltr'>καὶὸ</span> <span class='ocrx_word' id='word_1_312' title='bbox 1717 3579 1815 3647; x_wconf 74' lang='grc' dir='ltr'>μὲν</span> <span class='ocrx_word' id='word_1_313' title='bbox 1851 3578 2043 3648; x_wconf 84' lang='grc' dir='ltr'>μισθὸς</span> 
     </span>
    </p>
   </div>
   <div class='ocr_carea' id='block_1_40' title="bbox 464 3661 2044 3734">
    <p class='ocr_par' dir='ltr' id='par_1_40' title="bbox 464 3661 2044 3734">
     <span class='ocr_line' id='line_1_40' title="bbox 464 3661 2044 3734; baseline -0.004 -15"><span class='ocrx_word' id='word_1_314' title='bbox 464 3664 678 3734; x_wconf 69' lang='grc' dir='ltr'>ἄδηλος,</span> <span class='ocrx_word' id='word_1_315' title='bbox 717 3665 745 3716; x_wconf 90' lang='lat'>6</span> <span class='ocrx_word' id='word_1_316' title='bbox 768 3663 824 3716; x_wconf 83' lang='grc' dir='ltr'>δὲ</span> <span class='ocrx_word' id='word_1_317' title='bbox 860 3663 1019 3725; x_wconf 84' lang='grc' dir='ltr'>πόνος</span> <span class='ocrx_word' id='word_1_318' title='bbox 1041 3662 1198 3732; x_wconf 83' lang='grc' dir='ltr'>δῆλος</span> <span class='ocrx_word' id='word_1_319' title='bbox 1237 3663 1334 3716; x_wconf 69' lang='grc' dir='ltr'>καὶ</span> <span class='ocrx_word' id='word_1_320' title='bbox 1375 3662 1604 3731; x_wconf 88' lang='grc' dir='ltr'>φανερός</span> <span class='ocrx_word' id='word_1_321' title='bbox 1624 3677 1638 3691; x_wconf 74' lang='grc' dir='ltr'><strong>ο</strong></span> <span class='ocrx_word' id='word_1_322' title='bbox 1666 3662 1916 3723; x_wconf 89' lang='grc' dir='ltr'>κάκεῖνος</span> <span class='ocrx_word' id='word_1_323' title='bbox 1942 3661 2044 3730; x_wconf 84' lang='grc' dir='ltr'>μὲν</span> 
     </span>
    </p>
   </div>
   <div class='ocr_carea' id='block_1_41' title="bbox 464 3737 2041 3816">
    <p class='ocr_par' dir='ltr' id='par_1_41' title="bbox 464 3737 2041 3816">
     <span class='ocr_line' id='line_1_41' title="bbox 464 3737 2041 3816; baseline -0.003 -15"><span class='ocrx_word' id='word_1_324' title='bbox 464 3750 524 3801; x_wconf 82' lang='grc' dir='ltr'>ἐν</span> <span class='ocrx_word' id='word_1_325' title='bbox 550 3747 783 3812; x_wconf 83' lang='grc' dir='ltr'>ἐλπίσιν,</span> <span class='ocrx_word' id='word_1_326' title='bbox 809 3739 964 3810; x_wconf 74' lang='grc' dir='ltr'>οὗτος</span> <span class='ocrx_word' id='word_1_327' title='bbox 989 3747 1046 3798; x_wconf 88' lang='grc' dir='ltr'>δὲ</span> <span class='ocrx_word' id='word_1_328' title='bbox 1073 3748 1128 3798; x_wconf 87' lang='grc' dir='ltr'>ἐν</span> <span class='ocrx_word' id='word_1_329' title='bbox 1149 3746 1366 3816; x_wconf 89' lang='grc' dir='ltr'>χερσίν;</span> <span class='ocrx_word' id='word_1_330' title='bbox 1412 3745 1550 3798; x_wconf 81' lang='grc' dir='ltr'>Ἀλλ’</span> <span class='ocrx_word' id='word_1_331' title='bbox 1585 3745 1733 3814; x_wconf 86' lang='grc' dir='ltr'>ὅμως</span> <span class='ocrx_word' id='word_1_332' title='bbox 1765 3746 1859 3798; x_wconf 77' lang='grc' dir='ltr'>καὶ</span> <span class='ocrx_word' id='word_1_333' title='bbox 1887 3737 2041 3809; x_wconf 71' lang='grc' dir='ltr'>οὗτος</span> 
     </span>
    </p>
   </div>
   <div class='ocr_carea' id='block_1_42' title="bbox 465 3825 2041 3902">
    <p class='ocr_par' dir='ltr' id='par_1_42' title="bbox 465 3825 2041 3902">
     <span class='ocr_line' id='line_1_42' title="bbox 465 3825 2041 3902; baseline -0.003 -18"><span class='ocrx_word' id='word_1_334' title='bbox 465 3832 531 3884; x_wconf 82' lang='grc' dir='ltr'>ἂν</span> <span class='ocrx_word' id='word_1_335' title='bbox 567 3830 642 3901; x_wconf 79' lang='grc' dir='ltr'>μὴ</span> <span class='ocrx_word' id='word_1_336' title='bbox 667 3830 928 3902; x_wconf 87' lang='grc' dir='ltr'>πρότερον</span> <span class='ocrx_word' id='word_1_337' title='bbox 955 3829 1090 3899; x_wconf 89' lang='grc' dir='ltr'>πρὸς</span> <span class='ocrx_word' id='word_1_338' title='bbox 1113 3830 1316 3881; x_wconf 89' lang='grc' dir='ltr'>ἐκεῖνον</span> <span class='ocrx_word' id='word_1_339' title='bbox 1345 3828 1430 3899; x_wconf 78' lang='grc' dir='ltr'>ἴδῃ</span> <span class='ocrx_word' id='word_1_340' title='bbox 1455 3827 1546 3880; x_wconf 78' lang='grc' dir='ltr'>τὸν</span> <span class='ocrx_word' id='word_1_341' title='bbox 1572 3828 1762 3898; x_wconf 86' lang='grc' dir='ltr'>ἄδηλον</span> <span class='ocrx_word' id='word_1_342' title='bbox 1783 3825 1871 3880; x_wconf 81' lang='grc' dir='ltr'>καὶ</span> <span class='ocrx_word' id='word_1_343' title='bbox 1896 3828 2041 3896; x_wconf 87' lang='grc' dir='ltr'>ἀφα-</span> 
     </span>
    </p>
   </div>
   <div class='ocr_carea' id='block_1_43' title="bbox 467 3909 2042 3986">
    <p class='ocr_par' dir='ltr' id='par_1_43' title="bbox 467 3909 2042 3986">
     <span class='ocr_line' id='line_1_43' title="bbox 467 3909 2042 3986; baseline -0.002 -19"><span class='ocrx_word' id='word_1_344' title='bbox 467 3916 531 3986; x_wconf 88' lang='grc' dir='ltr'>νῆ</span> <span class='ocrx_word' id='word_1_345' title='bbox 579 3917 671 3968; x_wconf 72' lang='grc' dir='ltr'>καὶ</span> <span class='ocrx_word' id='word_1_346' title='bbox 721 3914 795 3985; x_wconf 79' lang='grc' dir='ltr'>μὴ</span> <span class='ocrx_word' id='word_1_347' title='bbox 847 3913 1172 3983; x_wconf 85' lang='grc' dir='ltr'>βλεπόμενον</span> <span class='ocrx_word' id='word_1_348' title='bbox 1202 3915 1313 3974; x_wconf 88' lang='grc' dir='ltr'>τοῖς</span> <span class='ocrx_word' id='word_1_349' title='bbox 1337 3911 1632 3982; x_wconf 79' lang='grc' dir='ltr'>ὀφθαλμοῖς</span> <span class='ocrx_word' id='word_1_350' title='bbox 1664 3911 1756 3964; x_wconf 89' lang='grc' dir='ltr'>τοῦ</span> <span class='ocrx_word' id='word_1_351' title='bbox 1795 3909 2042 3981; x_wconf 85' lang='grc' dir='ltr'>σώματος</span> 
     </span>
    </p>
   </div>
   <div class='ocr_carea' id='block_1_44' title="bbox 472 3992 2041 4069">
    <p class='ocr_par' dir='ltr' id='par_1_44' title="bbox 472 3992 2041 4069">
     <span class='ocr_line' id='line_1_44' title="bbox 472 3992 2041 4069; baseline -0.003 -18"><span class='ocrx_word' id='word_1_352' title='bbox 472 3997 682 4069; x_wconf 75' lang='grc' dir='ltr'>μισθὸν,</span> <span class='ocrx_word' id='word_1_353' title='bbox 707 3997 766 4050; x_wconf 83' lang='grc' dir='ltr'>οῦ</span> <span class='ocrx_word' id='word_1_354' title='bbox 796 3997 954 4068; x_wconf 90' lang='grc' dir='ltr'>μόνον</span> <span class='ocrx_word' id='word_1_355' title='bbox 977 3996 1036 4048; x_wconf 78' lang='grc' dir='ltr'>ού</span> <span class='ocrx_word' id='word_1_356' title='bbox 1077 3993 1254 4058; x_wconf 78' lang='grc' dir='ltr'>ζεύξει</span> <span class='ocrx_word' id='word_1_357' title='bbox 1282 3992 1428 4063; x_wconf 85' lang='grc' dir='ltr'>βόας,</span> <span class='ocrx_word' id='word_1_358' title='bbox 1466 3994 1586 4047; x_wconf 65' lang='grc' dir='ltr'>οὐδὲ</span> <span class='ocrx_word' id='word_1_359' title='bbox 1616 3994 1841 4066; x_wconf 86' lang='grc' dir='ltr'>ἄροτρον</span> <span class='ocrx_word' id='word_1_360' title='bbox 1877 3993 2041 4060; x_wconf 74' lang='grc' dir='ltr'>ἕλξει,</span> 
     </span>
    </p>
   </div>
   <div class='ocr_carea' id='block_1_45' title="bbox 469 4077 2043 4152">
    <p class='ocr_par' dir='ltr' id='par_1_45' title="bbox 469 4077 2043 4152">
     <span class='ocr_line' id='line_1_45' title="bbox 469 4077 2043 4152; baseline -0.003 -17"><span class='ocrx_word' id='word_1_361' title='bbox 469 4081 586 4136; x_wconf 73' lang='grc' dir='ltr'>οὐδὲ</span> <span class='ocrx_word' id='word_1_362' title='bbox 646 4080 937 4152; x_wconf 87' lang='grc' dir='ltr'>σπέρματα</span> <span class='ocrx_word' id='word_1_363' title='bbox 985 4078 1312 4143; x_wconf 91' lang='grc' dir='ltr'>καταϐαλεῖ,</span> <span class='ocrx_word' id='word_1_364' title='bbox 1348 4077 1462 4132; x_wconf 76' lang='grc' dir='ltr'>ἀλλ’</span> <span class='ocrx_word' id='word_1_365' title='bbox 1515 4079 1636 4132; x_wconf 76' lang='grc' dir='ltr'>ούδέ</span> <span class='ocrx_word' id='word_1_366' title='bbox 1690 4078 2043 4148; x_wconf 78' lang='grc' dir='ltr'>κινηθήσεται</span> 
     </span>
    </p>
   </div>
   <div class='ocr_carea' id='block_1_46' title="bbox 473 4159 2044 4236">
    <p class='ocr_par' dir='ltr' id='par_1_46' title="bbox 473 4159 2044 4236">
     <span class='ocr_line' id='line_1_46' title="bbox 473 4159 2044 4236; baseline -0.003 -16"><span class='ocrx_word' id='word_1_367' title='bbox 473 4165 681 4220; x_wconf 82' lang='grc' dir='ltr'>ο”’κοθεν</span> <span class='ocrx_word' id='word_1_368' title='bbox 727 4165 864 4236; x_wconf 83' lang='grc' dir='ltr'>πρὸς</span> <span class='ocrx_word' id='word_1_369' title='bbox 911 4165 1011 4236; x_wconf 83' lang='grc' dir='ltr'>τὴν</span> <span class='ocrx_word' id='word_1_370' title='bbox 1061 4164 1322 4236; x_wconf 81' lang='grc' dir='ltr'>ἐργασίαν</span> <span class='ocrx_word' id='word_1_371' title='bbox 1377 4162 1580 4232; x_wconf 85' lang='grc' dir='ltr'>ταύτην</span> <span class='ocrx_word' id='word_1_372' title='bbox 1619 4163 1767 4216; x_wconf 91' lang='grc' dir='ltr'>ποτέ.</span> <span class='ocrx_word' id='word_1_373' title='bbox 1797 4162 1922 4226; x_wconf 86' lang='grc' dir='ltr'>Πῶς</span> <span class='ocrx_word' id='word_1_374' title='bbox 1951 4159 2044 4215; x_wconf 68' lang='grc' dir='ltr'>οὖν</span> 
     </span>
    </p>
   </div>
   <div class='ocr_carea' id='block_1_47' title="bbox 471 4245 2051 4318">
    <p class='ocr_par' dir='ltr' id='par_1_47' title="bbox 471 4245 2051 4318">
     <span class='ocr_line' id='line_1_47' title="bbox 471 4245 2051 4318; baseline -0.003 -16"><span class='ocrx_word' id='word_1_375' title='bbox 471 4251 668 4302; x_wconf 76' lang='grc' dir='ltr'>ἄτοπον</span> <span class='ocrx_word' id='word_1_376' title='bbox 701 4251 794 4301; x_wconf 75' lang='grc' dir='ltr'>ἐπὶ</span> <span class='ocrx_word' id='word_1_377' title='bbox 843 4249 940 4318; x_wconf 83' lang='grc' dir='ltr'>μὲν</span> <span class='ocrx_word' id='word_1_378' title='bbox 969 4248 1076 4300; x_wconf 88' lang='grc' dir='ltr'>τῶν</span> <span class='ocrx_word' id='word_1_379' title='bbox 1116 4248 1387 4317; x_wconf 83' lang='grc' dir='ltr'>βιωτικῶν</span> <span class='ocrx_word' id='word_1_380' title='bbox 1430 4246 1777 4317; x_wconf 81' lang='grc' dir='ltr'>πραγμάτων</span> <span class='ocrx_word' id='word_1_381' title='bbox 1806 4245 1912 4317; x_wconf 85' lang='grc' dir='ltr'>πρὸ</span> <span class='ocrx_word' id='word_1_382' title='bbox 1938 4245 2051 4298; x_wconf 84' lang='grc' dir='ltr'>τῶν</span> 
     </span>
    </p>
   </div>
   <div class='ocr_carea' id='block_1_48' title="bbox 473 4329 2048 4402">
    <p class='ocr_par' dir='ltr' id='par_1_48' title="bbox 473 4329 2048 4402">
     <span class='ocr_line' id='line_1_48' title="bbox 473 4329 2048 4402; baseline -0.004 -17"><span class='ocrx_word' id='word_1_383' title='bbox 473 4331 627 4402; x_wconf 57' lang='grc' dir='ltr'>ζόῦθ]</span> <span class='ocrx_word' id='word_1_384' title='bbox 675 4330 924 4401; x_wconf 76' lang='grc' dir='ltr'>φανερῶν</span> <span class='ocrx_word' id='word_1_385' title='bbox 953 4329 1022 4382; x_wconf 77' lang='grc' dir='ltr'>τά</span> <span class='ocrx_word' id='word_1_386' title='bbox 1051 4330 1233 4397; x_wconf 82' lang='grc' dir='ltr'>ἀφανῆ</span> <span class='ocrx_word' id='word_1_387' title='bbox 1275 4329 1512 4398; x_wconf 85' lang='grc' dir='ltr'>βλέπειν,</span> <span class='ocrx_word' id='word_1_388' title='bbox 1554 4331 1648 4380; x_wconf 67' lang='grc' dir='ltr'>καὶ</span> <span class='ocrx_word' id='word_1_389' title='bbox 1677 4329 1781 4398; x_wconf 62' lang='grc' dir='ltr'>πρὸ</span> <span class='ocrx_word' id='word_1_390' title='bbox 1821 4329 1926 4381; x_wconf 88' lang='grc' dir='ltr'>τῶν</span> <span class='ocrx_word' id='word_1_391' title='bbox 1959 4345 2048 4397; x_wconf 91' lang='grc' dir='ltr'>μι-</span> 
     </span>
    </p>
   </div>
   <div class='ocr_carea' id='block_1_49' title="bbox 476 4408 2050 4478">
    <p class='ocr_par' dir='ltr' id='par_1_49' title="bbox 476 4408 2050 4478">
     <span class='ocr_line' id='line_1_49' title="bbox 476 4408 2050 4478; baseline -0.003 -13"><span class='ocrx_word' id='word_1_392' title='bbox 476 4412 620 4465; x_wconf 88' lang='grc' dir='ltr'>σθῶν</span> <span class='ocrx_word' id='word_1_393' title='bbox 647 4411 938 4478; x_wconf 79' lang='grc' dir='ltr'>ὑπομένειν</span> <span class='ocrx_word' id='word_1_394' title='bbox 967 4410 1094 4472; x_wconf 78' lang='grc' dir='ltr'>τοὺς</span> <span class='ocrx_word' id='word_1_395' title='bbox 1123 4409 1338 4471; x_wconf 86' lang='grc' dir='ltr'>πόνους,</span> <span class='ocrx_word' id='word_1_396' title='bbox 1361 4409 1454 4463; x_wconf 68' lang='grc' dir='ltr'>καὶ</span> <span class='ocrx_word' id='word_1_397' title='bbox 1486 4409 1750 4477; x_wconf 86' lang='grc' dir='ltr'>πρότερον</span> <span class='ocrx_word' id='word_1_398' title='bbox 1773 4408 1841 4460; x_wconf 86' lang='grc' dir='ltr'>τὰ</span> <span class='ocrx_word' id='word_1_399' title='bbox 1861 4409 2050 4478; x_wconf 89' lang='grc' dir='ltr'>δυσχε-</span> 
     </span>
    </p>
   </div>
   <div class='ocr_carea' id='block_1_50' title="bbox 475 4491 2046 4568">
    <p class='ocr_par' dir='ltr' id='par_1_50' title="bbox 475 4491 2046 4568">
     <span class='ocr_line' id='line_1_50' title="bbox 475 4491 2046 4568; baseline -0.004 -19"><span class='ocrx_word' id='word_1_400' title='bbox 475 4497 546 4568; x_wconf 86' lang='grc' dir='ltr'>ρῆ</span> <span class='ocrx_word' id='word_1_401' title='bbox 581 4495 756 4550; x_wconf 88' lang='grc' dir='ltr'>πάντα</span> <span class='ocrx_word' id='word_1_402' title='bbox 785 4493 1070 4563; x_wconf 87' lang='grc' dir='ltr'>φέροντας,</span> <span class='ocrx_word' id='word_1_403' title='bbox 1095 4493 1217 4544; x_wconf 89' lang='grc' dir='ltr'>τότε</span> <span class='ocrx_word' id='word_1_404' title='bbox 1233 4491 1375 4555; x_wconf 79' lang='grc' dir='ltr'>τάἐξ</span> <span class='ocrx_word' id='word_1_405' title='bbox 1405 4492 1582 4543; x_wconf 80' lang='grc' dir='ltr'>αὐτῶν</span> <span class='ocrx_word' id='word_1_406' title='bbox 1604 4492 1891 4560; x_wconf 87' lang='grc' dir='ltr'>ἀναμένειν</span> <span class='ocrx_word' id='word_1_407' title='bbox 1911 4509 2046 4564; x_wconf 85' lang='grc' dir='ltr'>χρη-</span> 
     </span>
    </p>
   </div>
   <div class='ocr_carea' id='block_1_51' title="bbox 476 4577 2051 4648">
    <p class='ocr_par' dir='ltr' id='par_1_51' title="bbox 476 4577 2051 4648">
     <span class='ocr_line' id='line_1_51' title="bbox 476 4577 2051 4648; baseline -0.003 -13"><span class='ocrx_word' id='word_1_408' title='bbox 476 4582 598 4644; x_wconf 82' lang='grc' dir='ltr'>στά,</span> <span class='ocrx_word' id='word_1_409' title='bbox 623 4581 716 4634; x_wconf 75' lang='grc' dir='ltr'>καὶ</span> <span class='ocrx_word' id='word_1_410' title='bbox 745 4583 864 4643; x_wconf 91' lang='grc' dir='ltr'>ταῖς</span> <span class='ocrx_word' id='word_1_411' title='bbox 881 4579 988 4631; x_wconf 90' lang='grc' dir='ltr'>τῶν</span> <span class='ocrx_word' id='word_1_412' title='bbox 1021 4577 1241 4647; x_wconf 83' lang='grc' dir='ltr'>ἀφανῶν</span> <span class='ocrx_word' id='word_1_413' title='bbox 1267 4577 1448 4630; x_wconf 78' lang='grc' dir='ltr'>ἐλπίσι</span> <span class='ocrx_word' id='word_1_414' title='bbox 1474 4579 1942 4648; x_wconf 86' lang='grc' dir='ltr'>προτρεπομένους</span> <span class='ocrx_word' id='word_1_415' title='bbox 1959 4577 2051 4630; x_wconf 85' lang='grc' dir='ltr'>οῦ-</span> 
     </span>
    </p>
   </div>
   <div class='ocr_carea' id='block_1_52' title="bbox 472 4661 2050 4733">
    <p class='ocr_par' dir='ltr' id='par_1_52' title="bbox 472 4661 2050 4733">
     <span class='ocr_line' id='line_1_52' title="bbox 472 4661 2050 4733; baseline -0.003 -14"><span class='ocrx_word' id='word_1_416' title='bbox 472 4681 580 4728; x_wconf 87' lang='grc' dir='ltr'>τως</span> <span class='ocrx_word' id='word_1_417' title='bbox 599 4662 864 4718; x_wconf 75' lang='grc' dir='ltr'>ἅπτεσθαι</span> <span class='ocrx_word' id='word_1_418' title='bbox 881 4661 988 4715; x_wconf 84' lang='grc' dir='ltr'>τῶν</span> <span class='ocrx_word' id='word_1_419' title='bbox 1015 4662 1261 4733; x_wconf 89' lang='grc' dir='ltr'>φανερῶν</span> <span class='ocrx_word' id='word_1_420' title='bbox 1277 4675 1292 4691; x_wconf 85' lang='lat'><strong><em>°</em></strong></span> <span class='ocrx_word' id='word_1_421' title='bbox 1325 4663 1418 4714; x_wconf 73' lang='grc' dir='ltr'>ἐπὶ</span> <span class='ocrx_word' id='word_1_422' title='bbox 1437 4661 1493 4715; x_wconf 83' lang='grc' dir='ltr'>δὲ</span> <span class='ocrx_word' id='word_1_423' title='bbox 1513 4661 1604 4714; x_wconf 89' lang='grc' dir='ltr'>τοῦ</span> <span class='ocrx_word' id='word_1_424' title='bbox 1627 4661 1758 4714; x_wconf 90' lang='grc' dir='ltr'>Θεοῦ</span> <span class='ocrx_word' id='word_1_425' title='bbox 1783 4662 2050 4726; x_wconf 75' lang='grc' dir='ltr'>διστάζειν</span> 
     </span>
    </p>
   </div>
   <div class='ocr_carea' id='block_1_53' title="bbox 477 4743 2051 4816">
    <p class='ocr_par' dir='ltr' id='par_1_53' title="bbox 477 4743 2051 4816">
     <span class='ocr_line' id='line_1_53' title="bbox 477 4743 2051 4816; baseline -0.003 -16"><span class='ocrx_word' id='word_1_426' title='bbox 477 4749 573 4800; x_wconf 68' lang='grc' dir='ltr'>καὶ</span> <span class='ocrx_word' id='word_1_427' title='bbox 616 4745 1002 4816; x_wconf 85' lang='grc' dir='ltr'>άμφιϐάλλειν,</span> <span class='ocrx_word' id='word_1_428' title='bbox 1033 4744 1129 4798; x_wconf 73' lang='grc' dir='ltr'>καὶ</span> <span class='ocrx_word' id='word_1_429' title='bbox 1175 4744 1280 4815; x_wconf 80' lang='grc' dir='ltr'>πρὸ</span> <span class='ocrx_word' id='word_1_430' title='bbox 1327 4743 1435 4797; x_wconf 89' lang='grc' dir='ltr'>τῶν</span> <span class='ocrx_word' id='word_1_431' title='bbox 1464 4744 1637 4797; x_wconf 86' lang='grc' dir='ltr'>πόνων</span> <span class='ocrx_word' id='word_1_432' title='bbox 1671 4744 1924 4798; x_wconf 86' lang='grc' dir='ltr'>ἀπαιτεῖν</span> <span class='ocrx_word' id='word_1_433' title='bbox 1954 4743 2051 4806; x_wconf 78' lang='grc' dir='ltr'>τὰς</span> 
     </span>
    </p>
   </div>
   <div class='ocr_carea' id='block_1_54' title="bbox 477 4827 2053 4900">
    <p class='ocr_par' dir='ltr' id='par_1_54' title="bbox 477 4827 2053 4900">
     <span class='ocr_line' id='line_1_54' title="bbox 477 4827 2053 4900; baseline -0.003 -17"><span class='ocrx_word' id='word_1_434' title='bbox 477 4830 731 4900; x_wconf 74' lang='grc' dir='ltr'>ἀμοιϐὰς,</span> <span class='ocrx_word' id='word_1_435' title='bbox 771 4830 865 4882; x_wconf 66' lang='grc' dir='ltr'>καὶ</span> <span class='ocrx_word' id='word_1_436' title='bbox 892 4827 1152 4898; x_wconf 88' lang='grc' dir='ltr'>γεωργῶν</span> <span class='ocrx_word' id='word_1_437' title='bbox 1184 4827 1279 4880; x_wconf 71' lang='grc' dir='ltr'>καὶ</span> <span class='ocrx_word' id='word_1_438' title='bbox 1308 4828 1522 4880; x_wconf 86' lang='grc' dir='ltr'>ναυτῶν</span> <span class='ocrx_word' id='word_1_439' title='bbox 1558 4827 2053 4898; x_wconf 73' lang='grc' dir='ltr'>μικροψυχοτέρους</span> 
     </span>
    </p>
   </div>
   <div class='ocr_carea' id='block_1_55' title="bbox 480 4908 2055 4982">
    <p class='ocr_par' dir='ltr' id='par_1_55' title="bbox 480 4908 2055 4982">
     <span class='ocr_line' id='line_1_55' title="bbox 480 4908 2055 4982; baseline 0 -18"><span class='ocrx_word' id='word_1_440' title='bbox 480 4912 804 4981; x_wconf 81' lang='grc' dir='ltr'>φαίνεσθαι;</span> <span class='ocrx_word' id='word_1_441' title='bbox 837 4912 911 4964; x_wconf 82' lang='grc' dir='ltr'><strong>Οὐ</strong></span> <span class='ocrx_word' id='word_1_442' title='bbox 946 4911 1054 4982; x_wconf 88' lang='grc' dir='ltr'>γὰρ</span> <span class='ocrx_word' id='word_1_443' title='bbox 1093 4909 1156 4977; x_wconf 86' lang='grc' dir='ltr'>δὴ</span> <span class='ocrx_word' id='word_1_444' title='bbox 1197 4910 1354 4980; x_wconf 90' lang='grc' dir='ltr'>μόνον</span> <span class='ocrx_word' id='word_1_445' title='bbox 1397 4908 1538 4962; x_wconf 85' lang='grc' dir='ltr'>κατὰ</span> <span class='ocrx_word' id='word_1_446' title='bbox 1562 4909 1720 4962; x_wconf 87' lang='grc' dir='ltr'>τοῦτο</span> <span class='ocrx_word' id='word_1_447' title='bbox 1751 4909 1930 4963; x_wconf 79' lang='grc' dir='ltr'>αὐτῶν</span> <span class='ocrx_word' id='word_1_448' title='bbox 1951 4927 2055 4978; x_wconf 87' lang='grc' dir='ltr'>φα-</span> 
     </span>
    </p>
   </div>
   <div class='ocr_carea' id='block_1_56' title="bbox 479 4991 2056 5066">
    <p class='ocr_par' dir='ltr' id='par_1_56' title="bbox 479 4991 2056 5066">
     <span class='ocr_line' id='line_1_56' title="bbox 479 4991 2056 5066; baseline -0.003 -18"><span class='ocrx_word' id='word_1_449' title='bbox 479 4995 716 5066; x_wconf 86' lang='grc' dir='ltr'>νούμεθα</span> <span class='ocrx_word' id='word_1_450' title='bbox 757 4996 990 5065; x_wconf 83' lang='grc' dir='ltr'>χείρους,</span> <span class='ocrx_word' id='word_1_451' title='bbox 1021 4993 1379 5064; x_wconf 77' lang='grc' dir='ltr'>ἀσχάλλοντες</span> <span class='ocrx_word' id='word_1_452' title='bbox 1412 4993 1547 5064; x_wconf 84' lang='grc' dir='ltr'>πρὸς</span> <span class='ocrx_word' id='word_1_453' title='bbox 1582 4993 1640 5044; x_wconf 77' lang='grc' dir='ltr'>τὸ</span> <span class='ocrx_word' id='word_1_454' title='bbox 1678 4993 1887 5062; x_wconf 86' lang='grc' dir='ltr'>μέλλον,</span> <span class='ocrx_word' id='word_1_455' title='bbox 1919 4991 2056 5045; x_wconf 86' lang='grc' dir='ltr'>ἀλλά</span> 
     </span>
    </p>
   </div>
   <div class='ocr_carea' id='block_1_57' title="bbox 481 5076 2053 5150">
    <p class='ocr_par' dir='ltr' id='par_1_57' title="bbox 481 5076 2053 5150">
     <span class='ocr_line' id='line_1_57' title="bbox 481 5076 2053 5150; baseline -0.002 -18"><span class='ocrx_word' id='word_1_456' title='bbox 481 5081 574 5133; x_wconf 70' lang='grc' dir='ltr'>καὶ</span> <span class='ocrx_word' id='word_1_457' title='bbox 599 5081 720 5132; x_wconf 86' lang='grc' dir='ltr'>καθ’</span> <span class='ocrx_word' id='word_1_458' title='bbox 750 5081 836 5132; x_wconf 77' lang='grc' dir='ltr'>ἐτε</span> <span class='ocrx_word' id='word_1_459' title='bbox 847 5097 935 5150; x_wconf 91' lang='grc' dir='ltr'>ρον</span> <span class='ocrx_word' id='word_1_460' title='bbox 952 5080 1051 5131; x_wconf 71' lang='grc' dir='ltr'>οὐκ</span> <span class='ocrx_word' id='word_1_461' title='bbox 1080 5078 1298 5130; x_wconf 73' lang='grc' dir='ltr'>ἔλαττον</span> <span class='ocrx_word' id='word_1_462' title='bbox 1323 5077 1538 5130; x_wconf 85' lang='grc' dir='ltr'>τούτου.</span> <span class='ocrx_word' id='word_1_463' title='bbox 1598 5077 1754 5129; x_wconf 83' lang='grc' dir='ltr'>Ποῖον</span> <span class='ocrx_word' id='word_1_464' title='bbox 1775 5076 1837 5147; x_wconf 82' lang='grc' dir='ltr'>δὴ</span> <span class='ocrx_word' id='word_1_465' title='bbox 1865 5078 2053 5139; x_wconf 82' lang='grc' dir='ltr'>τοῦτος</span> 
     </span>
    </p>
   </div>
   <div class='ocr_carea' id='block_1_58' title="bbox 483 5160 2058 5233">
    <p class='ocr_par' dir='ltr' id='par_1_58' title="bbox 483 5160 2058 5233">
     <span class='ocr_line' id='line_1_58' title="bbox 483 5160 2058 5233; baseline -0.002 -17"><span class='ocrx_word' id='word_1_466' title='bbox 483 5165 604 5216; x_wconf 77' lang='grc' dir='ltr'>Ὀτι</span> <span class='ocrx_word' id='word_1_467' title='bbox 635 5165 831 5216; x_wconf 89' lang='grc' dir='ltr'>ἐκεῖνοι</span> <span class='ocrx_word' id='word_1_468' title='bbox 861 5162 959 5233; x_wconf 81' lang='grc' dir='ltr'>μὲν</span> <span class='ocrx_word' id='word_1_469' title='bbox 991 5162 1112 5214; x_wconf 77' lang='grc' dir='ltr'>ούδέ</span> <span class='ocrx_word' id='word_1_470' title='bbox 1153 5163 1282 5232; x_wconf 81' lang='grc' dir='ltr'>περὶ</span> <span class='ocrx_word' id='word_1_471' title='bbox 1312 5161 1404 5213; x_wconf 84' lang='grc' dir='ltr'>τοῦ</span> <span class='ocrx_word' id='word_1_472' title='bbox 1438 5161 1624 5222; x_wconf 88' lang='grc' dir='ltr'>τέλους</span> <span class='ocrx_word' id='word_1_473' title='bbox 1655 5160 1876 5232; x_wconf 85' lang='grc' dir='ltr'>θαρῥεῖν</span> <span class='ocrx_word' id='word_1_474' title='bbox 1911 5161 2058 5230; x_wconf 77' lang='grc' dir='ltr'>ἔχον-</span> 
     </span>
    </p>
   </div>
   <div class='ocr_carea' id='block_1_59' title="bbox 482 5244 2056 5313">
    <p class='ocr_par' dir='ltr' id='par_1_59' title="bbox 482 5244 2056 5313">
     <span class='ocr_line' id='line_1_59' title="bbox 482 5244 2056 5313; baseline 0 -15"><span class='ocrx_word' id='word_1_475' title='bbox 482 5264 573 5309; x_wconf 80' lang='grc' dir='ltr'>τες</span> <span class='ocrx_word' id='word_1_476' title='bbox 602 5245 840 5307; x_wconf 86' lang='grc' dir='ltr'>πάντως.</span> <span class='ocrx_word' id='word_1_477' title='bbox 870 5245 990 5298; x_wconf 79' lang='grc' dir='ltr'>οὐδὲ</span> <span class='ocrx_word' id='word_1_478' title='bbox 1015 5244 1157 5296; x_wconf 72' lang='grc' dir='ltr'>οὕτω</span> <span class='ocrx_word' id='word_1_479' title='bbox 1178 5245 1285 5297; x_wconf 88' lang='grc' dir='ltr'>τῶν</span> <span class='ocrx_word' id='word_1_480' title='bbox 1314 5246 1488 5298; x_wconf 87' lang='grc' dir='ltr'>πόνων</span> <span class='ocrx_word' id='word_1_481' title='bbox 1515 5245 1839 5313; x_wconf 90' lang='grc' dir='ltr'>ἀφίστανται</span> <span class='ocrx_word' id='word_1_482' title='bbox 1865 5262 1878 5275; x_wconf 80' lang='grc'><em>’</em></span> <span class='ocrx_word' id='word_1_483' title='bbox 1913 5250 1975 5298; x_wconf 80' lang='grc' dir='ltr'>σὺ</span> <span class='ocrx_word' id='word_1_484' title='bbox 2000 5246 2056 5299; x_wconf 87' lang='grc' dir='ltr'>δὲ</span> 
     </span>
    </p>
   </div>
   <div class='ocr_carea' id='block_1_60' title="bbox 482 5327 2060 5398">
    <p class='ocr_par' dir='ltr' id='par_1_60' title="bbox 482 5327 2060 5398">
     <span class='ocr_line' id='line_1_60' title="bbox 482 5327 2060 5398; baseline -0.003 -11"><span class='ocrx_word' id='word_1_485' title='bbox 482 5332 796 5397; x_wconf 67' lang='grc' dir='ltr'>ἀξιόπιστον</span> <span class='ocrx_word' id='word_1_486' title='bbox 825 5327 934 5380; x_wconf 89' lang='grc' dir='ltr'>τῶν</span> <span class='ocrx_word' id='word_1_487' title='bbox 965 5327 1243 5395; x_wconf 88' lang='grc' dir='ltr'>στεφάνων</span> <span class='ocrx_word' id='word_1_488' title='bbox 1278 5327 1415 5396; x_wconf 78' lang='grc' dir='ltr'>ἔχων</span> <span class='ocrx_word' id='word_1_489' title='bbox 1443 5327 1739 5398; x_wconf 84' lang='grc' dir='ltr'>ἐγγυητὴν,</span> <span class='ocrx_word' id='word_1_490' title='bbox 1769 5328 1889 5381; x_wconf 79' lang='grc' dir='ltr'>οὐδὲ</span> <span class='ocrx_word' id='word_1_491' title='bbox 1918 5329 2060 5382; x_wconf 82' lang='grc' dir='ltr'>οὓτω</span> 
     </span>
    </p>
   </div>
   <div class='ocr_carea' id='block_1_61' title="bbox 489 5410 2060 5485">
    <p class='ocr_par' dir='ltr' id='par_1_61' title="bbox 489 5410 2060 5485">
     <span class='ocr_line' id='line_1_61' title="bbox 489 5410 2060 5485; baseline -0.002 -19"><span class='ocrx_word' id='word_1_492' title='bbox 489 5417 628 5484; x_wconf 79' lang='grc' dir='ltr'>μιμῇ</span> <span class='ocrx_word' id='word_1_493' title='bbox 660 5413 760 5485; x_wconf 82' lang='grc' dir='ltr'>τὴν</span> <span class='ocrx_word' id='word_1_494' title='bbox 804 5410 1025 5465; x_wconf 80' lang='grc' dir='ltr'>ἐκείνων</span> <span class='ocrx_word' id='word_1_495' title='bbox 1064 5410 1381 5481; x_wconf 62' lang='grc' dir='ltr'>καρτερίαν.</span> <span class='ocrx_word' id='word_1_496' title='bbox 1443 5410 1500 5462; x_wconf 81' lang='grc' dir='ltr'><strong>Ὀ</strong></span> <span class='ocrx_word' id='word_1_497' title='bbox 1547 5412 1644 5481; x_wconf 86' lang='grc' dir='ltr'>μὲν</span> <span class='ocrx_word' id='word_1_498' title='bbox 1686 5411 1794 5483; x_wconf 92' lang='grc' dir='ltr'>γάρ</span> <span class='ocrx_word' id='word_1_499' title='bbox 1815 5413 2060 5481; x_wconf 78' lang='grc' dir='ltr'>γεωργὸς</span> 
     </span>
    </p>
   </div>
   <div class='ocr_carea' id='block_1_62' title="bbox 488 5494 2058 5566">
    <p class='ocr_par' dir='ltr' id='par_1_62' title="bbox 488 5494 2058 5566">
     <span class='ocr_line' id='line_1_62' title="bbox 488 5494 2058 5566; baseline -0.003 -14"><span class='ocrx_word' id='word_1_500' title='bbox 488 5497 749 5560; x_wconf 75' lang='grc' dir='ltr'>πολλάκις</span> <span class='ocrx_word' id='word_1_501' title='bbox 781 5494 917 5566; x_wconf 89' lang='grc' dir='ltr'>μετά</span> <span class='ocrx_word' id='word_1_502' title='bbox 945 5494 1005 5547; x_wconf 86' lang='grc' dir='ltr'>τὸ</span> <span class='ocrx_word' id='word_1_503' title='bbox 1030 5494 1099 5547; x_wconf 88' lang='grc' dir='ltr'>τά</span> <span class='ocrx_word' id='word_1_504' title='bbox 1129 5495 1416 5564; x_wconf 90' lang='grc' dir='ltr'>σπέρματα</span> <span class='ocrx_word' id='word_1_505' title='bbox 1453 5495 1800 5560; x_wconf 88' lang='grc' dir='ltr'>καταϐαλεῖν,</span> <span class='ocrx_word' id='word_1_506' title='bbox 1838 5498 1932 5549; x_wconf 78' lang='grc' dir='ltr'>καὶ</span> <span class='ocrx_word' id='word_1_507' title='bbox 1969 5497 2058 5549; x_wconf 88' lang='grc' dir='ltr'>θε-</span> 
     </span>
    </p>
   </div>
   <div class='ocr_carea' id='block_1_63' title="bbox 491 5576 2058 5650">
    <p class='ocr_par' dir='ltr' id='par_1_63' title="bbox 491 5576 2058 5650">
     <span class='ocr_line' id='line_1_63' title="bbox 491 5576 2058 5650; baseline 0 -18"><span class='ocrx_word' id='word_1_508' title='bbox 491 5579 758 5650; x_wconf 83' lang='grc' dir='ltr'>ραπεῦσαι</span> <span class='ocrx_word' id='word_1_509' title='bbox 801 5578 902 5650; x_wconf 84' lang='grc' dir='ltr'>τὴν</span> <span class='ocrx_word' id='word_1_510' title='bbox 939 5577 1060 5648; x_wconf 92' lang='grc' dir='ltr'>γῆν,</span> <span class='ocrx_word' id='word_1_511' title='bbox 1104 5577 1197 5629; x_wconf 77' lang='grc' dir='ltr'>καὶ</span> <span class='ocrx_word' id='word_1_512' title='bbox 1245 5576 1500 5646; x_wconf 87' lang='grc' dir='ltr'>κομῶντα</span> <span class='ocrx_word' id='word_1_513' title='bbox 1547 5579 1614 5630; x_wconf 83' lang='grc' dir='ltr'>τά</span> <span class='ocrx_word' id='word_1_514' title='bbox 1651 5577 1775 5647; x_wconf 83' lang='grc' dir='ltr'>λήῖα</span> <span class='ocrx_word' id='word_1_515' title='bbox 1828 5579 1973 5644; x_wconf 76' lang='grc' dir='ltr'>ἰδεῖν,</span> <span class='ocrx_word' id='word_1_516' title='bbox 2025 5578 2058 5650; x_wconf 77' lang='grc' dir='ltr'><strong>ἢ</strong></span> 
     </span>
    </p>
   </div>
   <div class='ocr_carea' id='block_1_64' title="bbox 492 5660 2062 5734">
    <p class='ocr_par' dir='ltr' id='par_1_64' title="bbox 492 5660 2062 5734">
     <span class='ocr_line' id='line_1_64' title="bbox 492 5660 2062 5734; baseline -0.008 -5"><span class='ocrx_word' id='word_1_517' title='bbox 492 5661 752 5734; x_wconf 68' lang='grc' dir='ltr'>χαλάζης,</span> <span class='ocrx_word' id='word_1_518' title='bbox 781 5662 815 5732; x_wconf 81' lang='grc' dir='ltr'>ἦ</span> <span class='ocrx_word' id='word_1_519' title='bbox 850 5661 1124 5732; x_wconf 70' lang='grc' dir='ltr'>ἐρυσίϐης,</span> <span class='ocrx_word' id='word_1_520' title='bbox 1160 5660 1193 5731; x_wconf 80' lang='grc' dir='ltr'>ἢ</span> <span class='ocrx_word' id='word_1_521' title='bbox 1233 5660 1475 5732; x_wconf 73' lang='grc' dir='ltr'>ἀκρίδας.</span> <span class='ocrx_word' id='word_1_522' title='bbox 1509 5660 1541 5731; x_wconf 81' lang='grc' dir='ltr'>ἢ</span> <span class='ocrx_word' id='word_1_523' title='bbox 1591 5661 1754 5732; x_wconf 79' lang='grc' dir='ltr'>ἄλλης</span> <span class='ocrx_word' id='word_1_524' title='bbox 1785 5664 1926 5728; x_wconf 86' lang='grc' dir='ltr'>τινὸς</span> <span class='ocrx_word' id='word_1_525' title='bbox 1953 5682 2062 5716; x_wconf 80' lang='grc' dir='ltr'>τοι·</span> 
     </span>
    </p>
   </div>
   <div class='ocr_carea' id='block_1_65' title="bbox 491 5743 2114 5815">
    <p class='ocr_par' dir='ltr' id='par_1_65' title="bbox 491 5743 2114 5815">
     <span class='ocr_line' id='line_1_65' title="bbox 491 5743 2114 5815; baseline 0.006 -21"><span class='ocrx_word' id='word_1_526' title='bbox 491 5744 663 5814; x_wconf 77' lang='grc' dir='ltr'>αὐτῆς</span> <span class='ocrx_word' id='word_1_527' title='bbox 695 5743 1077 5814; x_wconf 85' lang='grc' dir='ltr'>ἐπενεχθείσης</span> <span class='ocrx_word' id='word_1_528' title='bbox 1108 5743 1339 5815; x_wconf 81' lang='grc' dir='ltr'>πληγῆς,</span> <span class='ocrx_word' id='word_1_529' title='bbox 1371 5743 1590 5811; x_wconf 77' lang='grc' dir='ltr'>ἐξέπεσε</span> <span class='ocrx_word' id='word_1_530' title='bbox 1623 5745 1720 5815; x_wconf 79' lang='grc' dir='ltr'>τῆς</span> <span class='ocrx_word' id='word_1_531' title='bbox 1751 5746 1857 5801; x_wconf 89' lang='grc' dir='ltr'>τῶν</span> <span class='ocrx_word' id='word_1_532' title='bbox 1891 5748 2063 5802; x_wconf 81' lang='grc' dir='ltr'>πόνων</span> <span class='ocrx_word' id='word_1_533' title='bbox 2107 5751 2114 5756; x_wconf 74' lang='grc'><strong><em>’</em></strong></span> 
     </span>
    </p>
   </div>
   <div class='ocr_carea' id='block_1_66' title="bbox 1145 334 3663 400">
    <p class='ocr_par' dir='ltr' id='par_1_66' title="bbox 1145 334 3663 400">
     <span class='ocr_line' id='line_1_66' title="bbox 1145 334 3663 400; baseline 0.002 -10"><span class='ocrx_word' id='word_1_534' title='bbox 1145 340 1202 390; x_wconf 78' lang='lat' dir='ltr'>S.</span> <span class='ocrx_word' id='word_1_535' title='bbox 1241 335 1527 391; x_wconf 73' lang='lat' dir='ltr'>JOANNIS</span> <span class='ocrx_word' id='word_1_536' title='bbox 1557 334 2047 391; x_wconf 74' lang='lat' dir='ltr'>CHRYSOSTOMI</span> <span class='ocrx_word' id='word_1_537' title='bbox 2087 336 2402 395; x_wconf 70' lang='lat' dir='ltr'>ARCIIIEP.</span> <span class='ocrx_word' id='word_1_538' title='bbox 2444 340 2988 397; x_wconf 74' lang='lat' dir='ltr'>CONSTANTINO‘P.</span> <span class='ocrx_word' id='word_1_539' title='bbox 3588 340 3663 400; x_wconf 63' lang='lat'>49</span> 
     </span>
    </p>
   </div>
   <div class='ocr_carea' id='block_1_67' title="bbox 2124 449 3694 524">
    <p class='ocr_par' dir='ltr' id='par_1_67' title="bbox 2124 449 3694 524">
     <span class='ocr_line' id='line_1_67' title="bbox 2124 449 3694 524; baseline 0 -18"><span class='ocrx_word' id='word_1_540' title='bbox 2124 452 2380 522; x_wconf 73' lang='grc' dir='ltr'>ἀμοιϐῆς.</span> <span class='ocrx_word' id='word_1_541' title='bbox 2442 455 2534 508; x_wconf 76' lang='grc' dir='ltr'>καὶ</span> <span class='ocrx_word' id='word_1_542' title='bbox 2587 453 2724 524; x_wconf 86' lang='grc' dir='ltr'>μετά</span> <span class='ocrx_word' id='word_1_543' title='bbox 2781 454 2906 514; x_wconf 80' lang='grc' dir='ltr'>τοὺς</span> <span class='ocrx_word' id='word_1_544' title='bbox 2959 449 3183 512; x_wconf 62' lang='grc' dir='ltr'>πολλοὺς</span> <span class='ocrx_word' id='word_1_545' title='bbox 3231 449 3456 522; x_wconf 76' lang='grc' dir='ltr'>ἱδρῶτας</span> <span class='ocrx_word' id='word_1_546' title='bbox 3511 460 3694 518; x_wconf 73' lang='grc' dir='ltr'>κεναῖς</span> 
     </span>
    </p>
   </div>
   <div class='ocr_carea' id='block_1_68' title="bbox 2123 539 3692 612">
    <p class='ocr_par' dir='ltr' id='par_1_68' title="bbox 2123 539 3692 612">
     <span class='ocr_line' id='line_1_68' title="bbox 2123 539 3692 612; baseline 0.001 -20"><span class='ocrx_word' id='word_1_547' title='bbox 2123 541 2303 593; x_wconf 78' lang='grc' dir='ltr'>οἴκαδε</span> <span class='ocrx_word' id='word_1_548' title='bbox 2344 543 2670 611; x_wconf 80' lang='grc' dir='ltr'>ὑποστρέφει</span> <span class='ocrx_word' id='word_1_549' title='bbox 2699 541 2874 612; x_wconf 86' lang='grc' dir='ltr'>χερσί.</span> <span class='ocrx_word' id='word_1_550' title='bbox 2923 541 3030 592; x_wconf 73' lang='grc' dir='ltr'>Καὶ</span> <span class='ocrx_word' id='word_1_551' title='bbox 3059 541 3086 590; x_wconf 87' lang='lat'>6</span> <span class='ocrx_word' id='word_1_552' title='bbox 3127 539 3363 609; x_wconf 75' lang='grc' dir='ltr'>ἔμπορος</span> <span class='ocrx_word' id='word_1_553' title='bbox 3401 541 3458 593; x_wconf 84' lang='grc' dir='ltr'>δέ</span> <span class='ocrx_word' id='word_1_554' title='bbox 3510 543 3692 604; x_wconf 83' lang='grc' dir='ltr'>πάλιν,</span> 
     </span>
    </p>
   </div>
   <div class='ocr_carea' id='block_1_69' title="bbox 2128 617 3693 701">
    <p class='ocr_par' dir='ltr' id='par_1_69' title="bbox 2128 617 3693 701">
     <span class='ocr_line' id='line_1_69' title="bbox 2128 617 3693 701; baseline 0.002 -20"><span class='ocrx_word' id='word_1_555' title='bbox 2128 631 2263 698; x_wconf 81' lang='grc' dir='ltr'>μετά</span> <span class='ocrx_word' id='word_1_556' title='bbox 2308 630 2369 683; x_wconf 77' lang='grc' dir='ltr'>τὸ</span> <span class='ocrx_word' id='word_1_557' title='bbox 2421 630 2729 700; x_wconf 85' lang='grc' dir='ltr'>διαδραμεῖν</span> <span class='ocrx_word' id='word_1_558' title='bbox 2787 629 2920 681; x_wconf 75' lang='grc' dir='ltr'>πολὺ</span> <span class='ocrx_word' id='word_1_559' title='bbox 2968 627 3200 695; x_wconf 75' lang='grc' dir='ltr'>πέλαγος</span> <span class='ocrx_word' id='word_1_560' title='bbox 3258 617 3693 701; x_wconf 75' lang='grc' dir='ltr'>πεπληρωμένην</span> 
     </span>
    </p>
   </div>
   <div class='ocr_carea' id='block_1_70' title="bbox 2126 716 3692 788">
    <p class='ocr_par' dir='ltr' id='par_1_70' title="bbox 2126 716 3692 788">
     <span class='ocr_line' id='line_1_70' title="bbox 2126 716 3692 788; baseline 0.003 -20"><span class='ocrx_word' id='word_1_561' title='bbox 2126 717 2272 784; x_wconf 87' lang='grc' dir='ltr'>ἄγων</span> <span class='ocrx_word' id='word_1_562' title='bbox 2305 717 2402 788; x_wconf 78' lang='grc' dir='ltr'>τὴν</span> <span class='ocrx_word' id='word_1_563' title='bbox 2429 716 2648 781; x_wconf 84' lang='grc' dir='ltr'>ὁλκάδα,</span> <span class='ocrx_word' id='word_1_564' title='bbox 2680 717 2815 787; x_wconf 78' lang='grc' dir='ltr'>πρὸς</span> <span class='ocrx_word' id='word_1_565' title='bbox 2843 716 2974 770; x_wconf 80' lang='grc' dir='ltr'>αὐτὸ</span> <span class='ocrx_word' id='word_1_566' title='bbox 3000 716 3258 780; x_wconf 87' lang='grc' dir='ltr'>πολλάκις</span> <span class='ocrx_word' id='word_1_567' title='bbox 3300 717 3360 768; x_wconf 83' lang='grc' dir='ltr'>τὸ</span> <span class='ocrx_word' id='word_1_568' title='bbox 3398 719 3571 788; x_wconf 84' lang='grc' dir='ltr'>στόμα</span> <span class='ocrx_word' id='word_1_569' title='bbox 3600 719 3692 772; x_wconf 81' lang='grc' dir='ltr'>τοῦ</span> 
     </span>
    </p>
   </div>
   <div class='ocr_carea' id='block_1_71' title="bbox 2126 803 3696 877">
    <p class='ocr_par' dir='ltr' id='par_1_71' title="bbox 2126 803 3696 877">
     <span class='ocr_line' id='line_1_71' title="bbox 2126 803 3696 877; baseline 0.003 -22"><span class='ocrx_word' id='word_1_570' title='bbox 2126 803 2344 874; x_wconf 84' lang='grc' dir='ltr'>λιμένος</span> <span class='ocrx_word' id='word_1_571' title='bbox 2375 804 2721 876; x_wconf 79' lang='grc' dir='ltr'>ἐμπεσόντων</span> <span class='ocrx_word' id='word_1_572' title='bbox 2749 803 2963 873; x_wconf 87' lang='grc' dir='ltr'>ἀνέμων</span> <span class='ocrx_word' id='word_1_573' title='bbox 2989 803 3236 872; x_wconf 82' lang='grc' dir='ltr'>σκοπέλῳ</span> <span class='ocrx_word' id='word_1_574' title='bbox 3277 806 3382 857; x_wconf 69' lang='grc' dir='ltr'>τινὶ</span> <span class='ocrx_word' id='word_1_575' title='bbox 3417 806 3696 877; x_wconf 84' lang='grc' dir='ltr'>προσαρά-</span> 
     </span>
    </p>
   </div>
   <div class='ocr_carea' id='block_1_72' title="bbox 2129 889 3695 961">
    <p class='ocr_par' dir='ltr' id='par_1_72' title="bbox 2129 889 3695 961">
     <span class='ocr_line' id='line_1_72' title="bbox 2129 889 3695 961; baseline 0.003 -18"><span class='ocrx_word' id='word_1_576' title='bbox 2129 891 2243 958; x_wconf 83' lang='grc' dir='ltr'>ξας.</span> <span class='ocrx_word' id='word_1_577' title='bbox 2279 891 2430 961; x_wconf 85' lang='grc' dir='ltr'>μόλις</span> <span class='ocrx_word' id='word_1_578' title='bbox 2472 891 2660 960; x_wconf 80' lang='grc' dir='ltr'>ἐξῆλθε</span> <span class='ocrx_word' id='word_1_579' title='bbox 2705 890 2766 943; x_wconf 76' lang='grc' dir='ltr'>τὸ</span> <span class='ocrx_word' id='word_1_580' title='bbox 2815 890 2973 958; x_wconf 83' lang='grc' dir='ltr'>σῶμα</span> <span class='ocrx_word' id='word_1_581' title='bbox 3013 889 3281 953; x_wconf 79' lang='grc' dir='ltr'>διασώσας</span> <span class='ocrx_word' id='word_1_582' title='bbox 3311 893 3532 961; x_wconf 88' lang='grc' dir='ltr'>γυμνός.</span> <span class='ocrx_word' id='word_1_583' title='bbox 3584 893 3695 948; x_wconf 77' lang='grc' dir='ltr'>Καὶ</span> 
     </span>
    </p>
   </div>
   <div class='ocr_carea' id='block_1_73' title="bbox 2130 976 3694 1046">
    <p class='ocr_par' dir='ltr' id='par_1_73' title="bbox 2130 976 3694 1046">
     <span class='ocr_line' id='line_1_73' title="bbox 2130 976 3694 1046; baseline 0.002 -16"><span class='ocrx_word' id='word_1_584' title='bbox 2130 980 2220 1030; x_wconf 72' lang='grc' dir='ltr'>ἐπὶ</span> <span class='ocrx_word' id='word_1_585' title='bbox 2264 979 2480 1031; x_wconf 88' lang='grc' dir='ltr'>πάντων</span> <span class='ocrx_word' id='word_1_586' title='bbox 2528 977 2711 1040; x_wconf 84' lang='grc' dir='ltr'>ἁπλῶς</span> <span class='ocrx_word' id='word_1_587' title='bbox 2740 977 2849 1030; x_wconf 90' lang='grc' dir='ltr'>τῶν</span> <span class='ocrx_word' id='word_1_588' title='bbox 2897 976 3161 1046; x_wconf 82' lang='grc' dir='ltr'>βιωτικῶν</span> <span class='ocrx_word' id='word_1_589' title='bbox 3202 977 3401 1040; x_wconf 83' lang='grc' dir='ltr'>πολλάς</span> <span class='ocrx_word' id='word_1_590' title='bbox 3437 977 3694 1043; x_wconf 87' lang='grc' dir='ltr'>πολλάκις</span> 
     </span>
    </p>
   </div>
   <div class='ocr_carea' id='block_1_74' title="bbox 2129 1064 3684 1136">
    <p class='ocr_par' dir='ltr' id='par_1_74' title="bbox 2129 1064 3684 1136">
     <span class='ocr_line' id='line_1_74' title="bbox 2129 1064 3684 1136; baseline 0 -18"><span class='ocrx_word' id='word_1_591' title='bbox 2129 1065 2266 1132; x_wconf 79' lang='grc' dir='ltr'>πρὸς</span> <span class='ocrx_word' id='word_1_592' title='bbox 2297 1064 2374 1134; x_wconf 83' lang='grc' dir='ltr'>τῷ</span> <span class='ocrx_word' id='word_1_593' title='bbox 2400 1065 2542 1118; x_wconf 90' lang='grc' dir='ltr'>τέλει</span> <span class='ocrx_word' id='word_1_594' title='bbox 2578 1064 2862 1136; x_wconf 78' lang='grc' dir='ltr'>συμφορὰς</span> <span class='ocrx_word' id='word_1_595' title='bbox 2888 1064 3140 1127; x_wconf 89' lang='grc' dir='ltr'>τοιαύτας</span> <span class='ocrx_word' id='word_1_596' title='bbox 3174 1064 3487 1135; x_wconf 88' lang='grc' dir='ltr'>συμϐαίνειν</span> <span class='ocrx_word' id='word_1_597' title='bbox 3514 1066 3684 1128; x_wconf 87' lang='grc' dir='ltr'>είκός.</span> 
     </span>
    </p>
   </div>
   <div class='ocr_carea' id='block_1_75' title="bbox 2143 1150 3698 1219">
    <p class='ocr_par' dir='ltr' id='par_1_75' title="bbox 2143 1150 3698 1219">
     <span class='ocr_line' id='line_1_75' title="bbox 2143 1150 3698 1219; baseline 0.001 -14"><span class='ocrx_word' id='word_1_598' title='bbox 2143 1153 2264 1205; x_wconf 76' lang='grc' dir='ltr'>Ἐπὶ</span> <span class='ocrx_word' id='word_1_599' title='bbox 2292 1153 2346 1206; x_wconf 84' lang='grc' dir='ltr'>δὲ</span> <span class='ocrx_word' id='word_1_600' title='bbox 2375 1153 2482 1204; x_wconf 90' lang='grc' dir='ltr'>τῶν</span> <span class='ocrx_word' id='word_1_601' title='bbox 2511 1151 2735 1219; x_wconf 84' lang='grc' dir='ltr'>ἀγώνων</span> <span class='ocrx_word' id='word_1_602' title='bbox 2765 1151 2872 1204; x_wconf 88' lang='grc' dir='ltr'>τῶν</span> <span class='ocrx_word' id='word_1_603' title='bbox 2905 1150 3012 1204; x_wconf 89' lang='grc' dir='ltr'>σῶν</span> <span class='ocrx_word' id='word_1_604' title='bbox 3044 1151 3144 1204; x_wconf 74' lang='grc' dir='ltr'>οὐκ</span> <span class='ocrx_word' id='word_1_605' title='bbox 3177 1151 3291 1204; x_wconf 80' lang='grc' dir='ltr'>ἐστι</span> <span class='ocrx_word' id='word_1_606' title='bbox 3335 1151 3491 1206; x_wconf 87' lang='grc' dir='ltr'>τοῦτο</span> <span class='ocrx_word' id='word_1_607' title='bbox 3510 1169 3524 1182; x_wconf 90' lang='grc'><strong>·</strong></span> <span class='ocrx_word' id='word_1_608' title='bbox 3564 1153 3698 1208; x_wconf 86' lang='grc' dir='ltr'>ἀλλά</span> 
     </span>
    </p>
   </div>
   <div class='ocr_carea' id='block_1_76' title="bbox 2130 1238 3697 1310">
    <p class='ocr_par' dir='ltr' id='par_1_76' title="bbox 2130 1238 3697 1310">
     <span class='ocr_line' id='line_1_76' title="bbox 2130 1238 3697 1310; baseline -0.001 -17"><span class='ocrx_word' id='word_1_609' title='bbox 2130 1240 2341 1310; x_wconf 87' lang='grc' dir='ltr'>ἀνάγκη</span> <span class='ocrx_word' id='word_1_610' title='bbox 2367 1239 2580 1302; x_wconf 90' lang='grc' dir='ltr'>πάντως</span> <span class='ocrx_word' id='word_1_611' title='bbox 2599 1238 2690 1292; x_wconf 83' lang='grc' dir='ltr'>τὸν</span> <span class='ocrx_word' id='word_1_612' title='bbox 2712 1239 3141 1309; x_wconf 86' lang='grc' dir='ltr'>ἀγωνισάμενον,</span> <span class='ocrx_word' id='word_1_613' title='bbox 3167 1239 3256 1291; x_wconf 83' lang='grc' dir='ltr'>τὸν</span> <span class='ocrx_word' id='word_1_614' title='bbox 3283 1239 3576 1310; x_wconf 82' lang='grc' dir='ltr'>σπείραντα</span> <span class='ocrx_word' id='word_1_615' title='bbox 3597 1241 3697 1308; x_wconf 79' lang='grc' dir='ltr'>τὴν</span> 
     </span>
    </p>
   </div>
   <div class='ocr_carea' id='block_1_77' title="bbox 2131 1324 3697 1396">
    <p class='ocr_par' dir='ltr' id='par_1_77' title="bbox 2131 1324 3697 1396">
     <span class='ocr_line' id='line_1_77' title="bbox 2131 1324 3697 1396; baseline 0.001 -18"><span class='ocrx_word' id='word_1_616' title='bbox 2131 1326 2436 1388; x_wconf 78' lang='grc' dir='ltr'>εὐσέϐειαν,</span> <span class='ocrx_word' id='word_1_617' title='bbox 2469 1326 2565 1379; x_wconf 60' lang='grc' dir='ltr'>καλ⁵</span> <span class='ocrx_word' id='word_1_618' title='bbox 2590 1325 2814 1389; x_wconf 77' lang='grc' dir='ltr'>πολλοὺς</span> <span class='ocrx_word' id='word_1_619' title='bbox 2845 1324 3137 1393; x_wconf 84' lang='grc' dir='ltr'>ἐνεγκόντα</span> <span class='ocrx_word' id='word_1_620' title='bbox 3170 1326 3382 1388; x_wconf 87' lang='grc' dir='ltr'>πόνους.</span> <span class='ocrx_word' id='word_1_621' title='bbox 3423 1327 3697 1396; x_wconf 84' lang='grc' dir='ltr'>ἐπιτυχεῖν</span> 
     </span>
    </p>
   </div>
   <div class='ocr_carea' id='block_1_78' title="bbox 2131 1414 3696 1486">
    <p class='ocr_par' dir='ltr' id='par_1_78' title="bbox 2131 1414 3696 1486">
     <span class='ocr_line' id='line_1_78' title="bbox 2131 1414 3696 1486; baseline 0 -16"><span class='ocrx_word' id='word_1_622' title='bbox 2131 1417 2223 1470; x_wconf 89' lang='grc' dir='ltr'>τοῦ</span> <span class='ocrx_word' id='word_1_623' title='bbox 2247 1415 2450 1479; x_wconf 86' lang='grc' dir='ltr'>τέλους.</span> <span class='ocrx_word' id='word_1_624' title='bbox 2486 1417 2561 1469; x_wconf 80' lang='grc' dir='ltr'>Οὐ</span> <span class='ocrx_word' id='word_1_625' title='bbox 2587 1415 2696 1486; x_wconf 84' lang='grc' dir='ltr'>γὰρ</span> <span class='ocrx_word' id='word_1_626' title='bbox 2725 1415 2900 1484; x_wconf 86' lang='grc' dir='ltr'>ἀέρων</span> <span class='ocrx_word' id='word_1_627' title='bbox 2929 1414 3282 1484; x_wconf 88' lang='grc' dir='ltr'>ἀνωμαλίαις,</span> <span class='ocrx_word' id='word_1_628' title='bbox 3309 1415 3426 1467; x_wconf 74' lang='grc' dir='ltr'>οὐδὲ</span> <span class='ocrx_word' id='word_1_629' title='bbox 3452 1418 3696 1486; x_wconf 84' lang='grc' dir='ltr'>πνευμά-</span> 
     </span>
    </p>
   </div>
   <div class='ocr_carea' id='block_1_79' title="bbox 2131 1502 3702 1575">
    <p class='ocr_par' dir='ltr' id='par_1_79' title="bbox 2131 1502 3702 1575">
     <span class='ocr_line' id='line_1_79' title="bbox 2131 1502 3702 1575; baseline -0.001 -17"><span class='ocrx_word' id='word_1_630' title='bbox 2131 1522 2236 1558; x_wconf 89' lang='grc' dir='ltr'>των</span> <span class='ocrx_word' id='word_1_631' title='bbox 2268 1506 2470 1575; x_wconf 87' lang='grc' dir='ltr'>ῥύμαις</span> <span class='ocrx_word' id='word_1_632' title='bbox 2501 1503 2607 1556; x_wconf 87' lang='grc' dir='ltr'>τῶν</span> <span class='ocrx_word' id='word_1_633' title='bbox 2649 1503 2824 1556; x_wconf 85' lang='grc' dir='ltr'>πόνων</span> <span class='ocrx_word' id='word_1_634' title='bbox 2852 1502 3052 1555; x_wconf 86' lang='grc' dir='ltr'>τούτων</span> <span class='ocrx_word' id='word_1_635' title='bbox 3081 1503 3173 1565; x_wconf 77' lang='grc' dir='ltr'>τὰς</span> <span class='ocrx_word' id='word_1_636' title='bbox 3203 1502 3435 1572; x_wconf 85' lang='grc' dir='ltr'>ἀμοιϐάς</span> <span class='ocrx_word' id='word_1_637' title='bbox 3478 1503 3702 1574; x_wconf 86' lang='grc' dir='ltr'>ἐπέτρε-</span> 
     </span>
    </p>
   </div>
   <div class='ocr_carea' id='block_1_80' title="bbox 2131 1589 3702 1659">
    <p class='ocr_par' dir='ltr' id='par_1_80' title="bbox 2131 1589 3702 1659">
     <span class='ocr_line' id='line_1_80' title="bbox 2131 1589 3702 1659; baseline 0.001 -18"><span class='ocrx_word' id='word_1_638' title='bbox 2131 1589 2230 1658; x_wconf 75' lang='grc' dir='ltr'>ψεν</span> <span class='ocrx_word' id='word_1_639' title='bbox 2258 1592 2286 1643; x_wconf 91' lang='lat'>6</span> <span class='ocrx_word' id='word_1_640' title='bbox 2323 1589 2479 1652; x_wconf 89' lang='grc' dir='ltr'>Θεός·</span> <span class='ocrx_word' id='word_1_641' title='bbox 2516 1589 2629 1642; x_wconf 77' lang='grc' dir='ltr'>ἀλλ’</span> <span class='ocrx_word' id='word_1_642' title='bbox 2655 1591 2712 1641; x_wconf 88' lang='grc' dir='ltr'>ἐν</span> <span class='ocrx_word' id='word_1_643' title='bbox 2732 1592 2842 1651; x_wconf 88' lang='grc' dir='ltr'>τοῖς</span> <span class='ocrx_word' id='word_1_644' title='bbox 2868 1589 3116 1659; x_wconf 76' lang='grc' dir='ltr'>οὐρανοῖς</span> <span class='ocrx_word' id='word_1_645' title='bbox 3146 1589 3483 1651; x_wconf 86' lang='grc' dir='ltr'>ἀπόκεινται,</span> <span class='ocrx_word' id='word_1_646' title='bbox 3513 1591 3570 1644; x_wconf 84' lang='grc' dir='ltr'>ἐν</span> <span class='ocrx_word' id='word_1_647' title='bbox 3590 1593 3702 1654; x_wconf 85' lang='grc' dir='ltr'>τοῖς</span> 
     </span>
    </p>
   </div>
   <div class='ocr_carea' id='block_1_81' title="bbox 2133 1676 3698 1747">
    <p class='ocr_par' dir='ltr' id='par_1_81' title="bbox 2133 1676 3698 1747">
     <span class='ocr_line' id='line_1_81' title="bbox 2133 1676 3698 1747; baseline -0.001 -16"><span class='ocrx_word' id='word_1_648' title='bbox 2133 1677 2350 1740; x_wconf 82' lang='grc' dir='ltr'>ἀσύλοις</span> <span class='ocrx_word' id='word_1_649' title='bbox 2380 1677 2690 1747; x_wconf 86' lang='grc' dir='ltr'>θησαυροῖς.</span> <span class='ocrx_word' id='word_1_650' title='bbox 2722 1677 2820 1728; x_wconf 78' lang='grc' dir='ltr'>Διά</span> <span class='ocrx_word' id='word_1_651' title='bbox 2853 1676 3012 1728; x_wconf 90' lang='grc' dir='ltr'>τοῦτο</span> <span class='ocrx_word' id='word_1_652' title='bbox 3044 1677 3136 1729; x_wconf 68' lang='grc' dir='ltr'>καὶ</span> <span class='ocrx_word' id='word_1_653' title='bbox 3162 1678 3190 1728; x_wconf 89' lang='lat'>6</span> <span class='ocrx_word' id='word_1_654' title='bbox 3231 1676 3438 1741; x_wconf 82' lang='grc' dir='ltr'>Παῦλος</span> <span class='ocrx_word' id='word_1_655' title='bbox 3477 1676 3660 1744; x_wconf 78' lang='grc' dir='ltr'>ἔλεγεν</span> <span class='ocrx_word' id='word_1_656' title='bbox 3683 1694 3698 1707; x_wconf 85' lang='grc'><strong>·</strong></span> 
     </span>
    </p>
   </div>
   <div class='ocr_carea' id='block_1_82' title="bbox 2145 1763 3698 1834">
    <p class='ocr_par' dir='ltr' id='par_1_82' title="bbox 2145 1763 3698 1834">
     <span class='ocr_line' id='line_1_82' title="bbox 2145 1763 3698 1834; baseline -0.001 -15"><span class='ocrx_word' id='word_1_657' title='bbox 2145 1766 2214 1819; x_wconf 82' lang='lat' dir='ltr'>&#39;ll</span> <span class='ocrx_word' id='word_1_658' title='bbox 2240 1766 2444 1833; x_wconf 71' lang='grc' dir='ltr'>θλῑψις</span> <span class='ocrx_word' id='word_1_659' title='bbox 2465 1763 2781 1832; x_wconf 78' lang='grc' dir='ltr'>ὑπομονὴν</span> <span class='ocrx_word' id='word_1_660' title='bbox 2817 1763 3241 1832; x_wconf 72' lang='grc' dir='ltr'>κατεργάζεται,</span> <span class='ocrx_word' id='word_1_661' title='bbox 3270 1767 3309 1832; x_wconf 78' lang='grc' dir='ltr'><strong><em>ἠ</em></strong></span> <span class='ocrx_word' id='word_1_662' title='bbox 3337 1765 3406 1817; x_wconf 86' lang='grc' dir='ltr'>δὲ</span> <span class='ocrx_word' id='word_1_663' title='bbox 3429 1766 3698 1834; x_wconf 80' lang='grc' dir='ltr'>ὑπομονῆ</span> 
     </span>
    </p>
   </div>
   <div class='ocr_carea' id='block_1_83' title="bbox 2133 1850 3702 1921">
    <p class='ocr_par' dir='ltr' id='par_1_83' title="bbox 2133 1850 3702 1921">
     <span class='ocr_line' id='line_1_83' title="bbox 2133 1850 3702 1921; baseline 0.001 -15"><span class='ocrx_word' id='word_1_664' title='bbox 2133 1852 2408 1921; x_wconf 70' lang='grc' dir='ltr'>δοκιμὴν,</span> <span class='ocrx_word' id='word_1_665' title='bbox 2461 1855 2500 1920; x_wconf 74' lang='grc' dir='ltr'>ἡ</span> <span class='ocrx_word' id='word_1_666' title='bbox 2542 1851 2609 1904; x_wconf 80' lang='grc' dir='ltr'>δὲ</span> <span class='ocrx_word' id='word_1_667' title='bbox 2637 1851 2851 1921; x_wconf 73' lang='grc' dir='ltr'>δοκιμὴ</span> <span class='ocrx_word' id='word_1_668' title='bbox 2910 1850 3147 1915; x_wconf 76' lang='grc' dir='ltr'>ἐλπίδα,</span> <span class='ocrx_word' id='word_1_669' title='bbox 3201 1852 3239 1918; x_wconf 75' lang='grc' dir='ltr'><strong><em>ὴ</em></strong></span> <span class='ocrx_word' id='word_1_670' title='bbox 3289 1851 3358 1905; x_wconf 81' lang='grc' dir='ltr'>δὲ</span> <span class='ocrx_word' id='word_1_671' title='bbox 3403 1853 3578 1918; x_wconf 65' lang='grc' dir='ltr'>ἐλπὶς</span> <span class='ocrx_word' id='word_1_672' title='bbox 3631 1856 3702 1908; x_wconf 83' lang='grc' dir='ltr'>οὗ</span> 
     </span>
    </p>
   </div>
   <div class='ocr_carea' id='block_1_84' title="bbox 2135 1938 3709 2011">
    <p class='ocr_par' dir='ltr' id='par_1_84' title="bbox 2135 1938 3709 2011">
     <span class='ocr_line' id='line_1_84' title="bbox 2135 1938 3709 2011; baseline -0.001 -18"><span class='ocrx_word' id='word_1_673' title='bbox 2135 1942 2538 2009; x_wconf 79' lang='grc' dir='ltr'>καταισχύνει.</span> <span class='ocrx_word' id='word_1_674' title='bbox 2588 1940 2678 2010; x_wconf 88' lang='grc' dir='ltr'><strong>Μὴ</strong></span> <span class='ocrx_word' id='word_1_675' title='bbox 2725 1938 2904 1991; x_wconf 89' lang='grc' dir='ltr'>τοίνυν</span> <span class='ocrx_word' id='word_1_676' title='bbox 2943 1939 3101 2009; x_wconf 76' lang='grc' dir='ltr'>εἴπῃς</span> <span class='ocrx_word' id='word_1_677' title='bbox 3139 1939 3220 1991; x_wconf 83' lang='grc' dir='ltr'>ὅτι</span> <span class='ocrx_word' id='word_1_678' title='bbox 3264 1941 3440 2010; x_wconf 86' lang='grc' dir='ltr'>ἀφανῆ</span> <span class='ocrx_word' id='word_1_679' title='bbox 3469 1941 3536 1994; x_wconf 81' lang='grc' dir='ltr'>τά</span> <span class='ocrx_word' id='word_1_680' title='bbox 3581 1943 3709 2011; x_wconf 87' lang='grc' dir='ltr'>μέλ-</span> 
     </span>
    </p>
   </div>
   <div class='ocr_carea' id='block_1_85' title="bbox 2133 2027 3706 2098">
    <p class='ocr_par' dir='ltr' id='par_1_85' title="bbox 2133 2027 3706 2098">
     <span class='ocr_line' id='line_1_85' title="bbox 2133 2027 3706 2098; baseline 0 -17"><span class='ocrx_word' id='word_1_681' title='bbox 2133 2030 2324 2081; x_wconf 76' lang='grc' dir='ltr'>λοντα’</span> <span class='ocrx_word' id='word_1_682' title='bbox 2367 2030 2413 2080; x_wconf 85' lang='grc' dir='ltr'>εἰ</span> <span class='ocrx_word' id='word_1_683' title='bbox 2446 2030 2552 2098; x_wconf 73' lang='grc' dir='ltr'>γάρ</span> <span class='ocrx_word' id='word_1_684' title='bbox 2583 2027 2900 2097; x_wconf 86' lang='grc' dir='ltr'>βουληθείης</span> <span class='ocrx_word' id='word_1_685' title='bbox 2935 2028 3071 2095; x_wconf 87' lang='grc' dir='ltr'>μετά</span> <span class='ocrx_word' id='word_1_686' title='bbox 3103 2028 3386 2096; x_wconf 88' lang='grc' dir='ltr'>ἀκριϐείας</span> <span class='ocrx_word' id='word_1_687' title='bbox 3431 2028 3706 2094; x_wconf 83' lang='grc' dir='ltr'>ἐξετάσαι,</span> 
     </span>
    </p>
   </div>
   <div class='ocr_carea' id='block_1_86' title="bbox 2134 2115 3707 2185">
    <p class='ocr_par' dir='ltr' id='par_1_86' title="bbox 2134 2115 3707 2185">
     <span class='ocr_line' id='line_1_86' title="bbox 2134 2115 3707 2185; baseline -0.001 -17"><span class='ocrx_word' id='word_1_688' title='bbox 2134 2115 2242 2168; x_wconf 90' lang='grc' dir='ltr'>τῶν</span> <span class='ocrx_word' id='word_1_689' title='bbox 2294 2117 2350 2166; x_wconf 79' lang='grc' dir='ltr'>ἐν</span> <span class='ocrx_word' id='word_1_690' title='bbox 2397 2115 2582 2185; x_wconf 88' lang='grc' dir='ltr'>χερσίν</span> <span class='ocrx_word' id='word_1_691' title='bbox 2623 2117 2739 2168; x_wconf 86' lang='grc' dir='ltr'>ἐστι</span> <span class='ocrx_word' id='word_1_692' title='bbox 2785 2115 2916 2169; x_wconf 76' lang='grc' dir='ltr'>πολὺ</span> <span class='ocrx_word' id='word_1_693' title='bbox 2967 2115 3340 2184; x_wconf 84' lang='grc' dir='ltr'>φανερώτερα.</span> <span class='ocrx_word' id='word_1_694' title='bbox 3386 2117 3496 2168; x_wconf 77' lang='grc' dir='ltr'>Καὶ</span> <span class='ocrx_word' id='word_1_695' title='bbox 3552 2115 3707 2168; x_wconf 87' lang='grc' dir='ltr'>τοῦτο</span> 
     </span>
    </p>
   </div>
   <div class='ocr_carea' id='block_1_87' title="bbox 2136 2200 3710 2272">
    <p class='ocr_par' dir='ltr' id='par_1_87' title="bbox 2136 2200 3710 2272">
     <span class='ocr_line' id='line_1_87' title="bbox 2136 2200 3710 2272; baseline 0 -17"><span class='ocrx_word' id='word_1_696' title='bbox 2136 2202 2267 2255; x_wconf 74' lang='grc' dir='ltr'>αὐτὸ</span> <span class='ocrx_word' id='word_1_697' title='bbox 2321 2203 2480 2256; x_wconf 88' lang='grc' dir='ltr'>πάλιν</span> <span class='ocrx_word' id='word_1_698' title='bbox 2529 2201 2932 2270; x_wconf 85' lang='grc' dir='ltr'>ἐνδεικνύμενος</span> <span class='ocrx_word' id='word_1_699' title='bbox 2977 2203 3107 2272; x_wconf 77' lang='grc' dir='ltr'>ἡμῖν</span> <span class='ocrx_word' id='word_1_700' title='bbox 3149 2202 3176 2252; x_wconf 91' lang='lat'>6</span> <span class='ocrx_word' id='word_1_701' title='bbox 3203 2200 3428 2264; x_wconf 86' lang='grc' dir='ltr'>Παῦλος,</span> <span class='ocrx_word' id='word_1_702' title='bbox 3485 2201 3560 2255; x_wconf 84' lang='grc' dir='ltr'><em>Τὰ</em></span> <span class='ocrx_word' id='word_1_703' title='bbox 3586 2202 3710 2270; x_wconf 68' lang='grc' dir='ltr'>μὲν</span> 
     </span>
    </p>
   </div>
   <div class='ocr_carea' id='block_1_88' title="bbox 2135 2285 3706 2358">
    <p class='ocr_par' dir='ltr' id='par_1_88' title="bbox 2135 2285 3706 2358">
     <span class='ocr_line' id='line_1_88' title="bbox 2135 2285 3706 2358; baseline -0.003 -16"><span class='ocrx_word' id='word_1_704' title='bbox 2135 2287 2338 2342; x_wconf 83' lang='grc' dir='ltr'>αίώνια</span> <span class='ocrx_word' id='word_1_705' title='bbox 2375 2288 2546 2352; x_wconf 89' lang='grc' dir='ltr'>καλεῖ,</span> <span class='ocrx_word' id='word_1_706' title='bbox 2584 2289 2654 2342; x_wconf 86' lang='grc' dir='ltr'>τὰ</span> <span class='ocrx_word' id='word_1_707' title='bbox 2691 2289 2759 2340; x_wconf 83' lang='grc' dir='ltr'>δὲ</span> <span class='ocrx_word' id='word_1_708' title='bbox 2786 2288 3135 2356; x_wconf 81' lang='grc' dir='ltr'>πρόσκαιρα,</span> <span class='ocrx_word' id='word_1_709' title='bbox 3166 2285 3242 2356; x_wconf 80' lang='grc' dir='ltr'>τῷ</span> <span class='ocrx_word' id='word_1_710' title='bbox 3280 2287 3594 2358; x_wconf 84' lang='grc' dir='ltr'>προσκαίρῳ</span> <span class='ocrx_word' id='word_1_711' title='bbox 3643 2287 3706 2338; x_wconf 79' lang='grc' dir='ltr'>τὸ</span> 
     </span>
    </p>
   </div>
   <div class='ocr_carea' id='block_1_89' title="bbox 2137 2373 3708 2448">
    <p class='ocr_par' dir='ltr' id='par_1_89' title="bbox 2137 2373 3708 2448">
     <span class='ocr_line' id='line_1_89' title="bbox 2137 2373 3708 2448; baseline -0.001 -20"><span class='ocrx_word' id='word_1_712' title='bbox 2137 2376 2374 2448; x_wconf 85' lang='grc' dir='ltr'>φθαρτὸν</span> <span class='ocrx_word' id='word_1_713' title='bbox 2405 2374 2584 2428; x_wconf 80' lang='grc' dir='ltr'>αὐτῶν</span> <span class='ocrx_word' id='word_1_714' title='bbox 2621 2375 2812 2446; x_wconf 87' lang='grc' dir='ltr'>δηλῶν.</span> <span class='ocrx_word' id='word_1_715' title='bbox 2839 2376 2973 2445; x_wconf 72' lang='grc' dir='ltr'>Πρὶν</span> <span class='ocrx_word' id='word_1_716' title='bbox 2999 2375 3031 2446; x_wconf 82' lang='grc' dir='ltr'>ἢ</span> <span class='ocrx_word' id='word_1_717' title='bbox 3072 2374 3176 2446; x_wconf 73' lang='grc' dir='ltr'>γὰρ</span> <span class='ocrx_word' id='word_1_718' title='bbox 3207 2373 3438 2444; x_wconf 84' lang='grc' dir='ltr'>φανῆναι</span> <span class='ocrx_word' id='word_1_719' title='bbox 3471 2373 3708 2443; x_wconf 72' lang='grc' dir='ltr'>ἀφίπτασ</span> 
     </span>
    </p>
   </div>
   <div class='ocr_carea' id='block_1_90' title="bbox 2135 2459 3712 2536">
    <p class='ocr_par' dir='ltr' id='par_1_90' title="bbox 2135 2459 3712 2536">
     <span class='ocr_line' id='line_1_90' title="bbox 2135 2459 3712 2536; baseline -0.001 -20"><span class='ocrx_word' id='word_1_720' title='bbox 2135 2483 2256 2529; x_wconf 89' lang='grc' dir='ltr'>ται,</span> <span class='ocrx_word' id='word_1_721' title='bbox 2317 2464 2412 2518; x_wconf 73' lang='grc' dir='ltr'>καὶ</span> <span class='ocrx_word' id='word_1_722' title='bbox 2466 2464 2756 2535; x_wconf 86' lang='grc' dir='ltr'>ἀποτρέχει</span> <span class='ocrx_word' id='word_1_723' title='bbox 2786 2464 2914 2536; x_wconf 62' lang='grc' dir='ltr'>πρὶν</span> <span class='ocrx_word' id='word_1_724' title='bbox 2957 2462 3264 2532; x_wconf 87' lang='grc' dir='ltr'>ἐπιστῆναι,</span> <span class='ocrx_word' id='word_1_725' title='bbox 3297 2461 3390 2514; x_wconf 71' lang='grc' dir='ltr'>καὶ</span> <span class='ocrx_word' id='word_1_726' title='bbox 3417 2459 3712 2532; x_wconf 77' lang='grc' dir='ltr'>ὸξύρῥοποι</span> 
     </span>
    </p>
   </div>
   <div class='ocr_carea' id='block_1_91' title="bbox 2141 2549 3706 2624">
    <p class='ocr_par' dir='ltr' id='par_1_91' title="bbox 2141 2549 3706 2624">
     <span class='ocr_line' id='line_1_91' title="bbox 2141 2549 3706 2624; baseline -0.003 -19"><span class='ocrx_word' id='word_1_727' title='bbox 2141 2553 2238 2624; x_wconf 85' lang='grc' dir='ltr'>μὲν</span> <span class='ocrx_word' id='word_1_728' title='bbox 2291 2552 2467 2607; x_wconf 80' lang='grc' dir='ltr'>αὐτῶν</span> <span class='ocrx_word' id='word_1_729' title='bbox 2520 2555 2575 2606; x_wconf 84' lang='grc' dir='ltr'>αί</span> <span class='ocrx_word' id='word_1_730' title='bbox 2637 2552 2952 2622; x_wconf 73' lang='grc' dir='ltr'>μεταϐολαὶ,</span> <span class='ocrx_word' id='word_1_731' title='bbox 3021 2552 3246 2614; x_wconf 85' lang='grc' dir='ltr'>ἄπιστος</span> <span class='ocrx_word' id='word_1_732' title='bbox 3292 2549 3348 2603; x_wconf 84' lang='grc' dir='ltr'>δὲ</span> <span class='ocrx_word' id='word_1_733' title='bbox 3405 2551 3439 2619; x_wconf 77' lang='grc' dir='ltr'><strong>ἡ</strong></span> <span class='ocrx_word' id='word_1_734' title='bbox 3494 2549 3706 2618; x_wconf 87' lang='grc' dir='ltr'>κτῆσις.</span> 
     </span>
    </p>
   </div>
   <div class='ocr_carea' id='block_1_92' title="bbox 2138 2639 3715 2712">
    <p class='ocr_par' dir='ltr' id='par_1_92' title="bbox 2138 2639 3715 2712">
     <span class='ocr_line' id='line_1_92' title="bbox 2138 2639 3715 2712; baseline -0.002 -17"><span class='ocrx_word' id='word_1_735' title='bbox 2138 2642 2308 2696; x_wconf 83' lang='grc' dir='ltr'>Τοῦτο</span> <span class='ocrx_word' id='word_1_736' title='bbox 2335 2644 2428 2696; x_wconf 75' lang='grc' dir='ltr'>καὶ</span> <span class='ocrx_word' id='word_1_737' title='bbox 2464 2643 2554 2695; x_wconf 78' lang='grc' dir='ltr'>ἐπὶ</span> <span class='ocrx_word' id='word_1_738' title='bbox 2585 2642 2810 2696; x_wconf 75' lang='grc' dir='ltr'>πλούτου</span> <span class='ocrx_word' id='word_1_739' title='bbox 2835 2643 2930 2696; x_wconf 73' lang='grc' dir='ltr'>καὶ</span> <span class='ocrx_word' id='word_1_740' title='bbox 2957 2641 3113 2712; x_wconf 80' lang='grc' dir='ltr'>δόξης</span> <span class='ocrx_word' id='word_1_741' title='bbox 3135 2643 3227 2695; x_wconf 59' lang='grc' dir='ltr'>καῖ⁷</span> <span class='ocrx_word' id='word_1_742' title='bbox 3251 2639 3589 2701; x_wconf 79' lang='grc' dir='ltr'>δυναστείας,</span> <span class='ocrx_word' id='word_1_743' title='bbox 3615 2641 3715 2692; x_wconf 69' lang='grc' dir='ltr'>καὶ</span> 
     </span>
    </p>
   </div>
   <div class='ocr_carea' id='block_1_93' title="bbox 2139 2726 3717 2801">
    <p class='ocr_par' dir='ltr' id='par_1_93' title="bbox 2139 2726 3717 2801">
     <span class='ocr_line' id='line_1_93' title="bbox 2139 2726 3717 2801; baseline -0.003 -19"><span class='ocrx_word' id='word_1_744' title='bbox 2139 2731 2232 2783; x_wconf 77' lang='grc' dir='ltr'>ἐπὶ</span> <span class='ocrx_word' id='word_1_745' title='bbox 2279 2731 2375 2801; x_wconf 89' lang='grc' dir='ltr'>τῆς</span> <span class='ocrx_word' id='word_1_746' title='bbox 2425 2730 2533 2783; x_wconf 90' lang='grc' dir='ltr'>τῶν</span> <span class='ocrx_word' id='word_1_747' title='bbox 2583 2729 2850 2798; x_wconf 88' lang='grc' dir='ltr'>σωμάτων</span> <span class='ocrx_word' id='word_1_748' title='bbox 2903 2728 3234 2800; x_wconf 72' lang='grc' dir='ltr'>εὐμορφίας,</span> <span class='ocrx_word' id='word_1_749' title='bbox 3274 2726 3429 2780; x_wconf 86' lang='grc' dir='ltr'>τοῦτο</span> <span class='ocrx_word' id='word_1_750' title='bbox 3486 2727 3576 2780; x_wconf 67' lang='grc' dir='ltr'>καὶ</span> <span class='ocrx_word' id='word_1_751' title='bbox 3619 2726 3717 2778; x_wconf 78' lang='grc' dir='ltr'>ἐπὶ</span> 
     </span>
    </p>
   </div>
   <div class='ocr_carea' id='block_1_94' title="bbox 2143 2815 3711 2892">
    <p class='ocr_par' dir='ltr' id='par_1_94' title="bbox 2143 2815 3711 2892">
     <span class='ocr_line' id='line_1_94' title="bbox 2143 2815 3711 2892; baseline -0.004 -20"><span class='ocrx_word' id='word_1_752' title='bbox 2143 2819 2332 2892; x_wconf 81' lang='grc' dir='ltr'>ῥώμης</span> <span class='ocrx_word' id='word_1_753' title='bbox 2360 2820 2454 2873; x_wconf 63' lang='grc' dir='ltr'>καὶ</span> <span class='ocrx_word' id='word_1_754' title='bbox 2474 2820 2566 2873; x_wconf 71' lang='grc' dir='ltr'>ἐπὶ</span> <span class='ocrx_word' id='word_1_755' title='bbox 2589 2820 2696 2873; x_wconf 89' lang='grc' dir='ltr'>τῶν</span> <span class='ocrx_word' id='word_1_756' title='bbox 2721 2819 2894 2874; x_wconf 82' lang='grc' dir='ltr'>ἄλλων</span> <span class='ocrx_word' id='word_1_757' title='bbox 2929 2818 3116 2881; x_wconf 75' lang='grc' dir='ltr'>ἁπλῶς</span> <span class='ocrx_word' id='word_1_758' title='bbox 3147 2817 3253 2870; x_wconf 87' lang='grc' dir='ltr'>τῶν</span> <span class='ocrx_word' id='word_1_759' title='bbox 3285 2815 3550 2887; x_wconf 88' lang='grc' dir='ltr'>βιωτικῶν</span> <span class='ocrx_word' id='word_1_760' title='bbox 3575 2831 3711 2884; x_wconf 87' lang='grc' dir='ltr'>συμ-</span> 
     </span>
    </p>
   </div>
   <div class='ocr_carea' id='block_1_95' title="bbox 2141 2905 3712 2976">
    <p class='ocr_par' dir='ltr' id='par_1_95' title="bbox 2141 2905 3712 2976">
     <span class='ocr_line' id='line_1_95' title="bbox 2141 2905 3712 2976; baseline -0.003 -18"><span class='ocrx_word' id='word_1_761' title='bbox 2141 2909 2322 2960; x_wconf 84' lang='grc' dir='ltr'>ϐαῖνον</span> <span class='ocrx_word' id='word_1_762' title='bbox 2359 2907 2457 2960; x_wconf 74' lang='grc' dir='ltr'>ἴδοι</span> <span class='ocrx_word' id='word_1_763' title='bbox 2488 2922 2569 2970; x_wconf 86' lang='grc' dir='ltr'>τις</span> <span class='ocrx_word' id='word_1_764' title='bbox 2600 2908 2685 2961; x_wconf 87' lang='grc' dir='ltr'>ἄν.</span> <span class='ocrx_word' id='word_1_765' title='bbox 2726 2909 2826 2960; x_wconf 84' lang='grc' dir='ltr'>Διά</span> <span class='ocrx_word' id='word_1_766' title='bbox 2856 2905 3015 2960; x_wconf 89' lang='grc' dir='ltr'>τοῦτο</span> <span class='ocrx_word' id='word_1_767' title='bbox 3043 2906 3137 2959; x_wconf 72' lang='grc' dir='ltr'>καὶ</span> <span class='ocrx_word' id='word_1_768' title='bbox 3181 2907 3208 2958; x_wconf 89' lang='grc' dir='ltr'>ὁ</span> <span class='ocrx_word' id='word_1_769' title='bbox 3235 2905 3517 2976; x_wconf 82' lang='grc' dir='ltr'>προφήτης</span> <span class='ocrx_word' id='word_1_770' title='bbox 3564 2919 3712 2971; x_wconf 89' lang='grc' dir='ltr'>κωμ-</span> 
     </span>
    </p>
   </div>
   <div class='ocr_carea' id='block_1_96' title="bbox 2141 2990 3714 3066">
    <p class='ocr_par' dir='ltr' id='par_1_96' title="bbox 2141 2990 3714 3066">
     <span class='ocr_line' id='line_1_96' title="bbox 2141 2990 3714 3066; baseline -0.004 -18"><span class='ocrx_word' id='word_1_771' title='bbox 2141 2995 2292 3065; x_wconf 87' lang='grc' dir='ltr'>ῳδῶν</span> <span class='ocrx_word' id='word_1_772' title='bbox 2319 2996 2444 3059; x_wconf 77' lang='grc' dir='ltr'>τοὺς</span> <span class='ocrx_word' id='word_1_773' title='bbox 2477 2995 2794 3066; x_wconf 86' lang='grc' dir='ltr'>τρυφῶντας</span> <span class='ocrx_word' id='word_1_774' title='bbox 2816 2995 2908 3048; x_wconf 76' lang='grc' dir='ltr'>καὶ</span> <span class='ocrx_word' id='word_1_775' title='bbox 2934 2995 3059 3065; x_wconf 69' lang='grc' dir='ltr'>περὶ</span> <span class='ocrx_word' id='word_1_776' title='bbox 3078 2995 3332 3064; x_wconf 79' lang='grc' dir='ltr'>χρήματα</span> <span class='ocrx_word' id='word_1_777' title='bbox 3361 2990 3714 3062; x_wconf 87' lang='grc' dir='ltr'>μαινομένους</span> 
     </span>
    </p>
   </div>
   <div class='ocr_carea' id='block_1_97' title="bbox 2142 3078 3714 3154">
    <p class='ocr_par' dir='ltr' id='par_1_97' title="bbox 2142 3078 3714 3154">
     <span class='ocr_line' id='line_1_97' title="bbox 2142 3078 3714 3154; baseline -0.003 -18"><span class='ocrx_word' id='word_1_778' title='bbox 2142 3083 2235 3136; x_wconf 73' lang='grc' dir='ltr'>καὶ</span> <span class='ocrx_word' id='word_1_779' title='bbox 2272 3082 2368 3154; x_wconf 83' lang='grc' dir='ltr'>τὴν</span> <span class='ocrx_word' id='word_1_780' title='bbox 2397 3081 2562 3154; x_wconf 82' lang='grc' dir='ltr'>ἀλλην</span> <span class='ocrx_word' id='word_1_781' title='bbox 2589 3082 2804 3136; x_wconf 85' lang='grc' dir='ltr'>ἀπασαν</span> <span class='ocrx_word' id='word_1_782' title='bbox 2839 3082 3162 3151; x_wconf 81' lang='grc' dir='ltr'>φαντασίαν,</span> <span class='ocrx_word' id='word_1_783' title='bbox 3197 3081 3289 3148; x_wconf 83' lang='grc' dir='ltr'>Ὠς</span> <span class='ocrx_word' id='word_1_784' title='bbox 3326 3078 3574 3142; x_wconf 73' lang='grc' dir='ltr'>ἑστῶτα,</span> <span class='ocrx_word' id='word_1_785' title='bbox 3612 3093 3714 3146; x_wconf 86' lang='grc' dir='ltr'>φη·-</span> 
     </span>
    </p>
   </div>
   <div class='ocr_carea' id='block_1_98' title="bbox 2145 3169 3711 3239">
    <p class='ocr_par' dir='ltr' id='par_1_98' title="bbox 2145 3169 3711 3239">
     <span class='ocr_line' id='line_1_98' title="bbox 2145 3169 3711 3239; baseline -0.004 -15"><span class='ocrx_word' id='word_1_786' title='bbox 2145 3171 2250 3234; x_wconf 71' lang='grc' dir='ltr'>σὶν,</span> <span class='ocrx_word' id='word_1_787' title='bbox 2295 3170 2652 3239; x_wconf 73' lang='grc' dir='ltr'>ἐλογίσαντο</span> <span class='ocrx_word' id='word_1_788' title='bbox 2699 3170 2905 3234; x_wconf 84' lang='grc' dir='ltr'>ταῦτα,</span> <span class='ocrx_word' id='word_1_789' title='bbox 2959 3169 3056 3223; x_wconf 76' lang='grc' dir='ltr'>καὶ</span> <span class='ocrx_word' id='word_1_790' title='bbox 3108 3172 3220 3236; x_wconf 81' lang='grc' dir='ltr'>οὐχ</span> <span class='ocrx_word' id='word_1_791' title='bbox 3269 3169 3345 3234; x_wconf 86' lang='grc' dir='ltr'>ὡς</span> <span class='ocrx_word' id='word_1_792' title='bbox 3393 3169 3711 3236; x_wconf 65' lang='grc' dir='ltr'>φεύγοντα.</span> 
     </span>
    </p>
   </div>
   <div class='ocr_carea' id='block_1_99' title="bbox 2146 3253 3717 3328">
    <p class='ocr_par' dir='ltr' id='par_1_99' title="bbox 2146 3253 3717 3328">
     <span class='ocr_line' id='line_1_99' title="bbox 2146 3253 3717 3328; baseline -0.004 -18"><span class='ocrx_word' id='word_1_793' title='bbox 2146 3259 2354 3328; x_wconf 84' lang='grc' dir='ltr'>’Ὠσπερ</span> <span class='ocrx_word' id='word_1_794' title='bbox 2403 3258 2514 3328; x_wconf 82' lang='grc' dir='ltr'>γάρ</span> <span class='ocrx_word' id='word_1_795' title='bbox 2561 3259 2718 3320; x_wconf 73' lang='grc' dir='ltr'>σκιᾶς</span> <span class='ocrx_word' id='word_1_796' title='bbox 2770 3257 2870 3310; x_wconf 76' lang='grc' dir='ltr'>οὐκ</span> <span class='ocrx_word' id='word_1_797' title='bbox 2921 3257 3070 3310; x_wconf 80' lang='grc' dir='ltr'>ἐστιν</span> <span class='ocrx_word' id='word_1_798' title='bbox 3120 3253 3489 3316; x_wconf 84' lang='grc' dir='ltr'>ἐπιλαϐέσθαι,</span> <span class='ocrx_word' id='word_1_799' title='bbox 3545 3253 3717 3314; x_wconf 74' lang='grc' dir='ltr'>οὕτως</span> 
     </span>
    </p>
   </div>
   <div class='ocr_carea' id='block_1_100' title="bbox 2143 3340 3715 3417">
    <p class='ocr_par' dir='ltr' id='par_1_100' title="bbox 2143 3340 3715 3417">
     <span class='ocr_line' id='line_1_100' title="bbox 2143 3340 3715 3417; baseline -0.004 -19"><span class='ocrx_word' id='word_1_800' title='bbox 2143 3345 2262 3398; x_wconf 73' lang='grc' dir='ltr'>οὐδὲ</span> <span class='ocrx_word' id='word_1_801' title='bbox 2311 3345 2418 3398; x_wconf 88' lang='grc' dir='ltr'>τῶν</span> <span class='ocrx_word' id='word_1_802' title='bbox 2475 3345 2746 3414; x_wconf 84' lang='grc' dir='ltr'>βιωτικῶν</span> <span class='ocrx_word' id='word_1_803' title='bbox 2794 3345 3165 3417; x_wconf 86' lang='grc' dir='ltr'>πραγμάτων·</span> <span class='ocrx_word' id='word_1_804' title='bbox 3201 3342 3335 3396; x_wconf 88' lang='grc' dir='ltr'>ἀλλά</span> <span class='ocrx_word' id='word_1_805' title='bbox 3385 3340 3452 3395; x_wconf 84' lang='grc' dir='ltr'>τὰ</span> <span class='ocrx_word' id='word_1_806' title='bbox 3507 3340 3603 3412; x_wconf 77' lang='grc' dir='ltr'>μὲν</span> <span class='ocrx_word' id='word_1_807' title='bbox 3648 3342 3715 3410; x_wconf 75' lang='grc' dir='ltr'>τῇ</span> 
     </span>
    </p>
   </div>
   <div class='ocr_carea' id='block_1_101' title="bbox 2143 3427 3718 3504">
    <p class='ocr_par' dir='ltr' id='par_1_101' title="bbox 2143 3427 3718 3504">
     <span class='ocr_line' id='line_1_101' title="bbox 2143 3427 3718 3504; baseline -0.004 -18"><span class='ocrx_word' id='word_1_808' title='bbox 2143 3433 2368 3504; x_wconf 87' lang='grc' dir='ltr'>τελευτῇ</span> <span class='ocrx_word' id='word_1_809' title='bbox 2425 3433 2774 3494; x_wconf 86' lang='grc' dir='ltr'>καταλύεται,</span> <span class='ocrx_word' id='word_1_810' title='bbox 2811 3433 2878 3485; x_wconf 89' lang='grc' dir='ltr'>τά</span> <span class='ocrx_word' id='word_1_811' title='bbox 2930 3432 2987 3484; x_wconf 83' lang='grc' dir='ltr'>δὲ</span> <span class='ocrx_word' id='word_1_812' title='bbox 3033 3433 3126 3484; x_wconf 69' lang='grc' dir='ltr'>καὶ</span> <span class='ocrx_word' id='word_1_813' title='bbox 3169 3429 3274 3500; x_wconf 85' lang='grc' dir='ltr'>πρὸ</span> <span class='ocrx_word' id='word_1_814' title='bbox 3312 3429 3412 3500; x_wconf 87' lang='grc' dir='ltr'>τῆς</span> <span class='ocrx_word' id='word_1_815' title='bbox 3460 3427 3718 3496; x_wconf 88' lang='grc' dir='ltr'>τελευτῆς</span> 
     </span>
    </p>
   </div>
   <div class='ocr_carea' id='block_1_102' title="bbox 2145 3513 3715 3592">
    <p class='ocr_par' dir='ltr' id='par_1_102' title="bbox 2145 3513 3715 3592">
     <span class='ocr_line' id='line_1_102' title="bbox 2145 3513 3715 3592; baseline -0.005 -19"><span class='ocrx_word' id='word_1_816' title='bbox 2145 3521 2449 3592; x_wconf 84' lang='grc' dir='ltr'>χειμάῤῥου</span> <span class='ocrx_word' id='word_1_817' title='bbox 2487 3521 2686 3583; x_wconf 78' lang='grc' dir='ltr'>παντὸς</span> <span class='ocrx_word' id='word_1_818' title='bbox 2722 3519 3182 3590; x_wconf 76' lang='grc' dir='ltr'>ὁξυρῥεπέστερον</span> <span class='ocrx_word' id='word_1_819' title='bbox 3219 3519 3510 3591; x_wconf 75' lang='grc' dir='ltr'>παραρρεῖ.</span> <span class='ocrx_word' id='word_1_820' title='bbox 3549 3514 3627 3566; x_wconf 85' lang='grc' dir='ltr'>Τά</span> <span class='ocrx_word' id='word_1_821' title='bbox 3659 3513 3715 3565; x_wconf 76' lang='grc' dir='ltr'>δὲ</span> 
     </span>
    </p>
   </div>
   <div class='ocr_carea' id='block_1_103' title="bbox 2149 3601 3712 3678">
    <p class='ocr_par' dir='ltr' id='par_1_103' title="bbox 2149 3601 3712 3678">
     <span class='ocr_line' id='line_1_103' title="bbox 2149 3601 3712 3678; baseline -0.007 -18"><span class='ocrx_word' id='word_1_822' title='bbox 2149 3607 2410 3678; x_wconf 87' lang='grc' dir='ltr'>μέλλοντα</span> <span class='ocrx_word' id='word_1_823' title='bbox 2455 3609 2516 3661; x_wconf 82' lang='grc' dir='ltr'>οὐ</span> <span class='ocrx_word' id='word_1_824' title='bbox 2549 3607 2804 3660; x_wconf 75' lang='grc' dir='ltr'>τοιαῦταο</span> <span class='ocrx_word' id='word_1_825' title='bbox 2855 3605 2954 3657; x_wconf 77' lang='grc' dir='ltr'>οὐκ</span> <span class='ocrx_word' id='word_1_826' title='bbox 2991 3601 3098 3657; x_wconf 79' lang='grc' dir='ltr'>οἶδε</span> <span class='ocrx_word' id='word_1_827' title='bbox 3148 3604 3256 3672; x_wconf 79' lang='grc' dir='ltr'>γάρ</span> <span class='ocrx_word' id='word_1_828' title='bbox 3302 3601 3616 3672; x_wconf 73' lang='grc' dir='ltr'>μεταϐολὴν,</span> <span class='ocrx_word' id='word_1_829' title='bbox 3651 3601 3712 3650; x_wconf 76' lang='grc' dir='ltr'>ου</span> 
     </span>
    </p>
   </div>
   <div class='ocr_carea' id='block_1_104' title="bbox 2145 3685 3712 3766">
    <p class='ocr_par' dir='ltr' id='par_1_104' title="bbox 2145 3685 3712 3766">
     <span class='ocr_line' id='line_1_104' title="bbox 2145 3685 3712 3766; baseline -0.008 -18"><span class='ocrx_word' id='word_1_830' title='bbox 2145 3694 2358 3766; x_wconf 85' lang='grc' dir='ltr'>δέχεται</span> <span class='ocrx_word' id='word_1_831' title='bbox 2377 3694 2606 3765; x_wconf 83' lang='grc' dir='ltr'>τροπὴν,</span> <span class='ocrx_word' id='word_1_832' title='bbox 2645 3693 2744 3746; x_wconf 83' lang='grc' dir='ltr'>οὐκ</span> <span class='ocrx_word' id='word_1_833' title='bbox 2777 3691 3062 3744; x_wconf 88' lang='grc' dir='ltr'>ἐπίσταται</span> <span class='ocrx_word' id='word_1_834' title='bbox 3092 3691 3287 3759; x_wconf 90' lang='grc' dir='ltr'>γῆρας,</span> <span class='ocrx_word' id='word_1_835' title='bbox 3319 3689 3416 3740; x_wconf 81' lang='grc' dir='ltr'>ούκ</span> <span class='ocrx_word' id='word_1_836' title='bbox 3453 3687 3563 3756; x_wconf 80' lang='grc' dir='ltr'>ἔχει</span> <span class='ocrx_word' id='word_1_837' title='bbox 3591 3685 3712 3736; x_wconf 72' lang='grc' dir='ltr'>τινὰ</span> 
     </span>
    </p>
   </div>
   <div class='ocr_carea' id='block_1_105' title="bbox 2147 3772 3713 3852">
    <p class='ocr_par' dir='ltr' id='par_1_105' title="bbox 2147 3772 3713 3852">
     <span class='ocr_line' id='line_1_105' title="bbox 2147 3772 3713 3852; baseline -0.008 -16"><span class='ocrx_word' id='word_1_838' title='bbox 2147 3782 2450 3848; x_wconf 88' lang='grc' dir='ltr'>ἀλλοίωσιν,</span> <span class='ocrx_word' id='word_1_839' title='bbox 2482 3781 2594 3836; x_wconf 83' lang='grc' dir='ltr'>ἀλλ’</span> <span class='ocrx_word' id='word_1_840' title='bbox 2619 3780 2854 3852; x_wconf 80' lang='grc' dir='ltr'>ἀκμάζει</span> <span class='ocrx_word' id='word_1_841' title='bbox 2880 3776 3162 3848; x_wconf 88' lang='grc' dir='ltr'>διηνεκῶς,</span> <span class='ocrx_word' id='word_1_842' title='bbox 3191 3776 3282 3828; x_wconf 70' lang='grc' dir='ltr'>καὶ</span> <span class='ocrx_word' id='word_1_843' title='bbox 3314 3776 3405 3827; x_wconf 72' lang='grc' dir='ltr'>ἐπὶ</span> <span class='ocrx_word' id='word_1_844' title='bbox 3424 3774 3519 3844; x_wconf 84' lang='grc' dir='ltr'>τῆς</span> <span class='ocrx_word' id='word_1_845' title='bbox 3546 3772 3713 3840; x_wconf 80' lang='grc' dir='ltr'>αὐτῆς</span> 
     </span>
    </p>
   </div>
   <div class='ocr_carea' id='block_1_106' title="bbox 2148 3859 3714 3942">
    <p class='ocr_par' dir='ltr' id='par_1_106' title="bbox 2148 3859 3714 3942">
     <span class='ocr_line' id='line_1_106' title="bbox 2148 3859 3714 3942; baseline -0.009 -18"><span class='ocrx_word' id='word_1_846' title='bbox 2148 3870 2481 3942; x_wconf 80' lang='grc' dir='ltr'>εὐπρεπείας</span> <span class='ocrx_word' id='word_1_847' title='bbox 2534 3869 2702 3939; x_wconf 88' lang='grc' dir='ltr'>μένει.</span> <span class='ocrx_word' id='word_1_848' title='bbox 2757 3869 2917 3920; x_wconf 85' lang='grc' dir='ltr'>Ὥστε</span> <span class='ocrx_word' id='word_1_849' title='bbox 2965 3867 3014 3918; x_wconf 90' lang='grc' dir='ltr'>εί</span> <span class='ocrx_word' id='word_1_850' title='bbox 3057 3864 3138 3917; x_wconf 88' lang='grc' dir='ltr'>δεῖ</span> <span class='ocrx_word' id='word_1_851' title='bbox 3182 3863 3362 3932; x_wconf 83' lang='grc' dir='ltr'>ἀφανῆ</span> <span class='ocrx_word' id='word_1_852' title='bbox 3405 3863 3499 3914; x_wconf 74' lang='grc' dir='ltr'>καὶ</span> <span class='ocrx_word' id='word_1_853' title='bbox 3546 3859 3714 3929; x_wconf 82' lang='grc' dir='ltr'>ἄδηλα</span> 
     </span>
    </p>
   </div>
   <div class='ocr_carea' id='block_1_107' title="bbox 2149 3952 3713 4028">
    <p class='ocr_par' dir='ltr' id='par_1_107' title="bbox 2149 3952 3713 4028">
     <span class='ocr_line' id='line_1_107' title="bbox 2149 3952 3713 4028; baseline -0.008 -14"><span class='ocrx_word' id='word_1_854' title='bbox 2149 3963 2322 4014; x_wconf 81' lang='grc' dir='ltr'>εἰπεῖν</span> <span class='ocrx_word' id='word_1_855' title='bbox 2353 3961 2448 4013; x_wconf 73' lang='grc' dir='ltr'>καὶ</span> <span class='ocrx_word' id='word_1_856' title='bbox 2477 3959 2698 4022; x_wconf 83' lang='grc' dir='ltr'>ἄπιστα,</span> <span class='ocrx_word' id='word_1_857' title='bbox 2724 3957 2791 4010; x_wconf 83' lang='grc' dir='ltr'>τὰ</span> <span class='ocrx_word' id='word_1_858' title='bbox 2817 3955 3058 4028; x_wconf 86' lang='grc' dir='ltr'>παρόντα</span> <span class='ocrx_word' id='word_1_859' title='bbox 3086 3954 3165 4006; x_wconf 87' lang='grc' dir='ltr'>δεῖ</span> <span class='ocrx_word' id='word_1_860' title='bbox 3187 3953 3366 4022; x_wconf 87' lang='grc' dir='ltr'>λέγειν</span> <span class='ocrx_word' id='word_1_861' title='bbox 3395 3952 3713 4024; x_wconf 86' lang='grc' dir='ltr'>πράγματα,</span> 
     </span>
    </p>
   </div>
   <div class='ocr_carea' id='block_1_108' title="bbox 2149 4037 3764 4119">
    <p class='ocr_par' dir='ltr' id='par_1_108' title="bbox 2149 4037 3764 4119">
     <span class='ocr_line' id='line_1_108' title="bbox 2149 4037 3764 4119; baseline -0.009 -18"><span class='ocrx_word' id='word_1_862' title='bbox 2149 4049 2242 4101; x_wconf 72' lang='grc' dir='ltr'>καὶ</span> <span class='ocrx_word' id='word_1_863' title='bbox 2279 4046 2353 4118; x_wconf 85' lang='grc' dir='ltr'>μὴ</span> <span class='ocrx_word' id='word_1_864' title='bbox 2387 4048 2770 4119; x_wconf 88' lang='grc' dir='ltr'>παραμένοντα</span> <span class='ocrx_word' id='word_1_865' title='bbox 2809 4048 2921 4107; x_wconf 89' lang='grc' dir='ltr'>τοῖς</span> <span class='ocrx_word' id='word_1_866' title='bbox 2980 4042 3354 4112; x_wconf 78' lang='grc' dir='ltr'>κεκτημένοις,</span> <span class='ocrx_word' id='word_1_867' title='bbox 3411 4037 3559 4111; x_wconf 70' lang='grc'>[431]</span> <span class='ocrx_word' id='word_1_868' title='bbox 3606 4037 3718 4088; x_wconf 75' lang='grc' dir='ltr'>ἀλλ’</span> <span class='ocrx_word' id='word_1_869' title='bbox 3761 4085 3764 4088; x_wconf 76' lang='lat'>.</span> 
     </span>
    </p>
   </div>
   <div class='ocr_carea' id='block_1_109' title="bbox 2149 4128 3718 4204">
    <p class='ocr_par' dir='ltr' id='par_1_109' title="bbox 2149 4128 3718 4204">
     <span class='ocr_line' id='line_1_109' title="bbox 2149 4128 3718 4204; baseline -0.007 -16"><span class='ocrx_word' id='word_1_870' title='bbox 2149 4135 2446 4204; x_wconf 82' lang='grc' dir='ltr'>ἀμείϐοντα</span> <span class='ocrx_word' id='word_1_871' title='bbox 2477 4135 2602 4197; x_wconf 80' lang='grc' dir='ltr'>τοὺς</span> <span class='ocrx_word' id='word_1_872' title='bbox 2641 4133 2924 4194; x_wconf 88' lang='grc' dir='ltr'>δεσπότας,</span> <span class='ocrx_word' id='word_1_873' title='bbox 2955 4131 3049 4183; x_wconf 75' lang='grc' dir='ltr'>καὶ</span> <span class='ocrx_word' id='word_1_874' title='bbox 3089 4129 3211 4182; x_wconf 88' lang='grc' dir='ltr'>καθ’</span> <span class='ocrx_word' id='word_1_875' title='bbox 3243 4129 3480 4195; x_wconf 81' lang='grc' dir='ltr'>ἑκάστην</span> <span class='ocrx_word' id='word_1_876' title='bbox 3511 4128 3718 4195; x_wconf 76' lang='grc' dir='ltr'>ἡμέραν</span> 
     </span>
    </p>
   </div>
   <div class='ocr_carea' id='block_1_110' title="bbox 2150 4211 3719 4290">
    <p class='ocr_par' dir='ltr' id='par_1_110' title="bbox 2150 4211 3719 4290">
     <span class='ocr_line' id='line_1_110' title="bbox 2150 4211 3719 4290; baseline -0.008 -14"><span class='ocrx_word' id='word_1_877' title='bbox 2150 4223 2258 4276; x_wconf 82' lang='grc' dir='ltr'>ἀπὸ</span> <span class='ocrx_word' id='word_1_878' title='bbox 2302 4221 2492 4275; x_wconf 87' lang='grc' dir='ltr'>τούτου</span> <span class='ocrx_word' id='word_1_879' title='bbox 2544 4220 2678 4290; x_wconf 79' lang='grc' dir='ltr'>πρὸς</span> <span class='ocrx_word' id='word_1_880' title='bbox 2728 4219 2913 4288; x_wconf 77' lang='grc' dir='ltr'>ἕτερον</span> <span class='ocrx_word' id='word_1_881' title='bbox 2968 4214 3376 4285; x_wconf 88' lang='grc' dir='ltr'>μεταπηδῶντα,</span> <span class='ocrx_word' id='word_1_882' title='bbox 3426 4213 3518 4266; x_wconf 77' lang='grc' dir='ltr'>καὶ</span> <span class='ocrx_word' id='word_1_883' title='bbox 3561 4211 3656 4264; x_wconf 76' lang='grc' dir='ltr'>πά)</span> <span class='ocrx_word' id='word_1_884' title='bbox 3672 4228 3719 4263; x_wconf 88' lang='grc' dir='ltr'>ιν</span> 
     </span>
    </p>
   </div>
   <div class='ocr_carea' id='block_1_111' title="bbox 2151 4297 3720 4375">
    <p class='ocr_par' dir='ltr' id='par_1_111' title="bbox 2151 4297 3720 4375">
     <span class='ocr_line' id='line_1_111' title="bbox 2151 4297 3720 4375; baseline -0.008 -12"><span class='ocrx_word' id='word_1_885' title='bbox 2151 4312 2243 4363; x_wconf 75' lang='grc' dir='ltr'>ἀπ’</span> <span class='ocrx_word' id='word_1_886' title='bbox 2294 4307 2502 4361; x_wconf 90' lang='grc' dir='ltr'>ἐκείνου</span> <span class='ocrx_word' id='word_1_887' title='bbox 2541 4306 2674 4375; x_wconf 83' lang='grc' dir='ltr'>πρὸς</span> <span class='ocrx_word' id='word_1_888' title='bbox 2705 4303 2881 4358; x_wconf 78' lang='grc' dir='ltr'>ἄλλον.</span> <span class='ocrx_word' id='word_1_889' title='bbox 2939 4301 3122 4356; x_wconf 84' lang='grc' dir='ltr'>Ταῦτα</span> <span class='ocrx_word' id='word_1_890' title='bbox 3160 4301 3222 4372; x_wconf 77' lang='grc' dir='ltr'>δὴ</span> <span class='ocrx_word' id='word_1_891' title='bbox 3260 4301 3435 4354; x_wconf 85' lang='grc' dir='ltr'>πάντα</span> <span class='ocrx_word' id='word_1_892' title='bbox 3479 4297 3720 4367; x_wconf 77' lang='grc' dir='ltr'>δηλώσας</span> 
     </span>
    </p>
   </div>
   <div class='ocr_carea' id='block_1_112' title="bbox 2152 4385 3724 4468">
    <p class='ocr_par' dir='ltr' id='par_1_112' title="bbox 2152 4385 3724 4468">
     <span class='ocr_line' id='line_1_112' title="bbox 2152 4385 3724 4468; baseline -0.011 -17"><span class='ocrx_word' id='word_1_893' title='bbox 2152 4399 2280 4468; x_wconf 77' lang='grc' dir='ltr'>ἡμῖν</span> <span class='ocrx_word' id='word_1_894' title='bbox 2331 4396 2360 4447; x_wconf 90' lang='lat'>6</span> <span class='ocrx_word' id='word_1_895' title='bbox 2407 4393 2638 4456; x_wconf 80' lang='grc' dir='ltr'>Παῦλος,</span> <span class='ocrx_word' id='word_1_896' title='bbox 2690 4391 2783 4445; x_wconf 72' lang='grc' dir='ltr'>καὶ</span> <span class='ocrx_word' id='word_1_897' title='bbox 2837 4389 2927 4443; x_wconf 81' lang='grc' dir='ltr'>διὰ</span> <span class='ocrx_word' id='word_1_898' title='bbox 2986 4387 3144 4442; x_wconf 86' lang='grc' dir='ltr'>τοῦτο</span> <span class='ocrx_word' id='word_1_899' title='bbox 3192 4387 3262 4441; x_wconf 80' lang='grc' dir='ltr'>τὰ</span> <span class='ocrx_word' id='word_1_900' title='bbox 3333 4385 3428 4458; x_wconf 77' lang='grc' dir='ltr'>μὲν</span> <span class='ocrx_word' id='word_1_901' title='bbox 3482 4386 3724 4458; x_wconf 80' lang='grc' dir='ltr'>παρόντα,</span> 
     </span>
    </p>
   </div>
   <div class='ocr_carea' id='block_1_113' title="bbox 2155 4475 3724 4557">
    <p class='ocr_par' dir='ltr' id='par_1_113' title="bbox 2155 4475 3724 4557">
     <span class='ocr_line' id='line_1_113' title="bbox 2155 4475 3724 4557; baseline -0.007 -18"><span class='ocrx_word' id='word_1_902' title='bbox 2155 4487 2485 4557; x_wconf 86' lang='grc' dir='ltr'>πρόσκαιρα,</span> <span class='ocrx_word' id='word_1_903' title='bbox 2506 4482 2574 4536; x_wconf 89' lang='grc' dir='ltr'>τά</span> <span class='ocrx_word' id='word_1_904' title='bbox 2604 4484 2661 4535; x_wconf 77' lang='grc' dir='ltr'>δὲ</span> <span class='ocrx_word' id='word_1_905' title='bbox 2698 4480 2956 4553; x_wconf 88' lang='grc' dir='ltr'>μέλλοντα</span> <span class='ocrx_word' id='word_1_906' title='bbox 2978 4479 3168 4532; x_wconf 80' lang='grc' dir='ltr'>αἰώνια</span> <span class='ocrx_word' id='word_1_907' title='bbox 3200 4477 3452 4540; x_wconf 82' lang='grc' dir='ltr'>καλέσας,</span> <span class='ocrx_word' id='word_1_908' title='bbox 3479 4475 3569 4528; x_wconf 81' lang='grc' dir='ltr'>τὸν</span> <span class='ocrx_word' id='word_1_909' title='bbox 3599 4477 3724 4545; x_wconf 76' lang='grc' dir='ltr'>περὶ</span> 
     </span>
    </p>
   </div>
   <div class='ocr_carea' id='block_1_114' title="bbox 2153 4564 3724 4647">
    <p class='ocr_par' dir='ltr' id='par_1_114' title="bbox 2153 4564 3724 4647">
     <span class='ocr_line' id='line_1_114' title="bbox 2153 4564 3724 4647; baseline -0.008 -18"><span class='ocrx_word' id='word_1_910' title='bbox 2153 4578 2249 4647; x_wconf 71' lang='grc' dir='ltr'>τῆς</span> <span class='ocrx_word' id='word_1_911' title='bbox 2301 4575 2643 4636; x_wconf 82' lang='grc' dir='ltr'>ἀναστάσεως</span> <span class='ocrx_word' id='word_1_912' title='bbox 2685 4573 2824 4625; x_wconf 76' lang='grc' dir='ltr'>κινεῖ</span> <span class='ocrx_word' id='word_1_913' title='bbox 2857 4570 3033 4639; x_wconf 88' lang='grc' dir='ltr'>λόγον,</span> <span class='ocrx_word' id='word_1_914' title='bbox 3061 4568 3203 4622; x_wconf 76' lang='grc' dir='ltr'>οὕτω</span> <span class='ocrx_word' id='word_1_915' title='bbox 3232 4567 3405 4635; x_wconf 85' lang='grc' dir='ltr'>λέγων</span> <span class='ocrx_word' id='word_1_916' title='bbox 3426 4583 3439 4596; x_wconf 68' lang='grc'><strong>⁸</strong></span> <span class='ocrx_word' id='word_1_917' title='bbox 3470 4564 3724 4634; x_wconf 75' lang='grc' dir='ltr'>Οιδαμεν</span> 
     </span>
    </p>
   </div>
   <div class='ocr_carea' id='block_1_115' title="bbox 2155 4653 3727 4732">
    <p class='ocr_par' dir='ltr' id='par_1_115' title="bbox 2155 4653 3727 4732">
     <span class='ocr_line' id='line_1_115' title="bbox 2155 4653 3727 4732; baseline -0.008 -15"><span class='ocrx_word' id='word_1_918' title='bbox 2155 4665 2266 4732; x_wconf 78' lang='grc' dir='ltr'>γὰρ</span> <span class='ocrx_word' id='word_1_919' title='bbox 2305 4663 2393 4716; x_wconf 86' lang='grc' dir='ltr'>ὅτι</span> <span class='ocrx_word' id='word_1_920' title='bbox 2426 4663 2534 4715; x_wconf 83' lang='grc' dir='ltr'>ἐὰν</span> <span class='ocrx_word' id='word_1_921' title='bbox 2569 4663 2611 4728; x_wconf 71' lang='grc' dir='ltr'>ἡ.</span> <span class='ocrx_word' id='word_1_922' title='bbox 2640 4661 2899 4728; x_wconf 80' lang='grc' dir='ltr'>ἐπίγειος</span> <span class='ocrx_word' id='word_1_923' title='bbox 2927 4658 3094 4725; x_wconf 69' lang='grc' dir='ltr'>ἡμῶν</span> <span class='ocrx_word' id='word_1_924' title='bbox 3121 4655 3280 4708; x_wconf 85' lang='grc' dir='ltr'>οὶκία</span> <span class='ocrx_word' id='word_1_925' title='bbox 3312 4653 3416 4707; x_wconf 86' lang='grc' dir='ltr'>τοῦ</span> <span class='ocrx_word' id='word_1_926' title='bbox 3455 4653 3727 4721; x_wconf 79' lang='grc' dir='ltr'>σκήνους</span> 
     </span>
    </p>
   </div>
   <div class='ocr_carea' id='block_1_116' title="bbox 2157 4742 3731 4820">
    <p class='ocr_par' dir='ltr' id='par_1_116' title="bbox 2157 4742 3731 4820">
     <span class='ocr_line' id='line_1_116' title="bbox 2157 4742 3731 4820; baseline 0 -16"><span class='ocrx_word' id='word_1_927' title='bbox 2157 4749 2487 4816; x_wconf 66' lang='grc' dir='ltr'>καταλυθῇ,</span> <span class='ocrx_word' id='word_1_928' title='bbox 2511 4749 2705 4801; x_wconf 80' lang='grc' dir='ltr'>οὶκίαν</span> <span class='ocrx_word' id='word_1_929' title='bbox 2735 4748 2806 4801; x_wconf 84' lang='grc' dir='ltr'>ἐκ</span> <span class='ocrx_word' id='word_1_930' title='bbox 2839 4745 2984 4820; x_wconf 79' lang='grc' dir='ltr'>Θεοῦ</span> <span class='ocrx_word' id='word_1_931' title='bbox 3008 4744 3226 4812; x_wconf 82' lang='grc' dir='ltr'>ἔχομεν</span> <span class='ocrx_word' id='word_1_932' title='bbox 3254 4742 3731 4811; x_wconf 70' lang='grc' dir='ltr'>ἀχειροποίητονν</span> 
     </span>
    </p>
   </div>
   <div class='ocr_carea' id='block_1_117' title="bbox 2159 4832 2976 4901">
    <p class='ocr_par' dir='ltr' id='par_1_117' title="bbox 2159 4832 2976 4901">
     <span class='ocr_line' id='line_1_117' title="bbox 2159 4832 2976 4901; baseline -0.009 -11"><span class='ocrx_word' id='word_1_933' title='bbox 2159 4837 2400 4891; x_wconf 74' lang='grc' dir='ltr'>αἰώνιον</span> <span class='ocrx_word' id='word_1_934' title='bbox 2423 4837 2491 4888; x_wconf 82' lang='grc' dir='ltr'>ἐν</span> <span class='ocrx_word' id='word_1_935' title='bbox 2521 4835 2642 4900; x_wconf 80' lang='grc' dir='ltr'>τοῖς</span> <span class='ocrx_word' id='word_1_936' title='bbox 2676 4832 2976 4901; x_wconf 80' lang='grc' dir='ltr'>οὐρανοῖς.</span> 
     </span>
    </p>
   </div>
   <div class='ocr_carea' id='block_1_118' title="bbox 2234 4985 3733 5071">
    <p class='ocr_par' dir='ltr' id='par_1_118' title="bbox 2234 4985 3733 5071">
     <span class='ocr_line' id='line_1_118' title="bbox 2234 4985 3733 5071; baseline -0.013 -16"><span class='ocrx_word' id='word_1_937' title='bbox 2234 5001 2461 5071; x_wconf 78' lang='grc' dir='ltr'>ς’.”υρα</span> <span class='ocrx_word' id='word_1_938' title='bbox 2486 4998 2645 5052; x_wconf 85' lang='grc' dir='ltr'>πάλιν</span> <span class='ocrx_word' id='word_1_939' title='bbox 2671 4997 2763 5049; x_wconf 72' lang='grc' dir='ltr'>καὶ</span> <span class='ocrx_word' id='word_1_940' title='bbox 2782 4993 3012 5048; x_wconf 84' lang='grc' dir='ltr'>ἐνταῦθα</span> <span class='ocrx_word' id='word_1_941' title='bbox 3033 4991 3148 5054; x_wconf 87' lang='grc' dir='ltr'>πῶς</span> <span class='ocrx_word' id='word_1_942' title='bbox 3170 4991 3285 5052; x_wconf 88' lang='grc' dir='ltr'>ταῖς</span> <span class='ocrx_word' id='word_1_943' title='bbox 3307 4987 3512 5052; x_wconf 80' lang='grc' dir='ltr'>λέξεσιν</span> <span class='ocrx_word' id='word_1_944' title='bbox 3537 4985 3733 5054; x_wconf 78' lang='grc' dir='ltr'>κέχρη-</span> 
     </span>
    </p>
   </div>
   <div class='ocr_carea' id='block_1_119' title="bbox 2160 5071 3722 5155">
    <p class='ocr_par' dir='ltr' id='par_1_119' title="bbox 2160 5071 3722 5155">
     <span class='ocr_line' id='line_1_119' title="bbox 2160 5071 3722 5155; baseline -0.012 -17"><span class='ocrx_word' id='word_1_945' title='bbox 2160 5103 2247 5138; x_wconf 78' lang='grc' dir='ltr'>ται</span> <span class='ocrx_word' id='word_1_946' title='bbox 2276 5085 2496 5155; x_wconf 89' lang='grc' dir='ltr'>κυρίως,</span> <span class='ocrx_word' id='word_1_947' title='bbox 2516 5082 2584 5134; x_wconf 74' lang='grc' dir='ltr'>δι’</span> <span class='ocrx_word' id='word_1_948' title='bbox 2607 5080 2785 5133; x_wconf 75' lang='grc' dir='ltr'>αὐτῶν</span> <span class='ocrx_word' id='word_1_949' title='bbox 2811 5078 2920 5131; x_wconf 88' lang='grc' dir='ltr'>τῶν</span> <span class='ocrx_word' id='word_1_950' title='bbox 2949 5076 3225 5144; x_wconf 88' lang='grc' dir='ltr'>ὀνομάτων</span> <span class='ocrx_word' id='word_1_951' title='bbox 3251 5073 3350 5143; x_wconf 86' lang='grc' dir='ltr'>τὴν</span> <span class='ocrx_word' id='word_1_952' title='bbox 3379 5071 3604 5140; x_wconf 87' lang='grc' dir='ltr'>δύναμιν</span> <span class='ocrx_word' id='word_1_953' title='bbox 3631 5073 3722 5137; x_wconf 84' lang='grc' dir='ltr'>ἐμ-</span> 
     </span>
    </p>
   </div>
   <div class='ocr_carea' id='block_1_120' title="bbox 2163 5152 3730 5238">
    <p class='ocr_par' dir='ltr' id='par_1_120' title="bbox 2163 5152 3730 5238">
     <span class='ocr_line' id='line_1_120' title="bbox 2163 5152 3730 5238; baseline -0.012 -16"><span class='ocrx_word' id='word_1_954' title='bbox 2163 5152 2369 5238; x_wconf 80' lang='grc' dir='ltr'>φαίνων</span> <span class='ocrx_word' id='word_1_955' title='bbox 2386 5165 2494 5219; x_wconf 89' lang='grc' dir='ltr'>τῶν</span> <span class='ocrx_word' id='word_1_956' title='bbox 2512 5165 2814 5234; x_wconf 85' lang='grc' dir='ltr'>νοημάτων.</span> <span class='ocrx_word' id='word_1_957' title='bbox 2841 5163 2914 5214; x_wconf 78' lang='grc' dir='ltr'>Οὐ</span> <span class='ocrx_word' id='word_1_958' title='bbox 2936 5160 3044 5230; x_wconf 88' lang='grc' dir='ltr'>γάρ</span> <span class='ocrx_word' id='word_1_959' title='bbox 3070 5159 3253 5220; x_wconf 85' lang='grc' dir='ltr'>ἁπλῶς</span> <span class='ocrx_word' id='word_1_960' title='bbox 3276 5157 3470 5225; x_wconf 90' lang='grc' dir='ltr'>σκῆνος</span> <span class='ocrx_word' id='word_1_961' title='bbox 3488 5155 3546 5206; x_wconf 88' lang='grc' dir='ltr'>τὸ</span> <span class='ocrx_word' id='word_1_962' title='bbox 3574 5152 3730 5238; x_wconf 69' lang='grc' dir='ltr'>σῶμα</span> 
     </span>
    </p>
   </div>
   <div class='ocr_carea' id='block_1_121' title="bbox 2161 5234 3732 5315">
    <p class='ocr_par' dir='ltr' id='par_1_121' title="bbox 2161 5234 3732 5315">
     <span class='ocr_line' id='line_1_121' title="bbox 2161 5234 3732 5315; baseline -0.011 -10"><span class='ocrx_word' id='word_1_963' title='bbox 2161 5234 2436 5312; x_wconf 77' lang='grc' dir='ltr'>ἐκάλεσεν,</span> <span class='ocrx_word' id='word_1_964' title='bbox 2467 5247 2600 5300; x_wconf 88' lang='grc' dir='ltr'>ἀλλά</span> <span class='ocrx_word' id='word_1_965' title='bbox 2631 5248 2692 5298; x_wconf 86' lang='grc' dir='ltr'>τὸ</span> <span class='ocrx_word' id='word_1_966' title='bbox 2741 5244 3074 5315; x_wconf 85' lang='grc' dir='ltr'>πρόσκαιρον</span> <span class='ocrx_word' id='word_1_967' title='bbox 3114 5243 3213 5310; x_wconf 88' lang='grc' dir='ltr'>τῆς</span> <span class='ocrx_word' id='word_1_968' title='bbox 3259 5239 3538 5309; x_wconf 84' lang='grc' dir='ltr'>παρούσης</span> <span class='ocrx_word' id='word_1_969' title='bbox 3584 5234 3732 5304; x_wconf 76' lang='grc' dir='ltr'>ζωῆς</span> 
     </span>
    </p>
   </div>
   <div class='ocr_carea' id='block_1_122' title="bbox 2163 5318 3732 5405">
    <p class='ocr_par' dir='ltr' id='par_1_122' title="bbox 2163 5318 3732 5405">
     <span class='ocr_line' id='line_1_122' title="bbox 2163 5318 3732 5405; baseline -0.011 -18"><span class='ocrx_word' id='word_1_970' title='bbox 2163 5337 2291 5405; x_wconf 77' lang='grc' dir='ltr'>ἡμῖν</span> <span class='ocrx_word' id='word_1_971' title='bbox 2328 5329 2749 5400; x_wconf 83' lang='grc' dir='ltr'>ἐνδεικνύμενος,</span> <span class='ocrx_word' id='word_1_972' title='bbox 2776 5329 2871 5380; x_wconf 79' lang='grc' dir='ltr'>καὶ</span> <span class='ocrx_word' id='word_1_973' title='bbox 2898 5327 2995 5396; x_wconf 77' lang='grc' dir='ltr'>τὴν</span> <span class='ocrx_word' id='word_1_974' title='bbox 3041 5325 3133 5378; x_wconf 79' lang='grc' dir='ltr'>ἐπὶ</span> <span class='ocrx_word' id='word_1_975' title='bbox 3162 5324 3222 5378; x_wconf 86' lang='grc' dir='ltr'>τὸ</span> <span class='ocrx_word' id='word_1_976' title='bbox 3261 5323 3464 5405; x_wconf 82' lang='grc' dir='ltr'>βέλτιον</span> <span class='ocrx_word' id='word_1_977' title='bbox 3503 5318 3732 5405; x_wconf 73' lang='grc' dir='ltr'>μεταϐοο</span> 
     </span>
    </p>
   </div>
   <div class='ocr_carea' id='block_1_123' title="bbox 2161 5399 3730 5487">
    <p class='ocr_par' dir='ltr' id='par_1_123' title="bbox 2161 5399 3730 5487">
     <span class='ocr_line' id='line_1_123' title="bbox 2161 5399 3730 5487; baseline -0.011 -18"><span class='ocrx_word' id='word_1_978' title='bbox 2161 5399 2258 5487; x_wconf 69' lang='grc' dir='ltr'>λῆν</span> <span class='ocrx_word' id='word_1_979' title='bbox 2287 5415 2488 5486; x_wconf 90' lang='grc' dir='ltr'>δηλῶν,</span> <span class='ocrx_word' id='word_1_980' title='bbox 2528 5399 2810 5482; x_wconf 74' lang='grc' dir='ltr'>μονονουχὶ</span> <span class='ocrx_word' id='word_1_981' title='bbox 2857 5410 3030 5478; x_wconf 88' lang='grc' dir='ltr'>λέγων</span> <span class='ocrx_word' id='word_1_982' title='bbox 3049 5426 3062 5438; x_wconf 75' lang='grc' dir='ltr'><strong>ο</strong></span> <span class='ocrx_word' id='word_1_983' title='bbox 3093 5407 3157 5460; x_wconf 88' lang='grc' dir='ltr'>Τί</span> <span class='ocrx_word' id='word_1_984' title='bbox 3201 5402 3480 5487; x_wconf 72' lang='grc' dir='ltr'>στενάζεις</span> <span class='ocrx_word' id='word_1_985' title='bbox 3511 5402 3604 5487; x_wconf 55' lang='grc' dir='ltr'>καί</span> <span class='ocrx_word' id='word_1_986' title='bbox 3637 5399 3730 5487; x_wconf 81' lang='grc' dir='ltr'>δα-</span> 
     </span>
    </p>
   </div>
   <div class='ocr_carea' id='block_1_124' title="bbox 2165 5483 3734 5566">
    <p class='ocr_par' dir='ltr' id='par_1_124' title="bbox 2165 5483 3734 5566">
     <span class='ocr_line' id='line_1_124' title="bbox 2165 5483 3734 5566; baseline -0.011 -15"><span class='ocrx_word' id='word_1_987' title='bbox 2165 5483 2379 5566; x_wconf 82' lang='grc' dir='ltr'>κρύεις,</span> <span class='ocrx_word' id='word_1_988' title='bbox 2429 5495 2712 5565; x_wconf 85' lang='grc' dir='ltr'>άγαπητὲ,</span> <span class='ocrx_word' id='word_1_989' title='bbox 2759 5495 2840 5547; x_wconf 85' lang='grc' dir='ltr'>ὅτι</span> <span class='ocrx_word' id='word_1_990' title='bbox 2886 5493 3067 5563; x_wconf 77' lang='grc' dir='ltr'>τύπτῃ</span> <span class='ocrx_word' id='word_1_991' title='bbox 3121 5490 3217 5544; x_wconf 69' lang='grc' dir='ltr'>καὶ</span> <span class='ocrx_word' id='word_1_992' title='bbox 3265 5485 3466 5558; x_wconf 69' lang='grc' dir='ltr'>ἐλαύνῃ</span> <span class='ocrx_word' id='word_1_993' title='bbox 3519 5485 3612 5537; x_wconf 81' lang='grc' dir='ltr'>καὶ</span> <span class='ocrx_word' id='word_1_994' title='bbox 3654 5483 3734 5546; x_wconf 83' lang='grc' dir='ltr'>είς</span> 
     </span>
    </p>
   </div>
   <div class='ocr_carea' id='block_1_125' title="bbox 2167 5567 3735 5653">
    <p class='ocr_par' dir='ltr' id='par_1_125' title="bbox 2167 5567 3735 5653">
     <span class='ocr_line' id='line_1_125' title="bbox 2167 5567 3735 5653; baseline -0.011 -17"><span class='ocrx_word' id='word_1_995' title='bbox 2167 5583 2536 5653; x_wconf 80' lang='grc' dir='ltr'>δεσμωτήριον</span> <span class='ocrx_word' id='word_1_996' title='bbox 2566 5579 2896 5650; x_wconf 81' lang='grc' dir='ltr'>ἐμπίπτεις;</span> <span class='ocrx_word' id='word_1_997' title='bbox 2943 5577 2995 5630; x_wconf 89' lang='grc' dir='ltr'>τί</span> <span class='ocrx_word' id='word_1_998' title='bbox 3025 5575 3240 5646; x_wconf 85' lang='grc' dir='ltr'>θρηνεῖς</span> <span class='ocrx_word' id='word_1_999' title='bbox 3274 5571 3373 5635; x_wconf 82' lang='grc' dir='ltr'>τὰς</span> <span class='ocrx_word' id='word_1_1000' title='bbox 3397 5570 3552 5653; x_wconf 11' lang='grc' dir='ltr'>κατάν</span> <span class='ocrx_word' id='word_1_1001' title='bbox 3573 5567 3735 5653; x_wconf 79' lang='grc' dir='ltr'>μέρος</span> 
     </span>
    </p>
   </div>
   <div class='ocr_carea' id='block_1_126' title="bbox 2165 5647 3734 5730">
    <p class='ocr_par' dir='ltr' id='par_1_126' title="bbox 2165 5647 3734 5730">
     <span class='ocr_line' id='line_1_126' title="bbox 2165 5647 3734 5730; baseline -0.011 -11"><span class='ocrx_word' id='word_1_1002' title='bbox 2165 5647 2368 5728; x_wconf 76' lang='grc' dir='ltr'>ταύτας</span> <span class='ocrx_word' id='word_1_1003' title='bbox 2401 5647 2693 5725; x_wconf 65' lang='grc' dir='ltr'>κακώσεις,</span> <span class='ocrx_word' id='word_1_1004' title='bbox 2725 5661 2955 5730; x_wconf 88' lang='grc' dir='ltr'>ὀφείλων</span> <span class='ocrx_word' id='word_1_1005' title='bbox 3001 5659 3102 5728; x_wconf 82' lang='grc' dir='ltr'>τὴν</span> <span class='ocrx_word' id='word_1_1006' title='bbox 3153 5657 3444 5724; x_wconf 79' lang='grc' dir='ltr'>ὁλόκληρον</span> <span class='ocrx_word' id='word_1_1007' title='bbox 3481 5647 3734 5718; x_wconf 80' lang='grc' dir='ltr'>δέξασθαι</span> 
     </span>
    </p>
   </div>
   <div class='ocr_carea' id='block_1_127' title="bbox 2168 5731 3728 5817">
    <p class='ocr_par' dir='ltr' id='par_1_127' title="bbox 2168 5731 3728 5817">
     <span class='ocr_line' id='line_1_127' title="bbox 2168 5731 3728 5817; baseline -0.013 -13"><span class='ocrx_word' id='word_1_1008' title='bbox 2168 5749 2462 5804; x_wconf 88' lang='grc' dir='ltr'>κατάλυσιν</span> <span class='ocrx_word' id='word_1_1009' title='bbox 2510 5745 2602 5802; x_wconf 89' lang='grc' dir='ltr'>τοῦ</span> <span class='ocrx_word' id='word_1_1010' title='bbox 2653 5745 2936 5817; x_wconf 82' lang='grc' dir='ltr'>σώματος’</span> <span class='ocrx_word' id='word_1_1011' title='bbox 2970 5742 3168 5814; x_wconf 78' lang='grc' dir='ltr'>μᾶλλον</span> <span class='ocrx_word' id='word_1_1012' title='bbox 3195 5739 3248 5794; x_wconf 84' lang='grc' dir='ltr'>δὲ</span> <span class='ocrx_word' id='word_1_1013' title='bbox 3279 5738 3377 5809; x_wconf 76' lang='grc' dir='ltr'>οὐχ</span> <span class='ocrx_word' id='word_1_1014' title='bbox 3421 5734 3606 5798; x_wconf 87' lang='grc' dir='ltr'>άπλῶς</span> <span class='ocrx_word' id='word_1_1015' title='bbox 3639 5731 3728 5787; x_wconf 84' lang='grc' dir='ltr'>τοῦ</span> 
     </span>
    </p>
   </div>
  </div>
