4038 6204
437 371 544 428 ηδ

435 485 598 553 igitur
628 479 776 546 dicit,
811 477 1017 549 pondus
1043 476 1248 548 glorise,
1279 474 1694 545 magnitudinem
1720 471 1906 543 gloriae
1939 468 2023 524 di-

434 575 525 627 cit.
556 571 638 626 Ne
659 571 763 624 hoc
802 578 1037 638 reputes,
1071 568 1260 638 inquit,
1290 566 1432 637 quod
1460 563 1746 635 ﬂagellaris
1765 571 1819 617 et
1843 562 2025 631 expel-

440 663 582 725 lcris,
609 660 708 715 sed
740 660 916 730 potius
936 660 1106 729 cogita
1135 672 1358 712 coronas
1383 667 1432 712 et
1457 656 1855 722 retributiones,
1883 655 2023 724 quod

445 757 541 810 illa:
569 755 863 825 longiores,
897 754 1127 822 majores
1151 762 1204 808 et
1232 753 1490 805 clariores
1514 751 1623 804 sint
1649 747 2021 817 prtesentibus,

441 848 749 916 nullumque
788 845 946 900 linem
992 845 1239 908 habeant,
1273 851 1364 897 aut
1405 842 1708 895 terminum.
1742 843 1812 894 At
1857 836 2052 904 enim,

438 939 633 1008 inquit,
671 937 784 990 [nec
805 937 915 1006 jam
947 935 1270 1003 experimur,
1303 934 1388 986 illa
1417 948 1542 986 vero
1569 931 1622 984 in
1661 945 1756 998 Spe
1781 939 1903 983 sunt
1932 945 2024 998 po-

436 1032 539 1083 sita
570 1048 584 1083 :
619 1038 673 1082 et
700 1027 816 1081 haec
851 1025 1063 1097 quidem
1097 1033 1371 1094 apparent,
1414 1022 1501 1076 illa
1532 1036 1660 1075 vero
1705 1035 1809 1074 non
1854 1034 2021 1088 appa-

436 1131 578 1187 rent,
625 1119 718 1175 sed
761 1119 976 1173 excelsa
1016 1117 1366 1184 sublimiaque
1409 1122 1552 1167 sunt.
1587 1112 1697 1166 lmo
1738 1109 2020 1165 iuvisibiiia

444 1211 616 1265 multo
643 1210 808 1278 magis
836 1217 1113 1280 apparent,
1151 1221 1306 1275 quam
1331 1203 1574 1268 visibilia,
1607 1203 1906 1271 poterisque
1933 1201 2022 1255 illa

438 1301 610 1372 magis
635 1301 836 1368 videre,
863 1315 1020 1372 quam
1065 1297 1220 1352 haec:
1267 1295 1381 1350 hzcc
1426 1310 1568 1349 emm
1609 1301 1901 1358 transeunt,
1935 1291 2019 1345 illa

436 1403 616 1447 autem
665 1400 1000 1462 permanent.
1049 1389 1340 1457 Eaproptcr
1381 1385 1527 1440 addit
1564 1383 1742 1437 :Dum
1783 1399 1875 1436 nos
1922 1398 2023 1435 non

436 1493 724 1553 spectamus
749 1499 806 1536 ea
829 1495 943 1553 qua:
957 1480 1208 1544 videntur,
1238 1477 1325 1531 sed
1344 1492 1459 1547 qua:
1486 1493 1584 1529 non
1614 1475 1844 1527 videntur
1866 1490 1884 1530 :
1910 1490 2022 1545 qua:

436 1578 572 1628 enim
621 1573 869 1637 videnlur,
910 1571 1206 1641 temporalia
1232 1585 1250 1623 :
1273 1585 1385 1641 qua:
1421 1584 1521 1621 non
1559 1568 1803 1632 videntur,
1835 1577 2022 1620 wter'za

435 1677 552 1721 sunt
578 1667 653 1737 (9..
684 1665 801 1720 Cor.
831 1665 884 1719 4.
918 1662 1030 1735 18).

508 1758 564 1812 5.
604 1760 673 1810 At
699 1757 742 1810 si
785 1755 1009 1818 dixeris,
1041 1752 1319 1821 Quomodo
1365 1766 1578 1821 possum
1609 1750 1788 1804 videre
1816 1765 1877 1803 ea
1904 1765 2022 1819 qua:

439 1864 545 1902 non
576 1847 841 1912 videntur,
869 1853 925 1902 et
951 1860 1012 1899 ea
1044 1859 1161 1914 quae
1193 1845 1470 1913 prtcsentia
1497 1850 1639 1909 sunt,
1667 1858 1771 1898 non
1805 1842 2022 1897 videre?

441 1955 470 1992 a
498 1938 837 1993 smcularibus
865 1936 1090 2006 negotiis
1133 1947 1181 1989 te
1206 1936 1270 1988 ad
1300 1935 1435 1988 hanc
1464 1935 1621 1989 fidem
1649 1933 1903 1988 inducere
1931 1949 2019 1988 sa-

441 2040 637 2101 tagam.
671 2028 800 2082 Nam
831 2028 884 2082 in
926 2028 1087 2082 rebus
1117 2026 1272 2095 hujus
1307 2024 1488 2079 mundi
1532 2040 1688 2078 nemo
1715 2025 1893 2078 statim
1920 2024 2020 2076 ali-

446 2119 577 2190 quid
615 2120 740 2188 agit,
784 2118 882 2173 nisi
941 2117 1244 2187 priusquam
1295 2115 1469 2169 videat
1517 2115 1763 2178 visibilia,
1819 2123 2020 2183 spectet

444 2207 747 2264 invisibilia.
777 2208 956 2263 Dicam
995 2216 1170 2261 autem
1198 2207 1494 2276 exemplum
1524 2223 1538 2261 :
1567 2207 1862 2276 negotiator
1882 2206 2021 2260 mul-

442 2313 524 2356 tas
569 2300 674 2356 fert
720 2309 1086 2371 tempestates,
1134 2298 1386 2353 ﬂuctuum
1435 2297 1681 2362 insultus,
1727 2297 2017 2368 naufragia,

439 2392 710 2461 multaque
735 2392 836 2446 alia
869 2391 1204 2445 incommoda
1233 2407 1245 2442 :
1281 2405 1465 2444 verum
1509 2405 1616 2443 non
1647 2389 1746 2443 nisi
1776 2404 1895 2443 cum
1924 2405 2020 2443 ne-

432 2485 784 2556 gotiationem
817 2484 1142 2555 aliquamdiu
1171 2483 1490 2550 exercuerit,
1528 2491 1582 2538 et
1607 2497 1814 2538 merces
1840 2483 2024 2537 vendi-

438 2577 602 2642 derit,
649 2575 847 2631 divitiis
892 2576 1057 2646 partis
1103 2573 1312 2630 fruitur.
1366 2576 1431 2629 Et
1472 2574 1779 2645 praecedunt
1807 2573 2020 2645 quidem

438 2677 802 2738 tempestates,
845 2677 1139 2739 sequuntur
1165 2677 1340 2721 autem
1373 2681 1580 2721 merces
1615 2685 1628 2721 :
1660 2675 1714 2721 et
1744 2666 1884 2720 videt
1907 2667 2024 2736 qui-

436 2759 561 2813 dem
591 2758 809 2828 pelagus
850 2774 912 2813 ac
945 2758 1155 2824 iluctus,
1198 2773 1316 2813 cum
1365 2775 1395 2813 e
1421 2759 1573 2823 litore
1607 2758 1784 2825 solvit,
1818 2772 2024 2813 merces

437 2859 618 2903 autem
636 2865 739 2903 non
761 2849 1026 2916 videntur,
1061 2858 1263 2904 tantum
1288 2859 1464 2903 autem
1494 2859 1797 2918 sperantur.
1825 2852 1891 2901 At
1923 2847 2023 2902 nisi

437 2939 507 2994 ad
535 2955 652 2995 eam
684 2940 953 3010 reSpiciat,
986 2956 1103 3011 quae
1133 2957 1236 2995 non
1282 2948 1500 3011 apparet
1526 2949 1580 2994 et
1612 2939 1804 2993 absens
1834 2947 1935 3004 est,
1968 2946 2024 2993 et

437 3044 545 3083 non
577 3031 628 3084 in
657 3046 838 3096 manu,
864 3030 956 3085 sed
985 3031 1037 3085 in
1067 3046 1183 3100 spe,
1213 3047 1497 3099 numquam
1538 3031 1697 3084 etiam
1741 3029 2022 3099 praesentia

435 3129 492 3172 et
518 3135 637 3189 qua:
674 3130 930 3189 apparent
955 3121 1253 3175 attentabit.
1286 3118 1544 3175 Similiter
1567 3128 1622 3174 et
1645 3119 2020 3190 agricolajun—

435 3211 516 3281 git
563 3211 748 3275 boves,
801 3213 961 3266 trahit
1005 3221 1262 3277 aratrum,
1314 3212 1602 3282 profundos
1650 3211 1775 3266 facit
1821 3213 2020 3278 sulcos,

434 3305 746 3374 seminaque
776 3305 995 3374 spargit,
1019 3314 1072 3360 et
1104 3305 1305 3370 omnia,
1331 3320 1450 3375 qua:
1479 3304 1579 3359 sibi
1603 3315 1746 3372 sunt,
1779 3305 2031 3373 insumit,‘

438 3402 492 3446 et
512 3392 729 3462 frigora,
764 3403 817 3448 et
842 3395 1055 3464 glacies,
1084 3404 1138 3450 et
1161 3395 1377 3462 imbres,
1401 3406 1452 3451 et
1476 3396 1608 3450 alias
1632 3395 1733 3450 fert
1755 3411 2021 3451 :erumnas

440 3486 630 3539 multas
660 3499 674 3539 :
707 3485 1024 3556 tandemque
1060 3498 1177 3556 post
1205 3487 1417 3542 labores
1440 3495 1733 3558 exspectat,
1763 3496 1819 3541 ut
1845 3487 2023 3542 videat

434 3591 655 3646 campos
682 3577 915 3632 virentes
936 3587 992 3631 et
1023 3578 1229 3647 plenam
1255 3593 1456 3632 aream.
1480 3579 1557 3632 En
1579 3589 1632 3634 et
1655 3578 1740 3633 hic
1769 3580 1914 3650 prior
1939 3589 2022 3635 est

441 3669 612 3736 labor,
680 3672 947 3740 posterior
986 3688 1113 3727 vero
1160 3688 1407 3726 merces:
1443 3682 1496 3728 et
1540 3688 1750 3728 merces
1795 3673 2017 3741 incerta,

442 3761 594 3817 labor
623 3779 754 3818 vero
779 3773 957 3818 certus
991 3773 1044 3821 et
1074 3766 1382 3820 manifestus
1410 3783 1423 3821 :
1456 3774 1510 3820 et
1536 3767 1623 3820 illa
1652 3763 1868 3836 quidem
1900 3775 2017 3820 tan-

439 3856 624 3908 tumin
659 3871 773 3924 Spe,
797 3857 949 3912 labor
973 3866 1148 3913 autem
1177 3859 1228 3913 in
1261 3859 1525 3915 manibus.
1553 3859 1931 3915 Verumtamen
1967 3867 2019 3915 et

446 3944 564 4011 ipse
609 3945 707 3998 nisi
737 3948 960 4015 primum
1003 3949 1138 4002 hanc
1180 3957 1402 4018 spectet,
1448 3965 1568 4019 qua:
1611 3949 1769 4004 dubia
1812 3958 1867 4004 et
1911 3964 2017 4004 non

452 4051 728 4105 apparens,
753 4048 801 4094 et
819 4041 1093 4110 corporeis
1118 4042 1284 4096 oculis
1311 4042 1673 4112 inconspicua,
1706 4057 1811 4097 non
1840 4042 2016 4097 solum

446 4144 555 4181 non
575 4127 756 4200 junget
777 4131 960 4196 boves,
1008 4149 1180 4202 neque
1221 4144 1455 4189 aratrum
1505 4134 1696 4201 trahet,
1730 4151 1900 4206 neque
1928 4151 2018 4191 se-

441 4219 584 4271 mina
623 4230 854 4291 sparget,
903 4221 995 4277 sed
1028 4238 1198 4293 neque
1239 4239 1488 4294 umquam
1530 4225 1595 4280 ad
1644 4225 1694 4279 id
1721 4224 1899 4294 operis
1933 4225 2018 4280 vel

439 4310 603 4364 domo
656 4314 978 4382 egredietur.
1034 4315 1313 4381 Quomodo
1365 4317 1524 4386 igitur
1578 4317 1862 4372 absurdum
1910 4334 2016 4373 non

440 4401 602 4455 fuerit
657 4402 708 4456 in
759 4403 921 4458 rebus
971 4407 1311 4462 smcularibus
1363 4424 1468 4462 non
1521 4420 1804 4479 conspecta
1850 4411 2013 4480 prius,

434 4507 596 4566 quam
627 4505 910 4564 conspecta
954 4512 1064 4567 pra:
1104 4498 1273 4553 oculis
1301 4498 1520 4565 habere,
1569 4509 1621 4554 et
1652 4509 1776 4555 ante
1815 4516 2019 4556 merce-

434 4582 558 4635 dem
604 4586 867 4640 sustinere
918 4588 1148 4656 labores,
1198 4598 1251 4644 et
1298 4599 1416 4660 post
1464 4591 1764 4646 exantlatos
1809 4592 2016 4647 labores

437 4676 574 4728 bona
602 4691 666 4730 ex
698 4677 760 4731 iis
790 4680 1052 4734 manantia
1075 4690 1405 4750 exspectare,
1424 4691 1581 4752 atque
1603 4698 1697 4751 spe
1724 4697 1826 4736 non
1854 4699 2017 4753 appa-

435 4765 666 4819 ri-ntium
695 4783 756 4822 ea
792 4785 910 4840 qua:
937 4770 1184 4826 videntur
1223 4772 1466 4843 aggredi;
1511 4774 1562 4826 in
1605 4773 1668 4828 iis
1695 4785 1871 4828 autem
1898 4789 2016 4844 quas

433 4859 502 4911 ad
552 4858 726 4914 Deum
779 4870 1021 4930 Spectant
1065 4862 1330 4927 dubitare,
1382 4864 1648 4930 hmsitare,
1703 4874 1756 4919 et
1795 4881 2017 4934 poscere

433 4951 738 5005 mercedem
779 4963 904 5006 ante
944 4953 1178 5022 labores,
1226 4971 1450 5025 esseque
1496 4957 1658 5010 animi
1689 4956 2011 5026 abjectioris.
2050 4989 2063 5004 ι

431 5055 594 5108 quam
625 5042 733 5097 sint
761 5044 1006 5113 agricola:
1033 5053 1088 5098 et
1119 5047 1330 5100 natiue?
1368 5046 1481 5100 Non
1523 5047 1664 5101 enim
1694 5049 1743 5102 in
1773 5048 1872 5102 hoc
1899 5029 2063 5102 solo“

435 5130 566 5197 ipsis
595 5132 838 5187 videmur
863 5149 982 5189 esse
1009 5135 1324 5202 deteriores,
1367 5138 1505 5208 quod
1535 5156 1675 5210 aegre
1718 5141 1884 5195 futura
1915 5159 2012 5197 ex-

432 5228 758 5288 spectamus,
806 5224 896 5278 sed
943 5225 1100 5280 etiam
1151 5226 1202 5280 in
1244 5228 1349 5282 alio
1389 5229 1618 5298 quodam
1665 5246 1769 5285 non
1810 5234 2016 5289 minore

437 5311 563 5363 illis.
606 5312 672 5365 Et
705 5315 970 5383 quodnam
996 5327 1077 5370 est
1106 5317 1248 5372 hoc?
1274 5319 1351 5374 llli
1381 5321 1520 5375 enim
1554 5337 1656 5375 non
1697 5324 1825 5378 satis
1853 5324 2016 5380 ﬁdere

438 5411 663 5466 possunt
695 5403 782 5456 lini
811 5419 939 5468 suo;
981 5416 1214 5463 attamen
1257 5425 1354 5464 nec
1380 5411 1457 5465 sic
1484 5427 1512 5464 a
1543 5411 1812 5469 laboribus
1841 5414 2020 5469 deter-

436 5502 624 5548 rentur
655 5514 667 5547 :
694 5509 748 5549 at
781 5507 837 5551 tu
867 5499 1230 5568 lidcjnssorem
1261 5517 1574 5558 coronarum
1617 5503 1780 5560 habes
1810 5506 1913 5560 [ide
1937 5505 2024 5560 di-

430 5584 745 5650 gnissimum
775 5604 788 5639 :
814 5597 869 5642 et
911 5605 1085 5660 neque
1127 5593 1204 5647 sic
1252 5593 1473 5650 imitaris
1514 5596 1721 5650 illorum
1764 5613 2024 5667 perseve-

435 5674 684 5730 rantiam.
743 5676 949 5732 Etenim
1007 5697 1400 5754 nonnumquam
1449 5685 1676 5756 agricola
1737 5698 2022 5758 postquam

435 5778 728 5825 sementem
758 5769 964 5841 iecerit,
1000 5791 1185 5845 agrum
1223 5777 1466 5846 coluerit,
1497 5781 1605 5852 jam
1652 5791 1884 5852 segetem
1931 5783 2017 5838 itt-

1490 361 1579 418 ΒΕ
1619 351 2188 415 RESURRECTIONE
2228 348 2675 412 BIORTUORUM';

3605 357 3708 412 £26

2134 481 2372 522 crescere
2408 467 2620 534 viderit,
2654 470 2749 537 spe
2792 475 2966 522 tamen
2995 483 3056 524 ac
3084 468 3430 524 retributione
3469 472 3704 526 laborm)

2132 556 2346 621 excidit,
2369 558 2414 612 si
2437 558 2521 612 vel
2549 558 2770 627 grando,
2801 559 2882 612 vel
2904 575 3097 624 erucas,
3131 561 3214 615 vel
3239 561 3473 627 locustae,
3503 569 3585 617 vel
3603 568 3702 617 alia

2130 649 2371 717 quaedam
2405 650 2525 702 talia
2555 650 2860 714 acciderint,
2911 660 2966 706 et
3003 661 3124 723 post
3154 653 3347 708 multos
3374 654 3594 708 sudores
3619 672 3706 708 va-

2131 741 2244 790 cuis
2285 739 2525 793 manibus
2569 740 2784 794 domum
2835 743 3152 811 regreditur.
3201 745 3462 798 Mercator
3498 762 3706 816 quoque

2131 837 2250 896 post
2297 829 2504 898 longam
2559 831 2944 901 navigationem
2984 833 3184 887 ducens
3218 844 3490 889 oneratam
3532 838 3702 890 navim

2129 933 2271 986 swpe
2308 919 2362 972 in
2390 920 2502 987 ipso
2535 931 2715 989 portus
2745 923 2904 987 ostio,
2939 923 3259 977 irruentibus
3289 926 3479 992 ventis,
3515 927 3707 997 impin-

2127 1009 2203 1076 git
2241 1009 2291 1060 in
2332 1010 2627 1078 scopulum,
2658 1022 2712 1065 et
2761 1013 2847 1065 vix
2878 1012 3020 1066 nudo
3065 1028 3290 1082 corpore
3317 1017 3464 1069 salvo
3490 1017 3704 1086 egredi-

2133 1108 2235 1152 tur.
2287 1100 2355 1154 Et
2396 1103 2448 1155 in
2479 1118 2706 1169 summa,
2741 1105 2792 1158 in
2823 1106 3163 1160 saecularibus
3211 1108 3434 1176 negotiis
3459 1109 3704 1164 omnibus

2128 1204 2270 1260 sa'pe
2303 1193 2404 1247 sub
2435 1194 2594 1248 finem
2624 1196 2882 1264 ejusmodi
2909 1198 3233 1252 calamitates
3278 1200 3547 1253 eveniunt.
3588 1200 3710 1253 (ζων

2131 1290 2302 1338 terum
2335 1300 2439 1339 non
2471 1287 2608 1342 idem
2644 1288 2694 1341 in
2736 1288 2841 1342 tuis
2868 1290 3125 1359 contingit
3153 1291 3562 1356 certaminibus;
3609 1292 3701 1345 sed

2127 1393 2346 1434 necesse
2394 1379 2609 1434 omnino
2652 1390 2752 1444 est,
2799 1390 2856 1434 ut
2897 1381 2985 1451 qui
3028 1383 3328 1449 certaverit,
3370 1391 3425 1436 et
3454 1383 3702 1452 pietatem

2128 1472 2488 1535 seminaverit,
2521 1473 2818 1541 multosque
2857 1472 3062 1527 labores
3100 1473 3299 1538 tulerit,
3344 1474 3501 1529 linem
3532 1477 3701 1545 ipsum

2126 1572 2459 1631 assequatur.
2496 1562 2676 1632 Neque
2701 1565 2843 1618 enim
2871 1565 3008 1619 aeris
3036 1566 3349 1634 intemperie
3374 1583 3546 1636 neque
3572 1583 3702 1623 ven-

2128 1662 2302 1707 torum
2345 1662 2657 1722 tempestate
2703 1655 2943 1709 laborum
2987 1658 3261 1711 mercedes
3303 1659 3535 1714 subverti
3578 1661 3704 1714 sinit

2127 1745 2299 1809 Deus;
2324 1744 2416 1799 sed
2438 1745 2683 1814 reposita:
2703 1753 2822 1800 sunt
2846 1746 2949 1800 illa:
2972 1747 3023 1800 in
3046 1747 3346 1822 cwlcstibus
3366 1758 3421 1804 ct
3442 1750 3704 1820 indepm~

2127 1835 2391 1890 dabilibus
2432 1837 2714 1890 thesauris.
2748 1837 2971 1906 Pr0pter
3014 1839 3114 1892 hoc
3153 1850 3203 1894 et
3231 1840 3425 1894 Paulus
3449 1841 3700 1898 dicebat:

2125 1929 2335 1998 Aﬁlictio
2357 1931 2647 1999 patientiam
2667 1940 2921 1999 operatur,
2946 1933 3184 1999 patientia
3204 1934 3561 2001 probationem,
3587 1951 3703 2003 pro-

2127 2020 2258 2072 batio
2286 2036 2441 2090 spent,
2470 2029 2582 2088 spes
2601 2029 2884 2073 autemnon
2903 2021 3163 2088 confundit
3187 2022 3356 2092 (llam.
3387 2024 3439 2078 5.
3471 2027 3524 2078 4.
3553 2026 3629 2095 5).

2200 2109 2572 2180 Temporalt'tun
2593 2111 2909 2165 incertitudo.
2937 2141 3010 2152 —-—
3029 2113 3192 2182 Igitur
3212 2129 3279 2168 ne
3303 2115 3501 2170 dixeris
3521 2117 3696 2173 futura

2127 2201 2406 2255 invisibilia
2433 2219 2445 2253 :
2469 2201 2512 2254 si
2539 2201 2680 2256 enim
2702 2211 2947 2257 accurate
2975 2204 3279 2258 examinare
3304 2205 3556 2272 volueris,
3585 2208 3701 2261 lon-

2125 2309 2191 2364 ge
2231 2293 2587 2348 manifestiora
2620 2293 2957 2361 videbuntur,
2999 2310 3153 2364 quam
3183 2296 3269 2350 illa
3316 2298 3454 2366 ipsa,
3501 2315 3620 2368 quin
3649 2302 3701 2356 in

2127 2385 2371 2439 manibus
2404 2392 2546 2438 sunt.
2575 2385 2728 2452 Quod
2763 2385 2934 2454 ipsum
2975 2385 3167 2440 Paulus
3193 2389 3344 2441 nobis
3379 2400 3700 2457 monstrans,

2127 2475 2254 2529 dicit
2277 2492 2290 2526 :
2320 2474 2347 2528 Ι
2357 2474 2429 2527 lla
2451 2475 2650 2542 quidem
2677 2485 2882 2539 eterna,
2911 2474 3018 2529 luet:
3041 2491 3155 2530 vero
3178 2480 3495 2548 temporalia,
3535 2483 3704 2536 nomi-

2128 2579 2196 2619 ne
2261 2564 2628 2634 temporalium
2685 2565 2958 2620 declarans
3005 2567 3156 2622 nobis
3207 2570 3702 2639 corruptibilitatcm

2129 2655 2386 2724 ipsorum.
2403 2654 2533 2709 Nam
2551 2663 2830 2724 antequam
2853 2665 3162 2725 appareant,
3182 2659 3476 2729 aufugiunt,
3499 2673 3552 2716 et
3574 2678 3702 2716 avo-

2128 2745 2238 2800 lant
2258 2757 2539 2815 antequam
2562 2747 2873 2812 consistant,
2911 2749 3334 2818 mutationesque
3354 2765 3538 2805 eorum
3569 2754 3703 2810 cele-

2128 2853 2215 2892 res
2240 2845 2384 2902 sunt,
2407 2837 2606 2891 incerta
2632 2838 2912 2905 possessio.
2941 2837 3049 2892 Iloe
3072 2840 3123 2891 in
3150 2839 3368 2907 divitiis,
3390 2843 3575 2910 gloria,
3605 2860 3702 2912 po-

2128 2939 2353 2997 tentatu,
2379 2931 2618 3001 corporis
2641 2930 2812 2985 forma
2847 2941 2932 2986 :et
2961 2930 3136 2986 hocin
3176 2948 3510 3005 quocumque
3533 2952 3704 2992 saecu-

2129 3024 2224 3079 lari
2277 3023 2383 3077 alio
2437 3023 2577 3078 bono
2625 3022 2865 3078 contueri
2915 3022 3054 3076 licet.
3112 3023 3406 3093 Eapropter
3449 3027 3702 3096 prOplteta

2126 3115 2522 3186 reprehendens
2567 3125 2784 3185 agentes
2829 3116 2879 3169 in
2918 3115 3160 3180 deliciis,
3195 3126 3247 3170 et
3290 3119 3340 3170 in
3369 3117 3578 3175 divitias
3626 3122 3703 3176 vel

2126 3209 2367 3277 quamvis
2420 3209 2574 3262 aliam
2607 3223 2718 3262 rem
2747 3209 3094 3277 temporalem
3136 3210 3493 3279 insanientes,
3545 3202 3705 3281 Quasi

2124 3301 2341 3364 stantia,
2392 3300 2554 3365 dicit,
2608 3309 2906 3373 repulerunt
2943 3300 3083 3367 Ith'C,
3128 3319 3227 3354 non
3264 3307 3412 3372 quasi
3461 3305 3705 3376 fugientia

2134 3390 2308 3462 (Amos
2329 3392 2379 3444 6.
2409 3391 2487 3460 5).
2538 3390 2667 3461 Nam
2689 3395 2824 3446 sicut
2845 3392 3081 3446 umbram
3105 3409 3262 3448 nemo
3283 3397 3702 3464 comprehende-

2121 3481 2227 3548 rit,
2253 3481 2324 3536 ita
2351 3497 2526 3552 neque
2562 3484 2886 3553 temporales
2916 3495 3034 3550 res;
3065 3485 3157 3540 sed
3185 3501 3368 3540 eorum
3397 3489 3570 3559 aliqua
3600 3491 3704 3547 fine

2125 3587 2222 3627 suo
2241 3584 2676 3628 consummantur
2695 3585 2748 3629 et
2767 3574 3146 3642 dissolvuntur,
3174 3577 3274 3630 alia
3295 3587 3417 3632 ante
3435 3579 3592 3634 linem
3616 3597 3704 3636 ve-

2125 3665 2291 3721 locius
2318 3667 2508 3736 quovis
2555 3675 2788 3722 torrente
2828 3667 3092 3722 difﬂuunt.
3146 3669 3336 3724 Futura
3379 3681 3556 3726 autem
3597 3689 3700 3728 non

2125 3765 2248 3812 sunt
2270 3758 2391 3811 talia
2417 3775 2430 3811 :
2454 3758 2801 3813 mutationem
2832 3759 2971 3813 enim
2995 3760 3256 3824 nesciunt,
3285 3761 3702 3819 vicissitudinem

2124 3863 2231 3902 non
2260 3849 2528 3918 patiuntur
2555 3865 2570 3902 :
2602 3866 2707 3904 non
2737 3865 2797 3905 ea
2829 3859 2982 3920 urget
3009 3860 3288 3917 senectus,
3332 3852 3529 3908 nullam
3569 3854 3705 3909 alte-

2124 3942 2384 3996 rationem
2423 3943 2789 4011 experiuntur,
2822 3943 2914 3997 sed
2949 3954 3204 4013 perpetuo
3233 3945 3430 4014 vigent,
3454 3956 3508 4001 et
3531 3947 3581 4000 in
3610 3961 3704 4002 eo-

2123 4033 2245 4088 dem
2273 4034 2466 4088 decore
2490 4043 2820 4103 permanent.
2849 4033 3026 4103 Itaque
3052 4035 3095 4088 si
3126 4049 3226 4103 qua
3257 4045 3498 4105 oporteat
3524 4030 3702 4093 dicere

2117 4124 2425 4187 invisibilia,
2448 4124 2644 4176 incerta
2667 4133 2719 4177 et
2739 4123 2982 4187 obseura,
3009 4137 3069 4176 ea
3095 4131 3215 4176 sunt
3235 4127 3516 4192 praesentia
3543 4143 3699 4182 :nam

2121 4214 2261 4284 apud
2292 4214 2623 4283 possidentes
2652 4229 2757 4268 non
2786 4223 2997 4267 manent
3017 4253 3032 4279 ,
3064 4213 3158 4268 sed
3185 4214 3418 4283 quotidie
3454 4216 3700 4273 dominos

2123 4315 2355 4372 mutant,
2387 4318 2441 4362 et
2467 4306 2536 4361 ab
2563 4307 2664 4361 illis
2689 4307 2754 4361 ad
2781 4307 2914 4361 alios
2943 4315 3248 4372 transeunt,
3287 4319 3341 4362 et
3381 4325 3589 4364 rursum
3633 4310 3702 4364 ab

2123 4399 2230 4455 illis
2251 4399 2315 4453 ad
2342 4399 2494 4454 alios.
2521 4399 2804 4468 Postquam
2835 4399 2946 4453 lure
2973 4400 3148 4453 omnia
3177 4400 3374 4456 Paulus
3392 4400 3700 4467 declaravit,

2124 4491 2347 4562 ideoque
2388 4493 2665 4562 przcsentia
2710 4501 3070 4559 temporanea,
3105 4492 3274 4548 futura
3331 4510 3458 4549 vero
3500 4507 3700 4552 aeterna

2126 4583 2364 4647 vocavit,
2389 4583 2455 4636 de
2498 4584 2885 4637 resurrectione
2909 4598 3208 4637 sermonem
3250 4586 3453 4639 orditur
3475 4587 3558 4641 his
3585 4603 3703 4642 ver-

2113 4669 2244 4729 bis:
2279 4673 2481 4728 Scimus
2536 4674 2670 4742 quod
2715 4674 2756 4726 si
2812 4675 3056 4726 terrestris
3107 4685 3278 4728 nostra
3318 4677 3492 4731 domus
3547 4679 3702 4749 hujus

2122 4769 2430 4824 tabernaculi
2497 4770 2817 4834 dissolvatur,
2890 4770 3096 4824 domum
3161 4788 3224 4825 ea:
3291 4771 3400 4826 Deo
3466 4773 3702 4828 habemus

2121 4877 2220 4915 non
2240 4865 2598 4931 manufactam,
2623 4872 2862 4915 cateruam
2883 4863 2933 4915 in
2955 4863 3088 4916 etelis
3120 4863 3192 4933 (2.
3218 4863 3333 4916 Cor.
3367 4864 3418 4918 5.
3447 4864 3521 4935 1).

2192 4953 2244 5007 6.
2279 4952 2409 5006 Vide
2435 4953 2621 5007 iterum
2646 4969 2802 5022 quam
2829 4954 3040 5023 preprie
3061 4956 3218 5008 etiam
3252 4956 3351 5010 hoe
3373 4956 3489 5010 loco
3516 4957 3701 5014 dietio-

2116 5044 2277 5100 nibus
2308 5053 2504 5108 utatur,
2531 5053 2586 5099 et
2626 5045 2731 5097 vim
2760 5045 3036 5099 sententite
3083 5051 3193 5100 sua:
3232 5047 3356 5116 ipsis
3398 5049 3702 5103 nominibus

2112 5135 2372 5189 declaret.
2405 5133 2518 5189 Non
2551 5135 2690 5189 enim
2733 5136 3044 5205 simpliciter
3080 5136 3477 5192 tabernaculum
3508 5156 3700 5208 corpus

2119 5227 2348 5287 vocavit,
2377 5225 2467 5295 sed
2492 5225 2687 5280 indicat
2714 5226 2864 5280 nobis
2887 5229 3046 5280 vitam
3077 5227 3209 5282 hanc
3239 5241 3553 5297 pra-sentem
3582 5246 3700 5283 mo-

2121 5326 2457 5370 mentaneam
2502 5330 2622 5370 esse
2641 5356 2656 5381 ,
2688 5331 2751 5370 ac
2775 5317 3008 5372 declarat
3033 5319 3301 5386 quomodo
3328 5319 3698 5373 commutanda

2120 5407 2190 5460 sit
2219 5407 2269 5461 in
2311 5405 2608 5468 meliorem,
2638 5408 2786 5477 quasi
2817 5407 2958 5462 dicat
2988 5425 3002 5462 :
3034 5407 3170 5476 Quid
3204 5408 3506 5479 ingemiscis
3533 5419 3587 5464 et
3618 5410 3697 5464 la-

2121 5499 2402 5572 erymaris,
2430 5499 2643 5566 dilecte,
2676 5500 2816 5570 quod
2847 5501 3156 5557 verberibus
3186 5501 3429 5571 pulsaris,
3462 5501 3603 5570 quod
3633 5503 3701 5558 ab

2123 5592 2396 5647 hominum
2427 5601 2568 5647 coetu
2595 5593 2895 5664 expelleris,
2919 5593 3059 5664 quod
3084 5594 3134 5647 in
3163 5607 3430 5647 carcerem
3463 5593 3700 5650 intrude.

2123 5685 2232 5739 ris?
2260 5685 2396 5751 Quid
2451 5685 2600 5756 luges
2643 5682 2960 5740 afllictiones
3003 5685 3120 5739 illas
3166 5684 3543 5754 particulares,
3581 5702 3700 5741 cum

2129 5781 2412 5852 perlectam
2435 5781 2672 5851 corporis
2688 5777 3006 5835 solutionem
3027 5785 3335 5846 exspectare
3363 5777 3578 5848 debeas,
3598 5780 3705 5834 imo

3869 467 3900 546 ες

3866 539 3900 644 i'

3903 630 3949 648 ο.
