  <div class='ocr_page' id='page_1' title='image "/cluster/home/n/w/nwhite01/storage/ocr_20150623/50/hvd.32044069618742/025.png"; bbox 0 0 4038 6204; ppageno 0'>
   <div class='ocr_carea' id='block_1_1' title="bbox 131 197 166 240">
    <p class='ocr_par' dir='ltr' id='par_1_1' title="bbox 131 197 166 240">
     <span class='ocr_line' id='line_1_1' title="bbox 131 197 166 240; baseline 0 0"><span class='ocrx_word' id='word_1_1' title='bbox 131 197 166 240; x_wconf 69' lang='lat' dir='ltr'><strong>Ti</strong></span> 
     </span>
    </p>
   </div>
   <div class='ocr_carea' id='block_1_2' title="bbox 361 290 3628 358">
    <p class='ocr_par' dir='ltr' id='par_1_2' title="bbox 361 290 3628 358">
     <span class='ocr_line' id='line_1_2' title="bbox 361 290 3628 358; baseline 0.003 -11"><span class='ocrx_word' id='word_1_2' title='bbox 361 303 462 358; x_wconf 69' lang='lat'><strong>4-2.1</strong></span> <span class='ocrx_word' id='word_1_3' title='bbox 1081 295 1138 351; x_wconf 89' lang='lat' dir='ltr'><strong>S.</strong></span> <span class='ocrx_word' id='word_1_4' title='bbox 1180 295 1456 352; x_wconf 67' lang='lat' dir='ltr'><strong>JOANNlS</strong></span> <span class='ocrx_word' id='word_1_5' title='bbox 1493 291 1960 350; x_wconf 71' lang='lat' dir='ltr'><strong>CHRYSOSTOMI</strong></span> <span class='ocrx_word' id='word_1_6' title='bbox 1999 290 2312 350; x_wconf 73' lang='lat' dir='ltr'><strong>ARCIHEP.</strong></span> <span class='ocrx_word' id='word_1_7' title='bbox 2355 295 2885 352; x_wconf 71' lang='lat' dir='ltr'><strong>CONSTANTINOP.</strong></span> <span class='ocrx_word' id='word_1_8' title='bbox 3517 302 3628 356; x_wconf 65' lang='lat'><strong>49$</strong></span> 
     </span>
    </p>
   </div>
   <div class='ocr_carea' id='block_1_3' title="bbox 359 407 1930 484">
    <p class='ocr_par' dir='ltr' id='par_1_3' title="bbox 359 407 1930 484">
     <span class='ocr_line' id='line_1_3' title="bbox 359 407 1930 484; baseline -0.008 -12"><span class='ocrx_word' id='word_1_9' title='bbox 359 433 464 472; x_wconf 84' lang='lat' dir='ltr'><strong>non</strong></span> <span class='ocrx_word' id='word_1_10' title='bbox 487 413 796 484; x_wconf 81' lang='lat' dir='ltr'><strong>simpliciter</strong></span> <span class='ocrx_word' id='word_1_11' title='bbox 816 409 1076 481; x_wconf 88' lang='lat' dir='ltr'><strong>corporis,</strong></span> <span class='ocrx_word' id='word_1_12' title='bbox 1106 409 1198 464; x_wconf 87' lang='lat' dir='ltr'><strong>sed</strong></span> <span class='ocrx_word' id='word_1_13' title='bbox 1224 409 1580 478; x_wconf 69' lang='lat' dir='ltr'><strong>corruptionis</strong></span> <span class='ocrx_word' id='word_1_14' title='bbox 1604 410 1654 462; x_wconf 87' lang='lat' dir='ltr'><strong>iu</strong></span> <span class='ocrx_word' id='word_1_15' title='bbox 1683 407 1930 478; x_wconf 78' lang='lat' dir='ltr'><strong>corpore?</strong></span> 
     </span>
    </p>
   </div>
   <div class='ocr_carea' id='block_1_4' title="bbox 359 497 1932 570">
    <p class='ocr_par' dir='ltr' id='par_1_4' title="bbox 359 497 1932 570">
     <span class='ocr_line' id='line_1_4' title="bbox 359 497 1932 570; baseline -0.008 -6"><span class='ocrx_word' id='word_1_16' title='bbox 359 508 490 564; x_wconf 62' lang='lat' dir='ltr'><strong>bona</strong></span> <span class='ocrx_word' id='word_1_17' title='bbox 535 513 592 562; x_wconf 84' lang='lat' dir='ltr'><strong>ut</strong></span> <span class='ocrx_word' id='word_1_18' title='bbox 619 503 883 566; x_wconf 84' lang='lat' dir='ltr'><strong>ostendat,</strong></span> <span class='ocrx_word' id='word_1_19' title='bbox 913 500 1052 570; x_wconf 67' lang='lat' dir='ltr'><strong>qutttd</strong></span> <span class='ocrx_word' id='word_1_20' title='bbox 1081 500 1426 569; x_wconf 84' lang='lat' dir='ltr'><strong>particularcs</strong></span> <span class='ocrx_word' id='word_1_21' title='bbox 1467 497 1784 552; x_wconf 76' lang='lat' dir='ltr'><strong>aliiictiones</strong></span> <span class='ocrx_word' id='word_1_22' title='bbox 1827 512 1932 552; x_wconf 85' lang='lat' dir='ltr'><strong>nou</strong></span> 
     </span>
    </p>
   </div>
   <div class='ocr_carea' id='block_1_5' title="bbox 359 587 1930 654">
    <p class='ocr_par' dir='ltr' id='par_1_5' title="bbox 359 587 1930 654">
     <span class='ocr_line' id='line_1_5' title="bbox 359 587 1930 654; baseline -0.006 -4"><span class='ocrx_word' id='word_1_23' title='bbox 359 597 530 654; x_wconf 76' lang='lat' dir='ltr'><strong>solum</strong></span> <span class='ocrx_word' id='word_1_24' title='bbox 561 594 876 650; x_wconf 73' lang='lat' dir='ltr'><strong>contristare</strong></span> <span class='ocrx_word' id='word_1_25' title='bbox 905 607 1002 645; x_wconf 90' lang='lat' dir='ltr'><strong>nos</strong></span> <span class='ocrx_word' id='word_1_26' title='bbox 1039 607 1144 644; x_wconf 84' lang='lat' dir='ltr'><strong>non</strong></span> <span class='ocrx_word' id='word_1_27' title='bbox 1173 590 1414 654; x_wconf 75' lang='lat' dir='ltr'><strong>debeant,</strong></span> <span class='ocrx_word' id='word_1_28' title='bbox 1441 589 1533 642; x_wconf 87' lang='lat' dir='ltr'><strong>sed</strong></span> <span class='ocrx_word' id='word_1_29' title='bbox 1567 599 1620 644; x_wconf 87' lang='lat' dir='ltr'><strong>et</strong></span> <span class='ocrx_word' id='word_1_30' title='bbox 1645 587 1930 654; x_wconf 65' lang='lat' dir='ltr'><strong>laztil‘tcare,</strong></span> 
     </span>
    </p>
   </div>
   <div class='ocr_carea' id='block_1_6' title="bbox 361 680 1933 753">
    <p class='ocr_par' dir='ltr' id='par_1_6' title="bbox 361 680 1933 753">
     <span class='ocr_line' id='line_1_6' title="bbox 361 680 1933 753; baseline -0.005 -13"><span class='ocrx_word' id='word_1_31' title='bbox 361 687 561 744; x_wconf 82' lang='lat' dir='ltr'><strong>indicat</strong></span> <span class='ocrx_word' id='word_1_32' title='bbox 583 685 864 753; x_wconf 82' lang='lat' dir='ltr'><strong>optandam</strong></span> <span class='ocrx_word' id='word_1_33' title='bbox 887 697 1008 736; x_wconf 80' lang='lat' dir='ltr'><strong>esse</strong></span> <span class='ocrx_word' id='word_1_34' title='bbox 1029 680 1376 734; x_wconf 82' lang='lat' dir='ltr'><strong>universalem</strong></span> <span class='ocrx_word' id='word_1_35' title='bbox 1399 687 1452 734; x_wconf 88' lang='lat' dir='ltr'><strong>et</strong></span> <span class='ocrx_word' id='word_1_36' title='bbox 1471 689 1788 748; x_wconf 86' lang='lat' dir='ltr'><strong>postremam</strong></span> <span class='ocrx_word' id='word_1_37' title='bbox 1809 693 1933 732; x_wconf 86' lang='lat' dir='ltr'><strong>con-</strong></span> 
     </span>
    </p>
   </div>
   <div class='ocr_carea' id='block_1_7' title="bbox 361 771 1931 840">
    <p class='ocr_par' dir='ltr' id='par_1_7' title="bbox 361 771 1931 840">
     <span class='ocr_line' id='line_1_7' title="bbox 361 771 1931 840; baseline -0.009 -6"><span class='ocrx_word' id='word_1_38' title='bbox 361 776 789 840; x_wconf 67' lang='lat' dir='ltr'><strong>summationem,</strong></span> <span class='ocrx_word' id='word_1_39' title='bbox 828 772 1248 836; x_wconf 79' lang='lat' dir='ltr'><strong>dissolutionem,</strong></span> <span class='ocrx_word' id='word_1_40' title='bbox 1289 771 1521 840; x_wconf 74' lang='lat' dir='ltr'><strong>impiam,</strong></span> <span class='ocrx_word' id='word_1_41' title='bbox 1553 785 1647 840; x_wconf 85' lang='lat' dir='ltr'><strong>per</strong></span> <span class='ocrx_word' id='word_1_42' title='bbox 1687 779 1931 824; x_wconf 89' lang='lat' dir='ltr'><strong>mortem.</strong></span> 
     </span>
    </p>
   </div>
   <div class='ocr_carea' id='block_1_8' title="bbox 363 843 1938 929">
    <p class='ocr_par' dir='ltr' id='par_1_8' title="bbox 363 843 1938 929">
     <span class='ocr_line' id='line_1_8' title="bbox 363 843 1938 929; baseline -0.007 -8"><span class='ocrx_word' id='word_1_43' title='bbox 363 867 451 922; x_wconf 84' lang='lat' dir='ltr'><strong>Sic</strong></span> <span class='ocrx_word' id='word_1_44' title='bbox 477 867 620 918; x_wconf 86' lang='lat' dir='ltr'><strong>enim</strong></span> <span class='ocrx_word' id='word_1_45' title='bbox 643 864 804 918; x_wconf 86' lang='lat' dir='ltr'><strong>dicit:</strong></span> <span class='ocrx_word' id='word_1_46' title='bbox 841 861 1042 920; x_wconf 78' lang='lat' dir='ltr'><strong>Etenim</strong></span> <span class='ocrx_word' id='word_1_47' title='bbox 1067 861 1119 916; x_wconf 84' lang='lat' dir='ltr'><strong>in</strong></span> <span class='ocrx_word' id='word_1_48' title='bbox 1156 861 1248 914; x_wconf 82' lang='lat' dir='ltr'><strong>hoc</strong></span> <span class='ocrx_word' id='word_1_49' title='bbox 1293 843 1612 914; x_wconf 80' lang='lat' dir='ltr'><strong>tabernaculo</strong></span> <span class='ocrx_word' id='word_1_50' title='bbox 1654 859 1938 929; x_wconf 80' lang='lat' dir='ltr'><strong>ingemisci-</strong></span> 
     </span>
    </p>
   </div>
   <div class='ocr_carea' id='block_1_9' title="bbox 361 950 1936 1022">
    <p class='ocr_par' dir='ltr' id='par_1_9' title="bbox 361 950 1936 1022">
     <span class='ocr_line' id='line_1_9' title="bbox 361 950 1936 1022; baseline -0.005 -10"><span class='ocrx_word' id='word_1_51' title='bbox 361 973 496 1018; x_wconf 76' lang='lat' dir='ltr'><strong>utus,</strong></span> <span class='ocrx_word' id='word_1_52' title='bbox 521 956 872 1008; x_wconf 65' lang='lat' dir='ltr'><strong>habitationem</strong></span> <span class='ocrx_word' id='word_1_53' title='bbox 897 963 1140 1018; x_wconf 80' lang='lat' dir='ltr'><strong>nostram,</strong></span> <span class='ocrx_word' id='word_1_54' title='bbox 1157 967 1271 1022; x_wconf 63' lang='lat' dir='ltr'><strong>qua</strong></span> <span class='ocrx_word' id='word_1_55' title='bbox 1291 953 1354 1004; x_wconf 86' lang='lat' dir='ltr'><strong>de</strong></span> <span class='ocrx_word' id='word_1_56' title='bbox 1377 953 1498 1004; x_wconf 71' lang='lat' dir='ltr'><strong>mlo</strong></span> <span class='ocrx_word' id='word_1_57' title='bbox 1524 960 1614 1016; x_wconf 85' lang='lat' dir='ltr'><strong>est,</strong></span> <span class='ocrx_word' id='word_1_58' title='bbox 1643 950 1936 1020; x_wconf 78' lang='lat' dir='ltr'><strong>superindui</strong></span> 
     </span>
    </p>
   </div>
   <div class='ocr_carea' id='block_1_10' title="bbox 362 1040 1936 1117">
    <p class='ocr_par' dir='ltr' id='par_1_10' title="bbox 362 1040 1936 1117">
     <span class='ocr_line' id='line_1_10' title="bbox 362 1040 1936 1117; baseline -0.007 -13"><span class='ocrx_word' id='word_1_59' title='bbox 362 1049 613 1117; x_wconf 67' lang='lat' dir='ltr'><strong>Cupientes</strong></span> <span class='ocrx_word' id='word_1_60' title='bbox 661 1043 748 1114; x_wconf 67' lang='lat' dir='ltr'><strong>(Et.</strong></span> <span class='ocrx_word' id='word_1_61' title='bbox 810 1043 932 1100; x_wconf 81' lang='lat' dir='ltr'><strong>Car.</strong></span> <span class='ocrx_word' id='word_1_62' title='bbox 987 1044 1038 1100; x_wconf 88' lang='lat'><strong>5.</strong></span> <span class='ocrx_word' id='word_1_63' title='bbox 1086 1040 1176 1108; x_wconf 69' lang='lat'><strong>2.)</strong></span> <span class='ocrx_word' id='word_1_64' title='bbox 1231 1043 1454 1097; x_wconf 83' lang='lat' dir='ltr'><strong>Domum</strong></span> <span class='ocrx_word' id='word_1_65' title='bbox 1481 1052 1656 1096; x_wconf 87' lang='lat' dir='ltr'><strong>autem</strong></span> <span class='ocrx_word' id='word_1_66' title='bbox 1688 1043 1936 1096; x_wconf 89' lang='lat' dir='ltr'><strong>taberna-</strong></span> 
     </span>
    </p>
   </div>
   <div class='ocr_carea' id='block_1_11' title="bbox 359 1119 1936 1205">
    <p class='ocr_par' dir='ltr' id='par_1_11' title="bbox 359 1119 1936 1205">
     <span class='ocr_line' id='line_1_11' title="bbox 359 1119 1936 1205; baseline -0.004 -13"><span class='ocrx_word' id='word_1_67' title='bbox 359 1139 466 1194; x_wconf 78' lang='lat' dir='ltr'><strong>culi</strong></span> <span class='ocrx_word' id='word_1_68' title='bbox 485 1152 677 1205; x_wconf 83' lang='lat' dir='ltr'><strong>corpus</strong></span> <span class='ocrx_word' id='word_1_69' title='bbox 706 1137 851 1200; x_wconf 87' lang='lat' dir='ltr'><strong>dicit,</strong></span> <span class='ocrx_word' id='word_1_70' title='bbox 878 1152 992 1190; x_wconf 81' lang='lat' dir='ltr'><strong>rem</strong></span> <span class='ocrx_word' id='word_1_71' title='bbox 1019 1150 1176 1190; x_wconf 86' lang='lat' dir='ltr'><strong>unam</strong></span> <span class='ocrx_word' id='word_1_72' title='bbox 1201 1119 1407 1190; x_wconf 83' lang='lat' dir='ltr'><strong>duobus</strong></span> <span class='ocrx_word' id='word_1_73' title='bbox 1437 1135 1740 1188; x_wconf 82' lang='lat' dir='ltr'><strong>nominibus</strong></span> <span class='ocrx_word' id='word_1_74' title='bbox 1767 1134 1936 1202; x_wconf 86' lang='lat' dir='ltr'><strong>expli-</strong></span> 
     </span>
    </p>
   </div>
   <div class='ocr_carea' id='block_1_12' title="bbox 361 1226 1936 1296">
    <p class='ocr_par' dir='ltr' id='par_1_12' title="bbox 361 1226 1936 1296">
     <span class='ocr_line' id='line_1_12' title="bbox 361 1226 1936 1296; baseline -0.003 -12"><span class='ocrx_word' id='word_1_75' title='bbox 361 1229 534 1284; x_wconf 77' lang='lat' dir='ltr'><strong>cando</strong></span> <span class='ocrx_word' id='word_1_76' title='bbox 566 1245 578 1280; x_wconf 91' lang='lat'><strong>:</strong></span> <span class='ocrx_word' id='word_1_77' title='bbox 606 1229 685 1284; x_wconf 86' lang='lat' dir='ltr'><strong>vel</strong></span> <span class='ocrx_word' id='word_1_78' title='bbox 709 1227 923 1282; x_wconf 82' lang='lat' dir='ltr'><strong>domum</strong></span> <span class='ocrx_word' id='word_1_79' title='bbox 953 1226 1272 1284; x_wconf 81' lang='lat' dir='ltr'><strong>tabernaculi</strong></span> <span class='ocrx_word' id='word_1_80' title='bbox 1301 1235 1452 1280; x_wconf 87' lang='lat' dir='ltr'><strong>vocat</strong></span> <span class='ocrx_word' id='word_1_81' title='bbox 1481 1226 1698 1291; x_wconf 88' lang='lat' dir='ltr'><strong>domos,</strong></span> <span class='ocrx_word' id='word_1_82' title='bbox 1729 1227 1782 1280; x_wconf 90' lang='lat' dir='ltr'><strong>in</strong></span> <span class='ocrx_word' id='word_1_83' title='bbox 1815 1228 1936 1296; x_wconf 83' lang='lat' dir='ltr'><strong>qui-</strong></span> 
     </span>
    </p>
   </div>
   <div class='ocr_carea' id='block_1_13' title="bbox 363 1315 1934 1386">
    <p class='ocr_par' dir='ltr' id='par_1_13' title="bbox 363 1315 1934 1386">
     <span class='ocr_line' id='line_1_13' title="bbox 363 1315 1934 1386; baseline -0.001 -14"><span class='ocrx_word' id='word_1_84' title='bbox 363 1321 463 1372; x_wconf 79' lang='lat' dir='ltr'><strong>bus</strong></span> <span class='ocrx_word' id='word_1_85' title='bbox 493 1317 787 1380; x_wconf 75' lang='lat' dir='ltr'><strong>habitamus</strong></span> <span class='ocrx_word' id='word_1_86' title='bbox 805 1357 822 1382; x_wconf 94' lang='lat'><strong>,</strong></span> <span class='ocrx_word' id='word_1_87' title='bbox 849 1317 1086 1372; x_wconf 88' lang='lat' dir='ltr'><strong>civitates</strong></span> <span class='ocrx_word' id='word_1_88' title='bbox 1107 1357 1120 1379; x_wconf 93' lang='lat'><strong>,</strong></span> <span class='ocrx_word' id='word_1_89' title='bbox 1158 1327 1212 1370; x_wconf 89' lang='lat' dir='ltr'><strong>et</strong></span> <span class='ocrx_word' id='word_1_90' title='bbox 1239 1315 1460 1384; x_wconf 79' lang='lat' dir='ltr'><strong>ﬁguram</strong></span> <span class='ocrx_word' id='word_1_91' title='bbox 1488 1317 1762 1386; x_wconf 74' lang='lat' dir='ltr'><strong>praesentis</strong></span> <span class='ocrx_word' id='word_1_92' title='bbox 1794 1317 1934 1370; x_wconf 65' lang='lat' dir='ltr'><strong>vitae.</strong></span> 
     </span>
    </p>
   </div>
   <div class='ocr_carea' id='block_1_14' title="bbox 363 1403 1937 1476">
    <p class='ocr_par' dir='ltr' id='par_1_14' title="bbox 363 1403 1937 1476">
     <span class='ocr_line' id='line_1_14' title="bbox 363 1403 1937 1476; baseline -0.001 -16"><span class='ocrx_word' id='word_1_93' title='bbox 363 1407 430 1474; x_wconf 64' lang='lat' dir='ltr'><strong>Et</strong></span> <span class='ocrx_word' id='word_1_94' title='bbox 457 1422 566 1461; x_wconf 87' lang='lat' dir='ltr'><strong>non</strong></span> <span class='ocrx_word' id='word_1_95' title='bbox 591 1407 900 1476; x_wconf 78' lang='lat' dir='ltr'><strong>simpliciter</strong></span> <span class='ocrx_word' id='word_1_96' title='bbox 921 1406 1052 1462; x_wconf 80' lang='lat' dir='ltr'><strong>dixit</strong></span> <span class='ocrx_word' id='word_1_97' title='bbox 1085 1422 1098 1459; x_wconf 91' lang='lat'><strong>:</strong></span> <span class='ocrx_word' id='word_1_98' title='bbox 1130 1403 1252 1460; x_wconf 87' lang='lat' dir='ltr'><strong>Seio</strong></span> <span class='ocrx_word' id='word_1_99' title='bbox 1285 1423 1300 1460; x_wconf 90' lang='lat'>:</span> <span class='ocrx_word' id='word_1_100' title='bbox 1331 1406 1422 1462; x_wconf 89' lang='lat' dir='ltr'><strong>sed</strong></span> <span class='ocrx_word' id='word_1_101' title='bbox 1443 1447 1458 1471; x_wconf 95' lang='lat'><strong>,</strong></span> <span class='ocrx_word' id='word_1_102' title='bbox 1485 1406 1683 1460; x_wconf 87' lang='lat' dir='ltr'><strong>Scimus</strong></span> <span class='ocrx_word' id='word_1_103' title='bbox 1713 1421 1734 1460; x_wconf 90' lang='lat'><strong><em>:</em></strong></span> <span class='ocrx_word' id='word_1_104' title='bbox 1759 1417 1812 1461; x_wconf 87' lang='lat' dir='ltr'><strong>ct</strong></span> <span class='ocrx_word' id='word_1_105' title='bbox 1839 1422 1937 1460; x_wconf 86' lang='lat' dir='ltr'><strong>an—</strong></span> 
     </span>
    </p>
   </div>
   <div class='ocr_carea' id='block_1_15' title="bbox 361 1496 1936 1556">
    <p class='ocr_par' dir='ltr' id='par_1_15' title="bbox 361 1496 1936 1556">
     <span class='ocr_line' id='line_1_15' title="bbox 361 1496 1936 1556; baseline -0.001 -5"><span class='ocrx_word' id='word_1_106' title='bbox 361 1501 590 1556; x_wconf 78' lang='lat' dir='ltr'><strong>ditorum</strong></span> <span class='ocrx_word' id='word_1_107' title='bbox 629 1497 942 1554; x_wconf 82' lang='lat' dir='ltr'><strong>sententiam</strong></span> <span class='ocrx_word' id='word_1_108' title='bbox 971 1511 1248 1552; x_wconf 84' lang='lat' dir='ltr'><strong>assumens</strong></span> <span class='ocrx_word' id='word_1_109' title='bbox 1277 1513 1289 1548; x_wconf 93' lang='lat'><strong>:</strong></span> <span class='ocrx_word' id='word_1_110' title='bbox 1321 1496 1436 1550; x_wconf 87' lang='lat' dir='ltr'><strong>Non</strong></span> <span class='ocrx_word' id='word_1_111' title='bbox 1479 1496 1546 1552; x_wconf 91' lang='lat' dir='ltr'><strong>de</strong></span> <span class='ocrx_word' id='word_1_112' title='bbox 1574 1497 1730 1552; x_wconf 84' lang='lat' dir='ltr'><strong>rebus</strong></span> <span class='ocrx_word' id='word_1_113' title='bbox 1764 1497 1936 1552; x_wconf 88' lang='lat' dir='ltr'><strong>ambi-</strong></span> 
     </span>
    </p>
   </div>
   <div class='ocr_carea' id='block_1_16' title="bbox 359 1589 1936 1662">
    <p class='ocr_par' dir='ltr' id='par_1_16' title="bbox 359 1589 1936 1662">
     <span class='ocr_line' id='line_1_16' title="bbox 359 1589 1936 1662; baseline 0.001 -18"><span class='ocrx_word' id='word_1_114' title='bbox 359 1593 478 1661; x_wconf 75' lang='lat' dir='ltr'><strong>guis</strong></span> <span class='ocrx_word' id='word_1_115' title='bbox 503 1590 718 1660; x_wconf 72' lang='lat' dir='ltr'><strong>disputo</strong></span> <span class='ocrx_word' id='word_1_116' title='bbox 741 1631 754 1656; x_wconf 88' lang='lat'><strong>,</strong></span> <span class='ocrx_word' id='word_1_117' title='bbox 785 1592 988 1660; x_wconf 84' lang='lat' dir='ltr'><strong>inquit,</strong></span> <span class='ocrx_word' id='word_1_118' title='bbox 1017 1607 1122 1646; x_wconf 90' lang='lat' dir='ltr'><strong>non</strong></span> <span class='ocrx_word' id='word_1_119' title='bbox 1151 1592 1216 1645; x_wconf 88' lang='lat' dir='ltr'><strong>de</strong></span> <span class='ocrx_word' id='word_1_120' title='bbox 1241 1593 1304 1646; x_wconf 89' lang='lat' dir='ltr'><strong>iis</strong></span> <span class='ocrx_word' id='word_1_121' title='bbox 1328 1607 1446 1662; x_wconf 79' lang='lat' dir='ltr'><strong>quae</strong></span> <span class='ocrx_word' id='word_1_122' title='bbox 1485 1593 1812 1655; x_wconf 82' lang='lat' dir='ltr'><strong>nesciuntur,</strong></span> <span class='ocrx_word' id='word_1_123' title='bbox 1841 1589 1936 1646; x_wconf 86' lang='lat' dir='ltr'><strong>sed</strong></span> 
     </span>
    </p>
   </div>
   <div class='ocr_carea' id='block_1_17' title="bbox 361 1682 1934 1754">
    <p class='ocr_par' dir='ltr' id='par_1_17' title="bbox 361 1682 1934 1754">
     <span class='ocr_line' id='line_1_17' title="bbox 361 1682 1934 1754; baseline -0.001 -17"><span class='ocrx_word' id='word_1_124' title='bbox 361 1685 432 1742; x_wconf 80' lang='lat' dir='ltr'><strong>de</strong></span> <span class='ocrx_word' id='word_1_125' title='bbox 455 1685 648 1754; x_wconf 81' lang='lat' dir='ltr'><strong>quibus</strong></span> <span class='ocrx_word' id='word_1_126' title='bbox 679 1683 1004 1753; x_wconf 78' lang='lat' dir='ltr'><strong>jampridem</strong></span> <span class='ocrx_word' id='word_1_127' title='bbox 1039 1682 1194 1738; x_wconf 73' lang='lat' dir='ltr'><strong>{idem</strong></span> <span class='ocrx_word' id='word_1_128' title='bbox 1221 1684 1548 1752; x_wconf 79' lang='lat' dir='ltr'><strong>suscepistis,</strong></span> <span class='ocrx_word' id='word_1_129' title='bbox 1575 1682 1854 1738; x_wconf 83' lang='lat' dir='ltr'><strong>credentes</strong></span> <span class='ocrx_word' id='word_1_130' title='bbox 1883 1683 1934 1736; x_wconf 86' lang='lat' dir='ltr'><strong>in</strong></span> 
     </span>
    </p>
   </div>
   <div class='ocr_carea' id='block_1_18' title="bbox 363 1773 1938 1830">
    <p class='ocr_par' dir='ltr' id='par_1_18' title="bbox 363 1773 1938 1830">
     <span class='ocr_line' id='line_1_18' title="bbox 363 1773 1938 1830; baseline 0 -4"><span class='ocrx_word' id='word_1_131' title='bbox 363 1774 810 1830; x_wconf 71' lang='lat' dir='ltr'><strong>resurrectionem</strong></span> <span class='ocrx_word' id='word_1_132' title='bbox 835 1773 1040 1826; x_wconf 87' lang='lat' dir='ltr'><strong>Domini</strong></span> <span class='ocrx_word' id='word_1_133' title='bbox 1071 1789 1084 1826; x_wconf 94' lang='lat'>:</span> <span class='ocrx_word' id='word_1_134' title='bbox 1115 1781 1168 1828; x_wconf 92' lang='lat' dir='ltr'><strong>et</strong></span> <span class='ocrx_word' id='word_1_135' title='bbox 1193 1773 1262 1826; x_wconf 90' lang='lat' dir='ltr'><strong>ob</strong></span> <span class='ocrx_word' id='word_1_136' title='bbox 1287 1773 1389 1828; x_wconf 87' lang='lat' dir='ltr'><strong>hoc</strong></span> <span class='ocrx_word' id='word_1_137' title='bbox 1419 1774 1756 1828; x_wconf 82' lang='lat' dir='ltr'><strong>tabernacula</strong></span> <span class='ocrx_word' id='word_1_138' title='bbox 1782 1788 1938 1827; x_wconf 86' lang='lat' dir='ltr'><strong>voca-</strong></span> 
     </span>
    </p>
   </div>
   <div class='ocr_carea' id='block_1_19' title="bbox 359 1864 1933 1935">
    <p class='ocr_par' dir='ltr' id='par_1_19' title="bbox 359 1864 1933 1935">
     <span class='ocr_line' id='line_1_19' title="bbox 359 1864 1933 1935; baseline -0.001 -15"><span class='ocrx_word' id='word_1_139' title='bbox 359 1881 478 1920; x_wconf 81' lang='lat' dir='ltr'><strong>mus</strong></span> <span class='ocrx_word' id='word_1_140' title='bbox 505 1881 728 1934; x_wconf 87' lang='lat' dir='ltr'><strong>corpora</strong></span> <span class='ocrx_word' id='word_1_141' title='bbox 752 1880 936 1920; x_wconf 86' lang='lat' dir='ltr'><strong>eorum</strong></span> <span class='ocrx_word' id='word_1_142' title='bbox 957 1906 972 1930; x_wconf 92' lang='lat'><strong>,</strong></span> <span class='ocrx_word' id='word_1_143' title='bbox 1000 1867 1088 1935; x_wconf 89' lang='lat' dir='ltr'><strong>qui</strong></span> <span class='ocrx_word' id='word_1_144' title='bbox 1121 1865 1244 1920; x_wconf 84' lang='lat' dir='ltr'><strong>hinc</strong></span> <span class='ocrx_word' id='word_1_145' title='bbox 1268 1864 1550 1920; x_wconf 87' lang='lat' dir='ltr'><strong>decedunt.</strong></span> <span class='ocrx_word' id='word_1_146' title='bbox 1587 1865 1720 1919; x_wconf 79' lang='lat' dir='ltr'><strong>Vide</strong></span> <span class='ocrx_word' id='word_1_147' title='bbox 1753 1873 1933 1920; x_wconf 84' lang='lat' dir='ltr'><strong>autem</strong></span> 
     </span>
    </p>
   </div>
   <div class='ocr_carea' id='block_1_20' title="bbox 361 1956 1938 2026">
    <p class='ocr_par' dir='ltr' id='par_1_20' title="bbox 361 1956 1938 2026">
     <span class='ocr_line' id='line_1_20' title="bbox 361 1956 1938 2026; baseline 0.002 -18"><span class='ocrx_word' id='word_1_148' title='bbox 361 1957 628 2026; x_wconf 81' lang='lat' dir='ltr'><strong>quomodo</strong></span> <span class='ocrx_word' id='word_1_149' title='bbox 651 1965 706 2010; x_wconf 89' lang='lat' dir='ltr'><strong>et</strong></span> <span class='ocrx_word' id='word_1_150' title='bbox 735 1957 896 2010; x_wconf 83' lang='lat' dir='ltr'><strong>verbo</strong></span> <span class='ocrx_word' id='word_1_151' title='bbox 925 1957 1168 2026; x_wconf 84' lang='lat' dir='ltr'><strong>apposite</strong></span> <span class='ocrx_word' id='word_1_152' title='bbox 1196 1958 1263 2010; x_wconf 84' lang='lat' dir='ltr'><strong>sit</strong></span> <span class='ocrx_word' id='word_1_153' title='bbox 1284 1972 1430 2012; x_wconf 91' lang='lat' dir='ltr'><strong>usus.</strong></span> <span class='ocrx_word' id='word_1_154' title='bbox 1461 1957 1576 2014; x_wconf 82' lang='lat' dir='ltr'><strong>Non</strong></span> <span class='ocrx_word' id='word_1_155' title='bbox 1603 1958 1754 2024; x_wconf 88' lang='lat' dir='ltr'><strong>dixit,</strong></span> <span class='ocrx_word' id='word_1_156' title='bbox 1785 1956 1938 2012; x_wconf 83' lang='lat' dir='ltr'><strong>Occi-</strong></span> 
     </span>
    </p>
   </div>
   <div class='ocr_carea' id='block_1_21' title="bbox 357 2048 1932 2120">
    <p class='ocr_par' dir='ltr' id='par_1_21' title="bbox 357 2048 1932 2120">
     <span class='ocr_line' id='line_1_21' title="bbox 357 2048 1932 2120; baseline 0.001 -16"><span class='ocrx_word' id='word_1_157' title='bbox 357 2064 476 2106; x_wconf 78' lang='lat' dir='ltr'><strong>sum</strong></span> <span class='ocrx_word' id='word_1_158' title='bbox 506 2059 620 2112; x_wconf 80' lang='lat' dir='ltr'><strong>est,</strong></span> <span class='ocrx_word' id='word_1_159' title='bbox 663 2049 746 2104; x_wconf 87' lang='lat' dir='ltr'><strong>vel</strong></span> <span class='ocrx_word' id='word_1_160' title='bbox 782 2048 1070 2118; x_wconf 73' lang='lat' dir='ltr'><strong>disparuit,</strong></span> <span class='ocrx_word' id='word_1_161' title='bbox 1097 2049 1188 2104; x_wconf 86' lang='lat' dir='ltr'><strong>sed</strong></span> <span class='ocrx_word' id='word_1_162' title='bbox 1216 2049 1530 2104; x_wconf 78' lang='lat' dir='ltr'><strong>Dissolutum</strong></span> <span class='ocrx_word' id='word_1_163' title='bbox 1555 2060 1626 2104; x_wconf 79' lang='lat' dir='ltr'><strong>est</strong></span> <span class='ocrx_word' id='word_1_164' title='bbox 1655 2066 1801 2120; x_wconf 89' lang='lat' dir='ltr'><strong>:quo</strong></span> <span class='ocrx_word' id='word_1_165' title='bbox 1831 2050 1932 2106; x_wconf 91' lang='lat' dir='ltr'><strong>de-</strong></span> 
     </span>
    </p>
   </div>
   <div class='ocr_carea' id='block_1_22' title="bbox 357 2140 1934 2212">
    <p class='ocr_par' dir='ltr' id='par_1_22' title="bbox 357 2140 1934 2212">
     <span class='ocr_line' id='line_1_22' title="bbox 357 2140 1934 2212; baseline 0.003 -18"><span class='ocrx_word' id='word_1_166' title='bbox 357 2140 600 2206; x_wconf 78' lang='lat' dir='ltr'><strong>claravit,</strong></span> <span class='ocrx_word' id='word_1_167' title='bbox 628 2141 798 2209; x_wconf 77' lang='lat' dir='ltr'><strong>ipsum</strong></span> <span class='ocrx_word' id='word_1_168' title='bbox 837 2141 1074 2208; x_wconf 84' lang='lat' dir='ltr'><strong>dissolvi,</strong></span> <span class='ocrx_word' id='word_1_169' title='bbox 1107 2152 1164 2196; x_wconf 92' lang='lat' dir='ltr'><strong>ut</strong></span> <span class='ocrx_word' id='word_1_170' title='bbox 1185 2151 1430 2212; x_wconf 77' lang='lat' dir='ltr'><strong>resurgat</strong></span> <span class='ocrx_word' id='word_1_171' title='bbox 1452 2142 1702 2212; x_wconf 73' lang='lat' dir='ltr'><strong>fulgidius</strong></span> <span class='ocrx_word' id='word_1_172' title='bbox 1725 2185 1740 2210; x_wconf 94' lang='lat'><strong>,</strong></span> <span class='ocrx_word' id='word_1_173' title='bbox 1765 2153 1826 2198; x_wconf 90' lang='lat' dir='ltr'><strong>ut</strong></span> <span class='ocrx_word' id='word_1_174' title='bbox 1851 2145 1934 2198; x_wconf 88' lang='lat' dir='ltr'><strong>in-</strong></span> 
     </span>
    </p>
   </div>
   <div class='ocr_carea' id='block_1_23' title="bbox 362 2232 1933 2304">
    <p class='ocr_par' dir='ltr' id='par_1_23' title="bbox 362 2232 1933 2304">
     <span class='ocr_line' id='line_1_23' title="bbox 362 2232 1933 2304; baseline 0.004 -21"><span class='ocrx_word' id='word_1_175' title='bbox 362 2232 602 2288; x_wconf 81' lang='lat' dir='ltr'><strong>veniatur</strong></span> <span class='ocrx_word' id='word_1_176' title='bbox 625 2232 822 2288; x_wconf 84' lang='lat' dir='ltr'><strong>clarius</strong></span> <span class='ocrx_word' id='word_1_177' title='bbox 849 2249 862 2286; x_wconf 87' lang='lat'><strong>:</strong></span> <span class='ocrx_word' id='word_1_178' title='bbox 893 2232 1030 2288; x_wconf 86' lang='lat' dir='ltr'><strong>sicut</strong></span> <span class='ocrx_word' id='word_1_179' title='bbox 1049 2234 1208 2288; x_wconf 87' lang='lat' dir='ltr'><strong>etiam</strong></span> <span class='ocrx_word' id='word_1_180' title='bbox 1237 2235 1445 2290; x_wconf 83' lang='lat' dir='ltr'><strong>labores</strong></span> <span class='ocrx_word' id='word_1_181' title='bbox 1467 2243 1519 2288; x_wconf 90' lang='lat' dir='ltr'><strong>et</strong></span> <span class='ocrx_word' id='word_1_182' title='bbox 1541 2237 1758 2304; x_wconf 70' lang='lat' dir='ltr'><strong>prtemia</strong></span> <span class='ocrx_word' id='word_1_183' title='bbox 1785 2251 1933 2290; x_wconf 87' lang='lat' dir='ltr'><strong>com-</strong></span> 
     </span>
    </p>
   </div>
   <div class='ocr_carea' id='block_1_24' title="bbox 364 2324 1935 2396">
    <p class='ocr_par' dir='ltr' id='par_1_24' title="bbox 364 2324 1935 2396">
     <span class='ocr_line' id='line_1_24' title="bbox 364 2324 1935 2396; baseline 0.004 -20"><span class='ocrx_word' id='word_1_184' title='bbox 364 2324 584 2391; x_wconf 84' lang='lat' dir='ltr'><strong>parabat</strong></span> <span class='ocrx_word' id='word_1_185' title='bbox 607 2338 638 2376; x_wconf 90' lang='lat' dir='ltr'><strong>a</strong></span> <span class='ocrx_word' id='word_1_186' title='bbox 663 2325 942 2392; x_wconf 87' lang='lat' dir='ltr'><strong>qualitate,</strong></span> <span class='ocrx_word' id='word_1_187' title='bbox 968 2325 1260 2393; x_wconf 83' lang='lat' dir='ltr'><strong>quantitate</strong></span> <span class='ocrx_word' id='word_1_188' title='bbox 1287 2335 1340 2380; x_wconf 92' lang='lat' dir='ltr'><strong>et</strong></span> <span class='ocrx_word' id='word_1_189' title='bbox 1369 2337 1640 2396; x_wconf 84' lang='lat' dir='ltr'><strong>tempore;</strong></span> <span class='ocrx_word' id='word_1_190' title='bbox 1673 2327 1741 2382; x_wconf 89' lang='lat' dir='ltr'><strong>ita</strong></span> <span class='ocrx_word' id='word_1_191' title='bbox 1771 2337 1826 2382; x_wconf 87' lang='lat' dir='ltr'><strong>et</strong></span> <span class='ocrx_word' id='word_1_192' title='bbox 1851 2329 1935 2382; x_wconf 88' lang='lat' dir='ltr'><strong>hic</strong></span> 
     </span>
    </p>
   </div>
   <div class='ocr_carea' id='block_1_25' title="bbox 363 2415 1934 2488">
    <p class='ocr_par' dir='ltr' id='par_1_25' title="bbox 363 2415 1934 2488">
     <span class='ocr_line' id='line_1_25' title="bbox 363 2415 1934 2488; baseline 0.004 -20"><span class='ocrx_word' id='word_1_193' title='bbox 363 2416 506 2478; x_wconf 67' lang='lat' dir='ltr'><strong>ﬁunt,</strong></span> <span class='ocrx_word' id='word_1_194' title='bbox 536 2429 729 2484; x_wconf 86' lang='lat' dir='ltr'><strong>corpus</strong></span> <span class='ocrx_word' id='word_1_195' title='bbox 749 2415 1052 2483; x_wconf 79' lang='lat' dir='ltr'><strong>decidunm,</strong></span> <span class='ocrx_word' id='word_1_196' title='bbox 1085 2417 1428 2485; x_wconf 83' lang='lat' dir='ltr'><strong>tabernaculi,</strong></span> <span class='ocrx_word' id='word_1_197' title='bbox 1459 2419 1599 2488; x_wconf 90' lang='lat' dir='ltr'><strong>quod</strong></span> <span class='ocrx_word' id='word_1_198' title='bbox 1637 2431 1813 2474; x_wconf 85' lang='lat' dir='ltr'><strong>autem</strong></span> <span class='ocrx_word' id='word_1_199' title='bbox 1845 2436 1934 2476; x_wconf 89' lang='lat' dir='ltr'><strong>re-</strong></span> 
     </span>
    </p>
   </div>
   <div class='ocr_carea' id='block_1_26' title="bbox 359 2505 1932 2580">
    <p class='ocr_par' dir='ltr' id='par_1_26' title="bbox 359 2505 1932 2580">
     <span class='ocr_line' id='line_1_26' title="bbox 359 2505 1932 2580; baseline 0.004 -20"><span class='ocrx_word' id='word_1_200' title='bbox 359 2505 557 2574; x_wconf 76' lang='lat' dir='ltr'><strong>snrgit,</strong></span> <span class='ocrx_word' id='word_1_201' title='bbox 591 2506 784 2560; x_wconf 89' lang='lat' dir='ltr'><strong>domus</strong></span> <span class='ocrx_word' id='word_1_202' title='bbox 821 2506 1036 2562; x_wconf 78' lang='lat' dir='ltr'><strong>nomine</strong></span> <span class='ocrx_word' id='word_1_203' title='bbox 1058 2517 1252 2562; x_wconf 82' lang='lat' dir='ltr'><strong>vocat:</strong></span> <span class='ocrx_word' id='word_1_204' title='bbox 1285 2519 1340 2564; x_wconf 84' lang='lat' dir='ltr'><strong>et</strong></span> <span class='ocrx_word' id='word_1_205' title='bbox 1367 2524 1480 2562; x_wconf 86' lang='lat' dir='ltr'><strong>non</strong></span> <span class='ocrx_word' id='word_1_206' title='bbox 1499 2511 1808 2580; x_wconf 81' lang='lat' dir='ltr'><strong>simpliciter</strong></span> <span class='ocrx_word' id='word_1_207' title='bbox 1835 2510 1932 2566; x_wconf 62' lang='lat' dir='ltr'><strong>dot-</strong></span> 
     </span>
    </p>
   </div>
   <div class='ocr_carea' id='block_1_27' title="bbox 359 2593 1935 2662">
    <p class='ocr_par' dir='ltr' id='par_1_27' title="bbox 359 2593 1935 2662">
     <span class='ocr_line' id='line_1_27' title="bbox 359 2593 1935 2662; baseline 0.006 -16"><span class='ocrx_word' id='word_1_208' title='bbox 359 2611 527 2660; x_wconf 65' lang='lat' dir='ltr'><strong>urunt,</strong></span> <span class='ocrx_word' id='word_1_209' title='bbox 556 2593 650 2650; x_wconf 83' lang='lat' dir='ltr'><strong>sed</strong></span> <span class='ocrx_word' id='word_1_210' title='bbox 673 2605 954 2660; x_wconf 72' lang='lat' dir='ltr'><strong>aeternam;</strong></span> <span class='ocrx_word' id='word_1_211' title='bbox 982 2611 1080 2650; x_wconf 88' lang='lat' dir='ltr'><strong>nec</strong></span> <span class='ocrx_word' id='word_1_212' title='bbox 1111 2596 1278 2656; x_wconf 88' lang='lat' dir='ltr'><strong>solum</strong></span> <span class='ocrx_word' id='word_1_213' title='bbox 1318 2607 1602 2662; x_wconf 72' lang='lat' dir='ltr'><strong>arternam,</strong></span> <span class='ocrx_word' id='word_1_214' title='bbox 1643 2599 1736 2654; x_wconf 86' lang='lat' dir='ltr'><strong>sed</strong></span> <span class='ocrx_word' id='word_1_215' title='bbox 1777 2600 1935 2655; x_wconf 67' lang='lat' dir='ltr'><strong>cccle-</strong></span> 
     </span>
    </p>
   </div>
   <div class='ocr_carea' id='block_1_28' title="bbox 359 2686 1932 2758">
    <p class='ocr_par' dir='ltr' id='par_1_28' title="bbox 359 2686 1932 2758">
     <span class='ocr_line' id='line_1_28' title="bbox 359 2686 1932 2758; baseline 0.004 -20"><span class='ocrx_word' id='word_1_216' title='bbox 359 2694 493 2748; x_wconf 70' lang='lat' dir='ltr'><strong>stem</strong></span> <span class='ocrx_word' id='word_1_217' title='bbox 525 2703 537 2739; x_wconf 94' lang='lat'><strong>:</strong></span> <span class='ocrx_word' id='word_1_218' title='bbox 567 2686 934 2744; x_wconf 79' lang='lat' dir='ltr'><strong>excellentiam</strong></span> <span class='ocrx_word' id='word_1_219' title='bbox 963 2687 1078 2755; x_wconf 70' lang='lat' dir='ltr'><strong>eius</strong></span> <span class='ocrx_word' id='word_1_220' title='bbox 1100 2697 1206 2740; x_wconf 88' lang='lat' dir='ltr'><strong>tam</strong></span> <span class='ocrx_word' id='word_1_221' title='bbox 1237 2703 1267 2744; x_wconf 87' lang='lat' dir='ltr'><strong>a</strong></span> <span class='ocrx_word' id='word_1_222' title='bbox 1294 2698 1550 2757; x_wconf 85' lang='lat' dir='ltr'><strong>tempore,</strong></span> <span class='ocrx_word' id='word_1_223' title='bbox 1581 2703 1738 2758; x_wconf 82' lang='lat' dir='ltr'><strong>quam</strong></span> <span class='ocrx_word' id='word_1_224' title='bbox 1763 2705 1792 2742; x_wconf 91' lang='lat' dir='ltr'><strong>a</strong></span> <span class='ocrx_word' id='word_1_225' title='bbox 1815 2690 1932 2744; x_wconf 76' lang='lat' dir='ltr'><strong>loco</strong></span> 
     </span>
    </p>
   </div>
   <div class='ocr_carea' id='block_1_29' title="bbox 358 2776 1929 2843">
    <p class='ocr_par' dir='ltr' id='par_1_29' title="bbox 358 2776 1929 2843">
     <span class='ocr_line' id='line_1_29' title="bbox 358 2776 1929 2843; baseline -0.001 -9"><span class='ocrx_word' id='word_1_226' title='bbox 358 2776 716 2834; x_wconf 74' lang='lat' dir='ltr'><strong>subindicaus.</strong></span> <span class='ocrx_word' id='word_1_227' title='bbox 749 2777 873 2832; x_wconf 66' lang='lat' dir='ltr'><strong>[huc</strong></span> <span class='ocrx_word' id='word_1_228' title='bbox 900 2779 1040 2832; x_wconf 88' lang='lat' dir='ltr'><strong>enim</strong></span> <span class='ocrx_word' id='word_1_229' title='bbox 1079 2781 1342 2834; x_wconf 76' lang='lat' dir='ltr'><strong>terrestris</strong></span> <span class='ocrx_word' id='word_1_230' title='bbox 1375 2787 1488 2843; x_wconf 89' lang='lat' dir='ltr'><strong>est,</strong></span> <span class='ocrx_word' id='word_1_231' title='bbox 1535 2781 1619 2833; x_wconf 89' lang='lat' dir='ltr'><strong>illa</strong></span> <span class='ocrx_word' id='word_1_232' title='bbox 1662 2782 1929 2836; x_wconf 61' lang='lat' dir='ltr'><strong>celestis:</strong></span> 
     </span>
    </p>
   </div>
   <div class='ocr_carea' id='block_1_30' title="bbox 363 2867 1934 2942">
    <p class='ocr_par' dir='ltr' id='par_1_30' title="bbox 363 2867 1934 2942">
     <span class='ocr_line' id='line_1_30' title="bbox 363 2867 1934 2942; baseline 0.003 -19"><span class='ocrx_word' id='word_1_233' title='bbox 363 2867 476 2923; x_wconf 68' lang='lat' dir='ltr'><strong>huic</strong></span> <span class='ocrx_word' id='word_1_234' title='bbox 509 2868 845 2937; x_wconf 86' lang='lat' dir='ltr'><strong>temporalis,</strong></span> <span class='ocrx_word' id='word_1_235' title='bbox 879 2869 964 2922; x_wconf 87' lang='lat' dir='ltr'><strong>illa</strong></span> <span class='ocrx_word' id='word_1_236' title='bbox 992 2879 1208 2926; x_wconf 52' lang='lat' dir='ltr'><strong>aeterna.</strong></span> <span class='ocrx_word' id='word_1_237' title='bbox 1261 2870 1324 2924; x_wconf 87' lang='lat' dir='ltr'><strong>Et</strong></span> <span class='ocrx_word' id='word_1_238' title='bbox 1375 2886 1516 2924; x_wconf 80' lang='lat' dir='ltr'><strong>nunc</strong></span> <span class='ocrx_word' id='word_1_239' title='bbox 1549 2872 1760 2940; x_wconf 84' lang='lat' dir='ltr'><strong>quidem</strong></span> <span class='ocrx_word' id='word_1_240' title='bbox 1801 2887 1934 2942; x_wconf 81' lang='lat' dir='ltr'><strong>opus</strong></span> 
     </span>
    </p>
   </div>
   <div class='ocr_carea' id='block_1_31' title="bbox 361 2947 1933 3030">
    <p class='ocr_par' dir='ltr' id='par_1_31' title="bbox 361 2947 1933 3030">
     <span class='ocr_line' id='line_1_31' title="bbox 361 2947 1933 3030; baseline 0.001 -15"><span class='ocrx_word' id='word_1_241' title='bbox 361 2960 515 3015; x_wconf 76' lang='lat' dir='ltr'><strong>nobis</strong></span> <span class='ocrx_word' id='word_1_242' title='bbox 540 2947 623 3014; x_wconf 85' lang='lat' dir='ltr'><strong>est</strong></span> <span class='ocrx_word' id='word_1_243' title='bbox 649 2975 870 3028; x_wconf 84' lang='lat' dir='ltr'><strong>corpore</strong></span> <span class='ocrx_word' id='word_1_244' title='bbox 896 2975 959 3014; x_wconf 87' lang='lat' dir='ltr'><strong>ac</strong></span> <span class='ocrx_word' id='word_1_245' title='bbox 987 2961 1252 3014; x_wconf 88' lang='lat' dir='ltr'><strong>domicilio</strong></span> <span class='ocrx_word' id='word_1_246' title='bbox 1283 2971 1496 3030; x_wconf 87' lang='lat' dir='ltr'><strong>propter</strong></span> <span class='ocrx_word' id='word_1_247' title='bbox 1515 2963 1686 3016; x_wconf 78' lang='lat' dir='ltr'><strong>carnis</strong></span> <span class='ocrx_word' id='word_1_248' title='bbox 1711 2963 1933 3018; x_wconf 78' lang='lat' dir='ltr'><strong>inﬁrmi-</strong></span> 
     </span>
    </p>
   </div>
   <div class='ocr_carea' id='block_1_32' title="bbox 362 3050 1929 3120">
    <p class='ocr_par' dir='ltr' id='par_1_32' title="bbox 362 3050 1929 3120">
     <span class='ocr_line' id='line_1_32' title="bbox 362 3050 1929 3120; baseline 0.001 -18"><span class='ocrx_word' id='word_1_249' title='bbox 362 3057 524 3114; x_wconf 78' lang='lat' dir='ltr'><strong>tatem</strong></span> <span class='ocrx_word' id='word_1_250' title='bbox 553 3064 568 3102; x_wconf 93' lang='lat'><strong>:</strong></span> <span class='ocrx_word' id='word_1_251' title='bbox 605 3059 726 3104; x_wconf 91' lang='lat' dir='ltr'><strong>tunc</strong></span> <span class='ocrx_word' id='word_1_252' title='bbox 751 3065 876 3104; x_wconf 79' lang='lat' dir='ltr'><strong>vero</strong></span> <span class='ocrx_word' id='word_1_253' title='bbox 903 3050 1040 3102; x_wconf 84' lang='lat' dir='ltr'><strong>idem</strong></span> <span class='ocrx_word' id='word_1_254' title='bbox 1065 3058 1119 3104; x_wconf 93' lang='lat' dir='ltr'><strong>et</strong></span> <span class='ocrx_word' id='word_1_255' title='bbox 1145 3065 1338 3120; x_wconf 87' lang='lat' dir='ltr'><strong>corpus</strong></span> <span class='ocrx_word' id='word_1_256' title='bbox 1363 3052 1468 3105; x_wconf 88' lang='lat' dir='ltr'><strong>erit</strong></span> <span class='ocrx_word' id='word_1_257' title='bbox 1489 3060 1543 3105; x_wconf 89' lang='lat' dir='ltr'><strong>et</strong></span> <span class='ocrx_word' id='word_1_258' title='bbox 1567 3051 1888 3108; x_wconf 73' lang='lat' dir='ltr'><strong>domicilium</strong></span> <span class='ocrx_word' id='word_1_259' title='bbox 1914 3067 1929 3104; x_wconf 91' lang='lat'><strong>:</strong></span> 
     </span>
    </p>
   </div>
   <div class='ocr_carea' id='block_1_33' title="bbox 363 3141 1934 3212">
    <p class='ocr_par' dir='ltr' id='par_1_33' title="bbox 363 3141 1934 3212">
     <span class='ocr_line' id='line_1_33' title="bbox 363 3141 1934 3212; baseline 0.003 -18"><span class='ocrx_word' id='word_1_260' title='bbox 363 3155 536 3210; x_wconf 84' lang='lat' dir='ltr'><strong>neque</strong></span> <span class='ocrx_word' id='word_1_261' title='bbox 559 3149 716 3204; x_wconf 90' lang='lat' dir='ltr'><strong>tecto,</strong></span> <span class='ocrx_word' id='word_1_262' title='bbox 740 3155 912 3211; x_wconf 88' lang='lat' dir='ltr'><strong>neque</strong></span> <span class='ocrx_word' id='word_1_263' title='bbox 935 3141 1054 3194; x_wconf 86' lang='lat' dir='ltr'><strong>ullis</strong></span> <span class='ocrx_word' id='word_1_264' title='bbox 1081 3142 1390 3196; x_wconf 86' lang='lat' dir='ltr'><strong>velamentis</strong></span> <span class='ocrx_word' id='word_1_265' title='bbox 1407 3141 1609 3198; x_wconf 87' lang='lat' dir='ltr'><strong>habens</strong></span> <span class='ocrx_word' id='word_1_266' title='bbox 1637 3157 1790 3212; x_wconf 82' lang='lat' dir='ltr'><strong>Opus,</strong></span> <span class='ocrx_word' id='word_1_267' title='bbox 1813 3157 1934 3198; x_wconf 90' lang='lat' dir='ltr'><strong>cum</strong></span> 
     </span>
    </p>
   </div>
   <div class='ocr_carea' id='block_1_34' title="bbox 363 3240 1932 3311">
    <p class='ocr_par' dir='ltr' id='par_1_34' title="bbox 363 3240 1932 3311">
     <span class='ocr_line' id='line_1_34' title="bbox 363 3240 1932 3311; baseline 0.001 -16"><span class='ocrx_word' id='word_1_268' title='bbox 363 3255 460 3310; x_wconf 86' lang='lat' dir='ltr'><strong>pro</strong></span> <span class='ocrx_word' id='word_1_269' title='bbox 483 3241 732 3298; x_wconf 89' lang='lat' dir='ltr'><strong>omnibus</strong></span> <span class='ocrx_word' id='word_1_270' title='bbox 751 3240 836 3294; x_wconf 89' lang='lat' dir='ltr'><strong>bis</strong></span> <span class='ocrx_word' id='word_1_271' title='bbox 858 3240 1084 3294; x_wconf 77' lang='lat' dir='ltr'><strong>sufﬁciat</strong></span> <span class='ocrx_word' id='word_1_272' title='bbox 1114 3241 1599 3311; x_wconf 85' lang='lat' dir='ltr'><strong>ineorruptibilitas.</strong></span> <span class='ocrx_word' id='word_1_273' title='bbox 1629 3241 1818 3296; x_wconf 87' lang='lat' dir='ltr'><strong>Postea</strong></span> <span class='ocrx_word' id='word_1_274' title='bbox 1847 3241 1932 3296; x_wconf 91' lang='lat' dir='ltr'><strong>in-</strong></span> 
     </span>
    </p>
   </div>
   <div class='ocr_carea' id='block_1_35' title="bbox 361 3330 1933 3400">
    <p class='ocr_par' dir='ltr' id='par_1_35' title="bbox 361 3330 1933 3400">
     <span class='ocr_line' id='line_1_35' title="bbox 361 3330 1933 3400; baseline 0 -14"><span class='ocrx_word' id='word_1_275' title='bbox 361 3331 588 3392; x_wconf 85' lang='lat' dir='ltr'><strong>dicando</strong></span> <span class='ocrx_word' id='word_1_276' title='bbox 617 3330 956 3386; x_wconf 79' lang='lat' dir='ltr'><strong>eminentiam</strong></span> <span class='ocrx_word' id='word_1_277' title='bbox 984 3331 1240 3386; x_wconf 85' lang='lat' dir='ltr'><strong>bonorum</strong></span> <span class='ocrx_word' id='word_1_278' title='bbox 1271 3332 1422 3386; x_wconf 90' lang='lat' dir='ltr'><strong>nobis</strong></span> <span class='ocrx_word' id='word_1_279' title='bbox 1449 3332 1821 3400; x_wconf 88' lang='lat' dir='ltr'><strong>repositorum,</strong></span> <span class='ocrx_word' id='word_1_280' title='bbox 1850 3330 1933 3386; x_wconf 85' lang='lat' dir='ltr'><strong>di-</strong></span> 
     </span>
    </p>
   </div>
   <div class='ocr_carea' id='block_1_36' title="bbox 360 3421 1932 3492">
    <p class='ocr_par' dir='ltr' id='par_1_36' title="bbox 360 3421 1932 3492">
     <span class='ocr_line' id='line_1_36' title="bbox 360 3421 1932 3492; baseline -0.003 -14"><span class='ocrx_word' id='word_1_281' title='bbox 360 3423 428 3478; x_wconf 79' lang='lat' dir='ltr'><strong>cit</strong></span> <span class='ocrx_word' id='word_1_282' title='bbox 452 3438 465 3474; x_wconf 93' lang='lat'>:</span> <span class='ocrx_word' id='word_1_283' title='bbox 493 3421 690 3476; x_wconf 78' lang='lat' dir='ltr'><strong>Etenim</strong></span> <span class='ocrx_word' id='word_1_284' title='bbox 709 3422 760 3476; x_wconf 85' lang='lat' dir='ltr'><strong>in</strong></span> <span class='ocrx_word' id='word_1_285' title='bbox 788 3422 880 3476; x_wconf 81' lang='lat' dir='ltr'><strong>hac</strong></span> <span class='ocrx_word' id='word_1_286' title='bbox 895 3422 1262 3492; x_wconf 75' lang='lat' dir='ltr'><strong>ingemiscimus</strong></span> <span class='ocrx_word' id='word_1_287' title='bbox 1280 3423 1621 3476; x_wconf 83' lang='lat' dir='ltr'><strong>tabernaculo.</strong></span> <span class='ocrx_word' id='word_1_288' title='bbox 1649 3422 1762 3478; x_wconf 85' lang='lat' dir='ltr'><strong>Non</strong></span> <span class='ocrx_word' id='word_1_289' title='bbox 1783 3422 1932 3490; x_wconf 89' lang='lat' dir='ltr'><strong>dixit,</strong></span> 
     </span>
    </p>
   </div>
   <div class='ocr_carea' id='block_1_37' title="bbox 365 3513 1938 3582">
    <p class='ocr_par' dir='ltr' id='par_1_37' title="bbox 365 3513 1938 3582">
     <span class='ocr_line' id='line_1_37' title="bbox 365 3513 1938 3582; baseline -0.001 -16"><span class='ocrx_word' id='word_1_290' title='bbox 365 3514 688 3582; x_wconf 44' lang='lat' dir='ltr'><strong>Ingemiscat;</strong></span> <span class='ocrx_word' id='word_1_291' title='bbox 739 3513 830 3567; x_wconf 86' lang='lat' dir='ltr'><strong>sed</strong></span> <span class='ocrx_word' id='word_1_292' title='bbox 861 3527 1196 3572; x_wconf 68' lang='lat' dir='ltr'><strong>continuatam</strong></span> <span class='ocrx_word' id='word_1_293' title='bbox 1233 3513 1406 3568; x_wconf 83' lang='lat' dir='ltr'><strong>reddit</strong></span> <span class='ocrx_word' id='word_1_294' title='bbox 1449 3513 1764 3570; x_wconf 86' lang='lat' dir='ltr'><strong>sententiam</strong></span> <span class='ocrx_word' id='word_1_295' title='bbox 1795 3534 1806 3566; x_wconf 87' lang='lat'><strong><em>:</em></strong></span> <span class='ocrx_word' id='word_1_296' title='bbox 1843 3513 1938 3566; x_wconf 86' lang='lat' dir='ltr'><strong>Et-</strong></span> 
     </span>
    </p>
   </div>
   <div class='ocr_carea' id='block_1_38' title="bbox 361 3603 1933 3680">
    <p class='ocr_par' dir='ltr' id='par_1_38' title="bbox 361 3603 1933 3680">
     <span class='ocr_line' id='line_1_38' title="bbox 361 3603 1933 3680; baseline 0 -22"><span class='ocrx_word' id='word_1_297' title='bbox 361 3606 496 3660; x_wconf 69' lang='lat' dir='ltr'><strong>enim</strong></span> <span class='ocrx_word' id='word_1_298' title='bbox 522 3605 576 3658; x_wconf 80' lang='lat' dir='ltr'><strong>in</strong></span> <span class='ocrx_word' id='word_1_299' title='bbox 599 3604 714 3670; x_wconf 76' lang='lat' dir='ltr'><strong>hoc,</strong></span> <span class='ocrx_word' id='word_1_300' title='bbox 739 3603 926 3673; x_wconf 81' lang='lat' dir='ltr'><strong>inquit,</strong></span> <span class='ocrx_word' id='word_1_301' title='bbox 954 3605 1354 3680; x_wconf 63' lang='lat' dir='ltr'><strong>ingemiscimus;</strong></span> <span class='ocrx_word' id='word_1_302' title='bbox 1375 3605 1558 3662; x_wconf 85' lang='lat' dir='ltr'><strong>volens</strong></span> <span class='ocrx_word' id='word_1_303' title='bbox 1581 3620 1674 3660; x_wconf 86' lang='lat' dir='ltr'><strong>eos</strong></span> <span class='ocrx_word' id='word_1_304' title='bbox 1693 3604 1758 3662; x_wconf 86' lang='lat' dir='ltr'><strong>ad</strong></span> <span class='ocrx_word' id='word_1_305' title='bbox 1785 3619 1933 3660; x_wconf 87' lang='lat' dir='ltr'><strong>suam</strong></span> 
     </span>
    </p>
   </div>
   <div class='ocr_carea' id='block_1_39' title="bbox 362 3693 1932 3766">
    <p class='ocr_par' dir='ltr' id='par_1_39' title="bbox 362 3693 1932 3766">
     <span class='ocr_line' id='line_1_39' title="bbox 362 3693 1932 3766; baseline 0.001 -18"><span class='ocrx_word' id='word_1_306' title='bbox 362 3693 750 3766; x_wconf 77' lang='lat' dir='ltr'><strong>philosophiam</strong></span> <span class='ocrx_word' id='word_1_307' title='bbox 789 3701 1020 3756; x_wconf 76' lang='lat' dir='ltr'><strong>trahere,</strong></span> <span class='ocrx_word' id='word_1_308' title='bbox 1044 3703 1096 3748; x_wconf 85' lang='lat' dir='ltr'><strong>rt</strong></span> <span class='ocrx_word' id='word_1_309' title='bbox 1119 3696 1198 3749; x_wconf 90' lang='lat' dir='ltr'><strong>sui</strong></span> <span class='ocrx_word' id='word_1_310' title='bbox 1223 3695 1404 3764; x_wconf 88' lang='lat' dir='ltr'><strong>judicii</strong></span> <span class='ocrx_word' id='word_1_311' title='bbox 1435 3697 1606 3750; x_wconf 72' lang='lat' dir='ltr'><strong>lacere</strong></span> <span class='ocrx_word' id='word_1_312' title='bbox 1633 3696 1932 3766; x_wconf 83' lang='lat' dir='ltr'><strong>participes.</strong></span> 
     </span>
    </p>
   </div>
   <div class='ocr_carea' id='block_1_40' title="bbox 361 3783 1936 3854">
    <p class='ocr_par' dir='ltr' id='par_1_40' title="bbox 361 3783 1936 3854">
     <span class='ocr_line' id='line_1_40' title="bbox 361 3783 1936 3854; baseline 0 -16"><span class='ocrx_word' id='word_1_313' title='bbox 361 3783 566 3848; x_wconf 73' lang='lat' dir='ltr'><strong>Etenim</strong></span> <span class='ocrx_word' id='word_1_314' title='bbox 605 3785 660 3837; x_wconf 76' lang='lat' dir='ltr'><strong>in</strong></span> <span class='ocrx_word' id='word_1_315' title='bbox 701 3784 795 3842; x_wconf 80' lang='lat' dir='ltr'><strong>hoc</strong></span> <span class='ocrx_word' id='word_1_316' title='bbox 819 3785 1208 3854; x_wconf 76' lang='lat' dir='ltr'><strong>iugentiscimus,</strong></span> <span class='ocrx_word' id='word_1_317' title='bbox 1255 3785 1588 3842; x_wconf 74' lang='lat' dir='ltr'><strong>desiderantes</strong></span> <span class='ocrx_word' id='word_1_318' title='bbox 1629 3786 1936 3839; x_wconf 78' lang='lat' dir='ltr'><strong>domicilium</strong></span> 
     </span>
    </p>
   </div>
   <div class='ocr_carea' id='block_1_41' title="bbox 363 3873 1936 3946">
    <p class='ocr_par' dir='ltr' id='par_1_41' title="bbox 363 3873 1936 3946">
     <span class='ocr_line' id='line_1_41' title="bbox 363 3873 1936 3946; baseline 0 -16"><span class='ocrx_word' id='word_1_319' title='bbox 363 3886 589 3938; x_wconf 64' lang='lat' dir='ltr'><strong>nostrum</strong></span> <span class='ocrx_word' id='word_1_320' title='bbox 617 3891 644 3930; x_wconf 71' lang='grc' dir='ltr'>ε</span> <span class='ocrx_word' id='word_1_321' title='bbox 667 3873 1106 3946; x_wconf 58' lang='grc' dir='ltr'><strong>οωλοτψρεήηάαὶ</strong></span> <span class='ocrx_word' id='word_1_322' title='bbox 1137 3890 1156 3928; x_wconf 93' lang='lat'><strong><em>:</em></strong></span> <span class='ocrx_word' id='word_1_323' title='bbox 1201 3890 1305 3929; x_wconf 89' lang='lat' dir='ltr'><strong>non</strong></span> <span class='ocrx_word' id='word_1_324' title='bbox 1343 3875 1474 3930; x_wconf 81' lang='lat' dir='ltr'><strong>dixit</strong></span> <span class='ocrx_word' id='word_1_325' title='bbox 1497 3875 1821 3944; x_wconf 79' lang='lat' dir='ltr'><strong>simpliciter,</strong></span> <span class='ocrx_word' id='word_1_326' title='bbox 1850 3873 1936 3930; x_wconf 89' lang='lat' dir='ltr'><strong>ln-</strong></span> 
     </span>
    </p>
   </div>
   <div class='ocr_carea' id='block_1_42' title="bbox 364 3963 1936 4036">
    <p class='ocr_par' dir='ltr' id='par_1_42' title="bbox 364 3963 1936 4036">
     <span class='ocr_line' id='line_1_42' title="bbox 364 3963 1936 4036; baseline -0.001 -16"><span class='ocrx_word' id='word_1_327' title='bbox 364 3964 487 4028; x_wconf 84' lang='lat' dir='ltr'><strong>dui;</strong></span> <span class='ocrx_word' id='word_1_328' title='bbox 517 3964 610 4028; x_wconf 77' lang='lat' dir='ltr'><strong>sed</strong></span> <span class='ocrx_word' id='word_1_329' title='bbox 649 3963 958 4036; x_wconf 78' lang='lat' dir='ltr'><strong>Superindui</strong></span> <span class='ocrx_word' id='word_1_330' title='bbox 983 3983 1004 4019; x_wconf 89' lang='lat'><strong><em>:</em></strong></span> <span class='ocrx_word' id='word_1_331' title='bbox 1048 3975 1098 4020; x_wconf 90' lang='lat' dir='ltr'><strong>et</strong></span> <span class='ocrx_word' id='word_1_332' title='bbox 1125 3965 1322 4034; x_wconf 83' lang='lat' dir='ltr'><strong>adjicit,</strong></span> <span class='ocrx_word' id='word_1_333' title='bbox 1355 3965 1415 4020; x_wconf 89' lang='lat' dir='ltr'><strong>Si</strong></span> <span class='ocrx_word' id='word_1_334' title='bbox 1442 3975 1606 4018; x_wconf 87' lang='lat' dir='ltr'><strong>tamen</strong></span> <span class='ocrx_word' id='word_1_335' title='bbox 1627 3965 1805 4030; x_wconf 78' lang='lat' dir='ltr'><strong>vestiti,</strong></span> <span class='ocrx_word' id='word_1_336' title='bbox 1835 3983 1936 4020; x_wconf 84' lang='lat' dir='ltr'><strong>non</strong></span> 
     </span>
    </p>
   </div>
   <div class='ocr_carea' id='block_1_43' title="bbox 362 4056 1933 4129">
    <p class='ocr_par' dir='ltr' id='par_1_43' title="bbox 362 4056 1933 4129">
     <span class='ocr_line' id='line_1_43' title="bbox 362 4056 1933 4129; baseline 0.003 -19"><span class='ocrx_word' id='word_1_337' title='bbox 362 4057 486 4114; x_wconf 78' lang='lat' dir='ltr'><strong>nudi</strong></span> <span class='ocrx_word' id='word_1_338' title='bbox 525 4058 841 4114; x_wconf 75' lang='lat' dir='ltr'><strong>inveniamur</strong></span> <span class='ocrx_word' id='word_1_339' title='bbox 877 4056 1039 4129; x_wconf 80' lang='lat' dir='ltr'><strong>(Ibid.</strong></span> <span class='ocrx_word' id='word_1_340' title='bbox 1071 4073 1118 4110; x_wconf 82' lang='grc' dir='ltr'><strong>υ.</strong></span> <span class='ocrx_word' id='word_1_341' title='bbox 1149 4057 1226 4128; x_wconf 84' lang='grc'><strong>5).</strong></span> <span class='ocrx_word' id='word_1_342' title='bbox 1259 4058 1324 4114; x_wconf 86' lang='grc' dir='ltr'><strong>Ει</strong></span> <span class='ocrx_word' id='word_1_343' title='bbox 1357 4058 1572 4112; x_wconf 88' lang='lat' dir='ltr'><strong>videtur-</strong></span> <span class='ocrx_word' id='word_1_344' title='bbox 1595 4058 1806 4128; x_wconf 86' lang='lat' dir='ltr'><strong>quidem</strong></span> <span class='ocrx_word' id='word_1_345' title='bbox 1836 4059 1933 4114; x_wconf 89' lang='lat' dir='ltr'><strong>ob-</strong></span> 
     </span>
    </p>
   </div>
   <div class='ocr_carea' id='block_1_44' title="bbox 362 4149 1935 4216">
    <p class='ocr_par' dir='ltr' id='par_1_44' title="bbox 362 4149 1935 4216">
     <span class='ocr_line' id='line_1_44' title="bbox 362 4149 1935 4216; baseline 0.001 -16"><span class='ocrx_word' id='word_1_346' title='bbox 362 4163 574 4208; x_wconf 73' lang='lat' dir='ltr'><strong>scurum</strong></span> <span class='ocrx_word' id='word_1_347' title='bbox 604 4163 722 4204; x_wconf 84' lang='lat' dir='ltr'><strong>esse</strong></span> <span class='ocrx_word' id='word_1_348' title='bbox 745 4191 759 4214; x_wconf 94' lang='lat'><strong>,</strong></span> <span class='ocrx_word' id='word_1_349' title='bbox 792 4150 930 4216; x_wconf 90' lang='lat' dir='ltr'><strong>quod</strong></span> <span class='ocrx_word' id='word_1_350' title='bbox 972 4149 1166 4204; x_wconf 84' lang='lat' dir='ltr'><strong>dictum</strong></span> <span class='ocrx_word' id='word_1_351' title='bbox 1210 4159 1323 4214; x_wconf 82' lang='lat' dir='ltr'><strong>est;</strong></span> <span class='ocrx_word' id='word_1_352' title='bbox 1359 4149 1407 4202; x_wconf 84' lang='lat' dir='ltr'><strong>lit</strong></span> <span class='ocrx_word' id='word_1_353' title='bbox 1453 4163 1578 4202; x_wconf 86' lang='lat' dir='ltr'><strong>vero</strong></span> <span class='ocrx_word' id='word_1_354' title='bbox 1607 4149 1935 4204; x_wconf 77' lang='lat' dir='ltr'><strong>manifestius</strong></span> 
     </span>
    </p>
   </div>
   <div class='ocr_carea' id='block_1_45' title="bbox 367 4239 1932 4310">
    <p class='ocr_par' dir='ltr' id='par_1_45' title="bbox 367 4239 1932 4310">
     <span class='ocr_line' id='line_1_45' title="bbox 367 4239 1932 4310; baseline 0.004 -20"><span class='ocrx_word' id='word_1_355' title='bbox 367 4254 460 4310; x_wconf 80' lang='lat' dir='ltr'><strong>per</strong></span> <span class='ocrx_word' id='word_1_356' title='bbox 487 4253 548 4294; x_wconf 86' lang='lat' dir='ltr'><strong>ea</strong></span> <span class='ocrx_word' id='word_1_357' title='bbox 579 4253 696 4306; x_wconf 73' lang='lat' dir='ltr'><strong>qua:</strong></span> <span class='ocrx_word' id='word_1_358' title='bbox 737 4240 1033 4294; x_wconf 82' lang='lat' dir='ltr'><strong>subdantur</strong></span> <span class='ocrx_word' id='word_1_359' title='bbox 1060 4259 1074 4292; x_wconf 73' lang='grc' dir='ltr'><strong>τ</strong></span> <span class='ocrx_word' id='word_1_360' title='bbox 1110 4239 1304 4294; x_wconf 85' lang='lat' dir='ltr'><strong>Etenim</strong></span> <span class='ocrx_word' id='word_1_361' title='bbox 1333 4241 1418 4308; x_wconf 84' lang='lat' dir='ltr'><strong>qui</strong></span> <span class='ocrx_word' id='word_1_362' title='bbox 1445 4257 1614 4296; x_wconf 65' lang='lat' dir='ltr'><strong>suum:</strong></span> <span class='ocrx_word' id='word_1_363' title='bbox 1643 4243 1693 4294; x_wconf 86' lang='lat' dir='ltr'><strong>in</strong></span> <span class='ocrx_word' id='word_1_364' title='bbox 1729 4242 1822 4296; x_wconf 84' lang='lat' dir='ltr'><strong>hoc</strong></span> <span class='ocrx_word' id='word_1_365' title='bbox 1851 4251 1932 4298; x_wconf 81' lang='lat' dir='ltr'><strong>ta.-</strong></span> 
     </span>
    </p>
   </div>
   <div class='ocr_carea' id='block_1_46' title="bbox 361 4329 1930 4400">
    <p class='ocr_par' dir='ltr' id='par_1_46' title="bbox 361 4329 1930 4400">
     <span class='ocr_line' id='line_1_46' title="bbox 361 4329 1930 4400; baseline 0.006 -23"><span class='ocrx_word' id='word_1_366' title='bbox 361 4329 652 4395; x_wconf 58' lang='lat' dir='ltr'><strong>liertwculo,</strong></span> <span class='ocrx_word' id='word_1_367' title='bbox 673 4330 1038 4396; x_wconf 80' lang='lat' dir='ltr'><strong>ingemiscimus</strong></span> <span class='ocrx_word' id='word_1_368' title='bbox 1061 4331 1268 4398; x_wconf 69' lang='lat' dir='ltr'><strong>gravati,</strong></span> <span class='ocrx_word' id='word_1_369' title='bbox 1298 4348 1354 4386; x_wconf 71' lang='lat' dir='ltr'><strong>eo</strong></span> <span class='ocrx_word' id='word_1_370' title='bbox 1379 4333 1512 4400; x_wconf 81' lang='lat' dir='ltr'><strong>quod</strong></span> <span class='ocrx_word' id='word_1_371' title='bbox 1539 4333 1770 4386; x_wconf 79' lang='lat' dir='ltr'><strong>nolumus</strong></span> <span class='ocrx_word' id='word_1_372' title='bbox 1795 4335 1930 4398; x_wconf 66' lang='lat' dir='ltr'><strong>eauti,</strong></span> 
     </span>
    </p>
   </div>
   <div class='ocr_carea' id='block_1_47' title="bbox 363 4417 1132 4489">
    <p class='ocr_par' dir='ltr' id='par_1_47' title="bbox 363 4417 1132 4489">
     <span class='ocr_line' id='line_1_47' title="bbox 363 4417 1132 4489; baseline -0.001 -17"><span class='ocrx_word' id='word_1_373' title='bbox 363 4417 448 4486; x_wconf 66' lang='lat' dir='ltr'><strong>sed</strong></span> <span class='ocrx_word' id='word_1_374' title='bbox 467 4418 754 4485; x_wconf 65' lang='lat' dir='ltr'><strong>super-indui</strong></span> <span class='ocrx_word' id='word_1_375' title='bbox 789 4417 947 4488; x_wconf 84' lang='lat' dir='ltr'><strong>(Ibid.</strong></span> <span class='ocrx_word' id='word_1_376' title='bbox 977 4435 1024 4472; x_wconf 89' lang='lat' dir='ltr'><strong>v.</strong></span> <span class='ocrx_word' id='word_1_377' title='bbox 1055 4420 1132 4489; x_wconf 72' lang='lat'><strong>4).</strong></span> 
     </span>
    </p>
   </div>
   <div class='ocr_carea' id='block_1_48' title="bbox 435 4595 1932 4656">
    <p class='ocr_par' dir='ltr' id='par_1_48' title="bbox 435 4595 1932 4656">
     <span class='ocr_line' id='line_1_48' title="bbox 435 4595 1932 4656; baseline 0.005 -8"><span class='ocrx_word' id='word_1_378' title='bbox 435 4595 686 4656; x_wconf 62' lang='lat' dir='ltr'><strong>Adversus</strong></span> <span class='ocrx_word' id='word_1_379' title='bbox 709 4595 1016 4654; x_wconf 74' lang='lat' dir='ltr'><strong>Mttniclueos</strong></span> <span class='ocrx_word' id='word_1_380' title='bbox 1043 4606 1276 4652; x_wconf 83' lang='lat' dir='ltr'><strong>naturam</strong></span> <span class='ocrx_word' id='word_1_381' title='bbox 1303 4610 1524 4654; x_wconf 76' lang='lat' dir='ltr'><strong>nostram</strong></span> <span class='ocrx_word' id='word_1_382' title='bbox 1563 4611 1616 4652; x_wconf 86' lang='lat' dir='ltr'><strong>ut</strong></span> <span class='ocrx_word' id='word_1_383' title='bbox 1642 4601 1828 4656; x_wconf 83' lang='lat' dir='ltr'><strong>malam</strong></span> <span class='ocrx_word' id='word_1_384' title='bbox 1857 4603 1932 4656; x_wconf 87' lang='lat' dir='ltr'><strong>iu-</strong></span> 
     </span>
    </p>
   </div>
   <div class='ocr_carea' id='block_1_49' title="bbox 361 4689 1928 4764">
    <p class='ocr_par' dir='ltr' id='par_1_49' title="bbox 361 4689 1928 4764">
     <span class='ocr_line' id='line_1_49' title="bbox 361 4689 1928 4764; baseline 0.005 -22"><span class='ocrx_word' id='word_1_385' title='bbox 361 4697 628 4752; x_wconf 81' lang='lat' dir='ltr'><strong>cusantes;</strong></span> <span class='ocrx_word' id='word_1_386' title='bbox 654 4705 744 4742; x_wconf 84' lang='lat' dir='ltr'><strong>cur</strong></span> <span class='ocrx_word' id='word_1_387' title='bbox 767 4689 1148 4760; x_wconf 83' lang='lat' dir='ltr'><strong>ingemiscamus</strong></span> <span class='ocrx_word' id='word_1_388' title='bbox 1167 4692 1219 4744; x_wconf 87' lang='lat' dir='ltr'><strong>in</strong></span> <span class='ocrx_word' id='word_1_389' title='bbox 1249 4693 1342 4746; x_wconf 77' lang='lat' dir='ltr'><strong>hac</strong></span> <span class='ocrx_word' id='word_1_390' title='bbox 1370 4693 1486 4746; x_wconf 81' lang='lat' dir='ltr'><strong>vita.</strong></span> <span class='ocrx_word' id='word_1_391' title='bbox 1513 4724 1582 4732; x_wconf 98' lang='lat'><strong>—</strong></span> <span class='ocrx_word' id='word_1_392' title='bbox 1611 4693 1769 4748; x_wconf 86' lang='lat' dir='ltr'><strong>Vides</strong></span> <span class='ocrx_word' id='word_1_393' title='bbox 1795 4710 1928 4764; x_wconf 87' lang='lat' dir='ltr'><strong>quo-</strong></span> 
     </span>
    </p>
   </div>
   <div class='ocr_carea' id='block_1_50' title="bbox 363 4777 1928 4858">
    <p class='ocr_par' dir='ltr' id='par_1_50' title="bbox 363 4777 1928 4858">
     <span class='ocr_line' id='line_1_50' title="bbox 363 4777 1928 4858; baseline 0.007 -29"><span class='ocrx_word' id='word_1_394' title='bbox 363 4777 520 4831; x_wconf 89' lang='lat' dir='ltr'><strong>modo</strong></span> <span class='ocrx_word' id='word_1_395' title='bbox 545 4777 627 4832; x_wconf 87' lang='lat' dir='ltr'><strong>sui</strong></span> <span class='ocrx_word' id='word_1_396' title='bbox 657 4779 819 4847; x_wconf 90' lang='lat' dir='ltr'><strong>ipsius</strong></span> <span class='ocrx_word' id='word_1_397' title='bbox 841 4795 945 4835; x_wconf 91' lang='lat' dir='ltr'><strong>non</strong></span> <span class='ocrx_word' id='word_1_398' title='bbox 973 4782 1313 4858; x_wconf 77' lang='lat' dir='ltr'><strong>obliviscitur,</strong></span> <span class='ocrx_word' id='word_1_399' title='bbox 1348 4799 1518 4852; x_wconf 87' lang='lat' dir='ltr'><strong>neque</strong></span> <span class='ocrx_word' id='word_1_400' title='bbox 1543 4793 1692 4842; x_wconf 87' lang='lat' dir='ltr'><strong>vocat</strong></span> <span class='ocrx_word' id='word_1_401' title='bbox 1716 4784 1928 4840; x_wconf 89' lang='lat' dir='ltr'><strong>domum</strong></span> 
     </span>
    </p>
   </div>
   <div class='ocr_carea' id='block_1_51' title="bbox 363 4870 1928 4946">
    <p class='ocr_par' dir='ltr' id='par_1_51' title="bbox 363 4870 1928 4946">
     <span class='ocr_line' id='line_1_51' title="bbox 363 4870 1928 4946; baseline 0.004 -23"><span class='ocrx_word' id='word_1_402' title='bbox 363 4870 460 4923; x_wconf 87' lang='lat' dir='ltr'><strong>hoc</strong></span> <span class='ocrx_word' id='word_1_403' title='bbox 481 4885 694 4939; x_wconf 89' lang='lat' dir='ltr'><strong>corpus,</strong></span> <span class='ocrx_word' id='word_1_404' title='bbox 723 4871 812 4925; x_wconf 86' lang='lat' dir='ltr'><strong>sed</strong></span> <span class='ocrx_word' id='word_1_405' title='bbox 843 4871 1257 4940; x_wconf 77' lang='lat' dir='ltr'><strong>tabernaculum,</strong></span> <span class='ocrx_word' id='word_1_406' title='bbox 1283 4873 1360 4928; x_wconf 82' lang='lat' dir='ltr'><strong>Eo</strong></span> <span class='ocrx_word' id='word_1_407' title='bbox 1385 4876 1518 4946; x_wconf 86' lang='lat' dir='ltr'><strong>quod</strong></span> <span class='ocrx_word' id='word_1_408' title='bbox 1542 4877 1772 4932; x_wconf 81' lang='lat' dir='ltr'><strong>nolumus</strong></span> <span class='ocrx_word' id='word_1_409' title='bbox 1791 4881 1928 4946; x_wconf 73' lang='lat' dir='ltr'><strong>exui,</strong></span> 
     </span>
    </p>
   </div>
   <div class='ocr_carea' id='block_1_52' title="bbox 355 4961 1928 5037">
    <p class='ocr_par' dir='ltr' id='par_1_52' title="bbox 355 4961 1928 5037">
     <span class='ocr_line' id='line_1_52' title="bbox 355 4961 1928 5037; baseline 0.007 -24"><span class='ocrx_word' id='word_1_410' title='bbox 355 4961 446 5013; x_wconf 78' lang='lat' dir='ltr'><strong>sed</strong></span> <span class='ocrx_word' id='word_1_411' title='bbox 477 4961 770 5028; x_wconf 81' lang='lat' dir='ltr'><strong>superindni</strong></span> <span class='ocrx_word' id='word_1_412' title='bbox 789 4962 814 5014; x_wconf 72' lang='grc' dir='ltr'><strong><em>Ρ</em></strong></span> <span class='ocrx_word' id='word_1_413' title='bbox 843 4963 937 5016; x_wconf 90' lang='lat' dir='ltr'><strong>llic</strong></span> <span class='ocrx_word' id='word_1_414' title='bbox 965 4964 1118 5018; x_wconf 81' lang='lat' dir='ltr'><strong>letale</strong></span> <span class='ocrx_word' id='word_1_415' title='bbox 1155 4965 1342 5018; x_wconf 89' lang='lat' dir='ltr'><strong>vulnus</strong></span> <span class='ocrx_word' id='word_1_416' title='bbox 1375 4966 1558 5036; x_wconf 81' lang='lat' dir='ltr'><strong>inﬂigit</strong></span> <span class='ocrx_word' id='word_1_417' title='bbox 1590 4969 1685 5034; x_wconf 90' lang='lat' dir='ltr'><strong>iis,</strong></span> <span class='ocrx_word' id='word_1_418' title='bbox 1713 4971 1800 5037; x_wconf 91' lang='lat' dir='ltr'><strong>qui</strong></span> <span class='ocrx_word' id='word_1_419' title='bbox 1833 4985 1928 5023; x_wconf 87' lang='lat' dir='ltr'><strong>na-</strong></span> 
     </span>
    </p>
   </div>
   <div class='ocr_carea' id='block_1_53' title="bbox 359 5051 1928 5126">
    <p class='ocr_par' dir='ltr' id='par_1_53' title="bbox 359 5051 1928 5126">
     <span class='ocr_line' id='line_1_53' title="bbox 359 5051 1928 5126; baseline 0.008 -25"><span class='ocrx_word' id='word_1_420' title='bbox 359 5061 532 5102; x_wconf 88' lang='lat' dir='ltr'><strong>turam</strong></span> <span class='ocrx_word' id='word_1_421' title='bbox 551 5051 789 5118; x_wconf 86' lang='lat' dir='ltr'><strong>corporis</strong></span> <span class='ocrx_word' id='word_1_422' title='bbox 806 5059 857 5104; x_wconf 90' lang='lat' dir='ltr'><strong>ct</strong></span> <span class='ocrx_word' id='word_1_423' title='bbox 872 5067 1084 5112; x_wconf 85' lang='lat' dir='ltr'><strong>carnem</strong></span> <span class='ocrx_word' id='word_1_424' title='bbox 1101 5066 1332 5110; x_wconf 88' lang='lat' dir='ltr'><strong>nostram</strong></span> <span class='ocrx_word' id='word_1_425' title='bbox 1350 5068 1615 5113; x_wconf 88' lang='lat' dir='ltr'><strong>accusant.</strong></span> <span class='ocrx_word' id='word_1_426' title='bbox 1636 5059 1765 5126; x_wconf 69' lang='lat' dir='ltr'><strong>Quia</strong></span> <span class='ocrx_word' id='word_1_427' title='bbox 1787 5061 1928 5114; x_wconf 89' lang='lat' dir='ltr'><strong>enim</strong></span> 
     </span>
    </p>
   </div>
   <div class='ocr_carea' id='block_1_54' title="bbox 359 5141 1928 5220">
    <p class='ocr_par' dir='ltr' id='par_1_54' title="bbox 359 5141 1928 5220">
     <span class='ocr_line' id='line_1_54' title="bbox 359 5141 1928 5220; baseline 0.007 -24"><span class='ocrx_word' id='word_1_428' title='bbox 359 5141 495 5196; x_wconf 84' lang='lat' dir='ltr'><strong>dixit</strong></span> <span class='ocrx_word' id='word_1_429' title='bbox 520 5141 1094 5220; x_wconf 19' lang='lat' dir='ltr'><strong>quodlingcmiscimus,</strong></span> <span class='ocrx_word' id='word_1_430' title='bbox 1125 5156 1179 5200; x_wconf 91' lang='lat' dir='ltr'><strong>et</strong></span> <span class='ocrx_word' id='word_1_431' title='bbox 1197 5147 1316 5202; x_wconf 81' lang='lat' dir='ltr'><strong>exui</strong></span> <span class='ocrx_word' id='word_1_432' title='bbox 1348 5149 1626 5204; x_wconf 83' lang='lat' dir='ltr'><strong>volumus:</strong></span> <span class='ocrx_word' id='word_1_433' title='bbox 1663 5161 1807 5204; x_wconf 92' lang='lat' dir='ltr'><strong>utne</strong></span> <span class='ocrx_word' id='word_1_434' title='bbox 1835 5167 1928 5218; x_wconf 85' lang='lat' dir='ltr'><strong>pu-</strong></span> 
     </span>
    </p>
   </div>
   <div class='ocr_carea' id='block_1_55' title="bbox 359 5233 1928 5307">
    <p class='ocr_par' dir='ltr' id='par_1_55' title="bbox 359 5233 1928 5307">
     <span class='ocr_line' id='line_1_55' title="bbox 359 5233 1928 5307; baseline 0.006 -19"><span class='ocrx_word' id='word_1_435' title='bbox 359 5242 438 5288; x_wconf 86' lang='lat' dir='ltr'><strong>tes</strong></span> <span class='ocrx_word' id='word_1_436' title='bbox 471 5233 607 5303; x_wconf 80' lang='lat' dir='ltr'><strong>qund</strong></span> <span class='ocrx_word' id='word_1_437' title='bbox 637 5249 829 5302; x_wconf 89' lang='lat' dir='ltr'><strong>corpus</strong></span> <span class='ocrx_word' id='word_1_438' title='bbox 853 5237 1002 5303; x_wconf 88' lang='lat' dir='ltr'><strong>quasi</strong></span> <span class='ocrx_word' id='word_1_439' title='bbox 1027 5237 1220 5291; x_wconf 87' lang='lat' dir='ltr'><strong>malum</strong></span> <span class='ocrx_word' id='word_1_440' title='bbox 1241 5239 1473 5307; x_wconf 88' lang='lat' dir='ltr'><strong>aliquod,</strong></span> <span class='ocrx_word' id='word_1_441' title='bbox 1506 5251 1560 5294; x_wconf 88' lang='lat' dir='ltr'><strong>et</strong></span> <span class='ocrx_word' id='word_1_442' title='bbox 1579 5256 1791 5296; x_wconf 84' lang='lat' dir='ltr'><strong>causam</strong></span> <span class='ocrx_word' id='word_1_443' title='bbox 1817 5259 1928 5298; x_wconf 87' lang='lat' dir='ltr'><strong>ma-</strong></span> 
     </span>
    </p>
   </div>
   <div class='ocr_carea' id='block_1_56' title="bbox 360 5321 1962 5402">
    <p class='ocr_par' dir='ltr' id='par_1_56' title="bbox 360 5321 1962 5402">
     <span class='ocr_line' id='line_1_56' title="bbox 360 5321 1962 5402; baseline 0.004 -24"><span class='ocrx_word' id='word_1_444' title='bbox 360 5321 506 5384; x_wconf 65' lang='lat' dir='ltr'><strong>litiae.</strong></span> <span class='ocrx_word' id='word_1_445' title='bbox 537 5333 590 5378; x_wconf 89' lang='lat' dir='ltr'><strong>et</strong></span> <span class='ocrx_word' id='word_1_446' title='bbox 621 5323 912 5390; x_wconf 90' lang='lat' dir='ltr'><strong>inimicum,</strong></span> <span class='ocrx_word' id='word_1_447' title='bbox 944 5333 998 5380; x_wconf 86' lang='lat' dir='ltr'><strong>et</strong></span> <span class='ocrx_word' id='word_1_448' title='bbox 1021 5323 1225 5380; x_wconf 87' lang='lat' dir='ltr'><strong>hostem</strong></span> <span class='ocrx_word' id='word_1_449' title='bbox 1259 5327 1454 5398; x_wconf 81' lang='lat' dir='ltr'><strong>fugiat,</strong></span> <span class='ocrx_word' id='word_1_450' title='bbox 1503 5331 1622 5383; x_wconf 87' lang='lat' dir='ltr'><strong>audi</strong></span> <span class='ocrx_word' id='word_1_451' title='bbox 1663 5332 1929 5400; x_wconf 88' lang='lat' dir='ltr'><strong>quomodo</strong></span> <span class='ocrx_word' id='word_1_452' title='bbox 1959 5399 1962 5402; x_wconf 21' lang='lat'><strong><em>.</em></strong></span> 
     </span>
    </p>
   </div>
   <div class='ocr_carea' id='block_1_57' title="bbox 359 5403 1924 5489">
    <p class='ocr_par' dir='ltr' id='par_1_57' title="bbox 359 5403 1924 5489">
     <span class='ocr_line' id='line_1_57' title="bbox 359 5403 1924 5489; baseline 0.004 -21"><span class='ocrx_word' id='word_1_453' title='bbox 359 5416 712 5485; x_wconf 82' lang='lat' dir='ltr'><strong>suspicionem</strong></span> <span class='ocrx_word' id='word_1_454' title='bbox 755 5415 986 5472; x_wconf 87' lang='lat' dir='ltr'><strong>excludit</strong></span> <span class='ocrx_word' id='word_1_455' title='bbox 1034 5434 1046 5470; x_wconf 91' lang='lat'>:</span> <span class='ocrx_word' id='word_1_456' title='bbox 1095 5417 1323 5486; x_wconf 89' lang='lat' dir='ltr'><strong>primum</strong></span> <span class='ocrx_word' id='word_1_457' title='bbox 1359 5420 1568 5489; x_wconf 86' lang='lat' dir='ltr'><strong>quidem</strong></span> <span class='ocrx_word' id='word_1_458' title='bbox 1598 5403 1715 5476; x_wconf 62' lang='lat' dir='ltr'><strong>dum</strong></span> <span class='ocrx_word' id='word_1_459' title='bbox 1760 5421 1924 5476; x_wconf 83' lang='lat' dir='ltr'><strong>dicit:</strong></span> 
     </span>
    </p>
   </div>
   <div class='ocr_carea' id='block_1_58' title="bbox 355 5503 1928 5584">
    <p class='ocr_par' dir='ltr' id='par_1_58' title="bbox 355 5503 1928 5584">
     <span class='ocr_line' id='line_1_58' title="bbox 355 5503 1928 5584; baseline 0.001 -20"><span class='ocrx_word' id='word_1_460' title='bbox 355 5503 742 5577; x_wconf 77' lang='lat' dir='ltr'><strong>Ingemiscinms</strong></span> <span class='ocrx_word' id='word_1_461' title='bbox 785 5508 1090 5564; x_wconf 79' lang='lat' dir='ltr'><strong>domicilium</strong></span> <span class='ocrx_word' id='word_1_462' title='bbox 1137 5521 1360 5564; x_wconf 83' lang='lat' dir='ltr'><strong>nostrum</strong></span> <span class='ocrx_word' id='word_1_463' title='bbox 1405 5513 1596 5568; x_wconf 78' lang='lat' dir='ltr'><strong>cwleste</strong></span> <span class='ocrx_word' id='word_1_464' title='bbox 1637 5516 1928 5584; x_wconf 77' lang='lat' dir='ltr'><strong>superiudui</strong></span> 
     </span>
    </p>
   </div>
   <div class='ocr_carea' id='block_1_59' title="bbox 360 5594 1954 5671">
    <p class='ocr_par' dir='ltr' id='par_1_59' title="bbox 360 5594 1954 5671">
     <span class='ocr_line' id='line_1_59' title="bbox 360 5594 1954 5671; baseline 0.008 -23"><span class='ocrx_word' id='word_1_465' title='bbox 360 5594 697 5653; x_wconf 79' lang='lat' dir='ltr'><strong>desiderantes</strong></span> <span class='ocrx_word' id='word_1_466' title='bbox 723 5597 880 5670; x_wconf 89' lang='lat' dir='ltr'><strong>(Ibid.</strong></span> <span class='ocrx_word' id='word_1_467' title='bbox 907 5616 952 5652; x_wconf 82' lang='grc' dir='ltr'><strong><em>υ.</em></strong></span> <span class='ocrx_word' id='word_1_468' title='bbox 975 5598 1054 5668; x_wconf 74' lang='grc'><strong>2).</strong></span> <span class='ocrx_word' id='word_1_469' title='bbox 1098 5599 1195 5668; x_wconf 88' lang='lat' dir='ltr'><strong>Qui</strong></span> <span class='ocrx_word' id='word_1_470' title='bbox 1227 5601 1368 5656; x_wconf 83' lang='lat' dir='ltr'><strong>cnim</strong></span> <span class='ocrx_word' id='word_1_471' title='bbox 1395 5603 1806 5671; x_wconf 86' lang='lat' dir='ltr'><strong>superinduitur,</strong></span> <span class='ocrx_word' id='word_1_472' title='bbox 1839 5607 1954 5660; x_wconf 70' lang='lat' dir='ltr'><strong>rc-’</strong></span> 
     </span>
    </p>
   </div>
   <div class='ocr_carea' id='block_1_60' title="bbox 364 5687 1920 5767">
    <p class='ocr_par' dir='ltr' id='par_1_60' title="bbox 364 5687 1920 5767">
     <span class='ocr_line' id='line_1_60' title="bbox 364 5687 1920 5767; baseline 0.009 -32"><span class='ocrx_word' id='word_1_473' title='bbox 364 5699 488 5738; x_wconf 88' lang='lat' dir='ltr'><strong>vera</strong></span> <span class='ocrx_word' id='word_1_474' title='bbox 509 5687 648 5744; x_wconf 83' lang='lat' dir='ltr'><strong>aliud</strong></span> <span class='ocrx_word' id='word_1_475' title='bbox 679 5689 800 5758; x_wconf 90' lang='lat' dir='ltr'><strong>quid</strong></span> <span class='ocrx_word' id='word_1_476' title='bbox 828 5688 1174 5760; x_wconf 76' lang='lat' dir='ltr'><strong>superinduit.</strong></span> <span class='ocrx_word' id='word_1_477' title='bbox 1215 5689 1412 5746; x_wconf 85' lang='lat' dir='ltr'><strong>Deinde</strong></span> <span class='ocrx_word' id='word_1_478' title='bbox 1437 5707 1556 5748; x_wconf 89' lang='lat' dir='ltr'><strong>cum</strong></span> <span class='ocrx_word' id='word_1_479' title='bbox 1588 5693 1732 5763; x_wconf 89' lang='lat' dir='ltr'><strong>dicit,</strong></span> <span class='ocrx_word' id='word_1_480' title='bbox 1767 5694 1920 5767; x_wconf 79' lang='lat' dir='ltr'><strong>Inge-</strong></span> 
     </span>
    </p>
   </div>
   <div class='ocr_carea' id='block_1_61' title="bbox 2043 407 3618 480">
    <p class='ocr_par' dir='ltr' id='par_1_61' title="bbox 2043 407 3618 480">
     <span class='ocr_line' id='line_1_61' title="bbox 2043 407 3618 480; baseline 0.006 -21"><span class='ocrx_word' id='word_1_481' title='bbox 2043 407 2298 462; x_wconf 79' lang='lat' dir='ltr'><strong>misrimus</strong></span> <span class='ocrx_word' id='word_1_482' title='bbox 2320 409 2531 478; x_wconf 81' lang='lat' dir='ltr'><strong>gravati,</strong></span> <span class='ocrx_word' id='word_1_483' title='bbox 2555 426 2612 464; x_wconf 86' lang='lat' dir='ltr'><strong>eo</strong></span> <span class='ocrx_word' id='word_1_484' title='bbox 2634 411 2766 480; x_wconf 83' lang='lat' dir='ltr'><strong>quod</strong></span> <span class='ocrx_word' id='word_1_485' title='bbox 2787 411 3018 464; x_wconf 84' lang='lat' dir='ltr'><strong>uolumus</strong></span> <span class='ocrx_word' id='word_1_486' title='bbox 3048 414 3182 476; x_wconf 80' lang='lat' dir='ltr'><strong>exui,</strong></span> <span class='ocrx_word' id='word_1_487' title='bbox 3209 413 3294 466; x_wconf 78' lang='lat' dir='ltr'><strong>sed</strong></span> <span class='ocrx_word' id='word_1_488' title='bbox 3325 417 3618 480; x_wconf 67' lang='grc' dir='ltr'><strong>τείρει-ἐπιέιεί</strong></span> 
     </span>
    </p>
   </div>
   <div class='ocr_carea' id='block_1_62' title="bbox 2041 499 3620 570">
    <p class='ocr_par' dir='ltr' id='par_1_62' title="bbox 2041 499 3620 570">
     <span class='ocr_line' id='line_1_62' title="bbox 2041 499 3620 570; baseline 0.007 -20"><span class='ocrx_word' id='word_1_489' title='bbox 2041 499 2395 552; x_wconf 81' lang='lat' dir='ltr'><strong>desiderantes.</strong></span> <span class='ocrx_word' id='word_1_490' title='bbox 2436 499 2588 566; x_wconf 87' lang='lat' dir='ltr'><strong>Quod</strong></span> <span class='ocrx_word' id='word_1_491' title='bbox 2611 511 2786 555; x_wconf 85' lang='lat' dir='ltr'><strong>autem</strong></span> <span class='ocrx_word' id='word_1_492' title='bbox 2817 501 2948 556; x_wconf 80' lang='lat' dir='ltr'><strong>dixit</strong></span> <span class='ocrx_word' id='word_1_493' title='bbox 2985 501 3086 556; x_wconf 90' lang='lat' dir='ltr'><strong>hoc</strong></span> <span class='ocrx_word' id='word_1_494' title='bbox 3112 512 3225 570; x_wconf 86' lang='lat' dir='ltr'><strong>est,</strong></span> <span class='ocrx_word' id='word_1_495' title='bbox 3257 519 3361 557; x_wconf 87' lang='lat' dir='ltr'><strong>non</strong></span> <span class='ocrx_word' id='word_1_496' title='bbox 3403 521 3620 562; x_wconf 84' lang='lat' dir='ltr'><strong>carnem</strong></span> 
     </span>
    </p>
   </div>
   <div class='ocr_carea' id='block_1_63' title="bbox 2041 592 3620 668">
    <p class='ocr_par' dir='ltr' id='par_1_63' title="bbox 2041 592 3620 668">
     <span class='ocr_line' id='line_1_63' title="bbox 2041 592 3620 668; baseline 0.006 -24"><span class='ocrx_word' id='word_1_497' title='bbox 2041 593 2281 645; x_wconf 85' lang='lat' dir='ltr'><strong>volumus</strong></span> <span class='ocrx_word' id='word_1_498' title='bbox 2317 592 2615 662; x_wconf 88' lang='lat' dir='ltr'><strong>deponere,</strong></span> <span class='ocrx_word' id='word_1_499' title='bbox 2648 595 2738 648; x_wconf 85' lang='lat' dir='ltr'><strong>sed</strong></span> <span class='ocrx_word' id='word_1_500' title='bbox 2773 598 3164 663; x_wconf 87' lang='lat' dir='ltr'><strong>corruptionem</strong></span> <span class='ocrx_word' id='word_1_501' title='bbox 3199 613 3214 650; x_wconf 90' lang='lat'><strong>:</strong></span> <span class='ocrx_word' id='word_1_502' title='bbox 3256 613 3362 650; x_wconf 90' lang='lat' dir='ltr'><strong>non</strong></span> <span class='ocrx_word' id='word_1_503' title='bbox 3391 615 3620 668; x_wconf 85' lang='lat' dir='ltr'><strong>corpus,</strong></span> 
     </span>
    </p>
   </div>
   <div class='ocr_carea' id='block_1_64' title="bbox 2041 683 3619 754">
    <p class='ocr_par' dir='ltr' id='par_1_64' title="bbox 2041 683 3619 754">
     <span class='ocr_line' id='line_1_64' title="bbox 2041 683 3619 754; baseline 0.007 -20"><span class='ocrx_word' id='word_1_504' title='bbox 2041 683 2134 736; x_wconf 90' lang='lat' dir='ltr'><strong>sed</strong></span> <span class='ocrx_word' id='word_1_505' title='bbox 2163 693 2410 738; x_wconf 87' lang='lat' dir='ltr'><strong>mortem.</strong></span> <span class='ocrx_word' id='word_1_506' title='bbox 2451 685 2606 738; x_wconf 82' lang='lat' dir='ltr'><strong>Aliud</strong></span> <span class='ocrx_word' id='word_1_507' title='bbox 2643 696 2722 739; x_wconf 73' lang='lat' dir='ltr'><strong>est</strong></span> <span class='ocrx_word' id='word_1_508' title='bbox 2751 700 2963 754; x_wconf 82' lang='lat' dir='ltr'><strong>corpus,</strong></span> <span class='ocrx_word' id='word_1_509' title='bbox 2994 686 3133 740; x_wconf 87' lang='lat' dir='ltr'><strong>aliud</strong></span> <span class='ocrx_word' id='word_1_510' title='bbox 3163 703 3305 742; x_wconf 91' lang='lat' dir='ltr'><strong>mors</strong></span> <span class='ocrx_word' id='word_1_511' title='bbox 3339 707 3351 741; x_wconf 92' lang='lat'><strong>:</strong></span> <span class='ocrx_word' id='word_1_512' title='bbox 3383 700 3437 744; x_wconf 89' lang='lat' dir='ltr'><strong>et</strong></span> <span class='ocrx_word' id='word_1_513' title='bbox 3475 692 3619 746; x_wconf 87' lang='lat' dir='ltr'><strong>aliud</strong></span> 
     </span>
    </p>
   </div>
   <div class='ocr_carea' id='block_1_65' title="bbox 2047 773 3622 848">
    <p class='ocr_par' dir='ltr' id='par_1_65' title="bbox 2047 773 3622 848">
     <span class='ocr_line' id='line_1_65' title="bbox 2047 773 3622 848; baseline 0.006 -22"><span class='ocrx_word' id='word_1_514' title='bbox 2047 787 2255 842; x_wconf 72' lang='lat' dir='ltr'><strong>corpus,</strong></span> <span class='ocrx_word' id='word_1_515' title='bbox 2283 773 2424 828; x_wconf 89' lang='lat' dir='ltr'><strong>aliud</strong></span> <span class='ocrx_word' id='word_1_516' title='bbox 2451 777 2720 844; x_wconf 87' lang='lat' dir='ltr'><strong>corruptio</strong></span> <span class='ocrx_word' id='word_1_517' title='bbox 2746 794 2758 827; x_wconf 90' lang='lat'><strong>:</strong></span> <span class='ocrx_word' id='word_1_518' title='bbox 2785 791 2957 846; x_wconf 87' lang='lat' dir='ltr'><strong>neque</strong></span> <span class='ocrx_word' id='word_1_519' title='bbox 2983 792 3177 845; x_wconf 83' lang='lat' dir='ltr'><strong>corpus</strong></span> <span class='ocrx_word' id='word_1_520' title='bbox 3205 781 3498 848; x_wconf 88' lang='lat' dir='ltr'><strong>corruptio,</strong></span> <span class='ocrx_word' id='word_1_521' title='bbox 3529 799 3622 836; x_wconf 77' lang='lat' dir='ltr'><strong>ue-</strong></span> 
     </span>
    </p>
   </div>
   <div class='ocr_carea' id='block_1_66' title="bbox 2042 865 3620 940">
    <p class='ocr_par' dir='ltr' id='par_1_66' title="bbox 2042 865 3620 940">
     <span class='ocr_line' id='line_1_66' title="bbox 2042 865 3620 940; baseline 0.008 -26"><span class='ocrx_word' id='word_1_522' title='bbox 2042 879 2142 932; x_wconf 88' lang='lat' dir='ltr'><strong>que</strong></span> <span class='ocrx_word' id='word_1_523' title='bbox 2163 865 2432 933; x_wconf 84' lang='lat' dir='ltr'><strong>corruptio</strong></span> <span class='ocrx_word' id='word_1_524' title='bbox 2465 875 2546 922; x_wconf 87' lang='lat' dir='ltr'><strong>est</strong></span> <span class='ocrx_word' id='word_1_525' title='bbox 2570 882 2780 934; x_wconf 88' lang='lat' dir='ltr'><strong>corpus,</strong></span> <span class='ocrx_word' id='word_1_526' title='bbox 2811 875 2865 919; x_wconf 90' lang='lat' dir='ltr'><strong>ct</strong></span> <span class='ocrx_word' id='word_1_527' title='bbox 2894 867 3234 936; x_wconf 88' lang='lat' dir='ltr'><strong>corruptibile</strong></span> <span class='ocrx_word' id='word_1_528' title='bbox 3254 871 3466 940; x_wconf 88' lang='lat' dir='ltr'><strong>quidem</strong></span> <span class='ocrx_word' id='word_1_529' title='bbox 3498 887 3620 926; x_wconf 88' lang='lat' dir='ltr'><strong>cor-</strong></span> 
     </span>
    </p>
   </div>
   <div class='ocr_carea' id='block_1_67' title="bbox 2043 958 3622 1032">
    <p class='ocr_par' dir='ltr' id='par_1_67' title="bbox 2043 958 3622 1032">
     <span class='ocr_line' id='line_1_67' title="bbox 2043 958 3622 1032; baseline 0.008 -25"><span class='ocrx_word' id='word_1_530' title='bbox 2043 969 2137 1022; x_wconf 54' lang='lat' dir='ltr'><strong>pus</strong></span> <span class='ocrx_word' id='word_1_531' title='bbox 2167 965 2274 1018; x_wconf 90' lang='lat' dir='ltr'><strong>est,</strong></span> <span class='ocrx_word' id='word_1_532' title='bbox 2310 972 2412 1010; x_wconf 90' lang='lat' dir='ltr'><strong>non</strong></span> <span class='ocrx_word' id='word_1_533' title='bbox 2454 966 2630 1011; x_wconf 87' lang='lat' dir='ltr'><strong>autem</strong></span> <span class='ocrx_word' id='word_1_534' title='bbox 2675 958 2946 1026; x_wconf 85' lang='lat' dir='ltr'><strong>corruptio</strong></span> <span class='ocrx_word' id='word_1_535' title='bbox 2985 973 3176 1026; x_wconf 85' lang='lat' dir='ltr'><strong>corpus</strong></span> <span class='ocrx_word' id='word_1_536' title='bbox 3206 977 3218 1011; x_wconf 89' lang='lat'><strong>:</strong></span> <span class='ocrx_word' id='word_1_537' title='bbox 3261 961 3391 1015; x_wconf 87' lang='lat' dir='ltr'><strong>item</strong></span> <span class='ocrx_word' id='word_1_538' title='bbox 3427 978 3622 1032; x_wconf 83' lang='lat' dir='ltr'><strong>corpus</strong></span> 
     </span>
    </p>
   </div>
   <div class='ocr_carea' id='block_1_68' title="bbox 2044 1046 3622 1122">
    <p class='ocr_par' dir='ltr' id='par_1_68' title="bbox 2044 1046 3622 1122">
     <span class='ocr_line' id='line_1_68' title="bbox 2044 1046 3622 1122; baseline 0.007 -24"><span class='ocrx_word' id='word_1_539' title='bbox 2044 1046 2265 1098; x_wconf 89' lang='lat' dir='ltr'><strong>mortale</strong></span> <span class='ocrx_word' id='word_1_540' title='bbox 2293 1055 2396 1108; x_wconf 91' lang='lat' dir='ltr'><strong>est,</strong></span> <span class='ocrx_word' id='word_1_541' title='bbox 2421 1047 2517 1101; x_wconf 89' lang='lat' dir='ltr'><strong>sed</strong></span> <span class='ocrx_word' id='word_1_542' title='bbox 2543 1063 2645 1100; x_wconf 92' lang='lat' dir='ltr'><strong>non</strong></span> <span class='ocrx_word' id='word_1_543' title='bbox 2689 1063 2832 1101; x_wconf 86' lang='lat' dir='ltr'><strong>mors</strong></span> <span class='ocrx_word' id='word_1_544' title='bbox 2861 1057 2960 1102; x_wconf 86' lang='lat' dir='ltr'><strong>est.</strong></span> <span class='ocrx_word' id='word_1_545' title='bbox 2992 1047 3122 1102; x_wconf 86' lang='lat' dir='ltr'><strong>Nam</strong></span> <span class='ocrx_word' id='word_1_546' title='bbox 3151 1065 3345 1120; x_wconf 91' lang='lat' dir='ltr'><strong>corpus</strong></span> <span class='ocrx_word' id='word_1_547' title='bbox 3379 1069 3513 1122; x_wconf 91' lang='lat' dir='ltr'><strong>opus</strong></span> <span class='ocrx_word' id='word_1_548' title='bbox 3540 1065 3622 1109; x_wconf 88' lang='lat' dir='ltr'><strong>est</strong></span> 
     </span>
    </p>
   </div>
   <div class='ocr_carea' id='block_1_69' title="bbox 2047 1134 3618 1208">
    <p class='ocr_par' dir='ltr' id='par_1_69' title="bbox 2047 1134 3618 1208">
     <span class='ocr_line' id='line_1_69' title="bbox 2047 1134 3618 1208; baseline 0.007 -22"><span class='ocrx_word' id='word_1_549' title='bbox 2047 1134 2160 1198; x_wconf 87' lang='lat' dir='ltr'><strong>Dei,</strong></span> <span class='ocrx_word' id='word_1_550' title='bbox 2191 1137 2458 1204; x_wconf 85' lang='lat' dir='ltr'><strong>corruptio</strong></span> <span class='ocrx_word' id='word_1_551' title='bbox 2483 1146 2656 1191; x_wconf 89' lang='lat' dir='ltr'><strong>autem</strong></span> <span class='ocrx_word' id='word_1_552' title='bbox 2686 1147 2739 1192; x_wconf 88' lang='lat' dir='ltr'><strong>et</strong></span> <span class='ocrx_word' id='word_1_553' title='bbox 2771 1153 2912 1192; x_wconf 88' lang='lat' dir='ltr'><strong>mors</strong></span> <span class='ocrx_word' id='word_1_554' title='bbox 2933 1153 2960 1191; x_wconf 90' lang='lat' dir='ltr'><strong>a</strong></span> <span class='ocrx_word' id='word_1_555' title='bbox 2989 1149 3205 1208; x_wconf 87' lang='lat' dir='ltr'><strong>peccato</strong></span> <span class='ocrx_word' id='word_1_556' title='bbox 3235 1141 3454 1195; x_wconf 77' lang='lat' dir='ltr'><strong>invecta:</strong></span> <span class='ocrx_word' id='word_1_557' title='bbox 3475 1154 3618 1198; x_wconf 83' lang='lat' dir='ltr'><strong>sunt.</strong></span> 
     </span>
    </p>
   </div>
   <div class='ocr_carea' id='block_1_70' title="bbox 2044 1225 3620 1304">
    <p class='ocr_par' dir='ltr' id='par_1_70' title="bbox 2044 1225 3620 1304">
     <span class='ocr_line' id='line_1_70' title="bbox 2044 1225 3620 1304; baseline 0.006 -24"><span class='ocrx_word' id='word_1_558' title='bbox 2044 1225 2203 1294; x_wconf 77' lang='lat' dir='ltr'><strong>Igitur</strong></span> <span class='ocrx_word' id='word_1_559' title='bbox 2227 1227 2320 1292; x_wconf 86' lang='lat' dir='ltr'><strong>ait,</strong></span> <span class='ocrx_word' id='word_1_560' title='bbox 2351 1227 2400 1280; x_wconf 91' lang='lat' dir='ltr'><strong>id</strong></span> <span class='ocrx_word' id='word_1_561' title='bbox 2428 1227 2568 1296; x_wconf 90' lang='lat' dir='ltr'><strong>quod</strong></span> <span class='ocrx_word' id='word_1_562' title='bbox 2589 1228 2818 1282; x_wconf 87' lang='lat' dir='ltr'><strong>alienum</strong></span> <span class='ocrx_word' id='word_1_563' title='bbox 2847 1239 2923 1282; x_wconf 88' lang='lat' dir='ltr'><strong>est</strong></span> <span class='ocrx_word' id='word_1_564' title='bbox 2952 1245 3152 1284; x_wconf 89' lang='lat' dir='ltr'><strong>exuere</strong></span> <span class='ocrx_word' id='word_1_565' title='bbox 3176 1233 3314 1298; x_wconf 84' lang='lat' dir='ltr'><strong>volo,</strong></span> <span class='ocrx_word' id='word_1_566' title='bbox 3347 1248 3451 1286; x_wconf 91' lang='lat' dir='ltr'><strong>non</strong></span> <span class='ocrx_word' id='word_1_567' title='bbox 3478 1233 3620 1304; x_wconf 88' lang='lat' dir='ltr'><strong>quod</strong></span> 
     </span>
    </p>
   </div>
   <div class='ocr_carea' id='block_1_71' title="bbox 2045 1318 3620 1392">
    <p class='ocr_par' dir='ltr' id='par_1_71' title="bbox 2045 1318 3620 1392">
     <span class='ocr_line' id='line_1_71' title="bbox 2045 1318 3620 1392; baseline 0.008 -26"><span class='ocrx_word' id='word_1_568' title='bbox 2045 1318 2314 1386; x_wconf 85' lang='lat' dir='ltr'><strong>proprium</strong></span> <span class='ocrx_word' id='word_1_569' title='bbox 2347 1334 2360 1372; x_wconf 92' lang='lat'><strong>:</strong></span> <span class='ocrx_word' id='word_1_570' title='bbox 2391 1320 2620 1374; x_wconf 88' lang='lat' dir='ltr'><strong>alienum</strong></span> <span class='ocrx_word' id='word_1_571' title='bbox 2649 1333 2822 1375; x_wconf 87' lang='lat' dir='ltr'><strong>autem</strong></span> <span class='ocrx_word' id='word_1_572' title='bbox 2851 1329 2932 1375; x_wconf 81' lang='lat' dir='ltr'><strong>est</strong></span> <span class='ocrx_word' id='word_1_573' title='bbox 2951 1364 2964 1384; x_wconf 89' lang='lat'><strong>,</strong></span> <span class='ocrx_word' id='word_1_574' title='bbox 2995 1338 3099 1376; x_wconf 90' lang='lat' dir='ltr'><strong>non</strong></span> <span class='ocrx_word' id='word_1_575' title='bbox 3129 1337 3342 1392; x_wconf 87' lang='lat' dir='ltr'><strong>corpus,</strong></span> <span class='ocrx_word' id='word_1_576' title='bbox 3375 1325 3468 1378; x_wconf 91' lang='lat' dir='ltr'><strong>sed</strong></span> <span class='ocrx_word' id='word_1_577' title='bbox 3497 1341 3620 1378; x_wconf 85' lang='lat' dir='ltr'><strong>cor-</strong></span> 
     </span>
    </p>
   </div>
   <div class='ocr_carea' id='block_1_72' title="bbox 2044 1410 3622 1484">
    <p class='ocr_par' dir='ltr' id='par_1_72' title="bbox 2044 1410 3622 1484">
     <span class='ocr_line' id='line_1_72' title="bbox 2044 1410 3622 1484; baseline 0.006 -22"><span class='ocrx_word' id='word_1_578' title='bbox 2044 1411 2239 1479; x_wconf 81' lang='lat' dir='ltr'><strong>ruptio.</strong></span> <span class='ocrx_word' id='word_1_579' title='bbox 2274 1410 2338 1464; x_wconf 87' lang='lat' dir='ltr'><strong>Et</strong></span> <span class='ocrx_word' id='word_1_580' title='bbox 2361 1421 2575 1480; x_wconf 83' lang='lat' dir='ltr'><strong>prapter</strong></span> <span class='ocrx_word' id='word_1_581' title='bbox 2593 1413 2692 1466; x_wconf 87' lang='lat' dir='ltr'><strong>hoc</strong></span> <span class='ocrx_word' id='word_1_582' title='bbox 2707 1413 2798 1476; x_wconf 87' lang='lat' dir='ltr'><strong>ait,</strong></span> <span class='ocrx_word' id='word_1_583' title='bbox 2830 1411 2907 1465; x_wconf 85' lang='lat' dir='ltr'><strong>Eo</strong></span> <span class='ocrx_word' id='word_1_584' title='bbox 2927 1415 3062 1484; x_wconf 86' lang='lat' dir='ltr'><strong>quod</strong></span> <span class='ocrx_word' id='word_1_585' title='bbox 3085 1415 3316 1468; x_wconf 86' lang='lat' dir='ltr'><strong>nolumus</strong></span> <span class='ocrx_word' id='word_1_586' title='bbox 3343 1417 3458 1470; x_wconf 72' lang='lat' dir='ltr'><strong>carui</strong></span> <span class='ocrx_word' id='word_1_587' title='bbox 3475 1432 3494 1470; x_wconf 88' lang='lat'><strong>.&#39;</strong></span> <span class='ocrx_word' id='word_1_588' title='bbox 3519 1415 3622 1472; x_wconf 83' lang='lat' dir='ltr'><strong>hoc</strong></span> 
     </span>
    </p>
   </div>
   <div class='ocr_carea' id='block_1_73' title="bbox 2043 1501 3622 1576">
    <p class='ocr_par' dir='ltr' id='par_1_73' title="bbox 2043 1501 3622 1576">
     <span class='ocr_line' id='line_1_73' title="bbox 2043 1501 3622 1576; baseline 0.004 -22"><span class='ocrx_word' id='word_1_589' title='bbox 2043 1511 2144 1566; x_wconf 83' lang='lat' dir='ltr'><strong>est,</strong></span> <span class='ocrx_word' id='word_1_590' title='bbox 2175 1501 2372 1558; x_wconf 82' lang='lat' dir='ltr'><strong>auferri</strong></span> <span class='ocrx_word' id='word_1_591' title='bbox 2397 1517 2608 1572; x_wconf 92' lang='lat' dir='ltr'><strong>corpus,</strong></span> <span class='ocrx_word' id='word_1_592' title='bbox 2638 1504 2732 1558; x_wconf 90' lang='lat' dir='ltr'><strong>sed</strong></span> <span class='ocrx_word' id='word_1_593' title='bbox 2763 1504 3068 1573; x_wconf 88' lang='lat' dir='ltr'><strong>superiudui</strong></span> <span class='ocrx_word' id='word_1_594' title='bbox 3099 1507 3150 1558; x_wconf 92' lang='lat' dir='ltr'><strong>in</strong></span> <span class='ocrx_word' id='word_1_595' title='bbox 3181 1521 3406 1576; x_wconf 88' lang='lat' dir='ltr'><strong>corpore</strong></span> <span class='ocrx_word' id='word_1_596' title='bbox 3441 1507 3622 1561; x_wconf 77' lang='lat' dir='ltr'><strong>incor-</strong></span> 
     </span>
    </p>
   </div>
   <div class='ocr_carea' id='block_1_74' title="bbox 2041 1594 3623 1664">
    <p class='ocr_par' dir='ltr' id='par_1_74' title="bbox 2041 1594 3623 1664">
     <span class='ocr_line' id='line_1_74' title="bbox 2041 1594 3623 1664; baseline 0.004 -18"><span class='ocrx_word' id='word_1_597' title='bbox 2041 1595 2362 1661; x_wconf 88' lang='lat' dir='ltr'><strong>ruptionem.</strong></span> <span class='ocrx_word' id='word_1_598' title='bbox 2391 1594 2597 1664; x_wconf 86' lang='lat' dir='ltr'><strong>Corpus</strong></span> <span class='ocrx_word' id='word_1_599' title='bbox 2621 1595 2796 1649; x_wconf 88' lang='lat' dir='ltr'><strong>medio</strong></span> <span class='ocrx_word' id='word_1_600' title='bbox 2816 1610 2874 1649; x_wconf 87' lang='lat' dir='ltr'><strong>se</strong></span> <span class='ocrx_word' id='word_1_601' title='bbox 2902 1595 3059 1650; x_wconf 89' lang='lat' dir='ltr'><strong>modo</strong></span> <span class='ocrx_word' id='word_1_602' title='bbox 3086 1595 3244 1650; x_wconf 86' lang='lat' dir='ltr'><strong>habet</strong></span> <span class='ocrx_word' id='word_1_603' title='bbox 3272 1597 3411 1650; x_wconf 88' lang='lat' dir='ltr'><strong>inter</strong></span> <span class='ocrx_word' id='word_1_604' title='bbox 3437 1613 3623 1653; x_wconf 90' lang='lat' dir='ltr'><strong>corru-</strong></span> 
     </span>
    </p>
   </div>
   <div class='ocr_carea' id='block_1_75' title="bbox 2045 1685 3626 1757">
    <p class='ocr_par' dir='ltr' id='par_1_75' title="bbox 2045 1685 3626 1757">
     <span class='ocr_line' id='line_1_75' title="bbox 2045 1685 3626 1757; baseline 0.004 -19"><span class='ocrx_word' id='word_1_605' title='bbox 2045 1685 2274 1754; x_wconf 82' lang='lat' dir='ltr'><strong>ptionem</strong></span> <span class='ocrx_word' id='word_1_606' title='bbox 2296 1694 2349 1738; x_wconf 91' lang='lat' dir='ltr'><strong>et</strong></span> <span class='ocrx_word' id='word_1_607' title='bbox 2367 1685 2836 1754; x_wconf 86' lang='lat' dir='ltr'><strong>incorruptionem.</strong></span> <span class='ocrx_word' id='word_1_608' title='bbox 2856 1687 3010 1740; x_wconf 85' lang='lat' dir='ltr'><strong>Exuit</strong></span> <span class='ocrx_word' id='word_1_609' title='bbox 3031 1687 3189 1752; x_wconf 76' lang='lat' dir='ltr'><strong>igitur</strong></span> <span class='ocrx_word' id='word_1_610' title='bbox 3200 1689 3626 1757; x_wconf 77' lang='lat' dir='ltr'><strong>corruptionem,</strong></span> 
     </span>
    </p>
   </div>
   <div class='ocr_carea' id='block_1_76' title="bbox 2041 1774 3622 1856">
    <p class='ocr_par' dir='ltr' id='par_1_76' title="bbox 2041 1774 3622 1856">
     <span class='ocr_line' id='line_1_76' title="bbox 2041 1774 3622 1856; baseline 0.004 -28"><span class='ocrx_word' id='word_1_611' title='bbox 2041 1785 2096 1828; x_wconf 87' lang='lat' dir='ltr'><strong>et</strong></span> <span class='ocrx_word' id='word_1_612' title='bbox 2123 1774 2290 1828; x_wconf 90' lang='lat' dir='ltr'><strong>induit</strong></span> <span class='ocrx_word' id='word_1_613' title='bbox 2315 1776 2764 1845; x_wconf 90' lang='lat' dir='ltr'><strong>incorruptionem</strong></span> <span class='ocrx_word' id='word_1_614' title='bbox 2789 1789 2810 1830; x_wconf 57' lang='grc' dir='ltr'>θ</span> <span class='ocrx_word' id='word_1_615' title='bbox 2840 1776 3022 1844; x_wconf 88' lang='lat' dir='ltr'><strong>abjicit</strong></span> <span class='ocrx_word' id='word_1_616' title='bbox 3040 1777 3180 1846; x_wconf 91' lang='lat' dir='ltr'><strong>quod</strong></span> <span class='ocrx_word' id='word_1_617' title='bbox 3213 1780 3413 1848; x_wconf 85' lang='lat' dir='ltr'><strong>accepit</strong></span> <span class='ocrx_word' id='word_1_618' title='bbox 3439 1795 3469 1834; x_wconf 89' lang='lat' dir='ltr'><strong>a</strong></span> <span class='ocrx_word' id='word_1_619' title='bbox 3499 1795 3622 1856; x_wconf 68' lang='lat' dir='ltr'><strong>pec~</strong></span> 
     </span>
    </p>
   </div>
   <div class='ocr_carea' id='block_1_77' title="bbox 2042 1867 3620 1941">
    <p class='ocr_par' dir='ltr' id='par_1_77' title="bbox 2042 1867 3620 1941">
     <span class='ocr_line' id='line_1_77' title="bbox 2042 1867 3620 1941; baseline 0.005 -23"><span class='ocrx_word' id='word_1_620' title='bbox 2042 1877 2182 1932; x_wconf 87' lang='lat' dir='ltr'><strong>cato,</strong></span> <span class='ocrx_word' id='word_1_621' title='bbox 2204 1875 2258 1920; x_wconf 92' lang='lat' dir='ltr'><strong>ct</strong></span> <span class='ocrx_word' id='word_1_622' title='bbox 2283 1867 2517 1936; x_wconf 88' lang='lat' dir='ltr'><strong>possidet</strong></span> <span class='ocrx_word' id='word_1_623' title='bbox 2537 1867 2675 1937; x_wconf 89' lang='lat' dir='ltr'><strong>quod</strong></span> <span class='ocrx_word' id='word_1_624' title='bbox 2701 1868 2847 1920; x_wconf 90' lang='lat' dir='ltr'><strong>dedit</strong></span> <span class='ocrx_word' id='word_1_625' title='bbox 2875 1867 2966 1920; x_wconf 88' lang='lat' dir='ltr'><strong>Dei</strong></span> <span class='ocrx_word' id='word_1_626' title='bbox 2989 1869 3175 1938; x_wconf 80' lang='lat' dir='ltr'><strong>gratia.</strong></span> <span class='ocrx_word' id='word_1_627' title='bbox 3199 1869 3267 1924; x_wconf 88' lang='lat' dir='ltr'><strong>Ut</strong></span> <span class='ocrx_word' id='word_1_628' title='bbox 3286 1869 3460 1924; x_wconf 88' lang='lat' dir='ltr'><strong>discas</strong></span> <span class='ocrx_word' id='word_1_629' title='bbox 3480 1873 3620 1941; x_wconf 87' lang='lat' dir='ltr'><strong>quod</strong></span> 
     </span>
    </p>
   </div>
   <div class='ocr_carea' id='block_1_78' title="bbox 2044 1957 3620 2029">
    <p class='ocr_par' dir='ltr' id='par_1_78' title="bbox 2044 1957 3620 2029">
     <span class='ocr_line' id='line_1_78' title="bbox 2044 1957 3620 2029; baseline 0.004 -19"><span class='ocrx_word' id='word_1_630' title='bbox 2044 1971 2244 2011; x_wconf 89' lang='lat' dir='ltr'><strong>exuere</strong></span> <span class='ocrx_word' id='word_1_631' title='bbox 2257 1971 2358 2011; x_wconf 89' lang='lat' dir='ltr'><strong>non</strong></span> <span class='ocrx_word' id='word_1_632' title='bbox 2373 1957 2438 2014; x_wconf 90' lang='lat' dir='ltr'><strong>de</strong></span> <span class='ocrx_word' id='word_1_633' title='bbox 2452 1973 2674 2028; x_wconf 90' lang='lat' dir='ltr'><strong>corpore</strong></span> <span class='ocrx_word' id='word_1_634' title='bbox 2689 1957 2833 2024; x_wconf 88' lang='lat' dir='ltr'><strong>dicit,</strong></span> <span class='ocrx_word' id='word_1_635' title='bbox 2859 1957 2950 2011; x_wconf 89' lang='lat' dir='ltr'><strong>sed</strong></span> <span class='ocrx_word' id='word_1_636' title='bbox 2970 1957 3036 2012; x_wconf 89' lang='lat' dir='ltr'><strong>de</strong></span> <span class='ocrx_word' id='word_1_637' title='bbox 3052 1962 3388 2029; x_wconf 87' lang='lat' dir='ltr'><strong>corruptione</strong></span> <span class='ocrx_word' id='word_1_638' title='bbox 3405 1973 3455 2016; x_wconf 89' lang='lat' dir='ltr'><strong>et</strong></span> <span class='ocrx_word' id='word_1_639' title='bbox 3476 1977 3620 2016; x_wconf 80' lang='lat' dir='ltr'><strong>mor-</strong></span> 
     </span>
    </p>
   </div>
   <div class='ocr_carea' id='block_1_79' title="bbox 2043 2048 3622 2120">
    <p class='ocr_par' dir='ltr' id='par_1_79' title="bbox 2043 2048 3622 2120">
     <span class='ocr_line' id='line_1_79' title="bbox 2043 2048 3622 2120; baseline 0.004 -20"><span class='ocrx_word' id='word_1_640' title='bbox 2043 2055 2116 2112; x_wconf 89' lang='lat' dir='ltr'><strong>te,</strong></span> <span class='ocrx_word' id='word_1_641' title='bbox 2133 2048 2252 2102; x_wconf 88' lang='lat' dir='ltr'><strong>andi</strong></span> <span class='ocrx_word' id='word_1_642' title='bbox 2269 2063 2350 2110; x_wconf 89' lang='lat' dir='ltr'><strong>ea,</strong></span> <span class='ocrx_word' id='word_1_643' title='bbox 2372 2063 2490 2118; x_wconf 81' lang='lat' dir='ltr'><strong>qua:</strong></span> <span class='ocrx_word' id='word_1_644' title='bbox 2507 2064 2626 2102; x_wconf 81' lang='lat' dir='ltr'><strong>mox</strong></span> <span class='ocrx_word' id='word_1_645' title='bbox 2644 2049 3012 2116; x_wconf 85' lang='lat' dir='ltr'><strong>subjiciuntur.</strong></span> <span class='ocrx_word' id='word_1_646' title='bbox 3031 2049 3160 2102; x_wconf 86' lang='lat' dir='ltr'><strong>Nam</strong></span> <span class='ocrx_word' id='word_1_647' title='bbox 3183 2053 3622 2120; x_wconf 72' lang='lat' dir='ltr'><strong>postquamdixit,</strong></span> 
     </span>
    </p>
   </div>
   <div class='ocr_carea' id='block_1_80' title="bbox 2044 2135 3620 2209">
    <p class='ocr_par' dir='ltr' id='par_1_80' title="bbox 2044 2135 3620 2209">
     <span class='ocr_line' id='line_1_80' title="bbox 2044 2135 3620 2209; baseline 0.004 -19"><span class='ocrx_word' id='word_1_648' title='bbox 2044 2135 2295 2190; x_wconf 83' lang='lat' dir='ltr'><strong>Nolumus</strong></span> <span class='ocrx_word' id='word_1_649' title='bbox 2315 2139 2449 2204; x_wconf 71' lang='lat' dir='ltr'><strong>exui,</strong></span> <span class='ocrx_word' id='word_1_650' title='bbox 2478 2139 2566 2194; x_wconf 72' lang='lat' dir='ltr'><strong>sed</strong></span> <span class='ocrx_word' id='word_1_651' title='bbox 2591 2139 2916 2209; x_wconf 81' lang='lat' dir='ltr'><strong>superindni:</strong></span> <span class='ocrx_word' id='word_1_652' title='bbox 2933 2153 3036 2192; x_wconf 90' lang='lat' dir='ltr'><strong>non</strong></span> <span class='ocrx_word' id='word_1_653' title='bbox 3069 2139 3220 2202; x_wconf 80' lang='lat' dir='ltr'><strong>dixit,</strong></span> <span class='ocrx_word' id='word_1_654' title='bbox 3241 2139 3311 2196; x_wconf 90' lang='lat' dir='ltr'><strong>Ut</strong></span> <span class='ocrx_word' id='word_1_655' title='bbox 3338 2143 3620 2198; x_wconf 80' lang='lat' dir='ltr'><strong>absorbea-</strong></span> 
     </span>
    </p>
   </div>
   <div class='ocr_carea' id='block_1_81' title="bbox 2044 2229 3621 2304">
    <p class='ocr_par' dir='ltr' id='par_1_81' title="bbox 2044 2229 3621 2304">
     <span class='ocr_line' id='line_1_81' title="bbox 2044 2229 3621 2304; baseline 0.004 -22"><span class='ocrx_word' id='word_1_656' title='bbox 2044 2238 2129 2284; x_wconf 92' lang='lat' dir='ltr'><strong>tur</strong></span> <span class='ocrx_word' id='word_1_657' title='bbox 2149 2245 2343 2300; x_wconf 86' lang='lat' dir='ltr'><strong>corpus</strong></span> <span class='ocrx_word' id='word_1_658' title='bbox 2363 2229 2428 2285; x_wconf 91' lang='lat' dir='ltr'><strong>ab</strong></span> <span class='ocrx_word' id='word_1_659' title='bbox 2447 2231 2874 2300; x_wconf 86' lang='lat' dir='ltr'><strong>incorporeitate,</strong></span> <span class='ocrx_word' id='word_1_660' title='bbox 2899 2229 2992 2286; x_wconf 73' lang='lat' dir='ltr'><strong>sed</strong></span> <span class='ocrx_word' id='word_1_661' title='bbox 3019 2229 3141 2301; x_wconf 87' lang='lat' dir='ltr'><strong>quid</strong></span> <span class='ocrx_word' id='word_1_662' title='bbox 3155 2233 3194 2304; x_wconf 56' lang='grc' dir='ltr'><strong>ζ</strong></span> <span class='ocrx_word' id='word_1_663' title='bbox 3207 2229 3273 2285; x_wconf 85' lang='lat' dir='ltr'><strong>Ut</strong></span> <span class='ocrx_word' id='word_1_664' title='bbox 3299 2231 3621 2288; x_wconf 72' lang='lat' dir='ltr'><strong>absorbeatur</strong></span> 
     </span>
    </p>
   </div>
   <div class='ocr_carea' id='block_1_82' title="bbox 2041 2321 3616 2387">
    <p class='ocr_par' dir='ltr' id='par_1_82' title="bbox 2041 2321 3616 2387">
     <span class='ocr_line' id='line_1_82' title="bbox 2041 2321 3616 2387; baseline 0.003 -13"><span class='ocrx_word' id='word_1_665' title='bbox 2041 2323 2320 2376; x_wconf 71' lang='lat' dir='ltr'><strong>mortalitas</strong></span> <span class='ocrx_word' id='word_1_666' title='bbox 2336 2337 2366 2373; x_wconf 88' lang='lat' dir='ltr'><strong>a</strong></span> <span class='ocrx_word' id='word_1_667' title='bbox 2384 2322 2500 2384; x_wconf 84' lang='lat' dir='ltr'><strong>vita,</strong></span> <span class='ocrx_word' id='word_1_668' title='bbox 2527 2323 2626 2374; x_wconf 89' lang='lat' dir='ltr'><strong>hoc</strong></span> <span class='ocrx_word' id='word_1_669' title='bbox 2643 2329 2743 2385; x_wconf 90' lang='lat' dir='ltr'><strong>est,</strong></span> <span class='ocrx_word' id='word_1_670' title='bbox 2765 2331 2818 2374; x_wconf 92' lang='lat' dir='ltr'><strong>ut</strong></span> <span class='ocrx_word' id='word_1_671' title='bbox 2839 2329 3137 2387; x_wconf 86' lang='lat' dir='ltr'><strong>evanescat,</strong></span> <span class='ocrx_word' id='word_1_672' title='bbox 3159 2331 3213 2376; x_wconf 90' lang='lat' dir='ltr'><strong>ut</strong></span> <span class='ocrx_word' id='word_1_673' title='bbox 3229 2321 3502 2376; x_wconf 79' lang='lat' dir='ltr'><strong>abolentur</strong></span> <span class='ocrx_word' id='word_1_674' title='bbox 3518 2340 3528 2374; x_wconf 92' lang='lat'>:</span> <span class='ocrx_word' id='word_1_675' title='bbox 3547 2323 3616 2378; x_wconf 86' lang='lat' dir='ltr'><strong>ita</strong></span> 
     </span>
    </p>
   </div>
   <div class='ocr_carea' id='block_1_83' title="bbox 2039 2411 3620 2482">
    <p class='ocr_par' dir='ltr' id='par_1_83' title="bbox 2039 2411 3620 2482">
     <span class='ocr_line' id='line_1_83' title="bbox 2039 2411 3620 2482; baseline -0.001 -14"><span class='ocrx_word' id='word_1_676' title='bbox 2039 2411 2380 2468; x_wconf 73' lang='lat' dir='ltr'><strong>abolitionem</strong></span> <span class='ocrx_word' id='word_1_677' title='bbox 2400 2426 2502 2465; x_wconf 91' lang='lat' dir='ltr'><strong>non</strong></span> <span class='ocrx_word' id='word_1_678' title='bbox 2522 2411 2758 2480; x_wconf 86' lang='lat' dir='ltr'><strong>corporis</strong></span> <span class='ocrx_word' id='word_1_679' title='bbox 2771 2420 2940 2472; x_wconf 89' lang='lat' dir='ltr'><strong>vocat.</strong></span> <span class='ocrx_word' id='word_1_680' title='bbox 2956 2411 3046 2468; x_wconf 88' lang='lat' dir='ltr'><strong>sed</strong></span> <span class='ocrx_word' id='word_1_681' title='bbox 3062 2411 3410 2482; x_wconf 79' lang='lat' dir='ltr'><strong>corruptionis</strong></span> <span class='ocrx_word' id='word_1_682' title='bbox 3422 2421 3473 2466; x_wconf 89' lang='lat' dir='ltr'><strong>et</strong></span> <span class='ocrx_word' id='word_1_683' title='bbox 3487 2429 3620 2468; x_wconf 76' lang='lat' dir='ltr'><strong>mor-</strong></span> 
     </span>
    </p>
   </div>
   <div class='ocr_carea' id='block_1_84' title="bbox 2042 2503 3616 2573">
    <p class='ocr_par' dir='ltr' id='par_1_84' title="bbox 2042 2503 3616 2573">
     <span class='ocr_line' id='line_1_84' title="bbox 2042 2503 3616 2573; baseline -0.002 -13"><span class='ocrx_word' id='word_1_684' title='bbox 2042 2505 2126 2560; x_wconf 88' lang='lat' dir='ltr'><strong>tis.</strong></span> <span class='ocrx_word' id='word_1_685' title='bbox 2149 2503 2452 2558; x_wconf 85' lang='lat' dir='ltr'><strong>Adveniens</strong></span> <span class='ocrx_word' id='word_1_686' title='bbox 2469 2503 2605 2556; x_wconf 81' lang='lat' dir='ltr'><strong>enim</strong></span> <span class='ocrx_word' id='word_1_687' title='bbox 2624 2503 2726 2556; x_wconf 87' lang='lat' dir='ltr'><strong>vita</strong></span> <span class='ocrx_word' id='word_1_688' title='bbox 2753 2518 2858 2556; x_wconf 91' lang='lat' dir='ltr'><strong>non</strong></span> <span class='ocrx_word' id='word_1_689' title='bbox 2876 2518 3066 2573; x_wconf 79' lang='lat' dir='ltr'><strong>corpus</strong></span> <span class='ocrx_word' id='word_1_690' title='bbox 3091 2503 3266 2558; x_wconf 87' lang='lat' dir='ltr'><strong>abolet</strong></span> <span class='ocrx_word' id='word_1_691' title='bbox 3290 2511 3344 2556; x_wconf 88' lang='lat' dir='ltr'><strong>et</strong></span> <span class='ocrx_word' id='word_1_692' title='bbox 3369 2503 3616 2569; x_wconf 87' lang='lat' dir='ltr'><strong>absumit,</strong></span> 
     </span>
    </p>
   </div>
   <div class='ocr_carea' id='block_1_85' title="bbox 2039 2592 3619 2662">
    <p class='ocr_par' dir='ltr' id='par_1_85' title="bbox 2039 2592 3619 2662">
     <span class='ocr_line' id='line_1_85' title="bbox 2039 2592 3619 2662; baseline 0.001 -14"><span class='ocrx_word' id='word_1_693' title='bbox 2039 2593 2132 2648; x_wconf 85' lang='lat' dir='ltr'><strong>sed</strong></span> <span class='ocrx_word' id='word_1_694' title='bbox 2172 2603 2396 2648; x_wconf 86' lang='lat' dir='ltr'><strong>mortem</strong></span> <span class='ocrx_word' id='word_1_695' title='bbox 2439 2603 2492 2647; x_wconf 89' lang='lat' dir='ltr'><strong>et</strong></span> <span class='ocrx_word' id='word_1_696' title='bbox 2538 2595 2929 2662; x_wconf 88' lang='lat' dir='ltr'><strong>corruptionem</strong></span> <span class='ocrx_word' id='word_1_697' title='bbox 2975 2609 3090 2662; x_wconf 75' lang='lat' dir='ltr'><strong>qua:</strong></span> <span class='ocrx_word' id='word_1_698' title='bbox 3131 2592 3255 2648; x_wconf 91' lang='lat' dir='ltr'><strong>illud</strong></span> <span class='ocrx_word' id='word_1_699' title='bbox 3295 2593 3619 2650; x_wconf 84' lang='lat' dir='ltr'><strong>invaserant.</strong></span> 
     </span>
    </p>
   </div>
   <div class='ocr_carea' id='block_1_86' title="bbox 2039 2685 3620 2756">
    <p class='ocr_par' dir='ltr' id='par_1_86' title="bbox 2039 2685 3620 2756">
     <span class='ocr_line' id='line_1_86' title="bbox 2039 2685 3620 2756; baseline -0.001 -16"><span class='ocrx_word' id='word_1_700' title='bbox 2039 2685 2278 2741; x_wconf 88' lang='lat' dir='ltr'><strong>Gemitus</strong></span> <span class='ocrx_word' id='word_1_701' title='bbox 2315 2701 2442 2754; x_wconf 73' lang='lat' dir='ltr'><strong>ergo</strong></span> <span class='ocrx_word' id='word_1_702' title='bbox 2483 2685 2572 2738; x_wconf 87' lang='lat' dir='ltr'><strong>ille</strong></span> <span class='ocrx_word' id='word_1_703' title='bbox 2611 2699 2714 2738; x_wconf 91' lang='lat' dir='ltr'><strong>non</strong></span> <span class='ocrx_word' id='word_1_704' title='bbox 2762 2693 2972 2753; x_wconf 89' lang='lat' dir='ltr'><strong>propter</strong></span> <span class='ocrx_word' id='word_1_705' title='bbox 3002 2697 3197 2754; x_wconf 89' lang='lat' dir='ltr'><strong>corpus</strong></span> <span class='ocrx_word' id='word_1_706' title='bbox 3227 2693 3307 2739; x_wconf 89' lang='lat' dir='ltr'><strong>est</strong></span> <span class='ocrx_word' id='word_1_707' title='bbox 3330 2726 3342 2748; x_wconf 91' lang='lat'><strong>,</strong></span> <span class='ocrx_word' id='word_1_708' title='bbox 3371 2685 3462 2738; x_wconf 88' lang='lat' dir='ltr'><strong>sed</strong></span> <span class='ocrx_word' id='word_1_709' title='bbox 3493 2699 3620 2756; x_wconf 89' lang='lat' dir='ltr'><strong>pro-</strong></span> 
     </span>
    </p>
   </div>
   <div class='ocr_carea' id='block_1_87' title="bbox 2043 2777 3616 2850">
    <p class='ocr_par' dir='ltr' id='par_1_87' title="bbox 2043 2777 3616 2850">
     <span class='ocr_line' id='line_1_87' title="bbox 2043 2777 3616 2850; baseline 0.001 -19"><span class='ocrx_word' id='word_1_710' title='bbox 2043 2787 2161 2848; x_wconf 87' lang='lat' dir='ltr'><strong>pter</strong></span> <span class='ocrx_word' id='word_1_711' title='bbox 2182 2779 2572 2847; x_wconf 84' lang='lat' dir='ltr'><strong>corruptionem</strong></span> <span class='ocrx_word' id='word_1_712' title='bbox 2601 2793 2720 2848; x_wconf 75' lang='lat' dir='ltr'><strong>quzn</strong></span> <span class='ocrx_word' id='word_1_713' title='bbox 2749 2777 2821 2830; x_wconf 90' lang='lat' dir='ltr'><strong>illi</strong></span> <span class='ocrx_word' id='word_1_714' title='bbox 2854 2779 3008 2832; x_wconf 87' lang='lat' dir='ltr'><strong>inest.</strong></span> <span class='ocrx_word' id='word_1_715' title='bbox 3039 2779 3246 2832; x_wconf 85' lang='lat' dir='ltr'><strong>Etenim</strong></span> <span class='ocrx_word' id='word_1_716' title='bbox 3270 2793 3464 2848; x_wconf 88' lang='lat' dir='ltr'><strong>corpus</strong></span> <span class='ocrx_word' id='word_1_717' title='bbox 3489 2795 3616 2850; x_wconf 78' lang='lat' dir='ltr'><strong>gra-</strong></span> 
     </span>
    </p>
   </div>
   <div class='ocr_carea' id='block_1_88' title="bbox 2040 2867 3618 2933">
    <p class='ocr_par' dir='ltr' id='par_1_88' title="bbox 2040 2867 3618 2933">
     <span class='ocr_line' id='line_1_88' title="bbox 2040 2867 3618 2933; baseline 0.002 -11"><span class='ocrx_word' id='word_1_718' title='bbox 2040 2885 2105 2923; x_wconf 89' lang='lat' dir='ltr'><strong>ve</strong></span> <span class='ocrx_word' id='word_1_719' title='bbox 2125 2879 2206 2924; x_wconf 90' lang='lat' dir='ltr'><strong>est</strong></span> <span class='ocrx_word' id='word_1_720' title='bbox 2227 2877 2280 2924; x_wconf 89' lang='lat' dir='ltr'><strong>et</strong></span> <span class='ocrx_word' id='word_1_721' title='bbox 2300 2883 2588 2924; x_wconf 86' lang='lat' dir='ltr'><strong>onerosum</strong></span> <span class='ocrx_word' id='word_1_722' title='bbox 2613 2883 2674 2922; x_wconf 87' lang='lat' dir='ltr'><strong>ac</strong></span> <span class='ocrx_word' id='word_1_723' title='bbox 2697 2867 2998 2933; x_wconf 79' lang='lat' dir='ltr'><strong>molestum,</strong></span> <span class='ocrx_word' id='word_1_724' title='bbox 3023 2884 3128 2923; x_wconf 88' lang='lat' dir='ltr'><strong>non</strong></span> <span class='ocrx_word' id='word_1_725' title='bbox 3157 2869 3447 2926; x_wconf 79' lang='lat' dir='ltr'><strong>secundum</strong></span> <span class='ocrx_word' id='word_1_726' title='bbox 3471 2885 3618 2926; x_wconf 90' lang='lat' dir='ltr'><strong>suam</strong></span> 
     </span>
    </p>
   </div>
   <div class='ocr_carea' id='block_1_89' title="bbox 2039 2959 3622 3030">
    <p class='ocr_par' dir='ltr' id='par_1_89' title="bbox 2039 2959 3622 3030">
     <span class='ocr_line' id='line_1_89' title="bbox 2039 2959 3622 3030; baseline 0.001 -14"><span class='ocrx_word' id='word_1_727' title='bbox 2039 2973 2305 3028; x_wconf 86' lang='lat' dir='ltr'><strong>naturam,</strong></span> <span class='ocrx_word' id='word_1_728' title='bbox 2337 2960 2431 3016; x_wconf 88' lang='lat' dir='ltr'><strong>sed</strong></span> <span class='ocrx_word' id='word_1_729' title='bbox 2458 2961 2747 3016; x_wconf 87' lang='lat' dir='ltr'><strong>secundum</strong></span> <span class='ocrx_word' id='word_1_730' title='bbox 2776 2961 3178 3028; x_wconf 82' lang='lat' dir='ltr'><strong>mortalitatem,</strong></span> <span class='ocrx_word' id='word_1_731' title='bbox 3197 2976 3314 3030; x_wconf 67' lang='lat' dir='ltr'><strong>quae</strong></span> <span class='ocrx_word' id='word_1_732' title='bbox 3339 2970 3514 3030; x_wconf 87' lang='lat' dir='ltr'><strong>postea</strong></span> <span class='ocrx_word' id='word_1_733' title='bbox 3546 2959 3622 3018; x_wconf 82' lang='lat' dir='ltr'><strong>illi</strong></span> 
     </span>
    </p>
   </div>
   <div class='ocr_carea' id='block_1_90' title="bbox 2039 3051 3618 3122">
    <p class='ocr_par' dir='ltr' id='par_1_90' title="bbox 2039 3051 3618 3122">
     <span class='ocr_line' id='line_1_90' title="bbox 2039 3051 3618 3122; baseline 0.001 -18"><span class='ocrx_word' id='word_1_734' title='bbox 2039 3051 2342 3122; x_wconf 83' lang='lat' dir='ltr'><strong>supervenit</strong></span> <span class='ocrx_word' id='word_1_735' title='bbox 2369 3071 2381 3104; x_wconf 87' lang='lat'><strong>:</strong></span> <span class='ocrx_word' id='word_1_736' title='bbox 2414 3061 2782 3106; x_wconf 75' lang='lat' dir='ltr'><strong>verumtamen</strong></span> <span class='ocrx_word' id='word_1_737' title='bbox 2809 3066 3002 3120; x_wconf 88' lang='lat' dir='ltr'><strong>corpus</strong></span> <span class='ocrx_word' id='word_1_738' title='bbox 3029 3067 3133 3106; x_wconf 91' lang='lat' dir='ltr'><strong>non</strong></span> <span class='ocrx_word' id='word_1_739' title='bbox 3156 3060 3237 3105; x_wconf 88' lang='lat' dir='ltr'><strong>est</strong></span> <span class='ocrx_word' id='word_1_740' title='bbox 3255 3051 3618 3122; x_wconf 86' lang='lat' dir='ltr'><strong>corruptibile,</strong></span> 
     </span>
    </p>
   </div>
   <div class='ocr_carea' id='block_1_91' title="bbox 2039 3143 3624 3214">
    <p class='ocr_par' dir='ltr' id='par_1_91' title="bbox 2039 3143 3624 3214">
     <span class='ocr_line' id='line_1_91' title="bbox 2039 3143 3624 3214; baseline 0.001 -16"><span class='ocrx_word' id='word_1_741' title='bbox 2039 3144 2132 3198; x_wconf 90' lang='lat' dir='ltr'><strong>sed</strong></span> <span class='ocrx_word' id='word_1_742' title='bbox 2163 3145 2555 3214; x_wconf 84' lang='lat' dir='ltr'><strong>incorruptibile</strong></span> <span class='ocrx_word' id='word_1_743' title='bbox 2585 3154 2640 3200; x_wconf 89' lang='lat' dir='ltr'><strong>et</strong></span> <span class='ocrx_word' id='word_1_744' title='bbox 2679 3143 2994 3199; x_wconf 83' lang='lat' dir='ltr'><strong>immortale.</strong></span> <span class='ocrx_word' id='word_1_745' title='bbox 3037 3143 3212 3197; x_wconf 86' lang='lat' dir='ltr'><strong>Tanta</strong></span> <span class='ocrx_word' id='word_1_746' title='bbox 3231 3145 3424 3214; x_wconf 90' lang='lat' dir='ltr'><strong>quippe</strong></span> <span class='ocrx_word' id='word_1_747' title='bbox 3451 3145 3624 3214; x_wconf 85' lang='lat' dir='ltr'><strong>ipsius</strong></span> 
     </span>
    </p>
   </div>
   <div class='ocr_carea' id='block_1_92' title="bbox 2037 3235 3620 3304">
    <p class='ocr_par' dir='ltr' id='par_1_92' title="bbox 2037 3235 3620 3304">
     <span class='ocr_line' id='line_1_92' title="bbox 2037 3235 3620 3304; baseline -0.001 -14"><span class='ocrx_word' id='word_1_748' title='bbox 2037 3244 2120 3292; x_wconf 80' lang='lat' dir='ltr'><strong>cst</strong></span> <span class='ocrx_word' id='word_1_749' title='bbox 2155 3236 2430 3298; x_wconf 86' lang='lat' dir='ltr'><strong>nobilitas.</strong></span> <span class='ocrx_word' id='word_1_750' title='bbox 2464 3246 2518 3289; x_wconf 91' lang='lat' dir='ltr'><strong>ut</strong></span> <span class='ocrx_word' id='word_1_751' title='bbox 2551 3236 2600 3289; x_wconf 88' lang='lat' dir='ltr'><strong>in</strong></span> <span class='ocrx_word' id='word_1_752' title='bbox 2624 3236 2733 3304; x_wconf 90' lang='lat' dir='ltr'><strong>ipsa</strong></span> <span class='ocrx_word' id='word_1_753' title='bbox 2760 3235 3102 3304; x_wconf 87' lang='lat' dir='ltr'><strong>corruptione</strong></span> <span class='ocrx_word' id='word_1_754' title='bbox 3127 3250 3274 3288; x_wconf 83' lang='lat' dir='ltr'><strong>suam</strong></span> <span class='ocrx_word' id='word_1_755' title='bbox 3306 3235 3620 3304; x_wconf 76' lang='lat' dir='ltr'><strong>dignitatem</strong></span> 
     </span>
    </p>
   </div>
   <div class='ocr_carea' id='block_1_93' title="bbox 2040 3325 3618 3395">
    <p class='ocr_par' dir='ltr' id='par_1_93' title="bbox 2040 3325 3618 3395">
     <span class='ocr_line' id='line_1_93' title="bbox 2040 3325 3618 3395; baseline -0.003 -13"><span class='ocrx_word' id='word_1_756' title='bbox 2040 3325 2350 3382; x_wconf 82' lang='lat' dir='ltr'><strong>Ostenderit.</strong></span> <span class='ocrx_word' id='word_1_757' title='bbox 2383 3325 2509 3380; x_wconf 84' lang='lat' dir='ltr'><strong>Nam</strong></span> <span class='ocrx_word' id='word_1_758' title='bbox 2541 3327 2898 3395; x_wconf 80' lang='lat' dir='ltr'><strong>apostolorum</strong></span> <span class='ocrx_word' id='word_1_759' title='bbox 2930 3326 3127 3378; x_wconf 82' lang='lat' dir='ltr'><strong>umbra:</strong></span> <span class='ocrx_word' id='word_1_760' title='bbox 3155 3327 3490 3393; x_wconf 86' lang='lat' dir='ltr'><strong>incorporeas</strong></span> <span class='ocrx_word' id='word_1_761' title='bbox 3518 3341 3618 3378; x_wconf 85' lang='lat' dir='ltr'><strong>ex-</strong></span> 
     </span>
    </p>
   </div>
   <div class='ocr_carea' id='block_1_94' title="bbox 2039 3416 3614 3490">
    <p class='ocr_par' dir='ltr' id='par_1_94' title="bbox 2039 3416 3614 3490">
     <span class='ocr_line' id='line_1_94' title="bbox 2039 3416 3614 3490; baseline -0.003 -18"><span class='ocrx_word' id='word_1_762' title='bbox 2039 3419 2286 3490; x_wconf 88' lang='lat' dir='ltr'><strong>pulerunt</strong></span> <span class='ocrx_word' id='word_1_763' title='bbox 2315 3421 2534 3472; x_wconf 87' lang='lat' dir='ltr'><strong>virtutes</strong></span> <span class='ocrx_word' id='word_1_764' title='bbox 2565 3436 2579 3472; x_wconf 89' lang='lat'>:</span> <span class='ocrx_word' id='word_1_765' title='bbox 2611 3419 2732 3472; x_wconf 90' lang='lat' dir='ltr'><strong>item</strong></span> <span class='ocrx_word' id='word_1_766' title='bbox 2760 3418 2892 3472; x_wconf 88' lang='lat' dir='ltr'><strong>cinis</strong></span> <span class='ocrx_word' id='word_1_767' title='bbox 2918 3426 2970 3470; x_wconf 85' lang='lat' dir='ltr'><strong>et</strong></span> <span class='ocrx_word' id='word_1_768' title='bbox 3011 3417 3178 3486; x_wconf 86' lang='lat' dir='ltr'><strong>pulvis</strong></span> <span class='ocrx_word' id='word_1_769' title='bbox 3205 3433 3388 3470; x_wconf 88' lang='lat' dir='ltr'><strong>eorum</strong></span> <span class='ocrx_word' id='word_1_770' title='bbox 3414 3416 3614 3472; x_wconf 75' lang='lat' dir='ltr'><strong>dmino-</strong></span> 
     </span>
    </p>
   </div>
   <div class='ocr_carea' id='block_1_95' title="bbox 2042 3507 3616 3580">
    <p class='ocr_par' dir='ltr' id='par_1_95' title="bbox 2042 3507 3616 3580">
     <span class='ocr_line' id='line_1_95' title="bbox 2042 3507 3616 3580; baseline -0.002 -16"><span class='ocrx_word' id='word_1_771' title='bbox 2042 3527 2135 3566; x_wconf 89' lang='lat' dir='ltr'><strong>nas</strong></span> <span class='ocrx_word' id='word_1_772' title='bbox 2161 3512 2318 3576; x_wconf 88' lang='lat' dir='ltr'><strong>vicit,</strong></span> <span class='ocrx_word' id='word_1_773' title='bbox 2347 3520 2400 3564; x_wconf 84' lang='lat' dir='ltr'><strong>et</strong></span> <span class='ocrx_word' id='word_1_774' title='bbox 2442 3510 2662 3563; x_wconf 86' lang='lat' dir='ltr'><strong>amicula</strong></span> <span class='ocrx_word' id='word_1_775' title='bbox 2683 3551 2697 3570; x_wconf 86' lang='lat'><strong>,</strong></span> <span class='ocrx_word' id='word_1_776' title='bbox 2731 3525 2848 3580; x_wconf 74' lang='lat' dir='ltr'><strong>qua:</strong></span> <span class='ocrx_word' id='word_1_777' title='bbox 2887 3507 3095 3564; x_wconf 84' lang='lat' dir='ltr'><strong>illurqu</strong></span> <span class='ocrx_word' id='word_1_778' title='bbox 3124 3509 3456 3563; x_wconf 68' lang='lat' dir='ltr'><strong>adltmserant</strong></span> <span class='ocrx_word' id='word_1_779' title='bbox 3495 3525 3616 3562; x_wconf 73' lang='lat' dir='ltr'><strong>car-</strong></span> 
     </span>
    </p>
   </div>
   <div class='ocr_carea' id='block_1_96' title="bbox 2041 3597 3614 3670">
    <p class='ocr_par' dir='ltr' id='par_1_96' title="bbox 2041 3597 3614 3670">
     <span class='ocr_line' id='line_1_96' title="bbox 2041 3597 3614 3670; baseline -0.001 -18"><span class='ocrx_word' id='word_1_780' title='bbox 2041 3599 2287 3670; x_wconf 85' lang='lat' dir='ltr'><strong>poribus,</strong></span> <span class='ocrx_word' id='word_1_781' title='bbox 2332 3599 2546 3654; x_wconf 87' lang='lat' dir='ltr'><strong>morbos</strong></span> <span class='ocrx_word' id='word_1_782' title='bbox 2597 3597 2888 3666; x_wconf 71' lang='lat' dir='ltr'><strong>fugarunt,</strong></span> <span class='ocrx_word' id='word_1_783' title='bbox 2929 3599 3313 3666; x_wconf 82' lang='lat' dir='ltr'><strong>sanitatemque</strong></span> <span class='ocrx_word' id='word_1_784' title='bbox 3372 3597 3614 3651; x_wconf 81' lang='lat' dir='ltr'><strong>contule-</strong></span> 
     </span>
    </p>
   </div>
   <div class='ocr_carea' id='block_1_97' title="bbox 2039 3700 2180 3744">
    <p class='ocr_par' dir='ltr' id='par_1_97' title="bbox 2039 3700 2180 3744">
     <span class='ocr_line' id='line_1_97' title="bbox 2039 3700 2180 3744; baseline -0.014 0"><span class='ocrx_word' id='word_1_785' title='bbox 2039 3700 2180 3744; x_wconf 88' lang='lat' dir='ltr'><strong>runt.</strong></span> 
     </span>
    </p>
   </div>
   <div class='ocr_carea' id='block_1_98' title="bbox 2109 3767 3620 3848">
    <p class='ocr_par' dir='ltr' id='par_1_98' title="bbox 2109 3767 3620 3848">
     <span class='ocr_line' id='line_1_98' title="bbox 2109 3767 3620 3848; baseline -0.003 -15"><span class='ocrx_word' id='word_1_786' title='bbox 2109 3781 2160 3833; x_wconf 89' lang='lat'><strong>7.</strong></span> <span class='ocrx_word' id='word_1_787' title='bbox 2207 3767 2352 3834; x_wconf 81' lang='lat' dir='ltr'><strong>Unde</strong></span> <span class='ocrx_word' id='word_1_788' title='bbox 2372 3793 2635 3848; x_wconf 80' lang='lat' dir='ltr'><strong>corporum</strong></span> <span class='ocrx_word' id='word_1_789' title='bbox 2668 3777 2842 3831; x_wconf 78' lang='lat' dir='ltr'><strong>sordes</strong></span> <span class='ocrx_word' id='word_1_790' title='bbox 2879 3792 2937 3829; x_wconf 85' lang='lat' dir='ltr'><strong>ac</strong></span> <span class='ocrx_word' id='word_1_791' title='bbox 2977 3777 3179 3839; x_wconf 77' lang='lat' dir='ltr'><strong>vilitas;</strong></span> <span class='ocrx_word' id='word_1_792' title='bbox 3217 3773 3620 3846; x_wconf 55' lang='lat' dir='ltr'><strong>corruptibili!»</strong></span> 
     </span>
    </p>
   </div>
   <div class='ocr_carea' id='block_1_99' title="bbox 2037 3865 3618 3940">
    <p class='ocr_par' dir='ltr' id='par_1_99' title="bbox 2037 3865 3618 3940">
     <span class='ocr_line' id='line_1_99' title="bbox 2037 3865 3618 3940; baseline -0.002 -17"><span class='ocrx_word' id='word_1_793' title='bbox 2037 3871 2259 3940; x_wconf 84' lang='lat' dir='ltr'><strong>corporis</strong></span> <span class='ocrx_word' id='word_1_794' title='bbox 2282 3867 2404 3938; x_wconf 84' lang='lat' dir='ltr'><strong>quid</strong></span> <span class='ocrx_word' id='word_1_795' title='bbox 2433 3867 2608 3940; x_wconf 81' lang='lat' dir='ltr'><strong>prosit.</strong></span> <span class='ocrx_word' id='word_1_796' title='bbox 2633 3897 2702 3908; x_wconf 88' lang='lat'><strong>-</strong></span> <span class='ocrx_word' id='word_1_797' title='bbox 2722 3865 2860 3920; x_wconf 84' lang='lat' dir='ltr'><strong>Nihil</strong></span> <span class='ocrx_word' id='word_1_798' title='bbox 2889 3881 3014 3937; x_wconf 57' lang='lat' dir='ltr'><strong>ergo</strong></span> <span class='ocrx_word' id='word_1_799' title='bbox 3043 3865 3172 3920; x_wconf 86' lang='lat' dir='ltr'><strong>mihi</strong></span> <span class='ocrx_word' id='word_1_800' title='bbox 3197 3865 3262 3920; x_wconf 86' lang='lat' dir='ltr'><strong>de</strong></span> <span class='ocrx_word' id='word_1_801' title='bbox 3292 3866 3618 3935; x_wconf 74' lang='lat' dir='ltr'><strong>phlegmate,</strong></span> 
     </span>
    </p>
   </div>
   <div class='ocr_carea' id='block_1_100' title="bbox 2037 3955 3614 4026">
    <p class='ocr_par' dir='ltr' id='par_1_100' title="bbox 2037 3955 3614 4026">
     <span class='ocr_line' id='line_1_100' title="bbox 2037 3955 3614 4026; baseline -0.003 -12"><span class='ocrx_word' id='word_1_802' title='bbox 2037 3971 2088 4014; x_wconf 89' lang='lat' dir='ltr'><strong>et</strong></span> <span class='ocrx_word' id='word_1_803' title='bbox 2111 3959 2224 4023; x_wconf 88' lang='lat' dir='ltr'><strong>bili,</strong></span> <span class='ocrx_word' id='word_1_804' title='bbox 2248 3967 2300 4012; x_wconf 87' lang='lat' dir='ltr'><strong>et</strong></span> <span class='ocrx_word' id='word_1_805' title='bbox 2328 3957 2539 4022; x_wconf 90' lang='lat' dir='ltr'><strong>sudore,</strong></span> <span class='ocrx_word' id='word_1_806' title='bbox 2567 3965 2620 4011; x_wconf 87' lang='lat' dir='ltr'><strong>et</strong></span> <span class='ocrx_word' id='word_1_807' title='bbox 2645 3957 2912 4022; x_wconf 85' lang='lat' dir='ltr'><strong>sordibus,</strong></span> <span class='ocrx_word' id='word_1_808' title='bbox 2937 3965 3094 4026; x_wconf 85' lang='lat' dir='ltr'><strong>atque</strong></span> <span class='ocrx_word' id='word_1_809' title='bbox 3117 3957 3234 4011; x_wconf 85' lang='lat' dir='ltr'><strong>aliis</strong></span> <span class='ocrx_word' id='word_1_810' title='bbox 3258 3955 3473 4022; x_wconf 81' lang='lat' dir='ltr'><strong>dixeris,</strong></span> <span class='ocrx_word' id='word_1_811' title='bbox 3496 3972 3614 4026; x_wconf 76' lang='lat' dir='ltr'><strong>qua:</strong></span> 
     </span>
    </p>
   </div>
   <div class='ocr_carea' id='block_1_101' title="bbox 2038 4047 3622 4119">
    <p class='ocr_par' dir='ltr' id='par_1_101' title="bbox 2038 4047 3622 4119">
     <span class='ocr_line' id='line_1_101' title="bbox 2038 4047 3622 4119; baseline -0.001 -16"><span class='ocrx_word' id='word_1_812' title='bbox 2038 4049 2275 4119; x_wconf 86' lang='lat' dir='ltr'><strong>corporis</strong></span> <span class='ocrx_word' id='word_1_813' title='bbox 2300 4047 2630 4104; x_wconf 59' lang='lat' dir='ltr'><strong>accusaturos</strong></span> <span class='ocrx_word' id='word_1_814' title='bbox 2663 4057 2880 4102; x_wconf 71' lang='lat' dir='ltr'><strong>narrant</strong></span> <span class='ocrx_word' id='word_1_815' title='bbox 2911 4063 3125 4116; x_wconf 84' lang='lat' dir='ltr'><strong>:neque</strong></span> <span class='ocrx_word' id='word_1_816' title='bbox 3163 4049 3301 4103; x_wconf 88' lang='lat' dir='ltr'><strong>cnim</strong></span> <span class='ocrx_word' id='word_1_817' title='bbox 3332 4063 3397 4102; x_wconf 83' lang='lat' dir='ltr'><strong>ex</strong></span> <span class='ocrx_word' id='word_1_818' title='bbox 3431 4058 3622 4102; x_wconf 87' lang='lat' dir='ltr'><strong>natura-</strong></span> 
     </span>
    </p>
   </div>
   <div class='ocr_carea' id='block_1_102' title="bbox 2038 4138 3620 4210">
    <p class='ocr_par' dir='ltr' id='par_1_102' title="bbox 2038 4138 3620 4210">
     <span class='ocr_line' id='line_1_102' title="bbox 2038 4138 3620 4210; baseline -0.007 -14"><span class='ocrx_word' id='word_1_819' title='bbox 2038 4141 2276 4210; x_wconf 89' lang='lat' dir='ltr'><strong>c0rporis</strong></span> <span class='ocrx_word' id='word_1_820' title='bbox 2303 4140 2416 4194; x_wconf 71' lang='lat' dir='ltr'><strong>inec</strong></span> <span class='ocrx_word' id='word_1_821' title='bbox 2442 4140 2672 4204; x_wconf 80' lang='lat' dir='ltr'><strong>fuerunt,</strong></span> <span class='ocrx_word' id='word_1_822' title='bbox 2695 4139 2788 4192; x_wconf 87' lang='lat' dir='ltr'><strong>sed</strong></span> <span class='ocrx_word' id='word_1_823' title='bbox 2815 4154 2844 4190; x_wconf 93' lang='lat' dir='ltr'><strong>a</strong></span> <span class='ocrx_word' id='word_1_824' title='bbox 2868 4138 3155 4206; x_wconf 84' lang='lat' dir='ltr'><strong>posteriore</strong></span> <span class='ocrx_word' id='word_1_825' title='bbox 3177 4139 3510 4206; x_wconf 63' lang='lat' dir='ltr'><strong>corruptTone</strong></span> <span class='ocrx_word' id='word_1_826' title='bbox 3531 4138 3620 4190; x_wconf 79' lang='lat' dir='ltr'><strong>in-</strong></span> 
     </span>
    </p>
   </div>
   <div class='ocr_carea' id='block_1_103' title="bbox 2039 4228 3610 4298">
    <p class='ocr_par' dir='ltr' id='par_1_103' title="bbox 2039 4228 3610 4298">
     <span class='ocr_line' id='line_1_103' title="bbox 2039 4228 3610 4298; baseline -0.003 -13"><span class='ocrx_word' id='word_1_827' title='bbox 2039 4242 2186 4286; x_wconf 90' lang='lat' dir='ltr'><strong>vecta</strong></span> <span class='ocrx_word' id='word_1_828' title='bbox 2203 4240 2342 4284; x_wconf 88' lang='lat' dir='ltr'><strong>sunt.</strong></span> <span class='ocrx_word' id='word_1_829' title='bbox 2369 4230 2501 4284; x_wconf 90' lang='lat' dir='ltr'><strong>Nam</strong></span> <span class='ocrx_word' id='word_1_830' title='bbox 2527 4231 2572 4284; x_wconf 91' lang='lat' dir='ltr'><strong>si</strong></span> <span class='ocrx_word' id='word_1_831' title='bbox 2597 4232 2712 4298; x_wconf 83' lang='lat' dir='ltr'><strong>ejus</strong></span> <span class='ocrx_word' id='word_1_832' title='bbox 2729 4230 2974 4283; x_wconf 88' lang='lat' dir='ltr'><strong>virtutem</strong></span> <span class='ocrx_word' id='word_1_833' title='bbox 2998 4228 3269 4283; x_wconf 73' lang='lat' dir='ltr'><strong>addiscere</strong></span> <span class='ocrx_word' id='word_1_834' title='bbox 3296 4229 3457 4291; x_wconf 89' lang='lat' dir='ltr'><strong>voles,</strong></span> <span class='ocrx_word' id='word_1_835' title='bbox 3480 4243 3610 4282; x_wconf 90' lang='lat' dir='ltr'><strong>con-</strong></span> 
     </span>
    </p>
   </div>
   <div class='ocr_carea' id='block_1_104' title="bbox 2037 4320 3618 4389">
    <p class='ocr_par' dir='ltr' id='par_1_104' title="bbox 2037 4320 3618 4389">
     <span class='ocr_line' id='line_1_104' title="bbox 2037 4320 3618 4389; baseline -0.004 -12"><span class='ocrx_word' id='word_1_836' title='bbox 2037 4325 2209 4378; x_wconf 87' lang='lat' dir='ltr'><strong>sidera</strong></span> <span class='ocrx_word' id='word_1_837' title='bbox 2257 4323 2611 4376; x_wconf 89' lang='lat' dir='ltr'><strong>membrorum</strong></span> <span class='ocrx_word' id='word_1_838' title='bbox 2659 4323 2894 4375; x_wconf 90' lang='lat' dir='ltr'><strong>omnium</strong></span> <span class='ocrx_word' id='word_1_839' title='bbox 2935 4321 3297 4376; x_wconf 81' lang='lat' dir='ltr'><strong>formationem</strong></span> <span class='ocrx_word' id='word_1_840' title='bbox 3323 4361 3336 4384; x_wconf 93' lang='lat'><strong>,</strong></span> <span class='ocrx_word' id='word_1_841' title='bbox 3370 4320 3618 4389; x_wconf 75' lang='lat' dir='ltr'><strong>ﬁguram,</strong></span> 
     </span>
    </p>
   </div>
   <div class='ocr_carea' id='block_1_105' title="bbox 2037 4413 3616 4484">
    <p class='ocr_par' dir='ltr' id='par_1_105' title="bbox 2037 4413 3616 4484">
     <span class='ocr_line' id='line_1_105' title="bbox 2037 4413 3616 4484; baseline -0.003 -15"><span class='ocrx_word' id='word_1_842' title='bbox 2037 4415 2399 4484; x_wconf 79' lang='lat' dir='ltr'><strong>Operationes,</strong></span> <span class='ocrx_word' id='word_1_843' title='bbox 2445 4421 2783 4482; x_wconf 88' lang='lat' dir='ltr'><strong>mutuamque</strong></span> <span class='ocrx_word' id='word_1_844' title='bbox 2811 4413 3145 4468; x_wconf 87' lang='lat' dir='ltr'><strong>concordiam</strong></span> <span class='ocrx_word' id='word_1_845' title='bbox 3179 4431 3190 4465; x_wconf 92' lang='lat'><strong>:</strong></span> <span class='ocrx_word' id='word_1_846' title='bbox 3223 4423 3276 4468; x_wconf 90' lang='lat' dir='ltr'><strong>et</strong></span> <span class='ocrx_word' id='word_1_847' title='bbox 3317 4413 3616 4467; x_wconf 84' lang='lat' dir='ltr'><strong>accuratius</strong></span> 
     </span>
    </p>
   </div>
   <div class='ocr_carea' id='block_1_106' title="bbox 2037 4501 3616 4573">
    <p class='ocr_par' dir='ltr' id='par_1_106' title="bbox 2037 4501 3616 4573">
     <span class='ocr_line' id='line_1_106' title="bbox 2037 4501 3616 4573; baseline -0.001 -17"><span class='ocrx_word' id='word_1_848' title='bbox 2037 4505 2222 4573; x_wconf 87' lang='lat' dir='ltr'><strong>quavis</strong></span> <span class='ocrx_word' id='word_1_849' title='bbox 2241 4504 2450 4558; x_wconf 69' lang='lat' dir='ltr'><strong>civitate</strong></span> <span class='ocrx_word' id='word_1_850' title='bbox 2479 4503 2786 4571; x_wconf 87' lang='lat' dir='ltr'><strong>dispositam</strong></span> <span class='ocrx_word' id='word_1_851' title='bbox 2817 4503 3030 4570; x_wconf 83' lang='lat' dir='ltr'><strong>Optimis</strong></span> <span class='ocrx_word' id='word_1_852' title='bbox 3059 4501 3260 4572; x_wconf 82' lang='lat' dir='ltr'><strong>legibus</strong></span> <span class='ocrx_word' id='word_1_853' title='bbox 3285 4502 3570 4571; x_wconf 80' lang='lat' dir='ltr'><strong>gubernata</strong></span> <span class='ocrx_word' id='word_1_854' title='bbox 3593 4541 3616 4567; x_wconf 61' lang='grc' dir='ltr'><strong><em>γ</em></strong></span> 
     </span>
    </p>
   </div>
   <div class='ocr_carea' id='block_1_107' title="bbox 2035 4591 3612 4664">
    <p class='ocr_par' dir='ltr' id='par_1_107' title="bbox 2035 4591 3612 4664">
     <span class='ocr_line' id='line_1_107' title="bbox 2035 4591 3612 4664; baseline -0.005 -18"><span class='ocrx_word' id='word_1_855' title='bbox 2035 4609 2154 4664; x_wconf 75' lang='lat' dir='ltr'><strong>qua:</strong></span> <span class='ocrx_word' id='word_1_856' title='bbox 2185 4593 2389 4648; x_wconf 87' lang='lat' dir='ltr'><strong>nonnisi</strong></span> <span class='ocrx_word' id='word_1_857' title='bbox 2418 4593 2681 4660; x_wconf 87' lang='lat' dir='ltr'><strong>sapientes</strong></span> <span class='ocrx_word' id='word_1_858' title='bbox 2711 4591 2853 4645; x_wconf 87' lang='lat' dir='ltr'><strong>cives</strong></span> <span class='ocrx_word' id='word_1_859' title='bbox 2883 4591 3109 4656; x_wconf 88' lang='lat' dir='ltr'><strong>habeat,</strong></span> <span class='ocrx_word' id='word_1_860' title='bbox 3149 4591 3356 4646; x_wconf 88' lang='lat' dir='ltr'><strong>videbis-</strong></span> <span class='ocrx_word' id='word_1_861' title='bbox 3392 4591 3612 4660; x_wconf 64' lang='lat' dir='ltr'><strong>diligen—</strong></span> 
     </span>
    </p>
   </div>
   <div class='ocr_carea' id='block_1_108' title="bbox 2038 4681 3612 4738">
    <p class='ocr_par' dir='ltr' id='par_1_108' title="bbox 2038 4681 3612 4738">
     <span class='ocr_line' id='line_1_108' title="bbox 2038 4681 3612 4738; baseline -0.001 0"><span class='ocrx_word' id='word_1_862' title='bbox 2038 4693 2140 4738; x_wconf 91' lang='lat' dir='ltr'><strong>tem</strong></span> <span class='ocrx_word' id='word_1_863' title='bbox 2174 4683 2530 4737; x_wconf 87' lang='lat' dir='ltr'><strong>membrorqu</strong></span> <span class='ocrx_word' id='word_1_864' title='bbox 2567 4683 2702 4736; x_wconf 89' lang='lat' dir='ltr'><strong>inter</strong></span> <span class='ocrx_word' id='word_1_865' title='bbox 2726 4697 2782 4736; x_wconf 90' lang='lat' dir='ltr'><strong>se</strong></span> <span class='ocrx_word' id='word_1_866' title='bbox 2807 4681 3333 4735; x_wconf 73' lang='lat' dir='ltr'><strong>administrationem.</strong></span> <span class='ocrx_word' id='word_1_867' title='bbox 3366 4681 3454 4736; x_wconf 87' lang='lat' dir='ltr'><strong>Sin</strong></span> <span class='ocrx_word' id='word_1_868' title='bbox 3491 4698 3612 4736; x_wconf 90' lang='lat' dir='ltr'><strong>sur-</strong></span> 
     </span>
    </p>
   </div>
   <div class='ocr_carea' id='block_1_109' title="bbox 2035 4771 3614 4842">
    <p class='ocr_par' dir='ltr' id='par_1_109' title="bbox 2035 4771 3614 4842">
     <span class='ocr_line' id='line_1_109' title="bbox 2035 4771 3614 4842; baseline -0.003 -12"><span class='ocrx_word' id='word_1_869' title='bbox 2035 4789 2150 4830; x_wconf 91' lang='lat' dir='ltr'><strong>sum</strong></span> <span class='ocrx_word' id='word_1_870' title='bbox 2177 4773 2423 4829; x_wconf 90' lang='lat' dir='ltr'><strong>deorsum</strong></span> <span class='ocrx_word' id='word_1_871' title='bbox 2459 4772 2732 4842; x_wconf 88' lang='lat' dir='ltr'><strong>obiterque</strong></span> <span class='ocrx_word' id='word_1_872' title='bbox 2768 4772 2882 4825; x_wconf 75' lang='lat' dir='ltr'><strong>hmc</strong></span> <span class='ocrx_word' id='word_1_873' title='bbox 2909 4773 3272 4840; x_wconf 69' lang='lat' dir='ltr'><strong>praetercurris</strong></span> <span class='ocrx_word' id='word_1_874' title='bbox 3295 4813 3308 4836; x_wconf 90' lang='lat'><strong>,</strong></span> <span class='ocrx_word' id='word_1_875' title='bbox 3350 4781 3400 4825; x_wconf 92' lang='lat' dir='ltr'><strong>et</strong></span> <span class='ocrx_word' id='word_1_876' title='bbox 3425 4771 3614 4840; x_wconf 85' lang='lat' dir='ltr'><strong>objicis</strong></span> 
     </span>
    </p>
   </div>
   <div class='ocr_carea' id='block_1_110' title="bbox 2035 4865 3614 4935">
    <p class='ocr_par' dir='ltr' id='par_1_110' title="bbox 2035 4865 3614 4935">
     <span class='ocr_line' id='line_1_110' title="bbox 2035 4865 3614 4935; baseline -0.004 -13"><span class='ocrx_word' id='word_1_877' title='bbox 2035 4869 2199 4923; x_wconf 88' lang='lat' dir='ltr'><strong>solam</strong></span> <span class='ocrx_word' id='word_1_878' title='bbox 2244 4865 2732 4935; x_wconf 85' lang='lat' dir='ltr'><strong>corruptibilitatcm</strong></span> <span class='ocrx_word' id='word_1_879' title='bbox 2770 4875 2823 4918; x_wconf 88' lang='lat' dir='ltr'><strong>et</strong></span> <span class='ocrx_word' id='word_1_880' title='bbox 2853 4865 3250 4928; x_wconf 87' lang='lat' dir='ltr'><strong>mortalitatem,</strong></span> <span class='ocrx_word' id='word_1_881' title='bbox 3286 4879 3352 4918; x_wconf 85' lang='lat' dir='ltr'><strong>nc</strong></span> <span class='ocrx_word' id='word_1_882' title='bbox 3384 4865 3459 4918; x_wconf 81' lang='lat' dir='ltr'><strong>sic</strong></span> <span class='ocrx_word' id='word_1_883' title='bbox 3491 4867 3614 4934; x_wconf 85' lang='lat' dir='ltr'><strong>qui-</strong></span> 
     </span>
    </p>
   </div>
   <div class='ocr_carea' id='block_1_111' title="bbox 2036 4957 3618 5026">
    <p class='ocr_par' dir='ltr' id='par_1_111' title="bbox 2036 4957 3618 5026">
     <span class='ocr_line' id='line_1_111' title="bbox 2036 4957 3618 5026; baseline 0.001 -14"><span class='ocrx_word' id='word_1_884' title='bbox 2036 4961 2157 5015; x_wconf 89' lang='lat' dir='ltr'><strong>dem</strong></span> <span class='ocrx_word' id='word_1_885' title='bbox 2180 4959 2348 5014; x_wconf 88' lang='lat' dir='ltr'><strong>deerit</strong></span> <span class='ocrx_word' id='word_1_886' title='bbox 2374 4959 2524 5012; x_wconf 91' lang='lat' dir='ltr'><strong>nobis</strong></span> <span class='ocrx_word' id='word_1_887' title='bbox 2547 4959 2839 5026; x_wconf 88' lang='lat' dir='ltr'><strong>responsio.</strong></span> <span class='ocrx_word' id='word_1_888' title='bbox 2877 4957 3007 5011; x_wconf 86' lang='lat' dir='ltr'><strong>Nam</strong></span> <span class='ocrx_word' id='word_1_889' title='bbox 3042 4957 3182 5026; x_wconf 88' lang='lat' dir='ltr'><strong>quod</strong></span> <span class='ocrx_word' id='word_1_890' title='bbox 3219 4957 3342 5012; x_wconf 81' lang='lat' dir='ltr'><strong>hinc</strong></span> <span class='ocrx_word' id='word_1_891' title='bbox 3381 4957 3618 5013; x_wconf 86' lang='lat' dir='ltr'><strong>humano</strong></span> 
     </span>
    </p>
   </div>
   <div class='ocr_carea' id='block_1_112' title="bbox 2033 5047 3614 5122">
    <p class='ocr_par' dir='ltr' id='par_1_112' title="bbox 2033 5047 3614 5122">
     <span class='ocr_line' id='line_1_112' title="bbox 2033 5047 3614 5122; baseline -0.002 -16"><span class='ocrx_word' id='word_1_892' title='bbox 2033 5050 2215 5122; x_wconf 83' lang='lat' dir='ltr'><strong>generi</strong></span> <span class='ocrx_word' id='word_1_893' title='bbox 2243 5065 2345 5104; x_wconf 88' lang='lat' dir='ltr'><strong>non</strong></span> <span class='ocrx_word' id='word_1_894' title='bbox 2385 5049 2556 5104; x_wconf 89' lang='lat' dir='ltr'><strong>solum</strong></span> <span class='ocrx_word' id='word_1_895' title='bbox 2595 5049 2724 5104; x_wconf 87' lang='lat' dir='ltr'><strong>nihil</strong></span> <span class='ocrx_word' id='word_1_896' title='bbox 2768 5049 2976 5113; x_wconf 88' lang='lat' dir='ltr'><strong>damni,</strong></span> <span class='ocrx_word' id='word_1_897' title='bbox 3005 5047 3095 5102; x_wconf 90' lang='lat' dir='ltr'><strong>sed</strong></span> <span class='ocrx_word' id='word_1_898' title='bbox 3125 5047 3282 5102; x_wconf 83' lang='lat' dir='ltr'><strong>etiam</strong></span> <span class='ocrx_word' id='word_1_899' title='bbox 3329 5049 3614 5117; x_wconf 88' lang='lat' dir='ltr'><strong>plurimum</strong></span> 
     </span>
    </p>
   </div>
   <div class='ocr_carea' id='block_1_113' title="bbox 2035 5139 3614 5209">
    <p class='ocr_par' dir='ltr' id='par_1_113' title="bbox 2035 5139 3614 5209">
     <span class='ocr_line' id='line_1_113' title="bbox 2035 5139 3614 5209; baseline -0.001 -13"><span class='ocrx_word' id='word_1_900' title='bbox 2035 5140 2297 5196; x_wconf 88' lang='lat' dir='ltr'><strong>commodi</strong></span> <span class='ocrx_word' id='word_1_901' title='bbox 2326 5139 2630 5206; x_wconf 85' lang='lat' dir='ltr'><strong>accesserit,</strong></span> <span class='ocrx_word' id='word_1_902' title='bbox 2661 5139 2781 5194; x_wconf 90' lang='lat' dir='ltr'><strong>inde</strong></span> <span class='ocrx_word' id='word_1_903' title='bbox 2815 5139 2978 5209; x_wconf 90' lang='lat' dir='ltr'><strong>liquet</strong></span> <span class='ocrx_word' id='word_1_904' title='bbox 3009 5157 3020 5191; x_wconf 92' lang='lat'><strong>:</strong></span> <span class='ocrx_word' id='word_1_905' title='bbox 3052 5139 3220 5193; x_wconf 88' lang='lat' dir='ltr'><strong>sancti</strong></span> <span class='ocrx_word' id='word_1_906' title='bbox 3253 5141 3393 5192; x_wconf 87' lang='lat' dir='ltr'><strong>enim</strong></span> <span class='ocrx_word' id='word_1_907' title='bbox 3424 5155 3614 5193; x_wconf 85' lang='lat' dir='ltr'><strong>omnes</strong></span> 
     </span>
    </p>
   </div>
   <div class='ocr_carea' id='block_1_114' title="bbox 2035 5234 3610 5312">
    <p class='ocr_par' dir='ltr' id='par_1_114' title="bbox 2035 5234 3610 5312">
     <span class='ocr_line' id='line_1_114' title="bbox 2035 5234 3610 5312; baseline -0.001 -22"><span class='ocrx_word' id='word_1_908' title='bbox 2035 5237 2087 5290; x_wconf 90' lang='lat' dir='ltr'><strong>in</strong></span> <span class='ocrx_word' id='word_1_909' title='bbox 2117 5251 2340 5304; x_wconf 86' lang='lat' dir='ltr'><strong>corpore</strong></span> <span class='ocrx_word' id='word_1_910' title='bbox 2366 5235 2602 5288; x_wconf 86' lang='lat' dir='ltr'><strong>viventes</strong></span> <span class='ocrx_word' id='word_1_911' title='bbox 2626 5235 2919 5304; x_wconf 78' lang='lat' dir='ltr'><strong>angelicum</strong></span> <span class='ocrx_word' id='word_1_912' title='bbox 2959 5235 3250 5290; x_wconf 80' lang='lat' dir='ltr'><strong>exhibuere</strong></span> <span class='ocrx_word' id='word_1_913' title='bbox 3281 5234 3484 5312; x_wconf 80' lang='lat' dir='ltr'><strong>vivendi</strong></span> <span class='ocrx_word' id='word_1_914' title='bbox 3514 5251 3610 5305; x_wconf 84' lang='lat' dir='ltr'><strong>ge-</strong></span> 
     </span>
    </p>
   </div>
   <div class='ocr_carea' id='block_1_115' title="bbox 2034 5325 3612 5396">
    <p class='ocr_par' dir='ltr' id='par_1_115' title="bbox 2034 5325 3612 5396">
     <span class='ocr_line' id='line_1_115' title="bbox 2034 5325 3612 5396; baseline 0 -15"><span class='ocrx_word' id='word_1_915' title='bbox 2034 5342 2152 5390; x_wconf 90' lang='lat' dir='ltr'><strong>nus,</strong></span> <span class='ocrx_word' id='word_1_916' title='bbox 2183 5327 2489 5396; x_wconf 89' lang='lat' dir='ltr'><strong>nullumque</strong></span> <span class='ocrx_word' id='word_1_917' title='bbox 2527 5325 2649 5380; x_wconf 88' lang='lat' dir='ltr'><strong>hinc</strong></span> <span class='ocrx_word' id='word_1_918' title='bbox 2677 5327 2802 5394; x_wconf 91' lang='lat' dir='ltr'><strong>ipsis</strong></span> <span class='ocrx_word' id='word_1_919' title='bbox 2827 5325 2892 5381; x_wconf 89' lang='lat' dir='ltr'><strong>ad</strong></span> <span class='ocrx_word' id='word_1_920' title='bbox 2927 5326 3139 5381; x_wconf 89' lang='lat' dir='ltr'><strong>virtutis</strong></span> <span class='ocrx_word' id='word_1_921' title='bbox 3181 5343 3393 5380; x_wconf 89' lang='lat' dir='ltr'><strong>cursum</strong></span> <span class='ocrx_word' id='word_1_922' title='bbox 3422 5328 3612 5382; x_wconf 87' lang='lat' dir='ltr'><strong>accidit</strong></span> 
     </span>
    </p>
   </div>
   <div class='ocr_carea' id='block_1_116' title="bbox 2033 5417 3608 5488">
    <p class='ocr_par' dir='ltr' id='par_1_116' title="bbox 2033 5417 3608 5488">
     <span class='ocr_line' id='line_1_116' title="bbox 2033 5417 3608 5488; baseline -0.002 -15"><span class='ocrx_word' id='word_1_923' title='bbox 2033 5419 2424 5474; x_wconf 77' lang='lat' dir='ltr'><strong>detrimentum.</strong></span> <span class='ocrx_word' id='word_1_924' title='bbox 2457 5417 2526 5472; x_wconf 90' lang='lat' dir='ltr'><strong>lis</strong></span> <span class='ocrx_word' id='word_1_925' title='bbox 2573 5433 2700 5474; x_wconf 87' lang='lat' dir='ltr'><strong>vero</strong></span> <span class='ocrx_word' id='word_1_926' title='bbox 2747 5419 2834 5487; x_wconf 91' lang='lat' dir='ltr'><strong>qui</strong></span> <span class='ocrx_word' id='word_1_927' title='bbox 2874 5419 2940 5472; x_wconf 90' lang='lat' dir='ltr'><strong>ad</strong></span> <span class='ocrx_word' id='word_1_928' title='bbox 2992 5419 3314 5486; x_wconf 86' lang='lat' dir='ltr'><strong>impietatem</strong></span> <span class='ocrx_word' id='word_1_929' title='bbox 3363 5418 3608 5488; x_wconf 86' lang='lat' dir='ltr'><strong>propensi</strong></span> 
     </span>
    </p>
   </div>
   <div class='ocr_carea' id='block_1_117' title="bbox 2032 5508 3607 5578">
    <p class='ocr_par' dir='ltr' id='par_1_117' title="bbox 2032 5508 3607 5578">
     <span class='ocr_line' id='line_1_117' title="bbox 2032 5508 3607 5578; baseline -0.003 -15"><span class='ocrx_word' id='word_1_930' title='bbox 2032 5518 2214 5574; x_wconf 89' lang='lat' dir='ltr'><strong>crant,</strong></span> <span class='ocrx_word' id='word_1_931' title='bbox 2259 5525 2362 5562; x_wconf 89' lang='lat' dir='ltr'><strong>non</strong></span> <span class='ocrx_word' id='word_1_932' title='bbox 2393 5523 2572 5577; x_wconf 86' lang='lat' dir='ltr'><strong>parum</strong></span> <span class='ocrx_word' id='word_1_933' title='bbox 2610 5509 2987 5578; x_wconf 84' lang='lat' dir='ltr'><strong>impedimento</strong></span> <span class='ocrx_word' id='word_1_934' title='bbox 3021 5508 3116 5562; x_wconf 80' lang='lat' dir='ltr'><strong>fuit</strong></span> <span class='ocrx_word' id='word_1_935' title='bbox 3149 5510 3388 5576; x_wconf 89' lang='lat' dir='ltr'><strong>corporis</strong></span> <span class='ocrx_word' id='word_1_936' title='bbox 3423 5524 3607 5562; x_wconf 81' lang='lat' dir='ltr'><strong>corru-</strong></span> 
     </span>
    </p>
   </div>
   <div class='ocr_carea' id='block_1_118' title="bbox 2031 5595 3604 5670">
    <p class='ocr_par' dir='ltr' id='par_1_118' title="bbox 2031 5595 3604 5670">
     <span class='ocr_line' id='line_1_118' title="bbox 2031 5595 3604 5670; baseline -0.001 -17"><span class='ocrx_word' id='word_1_937' title='bbox 2031 5601 2178 5670; x_wconf 88' lang='lat' dir='ltr'><strong>ptio,</strong></span> <span class='ocrx_word' id='word_1_938' title='bbox 2213 5617 2278 5654; x_wconf 89' lang='lat' dir='ltr'><strong>ne</strong></span> <span class='ocrx_word' id='word_1_939' title='bbox 2311 5599 2517 5668; x_wconf 79' lang='lat' dir='ltr'><strong>longius</strong></span> <span class='ocrx_word' id='word_1_940' title='bbox 2541 5613 2635 5668; x_wconf 87' lang='lat' dir='ltr'><strong>per</strong></span> <span class='ocrx_word' id='word_1_941' title='bbox 2661 5600 2990 5670; x_wconf 89' lang='lat' dir='ltr'><strong>iniquitatem</strong></span> <span class='ocrx_word' id='word_1_942' title='bbox 3031 5614 3182 5653; x_wconf 88' lang='lat' dir='ltr'><strong>suam</strong></span> <span class='ocrx_word' id='word_1_943' title='bbox 3214 5595 3604 5669; x_wconf 65' lang='lat' dir='ltr'><strong>progrederetu-</strong></span> 
     </span>
    </p>
   </div>
   <div class='ocr_carea' id='block_1_119' title="bbox 2036 5691 3607 5762">
    <p class='ocr_par' dir='ltr' id='par_1_119' title="bbox 2036 5691 3607 5762">
     <span class='ocr_line' id='line_1_119' title="bbox 2036 5691 3607 5762; baseline -0.002 -16"><span class='ocrx_word' id='word_1_944' title='bbox 2036 5705 2138 5748; x_wconf 90' lang='lat' dir='ltr'><strong>Iur.</strong></span> <span class='ocrx_word' id='word_1_945' title='bbox 2171 5693 2301 5748; x_wconf 90' lang='lat' dir='ltr'><strong>Cum</strong></span> <span class='ocrx_word' id='word_1_946' title='bbox 2347 5691 2484 5748; x_wconf 85' lang='lat' dir='ltr'><strong>enim</strong></span> <span class='ocrx_word' id='word_1_947' title='bbox 2524 5691 2767 5750; x_wconf 86' lang='lat' dir='ltr'><strong>homines</strong></span> <span class='ocrx_word' id='word_1_948' title='bbox 2805 5691 3082 5762; x_wconf 88' lang='lat' dir='ltr'><strong>nonnulli,</strong></span> <span class='ocrx_word' id='word_1_949' title='bbox 3115 5691 3274 5746; x_wconf 89' lang='lat' dir='ltr'><strong>etiam</strong></span> <span class='ocrx_word' id='word_1_950' title='bbox 3312 5691 3520 5746; x_wconf 85' lang='lat' dir='ltr'><strong>mortali</strong></span> <span class='ocrx_word' id='word_1_951' title='bbox 3555 5699 3607 5745; x_wconf 82' lang='lat' dir='ltr'><strong>et</strong></span> 
     </span>
    </p>
   </div>
  </div>
