4038 6204
287 328 396 388 ηρ
1127 327 1136 333 ·
1333 312 1423 367 DE
1454 310 2028 368 RESURRECTIONE
2069 309 2521 381 nonruonu-u.
3466 315 3571 373 43a

288 440 495 515 patibili
535 441 637 491 hoc
676 431 994 502 corpusculo
1022 428 1370 493 circumdati,
1419 429 1650 498 :equales
1678 443 1736 483 se
1769 428 1880 483 Deo

291 551 411 592 esse
436 531 536 586 sibi
569 529 669 582 visi
699 528 825 591 sint,
856 533 910 579 et
934 523 997 577 ad
1027 522 1183 577 talem
1209 522 1429 592 gloriam
1456 521 1553 575 sibi
1575 519 1882 575 adscriben-

294 628 421 681 dam
449 622 610 686 umlta
645 617 813 672 moliti
833 616 958 677 sint,
975 629 1108 684 quos
1132 629 1234 667 non
1255 628 1319 668 ex
1347 611 1709 666 stolidioribus
1729 611 1886 665 dece-

303 689 587 787 pissent,.si
614 727 722 764 non
744 707 975 778 passioni
996 705 1429 774 corruptionique
1454 704 1740 757 obnoxium
1763 717 1884 757 cor-

306 826 434 878 pus,
466 815 646 874 utpote
671 813 874 857 certum
910 798 1231 853 inﬁrmitatis
1258 813 1366 852 sum
1391 796 1664 858 indicium,
1714 795 1886 849 sortiti

306 899 518 952 fuissent
537 897 560 949 3
581 895 717 961 Quia
740 905 869 961 ergo
889 905 1083 960 corpus
1101 889 1279 943 obstat
1305 888 1578 958 impietati,
1605 903 1722 957 qua:
1743 903 1888 941 sum-

298 1007 377 1045 ma
405 1001 491 1045 est
513 988 738 1052 malitia,
767 996 821 1040 et
849 987 900 1038 in
921 983 1120 1038 sanctis
1160 983 1344 1049 efﬁcit,
1371 992 1428 1036 ut
1461 981 1655 1035 anima:
1681 979 1890 1034 fortitu-

293 1084 482 1137 dinem
523 1078 794 1133 declarent
827 1092 841 1129 :
870 1089 1026 1144 quam
1061 1074 1267 1127 veniam
1297 1081 1690 1142 consequentur
1715 1072 1770 1136 ii,
1798 1071 1887 1139 qui

294 1176 471 1243 ipsum
502 1178 786 1232 accusant,
837 1177 891 1222 et
920 1166 1115 1220 malum
1145 1164 1411 1218 clamant?
1450 1163 1562 1217 Non
1599 1163 1739 1215 enim
1776 1163 1891 1215 haec

293 1267 471 1318 solum
523 1262 677 1316 nobis
720 1259 786 1314 de
833 1257 924 1312 illo
951 1255 1172 1311 dicenda
1218 1263 1535 1324 suppetunt;
1584 1253 1676 1308 sed
1729 1253 1888 1307 etiam

299 1356 439 1425 quod
471 1354 598 1408 hinc
627 1351 779 1406 nobis
828 1349 893 1403 ad
939 1348 1031 1403 Dei
1077 1348 1316 1402 notitiam
1349 1356 1491 1416 patet
1519 1347 1623 1400 via.
1663 1346 1718 1401 Si
1747 1346 1889 1400 enim

300 1444 588 1499 invisibilia
621 1442 736 1511 ejus
763 1455 794 1494 a
833 1438 1136 1494 conditione
1161 1433 1356 1491 ‘mundi
1384 1437 1433 1490 in
1465 1434 1683 1491 facturis
1713 1432 1891 1491 consi-

305 1535 515 1592 derata,
537 1523 951 1596 conspiciuntur
973 1523 1147 1592 (Rom.
1168 1524 1219 1576 1.
1248 1523 1340 1593 20)
1369 1536 1422 1579 et
1448 1525 1579 1580 ﬁdes
1601 1541 1668 1581 ex
1690 1526 1877 1580 auditu

306 1634 389 1678 est
412 1622 596 1692 (Rom.
617 1619 703 1673 10.
729 1616 840 1686 17),
863 1615 996 1669 satis
1017 1614 1387 1682 manifestum,
1407 1617 1552 1685 quod
1575 1631 1669 1685 per
1691 1620 1878 1673 oculos

307 1726 360 1770 et
379 1729 546 1769 aures
566 1710 959 1766 manuducitur
979 1709 1183 1769 anima,
1211 1717 1268 1760 ut
1292 1718 1551 1778 agnoscit
1568 1709 1760 1772 Deum,
1785 1711 1880 1779 qui

308 1809 457 1860 illam
483 1803 632 1858 fecit.
663 1801 877 1856 Idcirco
907 1801 1048 1853 istuc
1083 1799 1256 1867 ipsum
1291 1799 1492 1852 Paulus
1517 1811 1663 1852 amat
1691 1809 1743 1854 et
1766 1803 1881 1854 cla-

316 1907 447 1959 mat,
475 1896 659 1948 dicens
685 1893 831 1961 quod
856 1889 1118 1942 Nolumus
1147 1890 1279 1941 illud
1301 1894 1443 1954 exui,
1462 1892 1549 1942 sed
1571 1892 1880 1959 superindui

312 1991 416 2051 ipsi
437 1987 892 2040 immortalitate»:
922 1984 995 2044 (2.
1032 1981 1154 2036 Cor.
1189 1983 1243 2036 5.
1272 1982 1350 2050 ιι).

384 2075 788 2128 ttesurrccnonis
811 2075 989 2128 ueritas
1019 2075 1276 2144 probatur.
1301 2103 1369 2113 —
1391 2074 1570 2145 Neque
1609 2089 1734 2131 vero
1765 2077 1892 2131 mihi

313 2164 448 2218 illud
482 2165 718 2232 objicias,
747 2180 845 2234 quo
873 2167 1040 2235 possit
1065 2167 1224 2222 modo
1249 2183 1524 2237 resurgere
1552 2183 1765 2239 corpus,
1794 2170 1890 2224 ﬁe-

308 2256 465 2324 rique
497 2257 849 2324 corruptionis
878 2257 1150 2313 imumne?
1187 2259 1315 2314 Cum
1362 2259 1505 2315 enim
1537 2259 1629 2315 Dei
1662 2262 1893 2331 potentia

305 2357 588 2414 operatur,
619 2347 782 2414 illud,
829 2349 1142 2417 Quomodo,
1191 2366 1294 2406 non
1322 2361 1402 2406 est
1425 2351 1746 2407 addendum.
1789 2353 1892 2408 Sed

306 2439 430 2506 quid
457 2439 528 2493 de
562 2439 670 2493 Deo
697 2439 924 2510 loquor?
953 2441 1202 2512 Teipsum
1233 2442 1356 2498 fecit
1386 2445 1542 2511 Deus,
1573 2455 1627 2500 ut
1655 2461 1895 2501 resurre-

307 2531 499 2583 ctionis
519 2545 668 2585 esses
693 2533 892 2601 epifex,
925 2533 976 2587 id
1004 2534 1144 2603 quod
1169 2544 1313 2605 patet
1335 2535 1385 2589 in
1417 2537 1727 2603 seminibus,
1760 2539 1891 2592 arti-

307 2621 438 2685 bus,
489 2623 830 2692 materiisque
878 2626 1231 2679 metallorum.
1282 2625 1490 2680 Etenim
1537 2628 1739 2682 semina
1792 2629 1891 2682 nisi

307 2715 458 2783 prius
491 2715 784 2769 moriantur
810 2725 865 2769 et
891 2727 1198 2787 putrescant
1238 2727 1291 2772 et
1320 2733 1746 2798 corrumpantur,
1790 2737 1894 2776 non

305 2807 529 2874 pariunt
566 2809 787 2876 spicam.
838 2809 987 2865 Sicut
1024 2811 1181 2880 igitur
1225 2813 1312 2882 qui
1363 2813 1513 2867 vides
1559 2814 1629 2868 ibi
1673 2830 1895 2884 granum

303 2897 452 2966 quod
479 2901 837 2970 corrumpitur
861 2912 914 2957 et
931 2902 1255 2968 dissolvitur,
1275 2920 1378 2958 non
1401 2906 1611 2962 dubitas
1632 2908 1698 2962 de
1719 2923 1898 2964 resur-

306 2988 570 3047 rectione.
596 2989 690 3043 sed
720 2993 1070 3047 certissimam
1091 2993 1599 3051 demonstrationem
1619 2997 1746 3053 facis
1779 3009 1898 3055 :et-

305 3080 450 3132 enim
474 3081 522 3133 si
543 3080 617 3133 ita
643 3093 901 3148 maneret,
925 3092 1103 3137 etnon
1124 3096 1570 3155 corrumperetur,
1599 3089 1682 3142 vel
1703 3088 1896 3144 dissol-

306 3179 545 3234 veretur,
563 3181 764 3226 eertum
787 3173 926 3242 quod
950 3190 1234 3244 numquam
1264 3189 1561 3248 resurgeret
1585 3193 1598 3231 :
1630 3179 1707 3233 sic
1726 3181 1895 3250 cogita

306 3273 361 3315 et
381 3261 448 3316 de
468 3277 700 3332 corpore
722 3274 809 3319 tuo
839 3282 853 3318 :
885 3281 1005 3321 cum
1031 3267 1180 3323 vides
1200 3271 1619 3339 corruptionem.
1648 3280 1772 3326 tunc
1798 3289 1897 3342 po-

310 3356 577 3410 tissimum
624 3357 693 3410 de
738 3361 1130 3414 resurrectione
1168 3361 1560 3432 phi|050phare.
1591 3363 1724 3417 Nam
1755 3379 1899 3420 mors

309 3445 447 3499 nihil
474 3447 614 3502 aliud
639 3457 725 3503 est
743 3491 757 3514 ,
791 3465 947 3519 quam
972 3450 1124 3520 plena
1149 3454 1500 3524 corruptionis
1525 3457 1896 3527 consumptio:

310 3554 490 3608 neque
511 3542 654 3596 enim
685 3557 831 3596 mors
874 3543 1187 3613 simpliciter
1212 3561 1432 3617 corpus,
1463 3548 1558 3604 sed
1599 3553 1900 3620 corrunptio-

311 3649 437 3687 nem
466 3637 712 3705 corporis
737 3635 986 3690 absumit.
1016 3638 1128 3694 Hoc
1155 3640 1314 3695 etiam
1357 3641 1407 3694 in
1434 3642 1768 3698 metallorum
1792 3660 1902 3698 ma-

314 3725 468 3777 teriis
483 3725 631 3779 vides
653 3727 888 3780 evenire.
913 3727 1133 3782 Terram
1157 3729 1296 3783 enim
1318 3731 1494 3785 aureis
1517 3734 1773 3786 ramentis
1799 3733 1904 3803 ple-

314 3831 441 3868 nam
465 3818 730 3886 accipiunt
751 3818 866 3888 ejus
885 3822 1015 3874 artis
1042 3822 1218 3889 periti,
1245 3832 1298 3878 et
1319 3823 1370 3876 in
1394 3823 1760 3880 conflatorium
1783 3827 1905 3881 mit-

316 3915 506 3959 tentes
549 3907 740 3962 faeiunt
779 3926 965 3964 aurum
1003 3927 1017 3964 :
1051 3921 1103 3966 et
1131 3928 1197 3967 ex
1227 3928 1387 3968 arena
1428 3915 1636 3984 aliaque
1682 3921 1902 3974 materia

326 4011 530 4063 parum
557 3998 742 4052 vitrum
766 4002 1067 4058 conﬁciunt.
1099 4004 1214 4058 Jam
1260 4006 1304 4059 si
1331 4015 1529 4062 tantum
1571 4019 1745 4078 potest
1771 4011 1907 4082 ignis

324 4088 435 4151 vis,
472 4101 584 4152 cur,
613 4104 802 4160 qumso,
829 4109 936 4148 non
968 4105 1016 4150 et
1046 4096 1221 4150 divina
1247 4099 1452 4168 gratia?
1479 4101 1542 4154 Et
1571 4102 1689 4171 quis
1716 4104 1908 4158 mentis

317 4195 550 4250 compos
579 4180 690 4237 haec
716 4184 962 4241 diceret?
1005 4188 1183 4259 Cogita
1213 4192 1482 4258 quomodo
1515 4202 1564 4248 te
1590 4209 1617 4248 a
1649 4195 1908 4264 principio

319 4271 470 4336 fecit,
497 4288 593 4328 nec
622 4276 723 4330 erit
750 4278 889 4346 quod
917 4279 984 4335 de
1018 4283 1407 4338 restirrectione
1435 4286 1689 4357 ambigas.
1721 4287 1909 4343 Nonne

323 4375 522 4419 terram
549 4369 775 4438 accepit,
808 4379 862 4426 et
905 4370 1193 4429 formavit?
1222 4377 1428 4430 tametsi
1459 4378 1584 4448 quid
1611 4381 1908 4448 operosius,

318 4475 389 4512 an
415 4461 635 4515 formari
657 4472 848 4519 eterra
875 4481 1086 4522 carnem
1113 4479 1167 4524 et
1191 4487 1371 4536 venas,
1395 4484 1446 4527 et
1472 4483 1668 4536 cutem,
1692 4483 1747 4528 et
1766 4489 1913 4543 ossa,

323 4561 382 4604 et
415 4551 600 4620 ﬁbras,
629 4564 684 4609 et
715 4571 928 4625 nervos,
959 4569 1012 4614 et
1040 4563 1286 4626 arterias,
1317 4574 1369 4618 et
1397 4565 1837 4633 instrumentalia,
1861 4577 1915 4622 et

321 4643 589 4713 simplicia
619 4661 842 4716 corpora
859 4690 874 4715 ,
902 4651 1084 4706 oculos
1107 4695 1122 4720 ,
1151 4669 1307 4710 aures
1327 4697 1340 4719 ,
1367 4671 1522 4712 nares
1547 4698 1560 4719 ,
1585 4657 1769 4727 pedes,
1804 4675 1918 4712 ma-

325 4749 449 4799 nus,
484 4745 538 4790 et
565 4738 756 4808 cuique
797 4740 984 4796 horum
1034 4753 1138 4800 tam
1174 4747 1439 4816 propriam
1476 4764 1632 4818 quam
1670 4765 1914 4804 comnm-

323 4840 450 4880 nem
484 4827 591 4882 indi
624 4833 1010 4902 operationem,
1042 4850 1108 4891 an
1147 4841 1504 4908 corruptibilia
1537 4841 1672 4897 facta
1703 4843 1916 4901 efﬁcere

323 4917 792 4988 incorruptibilia?
816 4926 1008 4981 Annon
1034 4928 1182 4984 vides
1203 4931 1470 5000 quomodo
1496 4933 1773 4990 uniformis
1802 4937 1918 5006 qui-

324 5007 450 5061 dem
473 5017 634 5076 terra,
651 5029 846 5085 corpus
862 5027 1038 5073 autem
1069 5021 1388 5077 multiforme
1409 5032 1464 5078 et
1484 5025 1708 5092 varium,
1727 5043 1919 5098 nempe

327 5100 384 5152 in
419 5104 842 5172 operationibus.
871 5110 1138 5166 coloribus
1158 5141 1176 5177 -,
1218 5112 1532 5183 ﬁguratione
1552 5157 1566 5182 ,
1597 5119 1841 5174 essentiis
1867 5129 1922 5174 et

324 5190 451 5243 aliis
478 5195 764 5251 omnibus?
788 5198 884 5254 Dic
914 5201 1074 5270 igitur
1099 5204 1223 5274 quid
1255 5205 1326 5260 ita
1354 5206 1421 5262 de
1459 5207 1651 5265 futuris
1679 5211 1922 5267 dubitas?

331 5284 552 5354 thnid
595 5305 729 5360 opus
763 5302 846 5348 est
883 5293 1061 5350 dicere
1101 5297 1168 5352 de
1214 5301 1563 5370 corporibus?
1610 5303 1920 5371 Quomodo,

325 5393 540 5447 quaeso,
565 5382 689 5438 fecit
718 5385 939 5444 virtutes
978 5390 1285 5458 immensas,
1324 5402 1525 5450 turmas
1551 5396 1794 5452 cmlestes
1823 5412 1922 5450 an-

326 5472 582 5539 gelorum
601 5485 656 5530 et
681 5479 1146 5551 archangelorum,
1175 5485 1558 5556 superioraque
1581 5488 1660 5542 his
1689 5490 1924 5560 agmina?

332 5564 432 5619 Dic
453 5607 470 5629 ,
506 5580 634 5633 oro,
667 5570 884 5626 modum
905 5613 919 5636 ,
951 5589 1058 5644 quo
1089 5574 1231 5630 fecit.
1264 5575 1360 5633 llic
1399 5578 1526 5634 nihil
1578 5578 1757 5636 dicere
1784 5581 1923 5636 aliud

330 5676 561 5730 possum
583 5703 604 5732 ,
640 5681 797 5735 quam
824 5668 965 5738 quod
991 5670 1104 5724 sola
1133 5671 1377 5727 voluntas
1402 5673 1467 5728 ad
1499 5673 1612 5728 hac
1636 5673 1918 5729 suffecerit.

337 5753 556 5824 E'ZOHC
584 5756 672 5828 qui
703 5766 780 5814 tot
822 5759 1166 5833 incorporcos
1197 5765 1440 5821 formavit
1475 5766 1769 5831 exercitus,
1820 5765 1917 5822 ho-

1994 427 2151 482 minis
2178 441 2374 496 corpus
2399 434 2707 494 corruptum
2733 427 2992 481 renovare
3029 422 3219 482 iterun:
3242 464 3258 494 ,
3293 435 3348 482 et
3376 426 3426 480 in
3453 442 3568 481 nia-

1987 520 2160 591 jorem
2189 518 2482 592 provehere
2522 517 2830 588 dignitatem
2865 519 3085 589 nequit?
3130 519 3195 573 Et
3232 534 3352 589 quts
3389 519 3468 574 sic
3492 521 3571 573 in-

1991 622 2235 667 sensatus
2271 621 2384 677 est,
2435 611 2523 680 qui
2551 611 2618 666 de
2661 610 2743 666 his
2773 611 2997 677 dubitet,
3047 621 3100 666 et
3129 612 3571 667 resurrectionem

1994 704 2108 759 fore
2134 704 2335 758 inﬁcias
2355 705 2475 758 eat?
2500 704 2580 756 Ad
2604 703 2736 768 haec,
2765 704 2808 757 si
2842 719 2946 758 non
2969 705 3194 774 resurgit
3225 719 3437 774 corpus,
3468 718 3569 756 non

1994 795 2222 864 resurgit
2248 795 2406 849 homo
2433 811 2446 847 :
2478 794 2638 848 homo
2664 795 2805 849 enim
2849 811 2953 848 non
2983 805 3064 849 est
3102 796 3276 850 anima
3312 795 3444 860 sola,
3481 794 3574 849 sed

1993 901 2186 956 corpus
2213 896 2267 940 et
2292 887 2484 940 anima.
2515 886 2570 941 Si
2599 901 2725 956 ergo
2752 887 2925 940 anima
2965 887 3074 939 sola
3119 897 3381 956 resurget,
3415 886 3577 941 dimi~

1994 976 2139 1030 dium
2161 977 2357 1031 animal
2383 985 2641 1046 resurget,
2665 986 2719 1030 et
2740 977 2807 1030 ita
2841 992 2943 1030 non
2967 977 3225 1046 integrum
3252 993 3267 1040 ;
3291 978 3421 1032 alias
3447 992 3576 1031 vero
3651 1038 3668 1053 l

1994 1067 2061 1122 de
2089 1067 2264 1120 anima
2286 1081 2389 1120 non
2413 1067 2627 1136 pr0prie
2653 1067 2846 1121 dicitur
2862 1068 3200 1122 resurrectio.
3235 1067 3578 1123 Resurreetio

1995 1159 2136 1213 enim
2175 1158 2292 1227 ejus
2313 1167 2394 1212 cst
2416 1158 2557 1228 quod
2602 1159 2827 1222 cecidit,
2858 1169 2912 1214 et
2940 1159 3079 1230 quod
3108 1159 3418 1213 dissolutum
3442 1170 3524 1215 est
3559 1177 3572 1212 :

1995 1252 2170 1306 anima
2193 1262 2366 1306 autem
2403 1268 2507 1306 non
2537 1252 2865 1315 dissolvitur,
2905 1252 2998 1305 sed
3027 1266 3239 1321 corpus.
3269 1252 3406 1319 Quid
3449 1269 3577 1321 ergo

1996 1344 2047 1399 id
2072 1353 2173 1408 est,
2201 1344 2339 1414 quod
2363 1347 2438 1400 ait
2466 1362 2478 1397 :
2509 1344 2568 1399 Si
2589 1345 2783 1413 quidem
2810 1356 2857 1398 et
2878 1346 3058 1411 induti,
3083 1362 3182 1399 non
3210 1345 3334 1398 nudi
3348 1346 3574 1399 invenia-

1996 1453 2109 1490 mur
2135 1437 2209 1507 (2.
2227 1435 2343 1490 Cor.
2365 1438 2419 1492 5.
2439 1437 2494 1507 5)
2511 1438 2534 1490 ?
2552 1438 2953 1492 Sacramentum
2975 1453 3222 1506 magnum
3245 1447 3296 1490 et
3314 1437 3578 1492 inell‘abile

1998 1528 2149 1582 nobis
2174 1528 2242 1582 ibi
2285 1528 2646 1583 adumbratur.
2688 1529 2854 1596 Quale
2881 1539 3056 1583 autem
3103 1528 3251 1583 hoc?
3285 1528 3486 1598 Nempe
3526 1529 3577 1583 id

1996 1617 2136 1687 quod
2165 1628 2217 1672 et
2245 1618 2294 1672 in
2327 1617 2559 1687 Epistola
2588 1618 2652 1674 ad
2679 1617 2983 1674 Corinthios
3011 1619 3140 1673 dicit
3185 1636 3198 1673 :
3240 1618 3426 1674 Omnes
3461 1621 3577 1690 qui-

1997 1708 2107 1760 dem
2145 1724 2458 1776 resurgemus
2477 1748 2493 1773 ,
2532 1709 2874 1778 unusquisque
2897 1718 3064 1762 autem
3085 1710 3138 1762 in
3161 1725 3254 1763 suo
3279 1709 3455 1764 ordine
3480 1712 3498 1776 (
3519 1709 3568 1762 1.

1997 1801 2112 1855 Cor.
2141 1803 2228 1856 15.
2261 1802 2351 1856 22.
2377 1801 2506 1874 23).
2549 1801 2682 1870 Quid
2710 1811 2886 1858 autem
2913 1811 3022 1867 est,
3052 1802 3191 1872 quod
3224 1802 3309 1856 hic
3349 1802 3582 1856 dicitur?

1997 1892 2109 1947 Hoc
2136 1893 2400 1960 videlicet,
2431 1894 2572 1963 quod
2595 1893 2833 1960 Graecus,
2862 1903 2913 1948 et
2933 1893 3167 1958 Judaeus,
3202 1903 3254 1948 ct
3276 1892 3581 1957 hmreticus,

1996 1993 2050 2038 et
2079 1986 2250 2038 omnis
2281 1985 2460 2050 homo,
2491 1987 2579 2054 qui
2607 1985 2748 2039 venit
2797 1983 2848 2038 in
2881 1985 3022 2039 hunc
3050 1985 3302 2038 mundum
3330 2025 3346 2050 ,
3399 1983 3450 2037 in
3492 1983 3582 2038 illo

1997 2074 2084 2130 die
2106 2085 2344 2146 resurget
2371 2092 2385 2127 :
2417 2085 2471 2130 et
2498 2077 2598 2130 hoc
2624 2077 2794 2145 ipsum
2838 2075 3107 2140 declarat,
3135 2075 3318 2130 dicens
3347 2092 3363 2128 :
3393 2074 3580 2130 Omnes

1997 2167 2195 2238 quidem
2221 2184 2321 2221 non
2344 2168 2664 2233 dormiamus,
2715 2185 2888 2222 omnes
2907 2177 3074 2222 autem
3099 2167 3494 2232 immutabimur,
3526 2169 3581 2220 in

1999 2270 2248 2314 momento
2268 2301 2282 2325 ,
2311 2261 2363 2313 in
2387 2260 2490 2313 ictu
2510 2259 2644 2314 oculi
2668 2301 2684 2328 ,
2715 2261 2769 2313 in
2805 2259 3070 2314 novissima
3099 2260 3216 2313 tuba
3241 2260 3293 2329 (1
3343 2258 3461 2314 Cor.
3492 2259 3579 2314 15.

1998 2353 2086 2409 5t.
2118 2352 2234 2420 52).

2069 2447 2122 2501 8.
2145 2446 2276 2514 Quia
2298 2461 2424 2516 ergo
2443 2447 2741 2501 communis
2767 2454 2850 2500 est
2873 2445 3119 2500 omnibus
3145 2444 3494 2510 resurrectio,
3529 2452 3585 2498 et

1999 2540 2099 2610 piis
2115 2549 2169 2593 et
2195 2539 2390 2608 impiis,
2419 2550 2472 2594 et
2499 2539 2654 2595 malis
2679 2548 2733 2594 et
2754 2538 2908 2593 bonis
2938 2537 3263 2603 hominibus,
3291 2545 3342 2590 ut
3375 2551 3444 2591 ne
3463 2535 3586 2590 ideo

2003 2641 2155 2702 putes
2184 2632 2434 2701 injustum
2458 2631 2723 2701 quoddam
2762 2630 2875 2684 ﬁeri
2906 2629 3166 2698 judicium
3193 2669 3206 2692 ,
3241 2643 3411 2698 neque
3438 2626 3586 2682 dicas

2001 2722 2140 2793 apud
2193 2733 2247 2779 te
2287 2724 2458 2794 ipsum
2491 2741 2504 2776 :
2537 2721 2798 2791 Quidnam
2829 2720 2930 2776 hoc
2975 2722 3105 2776 est?
3134 2734 3233 2790 ego
3255 2759 3271 2783 ,
3302 2719 3389 2788 qui
3417 2718 3585 2772 multo

1994 2803 2179 2869 .s'tudio
2209 2825 2262 2870 et
2291 2815 2470 2869 labore
2491 2824 2543 2868 et
2574 2814 2626 2868 in
2658 2813 2871 2868 miseria
2900 2811 3026 2875 vixi,
3058 2825 3277 2879 resurgo
3301 2852 3315 2873 ,
3347 2819 3402 2864 et
3430 2807 3581 2864 Cra:-

2002 2922 2115 2972 cus,
2143 2918 2196 2962 et
2224 2908 2431 2976 impius,
2463 2914 2517 2962 et
2546 2906 2847 2970 idololatra,
2867 2915 2921 2960 et
2941 2905 3027 2974 qui
3061 2905 3267 2972 ignorat
3289 2902 3581 2962 Christum.

2003 3000 2161 3054 etiam
2195 2999 2307 3068 ipse
2329 3000 2578 3069 resurgit,
2608 3008 2661 3053 et
2685 2998 2846 3053 simili
2875 2997 3082 3051 honore
3114 3011 3320 3050 mecum
3351 2994 3586 3049 fruitur?

2004 3101 2062 3146 ut
2084 3107 2147 3147 ne
2179 3093 2298 3146 talia
2320 3091 2505 3146 dicens
2533 3090 2888 3157 conturberis,
2910 3088 3030 3144 audi
3061 3088 3185 3158 quid
3208 3088 3370 3142 dicit:
3405 3087 3587 3157 Siqui-

2003 3183 2118 3237 dem
2143 3181 2328 3246 induti,
2351 3197 2452 3234 non
2477 3181 2600 3234 nudi
2619 3180 2930 3234 inveniamur
2947 3177 3023 3251 (2.
3048 3177 3163 3232 Cor.
3188 3178 3240 3233 5.
3271 3177 3346 3246 5).
3370 3175 3587 3246 thuo-

2004 3273 2166 3326 modo
2204 3272 2332 3327 dicit
2378 3287 2521 3338 eum,
2571 3271 2662 3343 qui
2705 3270 2920 3325 indutus
2950 3277 3033 3324 est
3059 3269 3506 3338 incorruptionem
3535 3277 3587 3322 ct

2007 3365 2460 3420 immortalitatem
2482 3405 2496 3427 ,
2526 3363 2751 3418 inveniri
2795 3360 3040 3417 nudum?
3069 3360 3324 3415 Videlicet
3353 3362 3394 3412 si
3422 3359 3588 3429 gloria

2007 3459 2308 3528 privamur,
2342 3465 2398 3511 et
2435 3455 2625 3511 ﬁducia
2671 3454 2735 3509 ad
2783 3454 2944 3509 Deum
2976 3451 3331 3506 destituimur.
3377 3449 3588 3504 Etenim

2009 3559 2345 3621 peccatorum
2369 3563 2580 3618 quoque
2609 3560 2834 3616 corpora
2861 3543 3277 3613 incorrnptibilia
3309 3549 3591 3609 resurgunt

2008 3651 2062 3698 et
2089 3642 2404 3697 immortalia
2443 3659 2454 3694 :
2491 3641 2582 3695 sed
2623 3639 2710 3694 hic
2733 3638 2906 3695 honor
2941 3637 3232 3692 fomentum
3262 3644 3315 3689 et
3343 3635 3589 3688 viaticum

2008 3736 2140 3806 ipsis
2152 3737 2255 3792 erit
2273 3735 2650 3806 suppliciorum
2669 3742 2723 3789 et
2746 3733 2958 3788 ultionis
2979 3750 2992 3786 :
3013 3729 3428 3799 incorruptibilia
3447 3729 3590 3783 enim

2010 3838 2322 3896 resurgunt,
2355 3837 2412 3880 ut
2438 3841 2651 3896 semper
2669 3834 2915 3881 urantur.
2943 3822 3076 3877 Nam
3100 3837 3218 3876 cum
3249 3821 3336 3875 ille
3366 3821 3501 3890 ignis
3527 3819 3595 3873 sit

2011 3920 2474 3992 inexstinguibilis,
2499 3933 2634 3988 opus
2655 3925 2735 3972 est
2764 3917 2865 3971 illis
2889 3913 3202 3985 corporibus
3223 3954 3236 3977 ,
3259 3928 3374 3981 qua:
3399 3919 3452 3965 et
3482 3911 3594 3981 ipsa

2011 4028 2299 4083 numquam
2323 4019 2722 4067 consumantur.
2743 4009 3041 4078 Eaproptcr
3061 4005 3222 4060 dicit:
3246 4006 3308 4061 Si
3327 4003 3526 4073 quidem
3547 4013 3595 4056 et

2012 4105 2197 4170 induti,
2219 4120 2318 4157 non
2341 4104 2463 4156 nudi
2488 4101 2821 4154 inveniamur.
2850 4099 2963 4153 Non
2990 4095 3136 4152 enim
3160 4095 3262 4149 hoc
3281 4096 3452 4148 solum
3477 4103 3560 4148 est
3577 4133 3594 4160 ,

2013 4195 2155 4264 quod
2183 4194 2455 4265 qumritur,
2487 4202 2543 4246 ut
2581 4204 2918 4258 resurgamus
2945 4195 3000 4243 et
3025 4186 3476 4241 immortalitatem
3519 4184 3591 4238 in-

2014 4287 2241 4342 duamus
2268 4302 2286 4339 :
2312 4285 2403 4340 sed
2431 4293 2487 4338 ut
2508 4299 2626 4338 cum
2667 4279 3117 4337 resurrexerimus
3136 4319 3150 4342 ,
3179 4276 3452 4346 indutique
3481 4274 3599 4331 fue-

2015 4383 2184 4444 rimus
2216 4379 2669 4434 immortalitatem
2694 4415 2712 4443 ,
2742 4389 2846 4429 non
2871 4371 3202 4428 inveniamur
3237 4367 3362 4424 nudi
3385 4383 3414 4421 a
3437 4368 3598 4438 gloria

2020 4475 2316 4542 ﬁduciaque
2344 4485 2467 4541 erga
2513 4469 2698 4532 Deum,
2730 4481 2866 4521 neve
2889 4464 2993 4535 igni
3023 4463 3094 4518 illi
3119 4460 3420 4524 tradamur;
3456 4467 3508 4514 et
3534 4459 3602 4513 ob

2019 4565 2120 4619 hoc
2143 4564 2270 4619 dicit
2300 4581 2311 4616 :
2340 4561 2398 4617 Si
2423 4559 2624 4630 quidem
2649 4567 2694 4612 et
2716 4557 2881 4610 induti
2905 4597 2921 4621 ,
2971 4571 3072 4608 non
3115 4553 3240 4607 nudi
3266 4551 3599 4605 inveniamur.

2019 4656 2145 4711 Post
2173 4655 2287 4708 hare
2319 4653 2509 4706 iterum
2539 4651 2642 4704 fide
2668 4648 2963 4718 digniorem
2986 4644 3053 4699 de
3080 4642 3472 4698 resurrectione
3493 4656 3604 4695 scr-

2019 4763 2233 4804 monem
2255 4744 2432 4802 reddit
2461 4761 2475 4798 :
2502 4753 2554 4798 et
2585 4757 2704 4796 cum
2743 4739 2876 4794 dixit
2914 4738 3147 4792 futurum
3179 4733 3246 4790 Ut
3284 4731 3605 4788 absorbeatur

2020 4838 2236 4892 mortale
2273 4837 2368 4889 hoc
2393 4851 2424 4887 a
2447 4835 2549 4887 vita
2574 4831 2635 4905 (l
2644 4831 2747 4884 bid.
2780 4846 2828 4884 υ.
2856 4829 2946 4900 4),
2975 4827 3176 4896 adjicit,
3211 4824 3310 4892 Qui
3329 4834 3496 4877 autent
3518 4837 3608 4874 nos

2024 4931 2139 5002 fecit
2167 4930 2234 4982 ad
2257 4928 2349 4981 hoc
2375 4927 2540 4997 ipsum
2567 4923 2700 4978 Deus
2725 4920 2887 4992 (Ibid.
2919 4935 2967 4973 υ.
2991 4919 3024 4972 5
3047 4919 3064 4989 )
3092 4934 3106 4983 ;
3137 4932 3201 4971 ac
3225 4920 3268 4970 si
3290 4915 3527 4980 diceret,
3565 4914 3604 4966 Α

2025 5022 2291 5091 principio
2322 5027 2540 5090 propter
2563 5016 2664 5071 hoc
2691 5015 2961 5068 hominem
2988 5009 3254 5071 formavit,
3284 5008 3473 5078 inquit,
3502 5019 3609 5060 non

2023 5125 2084 5171 ut
2123 5123 2338 5185 pereat,
2385 5111 2480 5166 sed
2514 5119 2570 5165 ut
2609 5109 2676 5164 ad
2721 5105 3174 5175 incorruptionem
3215 5109 3420 5173 pergat.
3450 5098 3523 5154 Ita
3558 5106 3610 5151 ut

2025 5207 2238 5280 quando
2260 5215 2484 5260 mortem
2509 5203 2767 5275 permisit,
2792 5201 2894 5255 hoc
2921 5201 3090 5270 ipsam
3115 5196 3336 5252 consilio
3359 5192 3586 5265 permise

2027 5302 2128 5366 rit,
2163 5309 2221 5354 ut
2250 5298 2510 5369 supplicio
2546 5295 2858 5367 prudentior
2878 5291 3048 5347 factus
3085 5299 3139 5346 et
3182 5288 3398 5351 melior,
3441 5286 3610 5354 possis

2027 5393 2203 5448 denuo
2251 5391 2318 5446 ad
2372 5388 2824 5446 immortalitatem
2876 5383 3080 5440 reduci.
3113 5382 3306 5436 Ratum
3332 5386 3489 5445 atque
3521 5375 3610 5428 lir-

2029 5502 2174 5541 mum
2205 5485 2306 5540 hoc
2331 5483 2636 5547 consilium,
2663 5489 2718 5536 et
2757 5479 2872 5534 hzec
2895 5478 3161 5534 sententia
3205 5472 3272 5526 ab
3298 5470 3448 5524 initio
3474 5468 3612 5536 apud

2031 5581 2228 5644 Deum,
2248 5587 2408 5649 atque
2432 5578 2533 5634 hac
2549 5578 2757 5633 ratione
2786 5575 3015 5646 primum
3045 5569 3312 5627 hominem
3342 5565 3612 5631 formavit,

2029 5672 2190 5742 idque
2213 5670 2392 5726 statim
2424 5670 2578 5726 nobis
2621 5685 2687 5725 ex
2731 5665 3008 5738 prooemiis
3059 5661 3189 5733 ipsis
3237 5655 3612 5714 subindicavit.

2037 5765 2147 5822 Nisi
2175 5766 2313 5822 enim
2361 5763 2615 5820 voluisset
2653 5762 2718 5816 ab
2745 5760 2895 5815 initio
2923 5758 3078 5814 uohis
3101 5753 3512 5812 resurrectionis
3533 5753 3612 5822 ja-

3839 665 3858 692 ,.
