4038 6204
431 316 529 369 431
1158 315 1216 372 S.
1258 317 1535 373 JOANNIS
1570 318 2048 374 CHRYSUSTOMI
2088 318 2402 375 ARClllEP.
2442 320 2976 380 CONSTANTINOP.

431 442 564 481 nuas
591 427 822 496 aperire,
852 443 959 483 non
1000 432 1335 499 permisisset
1374 433 1596 487 Abelcm
1630 435 1773 488 omni
1801 435 2012 490 ‘virtute

432 518 710 588 prmditum
735 560 750 582 ,
796 518 1099 591 factumque
1147 523 1246 578 sibi
1280 525 1506 579 amicum
1528 564 1544 591 ,
1574 541 1693 595 quae
1720 541 1907 595 passus
1932 534 2014 582 est

433 611 560 680 pati.
600 610 752 666 Nunc
796 622 971 667 autem
1018 613 1170 668 nobis
1216 623 1275 668 ut
1323 615 1746 683 demonstraret,
1774 617 1914 687 quod
1944 618 2011 671 ad

431 703 587 757 aliam
621 704 785 757 vitam
812 706 1121 775 pergimus,
1165 715 1219 760 et
1262 707 1406 775 aliud
1446 708 1711 778 quoddam
1756 709 2010 764 saeculum

429 796 585 865 justis
631 798 871 858 relictum
923 807 1052 865 est,
1094 800 1146 854 in
1167 815 1272 870 quo
1310 816 1535 856 coronas
1559 812 1613 857 et
1637 803 2013 859 retributiones

434 887 533 941 sibi
563 889 823 957 repositas
861 889 1123 959 accipiant
1162 907 1176 943 :
1209 892 1472 960 permisit,
1504 901 1565 947 ut
1592 893 1639 949 is
1662 893 1751 963 qui
1782 894 2012 962 primum

431 976 517 1030 hic
542 977 684 1045 juste
723 979 948 1045 vixerat,
981 979 1225 1035 laborum
1247 995 1465 1036 suorum
1494 984 1768 1040 mercedes
1791 985 1876 1039 hic
1904 1001 2012 1040 non

431 1070 730 1139 acciperet,
771 1071 865 1125 sed
913 1071 1039 1127 hinc
1064 1073 1269 1139 abiens,
1300 1074 1555 1130 clamaret
1577 1091 1673 1145 per
1691 1091 1753 1131 ea
1779 1093 1897 1148 qua:
1926 1077 2012 1133 hic

434 1177 621 1229 passus
650 1172 752 1230 est,
776 1172 830 1219 et
854 1164 921 1219 ad
950 1180 1135 1221 omnes
1156 1166 1359 1222 diceret
1386 1182 1400 1220 :
1433 1168 1561 1222 Post
1587 1169 1723 1224 hanc
1748 1171 1908 1224 vitam
1931 1179 2013 1226 est

433 1252 605 1321 aliqua
646 1263 700 1308 et
743 1270 947 1311 merces
995 1263 1050 1311 et
1091 1258 1471 1313 remuneratio.
1517 1258 1804 1328 Pr0pterea
1849 1261 2010 1315 etiam

432 1343 617 1399 Enoch
651 1348 940 1413 transtulit,
965 1358 1019 1403 et
1043 1348 1213 1403 Etiam
1237 1350 1433 1419 rapuit,
1466 1365 1562 1419 per
1582 1366 1676 1407 eos
1690 1352 2011 1410 adumbrans

431 1434 621 1503 dogma
653 1439 1080 1494 resurrectionis.
1115 1439 1325 1495 Sufﬁcit
1368 1441 1530 1510 igitur
1557 1442 1625 1496 ad
1672 1453 2011 1513 argumento-

431 1541 550 1579 rum
578 1528 785 1597 capiam
825 1529 937 1584 sola
965 1531 1256 1586 conditoris
1299 1534 1531 1601 potentia
1564 1542 1662 1588 :at
1701 1535 1746 1588 si
1784 1536 1902 1605 quis
1933 1544 2015 1592 est

432 1615 696 1672 inﬁrmior
716 1660 731 1684 ,
772 1629 826 1673 et
851 1619 1008 1675 aliam
1043 1621 1259 1691 insuper
1282 1622 1786 1679 demonstrationem
1815 1626 2012 1682 habere

430 1708 560 1773 vult,
589 1718 642 1763 et
687 1711 877 1781 pignus
904 1712 1096 1768 futurae
1124 1716 1532 1772 resurrectionis
1551 1756 1565 1781 ,
1595 1718 1752 1772 etiam
1784 1719 2010 1790 idipsum

431 1800 585 1853 nobis
607 1802 745 1855 Deus
774 1818 962 1872 magna
987 1804 1306 1861 liberalitate
1328 1813 1382 1861 et
1400 1807 1553 1876 copia
1574 1807 1756 1873 dedit,
1782 1809 2010 1879 Spiritus

430 1892 637 1946 scilicet
683 1894 928 1962 gratiam.
978 1895 1238 1962 Quocirca
1281 1910 1400 1952 eum
1448 1897 1643 1953 Paulus
1684 1899 1753 1954 de
1775 1912 2011 1955 resurreo

428 1983 604 2036 ctione
659 1984 762 2038 ﬁde
805 1984 1021 2054 dignum
1070 2000 1372 2043 sermonem
1418 1987 1693 2045 habuisset
1720 2006 1787 2045 ex
1814 1991 2012 2047 Christi

430 2073 845 2139 resurrectione,
875 2090 941 2129 eo
966 2076 1107 2146 quod
1136 2077 1277 2133 Deus
1296 2078 1412 2147 ejus
1439 2089 1625 2135 auctor
1643 2090 1807 2147 esset,
1839 2081 2009 2137 addu-

427 2162 501 2217 cit
527 2171 581 2217 et
611 2162 715 2219 hoc
741 2164 943 2219 dictum
968 2182 983 2218 :
1008 2167 1077 2221 Et
1112 2168 1466 2224 arrhabonem
1504 2170 1661 2225 nobis
1697 2171 1876 2236 dedit,
1903 2187 2009 2229 non

427 2270 587 2323 nptnn
618 2271 719 2311 nec
748 2257 863 2312 auri
892 2273 992 2313 nec
1019 2259 1246 2328 argenti,
1274 2260 1368 2315 sed
1394 2260 1755 2317 arrhabenem
1780 2263 2009 2333 Spiritus

429 2344 506 2415 (2.
537 2345 654 2401 Cor.
688 2348 744 2403 5.
792 2348 870 2417 5);
899 2348 1129 2402 arrhabo
1168 2360 1344 2403 autem
1376 2365 1502 2421 pars
1546 2359 1628 2406 est
1648 2352 1843 2417 totius,
1865 2362 1919 2408 et
1943 2353 2010 2411 de

430 2445 546 2491 toto
568 2436 723 2491 ﬁdem
755 2437 898 2491 facit.
930 2437 1061 2492 Nam
1092 2440 1228 2494 sicut
1253 2441 1307 2493 in
1332 2442 1606 2508 conviviis,
1630 2443 1717 2512 qui
1745 2445 2010 2514 acceperit

429 2528 807 2594 arrhabonem,
838 2529 997 2585 ﬁdem
1025 2530 1205 2596 habet,
1233 2540 1287 2585 et
1314 2547 1534 2587 securus
1578 2542 1662 2587 est
1689 2533 1758 2590 de
1788 2544 1898 2591 toto
1923 2551 2011 2592 re.

432 2618 575 2685 liquo
604 2637 617 2671 :
645 2621 713 2672 ita
742 2627 796 2674 et
820 2629 875 2674 tu
913 2635 1035 2675 cum
1061 2623 1332 2692 acceperis
1357 2622 1711 2680 arrhabonem
1731 2667 1747 2690 ,
1778 2625 2006 2696 Spiritus

429 2709 563 2764 dona
606 2711 855 2781 inquam,
892 2727 997 2766 non
1039 2713 1149 2781 jam
1189 2712 1434 2770 dubitare
1481 2715 1645 2771 debes
1689 2715 1757 2772 de
1799 2718 2008 2774 caeteris

431 2801 584 2855 bonis
620 2803 715 2857 tibi
746 2804 1017 2872 repositis.
1047 2804 1150 2871 Qui
1176 2805 1318 2859 enim
1344 2805 1585 2860 excitasti
1620 2817 1889 2875 mortuos,
1917 2809 2005 2879 qui

429 2908 586 2947 curas
609 2908 819 2961 caecos,
866 2894 1137 2949 dtemones
1172 2897 1421 2966 expellis,
1457 2897 1699 2967 leprosos
1749 2900 2004 2968 mundas,

430 2986 645 3040 morbos
701 2987 984 3050 emendas,
1044 2997 1271 3044 mortem
1315 2990 1512 3056 solvis,
1545 2999 1599 3045 et
1650 3000 1728 3045 tot
1757 3001 2008 3062 tantaque

430 3085 582 3144 putes
606 3078 778 3133 facere
810 3079 862 3133 in
888 3078 1060 3150 fragili
1081 3091 1135 3135 et
1161 3082 1370 3136 mortali
1398 3097 1622 3151 corpore
1642 3124 1657 3149 ,
1681 3100 1839 3154 quam
1865 3100 2009 3140 asse-

430 3169 611 3235 queris
632 3170 838 3224 veniam
858 3212 872 3233 ,
898 3170 965 3226 de
1007 3173 1400 3227 resurrectione
1441 3173 1689 3228 dubitans
1722 3173 1745 3227 ?
1786 3175 1841 3229 Si
1863 3176 2005 3229 enim

429 3274 549 3313 cum
575 3261 807 3316 nondum
838 3265 1243 3321 resurrectionis
1271 3275 1476 3335 tempus
1503 3267 1737 3332 advenit,
1766 3267 1860 3323 sed
1886 3283 2007 3323 cum

430 3349 603 3405 adhuc
625 3362 885 3420 certatur,
919 3363 1093 3408 tantas
1120 3356 1304 3410 tribuit
1333 3357 1426 3411 tibi
1456 3372 1681 3412 coronas
1711 3357 1852 3413 Deus
1880 3375 2009 3415 :co-

429 3441 535 3508 gita
561 3452 755 3512 quanta
790 3445 1125 3513 prmmiorum
1157 3454 1395 3518 tempore
1416 3446 1550 3502 bona
1572 3448 1663 3502 tibi
1681 3449 1901 3505 daturus
1916 3451 2002 3505 sit.

430 3531 500 3584 At
527 3533 570 3586 si
601 3535 722 3602 quis
742 3534 916 3600 dicat,
964 3536 1069 3591 Sed
1113 3553 1218 3591 non
1246 3538 1488 3593 videmus
1516 3539 1630 3593 hare
1665 3540 1814 3610 signa
1868 3558 2007 3597 nunc

431 3622 577 3691 ﬁeri,
626 3642 796 3697 neque
842 3629 992 3683 nobis
1022 3640 1166 3684 tanta
1193 3630 1357 3685 virtus
1383 3632 1686 3686 concredita
1715 3640 1796 3686 est
1835 3651 1849 3687 :
1878 3634 2007 3689 illud

3593 325 3699 380 ιδῆ

2116 436 2503 504 responderim,
2535 437 2665 491 nihil
2695 438 2928 504 diiferrc,
2955 438 3070 494 sive
3097 423 3257 499 nunc,
3285 441 3401 495 sive
3425 440 3552 496 olim
3584 449 3702 501 hmo

2116 526 2254 582 facta
2311 529 2436 582 sint.
2494 528 2623 582 Nam
2674 545 2792 598 qua:
2817 530 2964 599 prius
2988 530 3054 584 ab
3091 531 3348 599 apostolis
3374 542 3501 587 sunt
3528 536 3660 590 facta
3681 578 3696 600 ,

2119 625 2380 672 testantur
2402 634 2496 687 per
2522 632 2737 673 omnem
2765 620 2948 675 orbem
2991 620 3269 687 Ecclesim,
3293 631 3349 677 et
3391 625 3600 693 pepuli,
3647 637 3699 682 et

2118 707 2362 762 civitates
2380 749 2394 771 ,
2440 717 2495 763 et
2537 717 2719 778 gentes
2741 725 2858 777 qua:
2883 709 2950 763 ad
2982 710 3175 766 idiotas
3202 727 3265 766 ac
3293 713 3590 782 piscatores
3616 731 3703 771 reo

2118 808 2421 853 currerunt.
2451 798 2634 869 Neque
2663 800 2805 853 enim
2832 800 2929 855 toti
2958 801 3074 856 orbi
3115 804 3522 871 przevaluissent
3550 807 3699 863 illite-

2117 889 2239 951 rati,
2268 900 2322 943 et
2350 889 2554 957 inopes,
2578 897 2635 945 et
2657 900 2916 961 pauperes
2939 932 2955 958 ,
2985 900 3041 945 et
3062 892 3192 947 viles
3213 894 3254 959 ί,
3298 894 3402 948 nisi
3430 896 3699 953 miraculis

2118 978 2240 1048 adju
2250 980 2307 1034 ti.
2324 979 2521 1034 Verum
2540 995 2640 1035 nec
2663 992 2716 1035 tu
2735 982 2919 1050 gratiae
2939 981 3170 1050 Spiritus
3199 983 3369 1038 factus
3395 1000 3455 1040 cs
3473 1001 3694 1079 expers;

2119 1069 2215 1124 sed
2258 1071 2547 1125 etiamnum
2598 1072 2763 1126 multa
2793 1080 3011 1127 manent
3047 1073 3349 1129 donationis
3385 1076 3525 1131 illius
3548 1069 3697 1148 sym-

2119 1164 2263 1231 bola,
2286 1172 2445 1234 atque
2475 1166 2557 1229 iis,
2581 1180 2699 1234 qua:
2729 1174 3039 1220 enumerata
3068 1175 3229 1233 sunt,
3258 1168 3430 1222 multo
3454 1169 3656 1239 majora
3676 1210 3694 1237 ,

2118 1262 2172 1309 et
2216 1255 2384 1323 magis
2425 1253 2754 1309 admiranda.
2803 1255 2917 1309 Non
2940 1257 3081 1310 enim
3130 1256 3336 1325 aequale
3360 1266 3477 1323 est,
3504 1273 3697 1328 corpus

2118 1354 2383 1400 mortuum
2424 1346 2684 1400 suscitare
2709 1354 2763 1400 et
2800 1346 3034 1400 animam
3058 1360 3088 1399 a
3114 1347 3349 1416 peccatis
3372 1348 3600 1402 occisam
3628 1349 3695 1401 ab

2118 1436 2340 1492 interitu
2390 1436 2656 1501 liberare,
2707 1436 2849 1506 quod
2902 1452 3001 1506 per
3048 1436 3372 1506 baptismum
3434 1437 3543 1492 ﬁt:
3587 1452 3694 1494 non

2116 1527 2321 1597 aequale
2349 1535 2451 1592 est,
2476 1527 2676 1597 pellere
2706 1527 2950 1583 morbum
2981 1527 3159 1582 carnis
3177 1566 3194 1594 ,
3224 1535 3279 1583 et
3308 1526 3542 1597 abjicere
3561 1543 3695 1597 pon-

2117 1617 2215 1672 dus
2243 1626 2583 1687 peceatorum
2616 1633 2632 1671 :
2673 1632 2781 1672 non
2808 1625 2892 1673 est
2919 1618 3156 1689 aequale,
3202 1618 3416 1674 Oculum
3437 1630 3692 1675 cacatum

2117 1711 2399 1765 restituere
2422 1748 2438 1775 ,
2469 1719 2524 1765 et
2550 1710 2784 1764 animam
2811 1711 3216 1765 obtenebratam
3256 1712 3542 1767 illustrare.
3581 1711 3691 1767 Nisi

2117 1802 2259 1855 enim
2299 1815 2441 1855 nunc
2477 1801 2638 1855 etiam
2677 1809 2819 1856 esset
2845 1800 3076 1857 arrhabo
3105 1801 3355 1871 Spiritus,
3390 1816 3563 1873 neque
3597 1803 3692 1860 ba-

2116 1891 2308 1961 ptisma
2336 1891 2631 1946 adhibitum
2655 1902 2832 1959 esset,
2864 1907 3037 1963 neque
3061 1900 3403 1963 peccatorum
3426 1894 3691 1960 remissio,

2116 1997 2288 2053 neque
2310 1982 2516 2052 iustitia
2541 1990 2598 2038 et
2624 1982 2975 2038 sanctiﬁcatio
3011 1983 3150 2039 facta
3198 1993 3341 2040 esset
3410 2000 3582 2055 neque
3609 1986 3695 2041 ad~

2116 2072 2388 2143 cptionem
2412 2072 2638 2128 ﬁliorum
2667 2073 2759 2130 Dei
2784 2074 3197 2144 accepissemus,
3218 2089 3392 2145 neque
3417 2075 3690 2144 percepis-

2114 2178 2295 2220 seruus
2322 2166 2615 2236 mysteria:
2645 2180 2838 2235 corpus
2886 2166 3027 2221 enim
3073 2175 3129 2222 et
3160 2167 3381 2236 sanguis
3430 2167 3693 2238 mysticus

2115 2271 2222 2312 non
2261 2256 2396 2311 ﬁunt
2427 2256 2627 2326 absque
2655 2256 2886 2327 Spiritus
2925 2256 3093 2326 gratia
3124 2272 3140 2311 :
3168 2270 3342 2325 neque
3378 2256 3691 2311 sacerdotes

2115 2347 2521 2411 habuissemus;
2554 2362 2727 2418 neque
2756 2347 2898 2402 enim
2926 2347 3020 2402 has
3056 2346 3416 2403 ordinationes
3454 2347 3569 2402 sine
3598 2346 3689 2401 tati

2113 2437 2372 2493 descensu
2400 2437 2516 2492 ﬁeri
2537 2446 2622 2493 est
2650 2438 2921 2507 possibile.
2948 2436 3052 2494 Sed
3082 2437 3245 2492 multa
3267 2437 3369 2492 alia
3408 2452 3692 2507 possemus

2112 2529 2291 2586 dicere
2309 2530 2493 2600 gratia:
2520 2529 2751 2601 Spiritus
2776 2530 3039 2602 symbols.
3062 2529 3244 2601 Itaque
3279 2531 3439 2586 etiam
3480 2539 3535 2584 tu
3564 2530 3691 2599 Spi-

2111 2622 2244 2677 ritus
2268 2621 2620 2677 arrbabonem
2642 2621 2831 2688 habes,
2852 2630 2907 2678 et
2930 2631 3157 2678 mortem
3183 2622 3375 2676 anima:
3396 2621 3571 2691 pellis,
3584 2636 3690 2675 cae-

2111 2713 2430 2782 citatemque
2449 2713 2848 2783 cogitationum,
2865 2722 2919 2768 et
2933 2714 3092 2767 vitam
3123 2714 3321 2768 exuisti
3342 2711 3686 2767 immundam.

2110 2801 2190 2857 Ne
2218 2802 2376 2873 igitur
2404 2802 2707 2858 dubitemus
2732 2803 2800 2858 de
2826 2802 3050 2869 futuris,
3080 2804 3378 2873 praesertim
3418 2818 3538 2858 cum
3568 2802 3687 2857 talia

2110 2893 2476 2962 acceperimus
2521 2895 2774 2963 pignora;
2809 2893 2901 2948 sed
2945 2893 3299 2965 undequaque
3336 2893 3404 2949 de
3448 2908 3687 2949 resurre-

2112 2983 2296 3037 ctione
2345 2998 2645 3038 sermonem
2704 2984 2930 3038 solidum
2963 2984 3303 3054 colligentes,
3335 2986 3498 3039 vitam
3530 2986 3687 3038 tantis

2110 3074 2376 3145 dogmatis
2411 3075 2619 3144 dignam
2649 3076 3017 3142 exbibeamus,
3043 3084 3102 3130 ut
3139 3084 3193 3131 et
3232 3090 3578 3145 assequamur
3601 3075 3688 3129 hic

2111 3166 2247 3222 bona
2275 3167 2582 3229 immobilia,
2601 3183 2719 3238 qure
2739 3183 3037 3223 sermonem
3054 3184 3118 3223 ac
3138 3178 3370 3223 mentem
3402 3168 3689 3223 humanam

2112 3258 2512 3312 transcendunt.
2541 3258 2671 3325 Qum
2694 3274 2793 3313 nos
2810 3274 2997 3315 omnes
3014 3260 3227 3329 assequi
3254 3261 3546 3330 contingat,
3567 3274 3686 3329 gra-

2111 3349 2183 3404 tia
2230 3357 2284 3404 et
2322 3350 2646 3420 benignitate
2689 3351 2898 3405 Domini
2947 3352 3116 3406 nostri
3154 3350 3280 3406 Jesu
3326 3348 3563 3416 Christi,
3594 3365 3687 3419 per

2111 3454 2299 3508 quem,
2355 3447 2412 3493 ct
2455 3454 2574 3494 cum
2614 3456 2722 3509 quo
2774 3441 2914 3495 Patri
2943 3441 3107 3510 gloria
3150 3440 3412 3510 simulque
3462 3438 3685 3510 Spiritui

2111 3539 2298 3586 sancto
2325 3570 2339 3593 ,
2374 3530 2425 3584 in
2453 3530 2646 3585 saecula
2675 3531 3008 3585 saeculorum.
3037 3532 3225 3586 Amen.

2177 3645 2192 3676 ί
2227 3643 2382 3705 Colb.,
2402 3643 2676 3707 piscatores,
2700 3658 2803 3707 pro,
2830 3644 2960 3695 vites.

1892 4250 2247 4314 MONITUM

522 4440 727 4496 Eodem
769 4442 887 4513 ipso
916 4456 1059 4496 anno
1086 4442 1200 4495 haec
1238 4441 1430 4495 concio
1463 4437 1647 4493 habita
1678 4446 1781 4505 est,
1818 4454 1927 4509 quo
1955 4439 2191 4494 secunda
2242 4437 2330 4491 illa
2360 4437 2425 4492 de
2454 4432 2591 4491 Juda
2617 4433 2928 4506 proditore;
2964 4433 3220 4491 videlicet
3246 4435 3298 4487 in
3351 4433 3438 4489 die
3483 4433 3689 4487 Rcsur~

448 4552 704 4608 rectionis
754 4552 970 4609 Domini
1022 4553 1504 4626 Quadragesimam
1539 4553 1685 4608 illam
1723 4563 2112 4624 consequente,
2153 4555 2206 4609 in
2231 4570 2338 4624 qua
2379 4553 2599 4624 triginta
2633 4551 2768 4607 duas
2812 4551 3025 4621 priores
3048 4552 3102 4606 in
3133 4549 3389 4605 Genesim
3440 4546 3691 4602 homiiias

450 4666 733 4721 habuerat.
768 4666 968 4723 Eodem
999 4677 1177 4723 autem
1202 4669 1320 4738 ipso
1344 4680 1489 4723 anno
1518 4678 1639 4739 post
1679 4666 1890 4724 Pascha
1925 4668 2348 4740 Clirysostomus
2375 4667 2630 4725 homilias
2659 4666 2779 4721 illas
2811 4679 3003 4720 novem
3033 4663 3242 4728 habuit,
3274 4674 3505 4733 quarum
3539 4659 3692 4730 prio-

456 4792 543 4832 res
568 4780 810 4851 quinque
839 4781 894 4836 in
952 4782 1277 4853 principium
1311 4783 1571 4837 Actorum
1606 4784 1805 4839 babitm
1835 4795 1999 4851 sunt;
2042 4785 2369 4854 posteriores
2397 4800 2525 4839 vero
2549 4793 2783 4854 quatuor
2839 4781 2913 4835 De
2947 4780 3244 4834 mutatione
3275 4778 3581 4833 nominum.
3635 4772 3693 4829 Id

454 4908 635 4952 autem
674 4906 858 4970 aperte
891 4900 1293 4955 demonstratur
1324 4898 1378 4953 in
1407 4896 1628 4955 Monitis
1658 4901 1723 4955 ad
1753 4901 1968 4957 easdem
2023 4902 2337 4964 conciones,
2385 4900 2478 4955 ubi
2502 4900 2618 4971 ipse
2640 4897 3062 4967 Chrysostomus
3112 4893 3419 4949 luculentus
3450 4892 3600 4947 testis
3635 4888 3693 4944 iu

445 5016 681 5069 medium
712 5016 956 5071 affertur.
991 5017 1070 5072 Eo
1098 5017 1353 5073 lectorem
1387 5018 1678 5085 mittimus,
1706 5033 1916 5074 necnon
1943 5021 2006 5075 ad
2030 5020 2292 5075 Monitum
2321 5017 2574 5088 superius
2602 5014 2670 5071 ad
2706 5012 2967 5070 Homilias
2995 5010 3063 5066 de
3092 5008 3233 5065 Iuda
3269 5009 3545 5079 proditore
3569 5025 3582 5060 :
3606 5020 3695 5061 res

448 5129 575 5183 item
607 5132 853 5201 pluribus
883 5143 1072 5204 agetur
1109 5136 1177 5191 ad
1205 5134 1466 5192 Homilies
1488 5136 1541 5191 in
1566 5137 1842 5195 Gem-sim.

516 5264 668 5320 lianc
698 5282 861 5336 porro
896 5268 1209 5323 concionem
1244 5270 1324 5326 sic
1352 5280 1618 5327 memorat
1659 5271 2083 5343 Chrysostomus
2117 5270 2337 5324 liomilia
2383 5284 2399 5323 ι
2433 5270 2484 5323 in
2525 5268 2847 5340 principium
2873 5269 3155 5333 Actorum,
3198 5280 3320 5338 qua:
3347 5263 3510 5335 paulo
3562 5270 3685 5331 post

449 5374 886 5434 Resurrectionis
911 5380 1054 5435 diem
1079 5380 1264 5437 habita
1297 5392 1394 5443 est,
1430 5401 1581 5442 num.
1617 5386 1652 5440 2
1684 5404 1696 5440 :
1739 5385 1861 5441 Non
1914 5397 2033 5441 sunt
2063 5387 2227 5457 igitur
2250 5385 2449 5439 malum
2474 5382 2696 5450 divitia,
2732 5383 2824 5438 sed
2866 5380 3173 5455 illegitimus
3218 5395 3403 5435 eorum
3429 5390 3557 5432 usu
3605 5385 3679 5429 εει

440 5500 664 5561 malum,
693 5506 741 5550 et
766 5497 902 5550 sicut
935 5512 1099 5567 nuper
1127 5498 1191 5551 de
1214 5497 1463 5554 ebrietate
1490 5500 1646 5555 verba
1676 5501 1897 5570 faciens,
1932 5518 2033 5555 non
2089 5500 2267 5554 vinum
2311 5497 2647 5563 accusabam,
2709 5498 2899 5570 quippe
2927 5512 3046 5551 cum
3087 5496 3257 5550 omnis
3287 5503 3535 5549 creatura
3589 5488 3690 5545 Dei

440 5611 575 5665 bona
609 5614 699 5676 sit,
735 5628 851 5682 qua:
880 5629 996 5667 cum
1022 5615 1314 5684 gratiarum
1347 5618 1549 5672 actione
1580 5617 1897 5688 percipitur;
1928 5618 2019 5673 sed
2047 5617 2244 5673 malum
2277 5633 2450 5683 usum,
2481 5625 2584 5673 etc.
2621 5615 2755 5682 Qua:
2784 5614 2945 5672 verba
2978 5628 3102 5671 cum
3130 5613 3234 5669 hac
3259 5608 3525 5669 concione
3551 5607 3690 5664 mire
