4038 6204
276 245 374 301 451
969 244 1060 299 DE
1100 243 1682 302 BESURRECTIONE
1707 243 1768 298 D.
1811 243 1875 300 Ν.
1911 242 2071 300 JESU
2101 242 2394 299 CHRISTI.
2422 274 2490 284 —
2514 242 2850 303 MONITUM.

274 364 424 430 amp
446 354 648 412 ἔπαθε.
697 357 832 410 Νυνὶ
864 358 921 410 δὲ
961 358 1095 428 ἡμῖν
1128 357 1555 430 ἐνδεικνύμενος,
1606 360 1687 412 ὅτι
1726 358 1857 430 πρὸς
1964 358 2136 415 ταῦτα
2171 360 2484 432 γεγένηται.
2518 359 2641 411 Ὅτι
2671 359 2779 428 γὰρ
2822 354 3128 428 ἔμπροσθεν
3154 355 3368 425 ἐγένετο
3400 364 3548 428 παρὰ

276 440 474 514 ἑτέραν
542 440 689 512 ζωὴν
735 438 1015 510 όδεύομεν,
1069 440 1163 494 καί
1193 458 1277 505 τις
1324 440 1459 495 αἰὼν
1509 442 1694 508 ἕτερος
1732 443 1863 494 61:0-
1963 442 2072 496 τῶν
2099 444 2433 506 ἀποστόλων,
2468 442 2836 514 μαρτυροῦσιν
2860 441 2915 494 αξ
2940 440 3219 511 πανταχοῦ
3248 440 3348 510 τῆς
3368 444 3547 497 οἰκου-

274 524 560 579 λέλειπται
606 524 714 577 τῶν
732 522 980 588 δικαίων,
1014 521 1152 592 ἔχων
1180 525 1278 588 τάς
1311 524 1546 594 ἀμοιϐὰς
1593 526 1686 579 καὶ
1737 526 1864 590 τοὺς
1969 525 2135 597 μένης
2173 525 2512 597 Ἑκκλησίαι,
2566 527 2661 579 καὶ
2689 525 2872 595 δῆμοι,
2910 523 3003 577 καὶ⁵
3031 523 3233 587 πόλεις,
3279 525 3374 578 καὶ
3421 525 3548 595 ἔθνη

279 608 581 677 στεφάνους
610 605 1035 675 ἀποκειμένους,
1085 606 1178 659 τὸν
1211 607 1425 677 πρῶτον
1475 608 1762 678 γενόμενον
1790 608 1866 660 δί-
1966 610 2384 682 προσδραμόντα
2414 612 2525 672 τοῖς
2556 608 2789 671 ἰδιώταις
2814 606 2908 661 καὶ
2954 606 3212 660 ἁλιεῦσιν.
3248 608 3322 661 Οὐ
3352 607 3459 679 γάρ
3484 610 3550 663 ἂν

283 709 436 746 καιον
465 690 540 761 μὴ
569 688 806 742 λαϐόντα
822 688 1055 742 ἐνταῦθα
1081 689 1207 752 τοὺς
1226 691 1473 759 μισθοὺς,
1490 684 1565 744 ὧν
1586 692 1862 757 ὲπόνεσεν,
1965 692 2066 761 τῆς
2087 693 2415 763 οἰκουμένης
2431 691 2745 762 ἐκράτησαν
2761 691 2810 743 οἱ
2840 690 3198 761 ἀγράμματοι
3222 691 3317 743 καλ⁹
3344 692 3549 762 πτωχοὶ

3447 248 3548 301 ιὸἓ

287 774 497 843 ἀφῆκεν
543 771 801 825 ἀπελθεῖν
852 771 1081 840 βοῶντα,
1131 772 1200 826 δι’
1242 766 1317 826 ὧν
1370 773 1560 839 ἔπαθε,
1594 776 1727 827 πᾶσι
1773 776 1866 828 καὶ

287 856 530 923 λέγοντα,
544 856 627 908 ὅτι
646 853 786 925 μετά
800 853 899 924 τὴν
917 853 1164 907 ἐντεῦθεν
1181 855 1327 926 ζωὴν
1343 856 1491 909 ἔστιν
1514 857 1867 921 ἀνταπόδοσίς

282 955 365 1001 τις
401 939 498 990 καὶ
536 936 724 1008 μισθὸς
750 936 847 990 καὶ
874 936 1102 1008 ἀμοιϐή.
1130 938 1228 991 Διά
1260 941 1419 993 τοῦτο
1448 942 1542 993 καὶ
1568 941 1661 993 τὸν
1694 940 1866 1012 Ἑνὼχ

282 1022 578 1093 μετέθηκε,
615 1022 710 1074 καὶ
737 1020 831 1073 τὸν
875 1020 1060 1074 Ἠλίαν
1086 1022 1438 1093 ἀνήρπασεν,
1494 1023 1867 1095 αἰνιττόμενος

275 1108 416 1174 ἡμῖν
436 1104 498 1157 τὸ
522 1104 650 1175 περὶ
666 1103 767 1173 τῆς
790 1104 1142 1170 ἀναστάσεως
1170 1106 1348 1177 δόγμα
1376 1120 1426 1162 ⁸.
1454 1106 1640 1180 Ἀρκεῖ
1658 1109 1757 1179 μὲν
1773 1103 1866 1163 οὖν

279 1190 363 1250 εἰς
397 1186 772 1258 πληροφορίαν
829 1189 863 1258 ή
915 1187 1012 1240 τοῦ
1064 1187 1344 1253 ποιοῦντος
1389 1190 1653 1261 δύναμις’
1707 1192 1756 1243 εί
1811 1191 1868 1245 δὲ

279 1269 676 1341 ἀσθενέστερός
695 1270 779 1333 τίς
811 1272 947 1334 ἐστι,
981 1270 1077 1325 καὶ
1099 1270 1345 1341 βούλεται
1370 1272 1643 1339 ἀπόδειξιν
1670 1274 1866 1346 ἑτέραν

277 1352 472 1407 λαϐεῖν
500 1355 595 1407 κα)⁵
622 1353 877 1423 ἐνέχυρον
909 1355 1006 1425 τῆς
1039 1355 1339 1427 μελλούσης
1371 1357 1741 1423 ἀναστάσεως,
1774 1359 1869 1413 καὶ

277 1437 445 1490 τοῦτο
480 1437 620 1508 μετά
646 1436 844 1507 πολλῆς
871 1438 969 1507 τῆς
997 1437 1275 1507 δαψιλείας
1294 1438 1499 1494 ἔδωκεν
1518 1443 1547 1495 6
1587 1442 1742 1509 Θεὸς,
1768 1442 1868 1514 τὴν

279 1519 381 1574 τοῦ
410 1520 728 1590 Πνεύματος
755 1520 916 1592 χάριν
945 1521 1082 1591 μετά
1104 1521 1305 1593 πολλῆς
1330 1524 1560 1594 ἐπαφεὶς
1585 1525 1685 1597 τῆς
1709 1526 1870 1595 ἀφθο-

277 1603 426 1666 νίας.
443 1603 542 1657 Διά
569 1604 729 1657 τοῦτο
755 1604 848 1657 καὶ
878 1606 907 1657 6
934 1604 1144 1668 Παῦλος
1182 1608 1412 1676 ποιήσας
1433 1608 1743 1672 ἀξιόπιστον
1775 1610 1867 1663 τὸν

279 1688 415 1758 περὶ
464 1687 564 1758 τῆς
608 1688 955 1751 ἀναστάσεως
1001 1688 1158 1757 λόγον
1201 1689 1309 1744 ἀπὸ
1356 1691 1454 1762 τῆς
1490 1690 1584 1745 τοῦ
1629 1692 1866 1764 Χριστοῦ

281 1771 658 1835 ἀναστάσεως,
689 1771 803 1824 ἀπὸ
830 1770 923 1824 τοῦ
946 1771 1079 1825 Θεὸν
1116 1767 1257 1827 εἶναι
1289 1774 1379 1827 τὸν
1407 1774 1470 1846 δη
1481 1777 1865 1847 μιουργοῦντα,

226 1890 237 1897 -
287 1855 487 1921 ἒπάγει
519 1856 611 1908 καὶ
643 1853 801 1907 τοῦτο
842 1854 904 1907 τὸ
933 1855 1119 1926 ῥητὸν,
1167 1856 1342 1925 λέγων
1368 1900 1383 1921 ,
1441 1859 1523 1912 ὃτι
1564 1860 1659 1913 καὶ
1692 1861 1867 1933 ἀῤῥα-

283 1936 439 1990 ϐὦνα
486 1939 618 2009 ἡμῖν
664 1937 886 2001 ἔδωκεν,
933 1938 994 1991 οῦ
1040 1941 1338 2010 χρημάτων
1384 1942 1505 1995 οὐδὲ
1536 1942 1736 2013 χρυσοῦ
1774 1948 1870 1999 καὶ

282 2021 562 2093 ἀργύρου,
600 2021 712 2073 ἀλλ’
740 2021 1033 2092 ἀρραϐῶνα
1058 2023 1377 2093 [Ινεύματος
1397 2042 1410 2054 ·
1449 2028 1478 2078 6
1504 2026 1562 2079 δὲ
1607 2027 1870 2099 ἀρραϐὼν

293 2104 469 2175 μέρος
506 2106 622 2157 ἐστὶ
641 2103 731 2157 τοῦ
750 2106 946 2169 παντὸς
966 2148 980 2171 ,
1005 2105 1098 2159 καὶ
1126 2106 1266 2178 ὑπὲρ
1299 2106 1390 2161 τοῦ
1421 2109 1619 2172 παντὸς
1658 2113 1867 2175 πιστός.

292 2187 566 2258 Καθάπερ
596 2188 702 2260 γάρ
730 2190 823 2241 ἐπὶ
868 2188 978 2241 τῶν
1025 2189 1370 2260 συμϐολαίων
1398 2192 1426 2243 ὁ
1454 2192 1544 2245 τὸν
1574 2193 1871 2265 ἀρραϐῶνα

280 2269 583 2340 δεξάμενος
610 2271 749 2343 ὑπὲρ
785 2270 878 2324 τοῦ
912 2270 1115 2335 παντὸς
1147 2270 1340 2344 θαρρεῖ
1363 2273 1546 2328 λοιπὸν
1585 2278 1679 2330 καὶ
1704 2279 1871 2331 πεπί-

288 2370 539 2417 στευκεν,
565 2353 711 2407 οὕτω
738 2355 833 2408 καὶ
868 2355 932 2407 σὺ
963 2353 1144 2408 λαϐὼν
1159 2356 1475 2428 ἀρραϐῶνα,
1504 2359 1597 2412 τοῦ
1628 2360 1874 2432 Πνεύμα-

284 2454 376 2501 τος
417 2437 489 2489 τά
518 2436 833 2507 χαρίσματα
863 2437 1024 2507 λέγω,
1054 2438 1249 2511 μηκέτι
1284 2441 1559 2511 ἀμφίϐαλε
1588 2445 1717 2514 περὶ
1762 2444 1871 2498 τῶν

286 2520 671 2591 ἀποκειμένων
717 2520 959 2588 ἀγαθῶν.
1007 2522 1066 2575 '0
1108 2521 1216 2594 γάρ
1263 2526 1490 2595 νεκροὺς
1546 2527 1802 2593 ἀνιστὰς,
1841 2530 1872 2582 ό

288 2602 522 2670 τυφλοὺς
548 2602 889 2673 θεραπεύων,
914 2603 1209 2675 όδαίμονας
1228 2606 1565 2672 ἀπελαύνων,
1591 2612 1619 2662 6
1639 2610 1873 2681 λεπροὺς

290 2684 445 2758 [456]
482 2686 782 2757 καθαίρων,
809 2689 837 2739 6
864 2689 1142 2759 νοσήματα
1163 2688 1562 2760 διορθούμενος,
1583 2695 1612 2746 6
1642 2694 1873 2749 θάνατον

288 2768 457 2831 λύων,
483 2766 763 2823 ότοσαῦτα
786 2772 877 2823 καὶ
893 2770 1194 2841 τηλικαῦτα
1211 2772 1507 2844 δυνάμενος
1530 2775 1588 2828 ὲν
1622 2777 1873 2848 ὲπικήρῳ

289 2853 385 2904 καὶ
441 2851 623 2922 θνητῷ
671 2852 905 2923 σώματι,
939 2856 1097 2918 ποίας
1130 2854 1293 2927 τεύξῃ
1341 2857 1673 2929 συγγνώμης
1704 2860 1875 2930 ἀμφι-

288 2934 505 2989 ϐάλλων
541 2937 672 3006 περὶ
702 2938 800 3007 τῆς
846 2939 1231 3005 ἀναστάσεως;
1263 2941 1327 2993 Et
1376 2940 1485 3013 γὰρ
1526 2943 1753 3012 μηδέπω
1776 2943 1871 2997 τοῦ

289 3019 486 3089 καιροῦ
518 3019 621 3089 τῆς
643 3020 965 3084 ἀντιδόσεως
994 3024 1460 3094 παραγενομένου,
1496 3024 1610 3078 ἀλλ’
1640 3025 1721 3078 ἔτι
1765 3026 1873 3080 τῶν

290 3102 693 3172 παλαισμάτων
747 3102 1032 3169 ἑστώτων,
1092 3104 1368 3170 τοσούτοις
1424 3108 1571 3178 ἡμᾶς
1606 3107 1874 3178 ἠμείψατο

293 3186 582 3254 στεφάνοις
615 3186 645 3237 6
680 3185 834 3254 Θεὸς,
871 3187 1125 3258 ἐννόησον
1146 3188 1247 3242 ὅσα
1288 3205 1369 3241 σοι
1400 3189 1544 3243 κατά
1565 3190 1657 3244 τὸν
1683 3190 1874 3263 καιρὸν

286 3271 384 3324 τὸν
427 3271 536 3324 τῶν
566 3268 838 3339 βραϐείων
866 3269 1026 3324 δώσει
1057 3271 1128 3325 τά
1159 3271 1358 3340 ἀγαθά.
1406 3273 1470 3326 Ei
1492 3273 1549 3327 δὲ
1581 3274 1728 3343 λέγοι
1762 3292 1868 3339 τις’

298 3355 449 3408 Ἀλλ’
487 3356 586 3424 οὺχ
640 3355 858 3425 ὁρῶμεν
885 3350 1060 3409 ταῦτα
1089 3354 1185 3409 νῦν
1211 3357 1472 3427 γινόμενα
1521 3357 1589 3411 τά
1646 3362 1873 3429 σημεῖα,

1966 776 2060 827 καὶ
2101 775 2332 846 πένητες
2366 775 2460 827 καὶ
2492 773 2730 837 εὐτελεῖς
2756 776 2803 834 ιι,
2842 775 2890 826 εί
2936 774 3008 845 μὴ
3038 773 3136 844 τὴν
3166 774 3274 825 τῶν
3308 774 3550 844 σημείων

1966 854 2109 928 εἷχον
2132 858 2403 931 βοήθειαν.
2428 856 2574 929 Πλὴν
2604 857 2718 911 ἀλλ’
2745 855 2866 909 οὔτε
2901 857 2964 909 σὺ
2989 858 3086 926 τῆς
3110 855 3202 909 τοῦ
3232 856 3551 927 Πνεύματος

1967 941 2170 1013 ἔρημος
2202 942 2432 1011 γέγονας
2494 940 2735 1010 χάριτος,
2776 938 2913 993 ἀλλά
2948 939 3116 993 πολλά
3170 939 3249 992 ἔτι
3296 941 3391 993 καὶ
3452 940 3549 993 νῦν

1970 1024 2121 1095 μένει
2148 1024 2250 1095 τῆς
2278 1025 2487 1096 δωρεᾶς
2519 1024 2737 1089 ἐκείνης
2798 1023 3083 1093 σύμϐολα,
3120 1023 3298 1076 αὐτῶν
3343 1024 3549 1077 τούτων

1966 1106 2073 1160 τῶν
2105 1106 2574 1177 ἀπηριθμημένων
2631 1105 2809 1176 πολλῷ
2861 1105 3078 1175 μείζονα
3119 1107 3212 1159 καὶ
3242 1106 3541 1176 θαυμαστό-

1965 1205 2099 1260 τερα
2121 1206 2132 1219 ·
2157 1190 2218 1241 ού
2233 1189 2340 1258 γάρ
2366 1191 2512 1242 ἐστιν
2547 1189 2658 1240 ἴσον
2689 1188 2849 1257 σῶμα
2875 1188 3202 1259 τελευτῆσαν
3228 1189 3546 1259 ἀναστῆσαι,

1967 1273 2064 1324 καὶ
2120 1270 2298 1342 ψυχὴν
2350 1271 2720 1342 νεκρωθεῖσαν
2785 1271 2890 1324 ὑπὸ
2952 1271 3058 1323 τῶν
3134 1272 3549 1343 ἁμαρτημάτων

1967 1354 2273 1419 ἀπαλλάξαι
2302 1355 2400 1426 τῆς
2427 1355 2707 1420 ἀπωλείας
2748 1355 2983 1422 ἐκείνης,
3022 1355 3051 1406 ὃ
3077 1354 3161 1407 διὰ
3216 1354 3308 1408 τοῦ
3347 1355 3543 1425 βαπτί-

1970 1454 2177 1508 σματος
2226 1438 2435 1507 γίνεται
2470 1456 2481 1467 ·
2518 1439 2619 1491 οὐκ
2650 1438 2796 1491 ἔστιν
2834 1438 2946 1490 ἴσον
2970 1441 3249 1509 νοσήματα
3280 1439 3550 1491 ἀπελάσαι

1970 1520 2203 1590 σαρκὸς,
2261 1521 2355 1575 καὶ
2403 1520 2688 1592 ἁμαρτιῶν
2738 1520 2957 1591 φορτίον
3015 1520 3316 1575 ἀποθέσθαι
3346 1531 3367 1558 ε
3403 1540 3415 1551 ·
3448 1523 3551 1575 οὐκ

1971 1603 2118 1656 ἔστιν
2147 1603 2258 1656 ἴσον
2284 1604 2438 1674 ὄμμα
2468 1604 2870 1675 πεπηρωμένον
2892 1604 3208 1675 διορθῶσαι,
3246 1606 3337 1658 καὶ
3373 1604 3551 1675 ψυχὴν

1971 1686 2365 1758 ὲσκοτισμένην
2424 1688 2563 1756 φωτὶ
2620 1687 3000 1756 καταλάμψαι.
3063 1689 3126 1741 Εἰ
3184 1690 3293 1760 γὰρ
3353 1689 3428 1759 μὴ
3485 1686 3550 1755 ἦν

1970 1771 2226 1842 ἀρραϐὼν
2260 1771 2351 1824 τοῦ
2368 1770 2700 1840 ,Ιινεύματος
2725 1771 2818 1823 καὶ
2848 1770 2963 1831 νῦν,
2993 1771 3092 1824 οὐκ
3121 1772 3186 1826 ἀν
3226 1772 3457 1843 συνέστη
3492 1774 3550 1823 τὸ

1975 1854 2280 1924 βάπτισμα,
2321 1853 2421 1905 οὐκ
2457 1853 2521 1907 ἂν
2573 1854 2983 1924 ἁμαρτημάτων
3035 1856 3228 1923 ἄφεσις
3287 1857 3543 1925 ἐγένετο.

1968 1937 2070 1989 οὐκ
2125 1936 2190 1990 ἂν
2237 1935 2551 2007 δικαιοσύνη
2586 1938 2678 1988 καὶ
2707 1937 2999 2008 ἁγιασμὸς,
3031 1939 3132 1991 οὐκ
3172 1938 3237 1992 ἂν
3278 1939 3553 1992 υἱοθεσίαν

1972 2017 2260 2088 ἐλάϐομεν,
2316 2019 2412 2071 ούγ
2465 2017 2530 2071 ἂν
2573 2019 2889 2090 μυστηρίων
2932 2019 3359 2091 ἀπελαύσαμεν·
3393 2020 3553 2091 σῶμα⁴

1972 2100 2082 2174 γάρ
2111 2102 2203 2154 καὶ
2240 2094 2378 2171 αἷμα
2414 2101 2677 2171 μυστικὸν
2707 2102 2806 2154 ούκ
2828 2104 2892 2156 ἀν
2920 2120 3050 2156 ποτε
3089 2098 3427 2175 γένοιτότῆς
3457 2106 3552 2157 τοῦ

1973 2184 2289 2256 Πνεύματος
2323 2184 2544 2257 χάριτος
2569 2186 2737 2255 χωρίς
2753 2202 2765 2214 ·
2792 2187 2891 2240 οὐκ
2910 2186 2974 2240 ἂν
3002 2187 3181 2258 ἱερέας
3205 2188 3517 2258 ἐσχήκαμεν
3539 2204 3550 2216 ο

1973 2268 2093 2323 οὐδὲ
2124 2267 2233 2340 γὰρ
2254 2268 2455 2331 ταύτας
2488 2267 2714 2321 δυνατὸν
2749 2268 2846 2333 τάς
2878 2271 3216 2341 χειροτονίας
3252 2272 3382 2325 ἄνευ
3414 2272 3557 2325 ὲκεί-

1972 2370 2072 2424 νης
2098 2352 2199 2422 τῆς
2223 2353 2621 2422 ὲπιφοιτήσεως
2650 2352 2917 2418 γίνεσθαι.
2955 2356 3064 2407 Καὶ
3113 2355 3247 2409 ἄλλα
3286 2356 3342 2408 δὲ
3375 2355 3552 2409 πολλά

1976 2436 2088 2507 ἔχοι
2149 2454 2249 2499 τιςκ
2282 2437 2349 2489 ἂν
2415 2436 2589 2487 εἰπεῖν
2641 2437 2740 2506 τῆς
2797 2436 2892 2490 τοῦ
2948 2438 3266 2509 Πνεύματος
3334 2439 3556 2511 χάριτος

1978 2520 2243 2591 σύμϐολα.
2276 2519 2440 2571 Ὥστε
2471 2519 2565 2572 καὶ
2595 2522 2659 2572 σὺ
2683 2520 2774 2573 τὸν
2804 2521 3098 2593 ἀῤῥαϐὦνα
3119 2522 3213 2575 τοῦ
3244 2523 3557 2592 Πνεύματος

1976 2604 2140 2673 ἔχεις,
2196 2604 2289 2655 καὶ
2338 2603 2607 2675 νέκρωσιν
2661 2603 2870 2659 ἀπέθου
2921 2605 3123 2676 ψυχῆς,
3177 2608 3270 2659 καὶ
3307 2608 3556 2677 πήρωσιν

1980 2685 2278 2759 λογισμῶν,
2319 2686 2413 2739 καὶ
2460 2686 2550 2739 τὸν
2599 2686 2911 2757 ἀκάθαρτον
2962 2688 3217 2742 ἀπεδύσω
3270 2690 3401 2758 βίον.
3463 2690 3555 2760 Μη

1976 2771 2153 2824 τοίνυν
2204 2768 2561 2840 ἀσχάλλωμεν
2610 2770 2738 2839 περὶ
2792 2770 2901 2824 τῶν
2955 2772 3279 2841 μελλόντων,
3329 2771 3557 2827 τοιαῦτα

1981 2854 2236 2917 λαϐόντες
2270 2853 2532 2923 ἐνέχυρα·
2576 2851 2710 2906 ἀλλά
2755 2854 3094 2924 πανταχόθεν
3143 2856 3234 2909 τὸν
3284 2861 3414 2930 περὶ
3457 2860 3556 2929 τῆς

1973 2937 2323 3000 ἀναστάσεως
2349 2934 2702 2999 συλλέξαντες
2751 2934 2935 3005 λόγον,
2972 2939 3068 2991 καὶ
3108 2938 3221 3009 βίον
3271 2941 3419 3006 ἀξιον
3448 2943 3558 2997 τῶν

1970 3020 2258 3090 δογμάτων
2289 3016 2686 3090 ἐπιδειξώμεθα
2702 3018 2928 3080 τούτων,
2945 3020 3031 3075 ἴνα
3058 3023 3271 3076 καὶτῶν
3285 3026 3559 3096 ἀκινήτων

1971 3103 2191 3172 ἀγαθῶν
2213 3101 2708 3173 ἐπιτύχωμεν,τῶν
2734 3102 2909 3156 πάντα
2938 3103 3095 3173 λόγον
3124 3107 3560 3178 ὑπερϐαινόντων

1971 3188 2065 3240 καὶ
2090 3186 2216 3239 νοῦν
2241 3184 2580 3256 ἀνθρώπινον
2598 3201 2611 3215 ·
2645 3180 2720 3240 ὧν
2744 3185 2955 3254 γένοιτο
2985 3187 3189 3252 πάντας
3207 3192 3354 3261 ἡμᾶς
3378 3192 3561 3245 ἐπιτυ-

1973 3272 2107 3341 χεῖν,
2163 3270 2344 3341 χάριτι
2400 3270 2494 3323 καὶ
2543 3267 2928 3345 φιλανθρωπία
2995 3270 3089 3324 τοῦ
3147 3273 3352 3344 Κυρίου
3400 3276 3559 3345 ἡμῶν

1986 3352 2159 3423 Ἰησοῦ
2182 3350 2444 3423 Χριστοῦ,
2472 3351 2540 3405 δι’
2568 3344 2630 3405 οῦ
2662 3351 2759 3405 καὶ
2791 3353 2912 3422 μεθ’
2939 3345 3001 3406 οὗ
3032 3356 3065 3425 ἡ
3091 3354 3216 3420 δόξα
3241 3357 3320 3426 τῷ
3362 3344 3557 3430 Πατρὶ,

285 3440 417 3493 οὐδὲ
466 3441 630 3510 ἡμεῖς
676 3436 949 3507 τοσαύτην
1000 3438 1199 3509 ἔχομεν
1251 3438 1517 3511 δύναμιν·
1582 3443 1758 3495 ἐκεῖνο
1809 3443 1877 3497 ἂν

289 3524 529 3591 εἷποιμι,
557 3523 640 3575 ὅτι
664 3521 821 3575 οὐδὲν
867 3520 1136 3592 διαφέρει,
1184 3522 1292 3575 εἴτε
1320 3522 1437 3585 νῦν,
1473 3524 1581 3577 εἴτε
1615 3525 1877 3597 πρότερον

350 3630 377 3653 ⁸
405 3617 542 3668 Coll).
566 3618 681 3679 ἡμῖν
704 3619 790 3676 τήν
812 3618 916 3681 περὶ
938 3623 1023 3676 τῆς
1040 3617 1350 3675 ἀναστάσεως
1369 3620 1620 3683 ὑπόληψιν.

1974 3434 2091 3505 ἃμα
2115 3434 2196 3506 τῷ
2211 3435 2350 3506 ἁγίῳ
2380 3434 2680 3506 Πνεύματι,
2706 3437 2786 3499 εἰς
2812 3436 2938 3498 τοὺς
2964 3436 3166 3501 αἰῶνας
3195 3440 3302 3492 τῶν
3323 3440 3556 3496 αἰώνων.

1988 3519 2043 3571 ’Λ
2054 3519 2185 3589 μήν.

2038 3624 2067 3664 b
2090 3623 2223 3675 Colb.
2244 3625 2438 3683 πένητες
2456 3624 2537 3673 καὶ
2556 3624 2718 3680 ἁλιεῖς.
2792 3628 2814 3653 θ
2836 3625 2965 3675 Colb.
2993 3625 3180 3692 φορτίον
3200 3630 3557 3679 καταποντίσαι,

313 3913 3541 3965 W

827 4188 907 4247 IN
938 4186 1311 4248 HOMILIAM
1337 4184 1635 4246 CONTRA
1674 4184 2068 4259 EBRIOSOS,
2113 4186 2206 4245 ET
2252 4184 2350 4244 DE
2396 4183 3057 4246 RESURBECTIONE.

309 4376 639 4431 consonant,
674 4367 911 4422 maxime
940 4381 1069 4421 vero
1098 4382 1220 4420 cum
1251 4366 1494 4435 ejusdem
1527 4365 1648 4422 loco
1673 4384 1686 4419 :
1716 4366 2082 4420 Abstineamus
2118 4364 2180 4417 ab
2203 4366 2492 4419 ebrietate:
2522 4381 2623 4418 non
2656 4366 2773 4418 diro
2797 4364 2913 4427 hoc,
2944 4363 3315 4418 Abstinenmus
3345 4384 3378 4417 οι
3413 4368 3559 4430 uino;

306 4484 419 4546 sed,
446 4483 528 4537 Ab
556 4481 810 4535 ebrietate
837 4480 1212 4533 abstineamus.
1250 4477 1372 4533 Non
1396 4480 1568 4532 vinum
1596 4479 1745 4548 efﬁcit
1777 4477 2078 4533 ebrietatem
2118 4493 2135 4530 :
2169 4487 2245 4531 est
2274 4479 2410 4531 enim
2441 4477 2538 4531 Dei
2561 4488 2821 4531 creatum.
2856 4477 2954 4533 Dei
2978 4494 3136 4547 porro
3160 4491 3404 4536 creatura
3433 4482 3565 4536 nihil

307 4600 462 4667 εθῖιὶι
496 4595 652 4658 mali,
682 4595 772 4648 sed
802 4595 1038 4649 voluntas
1070 4594 1301 4665 maligna
1321 4595 1471 4664 efﬁcit
1496 4596 1823 4658 ebrietatem,
1851 4603 1957 4648 etc.
1989 4593 2190 4649 Eodem
2230 4593 2394 4663 igitur
2419 4593 2539 4661 ipso
2563 4606 2707 4647 anno
2733 4592 3158 4663 Chrysostomus
3186 4595 3435 4651 hon‘tilias
3466 4599 3562 4652 tri-

308 4711 456 4780 ginta
485 4710 633 4764 duas
677 4724 772 4779 per
804 4708 1286 4780 Quadragcsimam
1319 4709 1531 4772 habuit,
1564 4708 1688 4763 item
1719 4707 2013 4763 secundam
2043 4709 2107 4762 de
2134 4686 2285 4762 Juda'
2307 4707 2583 4776 proditore
2611 4707 2663 4759 in
2698 4707 2784 4762 die
2818 4706 3004 4764 Coena!
3044 4707 3294 4776 Domini;
3326 4711 3465 4765 hanc
3492 4713 3561 4765 de

318 4822 747 4879 Besurrectione
770 4828 821 4875 et
850 4830 1040 4876 contra
1063 4821 1311 4875 ebriosos
1342 4821 1395 4873 in
1422 4819 1509 4874 die
1535 4818 1834 4883 Paschalis,
1860 4819 2101 4889 quinque
2146 4817 2400 4872 humilius
2422 4817 2478 4870 in
2503 4816 2827 4888 principium
2866 4822 3119 4875 Actorum
3172 4832 3296 4892 post
3328 4820 3557 4886 Pascha,

312 4947 365 4988 et
399 4940 799 5002 consequenter
825 4942 1055 5001 quatuor
1087 4930 1161 4987 De
1188 4932 1488 4987 mutatione
1516 4933 1820 4987 nominum.
1858 4929 2101 4987 Subinde
2119 4943 2301 4985 autem
2330 4930 2668 4988 intermissas
2697 4932 2748 4987 in
2772 4933 3026 4991 Genesim
3066 4934 3318 4991 homilias
3350 4950 3564 4992 resum-

302 5050 404 5119 psit
454 5065 486 5103 τι
535 5048 812 5119 trigesima
846 5049 1021 5103 tertia.
1059 5046 1158 5103 llic
1187 5048 1364 5102 cernis
1395 5063 1646 5117 magnam
1682 5048 1875 5102 seriem
1918 5048 2265 5102 homiliarum
2296 5061 2407 5102 uno
2433 5046 2733 5118 eodemque
2758 5064 2903 5103 anno
2940 5067 2954 5104 :
2995 5051 3121 5121 quis
3166 5060 3346 5108 autem
3379 5054 3467 5109 ille
3492 5062 3564 5107 snt

300 5182 479 5220 annus
507 5166 750 5222 nondum
775 5165 856 5219 vel
879 5164 1042 5220 certis
1058 5164 1141 5218 rcl
1169 5163 1356 5219 saltem
1375 5163 1747 5232 probabilibus
1772 5162 1983 5219 indiciis
2011 5162 2279 5232 expiscari
2313 5163 2607 5231 potuimus.
2627 5160 2682 5216 In
2718 5162 2820 5217 hac
2849 5164 3111 5221 concione
3138 5167 3343 5221 hiatum
3377 5168 3564 5238 ingen-

304 5289 413 5333 tem
451 5294 518 5333 ex
551 5294 663 5333 uno
690 5277 858 5347 Regio
887 5279 1073 5333 codice
1100 5276 1387 5332 sarcimus.

374 5420 758 5491 lntcrpretatio
781 5417 972 5471 Latina
1002 5426 1085 5469 est
1125 5412 1412 5469 Frontonis
1438 5412 1639 5469 Duc-mi.

3213 5621 3251 5677 6-).

633 5627 904 5687 I’nnoc.
954 5627 1071 5685 (in.
1123 5625 1188 5685 L.
