4038 6204
503 300 601 353 433

1205 301 1261 356 S.
1303 301 1585 358 JOANNIS
1617 301 2108 360 CHRYSOSTOMI
2145 305 2464 366 ARCHIEP.
2513 303 3061 362 CONSTANTINUP.

1555 679 1856 766 ΚΑΤΑ
1923 661 2672 782 ΜΕΘΥΟΝΤΩΝ.

775 922 881 978 Καὶ
914 925 1003 989 είς
1033 921 1146 992 τὴν
1181 921 1525 977 ἀνάστασιν
1545 959 1564 989 ,
1611 923 1795 991 λόγος
1823 923 2063 990 λεχθεὶς
2092 923 2169 993 τῇ
2195 925 2332 994 ἁγίᾳ
2367 925 2467 977 καὶ
2489 925 2727 995 μεγάλῃ
2763 925 3032 996 Κτιριακῇ
3053 927 3159 983 τοῦ
3193 927 3430 996 Πάσχα.

563 1307 630 1374 α’.
666 1298 1002 1369 ’Ᾱπεθέμεθα
1031 1299 1130 1370 τῆς
1160 1301 1414 1370 νηστείας
1438 1301 1502 1354 τὸ
1536 1301 1788 1374 φορτίον,
1819 1300 1954 1355 ἀλλά
1987 1301 2063 1372 μὴ

493 1373 826 1460 ἀποθώμεθα
840 1390 936 1460 τῆς
951 1390 1204 1460 νηστείας
1220 1391 1310 1445 τὸν
1327 1391 1557 1463 καρπόν·
1577 1373 1692 1446 ἐστι
1714 1392 1823 1463 γὰρ
1841 1393 2064 1464 φορτίον

493 1482 792 1536 ἀποθέσθαι
812 1483 1083 1553 νηστείας,
1097 1484 1192 1536 καὶ
1211 1484 1422 1554 καρπὸν
1439 1485 1731 1555 δρέπεσθαι
1745 1499 1772 1526 ιι
1792 1485 2062 1556 νηστείας.

496 1573 779 1644 Παρῆλθεν
808 1574 837 1625 6
867 1574 1026 1636 πόνος
1052 1573 1159 1628 τῶν
1188 1575 1438 1644 ἀγώνων,
1479 1575 1617 1629 ἀλλά
1651 1576 1725 1648 μὴ
1755 1577 2001 1650 παρέλθῃ
2029 1579 2064 1649 ἡ

495 1663 700 1734 σπουδὴ
745 1663 856 1716 τῶν
905 1663 1375 1735 κατορθωμάτων·
1427 1665 1672 1734 ἀπῆλθεν
1721 1669 1756 1738 ἡ
1815 1669 2063 1739 νηστεία,

495 1751 630 1805 ἀλλά
667 1753 873 1823 μενέτω
899 1755 932 1824 ἡ
975 1755 1232 1808 εὐλάϐεια
1252 1771 1267 1786 ·
1314 1757 1513 1826 μᾶλλον
1539 1756 1594 1810 δὲ
1627 1755 1746 1812 οὐδέ
1777 1759 1811 1830 ἡ
1840 1760 2068 1830 νηστεία

495 1841 755 1911 ἀπῆλθεν.
798 1842 956 1895 Ἀλλά
989 1843 1062 1914 μὴ
1088 1843 1395 1915 φοϐηθῆτε·
1425 1845 1584 1898 τοῦτο
1623 1845 1734 1918 γὰρ
1761 1844 1915 1902 εἷπον
1947 1851 2068 1920 οὐχὶ

495 1931 689 2002 ἑτέραν
709 1933 837 2002 ὑμῖν
861 1934 1152 2002 κηρύσσων
1178 1935 1652 2006 Τεσσαρακοστὴν,
1681 1937 1814 1990 ἀλλά
1845 1937 1942 2008 τὴν
1968 1941 2067 1992 αὺ-

493 2023 592 2096 τὴν
620 2025 747 2094 ὑμῖν
782 2025 982 2094 ἀρετὴν
1012 2025 1418 2094 καταγγέλλων.
1467 2027 1748 2098 Παρῆλθεν
1787 2030 1822 2100 ἡ
1847 2029 2066 2099 νηστεία

495 2115 528 2182 ἠ
559 2114 864 2184 σωματικὴ,
906 2113 1021 2167 ἀλλ’
1047 2115 1108 2168 οὑ
1136 2115 1414 2188 παρῆλθεν
1443 2119 1477 2188 ἡ
1510 2119 1733 2187 νηστεία
1762 2120 1794 2190 ἡ
1821 2137 2068 2190 πνευμα-

493 2204 652 2272 τική·
697 2203 837 2272 αῦτη
895 2203 1118 2273 βελτίων
1169 2207 1405 2275 ἐκείνης,
1458 2207 1684 2280 κάκείνη
1735 2209 1824 2262 διὰ
1864 2211 2069 2282 ταύτην

455 2351 458 2354 λ
493 2293 730 2361 ἐγένετο.
752 2295 997 2368 Ὥσπερ,
1047 2297 1138 2350 ὅτε
1193 2299 1512 2370 ἐνηστεύετε
1533 2343 1548 2367 ,
1607 2303 1792 2370 ελεγον
1823 2304 1950 2373 ὑμῖν
1985 2306 2068 2358 ὃτι

493 2384 610 2438 ἐστι
646 2385 972 2454 νηστεύοντα
1009 2388 1082 2458 μὴ
1107 2390 1388 2460 νηστεύειν
1411 2391 1461 2456 1),
1495 2392 1637 2446 οὕτω
1664 2395 1760 2447 καὶ
1799 2393 1894 2448 νῦν
1926 2394 2069 2465 λέγω

493 2476 576 2528 ἔτι
607 2475 722 2530 ἐστι
751 2476 825 2548 μὴ
855 2469 1182 2548 νηστεύοντα
1206 2481 1506 2553 νηστεύειν.
1523 2484 1675 2555 Τάχα
1691 2485 1917 2554 αἴνιγμα
1933 2481 2068 2538 εἶναι

493 2566 642 2620 δοκεῖ
665 2567 726 2620 τὸ
749 2567 1059 2638 λεγόμενον,
1085 2569 1200 2622 ἀλλ’
1231 2570 1345 2640 ἐγὼ
1375 2571 1475 2643 τὴν
1501 2572 1656 2625 λύσιν
1697 2574 1890 2640 ἐπάγω
1914 2573 2064 2644 [458]

494 2657 572 2728 τῷ
603 2657 876 2730 ζητήματι
905 2677 920 2692 ’
967 2661 1090 2724 Πῶς
1117 2660 1232 2714 ἐστι
1263 2664 1590 2734 νηστεύοντα
1631 2663 1706 2735 μὴ
1739 2665 2019 2734 νηστεύειν
2049 2682 2064 2730 ;

496 2748 662 2801 Ὅταν
715 2765 800 2812 τις
857 2748 1160 2820 βρωμάτων
1188 2751 1286 2821 μὲν
1329 2753 1623 2824 ἀπέχηται,
1655 2755 2065 2828 ἁμαρτημάτων

493 2837 553 2891 δέ
577 2837 652 2909 μὴ
681 2839 976 2910 ἀπέχηται.
999 2842 1126 2905 Πῶς
1153 2843 1268 2896 ἐστι
1299 2844 1374 2915 μὴ
1400 2845 1730 2916 νηστεύοντα
1749 2847 2062 2918 νηστεύειν;

495 2931 662 2983 Ὅταν
709 2947 796 2992 τις
834 2932 1044 3002 τροφῆς
1087 2933 1186 3004 μὲν
1232 2935 1502 3008 ἀπολαύῃ,
1553 2938 1826 3008 ἁμαρτίας
1875 2938 1930 2991 δὲ
1991 2940 2064 3010 μὴ

495 3018 746 3091 γεύηται.
777 3019 930 3093 Αὕτη
977 3023 1199 3092 βελτίων
1245 3025 1461 3098 ἐκείνης
1498 3027 1531 3098 ή
1571 3030 1810 3098 νηστεία,
1849 3029 1909 3082 οὐ
1943 3029 2056 3100 βελ-

453 3187 456 3190 ”
495 3109 624 3164 τίων
661 3111 719 3165 δέ
771 3113 950 3184 μόνον,
991 3115 1132 3169 ἀλλά
1181 3117 1276 3172 καὶ
1324 3121 1662 3192 κουφοτέραο
1719 3123 1804 3176 ἐπ’
1851 3124 2064 3195 ἐκείνης

495 3201 596 3272 τῆς
633 3204 883 3273 νηστείας
913 3206 1194 3261 ἀσθένειαν
1224 3209 1616 3279 προεϐάλλοντο
1657 3213 1842 3267 πολλοὶ
1875 3231 2064 3284 σωμα-

495 3290 671 3362 τικὴν,
690 3293 930 3364 κνησμὸν
951 3295 1204 3362 χαλεπόν.
1221 3297 1427 3370 Ψὼρας
1445 3300 1859 3372 ἐμπέπλησμαι,
1879 3304 2062 3372 φησὶν,

497 3383 751 3437 ἀλουσίαν
789 3385 888 3456 οὐχ
925 3386 1200 3456 ὑπομένω,
1235 3391 1268 3460 ὴ
1307 3391 1604 3460 ὑδροποσία
1646 3411 1712 3462 με
1741 3394 2060 3466 διαφθείρει,

497 3473 742 3544 λαχάνων
772 3474 1138 3543 ἀπογεύεσθαι
1190 3479 1252 3531 ού
1307 3478 1562 3550 δύναμαι.
1613 3483 1793 3536 Πολλά
1841 3485 2064 3538 τοιαῦτα

496 3565 691 3634 ήκουον
723 3565 846 3618 τότε
903 3566 1170 3634 λεγόντων
1243 3569 1456 3622 πολλῶν
1489 3587 1501 3600 ·
1559 3572 1650 3624 ἐπὶ
1685 3573 1786 3642 τῆς
1815 3575 2066 3642 νηστείας

496 3655 698 3728 ταύτης
731 3667 752 3694 ε
787 3656 939 3710 οὐδὲν
971 3657 1211 3711 τοιοῦτον
1247 3659 1393 3713 ἐστιν
1429 3662 1620 3717 εἰπεῖν.
1659 3663 1922 3718 Ἀπόλαυε
1944 3665 2068 3718 λου-

495 3747 660 3818 τρῶν,
698 3748 891 3819 μέτεχε
917 3750 1214 3822 τραπέζης,
1262 3753 1540 3824 οἱνοποσίᾳ
1587 3755 1824 3825 κέχρησο
1858 3757 2068 3828 συμμέ-

495 3855 630 3909 τρῳ,
668 3839 774 3892 κᾶν
798 3841 975 3912 κρεῶν
1009 3841 1372 3910 ἀπογεύεσθαι
1411 3844 1628 3918 μέλλῃς,
1668 3848 1696 3898 6
1721 3847 1942 3901 κωλύων
1973 3851 2066 3902 οὑ·-

497 3926 642 4011 δείς·
671 3927 888 3981 πάντων
909 3929 1236 3996 άπόλαυσον,
1270 3933 1432 4003 μόνον
1473 3936 1748 4007 ἁμαρτίας
1775 3939 2062 4011 ἀπόστηθί.

497 4009 651 4082 Εἶδες
683 4018 800 4081 πῶς
834 4020 998 4073 πᾶσιν
1028 4021 1165 4092 αῦτη
1217 4023 1371 4094 ῥᾳδία
1415 4027 1448 4096 ἡ
1489 4029 1750 4098 νηστεία;
1793 4031 1907 4083 Οὐκ
1952 4009 2066 4085 ἐστι

498 4104 748 4176 σώματος
774 4107 1056 4163 ἀσθένειαν
1099 4111 1499 4181 προϐάλλεσθαι
1520 4130 1534 4143 ·
1566 4115 1664 4185 τῆς
1687 4115 1864 4187 ψυχῆς
1901 4118 2067 4170 καθα-

501 4195 592 4266 ρόν
621 4199 737 4248 ἐστι
768 4196 830 4248 τὸ
853 4198 1201 4268 κατόρθωμα.
1236 4201 1391 4254 Ἐστι
1417 4204 1510 4256 καὶ
1549 4205 1621 4276 μὴ
1650 4205 1873 4259 πίνοντα
1899 4205 2060 4272 οἶνον,

501 4278 738 4348 μεθύειν,
766 4281 858 4333 καὶ
889 4281 1111 4334 πίνοντα
1163 4279 1304 4336 οἶνον
1337 4289 1632 4359 σωφρονεῖν
1657 4305 1672 4318 ·
1697 4290 1790 4343 καὶ
1811 4291 1889 4342 ὄτι
1917 4290 2061 4344 ἔστιν

497 4368 624 4423 ἄνευ
673 4372 815 4424 οίνου
850 4371 1009 4442 μέθη,
1056 4373 1286 4428 ἄκουσον
1339 4376 1430 4430 τοῦ
1465 4379 1738 4450 προφήτου
1779 4379 2058 4449 λέγοντος·

500 4459 646 4516 Οὐαὶ
671 4463 725 4515 οί
743 4463 1066 4532 μεθύοντες
1097 4463 1243 4519 ἄνευ
1269 4465 1438 4521 οἴνου
1457 4486 1471 4499 ·
1502 4469 1596 4522 καὶ
1623 4471 1738 4534 πῶς
1771 4471 1913 4526 ἐστιν
1935 4473 2060 4526 ἄνευ

497 4553 638 4607 οἴνου
669 4552 886 4623 μεθύειν
905 4571 918 4616 ;
939 4553 1104 4608 Ὅταν
1131 4555 1191 4609 τὸ
1215 4557 1452 4629 ἄκρατον
1469 4559 1576 4612 τῶν
1600 4561 1788 4616 παθῶν
1819 4563 1891 4633 μὴ
1913 4565 2067 4634 κερά-

497 4660 598 4714 σῃς
631 4643 844 4696 εὐσεϐεῖ
891 4643 1154 4716 λογισμῷ.
1201 4648 1355 4701 Ἔστι
1401 4649 1498 4702 καὶ
1551 4651 1774 4705 πίνοντα
1807 4649 1949 4706 οἶνον
1991 4654 2066 4726 μὴ

500 4734 751 4806 μεθύειν·
787 4737 881 4790 καὶ
905 4738 954 4790 εί
979 4738 1053 4808 μὴ
1086 4738 1244 4791 τοῦτο
1273 4735 1360 4810 ἦν,
1395 4740 1495 4794 οὐκ
1529 4742 1596 4795 ἂν
1619 4742 1776 4798 τοῦτο
1808 4745 2067 4812 ἐπέταξεν

497 4825 526 4878 ό
574 4827 784 4891 Παῦλος
811 4827 886 4898 τῷ
916 4828 1167 4900 Τιμοθέῳ
1197 4831 1424 4900 γράφων
1467 4832 1639 4897 οὕτως
1657 4851 1669 4864 ·
1707 4837 1859 4904 Οίνῳ
1886 4839 2068 4908 ὀλίγῳ

497 4916 620 4988 χρῶ
643 4917 742 4971 διὰ
767 4918 874 4972 τὸν
903 4919 1212 4988 στόμαχόν
1251 4936 1369 4976 σου
1417 4923 1512 4976 καὶ
1539 4925 1646 4990 τὰς
1688 4927 1923 4993 πυκνάς
1951 4943 2067 4982 σου

497 5008 832 5076 ἀσθενείας.
871 5009 1024 5080 Μέθη
1066 5009 1176 5082 γάρ
1215 5011 1369 5066 οὐδὲν
1398 5011 1586 5084 ἕτερόν
1605 5017 1750 5070 ἐστιν
1775 5017 1942 5089 ἀλλ’ἢ
1980 5019 2069 5073 ἐκ·

501 5114 688 5163 στασις
701 5099 810 5154 τῶν
829 5101 970 5154 κατά
985 5100 1146 5171 φύσιν
1167 5103 1398 5172 φρενῶν,
1429 5108 1755 5177 παρατροπὴ
1773 5107 2065 5180 λογισμῶν,

498 5189 705 5260 ἐρημία
746 5191 1004 5257 διανοίας,
1063 5194 1224 5247 πενία
1269 5195 1555 5260 συνέσεως.
1613 5197 1796 5252 Ταῦτα
1825 5199 1882 5253 δέ
1909 5202 2007 5272 οὐχ
2034 5204 2067 5272 ἡ

502 5281 641 5356 μέθη
683 5287 829 5338 ποιεί
860 5286 994 5357 μόνη
1028 5287 1060 5356 ή
1102 5286 1160 5352 ἐξ
1211 5289 1379 5349 οἴνου,
1434 5272 1572 5342 ἀλλὰ
1623 5291 1719 5344 καὶ
1755 5292 1895 5364 μέθη
1944 5297 1976 5366 ἡ
2010 5295 2070 5360 ἐξ

498 5377 669 5448 ὀργῆς
699 5377 798 5432 καὶ
822 5378 1120 5448 ἐπιθυμίας
1144 5379 1368 5434 ἀτόπου.
1409 5380 1675 5452 Καθάπερ
1697 5383 1805 5456 γὰρ
1837 5387 2068 5457 πυρετὸν

563 5524 735 5600 τεεε-
761 5525 1089 5600 εδρέψατσιαι-
1188 5589 1199 5600 ,
1399 5585 1414 5600 ,

557 5584 587 5624 δ
615 5584 733 5662 Βριξ.
760 5593 814 5634 el
835 5584 979 5662 (Eoisl.
1007 5589 1106 5660 ἐστι
1143 5589 1206 5648 μή
1247 5585 1532 5642 νηστεύοντα
1571 5593 1826 5654 νηστεύειν,
1851 5597 1931 5644 καὶ
1965 5597 2066 5647 ἔστι

501 5649 786 5702 πιστεύοντα
809 5649 871 5710 μὴ
892 5649 1146 5705 νηστεύειν.

568 5711 588 5736 ε
622 5706 744 5770 Reg.
772 5708 802 5754 2
825 5713 876 5757 et
896 5708 1093 5759 Coislin.
1119 5707 1292 5766 ταύτης
1310 5713 1393 5766 τῆς
1411 5719 1740 5773 πνευματικῆς.

2168 1301 2267 1372 μὲν
2291 1302 2435 1353 ποιεί
2459 1300 2755 1372 ἀγρυπνία,
2785 1302 2929 1353 ποιεί
2951 1300 3009 1354 δὲ
3029 1300 3219 1367 κόπος,
3257 1305 3402 1356 ποιεῖ
3427 1303 3484 1356 δὲ
3511 1304 3740 1375 ἀθυμία,

2165 1395 2308 1446 ποιεῖ
2349 1392 2406 1445 δὲ
2433 1391 2608 1462 χυμὸς
2649 1391 3044 1462 διεφθαρμένος
3068 1431 3083 1456 ,
3129 1395 3227 1447 καὶ
3273 1393 3528 1466 διάφορος
3571 1397 3672 1466 μὲν
3703 1400 3737 1466 ἠ

2165 1482 2436 1546 ὑπόθεσις,
2461 1482 2518 1536 ἐν
2541 1484 2596 1536 δέ
2615 1483 2676 1536 τὸ
2705 1482 2876 1545 πάθος
2906 1483 3002 1536 καὶ
3034 1484 3096 1537 τὸ
3111 1484 3345 1554 νόσημα·
3362 1485 3502 1540 οὕτω
3520 1488 3615 1539 καὶ
3649 1490 3743 1540 ἐπὶ

2161 1573 2400 1626 τούτων·
2434 1576 2576 1626 ποιεῖ
2620 1573 2720 1644 μὲν
2757 1567 2899 1636 οἶνος
2933 1573 3129 1644 μέθην,
3157 1578 3305 1628 ποιεῖ
3347 1575 3406 1629 δὲ
3455 1577 3740 1649 ἐπιθυμία,

2165 1663 2392 1716 ποιεῖδέ
2424 1663 2602 1733 χυμὸς
2631 1662 3043 1733 διεφθαρμένος,
3081 1664 3176 1716 καὶ
3230 1663 3486 1736 διάφορος
3547 1668 3646 1736 μὲν
3705 1671 3740 1740 ἡ

2165 1751 2438 1816 ὑπόθεσις,
2470 1753 2527 1805 ἐν
2550 1751 2607 1804 δέ
2631 1753 2688 1805 τὸ
2707 1751 2878 1817 πάθος
2903 1754 2998 1806 καὶ¹
3018 1751 3079 1806 τὸ
3101 1754 3337 1826 νόσημα.
3381 1759 3739 1829 ’Λπεχώμεθα

2169 1843 2339 1916 μέθης
2361 1861 2376 1877 ·
2410 1844 2472 1897 ού
2501 1844 2644 1913 λέγω
2677 1843 3009 1916 ἀπεχώμεθα
3041 1845 3208 1911 οίνου,
3241 1847 3358 1900 ἀλλ’
3409 1849 3740 1920 ἀπεχώμεθα

2170 1935 2374 2006 μέθης·
2429 1936 2530 1989 οὐκ
2575 1931 2716 1998 οῐνος
2769 1937 2917 1989 ποιεῖ
2967 1935 3174 2007 μέθην·
3227 1939 3431 2009 κτίσμα
3480 1943 3588 2012 γάρ
3625 1943 3742 1996 ἐστι

2166 2025 2324 2090 Θεοῦ,
2382 2025 2518 2079 Θεοῦ
2563 2025 2619 2078 δὲ
2669 2027 2877 2096 κτίσμα
2927 2027 3082 2080 οὐδὲν
3119 2031 3264 2081 ποιεῖ
3301 2031 3558 2100 πονηρὸν,
3605 2032 3744 2088 ἀλλὰ

2167 2116 2485 2187 προαίρεσις
2533 2115 2748 2187 πονηρά
2798 2117 2947 2169 ποιεῖ
2979 2115 3171 2186 μέθην.
3223 2119 3334 2171 Καὶ
3364 2121 3446 2172 ὅτι
3499 2119 3745 2174 ἐστικαὶ

2168 2209 2341 2273 ἄλλως
2373 2208 2594 2280 μεθύειν
2639 2209 2760 2278 οὐχὶ
2787 2208 2916 2278 οἴνῳ
2951 2208 3116 2279 μόνῳ,
3149 2209 3379 2262 ἄκουσον
3423 2211 3478 2263 τί
3520 2230 3684 2282 φησιν
3714 2216 3746 2266 ὁ

2168 2300 2408 2365 Παῦλος·
2433 2300 2531 2367 Μὴ
2557 2301 2938 2368 μεθύσκεσθε
2962 2299 3123 2363 οϊνῳ·
3151 2283 3364 2363 δεικνύς
3385 2301 3465 2354 ὅτι
3501 2301 3616 2354 ἐστι
3645 2305 3746 2355 καὶ

2167 2391 2342 2454 ἄλλως
2391 2389 2789 2460 μεθύσκεσθαι·
2831 2387 2931 2454 Μὴ
2955 2389 3332 2456 μεθύσκεσθε
3365 2390 3529 2454 οϊνῳ,
3571 2390 3642 2443 ἐν
3691 2383 3746 2455 ᾧ

2166 2479 2338 2533 ἐστιν
2361 2479 2612 2533 ἀσωτία.
2655 2477 2984 2548 Θαυμασίως
3019 2477 3075 2530 ἐν
3107 2476 3298 2547 βραχεῖ
3323 2479 3528 2548 ῥήματι
3559 2480 3744 2531 πᾶσαν

2169 2573 2269 2641 τῆς
2297 2569 2466 2640 μέθης
2487 2570 2584 2641 τὴν
2605 2568 2942 2638 κατηγορίαν
2972 2562 3115 2623 εἶπε.
3151 2569 3216 2621 Τί
3249 2570 3388 2629 ἐστι,
3430 2568 3527 2637 Μὴ
3561 2569 3746 2637 μεθύ-

2171 2663 2394 2714 σκεσθε
2431 2659 2595 2726 οϊνῳ,
2629 2659 2699 2711 ἐν
2725 2651 2774 2724 ᾧ
2815 2658 2988 2711 ἐστιν
3027 2656 3289 2718 ἀσωτίας
3333 2655 3600 2720 Ἀσάντους
3630 2656 3746 2708 τῶν

2170 2750 2305 2804 νέων
2333 2750 2568 2813 ἐκείνους
2595 2748 2888 2819 καλοῦμεν,
2907 2749 3034 2812 τοὺς
3059 2747 3312 2819 πατρῷον
3331 2747 3745 2818 διαδεξαμένους

2169 2840 2410 2913 κλῆρον,
2459 2840 2554 2894 καὶ
2603 2841 2782 2894 πάντα
2831 2838 3028 2909 ἀθρόον
3085 2837 3470 2909 ἐκφοροῦντας,
3533 2837 3626 2890 καὶ
3662 2837 3744 2906 μὴ

2167 2931 2567 3002 λογιζομένους,
2609 2928 2714 2983 τίνι
2739 2929 2843 2999 χρὴ
2878 2926 3083 2990 δοῦναι,
3125 2927 3220 2981 καὶ
3244 2927 3374 2980 πότε
3396 2926 3598 2991 δοῦναι,
3623 2925 3746 2978 ἀλλ’

2168 3023 2374 3088 ἁπλῶς,
2417 3022 2510 3074 καὶ
2553 3021 2765 3091 ἱμάτια,
2811 3017 2904 3070 καὶ
2933 3018 3176 3088 χρυσίον,
3214 3018 3307 3070 καὶ
3335 3019 3616 3090 ἀργύριον,
3645 3018 3747 3071 καὶ

2169 3113 2347 3167 πάντα
2375 3112 2465 3164 τὸν
2491 3110 2742 3181 πατρῷον
2772 3107 2999 3161 πλοῦτον
3023 3108 3376 3177 διανέμοντας
3425 3109 3504 3171 εἰς
3537 3108 3748 3177 πόρνας

2165 3206 2260 3258 καὶ
2307 3203 2556 3272 λάγνους.
2602 3199 2854 3254 Τοιοῦτόν
2880 3199 3029 3251 ἐστιν
3068 3201 3101 3269 ἡ
3135 3198 3273 3270 μέθη
3296 3199 3515 3270 ’ὥσπερ
3533 3199 3747 3252 ἄσωτον

2163 3291 2398 3344 λαόοῦσα
2432 3291 2548 3342 νέον
2574 3289 2671 3360 τὴν
2697 3289 2935 3343 διάνοιαν
2967 3284 3116 3358 [459]
3147 3285 3254 3340 τῶν
3279 3285 3607 3356 μεθυόντων,
3646 3287 3746 3338 καὶ

2166 3381 2611 3452 αἰχμαλωτίσασα
2635 3380 2725 3432 τὸν
2757 3376 3037 3446 λογισμὸν,
3073 3376 3292 3429 ἃπασαν
3331 3375 3490 3446 ἡμῶν
3530 3376 3628 3446 τὴν
3651 3377 3748 3428 οὐ·

2167 3472 2286 3525 σίαν
2331 3471 2441 3524 τῶν
2473 3471 2758 3540 νοημάτων
2788 3467 3213 3537 ἀπερισκέπτως
3247 3468 3341 3521 καὶ
3376 3469 3547 3537 χωρίς
3593 3483 3748 3531 τινος

2165 3562 2448 3634 ἀκριϐείας
2472 3563 2681 3630 ἐκχέειν
2719 3559 3144 3627 καταναγκάζει.
3185 3559 3242 3611 Ὀ
3269 3557 3482 3628 μεθύων
3506 3557 3607 3609 οὐκ
3631 3553 3748 3611 οἶδε

2164 3655 2215 3706 τί
2249 3656 2345 3724 μὲν
2376 3655 2547 3706 εἰπεῖν
2593 3651 2720 3722 χρὴ,
2760 3652 2813 3704 τί
2865 3650 2924 3702 δὲ
2969 3651 3217 3719 σιγῆσαι,
3277 3649 3394 3703 ἀλλ’
3450 3649 3740 3719 ἀθύρωτον

2165 3745 2328 3799 αὑτοῦ
2363 3744 2422 3796 τὸ
2459 3743 2631 3812 στόμα
2677 3743 2978 3812 διηνεκῶς⁹
3037 3742 3232 3814 μοχλὸς
3291 3741 3391 3794 οὐκ
3441 3739 3744 3808 ἐπίκειται,

2166 3838 2285 3890 οὐδὲ
2317 3835 2474 3907 θύρα.
2497 3837 2607 3897 τοῖς
2635 3835 2865 3905 χείλεσιν
2888 3851 2899 3865 ι
2933 3835 2960 3887 6
2991 3833 3202 3904 μεθύων
3237 3832 3337 3885 οὐκ
3363 3827 3501 3884 οἶδεν
3532 3832 3750 3884 οἰκονο-

2169 3929 2340 3999 μῆσαι
2361 3929 2483 3991 τοὺς
2509 3926 2700 3994 λόγους
2717 3925 2877 3981 αὑτοῦ
2899 3927 2960 3980 ἐν
2985 3925 3186 3998 κρίσει,
3213 3923 3312 3977 οὐκ
3337 3918 3446 3975 οἶδε
3477 3921 3748 3975 διαθεῖναι

2127 4075 2132 4078 _
2165 4020 2255 4073 τὸν
2276 4018 2506 4072 πλοῦτον
2527 4019 2626 4088 τῆς
2649 4018 2907 4083 διανοίας,
2942 4019 3042 4070 οὐκ
3061 4013 3166 4069 οἶδε
3194 4015 3263 4068 τὰ
3294 4015 3391 4086 μὲν
3419 4013 3758 4078 ἀποθέσθαι,“

2165 4111 2234 4164 τὰ
2284 4111 2342 4164 δὲ
2393 4109 2690 4172 ἀναλῶσαι,
2737 4109 2876 4164 ἀλλά
2929 4111 3104 4162 πάντα
3157 4109 3340 4160 ἐκεῖνα
3402 4106 3613 4176 δαπάνη
3648 4107 3746 4159 καὶ

2167 4203 2367 4269 ἔξοδος.
2409 4200 2687 4263 Ἐκούσιος
2717 4199 2882 4270 μανία
2931 4198 3092 4269 μέθη,
3129 4197 3388 4268 προδοσία
3415 4195 3691 4265 λογισμῶν
3727 4213 3742 4226 ·

2170 4291 2307 4362 μέθη
2349 4287 2604 4360 συμφορά
2635 4287 3056 4358 καταγελωμένη
3077 4285 3130 4350 (ι,
3163 4285 3374 4356 νόσημα
3411 4283 3744 4355 χλευαζόμε-

2166 4399 2276 4442 νον.
2327 4380 2536 4451 δαίμων
2583 4377 2929 4450 αὐθαίρετος,
2974 4378 3071 4432 καὶ
3118 4375 3547 4448 παραφροσύνης
3578 4375 3742 4445 χαλε-

2167 4472 2406 4544 πωτέρα.

2239 4565 2304 4637 β’.
2325 4564 2512 4618 Βούλει
2529 4562 2718 4634 μαθεῖν
2745 4562 2861 4626 πῶς
2877 4563 2904 4616 6
2926 4560 3136 4633 μεθύων
3153 4559 3360 4614 καὶτοῦ
3382 4557 3746 4630 δαιμονῶντός

2166 4662 2280 4714 ἐστι
2305 4657 2500 4731 χείρων
2519 4674 2532 4722 ;
2555 4655 2656 4709 Τὸν
2685 4655 3020 4726 δαιμονῶντα
3039 4653 3235 4716 πάντες
3251 4651 3526 4721 ἐλεοῦμεν,
3554 4649 3746 4704 τοῦτον

2165 4751 2222 4804 δὲ
2252 4747 2514 4820 μισοῦμεν
2537 4765 2548 4778 ·
2585 4747 2778 4815 ἐκείνῳ
2811 4743 3202 4814 συναλγοῦμεν,
3237 4743 3410 4813 τούτῳ
3437 4744 3498 4796 δὲ
3528 4741 3746 4814 ὀργιζόο

2171 4840 2310 4912 μεθα
2340 4840 2432 4893 καὶ
2473 4838 2907 4908 ἀγανακτοῦμεν.
2943 4838 3008 4890 Τί
3049 4837 3282 4906 δήποτε;
3323 4836 3548 4904 Ἐκείνῳ
3585 4847 3607 4872 θ
3641 4832 3745 4903 μὲν

2169 4933 2421 5004 ἐπήρεια,
2485 4929 2657 5001 τούτῳ
2711 4929 2768 4982 δὲ
2824 4928 3066 5000 ῥᾳθυμία
3097 4927 3160 4980 τὸ
3192 4927 3380 4990 πάθος·
3406 4927 3595 4996 ἐκείνῳ
3621 4927 3749 4978 ἐπι-

2168 5021 2331 5091 ϐουλὴ
2398 5019 2626 5090 ἐχθρῶν,
2669 5019 2842 5087 τούτῳ
2879 5017 2936 5070 δέ
2981 5016 3243 5087 ἐπιϐουλὴ
3287 5017 3596 5086 λογισμῶν·
3649 5021 3746 5070 καὶ

2168 5114 2392 5168 τοιαῦτα
2410 5112 2610 5182 πάσχει
2675 5109 2694 5148 ί
2751 5108 2828 5179 τῷ
2857 5107 3180 5178 δαιμονῶντι
3217 5109 3246 5160 6
3277 5107 3514 5178 μεθύων,
3540 5107 3744 5178 ὁμοίως

2169 5207 2544 5278 περιφέρεται,
2599 5203 2800 5272 ὁμοίως
2841 5199 3149 5270 ἐξέστηκεν,
3164 5199 3364 5270 ὁμοίως
3383 5198 3742 5266 καταπίπτει,

2168 5298 2366 5369 ὁμοίως
2395 5294 2709 5364 διαστρέφει
2735 5291 2830 5354 τὰς
2856 5291 3044 5362 κόρας,
3076 5291 3277 5362 ὁμοίως
3309 5290 3530 5362 σπαίρει
3551 5290 3744 5360 κείμε-

2170 5405 2259 5450 νος
2287 5387 2376 5440 ἐπὶ
2399 5385 2495 5454 τῆς
2530 5383 2632 5453 γῆς
2660 5384 2684 5422 ⁸
2703 5399 2716 5411 ⁸
2751 5380 2926 5451 ἀφρὸν
2955 5382 3019 5433 ἐκ
3044 5381 3139 5433 τοῦ
3173 5381 3438 5450 στόματος
3464 5379 3739 5450 προΐεται,

2235 5528 2259 5566 (1
2289 5528 2405 5589 Reg.
2433 5527 2464 5573 2
2495 5523 3117 5590 φορᾲγκαταγεῖᾹιίἱ-οῐηηρε
3141 5527 3357 5589 συμφορὰ
3381 5541 3549 5586 καταγ.

2237 5603 2259 5649 ς
2285 5585 2482 5638 (ἶοίἷίιὶιι.
2506 5585 2768 5649 τί-δήποτς
2794 5585 3186 5649 Ἐπειδὴἒέκεὶνῳ.

2239 5648 2258 5686 ί
2289 5650 2437 5699 Savil.
2461 5651 2508 5697 in
2535 5661 2688 5709 marg.
2710 5648 2770 5694 τὸ.
2792 5647 2914 5695 αὐτὰ
2939 5647 3130 5704 πάσχει.

2236 5714 2258 5750 ⁸
2281 5711 2480 5763 Coislin.
2509 5711 2580 5759 ἐπ’
2603 5709 2824 5772 ἐδάφους,

3623 307 3730 364 434
3819 334 3824 338 ·
