4038 6204
342 241 444 296 εδδ

1261 242 1349 296 DE
1388 239 1977 298 RESURRECTIONE
2020 239 2080 293 D.
2125 238 2192 297 Ν.
2231 240 2392 299 JESU
2437 241 2733 299 CHRISTI.

3480 250 3590 301 «151

1326 627 1640 723 ADVE
1665 630 1944 721 RSUS
2019 629 2610 723 EBBIOSOS

489 857 567 904 ET
603 858 684 902 ma
724 857 1264 914 BESURRECTIONE,
1319 859 1528 904 SERMO
1575 862 1842 905 manus
1896 862 1963 906 IN
2018 865 2246 907 sane“
2296 865 2370 907 nr
2413 862 2626 910 metu
2672 866 2973 910 oommca
3021 869 3272 911 pascam
3322 849 3430 931 (a).

383 1163 436 1216 l.
478 1160 592 1215 Veri
609 1162 788 1232 jejunii
808 1161 1228 1232 ratio.—Jejunii
1253 1165 1515 1218 sarcinam
1541 1165 1903 1235 deposuimus,

306 1254 407 1308 sed
441 1269 510 1307 ne
551 1252 785 1307 fructum
827 1253 1015 1324 jejunii
1051 1253 1384 1322 deponamus
1413 1272 1427 1308 :
1459 1270 1740 1324 possumus
1763 1257 1904 1312 enim

304 1346 496 1415 jejunii
519 1346 788 1401 sarcinam
820 1347 1089 1415 deponere
1117 1357 1170 1400 et
1213 1346 1402 1416 jejunii
1456 1347 1680 1401 fructum
1718 1348 1907 1403 decer-

306 1453 457 1508 pere.
491 1437 756 1492 Prteteriit
785 1436 934 1490 labor
953 1437 1321 1501 certaminum,
1360 1438 1451 1491 sed
1494 1453 1596 1492 non
1629 1448 1908 1506 praetereat

305 1530 547 1584 studium
579 1538 727 1584 recte
769 1529 1027 1583 factorum
1061 1549 1074 1583 :
1103 1530 1363 1599 jejunium
1407 1531 1557 1594 abiit,
1591 1532 1682 1586 sed
1725 1531 1908 1600 religio

308 1631 528 1674 maneat
557 1638 569 1672 :
603 1620 713 1674 imo
743 1635 871 1674 vero
896 1635 962 1673 ne
976 1620 1239 1690 jejunium
1263 1621 1478 1691 quidem
1505 1622 1653 1677 abiit.
1688 1622 1909 1676 Verum-

308 1727 494 1772 tamen
520 1716 686 1771 nolite
714 1717 904 1770 timere
932 1734 945 1768 :
987 1716 1088 1770 hoc
1113 1717 1256 1770 eiiim
1284 1716 1414 1782 dixi,
1460 1732 1563 1771 non
1597 1727 1652 1771 ut
1687 1717 1906 1771 alteram

310 1808 468 1861 vobis
518 1805 991 1876 Quadragesimam
1044 1806 1473 1876 promulgarent,
1520 1807 1615 1862 sed
1659 1814 1714 1861 ut
1758 1807 1910 1862 vobis

307 1902 561 1957 eamdem
603 1901 850 1954 virtutem
884 1897 1258 1953 annuntiarem
1307 1917 1322 1952 :
1353 1899 1612 1969 jejunium
1655 1900 1911 1968 praeteriit

305 1990 621 2059 corporale,
652 1989 744 2044 sed
768 1989 1029 2058 jejunium
1060 2005 1165 2043 non
1191 1991 1452 2060 praeteriit.
1481 1991 1785 2058 Spirituale:
1811 1991 1912 2044 hoc

312 2083 624 2136 meliuscst
664 2083 766 2145 illo,
791 2091 844 2136 et
897 2081 1024 2135 illud
1073 2091 1287 2151 prOpter
1330 2083 1430 2136 hoc
1463 2093 1544 2136 est
1587 2081 1907 2139 institutum.

312 2172 795 2240 Quemadmodum,
820 2189 945 2228 cum
987 2173 1320 2242 jejunaretis,
1347 2173 1588 2229 dicebam
1619 2173 1769 2227 vobis
1797 2173 1909 2227 fieri

309 2280 499 2334 posse,
529 2274 586 2318 ut
611 2266 732 2334 quis
754 2265 1048 2334 jejunando
1061 2281 1168 2319 non
1192 2265 1420 2334 jejunet,
1451 2267 1520 2319 ita
1543 2276 1597 2320 et
1623 2281 1762 2320 nunc
1788 2267 1911 2320 dico

309 2357 431 2410 fieri
463 2371 639 2425 posse,
675 2366 732 2411 ut
760 2359 879 2427 quis
926 2370 1031 2410 non
1068 2357 1358 2426 jejnnando
1406 2357 1624 2426 ieiunet.
1661 2351 1911 2426 Aﬁnigma

307 2448 544 2502 furuisse
567 2447 772 2502 videtur
805 2447 854 2500 id
881 2447 1024 2517 quod
1051 2448 1252 2502 dictum
1281 2459 1382 2514 est,
1416 2463 1597 2502 verum
1637 2463 1736 2518 ego
1763 2464 1912 2517 qun:-

306 2538 481 2592 stioni
522 2539 843 2595 solutionem
878 2539 1164 2610 adjungam
1205 2545 1337 2609 :qui
1378 2539 1492 2594 fieri
1523 2549 1694 2608 potest
1713 2547 1771 2593 ut
1793 2540 1913 2609 quis

302 2629 607 2700 jejunando
635 2646 742 2685 non
765 2631 968 2700 jejunet
990 2630 1014 2684 ἲ
1036 2631 1168 2686 Cum
1199 2631 1319 2701 quis
1340 2645 1367 2684 a
1387 2631 1522 2686 cibis
1542 2631 1753 2700 quidem
1787 2632 1912 2685 abs-

308 2723 472 2786 tinet,
501 2738 605 2775 non
642 2722 874 2777 abstinet
907 2731 1087 2777 autem
1109 2738 1137 2774 a
1167 2726 1417 2792 peccatis.
1444 2719 1554 2790 Qui
1573 2731 1748 2792 potest
1775 2721 1910 2788 ﬁeri,

311 2824 379 2866 ut
419 2828 525 2867 non
561 2814 854 2882 jejunando
892 2815 1010 2883 quis
1041 2815 1284 2884 jejunet?
1323 2814 1456 2870 Cum
1501 2815 1621 2885 quis
1649 2816 1915 2870 alimentis

308 2905 537 2976 quidem
566 2906 778 2970 fruitur,
806 2916 1079 2976 peccatum
1110 2923 1237 2962 vero
1267 2923 1372 2961 non
1414 2916 1626 2977 gustat;
1669 2908 1769 2961 hoc
1797 2922 1913 2960 me-

313 2999 424 3052 lius
447 3009 533 3052 est
558 2999 649 3052 illo
669 2999 952 3068 jejunium,
978 3015 1150 3069 neque
1176 2999 1366 3054 melius
1387 3008 1614 3066 tantum,
1637 2999 1730 3055 sed
1755 3000 1914 3054 etiam

313 3089 490 3144 levius
518 3108 533 3144 :
567 3090 705 3143 illius
730 3090 915 3159 jejunii
957 3101 1196 3159 tempore
1225 3091 1375 3144 multi
1400 3092 1645 3159 corporis
1677 3091 1915 3145 imbecil-

313 3182 525 3236 litatem
583 3182 985 3248 obtendebant,
1033 3182 1318 3237 molestum
1378 3183 1684 3252 pruritum:
1729 3182 1918 3238 Scabie

313 3275 554 3342 repletus
580 3288 720 3340 sum,
744 3275 929 3344 inquit,
957 3274 1195 3328 illuviem
1228 3290 1330 3328 non
1376 3274 1486 3328 fero
1517 3293 1530 3327 :
1575 3289 1726 3343 aqua:
1765 3283 1917 3343 potus

317 3382 410 3421 nte
437 3375 626 3420 enecat
650 3385 664 3420 :
693 3368 837 3421 olera
864 3368 1144 3438 degustare
1184 3383 1288 3422 non
1323 3382 1558 3437 possum.
1584 3368 1746 3422 Multa
1775 3367 1919 3437 ejus-

318 3457 470 3512 modi
498 3459 586 3527 qui
629 3468 740 3513 tum
764 3458 1007 3514 dicerent
1031 3460 1310 3514 audiebam
1339 3461 1536 3514 multos
1571 3478 1582 3513 :
1615 3460 1682 3515 de
1714 3459 1812 3514 hoc
1835 3461 1918 3529 je-

317 3550 476 3619 junio
505 3553 521 3581 ί
554 3551 683 3605 nihil
713 3552 816 3606 tale
843 3552 948 3607 dici
993 3563 1186 3623 patest.
1229 3553 1431 3608 Fruere
1468 3553 1693 3621 balneis,
1719 3569 1919 3609 mensae

322 3645 590 3715 particeps
619 3653 756 3709 esto,
787 3645 892 3699 vini
923 3657 1071 3701 utere
1117 3657 1245 3716 potu
1289 3646 1596 3711 moderato;
1646 3647 1770 3701 licet
1820 3648 1918 3702 de-

319 3743 545 3804 gustare
573 3751 765 3791 carnes
791 3738 1009 3806 pariter,
1040 3749 1118 3791 est
1151 3739 1240 3806 qui
1269 3737 1544 3806 prohibeat
1571 3753 1727 3793 nemo
1758 3757 1771 3794 :
1801 3755 1920 3792 οιιι-

325 3827 492 3882 nibus
519 3827 712 3894 fruere,
737 3838 941 3884 tantum
967 3829 1176 3884 abstine
1205 3845 1233 3881 a
1269 3838 1502 3898 peccato.
1535 3828 1697 3884 Vides
1723 3839 1779 3883 ut
1805 3845 1921 3884 om-

327 3918 498 3972 nibus
517 3916 666 3973 facile
689 3921 754 3973 sit
784 3919 1196 3989 hoejejunium?
1226 3919 1338 3974 Non
1364 3920 1605 3989 corporis
1641 3919 1920 3974 imbecilli-

328 4018 507 4065 tatem
530 4010 648 4066 licet
663 4011 946 4068 obtendere
972 4031 984 4067 :
1011 4029 1216 4067 merum
1239 4013 1522 4068 estanitnae
1539 4021 1685 4068 recte
1704 4013 1917 4068 factum.

329 4103 525 4158 Potest
546 4103 699 4160 etiam
719 4105 981 4176 quispiam
1009 4120 1114 4158 non
1136 4105 1364 4159 bibendo
1382 4105 1559 4160 vinum
1583 4104 1761 4159 ebrius
1778 4118 1918 4173 esse,

323 4207 384 4252 et
416 4197 596 4251 vinum
623 4196 851 4253 bibendo
873 4198 1086 4253 sobrius
1109 4213 1249 4252 esse.
1274 4200 1447 4267 Atque
1466 4197 1776 4252 ebrietatem
1799 4211 1922 4253 esse

328 4291 537 4358 absque
566 4291 689 4343 vino
715 4289 863 4344 disce
908 4305 973 4344 ex
1007 4289 1264 4358 propheta
1293 4289 1526 4353 dicente,
1567 4287 1654 4342 Vw
1690 4289 1775 4359 qui
1801 4289 1922 4342 ebrii

329 4385 450 4437 eatis
477 4384 660 4453 absque
687 4385 800 4438 vino
823 4383 978 4455 (lsai.
1001 4385 1087 4438 28.
1124 4382 1263 4454 l),et
1292 4384 1561 4453 quomodo
1591 4383 1704 4438 fieri
1748 4392 1925 4453 potest

329 4485 392 4531 ut
414 4476 619 4544 absque
649 4476 772 4529 vino
800 4477 918 4545 quis
949 4475 1273 4530 inebrietur?
1300 4475 1431 4528 Cum
1470 4475 1921 4543 perturbationum

329 4582 540 4620 merum
572 4567 819 4635 religiosa
850 4567 1076 4630 ratione,
1101 4566 1183 4634 pia
1215 4565 1532 4634 cogitatione
1554 4565 1771 4621 minimc
1791 4574 1927 4619 tem-

333 4657 567 4726 peraris.
599 4655 783 4710 Potest
811 4665 867 4710 et
907 4656 1096 4726 aliquis
1143 4655 1372 4711 bibendo
1404 4655 1582 4709 vinum
1608 4655 1789 4710 ebrius
1819 4670 1924 4710 non

332 4763 454 4803 esse
486 4767 500 4802 :
533 4764 596 4804 ac
622 4749 673 4802 ni
703 4749 773 4802 ita
803 4757 964 4809 esset,
1008 4763 1112 4803 non
1150 4748 1252 4803 hoc
1283 4748 1563 4802 Timotheo
1603 4749 1792 4802 Paulus
1821 4749 1924 4801 int-

333 4851 599 4910 perasset,
627 4839 695 4893 ad
721 4855 841 4894 eum
873 4840 1112 4895 scribens
1141 4840 1190 4894 in
1218 4839 1332 4894 lucc
1362 4839 1520 4894 verba
1544 4856 1560 4894 :
1587 4838 1788 4893 Modico
1814 4841 1927 4893 virm

333 4944 475 4986 utere
501 4943 710 5003 propter
730 4933 1043 4985 stomachum
1074 4941 1214 4984 tuum
1241 4942 1288 4984 et
1333 4935 1609 5001 frequentes
1636 4939 1747 4984 tuas
1774 4930 1926 4998 inﬁr-

334 5026 538 5078 raritates
557 5026 634 5095 (l.
668 5023 797 5077 Tim.
831 5026 884 5080 5.
908 5023 1020 5094 25).
1045 5024 1185 5078 Nihil
1207 5025 1399 5093 quippe
1413 5023 1556 5078 aliud
1576 5033 1656 5079 est
1673 5024 1924 5090 ebrietas,

335 5133 498 5186 quam
527 5117 695 5170 animi
722 5118 788 5171 de
813 5118 987 5171 nativa
1015 5117 1241 5171 sanitate
1267 5117 1592 5178 deturbatio,
1617 5115 1928 5184 depravatio

339 5210 831 5275 ratiocinationum,
861 5212 1056 5264 mentis
1079 5209 1319 5278 penuria,
1346 5210 1583 5262 vacuitas
1605 5208 1924 5263 intellectus.

338 5301 444 5355 Ista
476 5315 605 5355 vero
631 5317 735 5354 non
764 5301 996 5355 ebrietas
1025 5299 1188 5356 efficit
1215 5309 1416 5353 tantum
1457 5316 1523 5354 ex
1553 5301 1694 5364 vino,
1741 5314 1926 5353 verum

333 5391 575 5447 ebrietas
614 5393 777 5446 etiam
805 5408 872 5446 cx
912 5392 986 5446 ira
1024 5400 1078 5446 et
1116 5391 1404 5460 cupiditate
1438 5406 1470 5445 a
1501 5392 1706 5446 ratione
1734 5390 1924 5446 aliena.

405 5595 424 5657 ε
462 5595 652 5657 803,2.
679 5600 732 5644 et
751 5595 940 5646 mislin.
967 5595 1162 5652 addunt,
1187 5595 1443 5657 spirituali.

407 5609 422 5626 -
463 5609 579 5657 ειυς.
603 5609 652 5642 z.
679 5609 732 5644 et
751 5609 940 5646 mistin.
967 5609 1162 5652 auaunt,
1187 5610 1210 5644 ε
1229 5609 1443 5646 uruntur.

407 5656 482 5718 (α)
517 5655 695 5708 collata
740 5672 850 5709 cum
891 5666 972 5708 Ms.
1018 5666 1131 5721 Reg.
1167 5609 1324 5720 21.24,
1365 5659 1447 5708 ubi
1490 5658 1744 5708 admodum
1786 5671 1932 5722 pauca

2018 1169 2148 1224 Nam
2172 1170 2618 1238 quemadmodum
2645 1171 2841 1226 febrem
2872 1173 3092 1243 gignunt
3119 1176 3329 1244 vigilim,
3357 1179 3522 1248 gignit
3547 1190 3596 1234 et

2017 1261 2270 1330 fatigatio,
2301 1262 2470 1332 gignit
2486 1262 2714 1330 tristitia,
2739 1264 2905 1333 gignit
2924 1280 3133 1334 quoque
3156 1267 3364 1321 vitiatus
3385 1267 3596 1334 humor,

2017 1360 2070 1405 et
2095 1351 2308 1405 diversa
2337 1352 2550 1421 quidem
2575 1362 2657 1407 est
2685 1369 2864 1418 causa,
2898 1369 3000 1408 una
3025 1369 3150 1409 vero
3171 1357 3348 1424 passio
3371 1366 3425 1411 et
3444 1359 3598 1427 aegri-

2018 1444 2145 1498 tudo
2177 1459 2188 1497 :
2220 1445 2299 1500 sic
2325 1456 2380 1500 et
2411 1446 2462 1498 in
2493 1446 2608 1500 istis
2640 1446 2952 1502 ebrietatem
2982 1446 3120 1516 parit
3156 1448 3366 1516 quidem
3398 1449 3597 1511 vinum,

2019 1536 2154 1603 parit
2187 1545 2240 1590 et
2267 1536 2548 1606 cupiditas,
2591 1538 2726 1605 parit
2767 1549 2819 1591 et
2853 1537 3044 1592 humor
3073 1548 3394 1608 corruptus;
3435 1549 3488 1594 et
3515 1541 3601 1593 di-

2020 1642 2168 1681 versa
2199 1627 2412 1696 quidem
2455 1637 2537 1682 est
2580 1628 2818 1687 materia.
2862 1646 2960 1683 una
3003 1646 3131 1685 vero
3165 1631 3340 1698 passio
3369 1632 3601 1699 etazgri-

2020 1716 2164 1770 tudo.
2194 1717 2567 1772 Abstineamus
2595 1718 2662 1772 ab
2688 1718 2944 1773 ebrietate
2977 1737 2990 1773 :
3035 1733 3141 1774 non
3172 1721 3310 1782 dico,
3341 1721 3602 1775 abstinea-

2019 1823 2137 1863 mus
2161 1823 2190 1861 a
2228 1808 2384 1873 vino,
2424 1810 2540 1874 sed,
2583 1810 2650 1862 ab
2691 1809 2949 1864 ebrietate
2977 1809 3356 1872 abstineamus,
3390 1825 3493 1864 non
3523 1812 3599 1863 ri-

2019 1915 2146 1952 uum
2174 1899 2336 1953 efficit
2361 1900 2674 1954 ebrietatem
2707 1917 2718 1951 :
2749 1908 2833 1954 est
2874 1901 3015 1955 enim
3059 1901 3151 1954 Dei
3189 1912 3465 1964 creatura;
3511 1902 3600 1955 Dei

2019 2004 2179 2058 porro
2199 1997 2440 2043 creatura
2458 1989 2588 2044 nihil
2609 1990 2772 2044 efficit
2796 1991 2920 2044 mali
2944 2008 2960 2044 :
2981 1991 3074 2045 sed
3105 1992 3346 2046 voluntas
3375 1993 3601 2060 maligna

2017 2080 2181 2134 efficit
2211 2081 2546 2136 ebrietatem.
2578 2083 2748 2150 Atque
2791 2089 2850 2134 ut
2887 2082 3026 2136 scias
3063 2081 3216 2136 aliter
3254 2081 3414 2136 etiam
3448 2097 3602 2152 posse

2018 2175 2320 2243 quempiam
2349 2174 2555 2229 ebrium
2584 2173 2694 2228 fieri
2722 2190 2824 2228 non
2852 2174 2967 2229 solo
2996 2175 3138 2238 vino,
3168 2173 3290 2228 audi
3317 2174 3440 2243 quid
3461 2175 3602 2228 dicat

2023 2269 2216 2324 Paulus
2249 2286 2261 2322 :
2299 2268 2474 2322 Nolite
2498 2268 2737 2322 inebriari
2769 2270 2882 2323 uino
2905 2267 3118 2338 (Ephes.
3142 2268 3195 2323 5.
3229 2267 3341 2337 l8),
3367 2267 3603 2321 indicant-

2019 2361 2174 2416 aliter
2216 2360 2376 2415 etiam
2417 2360 2596 2416 ebrios
2634 2375 2754 2415 esse
2799 2375 2894 2414 nos
2941 2374 3116 2429 posse.
3154 2358 3332 2413 Nolite
3367 2357 3602 2412 inebriari

2019 2456 2156 2517 uino,
2204 2453 2256 2506 in
2300 2468 2400 2519 quo
2438 2460 2508 2505 est
2551 2452 2754 2505 luxuria
2799 2465 2819 2504 :
2872 2450 3097 2504 mirabili
3143 2448 3368 2519 quadam
3400 2450 3604 2503 ratione

2021 2542 2202 2612 paucis
2246 2542 2422 2596 verbis
2466 2557 2679 2596 omnem
2716 2541 2986 2596 ebrietatis
3021 2539 3413 2594 accusationem
3459 2551 3605 2593 conr-

2025 2637 2209 2705 plexos
2233 2643 2333 2690 est.
2361 2633 2499 2702 Quid
2539 2642 2640 2699 est,
2677 2632 2850 2688 Nolite
2876 2631 3112 2686 inebriari
3151 2630 3286 2695 uino,
3323 2629 3376 2683 in
3405 2644 3504 2698 quo
3533 2639 3603 2682 est

2019 2728 2268 2782 tuxiiria?
2291 2727 2614 2782 Luxuriosos
2658 2728 2794 2779 inter
2831 2724 3053 2794 juvenes
3093 2737 3188 2778 eos
3216 2734 3486 2786 vocamus,
3513 2723 3604 2789 qui

2021 2837 2142 2877 cum
2175 2829 2445 2890 paternam
2485 2827 2806 2889 acceperunt
2851 2818 3226 2880 hereditatem,
3256 2825 3442 2869 cuncta
3471 2828 3598 2869 con-

2023 2914 2197 2970 festim
2224 2912 2532 2983 dilapidant,
2561 2927 2661 2967 nec
2701 2909 3029 2980 pcrpendunt
3058 2909 3144 2962 cui
3173 2907 3402 2962 dandum
3429 2907 3520 2970 sit,
3549 2915 3605 2959 et

2020 3008 2233 3078 quando
2263 3007 2331 3062 sit
2355 3005 2606 3070 dandum,
2633 3004 2726 3059 sed
2749 3004 2894 3057 nullo
2931 3002 3138 3057 delecru
3165 3010 3214 3056 et
3239 3009 3409 3054 vestes
3433 3008 3486 3053 et
3505 3012 3603 3052 au-

2023 3116 2141 3155 rum
2166 3111 2217 3154 et
2237 3108 2512 3168 argentum
2539 3111 2829 3165 omnesque
2851 3104 3098 3164 paternas
3125 3107 3256 3167 opes
3281 3092 3331 3146 in
3361 3089 3603 3144 meretri-

2021 3208 2112 3248 ces
2134 3200 2189 3247 et
2214 3191 2508 3261 impudicos
2533 3189 2875 3245 distribuunt.
2905 3186 3029 3241 Tale
3049 3186 3296 3256 quiddam
3325 3193 3409 3240 est
3431 3183 3605 3238 ebrie-

2022 3294 2104 3339 tas
2130 3301 2143 3336 :
2166 3293 2435 3352 tamquam
2447 3281 2703 3351 juvenem
2732 3279 3061 3335 luxuriosum
3091 3276 3345 3331 invadens
3375 3283 3603 3328 mentem

2026 3375 2317 3437 ebriorum,
2347 3375 2551 3427 ratione
2581 3371 2819 3426 servituti
2844 3370 3161 3440 mancipata,
3194 3377 3401 3422 nostras
3422 3381 3607 3420 omnes

2024 3465 2188 3520 animi
2214 3478 2492 3519 sensorum
2521 3477 2655 3532 opes
2683 3460 3069 3517 inconsiderate
3093 3475 3156 3514 ac
3180 3460 3294 3512 sine
3323 3458 3423 3512 ulla
3447 3457 3606 3510 animi

2026 3555 2318 3610 attentione
2341 3554 2484 3624 cogit
2505 3553 2800 3608 effundere.
2826 3551 2925 3618 Qui
2955 3550 3135 3605 ebrius
3153 3559 3254 3612 est,
3285 3550 3454 3604 nescit
3481 3547 3604 3616 quid

2025 3649 2308 3704 dicendum
2332 3648 2422 3714 sit,
2470 3647 2596 3718 quid
2639 3647 2952 3709 tacendum;
3002 3643 3092 3698 sed
3137 3654 3393 3713 perpetuo
3422 3651 3609 3710 patens

2027 3741 2276 3810 nullaque
2309 3740 2637 3794 obstructum
2666 3738 2823 3808 janua
2868 3745 2951 3791 est
2993 3751 3055 3789 os
3081 3735 3243 3807 ejus:
3298 3747 3404 3788 non
3443 3732 3609 3786 vectis

2025 3835 2298 3904 appositus
2317 3843 2398 3887 est
2417 3832 2598 3896 labris,
2632 3847 2735 3886 non
2759 3831 2941 3900 janua.
2969 3828 3069 3896 Qui
3100 3827 3278 3882 ebrius
3303 3833 3404 3890 est,
3432 3825 3610 3892 dispo-

2029 3940 2156 3979 nere
2184 3937 2458 3979 sermones
2486 3937 2613 3978 suos
2643 3923 2695 3975 in
2719 3921 2919 3991 judicio
2949 3921 3138 3983 nescit,
3177 3917 3372 3972 mentis
3399 3914 3610 3969 divitias

2028 4016 2397 4071 administrare
2415 4015 2584 4069 nescit
2607 4032 2622 4068 :
2643 4029 2749 4066 non
2771 4011 2918 4066 novit
2935 4010 3049 4064 htec
3064 4008 3273 4079 quidem
3297 4005 3606 4064 recondere,

2031 4108 2120 4162 illa
2147 4122 2274 4162 vero
2299 4104 2620 4175 expendere,
2663 4103 2759 4158 sed
2787 4101 2983 4156 omnia
3022 4101 3108 4155 illa
3151 4099 3220 4154 ad
3249 4098 3518 4167 impensas
3557 4108 3609 4150 et

2027 4199 2314 4255 effusiones
2341 4197 2707 4252 traducuntur.
2733 4193 3066 4265 Spontaneus
3093 4199 3173 4246 est
3196 4191 3343 4245 furor
3361 4188 3605 4249 ebrietas.

2033 4291 2260 4362 proditio
2315 4289 2738 4360 cogitationum;
2779 4286 3010 4342 ebrietas
3054 4284 3276 4339 ridicula
3315 4280 3607 4343 calamitas,

2032 4383 2250 4437 morbus
2277 4382 2460 4436 sannis
2485 4380 2777 4450 expositus,
2807 4377 3136 4431 voluntarius
3163 4376 3393 4442 daemon,
3427 4381 3481 4428 et
3502 4372 3609 4442 ipsa

2032 4475 2309 4530 molestior
2331 4473 2554 4528 insania.

2105 4568 2161 4622 2.
2186 4565 2459 4620 Ebrietatis
2503 4565 2764 4633 imago.—
2788 4561 2903 4615 Vin’
2957 4569 3010 4614 tu
3042 4559 3264 4622 discere,
3315 4571 3418 4625 quo
3459 4565 3612 4624 pacto

2033 4658 2363 4713 dmmoniaco
2382 4655 2560 4710 ebrius
2589 4655 2660 4708 sit
2685 4652 2950 4707 deterior?
2978 4651 3292 4704 Miscremur
3310 4649 3424 4716 ejus
3444 4647 3533 4716 qui
3583 4665 3609 4698 ιι

2035 4749 2298 4802 daemonio
2332 4754 2571 4811 vexatur,
2599 4753 2653 4798 at
2673 4743 2815 4799 hunc
2844 4742 3021 4797 odisse
3067 4742 3330 4801 solemus;
3361 4740 3435 4792 illi
3480 4753 3608 4792 coo-

2035 4841 2298 4906 dolemus,
2321 4840 2444 4895 huic
2472 4848 2648 4892 autem
2677 4838 2952 4892 irascimur
2991 4843 3044 4887 et
3072 4834 3424 4902 indignamur.
3475 4829 3610 4895 Quid

2038 4935 2107 4989 ita
2140 4933 2253 5003 (b)?
2280 4933 2424 4987 Illius
2451 4932 2593 4986 enim
2615 4929 2830 4984 morbus
2859 4928 3070 4998 injuria,
3095 4925 3251 4995 hujus
3291 4940 3416 4979 vero
3446 4925 3612 4993 negli-

2034 5025 2212 5095 gentia
2237 5034 2317 5078 est
2341 5023 2724 5094 appellandus;
2754 5023 2804 5076 in
2827 5022 2918 5076 illo
2935 5020 3138 5075 insidia:
3165 5019 3516 5084 inimicorum,
3559 5019 3611 5070 in

2039 5117 2140 5172 hoc
2167 5115 2370 5172 insidia:
2387 5116 2763 5176 consiliorum;
2793 5129 2891 5167 nec
2915 5113 3070 5167 aliter
3095 5111 3314 5166 affectus
3334 5120 3414 5165 est
3431 5110 3610 5164 ebrius

2037 5226 2100 5266 ac
2127 5210 2484 5265 daemoniacus
2509 5225 2520 5264 :
2547 5211 2741 5278 pariter
2756 5206 3147 5275 circumagitur,
3172 5204 3366 5273 pariter
3386 5202 3451 5256 de
3475 5209 3614 5253 statu

2039 5304 2233 5358 mentis
2251 5302 2490 5372 dejectus
2513 5313 2616 5368 εει,
2651 5301 2858 5370 pariter
2902 5298 3152 5363 concidit,
3188 5297 3381 5366 pariter
3432 5293 3612 5344 oculo-

2039 5411 2158 5451 rum
2197 5395 2424 5465 pupillas
2453 5401 2788 5463 contorquet,
2840 5391 3037 5462 pariter
3060 5390 3242 5460 jacens
3272 5387 3322 5439 in
3355 5397 3496 5439 terra
3522 5397 3614 5456 pe-

2041 5597 2329 5648 discrimina.
2350 5600 2471 5644 item
2494 5605 2602 5644 cum
2627 5599 2742 5655 neg.
2767 5589 2909 5655 $02],
2937 5597 3112 5642 etcum
3133 5583 3414 5636 coisliniano
3431 5581 3539 5632 lO‘t.

2106 5658 2178 5721 (b)
2212 5660 2292 5708 ttic
2313 5655 2516 5707 multum
2540 5652 2820 5716 vnriatttcg.
2840 5652 2888 5698 Ξ.
