4038 6204
359 281 362 288 ’
429 293 534 353 435

433 413 530 464 des
553 413 714 480 jactat
743 429 755 464 :
787 425 1027 480 spumam
1053 427 1116 465 ex
1138 407 1232 464 ore
1262 408 1488 478 proiicit,
1534 413 1589 461 et
1618 405 1686 458 ita
1735 401 2008 458 fmtcntem

431 503 651 556 salivam
673 501 914 568 ell'undit,
943 511 1101 566 atque
1128 517 1190 554 os
1217 501 1332 569 ejus
1363 497 1680 552 intolerabili
1714 494 1900 549 lictore
1930 505 2014 544 re-

437 595 634 664 pleltntt
665 605 765 648 est.
827 593 1146 662 lnjucundus
1174 593 1359 644 amicis
1387 599 1468 644 est
1506 589 1586 642 vir
1625 583 1907 656 ejusmodi,
1935 582 2010 635 ri-

431 685 638 738 diculus
665 684 915 746 inimicis,
947 682 1363 750 contemptibilis
1393 678 1626 742 famulis,
1661 677 1810 729 uxori
1839 675 2012 742 ingra-

427 787 536 841 tus,
571 775 817 828 omnibus
846 775 1082 838 odiosus,
1113 773 1240 841 ipsis
1263 771 1444 824 bestiis
1475 767 1748 822 molestior
1779 782 1792 817 :
1829 763 2010 817 bestia:

429 883 666 936 cousque
689 868 871 920 bibunt
895 880 1170 935 quousque
1200 864 1298 917 fert
1323 864 1458 924 sitis,
1490 871 1543 914 et
1571 858 1912 928 cupiditatem
1940 854 2013 907 si-

432 967 581 1010 stunt
603 955 948 1010 necessitate:
971 955 1058 1008 hic
1075 951 1480 1024 intemperantia
1502 949 1844 1020 cupiditatem
1862 958 2011 998 tran-

428 1050 538 1102 silit
561 1089 575 1113 ,
604 1058 658 1102 et
677 1049 880 1102 ratione
908 1045 1212 1101 carentibus
1240 1061 1267 1097 a
1299 1044 1502 1097 ratione
1526 1034 1750 1095 alienior
1768 1047 2005 1108 apparet.

434 1139 626 1193 Verum
653 1138 779 1193 illud
801 1139 966 1193 tnulto
988 1135 1372 1192 intolerabilius
1398 1143 1498 1199 est,
1525 1131 1665 1202 quod
1691 1131 1908 1185 morbus
1935 1137 2014 1182 tot

403 1217 406 1220 ’
433 1231 588 1284 malis
619 1230 942 1294 redundans,
963 1239 1144 1299 totque
1166 1243 1347 1282 secum
1377 1226 1633 1278 invehens
1658 1221 2008 1285 calamitates,

431 1337 496 1375 ne
522 1323 722 1376 crimen
740 1321 952 1391 quidem
969 1329 1235 1384 censetur;
1253 1318 1346 1372 sed
1371 1317 1422 1371 in
1453 1315 1676 1370 divitum
1695 1313 1894 1368 mensis
1909 1311 2013 1364 hu-

426 1414 512 1483 jus
557 1413 900 1483 turpitudinis
928 1413 1094 1483 gratia
1126 1428 1299 1482 pugna
1323 1410 1491 1464 oritur
1511 1418 1671 1478 atque
1699 1415 1972 1461 certamen
1992 1444 2007 1469 ,

428 1515 586 1576 atque
611 1506 748 1560 inter
775 1521 834 1560 se
855 1504 1044 1575 majori
1067 1504 1245 1558 studio
1267 1501 1614 1562 contendunt,
1635 1498 1754 1567 quis
1776 1497 2010 1565 seipsunt

429 1600 596 1668 magis
621 1599 858 1665 infamet,
891 1599 1011 1668 quis
1058 1597 1315 1666 majorem
1361 1592 1720 1650 subsannandi
1769 1590 2010 1644 occasio-

433 1703 555 1740 nem
589 1688 845 1756 pra-beat,
894 1688 1014 1757 quis
1057 1700 1251 1742 nervos
1301 1684 1528 1754 amplius
1563 1681 1833 1750 infringat,
1891 1681 2009 1749 qn's

425 1781 568 1834 vires
589 1782 607 1812 ⁸
634 1779 858 1849 amplius
883 1779 1144 1844 debilitet,
1189 1777 1308 1847 quis
1349 1788 1684 1830 communem
1727 1772 2006 1827 Dominum

431 1873 642 1939 gravius
672 1872 843 1926 irritet
873 1889 884 1923 :
911 1887 974 1926 ac
1023 1871 1206 1924 videre
1235 1879 1318 1924 est
1347 1868 1575 1922 stadium
1631 1875 2009 1934 certamenque

428 1960 774 2014 diabolicum.
803 1961 994 2014 Ebrius
1037 1959 1262 2013 mortuis
1290 1958 1538 2012 miserior
1565 1966 1648 2010 est
1676 1973 1689 2009 :
1745 1955 2006 2025 siquidem

433 2052 523 2106 ille
549 2067 709 2106 sensu
735 2052 1020 2110 destitutus
1044 2059 1204 2120 jacet,
1237 2063 1410 2119 neque
1439 2049 1576 2102 bona
1600 2047 1706 2101 ulla
1738 2046 1824 2101 vel
1870 2045 2006 2099 mala

427 2151 602 2212 potest
623 2143 858 2212 operari;
877 2142 962 2196 hic
980 2157 1108 2196 vero
1129 2141 1195 2195 ad
1215 2143 1352 2196 mala
1369 2139 1706 2210 exsequenda
1731 2147 2007 2209 promptus

425 2235 777 2300 cst,ctanima
798 2233 850 2288 in
877 2247 1101 2304 corpore
1123 2242 1388 2302 tamquam
1407 2233 1458 2286 in
1477 2239 1820 2286 monumento
1838 2227 2007 2284 defos-

425 2339 486 2377 sa
517 2332 786 2379 mortuum
813 2339 1008 2394 corpus
1034 2322 1360 2378 circumfert.
1394 2322 1554 2377 Vides
1587 2331 1643 2376 ut
1667 2321 1913 2375 miserior
1937 2323 2007 2374 sit

425 2415 776 2484 daemoniaco,
799 2425 858 2471 ut
886 2416 1054 2487 magis
1073 2431 1232 2486 quam
1255 2415 1452 2470 mortui
1486 2429 1647 2470 sensu
1677 2413 2006 2468 destitutus?

425 2507 545 2563 Vin’
574 2519 628 2563 tu
655 2509 828 2562 dicam
856 2509 908 2563 id
932 2507 1074 2578 quod
1099 2508 1180 2562 bis
1209 2508 1456 2563 omnibus
1483 2507 1654 2576 majus
1691 2517 1773 2560 est
1801 2516 1854 2560 ct
1878 2521 2003 2574 gra-

425 2600 578 2654 vitis?
607 2600 801 2655 Ebrius
829 2599 990 2655 homo
1031 2599 1084 2654 in
1133 2615 1354 2668 regnum
1383 2599 1640 2654 caelorum
1671 2599 1871 2651 intrare
1898 2611 2003 2650 non

425 2702 600 2764 potest
625 2711 638 2746 :
669 2693 790 2763 quis
816 2691 932 2747 haec
958 2691 1122 2746 dicit?
1144 2691 1357 2746 Paulus.
1397 2689 1573 2744 Nolite
1616 2705 1785 2744 errare
1805 2705 1824 2742 :
1851 2704 2006 2758 neque

425 2785 708 2851 fornicarii,
733 2800 890 2853 neque
911 2783 1060 2838 idolis
1079 2785 1360 2848 servientes,
1395 2798 1554 2853 neque
1580 2782 1818 2844 adulteri,
1845 2795 2006 2849 neque

424 2877 622 2942 molles,
665 2892 823 2946 neque
858 2876 1201 2930 masculorum
1249 2876 1612 2940 concubitores,
1663 2890 1822 2946 neque
1843 2875 2000 2944 fures,

425 2982 583 3037 neque
603 2967 762 3032 avari,
791 2983 946 3036 neque
965 2965 1166 3030 ebriosi,
1195 2983 1352 3036 neque
1377 2966 1630 3030 maledici,
1655 2981 1814 3036 neque
1853 2981 2004 3034 rapa-

425 3073 501 3110 ces
537 3073 752 3127 regnant
795 3055 892 3111 Dei
931 3057 1252 3126 possidebunt
1293 3057 1380 3129 (l.
1417 3057 1532 3112 Cor.
1563 3057 1616 3111 6.
1646 3057 1698 3111 9.
1746 3055 1856 3126 10).
1890 3057 2004 3110 Au—

426 3149 546 3202 tliSti
595 3149 807 3218 qualem
839 3149 892 3202 in
921 3150 1130 3204 turbam
1177 3150 1350 3218 ipsum
1383 3149 1707 3219 conjecerit?
1731 3149 1864 3204 Cum
1901 3150 2003 3202 im-

426 3241 662 3310 pudicis,
712 3256 833 3296 cum
875 3241 1293 3308 scortatoribus,
1340 3257 1460 3296 cum
1515 3241 1830 3308 idololatris,
1879 3255 2001 3295 cum

425 3333 678 3388 adulteris
699 3375 712 3397 ,
743 3348 864 3388 cum
907 3335 1216 3400 maledicis,
1243 3350 1365 3390 eum
1393 3334 1590 3402 avaris,
1643 3351 1764 3389 cum
1791 3335 1998 3404 rapaci-

425 3427 542 3480 bus.
577 3425 713 3494 Quid
739 3427 910 3497 ergo?
934 3427 1076 3482 dicet
1101 3427 1311 3497 aliquis,
1347 3427 1558 3482 idemne
1602 3437 1686 3482 est
1725 3426 1908 3482 ebrius
1949 3437 2004 3482 et

427 3517 756 3587 impudicus?
779 3519 916 3574 idem
947 3519 1126 3575 ebrius
1155 3529 1210 3574 et
1236 3519 1552 3575 idololatral
1577 3520 1692 3574 Noli
1721 3521 1850 3574 mihi
1893 3521 2005 3575 haec

427 3609 686 3679 ebjicere,
715 3611 785 3663 nti
813 3611 974 3664 homo
1005 3629 1018 3665 :
1047 3611 1193 3682 leges
1219 3612 1425 3668 divinas
1447 3627 1545 3682 ego
1583 3613 1821 3676 recitavi,
1851 3628 1881 3666 a
1919 3627 2004 3669 me

427 3700 691 3755 rationem
712 3717 780 3756 ne
807 3701 986 3772 exigas
1013 3721 1025 3756 :
1059 3701 1277 3756 Paulum
1307 3703 1596 3774 interroga,
1633 3713 1741 3756 tum
1783 3705 1895 3773 ipse
1920 3720 2005 3757 re-

424 3793 708 3864 Spundebit
737 3811 749 3848 :
779 3811 906 3848 nutu
927 3795 1369 3866 euimeum-ipsis
1390 3804 1482 3851 aut
1521 3797 1746 3851 seorsim
1772 3796 1840 3851 ab
1875 3795 2004 3865 ipsis

427 3887 690 3957 supplicio
708 3888 1006 3952 addicatur,
1035 3905 1140 3943 non
1171 3903 1388 3958 possum
1409 3889 1588 3944 dicere
1624 3907 1637 3943 :
1689 3905 1850 3958 porro
1896 3904 2002 3942 non

427 3979 607 4032 ntinus
629 3993 788 4049 quam
817 3979 1169 4044 idololatram,
1195 3979 1342 4034 illum
1381 3997 1410 4034 a
1441 3995 1606 4050 regno
1647 3981 1900 4034 etelorum
1921 3993 2006 4034 ex—

426 4069 626 4134 cidere,
662 4070 714 4124 id
743 4085 870 4125 vero
909 4071 1104 4140 Oppido
1154 4070 1502 4126 conﬁrmabo.
1537 4069 1668 4124 Cum
1699 4071 1857 4140 igitur
1903 4068 2005 4124 hoc

425 4161 478 4215 in
521 4160 767 4216 confesso
809 4162 897 4229 sit,
930 4163 1055 4231 quid
1085 4177 1115 4216 a
1144 4177 1230 4217 me
1252 4161 1504 4232 deinceps
1546 4163 1808 4216 rationem
1843 4176 2001 4230 repo-

429 4251 536 4306 scis
556 4253 622 4306 de
649 4253 850 4321 peccati
873 4254 1149 4308 mensura?
1173 4254 1302 4308 Cum
1325 4255 1468 4309 enim
1489 4264 1644 4308 extra
1661 4253 1804 4307 fores
1833 4267 2008 4307 rema-

427 4351 570 4406 neat,
593 4356 712 4396 cum
743 4357 774 4396 a
803 4357 967 4411 regno
1005 4343 1234 4409 excidat,
1282 4359 1402 4398 cum
1439 4359 1630 4414 expers
1670 4345 1760 4398 ﬁat
1797 4344 2000 4410 salutis,

426 4446 547 4485 cum
577 4431 643 4486 ad
669 4432 983 4502 supplicium
1005 4433 1319 4487 amandetur
1335 4443 1617 4502 a‘ternum,
1642 4434 1767 4502 quid
1795 4446 1846 4488 tu
1875 4434 2005 4488 mihi

430 4534 764 4593 peccatorum
791 4539 1066 4579 mensuras
1095 4533 1149 4578 et
1175 4524 1412 4580 bilances
1427 4535 1484 4581 et
1507 4525 1956 4597 trutinasprol‘ers
1983 4527 2006 4580 ?

427 4613 644 4684 Indigna
677 4629 893 4684 prorsus
917 4631 1001 4670 res
1027 4625 1110 4670 est
1137 4617 1390 4683 ebrietas,
1419 4617 1773 4684 dilectissimi,
1818 4629 1872 4673 et
1899 4619 2007 4671 im-

430 4716 652 4775 portuna
693 4705 870 4759 valde.
913 4705 1026 4760 Non
1059 4723 1176 4761 mea
1207 4723 1300 4762 vos
1331 4718 1533 4776 spectat
1579 4709 1750 4763 oratio
1779 4726 1792 4762 :
1825 4709 1961 4764 absit
1989 4727 2004 4763 :

429 4798 585 4868 plane
611 4798 871 4868 siquidem
897 4797 1058 4853 credo
1082 4812 1312 4854 vestram
1343 4801 1575 4854 animam
1599 4801 1666 4854 ab
1693 4801 2007 4870 aegritudine

429 4888 528 4943 hac
557 4899 611 4943 et
658 4891 842 4945 morbo
883 4907 1002 4945 esse
1048 4891 1336 4950 immunem
1370 4911 1384 4948 :
1423 4907 1486 4946 ac
1523 4903 1714 4948 vestra:
1767 4895 2008 4949 sanitatis

429 4990 800 5049 argumentum
829 4991 930 5046 cst,
955 4983 1096 5052 quod
1127 4983 1210 5036 bit:
1241 4985 1544 5046 verscmini,
1575 4985 1714 5054 quod
1758 4986 1862 5038 huc
1890 4985 2010 5039 dili-

427 5081 617 5142 genter
665 5075 1015 5140 conveniatis,
1070 5075 1212 5142 quod
1242 5085 1442 5132 attente
1483 5077 1748 5131 audiatis:
1804 5091 1962 5132 nemo
1989 5119 2004 5144 ,

429 5165 518 5234 qui
545 5165 665 5219 vino
693 5167 1009 5234 inebrietur,
1039 5166 1337 5222 divinorum
1357 5183 1479 5222 esse
1511 5169 1734 5237 cupidus
1769 5169 2010 5236 εἰοιιιιίυ-

428 5271 548 5310 rum
580 5265 774 5326 potest.
826 5257 1000 5311 Nolite
1024 5259 1261 5311 inebriari
1286 5260 1398 5312 vino
1421 5301 1434 5322 ,
1485 5259 1536 5311 in
1566 5276 1663 5329 quo
1690 5270 1761 5312 est
1781 5261 2005 5324 luxuria,

429 5349 518 5402 sed
547 5351 823 5420 implemini
864 5350 1062 5415 Spiritu
1105 5349 1320 5419 (Ephes.
1365 5351 1422 5405 5.
1464 5351 1570 5420 18).
1621 5351 1882 5406 Praeclara
1929 5362 2012 5408 est

431 5441 546 5496 lucc
596 5441 864 5497 ebrietas:
917 5441 1016 5496 hac
1067 5442 1295 5512 Spiritus
1323 5443 1536 5512 crapula
1587 5453 1728 5497 luant
1779 5445 2010 5500 animam

432 5547 643 5604 sopora,
677 5551 743 5589 ne
766 5535 1022 5588 ebrietate
1051 5548 1270 5602 soporas
1298 5551 1309 5587 :
1343 5549 1654 5604 prazoccupa
1697 5547 1930 5591 mentem
1957 5547 2013 5591 et

428 5671 514 5783 ιρι
532 5669 756 5783 dcotsliu,
785 5677 1004 5732 metuent,
1046 5681 1149 5734 pro,
1169 5667 1294 5722 vires
1315 5682 1332 5722 :
1357 5683 1466 5735 qua:
1483 5669 1631 5723 lectio
1654 5685 1750 5723 non
1775 5681 1850 5724 est
1871 5685 2012 5736 sper-

447 5750 456 5781 l
499 5749 524 5780 ll
564 5753 606 5782 tl.

447 5749 606 5782 ιριωίι.

1145 299 1199 352 S.
1241 291 1521 352 JOANNIS
1577 279 2056 342 CllBYSOSTOMl
2095 275 2411 334 ARCIIIEP.
2453 267 2989 329 CONS’I‘ANTINOP.

3599 266 3703 322 £36

2122 395 2492 465 cogitationes,
2512 407 2580 446 ne
2593 391 2771 445 locum
2792 385 3071 458 impudens
3101 383 3188 438 ille
3211 379 3426 435 morbus
3448 379 3702 433 inveniat.

2123 487 2411 554 Propterea
2437 499 2542 536 non
2572 481 2725 546 dixit,
2759 478 3054 546 Participes
3091 484 3266 530 estote
3304 474 3553 543 Spiritus,
3607 473 3703 527 scd

2121 575 2414 646 Implcmini
2443 573 2641 644 Spiritu
2673 589 2691 625 :
2715 571 2782 625 ad
2813 583 3082 623 sumntum
3113 581 3280 636 usque
3305 575 3538 619 mentem
3569 574 3698 618 tam-

2123 684 2284 738 quam
2309 667 2526 721 calicem
2559 665 2722 733 imple
2765 663 2990 732 Spiritu,
3039 671 3096 714 ut
3123 660 3253 714 nihil
3293 658 3545 727 deinceps
3577 659 3701 728 inji-

2119 775 2242 815 Cerc
2263 759 2432 828 possit
2457 757 2702 810 diabolus
2727 773 2740 809 :
2770 771 2876 808 non
2907 753 3048 808 enim
3081 753 3266 822 quovis
3291 752 3449 806 modo
3481 755 3698 821 partici-

2121 869 2214 922 pes
2233 868 2328 905 nos
2355 850 2466 904 ﬁeri
2501 848 2697 918 Spiritu
2729 847 2836 916 jam
2863 855 3092 914 oportet,
3122 846 3214 900 sed
3245 845 3446 915 Spiritu
3466 848 3698 916 impleri,

2122 943 2358 1013 psalmis,
2393 941 2624 1012 hymnis,
2655 943 2876 996 canticis
2899 939 3287 1009 spiritualibus,
3320 939 3512 1008 quibus
3539 939 3702 994 hodie

2120 1036 2305 1104 repleti
2331 1036 2458 1089 estis
2492 1051 2506 1087 :
2539 1043 2862 1104 quapropter
2880 1032 2948 1088 de
2979 1033 3326 1102 temperantia
3355 1042 3528 1086 vestra
3567 1049 3700 1086 con-

2123 1126 2250 1179 ﬁdo.
2277 1127 2571 1181 Praeclarus
2601 1134 2685 1180 est
2712 1125 2866 1180 nobis
2890 1123 3164 1179 ebrietatis
3193 1123 3332 1178 calix
3369 1142 3384 1177 :
3436 1132 3518 1176 est
3563 1125 3700 1178 calix

2117 1218 2410 1282 ebrietatis,
2440 1219 2527 1287 qui
2580 1217 2988 1286 temperantiam
3019 1215 3209 1286 gignit,
3249 1231 3354 1268 tton
3385 1215 3694 1285 paralysim.

2117 1311 2372 1376 Quisnam
2405 1309 2493 1363 ille
2523 1309 2726 1378 porro?
2753 1307 2898 1360 Calix
2922 1306 3236 1377 spiritualis,
3261 1306 3396 1359 calix
3427 1305 3697 1366 salutaris,

2117 1403 2254 1456 calix
2299 1401 2612 1471 impollutus
2651 1395 2930 1454 'Dominici
2985 1398 3256 1467 sanguinis
3305 1415 3317 1450 :
3371 1411 3476 1450 non
3534 1397 3696 1466 gignit

2117 1495 2429 1549 ebrietatem
2453 1493 2542 1547 ille
2567 1492 2727 1556 calix,
2763 1505 2872 1545 non
2893 1489 3181 1560 paralysim
3201 1488 3385 1558 gignit.
3411 1487 3524 1542 Non
3555 1489 3698 1542 enim

2117 1588 2264 1640 vires
2293 1587 2556 1651 dissolvit,
2581 1585 2674 1640 sed
2703 1585 2844 1638 vires
2873 1584 3071 1638 excitat
3089 1624 3102 1648 ,
3139 1582 3227 1636 ille
3247 1595 3443 1636 nervos
3471 1595 3578 1634 non
3615 1581 3697 1632 itt-

2116 1679 2318 1749 fringit,
2347 1677 2440 1733 sed
2481 1677 2712 1732 intendit
2741 1693 2754 1728 :
2783 1675 3125 1730 sobrietatem
3153 1675 3350 1744 quippe
3387 1672 3541 1726 all‘ert
3565 1687 3578 1736 ;
3611 1671 3699 1727 ille

2115 1771 2315 1840 angelis
2342 1770 2672 1825 venerandus
2699 1780 2804 1836 est,
2853 1767 3185 1822 darmonibus
3239 1767 3563 1831 tremendus,
3597 1767 3696 1820 ho-

2117 1865 2346 1919 minibus
2369 1865 2654 1933 prctiosus,
2677 1863 2902 1918 Domino
2929 1861 3192 1916 amabilis.
3217 1861 3376 1914 Vides
3403 1860 3530 1930 quid
3557 1861 3698 1914 dicat

2117 1955 2278 2010 David
2310 1955 2378 2010 de
2407 1954 2672 2025 spirituali
2697 1954 2863 2009 calice
2890 1955 3013 2017 isto,
3055 1953 3143 2023 qui
3187 1953 3488 2023 prepositus
3535 1961 3616 2005 est
3643 1953 3696 2005 in

2115 2049 2214 2103 hac
2245 2048 2472 2103 mensa?
2501 2047 2708 2102 Parasti
2731 2048 2784 2101 in
2797 2058 3062 2116 conspectu
3092 2063 3200 2101 meo
3217 2063 3439 2100 mensam
3459 2046 3698 2099 adversus

2113 2159 2215 2204 eos,
2248 2142 2333 2210 qui
2347 2139 2588 2194 tribulam
2615 2156 2692 2193 me
2719 2155 2738 2192 :
2767 2138 3098 2208 impinguasti
3122 2139 3174 2190 in
3195 2141 3305 2192 oleo
3328 2148 3476 2208 caput
3505 2153 3696 2200 meum,

2111 2245 2156 2287 et
2180 2234 2317 2286 calta:
2346 2243 2461 2287 tuus
2492 2233 2746 2286 inebrians
2773 2249 2924 2301 quam
2955 2232 3235 2302 prazclarus
3281 2243 3351 2286 est
3378 2230 3548 2300 (Psal.
3597 2231 3692 2284 22.

2112 2324 2189 2394 5).
2219 2325 2426 2402 Etenim
2459 2341 2527 2380 ne
2556 2325 2740 2379 audito
2783 2325 3000 2379 nomine
3052 2324 3326 2379 ebrietatis
3367 2323 3540 2376 subito
3580 2337 3696 2376 me-

2115 2429 2314 2482 tueres,
2341 2427 2393 2470 et
2416 2416 2676 2487 ejusmodi
2709 2424 2927 2486 putares
2953 2429 3093 2482 esse,
3127 2427 3183 2469 ut
3215 2413 3576 2468 infirmitatem
3611 2414 3696 2466 in-

2110 2512 2286 2575 ducat,
2326 2511 2571 2580 adjunxit
2619 2525 2740 2566 esse
2765 2511 3076 2578 prmclarum
3097 2519 3150 2562 et
3199 2508 3431 2562 ﬁrmum.
3486 2506 3694 2560 Novum

2108 2603 2384 2658 ebrietatis
2413 2617 2599 2672 genus,
2627 2601 2795 2656 robur
2824 2600 3058 2654 immittit
3086 2609 3140 2654 et
3167 2599 3398 2652 validum
3428 2597 3601 2652 reddit
3629 2611 3696 2649 ac

2110 2703 2380 2765 potentem
2415 2712 2430 2749 :
2461 2694 2656 2764 quippe
2675 2691 2814 2762 quod
2852 2707 2916 2746 ex
2948 2691 3204 2761 spirituali
3249 2701 3397 2760 petra
3426 2687 3698 2758 proﬂuxe-

2109 2787 2179 2844 rit
2207 2805 2219 2842 :
2245 2804 2348 2842 non
2380 2797 2462 2843 est
2501 2788 2810 2857 depravatio
2857 2787 3260 2856 cogitationum,
3293 2783 3386 2838 sed
3437 2782 3691 2852 spiritua-

2109 2882 2236 2935 lium
2263 2881 2642 2951 cogitationum
2671 2878 3049 2934 aceumulatio.

2183 2975 2235 3030 '5.
2277 2973 2386 3029 llac
2413 2972 2671 3029 ebrietate
2713 2972 2846 3027 ebrii
2901 2973 3087 3036 simus,
3143 2971 3209 3024 ab
3235 2969 3322 3023 illa
3361 2983 3490 3024 vero
3528 2965 3694 3022 absti-

2109 3079 2348 3129 neamus,
2383 3079 2449 3118 ne
2478 3071 2793 3134 prteseutem
2826 3062 3211 3116 solemnitatem
3262 3060 3522 3116 dedecore
3570 3058 3690 3112 alii-

2108 3157 2310 3211 ciamus
2335 3175 2348 3210 :
2379 3171 2484 3209 non
2503 3156 2646 3210 enim
2674 3165 2828 3209 terrai
2857 3163 3082 3220 tantum,
3111 3153 3202 3208 sed
3233 3161 3286 3208 et
3313 3152 3424 3207 cadi
3443 3161 3522 3206 est
3551 3165 3699 3220 prir-

2109 3263 2232 3303 sens
2277 3247 2626 3312 solemnitas;
2669 3245 2828 3300 hodie
2861 3245 3110 3315 gaudium
3140 3254 3222 3300 est
3246 3245 3298 3297 in
3341 3253 3501 3308 terra,
3533 3242 3693 3294 hodie

2108 3339 2358 3410 gaudium
2410 3339 2462 3392 in
2501 3339 2670 3393 caelo:
2701 3337 2746 3392 si
2787 3337 2928 3392 enim
2975 3351 3084 3391 uno
3131 3347 3409 3404 peccatore
3433 3348 3695 3388 converso

2107 3434 2355 3505 gaudium
2383 3433 2543 3486 estin
2571 3441 2711 3486 terra
2740 3439 2794 3484 et
2817 3430 2948 3485 caelo
3003 3429 3022 3497 (
3051 3427 3180 3483 Luc.
3214 3429 3297 3482 i5.
3333 3427 3434 3488 l0)
3460 3469 3475 3491 ,
3525 3426 3694 3480 multo

2109 3525 2278 3596 magis
2305 3535 2513 3580 extorto
2538 3525 2606 3580 de
2630 3523 2824 3578 diaboli
2857 3524 3099 3577 manibus
3131 3531 3240 3576 toto
3272 3521 3402 3575 orbe
3430 3529 3694 3573 terrarum

2107 3618 2355 3688 gaudium
2393 3619 2496 3672 erit
2546 3617 2598 3671 in
2638 3617 2790 3670 cailo.
2824 3615 2973 3669 Nunc
3005 3615 3268 3669 exsultant
3310 3610 3502 3680 angeli,
3545 3623 3695 3662 nunc

2109 3709 2354 3764 la-tantur
2377 3707 2700 3778 archangeli,
2734 3722 2873 3761 nunc
2898 3704 3181 3760 Cherubim
3205 3711 3259 3757 et
3276 3701 3553 3769 Seraphim
3587 3698 3696 3754 hoc

2111 3801 2383 3854 nobiscum
2424 3798 2618 3854 festum
2663 3796 2932 3853 celebrant
2961 3813 2973 3850 ;
3002 3809 3108 3848 non
3137 3793 3252 3846 illos
3277 3790 3440 3860 pudet
3465 3803 3691 3843 conser-

2107 3905 2336 3954 vorum,
2395 3889 2491 3944 sed
2547 3889 2744 3943 nostris
2783 3887 2937 3942 bonis
2987 3885 3332 3956 gratulantur.
3381 3882 3488 3935 Etsi
3545 3883 3696 3934 enim

2109 3995 2349 4038 nostrum
2377 3993 2459 4040 est
2481 3983 2621 4053 quod
2647 3999 2676 4037 a
2709 3981 2933 4036 Domino
2957 3980 3256 4050 accepimus
3295 3977 3515 4042 donum,
3541 3991 3695 4030 com-

2111 4077 2287 4131 munis
2315 4083 2399 4130 est
2426 4083 2600 4129 tamen
2631 4083 2820 4128 etcum
2861 4073 2964 4126 illis
2989 4071 3253 4139 voluptas.
3297 4068 3400 4124 Sed
3431 4067 3554 4137 quid
3592 4081 3696 4135 ego

2109 4184 2404 4226 conservos
2427 4165 2826 4223 commemoro?
2851 4167 3021 4234 ipsum
3065 4163 3345 4216 Dominum
3376 4161 3584 4214 illorum
3628 4173 3695 4210 ac

2111 4271 2352 4316 nostrum
2393 4259 2667 4313 nobiscum
2704 4256 2980 4310 celebrare
3028 4254 3220 4308 festum
3260 4267 3366 4306 non
3413 4251 3604 4320 pudet:
3637 4259 3698 4303 at

2111 4353 2234 4424 quid
2247 4366 2344 4420 ego
2361 4365 2544 4404 rursus
2561 4363 2663 4403 non
2683 4363 2804 4402 eum
2827 4345 3024 4415 pudere
3039 4345 3160 4399 dico
3173 4343 3482 4406 ?Desiderio,
3503 4341 3694 4410 inquit,

2113 4445 2389 4498 desideravi
2416 4443 2508 4496 hoc
2541 4441 2744 4495 Pascha
2791 4437 3098 4491 manducare
3123 4435 3374 4488 vobiscum
3401 4433 3420 4506 (
3443 4433 3566 4488 Luc.
3597 4433 3694 4487 22.

2114 4538 2181 4592 15
2209 4533 2264 4607 )z
2295 4533 2435 4604 quod
2473 4533 2519 4587 si
2569 4530 2788 4586 Pascha:
2819 4529 3008 4583 festum
3057 4527 3330 4581 celebrare
3371 4523 3701 4578 desideravit

2115 4629 2426 4688 nobiscum,
2480 4625 2618 4679 haud
2667 4623 2886 4677 dubium
2935 4621 3061 4690 quin
3121 4627 3174 4673 et
3223 4617 3699 4672 Resurrectionetn

2105 4736 2346 4794 quoque.
2373 4717 2596 4788 Quando
2626 4715 2783 4786 igitur
2815 4713 2987 4783 angeli
3012 4711 3262 4782 gaudent,
3293 4719 3346 4764 et
3369 4708 3705 4776 archangeli,

2113 4813 2459 4882 omniumque
2507 4809 2762 4864 Dominus
2785 4805 3077 4862 caelestium
3121 4804 3373 4856 virtutum
3419 4800 3700 4854 nobiscum

2117 4904 2306 4958 festum
2355 4901 2712 4964 concelebrat,
2759 4913 2880 4968 qua:
2911 4895 3123 4950 tandem
3167 4906 3448 4963 superesse
3487 4891 3703 4945 occasio

2115 4997 2343 5052 tristitiae
2367 4993 2589 5064 potest?

2189 5085 2352 5140 Nulla
2379 5099 2706 5156 personarum
2735 5079 2991 5135 distinctio
3021 5077 3072 5131 in
3103 5076 3488 5147 participatione
3507 5072 3564 5126 Μ
3567 5083 3706 5143 yste-

2117 5177 2592 5235 riorum.——Nullus
2623 5189 2821 5244 pauper
2845 5174 2918 5227 ob
2947 5181 3307 5241 paupertatem
3336 5169 3405 5224 sit
3433 5177 3658 5222 tumstus
3687 5185 3703 5230 ;

2120 5273 2231 5326 lucc
2253 5274 2394 5326 enim
2425 5268 2708 5324 celebritas
2737 5277 2820 5321 est
2840 5264 3128 5334 spiritualis
3160 5281 3173 5316 :
3201 5263 3380 5316 nullus
3409 5261 3554 5314 dives
3577 5259 3708 5314 cil‘e-

2118 5373 2266 5417 ratur
2293 5361 2362 5415 ob
2391 5359 2640 5421 divitias;
2671 5357 2800 5410 nihil
2852 5357 2992 5411 enim
3027 5371 3091 5409 ex
3147 5355 3382 5424 pecuniis
3430 5353 3494 5405 ad
3549 5351 3710 5418 hujus

2111 5449 2774 5519 celebritatisvoluptatem
2791 5447 3236 5518 potestconl'erre.
3257 5445 3386 5500 Nam
3401 5446 3451 5498 iit
3471 5450 3711 5498 externis

2119 5545 2331 5615 quidem
2357 5553 2412 5599 et
2442 5543 2785 5598 saecularibus
2807 5541 2976 5608 festis,
2997 5540 3084 5594 ubi
3117 5539 3339 5593 multum
3372 5554 3598 5600 merum,
3618 5538 3710 5590 ubi

2119 5653 2300 5692 mensa
2325 5635 2520 5692 referta
2569 5647 2622 5690 et
2663 5635 2728 5690 ad
2778 5635 3076 5688 satietatem
3103 5633 3440 5697 comessatio,
3475 5632 3562 5686 ubi
3595 5639 3712 5684 tur-

2123 5730 2306 5802 pitudo
2343 5739 2396 5785 et
2445 5730 2602 5798 risus,
2635 5728 2722 5786 ubi
2750 5728 2922 5783 omnis
2975 5741 3164 5798 pompa
3207 5725 3442 5782 satanica
3475 5741 3488 5780 :
3519 5721 3716 5780 merito

2373 5853 2384 5878 1
