4038 6204
289 277 391 332 437

286 405 491 462 pauper
525 389 740 458 quidem
790 389 1083 457 subtristis,
1128 390 1314 446 hilaris
1357 401 1534 447 autem
1563 400 1644 448 est
1687 392 1871 447 dives:

284 485 412 554 quid
432 486 501 538 ita
527 485 550 538 τ
575 485 707 552 Quia
733 483 883 538 dives
905 483 1118 554 quidem
1143 485 1414 553 Opiparam
1448 500 1682 541 mensam
1711 501 1876 556 appo-

287 579 384 639 nit,
433 577 747 645 deliciisque
799 576 1031 644 amplius
1079 575 1315 636 fruitur:
1367 591 1565 646 pauper
1614 586 1791 632 autem
1843 594 1876 633 a

287 679 601 740 paupertate
625 668 956 738 prohibetur,
979 684 1047 724 ne
1069 677 1266 724 tantam
1299 668 1743 738 magniﬁcentiam
1768 685 1880 738 pra:

285 777 350 816 se
380 761 544 815 ferat:
573 760 658 814 hic
681 776 808 815 vero
839 761 968 814 nihil
1001 759 1108 816 tale
1133 770 1247 816 est:
1277 775 1380 816 una
1410 760 1558 816 diviti
1578 771 1631 815 et
1658 761 1876 830 pauperi

286 868 472 908 mensa
499 860 630 919 est:
681 852 804 906 licet
832 852 980 909 dives
1027 853 1100 907 sit
1146 854 1427 922 quiSpiam,
1469 851 1602 906 nihil
1646 851 1878 920 adjicere

285 960 487 999 mensa:
514 952 721 1013 potest;
752 941 880 998 licet
906 958 1106 1012 pauper
1144 944 1236 1009 sit,
1269 943 1436 998 nihilo
1461 942 1712 997 deteriori
1745 957 1875 996 eon-

284 1037 489 1089 ditione
518 1036 590 1089 ob
620 1046 981 1104 paupertatem
1013 1037 1068 1090 in
1109 1036 1174 1090 iis
1200 1052 1318 1106 quae
1355 1035 1420 1090 ad
1449 1036 1876 1094 communionem

286 1129 580 1194 pertinent,
617 1128 755 1190 erit;
784 1125 964 1180 divina
991 1128 1137 1181 enim
1157 1138 1240 1182 est
1267 1129 1466 1196 gratia:
1499 1138 1552 1186 et
1596 1128 1724 1197 quid
1776 1128 1877 1181 tui-

284 1221 421 1273 taris
454 1219 500 1272 si
535 1219 686 1274 diviti
713 1229 766 1272 et
795 1220 1052 1290 pauperi?
1085 1220 1187 1290 Ipsi
1213 1222 1357 1275 enim
1396 1221 1708 1290 Imperatori
1761 1221 1877 1273 dia-

280 1313 496 1364 demate
541 1311 792 1365 redimita
832 1353 848 1376 ,
905 1326 1139 1380 purpura
1189 1313 1508 1374 convestito,
1560 1313 1648 1368 cui
1695 1311 1878 1368 mundi

283 1402 525 1470 regimen
552 1410 638 1455 est
663 1402 1031 1467 commissum,
1068 1403 1139 1455 illi
1192 1402 1524 1471 Imj‘ieratori,
1574 1412 1630 1462 ct
1659 1403 1876 1471 pauperi

280 1496 348 1548 ad
381 1494 1032 1565 elcemosynam’sedeuti
1053 1510 1156 1554 una
1184 1507 1268 1548 est
1323 1511 1506 1550 mensa
1561 1498 1830 1564 pr0posita
1862 1511 1876 1548 :

286 1588 410 1639 talia
426 1596 554 1640 sunt
583 1587 1050 1651 Dominicadona;
1079 1603 1183 1640 non
1216 1602 1312 1656 pro
1337 1588 1548 1647 ratione
1563 1586 1877 1654 dignitatum

283 1676 562 1744 distinguit
584 1676 1014 1731 couimuuicandi
1037 1677 1318 1743 rationem,
1342 1675 1440 1731 sed
1459 1690 1556 1745 pro
1573 1675 1882 1735 conditione

284 1770 581 1825 voluntatis
603 1785 667 1823 ac
697 1770 912 1834 mentis.

359 1863 441 1932 (α)
472 1860 492 1934 [
522 1861 655 1917 Cum
683 1863 826 1916 enim
855 1861 1051 1918 videris
1079 1862 1133 1918 in
1159 1861 1387 1918 ecclesia
1412 1861 1564 1918 diviti
1593 1875 1878 1931 pauperem

284 1955 615 2020 adstantem,
632 1956 844 2024 privato
874 1954 1074 2009 homini
1102 1954 1419 2024 principem,
1447 1953 1712 2022 plebeium
1737 1952 1878 2022 opti-

282 2050 446 2110 mati,
475 2063 600 2102 eum
639 2047 728 2116 qui
772 2047 902 2100 loris
932 2047 1050 2115 ejus
1077 2049 1372 2114 potentiam
1425 2046 1707 2109 tremebat,
1737 2044 1882 2100 intus

282 2139 474 2193 cidem
505 2141 746 2208 potentia:
770 2140 885 2194 sine
908 2138 1192 2200 formidine
1217 2138 1490 2194 admowm
1516 2156 1531 2204 ;
1559 2139 1733 2208 cogita
1753 2136 1879 2208 quid

284 2231 365 2282 sit
385 2229 515 2282 illud
547 2247 562 2283 :
593 2229 731 2284 Tunc
752 2247 857 2284 una
883 2240 1115 2298 parcetur
1135 2230 1288 2300 lupus
1302 2246 1414 2284 cum
1430 2230 1577 2300 agnis
1607 2228 1757 2301 (Isai.
1793 2229 1878 2284 II.

285 2325 372 2389 ti).
395 2321 603 2392 Lupum
628 2332 780 2377 vocat
801 2323 1076 2392 Scriptura
1095 2322 1336 2389 divitem,
1352 2339 1546 2394 agnum
1572 2338 1880 2394 pauperem.

286 2420 363 2468 At
382 2431 491 2486 quo
521 2427 677 2484 pacto
694 2417 1258 2486 intelligendumillud,
1273 2417 1700 2474 Communicahit
1727 2417 1884 2487 lupus

283 2522 410 2561 cum
437 2521 601 2576 agno,
631 2507 1080 2577 quemadmodum
1109 2509 1262 2563 dives
1287 2525 1409 2564 cum
1449 2509 1718 2579 paupere?
1747 2509 1882 2563 Ani-

288 2611 440 2651 mum
469 2597 754 2665 diligenter
781 2597 1020 2658 adverte.
1068 2596 1224 2654 Stant
1266 2613 1410 2666 saepe
1434 2599 1586 2654 dives
1606 2607 1660 2652 et
1685 2613 1886 2668 pauper

287 2689 343 2740 in
389 2687 618 2743 ecclesia
659 2705 674 2742 :
715 2689 880 2743 instat
925 2688 1058 2744 hora
1109 2689 1410 2744 divinorum
1459 2690 1880 2759 mysteriorum:

285 2780 503 2848 ejicttur
524 2779 694 2847 dives,
721 2792 904 2849 utpote
926 2798 1032 2836 non
1055 2781 1311 2846 initiatus,
1335 2799 1537 2854 pauper
1565 2799 1696 2838 vero
1718 2785 1883 2838 intro-

289 2875 524 2928 mittitur
574 2876 626 2928 in
680 2875 912 2929 caelestia
958 2875 1333 2940 tabernacula;
1374 2893 1546 2946 neque
1583 2876 1886 2946 indignatur

285 2967 478 3029 dives;
508 2965 654 3019 novit
682 2966 824 3020 enim
852 2981 911 3020 se
935 2966 1164 3021 alienum
1183 2983 1301 3022 esse
1327 2983 1357 3022 a
1375 2968 1566 3023 divinis
1594 2969 1882 3039 mysteriis.

290 3055 400 3109 Sed
422 3094 440 3122 ,
467 3071 500 3111 ο
518 3055 748 3110 divinam
774 3056 998 3126 gratiam
1030 3058 1045 3112 ι
1077 3072 1185 3119 non
1231 3057 1402 3113 solum
1447 3073 1513 3114 ex
1541 3058 1633 3114 Dei
1663 3075 1885 3114 munere

289 3161 389 3213 par
415 3146 628 3216 utrique
655 3145 827 3202 honor
851 3157 936 3203 est
961 3148 1012 3202 in
1033 3149 1292 3215 ecclesia;
1314 3150 1408 3205 sed
1439 3151 1600 3205 etiam
1623 3151 1888 3206 stantibus

288 3239 556 3296 ambobus
571 3255 772 3310 pauper
796 3240 945 3296 diviti
967 3243 1306 3312 anteponitur
1331 3243 1617 3314 inpietatis
1641 3245 1884 3310 ratione;

295 3331 538 3400 nihilque
559 3341 782 3400 prosunt
802 3333 880 3390 illi
907 3332 1106 3390 divitiae
1129 3335 1246 3390 sine
1276 3334 1492 3404 pietate,
1523 3335 1653 3390 nihil
1674 3335 1887 3391 ﬁdelem

291 3420 442 3475 Ludit
457 3434 762 3492 paupertas,
791 3423 1003 3494 quando
1031 3440 1154 3479 cum
1180 3425 1370 3480 ﬁducia
1395 3426 1472 3482 ad.
1488 3442 1702 3482 sacrum
1725 3441 1886 3482 acce-

296 3512 378 3565 dit
397 3513 587 3568 altare.
619 3513 747 3568 llrec
767 3524 943 3570 autem
971 3514 1111 3580 dico,
1141 3516 1428 3582 carissimi,
1459 3517 1527 3573 de
1550 3518 1890 3574 catechume-

296 3605 402 3671 uis,
427 3621 537 3660 non
562 3621 694 3661 vero
719 3607 1035 3676 simpliciter
1059 3608 1128 3664 de
1153 3609 1434 3665 divitibus.
1477 3611 1884 3678 Animadverte,

292 3697 510 3762 dilecte,
539 3699 810 3768 quomodo
835 3714 902 3754 ex
948 3699 1178 3756 ecclesia
1203 3701 1420 3758 recedat
1449 3702 1716 3769 (hiatibus,
1760 3703 1886 3758 dum

297 3789 570 3857 mysteriis
592 3789 906 3844 admovetur
930 3789 1104 3847 ﬁdelis
1141 3791 1510 3856 domesticus:
1540 3796 1742 3851 recedit
1785 3797 1887 3851 do-

296 3882 469 3945 mina,
499 3893 553 3937 et
580 3892 757 3938 mmet
779 3883 991 3940 ancilla.
1024 3884 1162 3940 Deus
1194 3888 1392 3956 quippe
1417 3905 1516 3942 non
1540 3889 1721 3959 accipit
1767 3906 1887 3957 per-

295 3989 486 4026 sonant
515 3973 720 4027 hominis
744 3976 762 4044 (
786 3973 957 4030 εαιαι.
986 3975 1042 4029 2-.
1075 3980 1164 4047 6).
1194 3976 1310 4032 Non
1333 3988 1415 4034 est
1445 3979 1623 4049 itaque
1650 3980 1892 4036 ineccle~

300 4064 387 4117 sia
415 4075 603 4116 servus
627 4073 678 4119 et
701 4065 836 4121 liber
859 4083 874 4120 :
897 4066 992 4122 sed
1013 4082 1135 4123 eum
1165 4071 1313 4124 novit
1349 4069 1620 4139 Scriptura
1653 4085 1887 4136 servum,

295 4157 394 4225 qui
423 4168 642 4227 peccato
656 4159 898 4216 subditus
921 4170 1023 4216 est.
1065 4161 1197 4216 Nam
1227 4162 1327 4229 Qui
1357 4164 1478 4234 facit
1506 4174 1782 4233 peccatum,
1811 4167 1893 4220 in-

296 4250 438 4313 quit,
482 4263 652 4304 aereus
694 4261 770 4304 eet
797 4252 990 4320 peccati
1019 4251 1291 4324 (learns.
1316 4255 1458 4324 3L);
1483 4264 1539 4310 et
1576 4270 1698 4310 eum
1744 4258 1892 4312 novit

298 4339 550 4402 liberum,
571 4339 662 4409 qui
691 4355 788 4411 per
811 4342 1044 4397 divinam
1070 4345 1296 4412 gratiam
1315 4344 1570 4401 liberatus
1588 4346 1718 4420 est.]

369 4429 505 4490 Cum
531 4431 722 4487 eadem
760 4433 949 4490 ﬁducia
972 4444 1028 4490 et
1061 4434 1353 4502 Imperator
1373 4447 1428 4492 et
1457 4453 1659 4508 pauper
1673 4439 1738 4497 ad
1757 4440 1894 4495 hanc

299 4541 548 4581 nieasam
602 4527 905 4596 accedunt,
952 4543 1072 4584 cum
1102 4530 1292 4585 eodem
1324 4531 1549 4598 honore,
1599 4535 1706 4588 imo
1733 4536 1893 4591 etiam

300 4631 552 4686 μετεωρο
597 4632 718 4672 eum
759 4619 964 4675 honore
1017 4635 1218 4690 pauper
1259 4623 1504 4692 ampliori
1540 4643 1553 4678 :
1597 4625 1724 4694 quid
1781 4626 1896 4681 ita?

297 4709 456 4776 Quod
482 4708 778 4780 Imperator
791 4712 1006 4782 quidem
1033 4715 1302 4770 sexcentis
1326 4717 1552 4787 negotiis
1595 4719 1896 4788 implicatus

301 4811 576 4872 umquam
597 4803 749 4859 navis
768 4804 1000 4875 undique
1019 4816 1349 4877 aspergatur,
1369 4810 1603 4864 acmulta
1620 4811 1898 4866 contrahat

305 4904 560 4963 peccata;
612 4911 815 4966 pauper
841 4908 1020 4952 autem
1049 4897 1117 4954 de
1159 4901 1468 4956 necessario
1509 4910 1713 4957 tantum
1752 4903 1897 4960 victu

301 4986 592 5053 sollicitus,
617 4988 951 5058 negotiorum
971 4999 1246 5060 expertem
1275 4990 1338 5047 ac
1359 4993 1700 5064 tranquillam
1721 5005 1896 5051 trans-

303 5076 458 5141 igens
496 5076 660 5132 vitam
681 5118 698 5143 ,
738 5077 884 5133 velut
912 5079 966 5134 iu
994 5089 1150 5149 portu
1179 5081 1393 5147 sedens,
1422 5098 1542 5138 cum
1565 5084 1733 5140 multa
1753 5099 1898 5142 secu-

305 5168 469 5223 ritate
495 5167 563 5223 ad
595 5184 836 5224 mensam
857 5171 1095 5227 accedat.
1128 5172 1335 5230 Rursus
1363 5175 1415 5229 in
1441 5175 1676 5230 externis
1697 5177 1898 5233 solem-

304 5262 562 5317 nitatibus
586 5278 788 5332 pauper
823 5265 1042 5333 quidem
1069 5267 1121 5321 in
1172 5283 1422 5333 maerore,
1459 5269 1608 5325 dives
1634 5279 1814 5325 autem
1844 5271 1896 5326 in

305 5351 578 5409 hilaritate
599 5365 861 5421 versatur,
894 5372 1000 5412 non
1019 5357 1088 5414 ob
1110 5374 1347 5416 mensam
1375 5370 1601 5429 tantum,
1623 5363 1718 5418 sed
1738 5363 1898 5420 etiam

302 5448 378 5494 oh
399 5445 714 5501 vestimenta
739 5464 752 5498 :
781 5449 922 5518 quod
953 5449 1096 5504 enim
1125 5451 1177 5505 in
1232 5467 1416 5508 mensa
1443 5455 1547 5508 illis
1570 5458 1766 5520 evenit,
1799 5456 1900 5513 hoc

305 5544 362 5586 et
385 5534 439 5588 in
489 5535 822 5593 vestimentis
861 5542 1153 5608 patiuntur.
1182 5541 1313 5597 Cum
1345 5544 1487 5598 enim
1514 5545 1666 5615 inops
1703 5547 1897 5616 pretio-

372 5668 451 5744 (ᾳ)
469 5673 792 5744 (Marrucinis
808 5672 1110 5736 clauduntur,
1139 5675 1185 5725 in
1210 5675 1341 5726 Edito
1357 5678 1581 5738 deerant,
1601 5692 1764 5742 exque
1783 5687 1896 5744 Ileg.

300 5731 356 5779 2.
380 5731 636 5794 desumpta
659 5743 789 5784 sunt.

1251 275 1337 330 DE
1377 275 1945 333 RESURRECTIONE
1984 278 2049 333 Ι).
2088 277 2153 334 Ν.
2180 276 2343 333 JESU
2384 276 2674 333 CHRISTI.

3463 277 3582 333 6'53

1984 392 2111 448 siori
2137 393 2387 448 amictum
2403 394 2536 448 stola
2565 393 2753 448 viderit
2775 393 3104 463 opulentum,
3129 392 3452 462 percellitur,
3482 410 3570 448 se-

1985 500 2093 554 que
2134 500 2244 554 pra:
2287 485 2536 540 oumibus
2588 485 2850 540 infelicem
2903 485 3068 540 ducit.
3101 484 3198 540 llic
3223 499 3350 539 vero
3379 497 3434 539 et
3472 483 3566 539 ista

1984 578 2192 633 sublata
2220 588 2300 633 est
2330 579 2548 648 penuria
2584 597 2598 632 :
2631 594 2791 633 unum
2817 578 2959 632 enim
3008 577 3148 647 apud
3195 592 3382 631 omnes
3408 577 3569 629 vesti-

1987 680 2222 724 mentum
2252 678 2335 723 est
2383 669 2616 724 salutare
2656 669 2943 724 lavacrum.
2999 669 3312 737 Quicumque
3356 668 3489 720 enim
3517 667 3570 720 in

1985 761 2188 816 Lhristo
2209 762 2454 833 baptizati
2471 763 2610 825 estis,
2629 761 2882 816 Christum
2901 761 3137 814 iudicialis
3159 759 3352 832 (Galat.
3374 760 3427 812 5-.
3451 758 3568 828 Ξῖ).

1988 855 2065 910 Ne
2112 855 2271 925 igitur
2299 855 2554 909 ebrietate
2597 853 2990 910 solemnitatem
3044 853 3198 906 istam
3250 851 3571 906 dehoneSIe-

1987 946 2366 1012 mus;etenim
2411 947 2667 1000 Dominus
2712 954 2892 998 noster
2919 953 2974 998 et
2999 943 3188 996 divites
3234 953 3285 995 et
3314 954 3574 1010 pauperes

1987 1037 2184 1112 pariter
2209 1041 2509 1105 honoravit,
2537 1051 2590 1095 et
2618 1054 2802 1095 servos
2829 1049 2882 1093 et
2906 1038 3184 1102 dominos;
3213 1034 3308 1090 sed
3333 1035 3403 1089 ob
3435 1034 3572 1090 hanc

1986 1121 2110 1206 erga
2156 1152 2254 1190 nos
2311 1134 2731 1190 benevolentiam
2783 1131 3071 1186 Dominum
3127 1140 3571 1183 remuneremur:

1985 1230 2184 1297 optima
2214 1243 2371 1296 porro
2401 1237 2482 1282 est
2506 1226 2867 1281 remuneratio
2915 1221 3250 1278 conversatio
3273 1220 3470 1274 munda
3519 1226 3575 1272 et

1987 1334 2138 1373 mens
2162 1318 2359 1373 sobria.
2391 1317 2514 1370 limo
2538 1315 2849 1371 solemnitas
2884 1311 3318 1382 et‘panegyricus
3343 1323 3572 1364 conven-

1989 1421 2072 1466 tus
2098 1425 2200 1466 non
2229 1410 2470 1480 pecuniis
2500 1409 2700 1478 indiget
2725 1423 2898 1477 neque
2920 1406 3242 1477 sumptibus,
3262 1403 3356 1459 sed
3382 1403 3574 1457 volun-

1988 1513 2094 1558 tate
2113 1518 2176 1557 ac
2197 1512 2374 1558 mente
2398 1503 2596 1572 optima
2630 1520 2645 1556 :
2680 1501 2810 1556 tales
2839 1501 2982 1554 enim
3026 1499 3111 1553 hic
3137 1504 3380 1567 prostant
3426 1511 3570 1550 mer-

1985 1611 2077 1651 ces
2102 1613 2116 1649 :
2144 1595 2272 1649 nihil
2300 1609 2614 1664 corporeum
2670 1594 2757 1648 hic
2808 1592 3095 1656 venditur;
3126 1590 3221 1645 sed
3270 1589 3572 1643 divinorum

1985 1687 2190 1742 auditio
2212 1687 2563 1756 eloquiorum,
2597 1699 2781 1754 preces
2809 1694 3037 1753 patrum,
3065 1681 3464 1736 benedictiones
3489 1691 3573 1731 Su-

1987 1778 2287 1844 ccrdotum,
2314 1775 2597 1832 concordia
2625 1784 2682 1830 et
2718 1791 2819 1846 pax
2841 1783 2896 1829 et
2922 1787 3240 1839 consensus,
3280 1769 3582 1840 spiritualia

1987 1868 2148 1932 dona,
2181 1867 2455 1937 spirituale
2495 1867 2742 1934 pretium.

2057 1957 2460 2011 Resurrectionis
2485 1957 2672 2011 Christi
2695 1957 2908 2025 fructus.
2937 1985 3010 1995 —
3029 1953 3245 2009 Festum
3277 1952 3377 2006 hoc
3400 1952 3540 2006 maxi
3555 1981 3575 1994 ο

1985 2065 2129 2103 mum
2179 2048 2513 2103 celebremus
2541 2057 2597 2104 et
2623 2047 2850 2113 illustre,
2885 2047 2936 2100 in
2963 2061 3069 2115 quo
3114 2044 3368 2098 Dominus
3395 2059 3576 2098 resur-

1985 2141 2121 2196 rexit
2142 2157 2153 2191 :
2173 2139 2504 2194 celebremus
2521 2147 2697 2192 autem
2722 2136 2850 2191 illud
2880 2151 3002 2191 cum
3022 2133 3216 2205 gaudio
3240 2133 3395 2188 simul
3419 2143 3579 2202 atque

1985 2248 2104 2291 cum
2123 2234 2349 2304 pietate;
2377 2230 2670 2288 resurrexit
2696 2227 2839 2283 enim
2863 2227 3123 2281 Dominus
3150 2239 3439 2294 secumque
3461 2239 3578 2278 sus-

1985 2329 2168 2384 citavit
2223 2326 2411 2381 orbcm
2469 2333 2772 2387 terrarum,
2821 2319 2934 2388 ipse
3001 2316 3262 2387 siquidem
3321 2314 3578 2384 disruptis

1989 2419 2177 2474 mortis
2198 2415 2425 2472 vinculis
2462 2411 2777 2468 resurrexit.
2811 2407 3059 2465 Peccavit
3098 2407 3338 2462 Adamus
3363 2415 3417 2460 et
3439 2420 3582 2459 mor-

1989 2523 2113 2568 tuus
2135 2519 2250 2567 est:
2283 2517 2338 2564 at
2361 2522 2471 2563 non
2506 2505 2752 2576 peccavit
2782 2502 3050 2566 Christus,
3087 2509 3143 2556 et
3192 2507 3277 2554 est
3315 2507 3578 2552 mortuus.

1991 2605 2205 2660 Novum
2235 2610 2320 2658 est
2345 2601 2446 2657 hoc
2480 2608 2535 2654 et
2559 2595 2907 2660 admirabile;
2943 2593 3032 2649 ille
3061 2591 3320 2662 peccavit,
3343 2599 3396 2645 et
3434 2604 3582 2644 mor-

1990 2706 2113 2751 tuus
2134 2704 2250 2760 est;
2280 2693 2366 2748 hic
2395 2705 2501 2746 non
2528 2688 2785 2759 peccavit,
2814 2694 2870 2740 et
2888 2692 3132 2739 mortuus
3157 2692 3240 2737 est
3269 2698 3283 2734 :
3307 2679 3432 2750 quid
3463 2680 3531 2733 ita
3558 2679 3584 2732 τ

1989 2788 2104 2855 Quo
2125 2786 2168 2840 is
2195 2785 2283 2855 qui
2305 2783 2540 2854 peccavit
2565 2789 2620 2835 et
2641 2787 2882 2833 mortuus
2905 2783 3009 2840 est,
3054 2775 3168 2843 ejus
3184 2786 3346 2843 opera
3367 2771 3454 2840 qui
3477 2785 3582 2824 non

1991 2879 2226 2949 peccavit
2266 2875 2480 2948 quidem
2504 2917 2518 2939 ,
2552 2882 2795 2928 mortuus
2830 2880 2913 2924 est
2953 2875 3128 2921 autem
3151 2907 3166 2930 ,
3197 2863 3384 2919 mortis
3414 2877 3583 2917 nexus

1991 2974 2157 3041 possit
2179 2969 2428 3026 evadere.
2458 2967 2535 3022 Ita
2559 2967 2616 3021 ﬁt
2641 2974 2696 3020 et
2725 2965 2777 3019 in
2806 2959 3045 3034 pecuniis
3065 2975 3080 3014 :
3104 2971 3472 3028 saepenumero
3496 2957 3584 3010 dc-

1989 3065 2077 3118 het
2091 3062 2376 3134 quiSpiam,
2392 3068 2576 3115 etcum
2592 3073 2697 3113 non
2715 3057 2904 3112 habeat
2922 3055 3058 3111 unde
3077 3056 3270 3116 solvat,
3290 3053 3341 3106 itt
3358 3049 3591 3104 vinculis

1991 3155 2292 3219 detinetur;
2325 3151 2461 3205 alius
2473 3152 2563 3221 qui
2584 3164 2691 3204 non
2717 3149 2908 3216 debet,
2925 3147 3201 3204 sedhabet
3226 3143 3368 3199 unde
3385 3142 3581 3200 soivat,

1991 3261 2112 3300 eum
2142 3244 2233 3314 qui
2261 3243 2522 3298 obnoxius
2543 3249 2624 3296 est
2649 3241 2877 3296 liberare
2905 3239 3040 3294 solet
3071 3254 3085 3291 :
3116 3237 3195 3292 sic
3223 3245 3281 3290 et
3307 3233 3488 3290 evenit
3524 3233 3584 3285 in

1993 3339 2230 3402 Adamo;
2252 3334 2481 3390 debebat
2511 3332 2767 3398 Adamus,
2793 3347 2822 3385 a
2851 3329 3068 3386 diabolo
3094 3325 3456 3390 dctinebatur,
3487 3323 3584 3378 sed

1993 3428 2137 3483 unde
2172 3427 2404 3482 solveret
2446 3441 2552 3479 non
2585 3423 2854 3479 habebat:
2884 3437 2990 3477 non
3035 3419 3268 3475 debebat
3311 3415 3582 3476 Christus,

1993 3534 2092 3573 nec
2115 3534 2144 3572 a
2175 3517 2389 3572 diabolo
2430 3513 2800 3580 dctinebatur,
2843 3511 2938 3567 sed
2973 3510 3213 3566 debitum
3251 3515 3458 3577 poterat
3487 3519 3588 3557 nu-

1993 3626 2203 3667 merare
2233 3628 2248 3665 :
2271 3609 2434 3677 venit,
2461 3618 2688 3663 mortem
2717 3604 2973 3677 persolvit-
2996 3618 3092 3674 pro
3112 3615 3179 3658 eo
3201 3599 3288 3672 qui
3317 3614 3348 3654 a
3370 3596 3594 3654 diabolo

1992 3704 2348 3767 dctinebatur,
2365 3711 2424 3757 ut
2447 3701 2595 3756 illum
2622 3699 2943 3756 exsolveret.

2064 3798 2118 3852 Δ.
2143 3796 2303 3851 Vides
2318 3795 2572 3866 praeclara
2598 3792 3003 3850 resurrectionis
3026 3789 3210 3846 effecta
3227 3788 3256 3842 ?
3281 3787 3386 3842 Nos
3418 3783 3589 3852 dupli»-

1994 3891 2040 3942 ci
2071 3897 2245 3942 morte
2285 3887 2481 3942 mortui
2521 3900 2768 3947 eramus;
2814 3883 3081 3954 duplicem
3137 3881 3314 3950 itaque
3343 3891 3587 3931 resurre-

2000 3980 2233 4034 ctionem
2281 3985 2655 4047 exspectemus
2713 3993 2727 4029 :
2773 3975 2889 4045 ipse
2943 3973 3171 4042 simplici
3210 3977 3454 4024 mortuus
3506 3974 3598 4019 cst:

2001 4079 2210 4135 morte;
2240 4077 2528 4139 propterea
2572 4067 2800 4137 simplici
2829 4079 3044 4136 quoque
3081 4059 3476 4116 resurrectione
3505 4073 3590 4110 re-

2001 4162 2248 4218 surrexit.
2272 4161 2408 4228 Quid
2436 4160 2551 4214 haec
2566 4159 2665 4213 sibi
2694 4158 2922 4213 volunt?
2951 4156 3211 4219 Mortuus,
3246 4152 3485 4220 inquam,
3509 4157 3598 4202 cst-

2005 4253 2261 4320 Adamus,
2286 4260 2340 4307 et
2368 4265 2594 4322 corpore
2621 4258 2677 4306 et
2699 4248 2876 4304 anima
2902 4266 2918 4302 :
2949 4255 3192 4302 mortuus
3234 4252 3320 4300 est
3371 4249 3592 4312 peccato

2000 4355 2056 4400 et
2085 4353 2295 4399 natura.
2345 4342 2412 4396 In
2460 4357 2774 4411 quocumque
2825 4339 2908 4394 die
2956 4335 3272 4392 comedet-itis
3319 4335 3386 4386 de
3410 4333 3548 4403 tigno
3573 4369 3590 4394 ,

2001 4447 2164 4493 morte
2189 4437 2476 4492 moriemini
2504 4433 2660 4508 (Gen.
2683 4434 2734 4489 Ξ.
2774 4433 2886 4505 17).
2936 4430 3097 4501 Atqui
3148 4443 3254 4483 non
3281 4425 3468 4482 eadem
3507 4423 3594 4478 die

2003 4541 2246 4587 mortuus
2271 4541 2355 4586 est
2380 4537 2568 4584 natura
2591 4569 2607 4595 ,
2635 4527 2729 4584 sed
2776 4535 2996 4596 peccato
3031 4533 3115 4579 est
3139 4531 3383 4576 mortuus
3407 4519 3426 4550 ί
3447 4560 3464 4586 ,
3493 4518 3585 4572 illa

2003 4640 2148 4681 mors
2174 4634 2260 4681 est
2288 4624 2502 4689 anima,
2523 4622 2636 4678 huic
2658 4635 2804 4676 mors
2829 4629 2912 4676 est
2933 4617 3194 4687 corporis.
3221 4614 3325 4672 Sed
3347 4628 3466 4668 cum
3498 4627 3594 4665 au-

2001 4717 2165 4770 dieris
2210 4724 2438 4769 mortem
2479 4727 2600 4768 esse
2624 4713 2846 4777 animae,
2881 4711 2984 4765 noli
3012 4708 3146 4764 mori
3187 4707 3419 4760 animam
3447 4703 3596 4758 arbi.

2007 4807 2134 4862 trari
2169 4824 2183 4860 :
2215 4815 2299 4860 est
2327 4806 2468 4862 enim
2500 4803 2856 4866 immortalis;
2879 4816 3065 4856 verum
3105 4800 3300 4854 anima:
3328 4811 3477 4852 mors
3505 4805 3588 4851 est

2003 4909 2276 4970 peccatum
2295 4908 2350 4953 et
2371 4897 2686 4967 supplicium
2705 4904 2962 4951 arternum
2991 4911 3005 4946 :
3035 4901 3325 4962 propterea.
3345 4890 3424 4945 ait
3441 4889 3596 4944 Chri-

2004 5001 2118 5048 stus
2142 5033 2157 5058 ,
2187 4989 2364 5044 Nolite
2412 4991 2587 5043 timere
2637 5005 2720 5043 eos
2765 4991 2852 5057 qui
2873 4987 3107 5040 occidunt
3135 5001 3343 5056 corpus,
3373 4986 3597 5038 animam

2006 5094 2173 5138 mitem
2195 5100 2296 5137 non
2325 5089 2533 5153 possunt
2562 5080 2818 5143 occidere;
2850 5079 2939 5134 sed
2963 5080 3130 5150 potius
3152 5080 3318 5132 timete
3346 5093 3494 5141 curn,
3512 5075 3596 5144 qui

2007 5187 2172 5249 potest
2215 5186 2263 5231 et
2308 5177 2534 5230 animam
2590 5183 2638 5229 ct
2678 5189 2866 5243 corpus
2909 5173 3120 5242 perdere
3190 5172 3248 5225 in
3317 5171 3598 5241 gehennam

2009 5269 2224 5339 (Matth.
2257 5268 2346 5324 10.
2375 5268 2470 5338 26)
2497 5285 2510 5320 :
2543 5265 2686 5337 quod
2719 5277 2896 5321 autem
2923 5274 3007 5319 est
3033 5264 3321 5334 perditum,
3355 5261 3595 5316 subsistit

2008 5362 2244 5431 quidem,
2271 5361 2364 5416 sed
2397 5363 2566 5414 aciem
2593 5360 2869 5416 oculorum
2902 5359 3019 5428 ejus
3049 5359 3137 5428 qui
3167 5357 3415 5427 perdidit,
3441 5354 3590 5422 fugit.

2012 5455 2206 5508 Verum
2230 5461 2286 5506 ut
2307 5453 2569 5516 dicebant,
2598 5452 2791 5522 duplex
2815 5453 2865 5505 itt
2887 5452 3040 5506 nobis
3068 5465 3211 5505 mors
3229 5456 3342 5510 est;
3369 5460 3598 5515 quapro-

2009 5561 2126 5617 pter
2155 5559 2206 5604 et
2235 5547 2496 5617 duplicem
2537 5547 2648 5602 ﬁeri
2680 5547 2732 5601 in
2774 5546 2926 5601 nobis
2955 5541 3398 5601 resurrectionem
3425 5554 3587 5608 opor-

2074 5683 2087 5713 ¹
2128 5689 2242 5740 "ea.
2265 5681 2308 5743 ι,
2328 5689 2501 5732 natura
2521 5688 2696 5741 «cutem,
2724 5677 2990 5744 posterius;
3009 5675 3280 5734 tristiusquc
3298 5679 3514 5723 mortuas
3532 5683 3600 5724 Cb!

2007 5756 2223 5800 ινςεωίυ.
