4038 6204
375 249 480 322 139
1095 256 1154 313 s.
1184 253 1462 313 JOANNIS
1497 251 1973 311 cunvsosrom
2005 251 2321 309 ARClllEP.
2363 249 2893 308 CONSTANTINOP.

375 387 451 431 tet
476 394 489 428 :
524 375 577 428 in
613 373 826 430 Christo
850 371 1077 442 simplex
1103 386 1246 425 mors
1264 369 1360 424 fuit
1385 388 1397 420 :
1425 385 1528 422 non
1553 368 1693 423 enim
1721 367 1964 421 Christus

376 465 613 534 peccavit
631 506 646 528 ,
678 465 772 519 sed
809 465 921 533 ipsa
949 476 1092 518 mors
1121 461 1346 530 simplex
1375 470 1594 530 propter
1619 473 1714 512 nos
1736 459 1818 512 est
1842 471 1962 511 sus-

373 565 703 627 ceptaznon
741 555 883 608 enim
923 561 1150 606 mortem
1197 551 1382 606 debuit
1429 551 1550 615 ille,
1605 563 1779 618 neque
1823 549 1965 602 enim

3543 245 3646 300 ΜΟ

2072 367 2388 427 sanabatur;
2429 363 2627 418 Judaeis
2659 363 2853 432 quippe
2897 359 3062 430 gratia
3091 358 3212 414 data
3239 367 3357 414 erat
3383 357 3607 412 infirmis
3629 398 3647 424 ,

2071 457 2254 526 egenis
2283 473 2296 509 :
2327 455 2414 510 bic
2439 469 2562 508 vero
2589 461 2706 522 post
2728 452 2955 519 primum
2984 449 3248 506 secundus
3268 491 3283 516 ,
3308 456 3429 518 post
3457 464 3650 503 secun-

2075 548 2203 602 dum
2226 547 2434 609 tertius,
2469 553 2590 613 post
2630 543 2841 597 tertium
2869 549 3085 610 quartus
3117 558 3130 594 :
3158 543 3278 594 licet
3299 539 3506 604 decem,
3527 539 3652 594 licet

382 665 504 704 reus
528 658 644 704 erat
681 647 903 717 peccati,
921 645 1168 716 quocirca
1198 658 1295 699 nec
1325 644 1544 697 mortis:
1571 649 1850 710 propterea
1877 640 1968 693 ille

385 740 592 809 quidem
611 738 1001 793 resurrectione
1013 733 1278 803 simplicia
1296 733 1520 802 simplici
1539 739 1712 786 morte
1730 744 1969 784 resurre-

386 833 464 885 xit
484 849 498 886 :
524 845 621 886 nos
641 838 842 892 autem,
867 829 954 898 qui
973 825 1168 896 duplici
1183 835 1351 880 morte
1367 826 1559 878 mortui
1587 821 1971 892 sumus,dupli-

387 923 434 978 ci
475 935 687 992 quoque
714 918 1104 974 resurrectione
1119 916 1444 988 resurgimus
1474 933 1487 969 :
1533 929 1636 968 una
1650 913 1860 984 quidem
1875 927 1970 966 an-

383 1027 467 1070 tea
500 1015 912 1074 resurreximus,
936 1019 1148 1080 quaeest
1171 1024 1200 1063 a
1227 1017 1443 1078 peccato
1471 1024 1484 1060 :
1508 1004 1805 1075 consepulti
1827 1019 1971 1057 etum

384 1121 568 1160 sumus
581 1105 680 1176 ipsi
702 1105 753 1158 in
769 1103 1050 1173 baptismo,
1071 1111 1124 1157 et
1138 1100 1573 1157 consurreximus
1592 1112 1713 1152 cum
1737 1097 1851 1166 ipso
1879 1111 1972 1165 per

389 1198 736 1268 baptismum.
773 1196 884 1252 Una
917 1196 1030 1249 lucc
1059 1191 1382 1248 resurrectio
1407 1199 1490 1247 est
1521 1189 1763 1244 liberatio
1787 1203 1816 1242 a
1844 1201 1972 1256 pec-

386 1290 551 1353 catis;
573 1289 739 1342 altcra
762 1303 888 1342 vero
907 1287 1226 1342 resurrectio
1242 1293 1323 1339 est
1338 1283 1607 1352 corporis:
1632 1281 1777 1336 dedit
1801 1278 1974 1348 majo-

393 1398 530 1446 rem,
554 1391 804 1451 exspecta
831 1382 989 1434 etiam
1016 1378 1276 1432 minorem
1309 1395 1321 1429 :
1351 1375 1466 1430 lure
1498 1375 1639 1430 enim
1662 1373 1830 1428 multo
1865 1386 1978 1426 ma-

393 1474 481 1541 jor
509 1481 591 1525 est
617 1471 918 1525 illa:multo
945 1470 1085 1524 enim
1110 1468 1280 1537 majus
1309 1476 1392 1522 est
1420 1481 1449 1520 a
1477 1466 1710 1536 peccatis
1739 1462 1974 1528 liberari,

392 1577 548 1632 quam
571 1576 765 1631 corpus
791 1573 1075 1630 resurgens
1101 1558 1316 1613 intueri.
1346 1557 1631 1625 Propterea
1645 1554 1837 1610 cecidit
1855 1569 1978 1609 cor-

396 1669 514 1720 pus,
541 1653 662 1722 quia
691 1652 930 1721 peccavit
962 1670 975 1704 :
1006 1651 1050 1706 si
1081 1651 1241 1721 igitur
1289 1649 1605 1718 principium
1650 1645 1875 1701 cadendi
1900 1653 1983 1700 est

400 1753 672 1812 peccatum
695 1785 710 1810 ,
741 1743 1060 1814 principium
1089 1741 1401 1811 resurgeudi
1430 1749 1514 1795 est
1539 1755 1568 1794 a
1601 1748 1819 1809 peccato
1845 1737 1982 1794 libe-

394 1835 521 1889 rari.
579 1835 990 1890 Resurreximus
1037 1833 1291 1902 deinceps
1345 1831 1739 1887 resurrectione
1770 1827 1985 1899 majori,

396 1925 604 1996 ahjecta
631 1925 778 1994 gravi
834 1932 1007 1978 morte
1047 1923 1272 1993 peccati,
1298 1931 1351 1976 et
1388 1922 1554 1976 veteri
1601 1929 1758 1975 exuta
1788 1928 1937 1974 veste
1967 1936 1981 1972 :

399 2032 466 2070 ne
497 2015 655 2085 igitur
678 2014 748 2069 de
776 2015 966 2069 minori
997 2013 1369 2084 desperemus.
1408 2012 1520 2067 Hae
1540 2020 1595 2066 et
1625 2025 1722 2065 nos
1748 2010 1874 2064 olim
1901 2026 1987 2065 re-

403 2106 737 2160 surrectione
763 2105 1156 2160 resurreximus
1175 2147 1189 2169 ,
1231 2103 1444 2174 quando
1469 2103 1713 2172 baptizati
1740 2100 1938 2156 fuimus
1967 2141 1986 2168 ,

405 2207 563 2266 atque
585 2196 639 2251 hi
666 2197 754 2266 qui
778 2196 890 2251 heri
919 2197 1125 2266 vesperi
1154 2195 1472 2263 baptismate
1492 2193 1633 2262 digni
1658 2192 1821 2246 habiti
1843 2201 1986 2257 sunt,

410 2290 460 2342 hi
484 2290 604 2358 agni
636 2288 879 2358 prmclari
911 2287 951 2339 ⁸.
977 2286 1376 2342 Nudiustertius
1402 2285 1686 2339 crucifixus
1708 2292 1790 2338 est
1831 2282 1992 2338 Chri-

414 2393 551 2448 stus,
581 2381 674 2436 sed
691 2395 847 2436 nocte
877 2380 1143 2450 praeterita
1166 2379 1459 2434 resurrexit
1487 2394 1501 2431 :
1530 2386 1585 2432 et
1609 2377 1664 2430 hi
1689 2376 1991 2431 nudiuster-

415 2474 520 2526 tius
542 2487 572 2524 a
596 2482 811 2540 peccato
831 2469 1227 2535 detinebantur,
1254 2469 1350 2524 sed
1375 2467 1533 2522 simul
1565 2483 1686 2522 eum
1711 2483 1776 2522 eo
1808 2482 1993 2522 resur-

411 2573 704 2618 rexerant:
735 2563 824 2617 ille
861 2576 1086 2632 corpore
1129 2569 1368 2615 mortuus
1409 2568 1490 2614 est
1514 2601 1529 2625 ,
1562 2569 1617 2614 et
1656 2572 1881 2627 corpore
1911 2571 1998 2611 re-

417 2656 687 2710 surrexit:
715 2655 768 2710 hi
795 2655 990 2726 mortui
1021 2663 1239 2722 peccato
1265 2660 1439 2716 erant,
1463 2658 1517 2704 et
1548 2665 1578 2704 a
1607 2650 1836 2720 peccatis
1863 2648 2000 2702 libe-

420 2747 519 2800 rati
543 2729 970 2801 resurrexerunt.
1007 2745 1084 2797 Ac
1113 2751 1252 2798 terra
1284 2742 1498 2811 quidem
1532 2754 1695 2794 verno
1726 2739 1827 2793 hoc
1864 2747 2002 2793 tem-

419 2853 550 2908 pore
587 2852 739 2892 rosas
765 2845 820 2890 et
864 2836 1029 2889 violas
1053 2833 1294 2904 aliosque
1320 2825 1483 2887 ﬂores
1511 2831 1665 2885 nobis
1685 2829 1828 2892 edit;
1853 2843 2005 2898 aqum

425 2945 558 2987 vero
604 2939 742 2984 terra
790 2928 946 2983 nobis
975 2937 1184 2997 pratum
1233 2925 1598 2980 delectabilius
1627 2922 2004 2978 exhibuerunt.

420 3027 500 3079 Ne
523 3022 734 3076 mireris
748 3021 887 3092 quod
916 3021 982 3076 ab
1006 3021 1158 3090 aquis
1184 3017 1344 3094 ﬂores
1369 3015 1747 3087 germinarint;
1781 3014 2007 3083 necipsa

423 3130 563 3168 terra
593 3129 663 3169 ex
691 3113 904 3183 propria
927 3122 1138 3178 natura,
1161 3111 1255 3166 sed
1276 3125 1339 3164 ex
1370 3109 1576 3164 Domini
1605 3106 1855 3162 mandato
1875 3122 2006 3178 ger-

425 3223 548 3263 men
579 3205 690 3260 edit
713 3222 727 3261 :
758 3203 1002 3258 animalia
1025 3219 1236 3274 quoque
1262 3212 1409 3256 motu
1434 3199 1654 3270 praedita
1680 3199 1730 3252 in
1753 3197 2012 3269 principio

428 3300 542 3356 edit
566 3312 828 3368 aquarum
859 3305 1046 3349 natura
1077 3310 1092 3360 ;
1127 3293 1428 3348 Producaut
1452 3293 1613 3357 enim,
1647 3291 1837 3361 inquit,
1868 3303 2016 3362 aqua:

426 3389 628 3459 reptilia
647 3390 933 3442 animarum
956 3387 1221 3440 viventium
1245 3383 1396 3453 (Gen.
1429 3385 1480 3437 1,
1509 3383 1600 3452 ‘20)
1633 3399 1650 3459 ;_
1688 3391 1742 3436 et
1789 3379 2012 3434 manda-

430 3495 540 3536 tum
585 3495 721 3550 Opus
751 3478 966 3544 evasit,
1020 3477 1214 3546 illaque
1242 3476 1433 3530 animae
1489 3457 1680 3543 expers
1725 3473 2016 3527 substantia

435 3576 670 3629 animata
701 3572 919 3642 protulit
944 3570 1216 3624 animalia.
1256 3569 1332 3622 lta
1364 3583 1506 3622 nunc
1533 3568 1694 3622 etiam
1726 3566 2020 3636 producant

434 3680 609 3735 aqum,
652 3679 757 3718 non
803 3662 1011 3732 reptilia
1039 3661 1327 3716 viventium
1378 3658 1700 3722 animarum,
1733 3657 1827 3710 sed
1859 3655 2018 3725 spiri-

435 3757 595 3811 tualia
631 3755 794 3810 dona.
845 3753 1221 3809 Produxerunt
1268 3759 1382 3805 tum
1407 3765 1560 3820 aqua:
1590 3751 1761 3819 pisces
1797 3744 2022 3802 rationis

439 3858 690 3919 expertes
718 3861 780 3902 ac
809 3857 1020 3911 mutos;
1053 3861 1195 3901 nunc
1240 3846 1448 3901 ratione
1476 3843 1731 3914 praeditos
1760 3857 1823 3896 ac
1855 3840 2021 3912 spiri-

440 3942 609 3997 tuales
635 3939 806 4009 pisces
831 3937 1166 4005 effuderunt,
1218 3938 1392 4010 pisces
1412 3979 1427 4004 ,
1466 3951 1601 4008 quos
1650 3935 1876 4005 apostoli
1902 3943 2026 3988 sunt

443 4033 652 4104 piscati.
693 4029 866 4085 Venite
908 4030 1051 4086 enim
1071 4072 1087 4098 ,
1121 4029 1311 4100 inquit,
1345 4038 1390 4083 et
1417 4029 1603 4092 faciant
1648 4043 1732 4080 vos
1759 4027 2026 4092 piscatores

441 4130 704 4185 hominum
734 4126 944 4202 (Matth.
974 4126 1028 4182 4.
1063 4124 1152 4195 19)
1176 4142 1190 4179 :
1217 4123 1334 4178 bzec
1356 4131 1440 4177 est
1469 4122 1556 4176 illa
1587 4121 1808 4192 piscatio
1838 4120 1905 4174 de
1924 4132 2028 4189 qua

442 4233 554 4277 tum
570 4223 886 4292 loquebatur
911 4239 924 4274 :
953 4234 1124 4274 novus
1148 4233 1333 4273 revera
1365 4215 1674 4286 piscationis
1693 4212 1917 4268 modus:
1941 4211 2030 4281 qui

444 4314 718 4382 piscamur
737 4326 800 4366 ex
830 4309 987 4380 aquis
1014 4309 1262 4378 ejiciunt,
1293 4321 1394 4362 nos
1445 4306 1496 4360 in
1538 4320 1702 4375 aquas
1743 4303 2028 4374 injicimus,

444 4413 607 4473 atque
638 4403 710 4456 ita
742 4402 1034 4472 piscamur.
1087 4398 1211 4453 Fuit
1248 4398 1375 4452 olim
1415 4406 1469 4451 et
1507 4403 1680 4450 stante
1729 4394 2033 4449 Iudaeorum

451 4496 573 4566 lege
600 4495 800 4564 piscina
837 4509 855 4547 :
885 4492 1033 4547 disce
1075 4488 1200 4560 quid
1230 4488 1459 4559 potuerit
1490 4486 1574 4539 illa
1608 4486 1831 4554 piscina,
1854 4494 1910 4538 ut
1937 4483 2034 4539 Ju-

451 4589 659 4643 daicam
687 4587 862 4642 discas
889 4591 1202 4655 egestatem,
1233 4594 1290 4635 ut
1318 4580 1528 4635 divitias
1556 4579 1732 4634 discas
1756 4579 2032 4634 Ecclesiae.

451 4681 662 4736 Piscina
689 4687 804 4734 erat
832 4691 1088 4749 aquarum
1106 4716 1121 4740 ,
1147 4675 1378 4744 illucque
1405 4671 1627 4743 angelus
1655 4670 2034 4735 descendebat,

453 4783 506 4826 et
534 4787 700 4842 aquas
731 4771 1010 4838 movebat;
1041 4767 1234 4824 deinde
1261 4774 1380 4837 post
1407 4781 1558 4836 aqua:
1579 4765 1870 4820 motionem
1898 4780 2041 4835 aeger

456 4881 593 4918 untts
621 4863 1048 4933 ingrediebatur,
1084 4871 1137 4916 et
1172 4859 1460 4914 sanabatur
1482 4855 1662 4927 (Joan.
1687 4858 1739 4912 5.
1771 4856 1825 4910 2.
1855 4855 1989 4925 sqq.)
2023 4873 2038 4909 :

457 4970 596 5010 unus
622 4956 767 5009 solus
787 4953 1074 5024 qu0tanois
1099 4951 1403 5013 sanabatur,
1429 4949 1716 5018 statimque
1729 4947 1892 5017 gratia
1920 4960 2041 5000 con-

459 5045 804 5111 sumebatur,
851 5059 959 5098 non
1009 5051 1228 5112 propter
1258 5041 1373 5109 ejus
1398 5041 1487 5110 qui
1520 5038 1684 5094 dabat
1721 5046 2038 5108 egestatem,

459 5138 554 5194 sed
585 5147 801 5207 propter
831 5152 1015 5191 eorum
1047 5135 1136 5205 qui
1165 5133 1497 5202 accipiebant
1538 5131 1917 5186 infirmitatem.
1942 5128 2045 5184 De-

460 5231 756 5287 scendebat
800 5230 949 5300 igitur
986 5230 1207 5299 angelus
1236 5229 1287 5282 in
1319 5226 1599 5297 piscinam,
1619 5235 1672 5280 et
1703 5239 1894 5294 aquam
1925 5237 2044 5278 mo-

470 5326 652 5391 vebat,
683 5339 746 5380 ac
774 5322 1065 5379 sanabatur
1089 5336 1225 5376 unus
1256 5339 1270 5375 :
1297 5319 1575 5376 descendit
1610 5319 1866 5373 Dominus
1886 5331 2048 5386 ange-

463 5418 640 5473 lorum
668 5417 718 5470 in
745 5413 1032 5470 Jordanem
1057 5453 1073 5478 ,
1099 5421 1151 5467 et
1188 5428 1378 5481 aquam
1421 5411 1606 5473 movit,
1640 5419 1800 5479 atque
1830 5409 2046 5462 univcr-

465 5523 586 5565 sum
613 5516 875 5561 terrarum
905 5503 1088 5558 orbem
1116 5503 1344 5556 sanavit.
1374 5501 1663 5570 Proplcrca
1701 5501 1807 5555 illic
1835 5497 2047 5570 quidem

471 5600 542 5664 is,
574 5599 660 5666 qui
693 5607 810 5666 post
851 5597 1076 5665 priumm
1120 5593 1385 5648 secundus
1415 5591 1783 5660 descenderat,
1833 5591 2052 5647 minime

536 5714 550 5744 ‘
590 5712 702 5773 Reg.
725 5709 840 5770 2,]:1'
867 5707 1046 5761 surculi
1067 5703 1318 5770 praelati.

2074 638 2257 708 viginti
2279 679 2294 701 ,
2323 637 2449 690 licet
2474 645 2708 701 centum,
2741 633 2864 687 licet
2887 631 3066 686 decies
3092 631 3254 695 mille,
3284 631 3407 684 licet
3436 629 3651 684 univer-

2074 745 2190 784 sum
2241 727 2424 782 orbem
2470 735 2732 780 terrarum
2783 722 3066 778 immiseris
3121 723 3171 775 in
3224 720 3515 789 piscinam,
3550 736 3650 773 non

2074 820 2406 877 consumitur
2435 819 2626 889 gratia,
2649 832 2754 872 non
2784 815 3094 892 exhauritur
3115 813 3311 866 donum
3334 853 3349 877 ,
3401 827 3503 866 non
3534 811 3656 863 lati-

2075 929 2165 968 ces
2189 912 2560 982 inquinantur:
2583 923 2753 963 novus
2776 905 3103 978 purgationis
3129 903 3318 959 modus
3345 919 3358 955 :
3389 917 3493 956 non
3513 902 3650 957 enim

2078 1017 2163 1062 cst
2196 1005 2491 1074 corporalis
2519 1021 2534 1057 :
2563 1017 2685 1057 nam
2714 1002 2767 1055 in
2793 999 3109 1068 corporibus
3149 996 3389 1066 quidem,
3413 1009 3517 1064 quo
3545 994 3652 1063 plu-

2077 1113 2165 1153 res
2189 1097 2496 1161 abluuntur,
2528 1110 2594 1150 eo
2617 1094 2847 1163 majores
2873 1091 3058 1146 sordes
3079 1090 3262 1144 latices
3295 1087 3653 1153 contrahunt;

2078 1191 2167 1246 hic
2196 1206 2323 1245 vero
2347 1199 2452 1260 quo
2490 1188 2671 1258 plures
2701 1185 2941 1248 abluunt,
2969 1198 3036 1237 eo
3069 1181 3312 1251 puriores
3341 1177 3588 1234 evadunt.

2150 1284 2203 1339 5.
2237 1282 2400 1337 Vides
2441 1278 2862 1350 magnitudinem
2905 1273 3074 1328 doni?
3122 1275 3190 1325 At
3229 1280 3284 1324 tu
3335 1270 3461 1324 doni
3503 1267 3664 1337 hujus

2082 1373 2506 1445 magnitudinem
2539 1383 2823 1434 conserva,
2853 1366 2924 1420 mi
2951 1365 3130 1418 homo.
3161 1360 3278 1415 Non
3305 1360 3430 1414 licet
3459 1359 3552 1412 tibi
3581 1359 3665 1410 in-

2082 1467 2396 1522 differenter
2428 1463 2642 1527 vivere;
2675 1461 2850 1529 legem
2890 1457 2985 1512 tibi
3023 1455 3121 1525 ipsi
3167 1447 3308 1507 'cum
3350 1451 3495 1506 omni
3543 1450 3667 1504 dili-

2082 1559 2260 1631 gentia
2287 1557 2650 1624 scisce;agon
2679 1561 2763 1606 est
2808 1558 2862 1606 et
2907 1548 3048 1602 lucta
3097 1543 3337 1616 quaedam
3384 1541 3499 1595 haec
3529 1541 3670 1604 vita;

2085 1651 2173 1721 qui
2201 1657 2378 1702 autem
2409 1647 2461 1700 in
2487 1659 2658 1716 agone
2675 1640 2967 1706 contendit,
2989 1638 3057 1692 ab
3077 1637 3325 1693 omnibus
3347 1648 3404 1688 se
3417 1631 3670 1686 abstinet.

2089 1741 2252 1796 Visne
2267 1740 2527 1810 optimum
2553 1735 2838 1807 quemdam
2881 1748 2943 1787 ac
2968 1745 3210 1786 securum
3238 1736 3383 1782 recte
3413 1727 3674 1780 factorum

2088 1830 2304 1886 modum
2334 1838 2385 1884 te
2413 1826 2672 1882 doceam?
2699 1824 2828 1892 Quae
2875 1822 3123 1876 nimirum
3156 1817 3503 1873 indifferentia
3548 1815 3673 1884 qui-

2090 1924 2212 1979 dem
2241 1921 2504 1985 videntur,
2555 1917 2650 1974 sed
2695 1924 2909 1986 peccata
2949 1913 3194 1983 pariunt,
3218 1925 3283 1964 ex
3311 1916 3487 1963 mente
3513 1907 3676 1976 pella-

2091 2027 2389 2068 musznam
2422 2010 2563 2064 inter
2605 2007 2843 2063 actiones
2888 2003 3132 2075 quaedam
3175 2000 3388 2070 quidem
3431 2007 3674 2068 peccata,

2095 2106 2339 2178 quaedam
2388 2118 2517 2159 vero
2565 2118 2671 2157 non
2725 2108 2971 2171 peccata,
3025 2097 3118 2151 sed
3166 2102 3502 2165 peccatorum
3553 2099 3679 2146 sunt

2096 2213 2272 2254 causa:
2297 2211 2314 2251 :
2344 2196 2424 2250 sic
2451 2194 2591 2248 risus
2618 2191 2832 2263 quidem
2873 2198 3149 2259 peccatum
3197 2196 3383 2240 natura
3422 2198 3524 2237 non
3554 2192 3676 2245 est;

2099 2289 2160 2345 fit
2187 2298 2364 2342 autem
2395 2295 2700 2357 peccatum,
2729 2283 2772 2338 si
2805 2282 2943 2336 ultra
2965 2279 3180 2334 modum
3203 2275 3502 2332 effundatur
3523 2288 3678 2326 :nam

2098 2397 2164 2436 ex
2193 2380 2304 2434 risu
2334 2378 2562 2444 facetiae,
2589 2392 2655 2432 ex
2694 2374 2898 2430 facetiis
2925 2372 3213 2427 verborum
3243 2367 3592 2430 ohscceuitas,
3615 2379 3683 2418 ex

2101 2473 2452 2529 obscoenitate
2477 2469 2760 2524 verborum
2789 2465 2958 2534 turpia
2989 2462 3148 2528 facta,
3177 2477 3241 2516 ex
3262 2459 3503 2529 turpibus
3531 2456 3686 2510 factis

2104 2565 2360 2636 Supplicia
2390 2563 2658 2627 oriuntur,
2694 2574 2758 2614 ac
2777 2572 2950 2628 pmnte
2979 2573 2996 2610 :
3021 2555 3148 2609 tolle
3175 2553 3335 2624 igitur
3361 2561 3516 2605 antea
3545 2548 3688 2602 radi-

2105 2675 2244 2724 cem,
2271 2667 2329 2712 ut
2355 2665 2521 2712 totam
2551 2652 2919 2724 aegritudinem
2967 2649 3152 2704 tollas:
3177 2647 3219 2700 si
3251 2647 3392 2700 enim
3433 2643 3583 2697 nobis
3616 2643 3689 2695 ab

2107 2754 2172 2806 iis
2193 2767 2311 2822 quae
2341 2747 2695 2805 indifferentia
2715 2753 2836 2800 sunt
2855 2755 3159 2806 caveamus,
3187 2752 3477 2806 numquam
3509 2736 3561 2788 in
3596 2749 3685 2797 ea,

2107 2859 2226 2914 quae
2291 2839 2552 2910 prohibita
2613 2845 2779 2902 sunt,
2843 2833 3202 2903 prolabemur.
3270 2829 3345 2883 Ita
3409 2827 3692 2881 mulierem

2109 2933 2384 3004 aspexisse
2416 2928 2727 2985 indifferens
2776 2925 2959 2980 multis
2988 2923 3235 2985 videtur;
3269 2928 3322 2973 at
3351 2933 3414 2972 ex
3465 2918 3564 2971 hoc
3593 2931 3694 2970 cu-

2116 3025 2308 3097 piditas
2350 3023 2546 3077 lasciva
2591 3020 2863 3091 gignitur,
2910 3032 2977 3073 ex
3031 3013 3325 3084 cupiditate
3374 3009 3694 3071 fornicatio,

2112 3134 2178 3174 ex
2227 3117 2578 3172 fornicatione
2635 3127 2846 3167 rursum
2885 3108 3204 3178 supplicium
3268 3119 3331 3159 ac
3385 3117 3563 3173 poena.
3621 3100 3697 3153 ita

2115 3208 2345 3264 delicate
2366 3207 2545 3261 vivere
2583 3218 2648 3258 ac
2671 3203 2812 3257 laute
2840 3199 2971 3254 nihil
3001 3213 3163 3269 grave
3182 3211 3303 3251 esse
3332 3194 3574 3258 videtur;
3603 3205 3699 3246 ve-

2116 3314 2234 3355 rum
2262 3297 2384 3352 inde
2405 3296 2659 3358 ebrietas,
2690 3307 2914 3362 qumque
2939 3305 3006 3346 ex
3026 3289 3284 3343 ebrietate
3307 3286 3444 3340 mala
3465 3297 3700 3338 sexcen-

2118 3401 2170 3446 ta
2232 3397 2544 3444 nascuntur.
2600 3385 2875 3440 Tollanms
2960 3383 3122 3452 igitur
3190 3380 3385 3448 ubique
3453 3383 3703 3446 peccato-

2119 3499 2239 3540 rum
2295 3481 2577 3553 prineipia.
2629 3478 2830 3532 idcirco
2883 3475 3120 3545 quotidie
3167 3473 3416 3528 continua
3461 3469 3705 3524 doctrina

2125 3574 2455 3646 perfruimjni
2508 3591 2523 3628 :
2571 3570 2767 3626 ideirco
2813 3575 3017 3636 septem
3047 3565 3250 3619 dierum
3295 3563 3464 3630 spatio
3509 3573 3709 3613 conse-

2124 3675 2352 3738 quenter
2376 3664 2656 3719 collectam
2679 3659 2879 3729 agimus
2906 3655 3004 3728 (a),
3030 3670 3090 3709 ac
3111 3652 3437 3722 Spiritualem
3465 3662 3710 3702 mensam

2125 3759 2278 3814 vobis
2323 3756 2669 3826 apponimus,
2711 3759 2768 3806 ut
2804 3758 2984 3804 nostra
3025 3760 3183 3816 opera
3234 3743 3426 3799 divinis
3473 3739 3710 3811 eloquiis

2127 3850 2495 3924 perfruamini,
2526 3855 2584 3902 ut
2607 3861 2701 3901 vos
2730 3841 2953 3913 singulis
2978 3839 3164 3894 diebus
3188 3837 3527 3897 instruamus,
3550 3841 3715 3901 atque

2129 3923 2386 3999 adversus
2405 3939 2672 3995 diabolum
2692 3947 2958 3990 armemus
2987 3949 3000 3985 :
3040 3945 3176 3984 nunc
3201 3928 3342 3983 enim
3370 3925 3596 3979 ferocius
3623 3923 3677 3977 in
3699 3954 3716 3966 -

2129 4035 2272 4089 vadit
2304 4052 2318 4088 :
2349 4039 2548 4103 quanto
2571 4029 2743 4097 majus
2771 4034 2854 4081 est
2881 4024 3080 4079 donum
3105 4063 3120 4087 ,
3154 4027 3298 4073 tanto
3344 4017 3502 4072 etiam
3544 4014 3717 4083 majus

2132 4136 2214 4184 est
2246 4125 2464 4181 bellum.
2489 4121 2544 4177 Si
2566 4120 2706 4174 enim
2752 4131 2872 4172 cum
2900 4129 3060 4168 unum
3110 4113 3161 4165 in
3185 4109 3426 4180 paradiso
3451 4107 3669 4161 vidisset
3697 4145 3716 4170 ,

2134 4219 2352 4276 minime
2378 4215 2528 4277 tulit,
2557 4226 2678 4265 cum
2709 4218 2813 4262 tam
2855 4205 3050 4258 multos
3074 4202 3252 4255 videat
3301 4200 3352 4253 iu
3383 4198 3516 4253 caelo
3540 4238 3555 4262 ,
3591 4195 3677 4248 dic
3698 4236 3716 4259 ,

2134 4323 2314 4382 quaeso
2339 4348 2355 4374 ,
2387 4305 2475 4375 qui
2503 4300 2677 4357 feret?
2722 4295 3057 4367 Exasperasti
3100 4293 3359 4349 belluam.
3392 4288 3484 4344 sed
3517 4286 3623 4341 noli
3651 4286 3721 4339 ti-

2136 4416 2317 4465 mere;
2349 4396 2604 4466 majorem
2648 4390 2871 4462 gratiam
2913 4385 3196 4454 accepisti,
3243 4382 3476 4454 gladium
3515 4392 3721 4434 exacu-

2139 4504 2284 4557 tum;
2315 4489 2406 4544 illo
2431 4501 2604 4558 punge
2632 4488 2953 4550 serpentem.
2979 4477 3179 4531 Idcirco
3200 4475 3343 4528 illum
3367 4473 3506 4526 Deus
3533 4469 3726 4524 adver~

2139 4599 2255 4639 sum
2283 4591 2333 4636 te
2359 4575 2662 4646 exasperari
2690 4570 2959 4643 permisit,
2989 4579 3046 4622 ut
3073 4566 3264 4620 virium
3298 4575 3502 4619 tuarum
3526 4570 3721 4632 poten-

2141 4677 2266 4732 tiam
2288 4675 2404 4743 ipso
2428 4669 2790 4741 experimento
2809 4674 3121 4732 cognoscas.
3171 4658 3236 4711 Et
3279 4651 3726 4725 quemadmodum

2142 4783 2262 4822 cum
2292 4764 2522 4834 optimus
2545 4757 2802 4827 palaestra:
2823 4753 3071 4822 magister
3086 4746 3382 4817 squalidum
3400 4743 3726 4814 quempiam,

2144 4866 2452 4917 enervatum
2473 4853 2726 4908 athletam
2756 4862 2818 4902 ac
2843 4845 3148 4913 despectum
3167 4839 3453 4907 acceperit,
3487 4837 3574 4890 uhi
3605 4850 3730 4887 eum

2145 4964 2361 5010 unctum
2385 4945 2713 5009 instruxerit,
2741 4937 3061 5000 exercuerit,
3080 4934 3450 5003 corpulentum
3484 4927 3734 4984 reddide-

2146 5047 2238 5110 rit,
2258 5041 2410 5097 otiari
2424 5039 2674 5105 deinceps
2694 5049 2798 5088 non
2821 5031 2946 5086 sinit
2967 5045 2982 5093 ;
3007 5042 3192 5082 verum
3211 5025 3262 5078 in
3280 5022 3566 5078 certamina
3582 5019 3737 5085 jubet

2147 5135 2494 5193 descendere,
2519 5140 2577 5184 ut
2603 5145 2724 5185 cum
2759 5125 2950 5178 doceat
2974 5119 3320 5192 experientia,
3351 5124 3602 5185 quantum
3635 5112 3738 5180 ipsi

2151 5229 2313 5284 robur
2339 5222 2589 5279 indiderit
2618 5237 2631 5285 ;
2662 5221 2730 5272 ita
2762 5217 3006 5271 Christus
3030 5212 3189 5266 etiam
3225 5209 3346 5263 fecit
3369 5223 3384 5271 ;
3409 5212 3615 5276 poterat
3659 5204 3738 5256 si-

2152 5319 2362 5392 quidem
2395 5314 2663 5370 iuimicum
2685 5326 2716 5366 e
2758 5309 2934 5363 medio
2962 5306 3179 5368 tollere,
3223 5301 3316 5355 sed
3346 5309 3402 5353 ut
3427 5297 3609 5368 gratim
3638 5311 3739 5348 ex-

2153 5409 2478 5472 cellcntiam,
2511 5419 2572 5458 ac
2592 5403 2800 5457 virtutis
2824 5397 3131 5469 Spiritualis,
3155 5407 3311 5463 quam
3333 5407 3399 5444 ex
3426 5391 3743 5458 baptismate

2157 5511 2342 5559 nactus
2383 5513 2462 5563 es,
2509 5492 2922 5564 magnitudinem
2975 5488 3185 5551 discas,
3222 5491 3394 5537 tecum
3423 5481 3566 5534 illum
3610 5492 3742 5530 Cun-

2219 5636 2293 5694 (a)
2327 5641 2522 5694 Septem
2559 5630 2750 5680 dierum
2783 5626 2937 5688 spatio
2970 5622 3184 5687 quotidie
3208 5619 3580 5670 concionahatur
3602 5614 3749 5674 Clup-

2160 5706 2415 5751 aestumas.
