4038 6204
318 314 423 371 ό59

313 433 567 501 ἥμαρτεν
585 429 613 482 6
638 425 871 498 Χριστός
891 441 906 456 θ
933 424 1069 478 ἀλλά
1089 424 1183 477 καὶ
1204 424 1364 488 αὑτὸς
1386 427 1414 478 6
1437 424 1640 486 ἁπλοῦς
1668 422 1899 482 θάνατος

313 521 383 574 δι’
408 522 584 590 ἡμᾶς’
637 519 697 570 οὑ
720 517 828 588 γάρ
859 516 1057 584 ὤφειλε
1078 516 1168 568 τὸν
1192 515 1418 568 θάνατον
1441 517 1645 577 ἐκεῖνος
1667 532 1680 545 ·
1707 514 1765 565 οὑ
1792 512 1900 582 γὰρ

311 605 388 680 ἦν
422 606 721 665 ὑπεύθυνος
755 605 1018 676 ἁμαρτίᾳ,
1056 603 1137 656 διὸ
1166 601 1285 654 οὐδὲ
1326 602 1553 655 Θανάτου
1581 617 1594 630 ·
1625 598 1713 653 διὰ
1745 597 1902 651 τοῦτο

315 701 525 762 ἐκεῖνος
558 698 655 767 μὲν
681 699 878 765 ἀνέστη
905 695 1004 766 τὴν
1034 694 1326 747 ἀνάστασιν
1352 693 1446 763 τὴν
1475 691 1581 745 ἀπὺ
1606 690 1699 744 τοῦ
1731 687 1899 743 ἁπλοῦ

316 790 554 843 θανάτου
584 805 600 821 ο
648 790 808 858 ἡμεῖς
860 787 918 838 δὲ
965 785 1183 838 διπλοῦν
1236 783 1593 844 ἀποθανόντες
1653 782 1899 844 θάνατον,

312 881 514 951 διπλῆν
561 879 657 932 καὶ¹
700 878 800 948 τὴν
847 877 1140 929 ἀνάστασιν
1189 873 1564 945 ἀνιστάμεθα’
1624 873 1752 943 μίαν
1803 872 1902 942 μὲν

313 970 625 1038 ἀνέστημεν
651 967 788 1029 τέως
810 967 910 1036 τὴν
931 965 1035 1017 ἀπὸ
1059 964 1156 1034 τῆς
1185 964 1456 1036 ἁμαρτίας
1475 979 1487 993 ·
1523 961 1901 1031 συνετάφημεν

313 1060 430 1130 γὰρ
466 1057 616 1128 αὑτῷ
639 1059 695 1109 ἐν
720 1056 798 1126 τῷ
817 1055 1170 1126 βαπίσματι,
1198 1055 1291 1106 καὶ
1317 1052 1725 1124 συνηγέρθημεν
1754 1050 1902 1122 αὑτῷ

311 1151 406 1203 διὰ
429 1150 523 1202 τοῦ
556 1149 948 1219 βαπτίσματος.
988 1146 1104 1199 Μία
1129 1145 1268 1217 αὕτη
1303 1146 1596 1207 ἀνάστασις
1615 1143 1898 1213 ἀπαλλαγὴ

311 1242 735 1311 ἁμαρτημάτων
753 1255 766 1269 ⁸
792 1239 1016 1308 δευτέρα
1034 1237 1092 1290 δὲ
1114 1238 1404 1301 ἀνάστασις
1431 1239 1464 1307 ὴ
1495 1236 1586 1289 τοῦ
1618 1235 1864 1305 σώματος
1883 1248 1896 1263 ⁸

313 1334 489 1384 ἔδωκε
538 1334 635 1401 τὴν
691 1329 926 1400 μείζονα,
982 1327 1258 1399 προσδόκα
1309 1329 1405 1380 καὶ
1449 1327 1549 1397 τὴν
1606 1325 1898 1378 ἐλάττονα’

313 1425 461 1495 αὓτη
513 1425 623 1494 γάρ
669 1423 801 1475 πολὺ
855 1419 1053 1492 μείζων
1102 1419 1350 1490 ἐκείνης·
1387 1418 1518 1471 πολὺ
1567 1417 1672 1486 γὰρ
1721 1416 1900 1486 μεῖζον

315 1515 610 1585 ἁμαρτιῶν
649 1512 1046 1582 ἀπαλλαγῆναι,
1084 1509 1117 1582 ἢ
1165 1510 1323 1580 σῶμα
1361 1509 1488 1562 ἰδεῖν
1523 1510 1897 1578 ἀνιστάμενον.

315 1608 418 1659 Διά
441 1606 600 1658 τοῦτο
631 1605 792 1656 ἐπεσε
819 1603 881 1656 τὸ
911 1603 1089 1672 σῶμα,
1117 1602 1301 1671 ἐπειδὴ
1327 1601 1573 1671 ἥμαρτεν
1592 1617 1606 1631 ·
1633 1600 1824 1653 οὑκοὺν
1853 1600 1900 1651 εί

316 1699 462 1770 ἀρχὴ
493 1696 590 1750 τοῦ
625 1698 810 1749 πεσεῖν
839 1696 872 1765 ἡ
908 1694 1182 1766 ἁμαρτία,
1215 1692 1358 1764 ἀρχὴ
1385 1691 1479 1745 τοῦ
1511 1692 1805 1760 ἀναστῆναι
1841 1690 1900 1742 τὸ

318 1786 706 1856 ἀπαλλαγῆναι
743 1786 840 1856 τῆς
878 1784 1171 1854 ἁμαρτίας.
1221 1782 1544 1852 Ἀνέστημεν
1582 1781 1764 1834 λοιπὸν
1801 1780 1898 1850 τὴν

321 1876 547 1948 μείζονα
567 1877 882 1940 ἀνάστασιν,
903 1875 992 1927 τὸν
1015 1873 1247 1944 χαλεπὸν
1268 1873 1492 1927 θάνατον
1514 1874 1613 1943 τῆς
1632 1870 1901 1941 ἁμαρτίας

319 1968 602 2039 ῥίψαντες,
637 1966 733 2019 καί
766 1965 1162 2032 ἀποδυσάμενοι
1197 1961 1258 2014 τὸ
1293 1960 1518 2014 παλαιὸν
1547 1960 1756 2029 ἱμάτιον
1777 1973 1791 1987 °
1825 1958 1898 2028 μὴ

317 2061 506 2113 τοίνυν
538 2060 672 2129 ὑπὲρ
702 2057 804 2126 τῆς
844 2055 1125 2119 ἐλάττονος
1166 2052 1647 2124 ἀπαγορεύσωμεν.
1684 2049 1899 2120 Ταύτην

323 2153 426 2206 καὶ
486 2153 641 2221 ἡμεῖς
702 2149 866 2203 πάλαι
928 2148 1028 2220 τὴν
1082 2147 1371 2201 ἀνάστασιν
1430 2145 1750 2214 ἀνέστημεν,
1812 2143 1898 2196 ὅτε

319 2243 728 2312 ἐϐαπτίσθημεν
755 2257 770 2273 ο
811 2239 906 2293 καὶ
946 2241 995 2292 οἱ
1038 2238 1136 2309 τὴν
1171 2236 1264 2290 τού
1306 2236 1674 2308 βαπτίσματος
1713 2233 1769 2286 δέ
1806 2231 1901 2285 νῦν

319 2335 562 2406 ἐσπέραν
580 2332 730 2406 [6-H]
752 2330 1197 2397 καταξιωθέντες,
1229 2328 1298 2382 τά
1319 2327 1457 2380 καλὰ
1479 2325 1648 2379 ταῦτα
1674 2323 1834 2395 ἀρνία
1849 2335 1896 2376 ⁸.

319 2427 438 2498 Πρδ
470 2426 571 2496 τῆς
603 2424 727 2495 χθὲς
757 2424 786 2475 6
820 2422 1053 2494 Χριστὸς
1083 2417 1422 2491 ἐσταυρώθη,
1454 2416 1567 2471 ἀλλ’
1604 2416 1800 2485 ἀνέστη
1835 2416 1899 2483 τῇ

319 2515 670 2588 παρελθούσῃ
700 2514 854 2567 νυκτί
874 2529 888 2544 ο
925 2513 1018 2565 καὶ
1048 2504 1195 2565 οὗτοι
1226 2510 1330 2580 πρὸ
1369 2507 1469 2576 τῆς
1507 2505 1630 2577 χθές
1660 2504 1763 2557 ὑπὸ
1801 2503 1901 2572 τῆς

320 2608 603 2678 ἁμαρτίας
659 2605 1000 2674 κατείχοντο,
1041 2601 1177 2655 ἀλλά
1224 2598 1657 2668 συνανέστησαν·
1697 2597 1902 2658 ἐκεῖνος

323 2699 542 2769 σώματι
569 2695 827 2758 ἀπέθανε,
857 2694 950 2746 καὶ
981 2690 1190 2762 σώματι
1223 2691 1419 2759 ἀνέστη
1443 2704 1457 2718 '
1492 2681 1635 2740 οὑτοι
1661 2686 1903 2756 ἁμαρτίᾳ.

321 2787 468 2862 ἦσαν
489 2788 826 2858 τεθνηκότες,
856 2786 950 2838 καὶ
977 2785 1086 2838 ἀπὸ
1115 2782 1396 2853 ἁμαρτιῶν
1421 2782 1722 2849 ἀνέστησαν
1751 2779 1903 2831 ἐλευ-

322 2881 675 2953 θερωθέντες.
714 2880 780 2931 Ἦ
819 2877 917 2949 μὲν
949 2873 1041 2930 οὖν
1080 2876 1150 2945 γῆ
1183 2873 1324 2929 κατά
1364 2873 1455 2925 τὸν
1498 2871 1686 2942 καιρὸν
1718 2869 1904 2924 τοῦτον

323 2971 421 3025 τοῦ
473 2971 629 3041 ἔαρος
675 2969 802 3040 ῥόδα
851 2967 947 3020 καὶ
994 2967 1049 3019 τα
1091 2966 1186 3019 καὶ
1216 2964 1285 3016 τά
1309 2963 1441 3018 ἀλλα
1469 2964 1599 3033 ἡμῖν
1628 2961 1905 3014 ἐκδίδωσιν

323 3066 463 3134 ἀνθη
483 3079 499 3095 ⁸
529 3063 596 3116 τὰ
621 3063 677 3115 δὲ
703 3061 869 3115 ὕδατα
888 3060 986 3130 τῆς
1006 3060 1108 3130 γῆς
1130 3059 1260 3128 ἡμῖν
1286 3055 1642 3127 τερπνότερον
1665 3053 1906 3123 λειμῶνα

324 3153 516 3217 ἔδειξε.
559 3154 650 3223 Μὴ
680 3151 965 3222 θαυμάσῃς
985 3151 1032 3201 εἰ
1057 3148 1164 3202 ἀπὸ
1190 3146 1299 3200 τῶν
1327 3146 1535 3199 ὑδάτων
1570 3144 1907 3215 ἐϐλάστησαν

327 3245 464 3315 ἄνθη
486 3261 499 3274 ·
531 3244 652 3297 οὐδὲ
684 3246 717 3314 ἡ
756 3242 829 3312 γῆ
859 3240 998 3294 κατά
1023 3241 1122 3309 τὴν
1149 3238 1353 3292 οἰκείαν
1383 3236 1563 3305 φύσιν,
1603 3229 1908 3289 ἀλλᾶκατά

329 3338 388 3389 τὸ
434 3335 712 3404 ἐπίταγμα
754 3331 848 3385 τοῦ
881 3333 1150 3385 Δεσπότου
1197 3329 1292 3400 τὴν
1340 3328 1573 3399 βλάστην
1604 3328 1904 3381 ἐκδίδωσιν.

341 3425 601 3490 ἐξέδωκε
630 3426 726 3476 καὶ
749 3425 807 3475 ἐν
835 3423 976 3493 ἀρχῇ
1003 3421 1111 3473 τῶν
1138 3419 1394 3490 ὑδάτωνὴ
1416 3418 1575 3486 φύσις
1606 3417 1719 3481 ζῶα
1739 3416 1911 3470 κινού·

332 3533 506 3588 μεναο
561 3515 928 3584 Ἔξαγαγέτω
966 3514 1104 3584 γὰρ.
1146 3512 1306 3581 φησί,
1359 3510 1431 3563 τὰ
1472 3508 1660 3562 ὕδατα
1695 3507 1911 3588 ἑρπετὰ

329 3585 549 3676 ψυχῶν
581 3605 803 3670 ζωσῶν,
837 3606 931 3658 καὶ
957 3605 1017 3658 τὸ
1047 3604 1326 3673 ἐπίταγμα
1357 3602 1514 3671 ἔργον
1547 3585 1782 3666 ἐγένετο,
1817 3599 1910 3652 καὶ

328 3701 364 3767 ἡ
390 3699 598 3768 ἄψυχος
625 3697 807 3766 ἐκείνη
847 3695 1002 3748 οὑσία
1040 3693 1260 3763 ἔμψυχα
1299 3691 1416 3755 ζῶα
1450 3690 1704 3759 ἐξέφερεν
1729 3705 1742 3717 ·
1771 3687 1912 3739 οὑτω

335 3790 427 3842 καὶ
471 3788 588 3850 νῦν,
633 3787 946 3855 ἐξαγαγέτω
988 3786 1058 3838 τὰ
1103 3783 1291 3848 ὕδατα,
1330 3781 1449 3852 οὑχί
1492 3780 1693 3850 ἐρπετά
1726 3777 1910 3849 ψυχῶν

334 3881 546 3944 ζωσῶν,
577 3879 710 3932 ἀλλά
745 3876 1088 3947 πνευματικά
1121 3874 1450 3944 χαρίσματα.
1493 3871 1758 3940 Ἐξήγαγε
1791 3869 1910 3921 τότε

336 3973 410 4024 τά
444 3971 607 4024 ὑδατα
646 3970 829 4040 ἰχθύας
862 3969 1087 4036 ἀλόγους
1125 3968 1220 4019 καί
1258 3964 1525 4035 ἀφώνους,
1565 3961 1783 4026 ἐξέϐαλε
1819 3960 1912 4013 νῦν

341 4063 538 4133 ἰχθύας
567 4062 806 4130 λογικοὺς
847 4062 942 4114 καὶ
982 4059 1402 4128 πνευματικοὺς,
1446 4055 1628 4126 ἰχθύας
1665 4053 1769 4106 ὑπὸ
1806 4053 1912 4105 τῶν

334 4153 645 4206 ἀποστόλων
698 4151 1039 4213 ἀλιευθέντας
1075 4167 1087 4180 ο
1145 4148 1322 4202 Δεῦτε
1383 4147 1528 4217 γὰρ,
1583 4145 1750 4216 φησὶ,
1813 4143 1913 4196 καί

332 4245 570 4313 ,ποιήσω
598 4245 754 4313 ὑμᾶς
782 4242 971 4309 ἁλιεῖς
1007 4240 1331 4310 ἀνθρώπων
1356 4255 1370 4269 ⁸
1401 4238 1603 4308 ταύτην
1633 4237 1782 4303 ἐλεγε
1815 4235 1914 4305 τὴν

334 4339 539 4390 ἁλιείαν
572 4337 712 4392 τότε,
747 4335 944 4397 Καινὸς
971 4334 1137 4396 ὅντως
1167 4333 1264 4402 τῆς
1301 4331 1505 4393 ἁλιείας
1539 4332 1567 4383 6
1595 4330 1792 4399 τρόπος
1813 4345 1826 4358 ο
1863 4329 1913 4379 οἰ

335 4429 639 4490 ἁλιεύοντες
678 4430 742 4480 ἐκ
767 4425 872 4479 τῶν
903 4425 1108 4479 ὑδάτων
1149 4423 1518 4485 ἐκϐάλλουσιν,
1552 4423 1713 4492 ἡμεῖς
1742 4421 1820 4482 είς
1849 4419 1916 4472 τὰ

333 4523 504 4574 ὕδατα
537 4517 910 4588 ἐνεϐάλλομεν,
943 4517 1036 4569 καὶ
1064 4514 1233 4576 οὑτως
1267 4513 1610 4583 ηλιεύσαμεν.
1646 4508 1752 4563 Ἦν
1785 4526 1916 4562 ποτε

334 4615 432 4666 καὶ
457 4612 550 4665 ἐπὶ
581 4610 689 4664 τῶν
737 4609 1000 4662 Ἰουδαίων
1029 4604 1379 4675 κολυμϐήθρα
1404 4620 1418 4632 ·
1451 4603 1586 4673 μάθε
1615 4602 1668 4655 τί
1701 4603 1917 4671 ἴσχυσεν

334 4707 368 4773 ἡ
398 4701 758 4772 κολυμϐήθρα
790 4700 993 4768 ἐκείνη,
1033 4698 1119 4751 ἵνα
1158 4695 1334 4767 μάθῃς
1377 4696 1474 4763 τὴν
1517 4693 1788 4763 πτωχείαν
1821 4693 1918 4762 τὴν

346 4793 664 4860 Ἰουδαῖκὴν,
705 4793 790 4843 ἵνα
825 4789 1000 4860 μάθῃς
1043 4787 1132 4839 τὸν
1171 4785 1397 4839 πλοῦτον
1435 4785 1534 4854 τῆς
1577 4781 1912 4852 Ἐκκλησίας.

337 4885 710 4954 Κολυμϐήθρα
737 4883 942 4935 ὑδάτων
963 4877 1050 4950 ἦν,
1082 4878 1176 4932 καὶ
1202 4879 1505 4948 κατήρχετο
1528 4874 1753 4941 ἄγγελος
1782 4874 1916 4933 ἐκεῖ,

338 4979 434 5030 καὶ
464 4976 732 5045 ἐτάρασσε
757 4973 826 5026 τά
863 4971 1030 5025 ὕδατα
1054 4987 1068 5000 ⁸
1099 4967 1215 5023 εἶτα
1255 4968 1392 5038 μετὰ
1420 4967 1518 5036 τὴν
1546 4964 1788 5036 ταραχὴν
1824 4962 1919 5014 τοῦ

340 5068 533 5127 ὓδατος
567 5064 852 5116 ἐπέϐαινεν
887 5057 966 5124 εἷς
1000 5059 1238 5114 ἀσθενῶν
1278 5059 1369 5110 καὶ
1405 5055 1760 5127 ἐθεραπεύετο
1781 5069 1793 5081 ο
1842 5048 1921 5115 εἷς

343 5157 504 5225 μόνος
524 5154 618 5207 τοῦ
647 5151 892 5207 ἐνιαυτοῦ
916 5147 1294 5220 ἐθεραπεύετο,
1318 5147 1410 5200 καὶ
1435 5145 1634 5206 εὐθέως
1662 5142 1921 5213 ἀνηλοῦτο

341 5250 374 5315 η
405 5247 585 5317 χάρις,
619 5246 679 5297 οὑ
717 5245 806 5296 διὰ
833 5243 933 5313 τὴν
968 5239 1238 5310 πτωχείαν
1264 5237 1356 5290 τοῦ
1394 5235 1641 5297 διδόντος,
1669 5233 1803 5286 ἀλλά
1833 5231 1919 5285 διά

341 5341 442 5409 τὴν
467 5337 750 5390 ἀσθένειαν
778 5335 886 5387 τῶν
914 5332 1312 5403 λαμϐανόντων.
1339 5328 1669 5382 Κατέϐαινεν
1697 5324 1922 5392 ἄγγελος

340 5430 521 5481 τοίνυν
561 5430 640 5492 εἰς
667 5429 766 5499 τὴν
799 5425 1201 5496 κολυμϐήθραν,
1231 5423 1325 5476 καὶ
1353 5422 1620 5490 ἐτάρασσε
1659 5419 1718 5471 1:6
1756 5416 1919 5486 ὕδωρ,

344 5525 442 5576 καὶ
462 5520 541 5586 εἷς
563 5522 923 5592 ἐθεραπεύετο
947 5536 959 5549 ο
987 5516 1251 5588 κατῆλθεν
1274 5517 1302 5569 6
1324 5514 1430 5567 τῶν
1453 5511 1698 5581 ἀγγέλων
1723 5509 1924 5562 Δεσπό-

417 5709 437 5734 ο
472 5705 591 5765 Κίλιξ.
620 5703 648 5750 2
668 5705 726 5751 τὰ
743 5704 863 5750 καλὰ
884 5700 1032 5749 ταῦτα
1056 5701 1176 5764 ἔρνη.
1200 5700 1317 5758 Quae
1336 5698 1482 5746 lectio
1505 5708 1598 5742 non
1620 5691 1918 5755 spernenda.

1217 310 1303 365 DE
1339 302 1914 364 RESURRECTIONE
1947 303 2009 358 ι).
2051 304 2115 360 Ν.
2155 304 2320 362 JESU
2361 304 2652 362 CHRISTI.

3477 301 3584 355 NO

2003 435 2101 488 της
2129 421 2209 483 εἰς
2239 421 2328 474 τὸν
2362 419 2652 490 Ἰορδάνην,
2678 417 2772 470 καὶ
2802 415 3032 488 ἐτάραξε
3069 411 3129 466 τὸ
3159 413 3320 484 ὕδωρ,
3360 415 3451 466 καὶ
3481 415 3581 480 τὴν

2001 508 2323 578 οἰκουμένην
2362 508 2579 561 ἃπασαν
2618 503 2971 576 ἐθεράπευσε.
3012 501 3110 555 Διά
3141 501 3297 554 τοῦτο
3332 502 3446 552 ἐκεῖ
3484 502 3580 571 μὲν

2007 597 2142 663 μετά
2185 595 2273 647 τὸν
2315 594 2528 664 πρῶτον
2571 597 2598 647 6
2645 592 2897 662 δεύτερος
2945 589 3215 644 κατελθὼν
3255 590 3353 641 οὑκ
3395 589 3582 658 ἐθερα-

2003 681 2197 734 πεύετο
2222 699 2235 712 ’
2280 683 2554 745 Ἰουδαίοις
2581 680 2690 751 γὰρ
2712 679 2909 732 ἐδίδοτο
2932 680 2964 748 ἡ
2988 677 3145 747 χάρις
3168 679 3279 738 τοῖς
3309 674 3577 737 ἀσθενέσι,

2001 771 2113 832 τοῖς
2135 772 2365 839 πτωχοῖς
2385 787 2398 799 ·
2425 768 2654 822 ἐνταῦθα
2676 767 2730 820 δὲ
2757 765 2892 837 μετά
2913 765 3002 818 τὸν
3030 763 3240 834 πρῶτον
3263 765 3290 815 6
3310 761 3578 832 δεύτερος,

2006 857 2143 926 μετά
2167 858 2255 910 τὸν
2287 856 2534 927 δεύτερον
2564 858 2591 908 6
2622 854 2821 926 τρίτος,
2856 851 2994 921 μετά
3015 851 3105 903 τὸν
3131 849 3310 919 τρίτον
3332 851 3359 901 6
3386 848 3595 918 τέταρ-

1999 958 2111 1005 τος,
2148 941 2249 996 κᾶν
2282 942 2434 1005 δέκα,
2464 943 2566 996 κᾶν
2598 941 2789 1002 εἴκοσι,
2822 940 2924 993 κᾶν
2951 938 3163 1002 ἑκατὸν,
3198 935 3300 989 κᾶν
3331 936 3578 1005 μυρίους,

2002 1029 2104 1083 κᾶν
2139 1029 2234 1100 τὴν
2270 1030 2588 1100 οἰκουμένην
2617 1029 2833 1082 ἃπασαν
2876 1026 3115 1098 ἐμϐάλῃς
3142 1027 3219 1087 εἰς
3251 1026 3349 1093 τὴν
3379 1024 3580 1093 κολυμ-

2002 1119 2227 1190 ϐήθραν,
2266 1120 2365 1172 οὑκ
2402 1119 2747 1173 ἀναλίσκεται
2785 1119 2818 1186 ἠ
2862 1116 3018 1186 χάρις
3044 1131 3056 1144 ο
3088 1115 3148 1166 οὑ
3194 1113 3494 1166 δαπανᾶται
3543 1113 3578 1180 ή

1999 1206 2178 1277 δωρεά
2200 1225 2213 1239 ·
2247 1207 2306 1260 οὑ
2344 1206 2605 1278 ρυποὺται
2645 1205 2712 1257 τὰ
2749 1204 2983 1274 νάματα.
3032 1202 3228 1264 Καινὸς
3261 1199 3578 1268 καθάρσεως

1999 1295 2233 1365 τρόπος*
2267 1295 2328 1346 οὑ
2367 1294 2474 1363 γάρ
2516 1296 2631 1345 ἐστι
2681 1291 2988 1361 σωματικός
3021 1307 3034 1319 ·
3067 1290 3156 1342 ἐπὶ
3198 1290 3292 1358 μὲν
3333 1287 3440 1358 γὰρ
3471 1285 3579 1338 τῶν

2003 1383 2268 1452 σωμάτων
2289 1383 2413 1435 ὅταν
2437 1381 2684 1442 πλείονας
2707 1379 2991 1451 άποπλύνῃ
3009 1379 3078 1430 τὰ
3100 1377 3336 1446 νάματα,
3363 1375 3578 1426 πλείονα

1998 1469 2096 1538 τὴν
2119 1469 2308 1538 κηλῖδα
2335 1469 2544 1538 δέχεται
2570 1485 2582 1499 ·
2613 1467 2844 1520 ἐνταῦθα
2871 1466 2927 1518 δὲ
2958 1468 3065 1535 ὅσῳ
3094 1464 3280 1516 πλύνει
3311 1461 3576 1524 πλείονας,

2001 1555 2238 1624 τοσούτῳ
2273 1555 2629 1626 καθαρώτερα
2662 1554 2888 1622 γίνεται.

2069 1667 2130 1714 ε’.
2166 1657 2318 1723 Εἶδες
2346 1659 2572 1730 μέγεθος
2608 1661 2847 1730 δωρεᾶς;
2893 1659 3223 1727 Διατήρησον
3261 1656 3322 1708 τὸ
3357 1653 3581 1723 μέγεθος

1998 1748 2095 1818 τῆς
2123 1749 2329 1819 δωρεᾶς
2355 1748 2577 1819 ταύτης,
2609 1741 2652 1800 ὧ
2683 1746 2954 1816 ἄνθρωπε.
2981 1745 3093 1796 Οὑκ
3126 1743 3299 1808 ἒξεστί
3325 1759 3401 1793 σοι
3427 1741 3580 1793 ἀδια-

2001 1812 2178 1904 φόρως
2199 1812 2296 1905 ζῇν
2321 1853 2333 1864 ·
2358 1812 2523 1904 νόμον
2550 1832 2730 1900 σαυτῴ
2753 1812 2841 1893 ὑές
2864 1830 3001 1900 μετά
3019 1829 3298 1900 ἀκριϐείας
3329 1827 3542 1896 ἀπάσης
3563 1840 3576 1854 ·

1999 1922 2285 1994 ἀγώνλέστι
2311 1922 2404 1974 καὶ
2425 1921 2773 1990 παλαίσματα
2796 1935 2808 1947 ·
2839 1920 2866 1970 6
2886 1917 2941 1970 δέ
2974 1916 3368 1984 ἀγωνιζόμενος
3402 1913 3578 1966 πάντα

1997 2007 2409 2079 ἐγκρατεύεται.
2465 2009 2616 2060 Εἴπω
2672 2023 2755 2058 σοι
2809 2006 3006 2075 τρόπον
3063 2004 3156 2056 ἕνα
3215 2003 3432 2070 ἄριστον
3484 2001 3579 2052 καὶ

1999 2095 2214 2165 ἀστραλῆ
2251 2094 2724 2166 κατορθωμάτων;
2759 2090 2840 2144 Τά
2881 2091 3146 2159 ἀδιάφορα
3192 2088 3288 2157 μὲν
3327 2081 3464 2139 εἶναι
3495 2086 3580 2138 δο-

1998 2183 2196 2236 κοῦντα
2217 2225 2231 2248 ,
2261 2181 2413 2254 [445]
2451 2183 2704 2234 τίκτοντα
2737 2181 2793 2232 δὲ
2828 2177 3119 2248 ἁμαρτίας,
3145 2174 3458 2243 ἐκϐάλωμεν
3484 2173 3581 2242 τῆς

1997 2269 2252 2333 διανοίας.
2285 2270 2440 2322 Ἐστι
2468 2269 2576 2338 γὰρ
2603 2267 2710 2320 τῶν
2734 2267 3074 2335 πραγμάτων
3104 2263 3170 2316 τὰ
3209 2263 3306 2332 μέν
3336 2262 3582 2330 ἁμαρτή-

2003 2373 2168 2427 ματα,
2219 2355 2286 2408 τὰ
2339 2355 2396 2407 δὲ
2455 2356 2551 2424 οὑχ
2613 2354 3006 2424 ἁμαρτήματα,
3067 2348 3474 2420 ἁμαρτημάτων
3525 2346 3582 2398 δέ

1999 2447 2184 2499 αἴτια·
2218 2437 2330 2494 οἷον
2376 2441 2549 2510 γέλως
2603 2441 2700 2509 μὲν
2751 2441 3049 2510 ἁμάρτημα
3094 2438 3192 2489 οὑκ
3241 2435 3355 2487 ἔστι
3401 2433 3580 2502 φύσει,

2000 2533 2204 2600 γίνεται
2229 2531 2283 2584 δέ
2308 2529 2610 2601 ἀμάρτημα
2639 2527 2984 2598 προενεχθείς
3010 2527 3101 2577 ἐπὶ
3125 2523 3282 2576 πλέον
3303 2539 3316 2552 ο
3347 2522 3454 2574 ἀπὸ
3477 2521 3584 2588 γάρ

2000 2621 2231 2688 γέλωτος
2273 2616 2623 2688 εὐτραπελία.
2664 2615 2770 2667 ἀπὸ
2807 2612 3164 2683 εὐτραπελίας
3203 2608 3582 2680 αἰσχρολογία,

2000 2707 2109 2760 ἀπὸ
2145 2704 2523 2774 αἰσχρολογίας
2567 2700 2770 2771 αίσχρά
2811 2699 3130 2769 πράγματα,
3177 2696 3285 2750 ἀπὸ
3327 2694 3585 2765 πραγμά·

2000 2813 2108 2848 των
2139 2793 2378 2863 αἰσχρῶν
2413 2792 2658 2853 κολάσεις
2695 2789 2788 2842 καὶ
2831 2787 3110 2857 τιμωρίαι.
3146 2784 3332 2837 Ἀνελε
3361 2780 3454 2836 οὖν
3485 2784 3584 2852 τὴν

2005 2881 2158 2953 ῥίζαν
2200 2880 2423 2943 ἀνωθεν,
2463 2879 2547 2930 ἵνα
2585 2875 2777 2947 ἀνέλῃς
2812 2874 2930 2927 ὅλον
2970 2873 3031 2925 τὸ
3069 2872 3279 2942 νόσημα
3303 2886 3317 2899 ·
3350 2870 3442 2922 ὲάν
3477 2871 3584 2938 γὰρ

2002 2969 2070 3020 τὰ
2117 2967 2384 3037 ἀδιάφορα
2428 2963 2843 3034 φυλαττώμεθα,
2875 2961 3124 3013 οὐδέποτε
3169 2961 3246 3022 εἰς
3298 2957 3365 3010 τά
3412 2974 3587 3009 κεκω-

2003 3055 2205 3126 λυμένα
2231 3053 2633 3126 ἐμπεσούμεθα.
2676 3049 2830 3102 Οὑτω
2861 3049 2954 3101 καί
2988 3051 3248 3115 γυναῖκας
3281 3046 3405 3098 ἰδεῖν
3435 3045 3586 3097 ἀδιᾶι⁴

2007 3161 2169 3214 φορον
2197 3139 2334 3196 εἶναι
2367 3142 2514 3194 δοκεῖ
2554 3139 2784 3200 πολλοῖς,
2824 3135 2938 3190 ἀλλ’
2967 3135 3074 3187 ἀπὸ
3110 3133 3295 3186 τούτου
3324 3131 3586 3201 ἐπιθυμία

2007 3232 2303 3293 ἀκόλαστος
2336 3229 2598 3291 τίκτεται,
2639 3228 2702 3278 ἐκ
2740 3225 2837 3293 τῆς
2875 3223 3162 3292 ἐπιθυμίας
3194 3220 3439 3290 πορνεία,
3478 3219 3587 3271 ἀπὸ

2007 3317 2259 3389 πορνείας
2285 3316 2442 3370 πάλιν
2466 3313 2682 3374 κόλασις
2709 3312 2804 3365 καὶ
2828 3309 3083 3379 τιμωρία.
3111 3307 3266 3358 Οὑτω
3290 3306 3344 3358 δέ
3375 3305 3584 3375 τρυςᾷν

2007 3406 2156 3460 οὑδέν
2194 3404 2361 3457 δεινὸν
2408 3397 2542 3454 εἶναι
2583 3400 2746 3462 δοκεῖ,
2783 3396 2896 3450 ἀλλ’
2937 3394 3184 3446 ἐντεῦθεν
3219 3393 3354 3462 μέθη
3393 3392 3484 3443 καὶ
3518 3391 3582 3443 τὰ

2009 3499 2073 3551 ἐκ
2111 3499 2210 3567 τῆς
2259 3496 2426 3567 μέθης
2464 3495 2632 3565 μυρία
2673 3491 2838 3546 κακά.
2896 3489 3196 3552 Ἀνέλωμεν
3238 3486 3412 3538 τοίνυν
3451 3501 3585 3536 παν-

2007 3587 2169 3657 ταχοῦ
2203 3587 2300 3650 τὰς
2333 3585 2504 3656 ἀρχὰς
2531 3584 2638 3636 τῶν
2678 3579 3108 3652 ἁμαρτημάτων.
3143 3575 3239 3627 Διά
3272 3573 3426 3626 τοῦτο
3465 3589 3586 3624 συν-

2009 3680 2164 3749 εχοῦς
2195 3677 2492 3733 ἀπολαύετε
2520 3673 2862 3735 διδασκαλίας
2893 3669 3014 3724 καθ’
3041 3668 3251 3739 ἡμέραν
3277 3682 3288 3695 ·
3320 3664 3406 3718 διά
3431 3663 3588 3715 τοῦτο

2009 3769 2149 3823 ἐτττά
2176 3769 2387 3840 ἡμέρας
2417 3765 2614 3834 ἐφεξῆς
2651 3763 2868 3828 σύναξιν
2902 3758 3271 3827 ἐπιτελοῦμεν,
3299 3755 3395 3825 τὴν
3428 3771 3588 3806 πνευ-

2013 3861 2246 3931 ματικὴν
2309 3861 2434 3929 ὑμῖν
2487 3855 2910 3927 παρατιθέμενοι
2957 3848 3253 3919 τράπεζαν,
3315 3845 3588 3906 ποιοῦντες

2010 3953 2154 4022 ὑμᾶς
2178 3949 2467 4004 ἀπολαύειν
2510 3947 2669 4000 θείων
2699 3945 2912 4011 λογίων,
2945 3942 3254 4010 ἀλείφοντες
3286 3939 3427 4007 ὑμᾶς
3466 3933 3587 3989 καθ’

2010 4043 2244 4102 ἑκάστην
2283 4039 2516 4109 ἡμέραν,
2549 4033 2964 4099 καθοπλίζοντες
3004 4032 3146 4100 ὑμᾶς
3180 4029 3318 4081 κατά
3351 4027 3442 4079 τοῦ
3473 4027 3588 4078 δια-

2011 4134 2168 4186 ϐόλου
2194 4149 2208 4163 ·
2241 4129 2571 4201 ἀγριώτερον
2608 4126 2718 4196 γὰρ
2750 4124 2843 4177 νῦν
2880 4122 3175 4176 ἐπιτίθεται
3199 4136 3210 4151 ·
3243 4121 3350 4188 ὅσῳ
3388 4119 3586 4189 μείζων

2012 4227 2044 4296 ή
2078 4223 2274 4294 δωρεὰ,
2308 4219 2544 4288 τοσούτῳ
2589 4218 2786 4288 μείζων
2820 4216 2913 4268 καὶ
2940 4216 2967 4266 6
2997 4213 3251 4283 πόλεμος.
3289 4212 3352 4264 Εἰ
3393 4210 3500 4280 γὰρ
3529 4211 3586 4260 ἐν

2011 4317 2089 4387 τῷ
2127 4312 2438 4383 παραδείσῳ
2468 4309 2563 4362 ἕνα
2603 4309 2630 4360 6
2667 4306 2909 4368 διάϐολος
2953 4304 3076 4357 ἰδὼν
3108 4303 3207 4356 οὑκ
3247 4303 3494 4372 ἤνεγκεν,
3530 4302 3586 4352 ἐν

2013 4407 2090 4478 τῷ
2133 4403 2344 4476 οὑρανῷ
2392 4399 2677 4461 τοσούτους
2729 4397 2868 4467 ὁρῶν
2922 4395 3038 4458 πῶς
3086 4395 3242 4455 οἴσει,
3294 4391 3416 4444 εἰπέ
3466 4409 3586 4461 μοι;

2028 4498 2382 4568 Ἐξηγρίανας
2421 4493 2481 4547 τὸ
2516 4491 2721 4562 θηρίον,
2765 4487 2900 4541 ἀλλὰ
2937 4488 3009 4558 μὴ
3047 4485 3286 4555 φοϐηθῇς
3312 4501 3326 4513 ’
3369 4482 3586 4551 μείζονα

2015 4591 2238 4659 δύναμιν
2273 4585 2481 4648 ἔλαϐες,
2531 4583 2803 4653 μάχαιραν
2835 4576 3174 4646 ἡκονημένην
3205 4594 3217 4606 ·
3251 4574 3430 4644 ἐκείνῃ
3463 4573 3585 4625 κέν-

2014 4698 2176 4752 τησον
2198 4680 2286 4732 τὸν
2311 4678 2450 4745 ὅφιν.
2474 4675 2571 4726 Διά
2591 4671 2747 4724 τούτο
2769 4673 2797 4722 6
2823 4669 2953 4731 Θεὸς
2975 4668 3181 4736 ἀφῆκεν
3201 4665 3358 4717 αὑτὸν
3383 4667 3586 4733 ἀγριω-

2018 4774 2176 4844 θῆναι
2218 4769 2356 4824 κατά
2404 4767 2520 4829 σοῦ,
2567 4765 2653 4816 ἵνα
2699 4762 2786 4814 διὰ
2830 4761 2928 4829 τῆς
2973 4757 3162 4826 πείρας
3197 4754 3363 4823 αὑτῆς
3413 4753 3586 4822 μάθῃς

2016 4863 2117 4931 τῆς
2164 4859 2342 4930 ἰσχύος
2373 4857 2471 4925 τῆς
2505 4854 2604 4923 σῆς
2631 4854 2727 4920 τὴν
2756 4849 3000 4918 δύναμιν.
3033 4849 3140 4898 Καὶ
3179 4845 3425 4914 καθάπερ
3464 4861 3587 4896 παι·

2017 4951 2264 5023 δοτρίϐης
2318 4949 2536 5019 ἀριστος
2591 4944 2710 4995 τινὰ
2767 4941 3056 5012 ῥυπῶντα,
3122 4937 3593 5006 ἐκνενευρισμένον

2018 5042 2274 5113 ἀθλητὴν,
2303 5037 2642 5109 ἠμελημένον
2671 5032 2866 5095 λαϐὼν,
2900 5029 3144 5098 ἀλείψας,
3179 5028 3478 5098 γυμνάσας,
3514 5028 3592 5087 εἰς

2020 5129 2311 5202 εὑσαρκίαν
2356 5125 2596 5194 ἀγαγὼν,
2639 5124 2739 5175 οὑκ
2779 5121 3000 5190 ἀφίησιν
3051 5118 3341 5188 ἡσυχάζειν
3388 5117 3589 5179 λοιπὸν,

2021 5223 2133 5276 ἀλλ’
2177 5223 2255 5283 εἰς
2298 5219 2421 5281 τοὺς
2473 5215 2688 5284 ἀγῶνας
2735 5212 2977 5266 κατιέναι
3019 5211 3249 5272 κελεύει,
3300 5211 3385 5262 ἵνα
3435 5209 3593 5262 αὑτὸν

2021 5314 2202 5383 διδάξῃ
2232 5310 2317 5363 διὰ
2352 5309 2448 5378 τῆς
2479 5307 2671 5375 πείρας
2703 5305 2830 5371 ὅσην
2865 5301 3116 5372 ἐνέθηκεν
3151 5300 3296 5368 αὑτῴ
3328 5299 3554 5366 δύναμιν
3580 5311 3592 5324 ’

2021 5405 2163 5459 οὑτω
2209 5403 2302 5455 καὶ
2347 5401 2375 5453 6
2417 5397 2647 5468 Χριστὸς
2699 5394 2972 5463 ἐποίησεν.
3017 5391 3270 5446 Ἠδύνατο
3333 5387 3430 5457 μὲν
3489 5386 3595 5457 γὰρ

2022 5497 2212 5568 ἐχθρὸν
2249 5496 2312 5547 ἐκ
2353 5491 2444 5546 τοῦ
2477 5491 2639 5561 μέσου
2667 5487 2848 5539 λςϐ;ῖν
2875 5502 2889 5517 ο
2920 5485 3032 5537 ἀλλ’
3067 5485 3152 5535 ἵνα
3186 5482 3248 5532 συ
3293 5479 3469 5549 μάθῃς
3500 5481 3596 5550 τῆς

2023 5590 2241 5662 χάριτος
2280 5585 2375 5656 τὴν
2410 5581 2712 5653 ὑπερϐολὴν
2733 5621 2746 5644 ,
2781 5578 2876 5647 τῆς
2915 5572 3284 5643 πνευματικῆς
3317 5571 3598 5641 δυνάμεως
3687 5641 3692 5644 _

2028 5683 2088 5734 τὸ
2124 5679 2365 5751 μέγεθος,
2400 5677 2464 5748 ἦν
2498 5673 2684 5734 ἔλαϐες
2728 5669 2787 5721 ἐκ
2829 5669 2920 5720 τοῦ
2957 5666 3341 5739 βαπτίσματος,
3381 5663 3601 5735 ἀφίησιν
