4038 6204
359 279 506 335 '4.“

401 393 560 450 αὑτὸν
589 390 1012 463 συμπλέκεσθαι,
1041 389 1240 452 πολλάς
1273 406 1350 442 σοι
1402 389 1506 441 τῶν
1531 390 1806 456 στεφάνων
1834 407 1904 441 πα
1917 406 1968 458 ρ-

402 479 540 547 έχων
566 478 660 539 τὰς
691 474 988 535 ὑποθέσεις.
1033 471 1132 524 Διά
1169 471 1327 524 τοῦτο
1361 471 1496 523 ἐπτὰ
1532 472 1742 541 ἡμέρας
1774 470 1968 540 ἐφεξῆς

400 559 698 613 ἀπολαύετε
748 554 1106 617 διδασκαλίας,
1163 554 1302 606 ὥστε
1359 553 1598 624 ἀκριϐῶς
1656 553 1840 623 μαθεῖν
1901 553 1970 606 τὰ

400 643 767 712 παλαίσματα.
805 639 1010 701 Ἀλλως
1043 637 1098 689 δὲ
1129 639 1222 690 καὶ
1253 637 1426 706 γάμος
1455 639 1570 688 ἐστὶ
1604 637 1970 704 πνευματικὸς

397 728 467 778 τὰ
494 726 749 794 γινόμενα
773 739 786 752 ·
823 723 915 774 ἐπὶ
938 722 992 774 δέ
1021 720 1212 789 γάμων
1240 720 1342 782 ἕως
1373 719 1508 771 ἑπτὰ
1536 719 1756 790 ἡμερῶν
1789 721 1844 771 αἱ
1868 737 1970 771 πα-

403 809 592 870 στάδες
625 807 910 876 ἐστὴκασι.
949 803 1047 856 Διά
1081 801 1236 855 τοῦτο
1267 807 1360 854 καὶ
1401 805 1558 872 ἡμεῖς
1591 803 1728 856 ἐτττά
1763 803 1970 872 ἡμέρας

400 892 428 942 ὑ
439 895 529 958 μῐν
559 889 1018 959 ἐνομοθετήσαμεν
1049 884 1276 937 ἐνταῦθα
1305 885 1438 953 πρὸς
1458 884 1554 946 τὰς
1578 884 1726 954 ἱερὰς
1753 885 1969 938 ἑστάναι

400 973 678 1034 παστάδας
700 984 747 1024 ει.
791 969 928 1022 Ἀλλ’
974 971 1089 1021 ἐκεῖ
1128 969 1224 1037 μέν
1272 968 1408 1038 μετά
1446 967 1541 1032 τὰς
1580 969 1718 1022 ἐπτά
1761 969 1970 1039 ἡμέρας

400 1055 632 1117 λύονται,
656 1051 884 1106 ἐνταῦθα
905 1052 960 1105 δὲ
986 1051 1050 1104 ἂν
1070 1052 1228 1121 θέλῃς
1247 1051 1332 1104 διὰ
1362 1050 1558 1112 παντὸς
1580 1051 1670 1102 ἐπὶ
1697 1053 1792 1120 τῆς
1823 1052 1974 1119 ἱερᾶς

404 1138 618 1189 ἵστασαι
651 1135 918 1197 παστάδος
941 1151 954 1164 ·
985 1135 1080 1187 καὶ
1118 1135 1210 1186 ἐπὶ
1240 1133 1336 1203 μὲν
1361 1132 1468 1186 τῶν
1494 1133 1691 1196 ἔξωθεν
1717 1133 1908 1204 γάμων
1937 1135 1970 1203 ἡ

401 1218 586 1290 νύμφη
620 1218 757 1289 μετά
786 1218 1049 1288 πρότερον
1084 1219 1226 1288 μῆνα
1252 1217 1285 1287 ἢ
1311 1217 1403 1269 καὶ
1434 1217 1681 1286 δεύτερον
1707 1219 1804 1269 οὐκ
1828 1216 1972 1270 ἔστιν

401 1303 573 1364 οὕτως
592 1301 884 1372 ἐπέραστος
917 1301 992 1369 τῷ
1017 1301 1231 1370 νυμφίῳ
1252 1316 1266 1330 ·
1299 1299 1528 1352 ἐνταῦθα
1555 1301 1612 1352 δὲ
1639 1301 1735 1368 οὐχ
1759 1298 1928 1361 οὕτως
1954 1315 1968 1328 °

405 1385 516 1438 ἀλλ’
557 1385 666 1454 ὅσῳ
705 1387 734 1437 ὁ
773 1384 961 1455 χρόνος
1002 1384 1231 1454 πρόεισι.
1275 1381 1512 1452 τοσούτῳ
1555 1383 1870 1454 θερμότεροι
1921 1383 1970 1434 οἱ

403 1468 602 1534 ἔρωτες
645 1466 736 1519 τοῦ
771 1467 1025 1536 νυμφίου,
1067 1465 1304 1537 τοσούτῳ
1337 1465 1694 1536 γνησιώτεραι
1723 1469 1778 1519 αἱ
1813 1483 1969 1535 περι-

401 1549 618 1612 πλοκαὶ,
669 1550 906 1619 τοσούτῳ
957 1549 1442 1618 πνευματικωτέρα
1483 1551 1516 1618 ἡ
1568 1549 1836 1610 συνουσία,
1877 1548 1970 1600 ἐὰν

401 1631 550 1704 [446]
573 1635 844 1703 νήφωμεν.
868 1631 1033 1686 Πάλιν
1055 1633 1146 1684 ἐπὶ
1167 1631 1274 1683 τῶν
1297 1635 1559 1698 σωμάτων
1585 1633 1721 1702 μετά
1743 1631 1967 1702 νεότητα

403 1717 573 1786 γῆρας
595 1734 608 1746 ·
637 1717 865 1770 ἐνταῦθα
894 1717 1030 1787 μετά
1053 1718 1230 1788 γῆρας
1258 1717 1466 1786 νεότης,
1498 1715 1591 1768 καὶ
1617 1715 1802 1786 νεότης
1828 1715 1968 1768 οὐδέ-

1078 279 1134 332 S.
1173 275 1456 331 JOANNIS
1494 275 1974 332 ειιιιγεοετοιι]

2077 274 2342 330 RCIIIEP.
2382 273 2923 330 CONSTANTINOP.

3531 277 3638 330 ΗΞ

2071 404 2198 440 ποτε
2235 387 2384 448 τέλος
2425 385 2639 454 ἔχουσα,
2685 385 2777 437 ἐὰν
2814 385 3074 454 θέλωμεν.
3119 383 3344 452 Μεγάλη
3387 387 3419 454 ἡ
3460 386 3638 456 χάρις,

2069 471 2181 525 ἀλλ’
2206 471 2352 522 ἔσται
2384 469 2602 538 μείζων,
2633 467 2726 521 ἐὰν
2754 467 2994 536 θέλωμεν
3021 484 3035 496 ·
3071 468 3214 519 καὶὸ
3231 467 3440 530 Παῦλος
3471 469 3642 538 μέγας

2067 549 2134 624 ἦν
2173 554 2259 605 ὅτε
2292 552 2625 615 ἐϐαπτίζετο,
2653 551 2788 604 ἀλλὰ
2824 551 3002 620 πολλῷ
3035 550 3232 622 μείζων
3258 551 3473 619 ἐγένετο
3502 555 3641 622 μετά

2067 636 2262 700 ταῦτα,
2324 635 2412 688 ὅτε
2473 637 2761 705 ἐκήρυσσε,
2819 635 3074 704 συνέχυνε
3129 636 3254 698 τοὺς
3319 634 3637 698 Ἰουδαίους·

2074 719 2210 789 μετὰ
2237 718 2406 772 ταῦτα
2431 720 2510 780 εἰς
2537 717 2857 786 παράδεισον
2884 717 3107 788 ἡρπάγη
3131 733 3145 746 ·
3175 719 3256 780 είς
3282 718 3461 787 τρίτον
3483 719 3645 790 ἀνῆλ-

2071 801 2161 854 θεν
2199 801 2443 872 οὑρανόν.
2480 802 2636 853 Ὥστε
2677 800 2853 866 ἔξεστι
2901 801 2995 854 καὶ
3041 801 3192 870 ἡμῖν,
3240 801 3335 854 ἐὰν
3378 801 3642 872 θέλωμεν,

2070 887 2320 955 αὐξῆσαι,
2354 885 2446 937 κα)⁴
2473 885 2571 954 τὴν
2597 883 2842 938 δοθεῖσαν
2875 886 3000 954 ἡμῖν
3037 885 3196 954 χάριν
3230 883 3526 953 μεγαλῦναι
3555 886 3644 939 διὰ

2069 967 2164 1020 τοῦ
2193 966 2564 1037 βαπτίσματος
2585 985 2598 995 -
2628 964 2846 1030 αὒξεται
2879 966 2934 1020 δὲ
2966 967 3031 1019 δι’
3062 966 3238 1036 ἔργων
3271 967 3510 1034 ἀγαθῶν,
3547 969 3644 1020 καὶ

2070 1051 2423 1120 λαμπροτέρα
2461 1050 2664 1117 γίνεται
2714 1050 2808 1103 καὶ
2851 1050 3196 1120 φαιδρότερον
3233 1051 3366 1119 ἡμῖν
3415 1051 3640 1120 παρέχει

2069 1134 2130 1186 τὸ
2167 1133 2300 1200 φῶς.
2337 1131 2450 1186 Κᾶν
2480 1132 2636 1184 τοῦτο
2667 1132 2908 1202 γένηται,
2951 1133 3085 1202 μετὰ
3120 1133 3313 1202 πολλῆς
3352 1133 3454 1200 τῆς
3497 1136 3638 1202 παρ-

2073 1217 2267 1285 ρησίας
2299 1216 2378 1276 εἰς
2414 1214 2504 1268 τὸν
2540 1215 2800 1284 νυμφῶνα
2828 1215 3252 1285 συνελευσόμεθα
3289 1215 3368 1286 τῷ
3405 1216 3639 1285 νυμφίῳ,

2071 1300 2164 1351 καὶ
2197 1299 2302 1350 τῶν
2329 1297 2548 1366 ἀγαθῶν
2584 1297 2964 1368 ἀπολαύσομεν
2989 1299 3097 1351 τῶν
3126 1297 3502 1367 ἀποκειμένων
3532 1301 3640 1361 τοῖς

2070 1380 2350 1448 ἀγαπῶσιν
2379 1381 2536 1432 αὐτόν
2560 1397 2574 1410 ·
2606 1373 2680 1440 ὧν
2707 1381 2914 1448 γένοιτο
2938 1381 3146 1444 πάντας
3175 1382 3320 1452 ἡμᾶς
3345 1383 3640 1450 ἐπιτυχεῖν,

2071 1465 2250 1534 χάριτι
2301 1463 2394 1514 καὶ
2439 1462 2813 1533 φιλανθρωπίᾳ
2855 1463 2948 1517 τοῦ
2990 1463 3194 1533 Κυρίου
3250 1463 3405 1534 ἡμῶν
3463 1463 3638 1534 Ἰησοῦ

2070 1545 2327 1617 Χριστοῦ,
2373 1544 2488 1614 μεθ’
2524 1539 2582 1598 οὗ
2619 1544 2694 1615 τῷ
2735 1547 2906 1618 Πατρὶ
2947 1547 3039 1599 καὶ
3069 1547 3148 1615 τῷ
3189 1546 3328 1616 ἁγίῳ
3365 1545 3640 1615 Πνεύματι

2070 1631 2198 1694 δόξα
2235 1629 2328 1681 καὶ
2365 1627 2730 1698 προσκύνησις
2769 1633 2847 1695 εἰς
2885 1632 3009 1706 τοίές
3047 1631 3248 1694 αἰῶνας
3269 1629 3386 1683 τῶν
3411 1629 3638 1689 αἰώνων.

2083 1712 2274 1782 Ἀμήν.

461 1849 487 1877 ⁸
510 1847 634 1911 Reg.
669 1862 796 1898 unus
819 1850 938 1898 ἑπτά
977 1849 1154 1912 ’ἡμέρας
1181 1847 1290 1908 ὑμῖν
1323 1849 1724 1909 ἐνομοθετήσαμεν
1745 1827 1944 1897 ἐνταῦθα
1963 1851 2047 1904 τῆς
2063 1848 2190 1908 ἱερᾶς
2206 1844 2400 1894 ἴστασαι
2423 1842 2532 1908 (sic)
2555 1847 2802 1908 τραπέζης.

435 2131 3600 2172 mm

1851 2357 2208 2420 MONITUM

483 2543 608 2599 Haec
630 2544 852 2598 homilia
882 2555 1033 2598 extra
1067 2545 1252 2599 urbem
1279 2547 1624 2603 Antiochiam
1663 2547 1844 2601 habita
1873 2545 1971 2602 fuit
2004 2548 2057 2602 in
2085 2549 2368 2619 martyrio,
2405 2564 2500 2604 seu
2527 2548 2756 2604 ecclesia
2792 2549 2892 2604 loci
2923 2549 3227 2618 cujusdam,
3259 2549 3346 2603 cui
3377 2548 3646 2603 Romane-

407 2657 490 2710 sia
521 2671 740 2710 nomen.
773 2653 911 2721 Quid
947 2665 1128 2709 autem
1153 2658 1396 2728 martyrii
1428 2659 1648 2712 nomine
1669 2659 2021 2729 intelligatur,
2053 2659 2173 2714 vide
2193 2675 2357 2728 supra
2391 2659 2445 2713 in
2483 2660 2656 2728 prima
2687 2669 2814 2714 nota
2843 2661 2911 2714 ad
2939 2661 3218 2714 homiliam
3249 2661 3321 2716 De
3347 2664 3642 2718 cmmetcrii

407 2767 786 2838 appellatione.
812 2765 886 2821 De
919 2782 1063 2822 anno
1097 2783 1207 2838 quo
1236 2769 1348 2824 haec
1376 2770 1559 2824 habita
1589 2779 1670 2825 est
1713 2771 1957 2836 bomilia,
2005 2787 2073 2826 ne
2110 2771 2465 2841 coniectando
2511 2772 2726 2841 quidem
2757 2771 2940 2826 dicere
2979 2788 3289 2842 possumus.
3329 2774 3467 2828 Nam
3503 2777 3650 2843 quod

416 2883 792 2939 Tillemontius
817 2899 886 2938 ex
926 2883 1080 2938 initio
1113 2885 1278 2953 hujus
1308 2885 1564 2953 homilia’,
1606 2903 1820 2958 nempe,
1843 2888 2027 2942 Eu‘am
2056 2905 2174 2942 cum
2199 2889 2372 2941 crucis
2419 2888 2725 2941 memoriam
2777 2887 3118 2952 recoluimus,
3147 2897 3298 2941 extra
3327 2888 3502 2941 urbem
3537 2888 3652 2946 eius

405 3003 794 3055 solemnitatem
825 3001 1221 3068 celebravimus,
1257 3003 1436 3072 arguit
1460 3005 1647 3059 eodem
1679 3021 1822 3060 anno
1855 3006 1999 3060 hanc
2039 3006 2319 3072 habuisse,
2347 3019 2457 3076 quo
2488 3005 2632 3090 illam
2659 3003 2736 3058 De
2776 3005 3092 3060 cmmeterio
3113 3013 3168 3060 et
3201 3021 3385 3072 cruce,
3415 3021 3556 3075 qtae,
3594 3016 3652 3058 ut

409 3117 566 3174 initio
588 3118 786 3174 ibidem
819 3119 1040 3185 dicitur,
1071 3127 1222 3174 extra
1251 3119 1438 3176 urbem
1465 3123 1814 3190 pronuntiata
1836 3121 1955 3189 fuit,
1981 3122 2146 3193 idque
2169 3138 2338 3190 anno,
2367 3133 2426 3178 ut
2452 3121 2730 3193 probabile
2754 3121 3058 3187 existimat,
3082 3121 3186 3175 392
3217 3137 3231 3172 :
3263 3121 3374 3186 ille,
3402 3121 3648 3189 inquam,

406 3235 735 3294 Tillemontii
760 3239 1005 3294 calculus
1033 3242 1114 3295 vel
1143 3241 1336 3312 primis
1363 3242 1644 3298 concionis
1677 3242 1822 3296 illius
1855 3242 2037 3297 verbis
2069 3244 2384 3298 confutatur
2419 3263 2433 3299 :
2468 3245 2548 3300 sic
2571 3243 2714 3298 enim
2751 3241 2963 3297 orditur
2991 3239 3414 3312 Chrysostomus
3446 3257 3460 3293 :
3497 3241 3648 3305 δεῖρε

406 3357 548 3422 apud
581 3354 816 3406 animum
843 3369 1013 3406 meum
1045 3355 1343 3424 disquisivi,
1376 3356 1526 3424 cujus
1570 3358 1744 3428 gratia
1779 3357 2007 3428 majores
2036 3358 2224 3424 nostri,
2259 3360 2455 3414 relictis
2508 3359 2730 3422 (edibus,
2763 3373 2893 3428 quas
2927 3357 2982 3408 in
3028 3355 3250 3408 urbibus
3293 3356 3501 3421 habent,
3542 3358 3656 3428 lege

414 3951 564 4024 [H7]
626 3955 730 4020 Εἰς
777 3953 892 4022 τὴν
947 3952 1255 4022 ἀνάληψιν
1311 3955 1416 4009 τοῦ
1470 3955 1693 4022 Κυρίου
1749 3955 1914 4024 ἡμῶν
1972 3958 2164 4026 Ἰησοῦ
2209 3963 2499 4028 Χριστοῦ·
2552 3963 2770 4031 ἐλέχθη
2833 3964 2902 4017 δὲ
2951 3965 3020 4017 ἐν
3075 3966 3153 4030 τῷ
3194 3931 3492 4032 μαρτείνρίῳ
3542 3958 3656 4024 τῆς

424 4045 854 4112 ἰ’ωμανησίας,
906 4047 1052 4101 ἔνθα
1094 4048 1408 4115 μαρτύρων
1448 4047 1689 4114 σώματα
1719 4087 1734 4110 ,
1781 4047 1898 4101 ὑπὸ
1947 4047 2012 4102 τὸ
2064 4049 2285 4121 ἔδαφος
2319 4057 2564 4123 κείμενα
2607 4055 2788 4124 ἐγγὺς
2833 4055 3144 4124 λειψάνων
3177 4054 3513 4125 αἱρετικῶν,
3551 4052 3654 4105 ἀφ’·

411 4134 778 4206 ηνέχθησαν,
812 4137 910 4191 καὶ
941 4137 1062 4192 ἅνω
1089 4138 1217 4191 κατ’
1245 4138 1404 4192 ἰδίαν
1438 4137 1751 4208 ἐτάφησαν
1783 4151 1832 4192 ει.

485 4593 556 4652 α’.
577 4595 686 4650 Καὶ
721 4594 810 4648 ὅτε
845 4593 938 4648 τοῦ
974 4593 1206 4664 σταυροῦ
1249 4593 1437 4665 μνείαν
1469 4593 1849 4665 ἐπετελοῦμεν,
1881 4594 1990 4660 ἔξω
2085 4597 2225 4663 ἄξιοι
2255 4596 2381 4667 μίαν
2412 4595 2626 4668 ἡμέραν
2667 4595 2762 4649 τοῦ
2795 4595 3060 4649 Asan-61w
3095 4595 3252 4664 ἡμῶν
3287 4598 3352 4650 ἐν
3369 4599 3488 4660 ταῖς
3525 4599 3655 4668 ἡμε-

415 4690 514 4759 τῆς
537 4688 741 4749 πόλεως
761 4685 859 4758 τὴν
887 4686 1079 4758 ἑορτὴν
1101 4684 1518 4756 ἐπετελέσαμεν,
1542 4685 1636 4736 καὶ
1659 4685 1752 4738 νῦν
1775 4685 1863 4738 ὅτε
1892 4686 1988 4738 τοῦ

421 4778 816 4850 σταυρωθέντος
840 4777 940 4850 τὴν
968 4776 1230 4846 ἀνάληψιν
1259 4776 1462 4846 ἀγομεν
1485 4775 1583 4846 τὴν
1603 4774 1834 4847 φαιδρὰν
1855 4775 1988 4828 ταύ-

413 4889 514 4940 την
571 4873 664 4923 καὶ
691 4869 1168 4937 ἐξαστράπτουσαν
1201 4868 1414 4938 ἡμέραν
1441 4905 1456 4931 ,
1488 4866 1593 4934 ἔξω
1627 4869 1729 4936 τῆς
1778 4865 1985 4928 πόλεως

413 4963 574 5016 πάλιν
605 4962 702 5034 τὴν
735 4961 926 5034 ἑορτὴν
974 4963 1348 5033 ἐπιτελοῦμεν.
1395 4961 1661 5032 Ποιοῦμεν
1699 4962 1757 5015 δὲ
1802 4961 1980 5025 τοῦτο,

411 5054 536 5124 οὐχὶ
561 5053 660 5126 τὴν
713 5053 865 5107 πόλιν
904 5054 1168 5124 ἀτιμάσαι
1197 5053 1542 5124 βουλόμενοι,
1579 5053 1715 5106 ἀλλά
1749 5053 1982 5122 τιμῆσαι

412 5147 538 5209 τοὺς
573 5145 854 5216 μάρτυρας
907 5146 1245 5208 σπεύδοντες.
1281 5145 1396 5197 Ἵνα
1427 5143 1535 5214 γάρ
1567 5143 1641 5214 μὴ
1673 5143 1978 5211 ἐγκαλῶσιν

415 5237 544 5306 ἡμῖν
591 5235 640 5287 oi
669 5233 812 5302 ἂγιοι
838 5226 1004 5294 οὗτοι,
1044 5234 1139 5287 καὶ
1170 5233 1400 5303 λέγωσιν
1428 5249 1443 5265 ο
1484 5234 1645 5303 ἡμεῖς
1685 5233 1786 5285 οὐκ
1839 5228 1984 5303 ἦμεν

475 5420 506 5449 ⁸
525 5419 578 5467 ln
600 5419 758 5480 Regio
777 5417 918 5477 τιτι,
942 5419 988 5466 in
1009 5419 1153 5466 titulo
1183 5417 1620 5480 ⁶Ρωμανησίας,καὶ
1645 5419 1709 5472 εἰς
1734 5417 1980 5480 μαρτύρων

416 5483 618 5541 σώματα
647 5481 738 5528 ὑπὸ
762 5480 1016 5542 ἐδάφους...
1054 5482 1318 5542 αἱρετικῶν,
1353 5480 1750 5542 ἅπερῌάνηνέχθη,
1776 5481 1854 5542 καὶ
1877 5481 1983 5526 κατ’

417 5537 537 5592 ιδίαν
561 5542 726 5602 ἐτάφη,
767 5543 846 5588 καὶ
857 5537 912 5588 ’τί
956 5537 1145 5598 νοητέον
1168 5542 1220 5587 τὸ
1251 5541 1387 5602 ῥητὸν
1419 5537 1502 5587 τοῦ
1525 5537 1728 5602 Χριστοῦ
1750 5541 1803 5588 τὸ
1829 5543 1982 5602 λέγον,

423 5605 496 5652 οτι
517 5604 838 5664 εὑρεθήσονται
860 5603 942 5651 δύο
966 5604 1012 5650 ἐν
1032 5604 1099 5664 τῷ
1123 5603 1296 5664 μύλωνι
1316 5602 1588 5654 ἀλήθουσαι.

2082 4687 2267 4760 τέραις
2297 4690 2520 4758 σκηναῖς
2557 4685 2982 4757 ἐπιτελουμένην
3008 4685 3168 4738 ἰδεῖν⁶
3199 4686 3287 4738 ἵνα
3321 4687 3394 4757 μὴ
3433 4688 3658 4754 ἐγκαλέ-

2085 4797 2248 4832 σωσιν
2285 4781 2416 4850 ἡμῖν
2458 4781 2508 4832 οἱ
2541 4779 2688 4848 ἅγιοι
2735 4771 2880 4832 οὗτοι
2911 4779 3005 4832 καὶ
3029 4777 3290 4846 λέγωσιν·
3334 4780 3418 4832 ὅτι
3453 4779 3510 4832 τὸ
3561 4779 3660 4848 μὲν

2083 4868 2222 4943 αἷμα
2247 4873 2402 4943 ἡμῶν
2436 4873 2578 4942 ὑπὲρ
2611 4871 2775 4926 αὐτοῦ
2808 4871 3132 4940 ἐξεχέαμεν,
3167 4872 3260 4924 καὶ
3292 4871 3390 4935 τὰς
3417 4873 3659 4940 κεφαλὰς

2086 4963 2242 5034 ἡμῶν
2294 4963 2674 5032 ἀποτμηθῆναι
2727 4959 3143 5031 κατηξιώθημεν
3173 4977 3190 4992 ο
3233 4961 3330 5033 τὴν
3360 4963 3417 5015 δέ
3449 4964 3665 5033 ἡμέραν

2083 5051 2182 5120 τῆς
2212 5051 2402 5120 ἑορτῆς
2431 5049 2594 5104 αὑτοῦ
2619 5050 2684 5102 οὐ
2705 5049 3122 5120 κατηξιώθημεν
3151 5051 3278 5104 ἰδεῖν
3305 5054 3362 5104 ἐν
3385 5055 3495 5116 τοῖς
3523 5055 3661 5122 ἡμε-

2084 5141 2262 5211 τέροις
2282 5141 2644 5208 καταγωγίοις
2673 5139 3000 5210 τελουμένην
3020 5157 3034 5170 ο
3065 5139 3152 5193 διὰ
3180 5141 3353 5195 ταῦτα
3380 5143 3478 5214 τὴν
3503 5145 3660 5198 πόλιν

2089 5231 2318 5299 ἀφέντες
2339 5269 2354 5294 ,
2396 5231 2531 5300 πρὸς
2563 5232 2688 5293 τοὺς
2721 5230 2890 5294 πόδας
2933 5229 3042 5283 τῶν
3070 5229 3239 5300 ἀγίων
3271 5230 3473 5286 τούτων
3502 5234 3660 5305 ἐδρά-

2093 5337 2298 5390 μομεν,
2333 5319 2420 5372 διὰ
2473 5319 2572 5390 τῆς
2606 5320 2892 5390 παρούσης
2927 5321 3179 5391 ἡμέρας,
3227 5321 3320 5374 καὶ
3371 5322 3510 5392 ὑπὲρ
3564 5323 3660 5376 τοῦ

2089 5412 2281 5480 χρόνου
2303 5410 2397 5463 τοῦ
2437 5411 2798 5483 παρελθόντος
2821 5412 3244 5482 ἀπολογούμενοι
3275 5412 3408 5482 πρὸς
3441 5413 3659 5477 αὐτούς.

2089 5506 2152 5558 Εἰ
2188 5504 2296 5577 γάρ
2317 5505 2412 5559 καὶ
2442 5505 2549 5577 πρὸ
2584 5507 2776 5560 τούτου
2809 5507 2916 5561 ἔδει
2948 5507 3082 5578 πρὸς
3104 5507 3230 5570 τοὺς
3251 5508 3528 5574 γενναίους
3548 5507 3664 5560 τού-

2097 5615 2218 5662 τους
2265 5600 2363 5668 τῆς
2403 5598 2682 5664 εὐσεϐείας
2725 5601 2960 5668 ἀθλητὰς
3013 5601 3266 5670 τρέχειν,
3450 5601 3552 5652 ὑπὸ
3605 5600 3668 5652 τὲ
