4038 6204
307 337 405 392 5-H

301 454 448 524 gredi
479 451 605 506 sinit
631 491 646 515 ,
699 463 762 502 ac
790 447 984 501 multas
1013 445 1103 500 tibi
1131 443 1440 498 occasiones
1466 443 1772 513 suppeditat
1797 457 1888 497 co-

302 559 581 598 ronarum.
613 541 814 595 Idcirco
843 547 1047 607 septem
1092 535 1539 605 consequentibus
1587 535 1671 588 his
1705 534 1891 589 diebus

297 638 622 690 concinnum
645 631 885 686 doctrina
908 629 1170 693 l'ruiinini,
1191 637 1250 680 ut
1277 627 1328 680 in
1358 626 1618 680 liictaruin
1648 625 1888 694 palaestra

299 731 590 798 diligenter
628 722 999 778 instituamini.
1041 719 1286 788 Alioquin
1320 729 1498 772 autem
1543 717 1702 772 etiam
1728 716 1891 785 spiri-

302 819 481 873 tiiales
506 825 630 870 sunt
654 814 851 883 nuptiae
879 827 942 865 ea
966 852 981 876 ,
1012 826 1126 879 quae
1145 809 1254 878 jam
1285 808 1444 873 ﬁunt;
1470 808 1523 860 in
1549 807 1748 875 nuptiis
1767 819 1896 860 vero

297 911 376 964 ad
407 918 616 977 septem
643 905 760 960 dies
791 903 1006 958 thalami
1036 910 1297 973 prostant.
1333 900 1618 968 Propterea
1649 913 1744 951 nos
1764 912 1894 967 quo—

298 1017 410 1072 que
443 1002 559 1070 lege
580 998 854 1053 sanximus
871 995 1042 1060 vobis,
1072 1003 1130 1047 ut
1157 993 1241 1046 hic
1266 1001 1469 1060 septem
1491 991 1698 1046 dierum
1723 990 1896 1058 spatio

299 1095 374 1146 ad
404 1104 592 1146 saeros
612 1088 872 1142 thalamos
911 1100 1007 1139 vos
1031 1085 1229 1139 sistatis
1256 1085 1296 1136 ⁸.
1327 1083 1522 1138 Verum
1555 1083 1662 1136 illic
1681 1082 1894 1151 quidem

305 1194 432 1256 post
458 1191 664 1251 septem
693 1179 808 1234 dies
847 1178 1164 1232 solvuntur:
1205 1177 1291 1230 hic
1336 1168 1532 1237 autem,
1565 1175 1610 1229 si
1637 1176 1792 1239 velis,
1842 1175 1894 1228 in

301 1289 464 1330 sacro
493 1273 728 1326 thalamo
764 1278 1020 1338 perpetuo
1061 1278 1204 1321 stare
1233 1275 1414 1335 potes;
1445 1275 1602 1334 atque
1647 1265 1696 1319 in
1725 1280 1900 1319 saecu-

301 1366 510 1420 laribus
531 1362 747 1432 quidem
765 1360 963 1428 nuptiis
986 1367 1102 1426 post
1127 1373 1285 1411 unum
1311 1357 1391 1410 vel
1413 1356 1637 1410 alterum
1661 1370 1897 1408 mensem

303 1471 510 1528 sponsa
542 1470 648 1508 non
680 1453 812 1507 adeo
850 1466 1048 1520 sponso
1087 1460 1169 1504 est
1207 1450 1450 1504 amabilis
1478 1468 1490 1502 :
1517 1449 1602 1502 hic
1623 1463 1749 1502 vero
1795 1463 1899 1500 non

311 1551 387 1605 ita
410 1593 424 1615 ,
455 1547 550 1602 sed
578 1555 777 1616 quanto
817 1545 1070 1612 temporis
1103 1544 1158 1595 lit
1184 1542 1352 1611 major
1377 1555 1689 1610 progressus
1708 1581 1722 1603 ,
1758 1548 1902 1595 tanto

306 1641 646 1694 ardentiores
667 1636 845 1705 sponsi
873 1642 998 1689 sunt
1020 1648 1262 1696 amores;
1293 1642 1438 1686 tanto
1461 1633 1734 1686 suaviores
1756 1647 1904 1686 com-

315 1739 507 1802 plexus
526 1773 542 1796 ,
573 1739 731 1784 tanto.
749 1727 1073 1796 spiritualior
1100 1739 1435 1795 congressus,
1469 1725 1512 1778 si
1535 1724 1820 1794 diligentes
1841 1738 1902 1778 ac

380 1869 397 1898 ι
593 1875 740 1924 unus,
765 1867 944 1924 septem
967 1857 1158 1911 dierum
1200 1858 1355 1922 spatio
1375 1860 1440 1908 (id
1458 1871 1657 1920 sacram
1692 1872 1906 1909 mensam

380 1943 396 1975 Β
419 1941 440 1975 δ
477 1942 483 1951 ¹
505 1942 534 1974 α
556 1939 615 1975 88-

314 1943 396 1978 m
419 1939 615 1976 sutum.

1294 329 1361 383 IN
1399 323 1872 382 ASCENSIUNEM
1909 324 1973 379 D.
2014 322 2078 377 Ν.
2117 321 2278 376 JESU
2317 321 2607 378 CHRISTI.

3471 322 3581 378 442

2000 440 2277 510 vigilantes
2303 440 2488 494 simus.
2539 441 2594 494 lii
2622 440 2935 510 corporibus
2958 455 3141 496 rursus
3162 448 3281 510 post
3315 440 3572 510 jiivciituo

2005 544 2109 586 teni
2142 544 2430 599 senectus;
2463 533 2548 588 hic
2589 541 2709 602 post
2732 543 3054 588 senectutem
3095 534 3376 603 juventus,
3405 545 3459 588 et
3494 533 3578 602 διε·

1999 632 2198 677 ventus
2244 639 2363 692 qua:
2410 623 2570 677 linem
2622 624 2820 678 nullum
2874 623 3071 690 habet,
3123 626 3168 678 si
3235 624 3576 678 voluerimus.

1999 714 2184 784 Magna
2211 715 2401 784 gratia,
2430 715 2523 770 sed
2553 716 2723 784 major
2752 719 2853 770 erit
2876 718 2920 771 si
2961 718 3284 771 voluerimus
3314 733 3326 768 :
3358 731 3581 785 magnus

1997 814 2111 858 erat
2136 806 2294 859 etiam
2320 806 2534 871 Paulus,
2557 823 2675 861 cum
2703 808 3056 876 baptizaretur
3079 826 3094 874 ;
3116 819 3170 863 at
3196 809 3366 862 multo
3383 808 3577 863 deinde

1998 897 2168 964 major
2196 904 2278 952 est
2309 898 2478 952 l'aetus
2507 916 2518 952 :
2552 914 2670 953 eum
2703 899 3014 968 praidicaret
3033 943 3049 966 ,
3097 900 3460 956 confundebat
3489 900 3581 954 Ju-

2004 986 2184 1052 daeos;
2243 996 2426 1055 postea
2475 997 2659 1057 raptus
2690 1000 2771 1044 est
2822 989 2876 1043 in
2909 991 3242 1059 paradisum,
3274 991 3322 1043 in
3367 991 3583 1044 tertium

2000 1077 2188 1130 caelum
2214 1078 2471 1133 ascendit.
2503 1078 2682 1148 Itaque
2707 1079 2857 1134 nobis
2900 1080 3060 1134 etiam
3085 1081 3209 1136 licet
3229 1095 3494 1146 crescere,
3537 1080 3582 1133 si

2000 1168 2262 1233 velimus,
2325 1178 2380 1224 et
2427 1171 2672 1224 collatam
2725 1186 2822 1239 per
2864 1171 3181 1240 baptismum
3224 1173 3447 1241 gratiam
3491 1186 3588 1224 au-

2001 1272 2127 1325 gere
2154 1274 2166 1310 :
2201 1257 2358 1312 bonis
2383 1267 2559 1312 autem
2586 1259 2835 1328 operibus
2858 1269 3098 1329 augetur,
3126 1275 3190 1315 ac
3217 1262 3273 1314 lit
3304 1260 3586 1325 illustrior,

2004 1348 2282 1417 lucemque
2312 1349 2465 1404 nobis
2491 1351 2900 1418 splendidiorem
2933 1352 3251 1421 suppeditat.
3275 1352 3422 1418 Quod
3444 1353 3488 1405 si
3514 1351 3586 1406 ita

2006 1440 2118 1505 ﬁat,
2154 1440 2316 1494 multa
2355 1455 2474 1494 cum
2517 1442 2704 1496 ﬁducia
2727 1443 2778 1496 in
2804 1443 3053 1498 conclave
3106 1445 3286 1512 Spousi
3337 1460 3440 1498 una
3463 1459 3584 1497 cum

2011 1531 2128 1598 ipso
2178 1531 2520 1597 intrabimus,
2550 1541 2604 1586 et
2629 1534 2692 1586 iis
2721 1533 2873 1588 bonis
2899 1535 3250 1604 perfruentur,
3291 1550 3409 1603 qua:
3435 1550 3588 1601 repo-

2010 1625 2108 1675 sita
2135 1631 2257 1677 sunt
2283 1624 2347 1676 iis
2399 1625 2487 1691 qui
2510 1624 2736 1692 diligunt
2782 1625 2956 1677 illiilli.
2999 1625 3126 1691 Quae
3157 1625 3313 1679 nobis
3337 1624 3586 1678 omnibus

2010 1714 2262 1781 consequi
2293 1713 2465 1778 detur,
2513 1715 2677 1784 gratia
2706 1725 2760 1769 et
2801 1715 3124 1784 benignitate
3166 1715 3375 1770 Domini
3421 1718 3587 1768 nostri

2007 1803 2130 1856 Jesu
2158 1802 2385 1867 Christi,
2417 1820 2535 1858 cuin
2585 1820 2693 1874 quo
2719 1805 2857 1859 Patri
2886 1815 2939 1858 et
2966 1803 3180 1873 Spiritui
3213 1815 3396 1860 saneto
3423 1805 3590 1875 gloria

2013 1907 2067 1948 et
2091 1895 2336 1952 adoratio
2378 1899 2428 1952 in
2459 1901 2652 1953 sarcula
2681 1897 3014 1952 saeculorum.
3049 1901 3238 1952 Amen.

2209 2155 2450 2179 ':.—."‘
2293 2154 2316 2160 "
2321 2153 2905 2179 “‘3'__—__
2759 2146 3562 2179 -———'_____——='—==

366 2169 384 2170 κ
1235 2169 1356 2170 7,,

1374 2360 1450 2419 ΙΝ
1497 2358 1876 2420 HOMILIAM
1918 2356 2016 2416 DE
2057 2354 2543 2416 ASCENSIONE.

1762 2462 1808 2495 Α

327 2547 443 2601 lam
482 2551 793 2612 statuerint,
822 2557 880 2601 ut
912 2558 1066 2601 extra
1094 2547 1360 2600 civitatem
1409 2546 1584 2607 hodie,
1611 2554 1661 2598 et
1699 2544 1906 2615 quidem
1937 2544 1990 2596 in
2022 2541 2118 2598 hoc
2158 2542 2272 2595 loco
2294 2540 2703 2594 conveniremus.
2735 2538 2878 2609 Ergo
2913 2555 2979 2595 ex
3009 2540 3115 2594 lata
3149 2539 3266 2608 lege
3290 2535 3588 2606 quotannis

321 2677 482 2716 extra
519 2661 709 2716 urbem
739 2661 792 2715 iii
817 2661 902 2715 die
932 2659 1280 2722 Parasceves,
1308 2659 1375 2713 de
1399 2674 1510 2729 quo
1542 2660 1743 2730 agitur,
1775 2671 1841 2712 eo
1871 2657 1926 2710 in
1955 2657 2077 2712 loco
2136 2658 2436 2710 conventus
2473 2653 2815 2708 habebantur
2849 2671 2862 2707 :
2891 2669 2989 2708 nec
3017 2663 3192 2723 potest
3218 2653 3492 2723 quidpiam
3520 2668 3586 2706 ex

327 2792 499 2847 supra
525 2774 704 2830 allatis
733 2775 911 2830 verbis
949 2775 1014 2829 ad
1038 2791 1242 2829 annum
1277 2770 1626 2829 statuendum
1661 2767 1867 2838 colligi.

397 2915 500 2972 llic
525 2917 678 2972 vides
708 2931 965 2987 magnam
993 2914 1239 2970 Flaviani
1266 2911 1595 2968 Antioclieni
1625 2907 1869 2979 episcopi
1894 2921 2022 2978 erga
2051 2905 2313 2976 reliquias
2339 2913 2638 2975 martyrum
2676 2902 3044 2958 reverentiam.
3072 2915 3088 2955 :
3119 2917 3247 2956 nam
3283 2918 3405 2956 cum
3429 2912 3589 2958 antea

322 3040 430 3094 sub
456 3037 702 3093 ecclesia:
731 3033 1379 3106 paviincntojaciiissent,
1406 3046 1501 3087 eas
1523 3029 1656 3084 hinc
1685 3026 1909 3084 eductas
1937 3025 1992 3079 in
2026 3024 2270 3090 sublimi,
2298 3038 2439 3094 puro
2477 3021 2788 3091 mundoque
2817 3019 2938 3074 loco
2962 3019 3166 3089 posuit,
3203 3028 3262 3072 ut
3288 3019 3468 3091 populi
3493 3036 3591 3074 ve-

321 3156 592 3213 nerationi
628 3163 896 3227 paterent.

2725 3223 2752 3238 ι,

397 3295 908 3366 liiterpretationem
937 3291 1166 3349 Gerardi
1202 3289 1403 3356 Vossii,
1430 3288 1620 3344 multis
1642 3287 1696 3340 in
1729 3285 1868 3341 locis
1899 3281 2270 3346 emendatam,
2307 3294 2338 3335 e
2365 3277 2588 3348 regione
2627 3274 2801 3332 ϐτωεὶ
2836 3282 3018 3330 textus
3046 3275 3352 3342 posuimus.

345 3716 3583 3756 _____________________________________________—————

343 3860 405 3901 IN
455 3855 872 3902 ASCENSIONEM
916 3852 1142 3896 DOMINI
1187 3849 1410 3893 NOSTRI
1439 3847 1584 3890 JESU
1628 3846 1902 3901 CHRISTI,
1948 3843 2156 3889 SERMO
2200 3843 2547 3886 BECI’I’ATUS
2592 3842 2656 3883 IN
2699 3837 3028 3884 MARTYBIO
3055 3834 3452 3886 ROMANESIB,
3499 3834 3604 3876 UBI

427 3957 774 4002 ιιΑῑιτΥιιυΜ
829 3954 1140 4003 CORPORA,
1212 3951 1328 3994 SUB
1386 3946 1752 3992 PAVIMENTO
1813 3945 2013 3989 PRO-PE
2083 3943 2425 3988 CADAVERA
2486 3940 2960 3984 HBRETICORUM
3011 3938 3299 3990 CONDITA,

3369 3935 3606 3977 ΑυιΑτΑ

434 4062 742 4116 ruanuu'r,
777 4059 857 4101 ET
900 4054 1200 4099 nemone
1243 4051 1400 4094 LOCO
1443 4048 1799 4093 seramus!
1845 4047 2119 4090 seruum
2162 4029 2258 4104 (τι).

1803 4191 2043 4246 ρ-αω

422 4326 469 4379 l.
492 4321 596 4378 Cur
623 4329 766 4374 extra
810 4317 1056 4370 civitatem
1085 4321 1355 4366 conventus
1394 4309 1610 4362 habitus.
1645 4339 1716 4349 --
1752 4309 1925 4364 Etiam

349 4431 468 4471 cum
495 4413 672 4468 crucis
699 4407 1007 4464 memoriam
1037 4402 1362 4457 recoluiinus
1381 4442 1394 4463 ,
1425 4408 1571 4453 extra
1600 4399 1783 4454 urbem
1813 4399 1928 4468 ejus

349 4507 744 4562 solemnitatem
790 4498 1176 4556 celebravimus
1204 4512 1217 4548 :
1249 4503 1302 4549 et
1343 4507 1482 4546 nunc
1508 4491 1719 4560 quando
1756 4491 1930 4544 criti-i-

349 4599 438 4652 lixi
458 4595 828 4651 ascensionem
855 4590 1080 4659 agimus,
1113 4587 1368 4640 illustrem
1411 4582 1550 4638 hunc
1575 4591 1736 4650 atque
1771 4581 1933 4637 reful—

346 4697 563 4760 gentetn
610 4685 776 4747 diem.
823 4689 970 4736 extra
1000 4677 1266 4734 civitatem
1292 4687 1475 4730 rursus
1511 4670 1702 4726 festum
1727 4669 1933 4741 peragi-

433 4820 488 4880 α)
519 4814 699 4866 collata
729 4826 839 4863 cum
863 4820 966 4862 Mss.
989 4817 1020 4858 tt
1091 4809 1149 4857 'is
1171 4805 1308 4864 1970,
1345 4805 1487 4864 2027,
1512 4810 1564 4854 et
1581 4802 1724 4857 2424,
1751 4808 1803 4852 et
1826 4815 1936 4851 cum

347 4820 631 4931 Cofbertino
652 4876 792 4924 ωδ.
839 4822 1198 4931 ttegiuseg'ﬂl,
1225 4871 1272 4917 in
1295 4867 1452 4926 titulo,
1477 4862 1767 4931 Romane
1784 4902 1798 4924 ,
1825 4870 1869 4912 et
1887 4863 1936 4931 in

429 4862 796 4929 ista;
839 4874 1016 4935 Regius
1055 4862 1198 4935 stat,
1225 4871 1272 4917 in
1295 4862 1452 4926 titulo,
1476 4862 1798 4935 amusing,
1825 4870 1869 4912 et

349 4923 630 5004 ἦιῡῶ
654 4923 872 5004 Two
894 4923 996 5004 ἄψ.
1011 4923 1291 5004 animo.
1312 4923 1460 5004 ρῑορέ
1473 4927 1722 5004 ,εαςξιῖενζε
1743 4923 1937 5004 meti:

354 4987 525 5053 2E6:
548 4987 765 5070 condita;
785 5009 895 5060 qm
916 4987 1077 5046 ablata
1099 4995 1291 5055 {uerum
1309 4987 1354 5060 et
1370 4987 1637 5099 aggeratim
1667 4987 1870 5055 sepulta,
1893 4991 1939 5035 et

354 5064 596 5099 ...Μαίη
615 5060 961 5099 pmtmmutum
978 5055 1174 5099 uerbum
1203 5051 1381 5099 Christi
1439 5063 1569 5099 tcens
1597 5061 1615 5098 :
1647 5066 1670 5094 ii
1697 5057 1939 5096 Invenien-

351 5051 596 5125 ᾦιοὶηοαο
615 5051 961 5125 επριίὶτάηᾷωη
978 5051 1174 5125 uerbi"?!
1198 5051 1381 5125 9ητὶμέ
1404 5051 1569 5125 άξςεηδ
1597 5061 1615 5098 -'
1647 5051 1939 5125 ‘,’_'_"_’€’"'i‘,’l':

353 5112 437 5174 tur
461 5112 577 5174 dita:
599 5112 827 5172 molentcs
845 5119 896 5169 in
911 5117 1054 5168 mota.
1081 5133 1104 5162 ι
1132 5117 1173 5165 si
1198 5114 1344 5176 Regii,
1363 5112 1510 5162 lectio
1530 5125 1647 5159 vera
1662 5117 1818 5176 esset,
1845 5121 1940 5176 non

354 5169 833 5251 Eriy'i-Tmiéoépois
851 5180 1094 5251 loco-mota
1111 5169 1570 5251 idet-eatur,
1587 5171 1674 5222 sed
1690 5169 1943 5251 lucretio:-

356 5230 800 5308 rt'i—tn'f—At—praasrtat
831 5243 984 5308 )‘ossii
1023 5249 1075 5290 et
1113 5238 1269 5289 savilii
1311 5235 1461 5308 lectio
1484 5248 1495 5282 :
1523 5247 1617 5282 non
1634 5231 1790 5308 solum
1813 5230 1942 5300 enim

359 5293 485 5372 quia
674 5293 1014 5354 haereticorum
1043 5297 1386 5372 corpora,_sed
1397 5297 1547 5372 etiam
1558 5294 1790 5372 θρίξ-ψῃ
1812 5293 1942 5372 pavi:

360 5354 697 5420 Missam
717 5374 977 5428 nmtynun
1007 5354 1508 5428 τθέίιιὶιίεεζιηηδιεμθ
1526 5354 1643 5428 9”“
1665 5354 1943 5428 ξυὲῗὲῖωῗίὲἷθ

361 5416 721 5481 ἒὶῖὀῇεξϋάθ
743 5416 1037 5488 ιοοοίοερὶιε
1066 5416 1289 5481 fuerunt;
1332 5420 1458 5482 quod
1493 5419 1639 5467 etiam
1668 5416 1803 5488 initio
1827 5425 1942 5488 conf

360 5474 840 5542 ξῖὧῖἆᾶιῖτξηὶίιῖξ
864 5474 1208 5537 itteretioorum
1245 5474 1408 5531 autem
1442 5492 1551 5542 ossa
1584 5493 1682 5542 non
1717 5474 1947 5542 translata

359 5536 517 5603 fuit;
541 5536 688 5615 paqu
893 5536 1422 5615 dicit‘ghrysostomus.
1466 5541 1637 5591 Eadem
1673 5541 1773 5602 ipsa
1798 5536 1944 5587 lectio

361 5609 574 5666 habetur
597 5609 747 5664 etiam
766 5613 816 5662 in
837 5619 954 5675 Reg.
983 5609 1118 5661 l970.

2046 4213 2306 4230 "—-

2032 4324 2170 4364 mus.
2203 4306 2357 4375 Atqui
2383 4302 2518 4368 hoc,
2550 4316 2653 4356 non
2684 4299 2824 4370 quod
2856 4297 3122 4354 civitatem
3172 4296 3446 4365 despicere
3477 4295 3610 4350 veli-

2031 4412 2184 4463 mus,
2240 4393 2332 4448 sed
2383 4401 2645 4462 martyres
2667 4389 2844 4459 potius
2888 4387 3153 4441 honorare
3196 4385 3491 4455 cupiamus.
3536 4384 3616 4439 Ne

2033 4489 2174 4544 enim
2200 4485 2297 4540 viri
2338 4483 2505 4538 sancti
2547 4481 2614 4536 de
2644 4480 2798 4535 nobis
2847 4479 3038 4533 merito
3067 4484 3496 4546 conquerantur,
3552 4489 3616 4528 ac

2035 4581 2252 4637 dicant:
2280 4577 2388 4633 Nos
2426 4592 2495 4632 ne
2518 4575 2661 4644 digni
2701 4572 2914 4642 quidem
2946 4584 3178 4632 eramus,
3210 4568 3298 4637 qui
3325 4581 3486 4621 unum
3517 4565 3622 4619 Do-

2037 4671 2166 4728 mini
2189 4669 2355 4725 nostri
2381 4667 2522 4723 diem
2566 4665 2617 4720 in
2639 4661 2992 4719 tabernaculis
3015 4659 3216 4715 nostris
3241 4656 3498 4712 celebrari
3529 4655 3615 4708 vi-

2038 4763 2315 4826 deremus;
2360 4772 2494 4813 neve
2515 4755 2792 4810 nobiscum
2818 4749 3199 4823 expostulando
3243 4748 3420 4807 dicant
3447 4763 3463 4800 :
3486 4746 3620 4801 San-

2039 4853 2248 4924 guinem
2273 4849 2488 4920 quidem
2515 4853 2754 4901 nostrum
2798 4857 2896 4912 pro
2925 4842 3040 4911 ipso
3071 4838 3371 4902 ell'udimus,
3399 4844 3454 4891 et
3471 4834 3620 4905 digni

2041 4943 2208 5000 habiti
2247 4954 2468 5002 sumus,
2525 4936 2719 5007 quibus
2767 4949 2863 5004 pro
2913 4947 2979 4987 eo
3023 4939 3187 4999 caput
3232 4936 3629 4997 amputaretur,

2043 5033 2208 5104 ipsius
2235 5041 2410 5086 autem
2437 5027 2764 5082 salutiferum
2794 5022 2985 5078 festum
3007 5019 3264 5075 celebrari
3280 5018 3420 5073 diem
3444 5015 3639 5071 videre

2044 5140 2150 5181 non
2176 5137 2361 5178 sumus
2385 5117 2657 5190 promeriti
2684 5117 2736 5170 in
2767 5112 3082 5168 habitaculis
3105 5110 3305 5166 nostris
3333 5127 3346 5162 :
3379 5108 3501 5163 ideo
3530 5120 3635 5160 re-

2047 5220 2169 5274 licta
2193 5216 2403 5270 civitate
2421 5212 2486 5270 ad
2507 5211 2671 5282 pedes
2697 5217 3000 5278 sanctorum
3029 5205 3219 5260 horum
3247 5210 3614 5272 preperamus,

2047 5309 2325 5366 occasione
2341 5303 2616 5376 prt'escntis
2636 5300 2738 5355 diei
2761 5341 2775 5364 ,
2797 5308 2852 5353 et
2877 5297 2944 5352 de
2975 5306 3211 5365 tempore
3241 5290 3509 5362 printerito
3529 5303 3616 5341 ex-

2047 5409 2295 5456 cusantes
2321 5410 2420 5450 nos
2457 5391 2594 5463 apud
2636 5391 2800 5460 ipsos.
2847 5387 2977 5441 Nam
3007 5386 3050 5440 si
3100 5395 3254 5438 antea
3275 5380 3341 5434 ad
3372 5388 3622 5432 strenuos

2051 5495 2148 5548 hos
2172 5489 2378 5560 pietatis
2403 5485 2627 5540 athletas
2647 5496 2863 5536 currere
2892 5478 3194 5546 oportebat,
3223 5467 3435 5539 quando
3455 5466 3627 5519 adhuc

2053 5585 2150 5640 sub
2176 5581 2478 5653 pavimento
2524 5573 2783 5632 reconditi
2813 5571 3092 5644 iacebant,
3118 5564 3282 5618 multo
3306 5576 3435 5616 sane
3465 5561 3632 5629 magis
