4038 6204
403 315 504 372 H3

405 431 452 484 id
479 429 586 496 jam
621 441 873 498 peragere
899 425 1198 495 oportebit,
1231 423 1440 493 quando
1465 423 1690 477 seorsitn
1721 421 1978 490 repositas

405 520 646 574 videmus
682 519 1026 586 margaritas,
1059 517 1270 584 quando
1301 531 1330 568 a
1380 515 1520 583 lupis
1568 513 1804 567 liberata:
1858 520 1982 565 sunt

405 625 560 672 oves.
589 611 800 679 quando
826 625 856 662 a
905 609 1126 663 mortuis
1157 609 1490 661 recesserunt
1539 606 1662 660 vivi.
1711 605 1786 659 Ne
1827 613 1980 658 antea

405 703 615 772 quidem
659 703 820 755 ullutn
855 701 1227 754 detrimentum
1261 700 1398 767 passi
1440 707 1564 752 sttnt
1607 713 1672 753 ex
1715 697 1980 752 communi

407 809 523 846 cum
554 793 656 846 illis
687 793 953 860 sepultura
988 807 1000 845 :
1032 805 1256 860 quorum
1287 789 1430 844 enim
1483 790 1699 858 spiritus
1750 789 1801 842 in
1837 789 1982 841 ca'lis

407 897 530 939 sunt
555 928 570 950 ,
603 901 786 938 eorum
823 899 994 953 neque
1043 898 1264 950 corpora
1309 899 1374 936 ex
1405 881 1798 951 prepinquitale
1825 880 1986 934 lauic-

407 977 629 1040 bantur;
653 991 874 1044 quortnn
915 974 1105 1028 animae
1130 974 1180 1026 in
1209 987 1366 1026 manu
1395 973 1486 1027 Dei
1515 982 1664 1036 sunt,
1697 987 1866 1041 neque
1893 987 1986 1025 rc-

403 1066 576 1136 liquiae
605 1082 788 1120 eorum
813 1081 880 1120 ex
905 1066 1018 1119 loco
1039 1106 1053 1129 ,
1085 1065 1132 1118 itt
1154 1080 1260 1134 quo
1287 1063 1572 1118 recondita:
1602 1073 1756 1126 sunt,
1783 1063 1978 1132 aliquid

405 1158 512 1228 pati
547 1169 803 1226 poterant.
831 1157 970 1210 Nihil
1017 1171 1143 1225 ergo
1177 1157 1238 1208 iis
1293 1155 1519 1209 antehac
1547 1155 1853 1208 detrimenti
1897 1169 1986 1209 ac-

403 1249 564 1302 cessit
589 1266 601 1301 :
635 1249 857 1317 populus
883 1257 1054 1300 tamen
1085 1258 1266 1302 noster
1295 1263 1398 1300 non
1428 1246 1676 1316 exiguum
1704 1261 1731 1298 a
1756 1247 1871 1300 loco
1891 1245 1987 1299 da-

405 1357 585 1394 nmnm
638 1343 836 1393 ferebat
863 1357 876 1394 :
907 1341 1098 1408 quippe
1137 1340 1226 1408 qui
1247 1339 1494 1393 currebat
1513 1340 1722 1408 quidem
1750 1340 1814 1392 ad
1847 1353 1988 1392 mar-

405 1441 578 1501 tyrutn
629 1433 912 1501 reliquias,
940 1441 994 1484 at
1019 1448 1136 1484 cum
1183 1433 1524 1501 ambiguitate
1567 1441 1622 1485 et
1653 1431 1986 1486 haesitatione

405 1538 589 1589 preces
618 1523 893 1588 offerebat,
922 1524 1058 1592 quod
1087 1533 1390 1577 sanctorum
1421 1524 1663 1591 sepulcra
1693 1524 1982 1592 ignoraret,

403 1625 466 1664 ac
513 1613 598 1665 ubi
645 1613 750 1665 veri
805 1613 876 1665 illi
932 1613 1161 1666 thesauri
1208 1613 1468 1667 reconditi
1495 1623 1694 1667 essent.
1739 1613 1986 1682 Idemque

405 1703 598 1756 factum
616 1713 698 1757 est
718 1705 876 1756 veluti
897 1707 938 1756 si
968 1719 1152 1772 greges
1178 1705 1354 1758 ovium
1377 1705 1586 1758 adducti
1615 1705 1678 1758 ad
1709 1703 1985 1774 perfruen-

411 1793 535 1846 dunt
571 1794 736 1846 alveis
757 1795 928 1860 puris,
957 1795 1042 1861 qui
1069 1835 1083 1859 ,
1115 1794 1201 1848 ubi
1246 1794 1311 1846 ad
1343 1793 1515 1848 fontes
1545 1795 1791 1864 limpidus
1823 1812 1985 1850 vene-

404 1883 542 1944 rint,
578 1891 710 1934 tetro
739 1882 964 1950 quodam
987 1883 1150 1936 odore
1179 1893 1336 1951 atque
1365 1883 1554 1937 [αξιοι-θ
1583 1885 1793 1938 aliunde
1813 1900 1983 1940 comi-

403 1975 485 2028 nis
509 1983 856 2042 erumpente,
907 1975 1096 2028 iterum
1152 1975 1534 2030 inhibeantur:
1585 1976 1655 2030 ita
1700 1985 1753 2031 et
1799 1978 1850 2030 in
1881 1978 1986 2032 isto

402 2068 524 2121 ovili
561 2069 797 2137 coatigit.
857 2069 967 2122 Ibat
1021 2069 1236 2138 quidem
1285 2069 1510 2138 papulas
1565 2069 1630 2122 ad
1673 2085 1831 2138 puros
1861 2072 1984 2127 illos

403 2167 692 2231 martyrum
723 2159 912 2220 footes,
941 2158 1034 2212 sed
1061 2157 1186 2211 dum
1211 2157 1453 2212 fauorem
1477 2158 1844 2213 hazreticorum
1861 2160 1986 2215 inde

401 2253 642 2308 cominus
687 2259 1052 2319 erumpentem
1082 2251 1337 2316 sentiret,
1393 2261 1586 2304 iterum
1625 2251 1978 2306 inhibebatur.

337 2321 346 2332 ’
402 2343 553 2411 Quod
576 2343 790 2412 quidem
839 2341 1172 2409 conspiciens
1226 2340 1453 2409 prudens
1478 2341 1568 2396 hic
1611 2349 1792 2410 pastor
1825 2352 1982 2412 atque

399 2435 669 2504 magister,
689 2442 875 2488 cuncta
895 2431 957 2484 ad
975 2431 1224 2486 Ecclesia:
1247 2431 1646 2486 aediﬁcationem
1671 2433 1982 2502 disponens,

402 2541 506 2581 non
547 2537 628 2580 est
675 2539 860 2597 passus
887 2523 975 2577 diu
1027 2524 1126 2578 hoc
1175 2525 1426 2578 damnum
1468 2539 1564 2593 pro
1613 2525 1714 2578 levi
1760 2525 1978 2592 haberi,

401 2616 613 2671 fervens
659 2617 744 2670 hic
771 2625 978 2670 amator
1017 2623 1072 2668 et
1099 2615 1378 2668 aemulator
1407 2625 1700 2686 martyrum
1749 2617 1847 2686 (α).
1877 2616 1982 2672 Sed

399 2709 522 2778 quid
552 2709 696 2779 agit?
727 2711 958 2778 Aspicite
985 2708 1295 2776 sapientiam
1337 2708 1453 2778 ejus
1483 2726 1496 2762 :
1527 2709 1736 2763 turbida
1766 2711 1978 2779 quidem

400 2817 464 2855 ac
491 2801 668 2856 ftetida
709 2802 904 2856 fluenta
935 2800 1146 2864 obruit,
1193 2809 1351 2869 atque
1374 2801 1638 2856 obstruxit
1677 2801 1930 2856 deorsum
1963 2820 1978 2856 :

402 2908 564 2962 puros
584 2903 758 2948 autem
785 2903 1076 2965 martyrum
1105 2891 1277 2948 fontes
1305 2908 1544 2948 seorsum
1573 2895 1623 2948 in
1659 2909 1794 2964 puro
1821 2891 1978 2950 mun-

399 2984 575 3054 doque
621 2985 736 3040 loco
781 2985 1080 3039 collocavit.
1129 2983 1472 3038 Considerate
1519 2985 1680 3040 etiam
1724 2995 1976 3056 quantam

401 3089 525 3144 erga
557 3079 660 3128 vita
689 3074 892 3129 functos
923 3074 1223 3130 exhibuerit
1245 3073 1646 3139 humanitatem,
1677 3085 1836 3146 atque
1852 3092 1978 3148 erga

401 3175 662 3236 martyres
691 3165 943 3220 honorem
966 3207 981 3232 ,
1007 3175 1060 3220 et
1089 3167 1137 3220 in
1169 3165 1418 3236 populum
1445 3181 1648 3220 curam.
1675 3168 1811 3238 Erga
1835 3184 1979 3224 mor-

402 3265 523 3310 tuos
551 3257 762 3326 quidem
807 3257 1218 3321 humanitatem,
1251 3257 1390 3326 quod
1419 3273 1512 3312 eos
1544 3258 1661 3312 loco
1711 3275 1816 3314 non
1858 3275 1976 3314 mo-

401 3348 557 3412 verit,
579 3347 672 3402 sed
693 3348 781 3402 ubi
810 3356 982 3414 erant,
1005 3347 1084 3410 ibi
1111 3349 1414 3417 reliquerit;
1443 3363 1567 3418 erga
1593 3360 1854 3420 martyres
1880 3367 1976 3404 au-

401 3447 508 3493 tem
538 3438 792 3493 honorem
813 3479 828 3503 ,
862 3453 954 3492 eos
995 3438 1062 3491 ab
1101 3437 1338 3507 improba
1367 3438 1635 3494 vicinitate
1684 3442 1924 3496 eximens
1955 3460 1971 3496 :

399 3542 525 3597 erga
573 3529 820 3597 populum
849 3543 974 3583 vero
1004 3544 1184 3582 curam
1211 3539 1368 3597 atque
1395 3529 1803 3586 sollicitudinem
1825 3573 1839 3597 ,
1871 3549 1974 3588 non

403 3620 710 3688 permittens
732 3635 824 3676 eos
861 3621 1086 3690 amplius
1101 3636 1219 3676 cum
1238 3620 1546 3676 discrimine
1568 3631 1623 3677 et
1643 3623 1975 3681 bmsitatione

397 3725 521 3768 suas
547 3727 731 3782 preces
758 3713 1002 3769 fundere.

467 3805 646 3874 Angeli
664 3805 848 3859 adsunt
868 3806 920 3858 in
947 3807 1154 3860 ecclesia
1177 3817 1223 3860 et
1253 3807 1450 3878 ubique.
1475 3839 1542 3848 —
1563 3808 1852 3876 Propterea
1879 3825 1975 3864 vos

396 3893 500 3948 huc
519 3895 867 3962 adduximus,
897 3905 955 3950 ut
981 3897 1234 3952 illustrior
1261 3907 1554 3953 conventus
1586 3901 1768 3966 lieret,
1797 3901 1977 3970 splen-

394 3984 672 4055 didiusque
697 3988 1054 4055 spectaculum
1095 4004 1200 4043 non
1247 3989 1517 4044 hominum
1544 3991 1754 4057 solum,
1801 3994 1895 4048 sed
1922 4003 1975 4048 et

388 4073 687 4146 martyrum
719 4077 1063 4132 collectorum
1086 4120 1102 4145 ,
1135 4095 1306 4149 neque
1333 4090 1628 4152 martyrum
1657 4083 1930 4138 dumtaxat
1955 4123 1970 4148 ,

393 4179 574 4221 verum
606 4168 765 4222 etiam
794 4170 1126 4238 angelorum.
1163 4171 1370 4226 Etenim
1398 4184 1454 4228 et
1482 4175 1654 4245 angeli
1681 4186 1974 4244 praesentes

392 4265 549 4320 sunt,
577 4258 884 4325 angelorum
913 4267 969 4312 et
1012 4270 1304 4330 martyrum
1354 4279 1644 4319 concursus
1686 4266 1742 4318 fit
1793 4265 1968 4320 hodie.

397 4347 588 4400 Videre
636 4349 786 4416 cupis
836 4349 1051 4418 angelos
1101 4353 1298 4418 pariter
1345 4369 1406 4408 ac
1461 4357 1759 4425 martyres?
1811 4355 1970 4424 Aperi

391 4441 574 4493 oculos
601 4439 718 4494 fidei
747 4451 800 4494 et
834 4457 1024 4496 cernes
1052 4447 1416 4511 spectaculum
1451 4447 1596 4500 illud.
1627 4447 1757 4500 Nam
1786 4449 1829 4502 si
1859 4453 1974 4502 oni-

390 4533 472 4586 nis
499 4547 592 4586 aer
611 4533 810 4604 angelis
838 4535 1069 4602 repletus
1093 4537 1196 4601 sit,
1225 4548 1423 4606 quanto
1443 4539 1670 4606 amplius
1693 4540 1919 4594 ecclesia
1953 4558 1967 4596 :

390 4624 434 4675 si
483 4638 609 4676 vero
647 4623 909 4690 ecclesia,
937 4637 1140 4708 quanto,
1175 4629 1344 4697 magis
1390 4629 1504 4683 dies
1536 4629 1645 4698 jam
1696 4645 1968 4699 prtesens,

391 4713 602 4782 quando
643 4731 828 4768 eorum
861 4725 1161 4786 assumptus
1189 4727 1271 4772 est
1301 4718 1590 4773 Dominus?
1619 4719 1767 4786 Quod
1792 4731 1969 4776 autem

393 4806 568 4859 (innuis
599 4822 692 4860 aer
717 4807 920 4874 angelis
965 4809 1034 4861 sit
1072 4811 1326 4878 repletus,
1355 4811 1475 4865 andi
1523 4812 1648 4880 quid
1671 4814 1812 4868 dicat
1832 4816 1971 4883 Apo-

385 4899 586 4961 stolus,
629 4900 922 4954 admonens
960 4901 1241 4966 mulieres,
1297 4911 1354 4956 ut
1391 4903 1565 4957 velato
1603 4904 1712 4956 sint
1755 4907 1964 4974 capite:

385 4989 581 5040 Debent
611 4991 750 5042 enim
773 5029 788 5055 ,
817 4990 988 5060 inquit
1015 5031 1029 5054 ,
1075 4993 1306 5046 mulieres
1333 4994 1554 5047 velamen
1603 4995 1781 5048 habere
1809 5013 1966 5064 supra

382 5091 534 5148 caput
563 5098 710 5134 suum
730 5123 744 5146 ,
777 5093 980 5152 propter
998 5085 1202 5154 angelos
1231 5083 1305 5155 (Ι.
1335 5085 1451 5139 Cor.
1488 5087 1573 5139 Η.
1601 5087 1711 5156 10).
1739 5088 1966 5143 Rursus-

381 5187 484 5240 que
501 5171 662 5226 Jacob
691 5191 703 5224 :
733 5174 953 5243 Angelus
977 5175 1059 5243 qui
1089 5177 1217 5228 eruit
1239 5192 1316 5228 me
1343 5194 1372 5227 a
1393 5177 1654 5246 juventute
1674 5195 1782 5231 mea
1811 5178 1960 5249 (Gen.

391 5265 476 5317 48.
519 5263 628 5331 l6).
669 5264 730 5316 Et
756 5265 842 5331 qui
893 5264 944 5317 in
999 5267 1158 5318 domo
1205 5281 1324 5320 cum
1361 5269 1616 5336 apostolis
1658 5279 1843 5336 erant,
1897 5271 1964 5324 ad

391 5354 611 5410 Rhodon
634 5357 856 5426 puellam
872 5357 1118 5412 dicebant
1134 5377 1146 5413 :
1165 5360 1385 5430 Angelus
1399 5363 1507 5430 ejus
1523 5373 1592 5415 est
1606 5362 1738 5432 (Act.
1755 5364 1836 5417 19..
1856 5365 1960 5434 15).

389 5447 678 5500 Aciterum
731 5447 944 5502 Jacob:
993 5447 1151 5516 Vidi,
1209 5449 1410 5520 inquit,
1457 5465 1621 5508 castra
1671 5457 1964 5526 angelorum

383 5535 536 5602 (Gen.
572 5537 670 5592 62.
703 5537 784 5606 2).
813 5538 916 5592 Sed
957 5554 1208 5607 quorsum
1235 5543 1542 5611 angelorum
1575 5555 1744 5602 castra
1777 5562 1838 5602 ac
1865 5563 1952 5603 co-

449 5735 520 5792 (a)
554 5741 621 5782 ne
643 5733 863 5785 Flaviano
882 5739 1061 5802 Episcol
1077 5753 1105 5787 ο
1129 5739 1354 5804 loquitur.

1107 309 1166 368 S.
1207 308 1488 366 JOANNIS
1523 305 1996 364 CIIRYSOSTOMI
2033 306 2355 364 ARCHIEP.
2395 309 2932 367 CONSTANTINOP.

3565 300 3672 360 4H

2093 421 2206 490 pias
2239 437 2399 490 super
2434 433 2628 478 terram
2659 425 2824 478 vidit?
2851 423 2998 478 Sicut
3027 439 3120 478 rex
3141 422 3292 492 jubet
3318 439 3409 492 per
3439 422 3674 493 singulas

2088 511 2330 568 civitates
2354 529 2477 568 suas
2505 515 2702 570 milites
2729 515 2935 584 disponi
2959 558 2970 577 ,
3020 531 3085 568 ne
3106 531 3264 582 grave
3293 514 3510 584 aliquod
3555 515 3672 570 bel-

2089 601 2196 654 lum
2229 604 2507 658 imminens
2533 605 2920 659 incursionibus
2949 605 3162 658 infestet
3190 620 3281 659 cas
3315 617 3330 662 ζ
3355 607 3428 658 ita
3451 615 3505 658 et
3537 605 3674 660 Dens

2089 694 2422 748 daunouibus
2447 697 2497 749 in
2526 711 2650 751 acre
2685 697 2811 760 isto,
2847 697 3084 750 barbaris
3113 709 3269 765 atque
3317 697 3636 752 immanibus
3657 738 3672 760 ,

2088 802 2300 855 semper
2325 789 2464 842 bella
2503 791 2878 844 suscitantibus
2899 831 2912 854 ,
2944 791 3194 858 pacisque
3223 790 3450 842 inimicis
3469 829 3484 854 ,
3509 806 3674 858 ange-

2087 879 2258 932 lorum
2297 889 2470 934 castra
2509 882 2756 950 Opponit,
2803 891 2856 935 ut
2895 881 3019 936 dum
3058 882 3139 935 vel
3167 889 3424 950 apparent
3460 881 3631 936 solum
3655 921 3673 946 ,

2089 968 2230 1036 ipsos
2257 971 2580 1038 reprimant,
2617 972 2874 1040 nobisque
2915 987 3094 1040 pacem
3145 981 3452 1040 perpetuam
3493 972 3674 1026 conci-

2089 1058 2236 1112 lient.
2261 1060 2432 1128 Atque
2454 1069 2510 1112 ut
2535 1061 2708 1114 discas
2737 1062 2953 1131 angelos
2977 1063 3120 1130 pacis
3143 1077 3260 1114 esse
3281 1103 3296 1125 ,
3327 1061 3448 1114 andi
3474 1062 3524 1114 in
3552 1077 3676 1130 pre-

2089 1149 2386 1203 cationibus
2417 1149 2670 1204 diaconos
2699 1167 2911 1220 semper
2945 1153 3182 1205 dicentes
3211 1169 3223 1204 :
3259 1152 3505 1221 Angelum
3534 1155 3673 1222 pacis

2087 1249 2262 1308 rogate
2287 1241 2386 1310 (α).
2421 1241 2578 1295 Vides
2626 1243 2842 1311 angelos
2884 1244 3071 1296 adesse
3111 1250 3163 1296 et
3207 1242 3507 1312 martyres?
3535 1242 3672 1310 Quid

2089 1330 2246 1398 igitur
2293 1333 2651 1386 miserabilius
2679 1333 2777 1396 iis,
2807 1333 2894 1401 qui
2925 1348 2984 1387 se
3021 1349 3050 1386 a
3101 1343 3364 1388 conventu
3413 1333 3676 1388 hodierno

2089 1425 2501 1478 abstraxerunt?
2523 1432 2576 1479 et
2603 1426 2726 1495 quid
2743 1427 2947 1480 beatius
2977 1428 3128 1481 nobis
3153 1428 3240 1496 qui
3263 1427 3594 1494 advenimus,
3616 1438 3674 1482 et

2089 1517 2398 1572 celebritate
2427 1519 2522 1570 ista
2553 1517 2906 1586 perfruimur?
2931 1518 3192 1572 Carternm
3225 1520 3307 1572 isti
3333 1519 3402 1574 de
3429 1520 3630 1588 angelis
3653 1521 3670 1551 ¹

2091 1623 2368 1664 sermones
2405 1609 2455 1662 in
2483 1610 2624 1663 aliud
2655 1610 2808 1664 nobis
2839 1621 3045 1679 tempus
3089 1609 3376 1664 referendi.
3400 1610 3519 1665 .Iam
3543 1625 3672 1666 vero

2090 1699 2158 1752 ad
2185 1700 2478 1754 institutum
2510 1703 2784 1769 praesentis
2815 1701 2933 1757 fesd
2957 1711 3304 1756 revertamur.

2159 1789 2214 1844 2.
2268 1791 2397 1857 Quae
2432 1793 2590 1862 igitur
2629 1808 2862 1862 praesens
2890 1803 2972 1847 est
3005 1794 3101 1848 ista
3139 1794 3461 1848 celebritas?
3493 1793 3664 1850 Vene-

2088 1883 2254 1937 randa
2285 1885 2464 1953 utique
2492 1895 2544 1937 et
2575 1900 2784 1952 magna,
2813 1886 3106 1948 carissime,
3145 1901 3466 1956 sensumque
3497 1902 3561 1942 ac
3587 1888 3671 1942 in—

2090 1975 2353 2029 tellectum
2391 1991 2602 2029 omnem
2632 1976 2916 2030 humanum
2951 1977 3232 2044 excedens,
3281 1978 3474 2047 Deique
3501 1981 3673 2033 muni-

2089 2065 2324 2133 licentia,
2347 2068 2434 2136 qui
2463 2067 2606 2120 illam
2631 2068 2772 2135 fecit,
2808 2068 2983 2138 digna.
3015 2069 3183 2124 Hodie
3212 2071 3350 2124 enim
3383 2069 3680 2124 humanum

2087 2174 2254 2228 genus
2275 2147 2671 2214 reconciliatum
2692 2169 2774 2214 est
2791 2161 2899 2215 Deo
2925 2179 2935 2214 :
2959 2161 3116 2215 hodie
3134 2162 3381 2216 diuturna
3404 2163 3680 2230 simultas,

2089 2249 2408 2320 longumque
2435 2250 2629 2304 bellum
2661 2251 2891 2306 deletum
2929 2262 3009 2306 est
3035 2262 3194 2322 atque
3228 2253 3488 2306 sublatum
3521 2271 3533 2306 :
3566 2254 3670 2308 ho—

2086 2341 2174 2396 die
2202 2359 2297 2412 pax
2325 2343 2564 2414 quaedam
2607 2343 2759 2400 nobis
2788 2345 3114 2400 admirabilis
3145 2346 3338 2410 rediit,
3369 2363 3470 2401 non
3516 2355 3682 2401 antea:

2087 2449 2335 2502 umquam
2355 2445 2677 2504 exspectata.
2696 2437 2825 2504 Quis
2841 2437 2980 2490 enim
2996 2448 3263 2506 sperasset
3290 2437 3424 2504 fore,
3453 2449 3510 2492 ut
3532 2439 3680 2492 Deus

2087 2525 2286 2580 homini
2327 2528 2802 2582 reconciliarctur?
2834 2544 2936 2582 non
2967 2529 3106 2599 quod
3129 2529 3450 2583 inhumanus
3475 2529 3544 2584 sit
3571 2530 3672 2585 Do-

2049 2691 2054 2696 _
2085 2618 2280 2683 minus,
2307 2619 2399 2672 sed
2437 2619 2558 2688 quia
2587 2619 2767 2689 segnis
2801 2619 3032 2674 famulus
3061 2629 3116 2676 et
3150 2623 3325 2684 iners;
3375 2636 3479 2675 non
3526 2623 3678 2690 quod

2085 2703 2314 2763 crudelis
2329 2723 2390 2763 ac
2420 2725 2596 2764 saevus
2611 2710 2884 2776 Dominus,
2911 2711 3006 2765 sed
3028 2712 3146 2780 quia
3174 2726 3366 2765 servus
3384 2721 3672 2766 contumax.

2084 2809 2243 2869 atque
2270 2801 2524 2869 ingratus.
2553 2801 2643 2855 Vis
2665 2803 2894 2867 discere,
2924 2819 3028 2871 quo
3051 2811 3204 2872 pacto
3228 2803 3678 2872 benignissimum

2085 2890 2224 2945 hunc
2251 2901 2410 2960 atque
2437 2893 2766 2946 lenissimum
2807 2893 3087 2947 Dominum
3121 2901 3357 2947 nostrum
3385 2894 3670 2948 exacerba-

2083 2984 2319 3038 vcrimus
2339 2983 2362 3036 ?
2385 2984 2617 3054 Equum
2667 2999 2892 3054 namque
2921 2995 3003 3039 est
3033 2985 3222 3052 prioris
3251 2993 3442 3037 nostra:
3477 2985 3679 3039 simul-’

2084 3077 2204 3128 tatis
2243 3088 2562 3142 cognOseere
2603 3073 3042 3140 fundamentum,
3078 3085 3131 3128 ut
3154 3075 3367 3143 quando
3395 3077 3672 3143 aspexeris

2083 3173 2181 3211 nos
2207 3157 2447 3212 inimicos
2473 3167 2527 3212 et
2555 3158 2735 3212 hostes
2779 3161 2982 3214 honore
3013 3159 3251 3225 affectos,
3285 3159 3447 3228 ipsius
3493 3169 3665 3212 nono-

2081 3249 2250 3302 rantis
2291 3249 2574 3304 admireris
2611 3249 3016 3318 benignitatem,
3055 3265 3122 3302 ne
3155 3265 3222 3302 ex
3269 3251 3500 3318 propriis
3526 3259 3668 3303 recte

2082 3338 2234 3393 factis
2262 3340 2401 3393 illam
2425 3337 2614 3393 factam
2639 3341 2980 3394 mutationem
3005 3339 3299 3402 arbitreris,
3325 3351 3379 3392 et
3409 3339 3654 3392 beneticii

2081 3431 2436 3486 immensitate
2481 3442 2756 3500 perspecta
2787 3472 2801 3496 ,
2855 3430 2922 3484 de
2971 3431 3330 3499 magnitudine
3385 3445 3676 3485 munerum:

2079 3523 2275 3592 gratias
2315 3523 2386 3576 illi
2433 3538 2592 3592 agere
2623 3539 2725 3576 non
2769 3523 3017 3577 desistas.
3044 3521 3133 3576 Vis
3178 3537 3308 3592 ergo
3349 3537 3510 3576 nosse
3533 3537 3668 3591 quo-

2081 3616 2239 3669 modo
2264 3616 2542 3670 Dominum
2571 3626 2674 3670 tam
2703 3617 2970 3671 liberalem
2995 3659 3008 3681 ,
3043 3627 3406 3678 mansuetum,
3439 3616 3668 3681 bonum,

2080 3710 2360 3778 onmiaque
2388 3709 2453 3762 ad
2475 3710 2699 3764 salutem
2728 3719 2960 3763 nostram
2983 3709 3347 3779 disponentem
3368 3711 3666 3764 exacerba-

2079 3803 2354 3858 verimus'!
2400 3803 2718 3857 Deliberavit
2765 3803 3051 3871 aliquando
3072 3804 3139 3857 de
3187 3803 3432 3856 universo
3481 3812 3676 3856 nostro.

2079 3909 2278 3961 genere
2301 3895 2516 3947 omnino
2542 3893 2769 3947 delendo
2793 3935 2807 3958 ,
2835 3903 2992 3962 atque
3036 3894 3106 3946 ita
3137 3893 3288 3947 nobis
3326 3893 3488 3947 iratus
3529 3903 3664 3956 erat,

2079 3995 2136 4038 ut
2167 3984 2384 4054 perdere
2425 3999 2521 4039 nos
2549 3985 2707 4040 vellet
2733 4001 2853 4040 cum
2882 3985 3133 4048 uxoribus
3161 4001 3222 4039 ac
3244 3985 3453 4051 liberis,
3486 3985 3666 4040 bestiis

2041 4105 2044 4108 ~
2078 4087 2237 4146 atque
2271 4077 2527 4147 jumentis
2552 4119 2568 4144 ,
2615 4088 2812 4133 etcum
2845 4079 3089 4131 universa
3139 4087 3294 4131 terra.
3347 4077 3415 4131 Et
3442 4078 3484 4132 si
3516 4077 3666 4140 velis,

2077 4169 2277 4224 curabo
2303 4177 2360 4223 ut
2385 4170 2550 4238 ipsam
2573 4184 2785 4238 quoque
2813 4170 3129 4223 sententiam
3164 4168 3278 4238 ejus
3299 4169 3484 4223 audias
3515 4185 3529 4224 :
3561 4167 3668 4221 De-

2078 4262 2210 4326 lebo,
2240 4261 2428 4330 inquit,
2457 4261 2706 4314 [continent
2747 4277 2892 4331 quem
2919 4261 3081 4313 creari
3101 4277 3131 4312 a
3157 4260 3288 4328 {acie
3303 4260 3464 4313 onmis
3491 4269 3663 4324 terror,

2077 4365 2124 4406 et
2165 4353 2308 4406 bruta
2345 4353 2588 4405 animalia
2629 4353 2946 4423 etjumenta,
2999 4353 3116 4420 quia
3141 4352 3341 4420 paenitet
3371 4368 3450 4404 me
3493 4350 3680 4421 fecisse-

2077 4443 2328 4496 Iiominem
2358 4441 2509 4514 (Gen.
2544 4442 2596 4497 6.
2621 4443 2709 4512 7).
2747 4444 2815 4498 Et
2839 4453 2896 4497 ut
2934 4443 3107 4497 discas
3137 4457 3382 4497 eumnon
3429 4449 3666 4496 nostram

2075 4533 2254 4588 odisse
2283 4545 2542 4599 naturam,
2585 4533 2678 4588 sed
2727 4535 2980 4588 malitiam
3006 4533 3365 4588 abominatum
3407 4548 3546 4596 esse,
3575 4531 3666 4601 qui

2076 4625 2304 4691 dicebat,
2333 4625 2520 4680 Delebo
2550 4603 2822 4690 hominem,
2846 4643 2990 4694 quem
3015 4626 3178 4680 creari
3206 4625 3256 4678 in
3279 4635 3411 4678 terra
3435 4623 3593 4694 (Ibid.
3613 4641 3662 4676 υ.

2077 4720 2211 4788 15).
2248 4719 2406 4773 etiam
2437 4719 2568 4772 dixit
2596 4719 2794 4772 homini
2821 4737 2833 4772 :
2867 4718 3087 4788 Tempus
3117 4719 3278 4772 omnis
3329 4717 3544 4771 hominis
3573 4735 3660 4770 ve-

2075 4812 2145 4864 nit
2174 4811 2240 4863 ad
2261 4827 2355 4864 me.
2384 4810 2514 4864 Nam
2548 4811 2590 4864 si
2621 4810 2888 4864 hominem
2911 4810 3128 4870 odisset,
3155 4825 3258 4863 non
3291 4825 3412 4863 cum
3443 4809 3662 4863 homine

2073 4905 2230 4958 verba
2255 4904 2470 4959 faceret.
2491 4903 2642 4958 Nunc
2657 4913 2831 4956 autent
2853 4901 3001 4956 vides
3019 4901 3190 4970 ipsum
3213 4901 3445 4955 noluisse
3464 4901 3638 4954 facere
3653 4943 3670 4967 ,

2073 4997 2214 5066 quod
2250 4996 2603 5051 comminatus
2633 4995 2834 5059 fuerat;
2867 4996 2991 5066 quin
3022 5005 3074 5050 et
3105 5009 3314 5050 servum
3351 4993 3661 5056 excusabat,

2073 5105 2136 5142 ac
2163 5103 2282 5140 eum
2321 5103 2407 5152 eo,
2439 5087 2586 5140 velut
2626 5087 2864 5155 ejusdem
2909 5086 3226 5141 conditionis
3273 5085 3466 5148 amico,
3499 5083 3663 5137 verba

2071 5179 2297 5234 faciebat
2327 5179 2600 5243 Dominus,
2635 5195 2928 5248 causasque
2971 5187 3367 5247 snperventnra:
3397 5175 3662 5244 perditio-

2073 5277 2154 5330 nis
2171 5276 2450 5329 cnarrabat
2471 5292 2483 5327 :
2503 5290 2609 5328 non
2629 5275 2842 5344 quidem
2873 5283 2929 5328 ιιι
2957 5287 3143 5328 causas
3163 5271 3330 5326 discat
3362 5270 3548 5333 homo,
3567 5267 3662 5323 sed

2075 5379 2130 5423 ut
2153 5369 2271 5422 aliis
2300 5382 2508 5436 quoque
2533 5381 2623 5420 eas
2655 5365 2928 5422 insinuans
2951 5363 3391 5433 tcmperantiores
3418 5376 3512 5414 eos
3535 5361 3660 5414 red-

2069 5460 2178 5514 dat.
2207 5462 2272 5514 At
2295 5458 2437 5527 quod
2468 5457 2625 5510 modo
2649 5457 2887 5511 dicebam
2928 5500 2944 5520 ,
2973 5457 3040 5510 ita
3070 5455 3210 5508 male
3235 5463 3472 5508 nostrum
3495 5467 3664 5522 genus

2071 5567 2130 5606 se
2156 5553 2372 5618 gerebat
2400 5559 2575 5616 antea,
2597 5559 2654 5603 ut
2675 5548 2962 5618 periculum
2979 5557 3142 5614 esset,
3177 5562 3242 5600 ne
3295 5561 3357 5600 ex
3383 5545 3490 5614 ipsa
3521 5555 3663 5597 terra

2140 5688 2153 5714 '
2191 5691 2326 5744 ηυξ-ς
2348 5683 2409 5732 de
2433 5683 2760 5746 martyribus;
2787 5685 2924 5744 Editi,
2951 5685 3010 5734 de.
3034 5681 3232 5740 anquis.

2139 5753 2209 5808 (tt)
2247 5755 2266 5794 ι
2281 5747 2397 5795 crba
2419 5749 2656 5810 Litttrgize.
