4038 6204
345 260 454 314 «ιίὸ

342 375 539 441 ἔδαφος
580 367 786 425 ἔκειντο
807 386 819 401 ’
859 371 1037 442 πολλῴ
1073 372 1270 443 μᾶλλον
1303 374 1396 428 νῦν
1431 376 1586 428 τοῦτο
1607 379 1778 429 ποιεῖν
1801 375 1926 447 χρὴ,

342 459 436 512 ὅτε
463 457 587 508 καθ’
611 455 838 517 ἑαυτοὺς
864 456 911 506 οἰ
943 458 1296 526 μαργαρῖται,
1324 460 1413 510 ὂτε
1445 472 1468 498 ε
1503 459 1794 529 ἀπηλλάγη
1821 458 1931 511 τῶν

341 543 530 595 λύκων
579 539 648 591 τά
705 538 986 608 πρόϐατα,
1023 541 1111 592 ὅτε
1141 541 1459 612 ἀπέστησαν
1488 543 1594 596 τῶν
1630 543 1839 613 νεκρῶν
1882 544 1930 595 οἱ

344 625 572 689 ζῶντες.
628 623 820 684 Λύτοῖς
854 621 951 691 μὲν
988 623 1096 692 γάρ
1133 624 1253 676 οὐδὲ
1289 625 1394 694 πρὸ
1421 626 1608 678 τούτου
1641 625 1811 696 βλάϐη
1848 642 1931 687 τις

342 705 416 776 ἦν
465 706 572 760 ἀπὸ
613 705 712 774 τῆς
743 707 1028 768 κοινωνίας
1059 706 1158 774 τῆς
1187 707 1328 759 κατά
1349 708 1447 775 τὴν
1477 710 1682 779 ταφήψ
1714 702 1787 761 ὧν
1823 709 1930 777 γὰρ

347 794 417 845 τά
457 789 743 860 πνεύματα
783 790 840 842 ἐν
886 792 999 852 τοῖς
1049 790 1328 863 οὐρανοῖς,
1380 793 1533 846 οὐδὲν
1579 793 1646 847 τὰ
1705 792 1931 862 σώματα

348 877 650 929 ἐϐλάπτετο
681 874 789 925 ἀπὸ
823 877 922 944 τῆς
967 876 1349 941 γειτνιάσεως·
1390 871 1464 930 ὧν
1497 881 1528 948 ή
1576 877 1722 948 ψυχὴ
1770 880 1826 928 ἐν
1862 880 1927 947 τῇ

344 961 494 1031 χειρί
539 957 632 1011 τοῦ
658 956 830 1024 Θεύῦ,
864 957 1015 1010 οὐδὲν
1045 958 1113 1012 τὰ
1158 959 1386 1030 λείψανα
1439 962 1545 1014 ἀπὸ
1588 962 1687 1030 τῆς
1732 959 1931 1024 θέσεως

343 1045 610 1112 ἔπασχεν.
657 1041 850 1105 Αύτοῖς
887 1043 986 1110 μὲν
1035 1039 1130 1096 οὖν
1178 1045 1403 1114 οὐδεμία
1460 1044 1632 1114 βλάϐη
1680 1040 1780 1115 ἦν,
1811 1045 1931 1097 οὐδὲ

344 1126 457 1195 πρὸ
480 1125 703 1178 τούτου·
740 1127 769 1176 6
807 1125 864 1176 δὲ
899 1125 1024 1188 λαδς
1067 1128 1198 1197 ἡμῖν
1228 1128 1286 1180 ού
1321 1127 1418 1198 τὴν
1441 1127 1706 1197 τυχοῦσαν
1730 1126 1930 1196 ζημίαν

345 1208 643 1278 ὑπέμεινεν
673 1207 780 1261 ἀπὸ
814 1207 921 1259 τῶν
953 1209 1155 1271 τόπων,
1191 1209 1398 1281 τρέχων
1431 1213 1526 1280 μὲν
1558 1211 1693 1282 πρὸς
1714 1210 1779 1262 τά
1822 1209 1930 1261 λεί-

340 1293 493 1360 ψανα
519 1291 626 1343 τῶν
660 1290 975 1361 μαρτύρων,
1008 1291 1144 1360 μετά
1169 1291 1225 1344 δὲ
1253 1293 1579 1364 ἀμφιϐολίας
1605 1296 1697 1346 καὶ
1723 1294 1930 1361 διακρί-

344 1392 486 1437 σεως
532 1374 854 1444 ποιούμενος
887 1374 986 1436 τὰς
1013 1375 1177 1445 εύχάς
1217 1376 1302 1429 διά
1330 1377 1391 1428 τὸ
1441 1378 1751 1445 ἀγνοεῖσθαι
1783 1378 1810 1416 1)
1833 1377 1930 1441 τάς

343 1458 520 1526 θήκας
547 1457 657 1509 τῶν
693 1457 895 1524 ἁγίων,
931 1458 1027 1510 καὶ
1075 1457 1174 1510 ποῦ
1230 1461 1437 1512 κεῖνται
1490 1462 1537 1511 οἰ
1593 1459 1852 1530 θησαυροὶ
1881 1461 1930 1511 οἰ

343 1540 611 1608 ἀληθινοί.
644 1540 754 1592 Kal
799 1540 990 1592 ταυτὸν
1023 1541 1265 1607 ἐγίνετο,
1295 1541 1484 1614 ὥσπερ
1532 1542 1596 1596 ἂν
1625 1546 1672 1595 εἰ
1705 1545 1929 1614 ποίμνια

345 1623 637 1692 προϐάτων
678 1623 933 1693 καθαρῶν
977 1623 1284 1677 ἀπολαῦσαι
1325 1626 1556 1696 ῥείθρων
1601 1627 1931 1694 ἐπειγόμενα

342 1709 560 1777 ἔρχοιτο
602 1707 702 1776 μὲν
736 1708 830 1758 ἐπὶ
855 1707 953 1769 τάς
974 1707 1155 1776 πηγὰς
1184 1709 1283 1771 τὰς
1307 1710 1553 1780 καθαρὰς
1577 1750 1590 1772 ,
1628 1709 1845 1779 βρώμου
1874 1709 1931 1761 δέ

345 1792 510 1845 ποθεν
540 1790 774 1860 ἐγγύθεν
809 1791 902 1843 καὶ
948 1790 1207 1855 δυσωδίας
1262 1794 1605 1864 ἐμπεσούσης
1651 1793 1930 1862 ἀναχαιτί-

344 1875 494 1938 ζοιτο
525 1875 687 1926 πάλιν
720 1885 736 1902 ⁸
777 1873 918 1926 οὕτω
951 1875 1044 1927 καὶ
1073 1875 1167 1928 ἐπὶ¹
1190 1875 1287 1945 τῆς
1319 1876 1552 1945 ποίμνης
1579 1877 1780 1946 ταύτης
1810 1891 1930 1926 συν-

347 1959 586 2011 έῢαινεν.
647 1956 895 2020 Ἐὂάδιζε
930 1957 1028 2027 μὲν
1053 1959 1081 2010 6
1101 1957 1228 2020 λαὸς
1258 1959 1393 2029 πρὸς
1423 1959 1518 2021 τὰς
1551 1959 1797 2029 καθαρὰς
1822 1959 1930 2011 τῶν

350 2041 647 2110 μαρτύρων
681 2041 866 2111 πηγάς
887 2059 899 2071 ·
937 2041 1322 2110 αἰσθανόμενος
1347 2040 1402 2094 δὲ
1435 2041 1694 2104 δυσωδίας
1727 2043 1931 2111 αἱρετι-

351 2123 462 2191 κῆς
492 2123 712 2191 ἐγγύθεν
766 2123 1024 2194 άνιούσης
1050 2164 1065 2187 ,
1121 2125 1490 2194 ἀνεχαιτίξετο
1537 2125 1718 2176 πάλιν.
1753 2125 1928 2193 Ὅπερ

352 2201 448 2258 οὗν
490 2205 739 2268 συνειδὼς
771 2209 800 2259 ό
838 2207 1000 2275 σοφὸς
1033 2199 1187 2270 οὗτος
1217 2207 1420 2278 ποιμὴν
1466 2208 1558 2260 καὶ
1583 2207 1758 2270 κοινὸς
1787 2208 1930 2260 διδά-

350 2289 580 2353 σκαλος,
629 2291 658 2342 6
711 2291 890 2343 πάντα
942 2290 1076 2358 πρὸς
1119 2291 1407 2359 οἰκοδομὴν
1454 2291 1551 2360 τῆς
1608 2290 1930 2359 Ἐκκλησίας

348 2371 500 2443 1448]
527 2374 828 2442 οἰκονομῶν
851 2413 864 2435 ,
896 2373 994 2424 οὐκ
1023 2373 1284 2443 ἠνέσχετο
1313 2375 1470 2445 μέχρι
1503 2372 1697 2426 πολλοῦ
1728 2373 1931 2443 ταύτην

346 2455 445 2526 τὴν
468 2455 674 2525 ζημίαν
701 2457 961 2527 περιιδεῖν
983 2449 1138 2519 οὗτος
1173 2460 1199 2509 6
1229 2457 1429 2527 θερμὸς
1460 2457 1693 2528 ἐραστὴς
1726 2459 1819 2510 καὶ
1848 2459 1934 2527 ζηο

345 2540 525 2610 λωτὴς
547 2539 656 2592 τῶν
688 2540 1001 2611 μαρτύρων.
1047 2539 1203 2592 Ἀλλά
1234 2540 1285 2592 τί
1319 2543 1498 2605 ποιεῖς
1526 2541 1802 2594 Θεάσασθε
1834 2543 1933 2612 τὴν

348 2624 563 2692 σοφίαν
621 2623 691 2676 τά
738 2625 835 2693 μὲν
887 2624 1080 2694 θολερά
1115 2624 1207 2676 καὶ
1241 2623 1449 2695 δυσώδη
1494 2624 1742 2694 ῥεύματα
1812 2642 1935 2676 κατ⁴

349 2706 522 2775 έχωσε
549 2706 647 2759 καὶ
672 2707 952 2778 ἀπέφραξε
985 2709 1154 2770 κάτω,
1182 2707 1281 2770 τὰς
1301 2707 1357 2760 δὲ
1383 2707 1630 2778 καθαρὰς
1649 2707 1756 2760 τῶν
1794 2726 1934 2780 μαρ-

348 2788 534 2858 τύρων
564 2787 746 2858 πηγάς
766 2793 822 2842 ἐν
852 2789 1077 2861 καθαρῷ
1114 2790 1297 2860 χωρίῳ
1319 2789 1638 2860 κατέστησε.
1677 2792 1785 2843 Kal
1820 2809 1935 2844 σκο-

350 2875 507 2924 πεῖτε
551 2873 686 2942 ὅσην
713 2873 806 2925 καὶ
833 2875 962 2943 περί
993 2875 1117 2935 τοὺς
1161 2873 1581 2942 κατοιχομένους
1622 2874 1721 2943 τὴν
1756 2874 1936 2942 φιλαν-

347 2955 604 3025 θρωπίαν
652 2956 992 3020 ἐπεδείξατο,
1035 2955 1128 3008 καὶ¹
1175 2955 1305 3024 περὶ
1349 2956 1475 3017 τοὺς
1508 2956 1791 3027 μάρτυρας
1835 2959 1933 3028 τὴν

349 3037 519 3109 τιμὴν
543 3078 559 3100 ,
593 3040 689 3092 καὶ
718 3041 847 3110 περὶ
878 3040 970 3093 τὸν
999 3039 1126 3094 λαὸν
1159 3038 1259 3110 τὴν
1288 3039 1630 3109 κηδεμονίαν.
1665 3043 1798 3112 Περὶ
1834 3045 1932 3114 μὲν

348 3123 480 3184 τοὺς
525 3122 950 3192 κατοιχομένους
999 3120 1408 3193 φιλανθρωπίαν
1449 3123 1796 3189 ἐπεδείξατο,
1859 3127 1934 3198 μὴ

352 3205 584 3275 κινήσας
622 3205 804 3258 αὐτῶν
835 3205 904 3258 τὰ
934 3205 1084 3270 ὀστᾶ,
1114 3205 1228 3258 ἀλλ’
1259 3206 1416 3274 ἀφεὶς
1449 3207 1541 3259 ἐπὶ
1589 3207 1683 3260 τοῦ
1712 3208 1877 3262 τόπου
1907 3220 1930 3248 ο

354 3286 541 3356 μένειν
567 3305 578 3317 ⁸
611 3288 742 3358 περὶ
786 3289 842 3341 δὲ
884 3290 1010 3352 τοὺς
1060 3289 1344 3360 μάρτυρας
1371 3289 1536 3360 τιμὴν
1559 3331 1574 3356 ,
1621 3291 1934 3356 ἀπαλλάξας

353 3371 553 3433 αὐτοὺς
583 3371 680 3423 τοῦ
708 3371 945 3442 πονηροῦ
983 3373 1196 3442 γειτονή
1207 3388 1372 3440 ματος
1391 3388 1406 3402 ο
1441 3372 1568 3442 περὶ
1604 3372 1659 3425 δέ
1690 3373 1781 3426 τὸν
1808 3373 1934 3428 λαὸν

354 3453 708 3522 κηδεμονίαν,
732 3455 831 3507 οὐκ
858 3456 1016 3524 ἀφεὶς
1043 3455 1240 3517 αὐτοὺς
1273 3453 1411 3524 μετά
1430 3452 1755 3526 διακρίσεως
1775 3460 1938 3510 ποιεῖ-

357 3537 476 3590 σθαι
503 3537 604 3600 τάς
634 3538 820 3607 εὐχάς.

425 3621 523 3674 Διά
544 3620 720 3672 ταῦτα
747 3621 891 3690 ὑμᾶς
912 3619 1142 3674 ἐνταῦθα
1171 3619 1450 3690 ἠγάγομεν
1469 3619 1520 3686 ά,
1549 3621 1634 3674 ἵνα
1663 3623 1937 3694 φαιδρότε-

360 3721 449 3773 ρος
470 3705 498 3755 ό
525 3702 784 3772 σύλλογος
811 3703 1054 3774 γένηται,
1089 3705 1173 3757 ἴνα
1200 3703 1577 3775 λαμπρότερον
1599 3707 1659 3759 τὸ
1687 3707 1932 3778 θέατρον,

357 3787 474 3854 οὐχὶ
521 3785 830 3856 ἀνθρώπων
862 3787 1040 3856 μόνον,
1070 3786 1205 3839 ἀλλά
1240 3790 1328 3840 καὶ
1369 3788 1660 3860 μαρτύρων
1693 3791 1938 3860 συλλεγο-

363 3869 567 3936 μένωψ
608 3870 731 3938 οὐχὶ
769 3869 1063 3940 μαρτύρων
1111 3871 1304 3940 μόνον,
1344 3871 1479 3926 ἀλλά
1530 3875 1622 3926 καὶ
1664 3874 1930 3942 ἀγγέλων.

361 3953 474 4003 Kal
500 3952 610 4021 γὰρ
631 3954 724 4004 καὶ
753 3953 974 4021 ἄγγελοι
1005 3955 1256 4022 πάρεισιν
1279 3991 1295 4016 ,
1335 3954 1580 4021 ἀγγέλων
1607 3958 1700 4010 καὶ
1740 3962 1937 4029 μαρτύ-

367 4051 480 4103 ρων
515 4040 551 4108 ὴ
589 4035 798 4101 σύνοδος
838 4038 1028 4106 γέγονε
1071 4038 1331 4108 σήμερον.
1382 4040 1493 4092 Καὶ
1526 4039 1573 4091 εί
1606 4040 1782 4110 βούλει
1811 4046 1936 4099 ίδεῖν

365 4120 460 4172 καὶ
509 4120 788 4192 μάρτυρας
815 4123 910 4174 καὶ⁵
958 4121 1252 4189 ἀγγέλους,
1293 4122 1499 4188 ἄνοιξον
1555 4124 1655 4195 τῆς
1705 4127 1938 4193 πίστεως

359 4204 486 4265 τοὺς
506 4203 848 4273 ὀφθαλμοὺς,
882 4205 975 4258 καὶ
994 4204 1112 4274 ὄψει
1143 4204 1202 4256 τὸ
1232 4204 1457 4276 θέατρον
1493 4209 1668 4261 ἐκεῖνο
1694 4226 1709 4240 ·
1753 4211 1800 4262 εἰ
1829 4212 1937 4282 γάρ

360 4302 475 4348 πως
525 4289 554 4338 6
599 4287 706 4357 ἀὴρ
738 4286 986 4355 ἀγγέλων
1019 4287 1434 4356 ἐμπέπλησται,
1465 4289 1644 4360 πολλῷ
1676 4293 1874 4361 μᾶλλον
1902 4299 1934 4365 ἡ

360 4368 657 4439 ἐκκλησία⁸
689 4372 736 4422 εἰ
768 4370 824 4422 δέ
875 4371 1157 4441 ἐκκλησία,
1194 4373 1372 4443 πολλῷ
1402 4375 1600 4444 μᾶλλον
1627 4378 1659 4448 ή
1695 4377 1939 4448 παροῦσα

359 4451 574 4520 ἡμέρα,
621 4452 709 4504 ὅτε
756 4453 784 4505 6
812 4453 1087 4524 Δεσπότης
1119 4457 1296 4509 αὐτῶν
1328 4457 1782 4527 ἀναλαμϐάνεται.
1816 4461 1939 4513 Ὅτι

357 4536 468 4603 γὰρ
504 4535 653 4595 ἄπας
684 4539 712 4587 6
744 4536 851 4606 ἀὴρ
879 4536 1122 4604 ἀγγέλων
1161 4539 1578 4610 ἐμπέπλησται,
1631 4542 1858 4595 ἄκουσον
1887 4545 1939 4596 τί

357 4634 526 4686 φησιν
557 4619 586 4669 6
623 4617 971 4680 Ἀπόστολος,
1027 4622 1299 4689 ἐντρέπων
1340 4622 1437 4686 τὰς
1486 4627 1747 4691 γυναῖκας
1799 4625 1938 4679 ὥστε

355 4702 505 4768 ἔχειν
535 4699 802 4771 κάλυμμα
856 4704 948 4755 ἐπὶ
993 4704 1094 4771 τῆς
1135 4705 1404 4774 κεφαλῆς
1455 4707 1830 4775 ὐφείλουσιν
1881 4714 1940 4764 αἱ

357 4787 648 4854 γυναῖκες
696 4788 986 4851 ἐξουσίαν
1044 4791 1207 4859 ἐχειν
1252 4793 1349 4845 ἐπὶ
1389 4792 1500 4862 τῆς
1533 4795 1804 4864 κεφαλῆς
1846 4797 1942 4852 διὰ

357 4873 502 4938 τοὺς
533 4873 850 4943 ἀγγέλους.
901 4877 1008 4929 Kal
1038 4879 1200 4931 πάλιν
1238 4880 1266 4931 6
1308 4879 1500 4932 Ἰακὼϐ
1520 4923 1533 4946 ,
1585 4883 1639 4933 '0
1667 4883 1938 4953 ἄγγελος,

361 4957 530 5024 φησὶν
549 4999 564 5019 ,
597 4961 631 5010 ὀ
673 4959 971 5026 ρυόμενός
999 4976 1076 5027 με
1107 4962 1176 5013 ἐκ
1203 4963 1485 5029 νεότητός
1505 4983 1646 5033 μου.
1676 4968 1784 5020 Kal
1811 4971 1858 5021 οἱ
1885 4971 1941 5021 ἐν

356 5042 426 5122 τῇ
465 5041 614 5122 οἰκίᾳ
666 5040 720 5093 δὲ
776 5043 913 5110 μετά
956 5042 1064 5094 τῶν
1111 5044 1422 5116 ἀποστόλων
1461 5047 1612 5111 ὅντες
1666 5050 1802 5120 πρὸς
1843 5051 1941 5122 τὴν

371 5120 563 5190 Ῥόδην
595 5122 779 5191 ἔλεγον
801 5141 814 5152 ο
864 5125 918 5175 '0
947 5125 1199 5193 ἄγγελος
1234 5127 1420 5181 αὐτοῦ
1451 5129 1581 5182 ἐστι
1601 5147 1616 5162 ο
1657 5133 1751 5184 καὶ
1784 5120 1942 5188 πάλιν

358 5203 390 5254 6
436 5202 630 5256 Ἰακώὸ
654 5245 668 5267 ,
697 5203 895 5265 Εἶδον,
924 5207 1076 5276 φησὶ,
1111 5210 1498 5277 παρεμϐολὴν
1523 5213 1811 5282 ἀγγέλων.
1834 5218 1942 5270 Kal

360 5286 507 5349 τίνος
531 5287 715 5339 ἕνεκεν
746 5288 1093 5360 παρεμϐολὴν
1119 5291 1362 5360 ἀγγέλων
1394 5288 1532 5347 εἶδεν
1576 5299 1666 5350 ἐπὶ
1713 5299 1808 5369 τῆς
1839 5300 1942 5369 γῆς

430 5491 454 5555 _‘
480 5492 601 5555 Brg.
627 5493 656 5539 5
678 5495 956 5555 μαργαρῖται
975 5496 1150 5544 κεῖνται
1174 5498 1269 5546 ὅτε.

428 5551 457 5618 13
479 5554 598 5618 δοες,
630 5556 659 5602 3
682 5551 879 5618 ἀγνοεῖν.
1266 5576 1270 5580 ‘

432 5615 455 5681 ξ
483 5613 622 5681 [15-in
645 5613 744 5664 (Ιιιὸ
766 5619 841 5666 ἐπὶ
861 5621 931 5681 τῷ
952 5620 1107 5681 τόπῳ.

427 5672 455 5713 «ι
481 5672 700 5727 Sidam-3.
719 5685 875 5742 recte,
902 5672 1047 5744 ﬁntque
1063 5672 1136 5730 'ila
1161 5681 1286 5745 legit
1306 5685 1572 5750 interpres.
1591 5684 1720 5735 Editi
1746 5688 1934 5750 ἤγαγεν.

1339 262 1405 316 ΙΝ
1446 257 1924 317 ASCENSIONEM
1961 257 2024 311 Ι).
2065 256 2129 311 ΙΝ.
2170 257 2333 313 JESU
2377 258 2674 314 CHRISTI.

3497 265 3601 318 ιιι

2038 374 2130 426 καὶ
2158 376 2446 444 στρατιάν;
2477 375 2739 444 Καθάπερ
2764 373 3013 444 βασιλεὺς
3043 373 3249 427 κελεύει
3281 374 3351 428 τὰ
3381 383 3602 442 στρατό-

2035 457 2170 508 πεδα
2196 459 2252 509 ἐν
2279 460 2534 522 ἑκάσταις
2566 457 2887 523 καθέζεσθαι
2917 457 3122 520 πόλεσι,
3161 459 3367 526 μήποτε
3403 458 3603 530 βαρϐα-

2038 540 2186 608 ρικὸς
2232 541 2462 610 πόλεμος
2514 542 2821 601 ἐπαναστάς
2867 541 3187 611 καταδράμῃ
3237 540 3336 602 τὰς
3390 542 3600 606 πόλεις·

2032 623 2170 675 οὕτω
2197 623 2258 694 δὴ
2290 625 2382 676 καὶ
2412 626 2439 676 6
2463 623 2628 686 Θεὸς,
2662 624 2844 693 ἐπειδὴ
2867 625 2960 677 καὶ
2987 625 3238 694 δαίμονές
3273 627 3408 678 εἰσιν
3437 628 3495 679 ἐν
3526 627 3604 696 τῷ

2034 707 2153 776 ἀέρι
2190 708 2363 778 τούτῳ
2395 707 2656 778 βάρϐαροι
2681 709 2773 761 καὶ
2815 709 3013 778 ἄγριοι,
3046 709 3138 762 καὶ
3162 709 3427 778 πολέμους
3466 711 3607 777 ἐγεί-

2036 807 2215 858 ροντες
2251 791 2336 843 ἀεὶ
2377 792 2468 843 καὶ
2516 792 2616 858 τῆς
2658 791 2876 862 εἰρήνης
2906 792 3122 862 ἐχθροὶ,
3154 793 3604 862 ἀντικατέστησεν

2033 874 2213 936 αὐτοῖς
2239 874 2307 926 τὰ
2347 875 2680 946 στρατόπεδα
2708 875 2815 927 τῶν
2850 875 3092 942 ἀγγέλων
3121 915 3135 939 ,
3169 877 3254 929 ἵνα
3293 877 3605 946 φαινόμενοι

2037 958 2193 1027 μόνον
2225 959 2406 1022 αὐτοῖς
2442 959 2871 1011 καταστέλλωσιν
2900 999 2912 1020 ,
2944 959 3029 1010 ἵνα
3076 959 3175 1029 τὴν
3220 961 3441 1029 εἰρήνην
3472 962 3605 1030 ἡμῖν

2032 1039 2120 1091 ἀεὶ⁸
2146 1041 2576 1110 πρυτανεύσωσι.
2607 1041 2716 1093 Kal
2748 1043 2834 1094 ἵνα
2862 1040 3036 1113 μάθῃς
3081 1042 3162 1093 ὅτι
3195 1042 3412 1109 ἄγγελοι
3454 1043 3606 1113 εἰρή-

2033 1141 2128 1193 νης
2154 1126 2290 1176 εἰσὶν
2315 1164 2329 1188 ,
2372 1126 2600 1177 ἄκουσον
2628 1127 2685 1177 ἐν
2707 1128 2822 1188 ταῖς
2855 1129 3180 1194 προσευχαῖς
3213 1127 3297 1177 ἀεὶ
3342 1125 3606 1193 λεγόντων

2033 1206 2138 1258 τῶν
2167 1205 2442 1260 διακόνων·
2480 1208 2594 1261 Τὸν
2620 1207 2877 1277 ἄγγελον
2902 1207 3012 1275 τῆς
3036 1209 3278 1275 εἰρήνης
3296 1209 3601 1274 αἰτήσατε.
3627 1219 3638 1238 ‘

2045 1290 2205 1360 Ὁρᾷς
2235 1291 2314 1342 ὅτι
2344 1292 2435 1343 καὶ
2463 1282 2684 1358 ἄγγελοι
2715 1292 2933 1362 πάρεισι
2961 1292 3054 1344 καὶ
3087 1293 3391 1361 μάρτυρες;
3419 1287 3460 1343 Τ
3467 1292 3482 1344 ί
3511 1287 3605 1346 οὖν

2031 1371 2356 1442 ἀθλιώτερον
2407 1373 2514 1426 τῶν
2549 1374 2979 1442 ἀπολειφθέντων
3011 1375 3279 1444 σήμερον;
3327 1373 3380 1426 τί
3431 1391 3606 1444 μακα-

2036 1454 2192 1524 ριώτε
2203 1472 2291 1526 ρον
2315 1457 2470 1526 ἡμῶν
2489 1457 2597 1510 τῶν
2621 1459 3072 1529 παραγενομένων
3105 1459 3198 1510 καὶ
3229 1458 3606 1511 ἀπολαυόντων

2029 1539 2127 1606 τῆς
2157 1539 2511 1609 πανηγύρεως
2534 1541 2736 1610 ταύτης
2763 1559 2776 1606 ;
2819 1541 2954 1592 Ἀλλ’
2984 1543 3031 1593 οί
3061 1542 3158 1610 μὲν
3209 1543 3335 1611 περὶ
3371 1542 3479 1594 τῶν
3507 1542 3607 1609 ἀγ-

2030 1622 2202 1688 γέλων
2235 1633 2258 1660 ο
2297 1621 2442 1690 λόγοι
2487 1626 2544 1675 ἐν
2574 1623 2780 1694 ἑτέροις
2826 1625 2970 1694 ἡμᾶς
3013 1625 3456 1694 ἀναμεινάτωσαν
3485 1641 3607 1679 και-

2033 1707 2174 1773 ροῖς·
2202 1707 2360 1776 ἡμεῖς
2391 1705 2447 1757 δὲ
2476 1707 2566 1758 ἐπὶ
2605 1706 2702 1776 τὴν
2738 1706 2992 1759 ὑπόθεσιν
3033 1707 3133 1776 τῆς
3175 1707 3454 1780 παρούσης
3485 1709 3607 1779 ἐορ-

2029 1788 2129 1856 τῆς
2157 1788 2246 1841 τὸν
2278 1788 2431 1856 λόγον
2454 1789 2766 1860 ἀγάγωμεν.

2105 1873 2167 1940 β’.
2190 1872 2283 1935 Τίς
2318 1869 2409 1924 οὖν
2440 1875 2641 1943 ἐστινὴ
2679 1874 2926 1944 παροῦσα
2952 1876 3141 1945 ἐορτή;
3175 1875 3353 1944 Σεμνὴ
3390 1875 3483 1926 καὶ
3507 1890 3605 1944 με-

2030 1954 2168 2025 γάλη
2191 1997 2205 2019 ,
2244 1956 2491 2024 ἀγαπητέ
2514 1995 2527 2018 ,
2579 1956 2672 2009 καὶ
2711 1956 2800 2008 τὸν
2853 1957 2961 2008 τῶν
2996 1956 3295 2026 ἀνθρώπων
3343 1954 3606 2027 ὑπερϐαί-

2031 2054 2194 2090 νουσα
2217 2037 2362 2100 νοῦν,
2395 2038 2486 2091 καὶ
2513 2039 2609 2106 τῆς
2642 2038 3053 2109 μεγαλοδωρεᾶς
3077 2039 3201 2104 ἀξία
3223 2038 3314 2091 τοῦ
3348 2039 3605 2108 ποιήσαν-

2029 2139 2119 2184 τος
2149 2122 2317 2190 αύτὴν
2351 2120 2504 2174 Θεοῦ.
2558 2121 2802 2191 Σήμερον
2851 2121 2970 2192 γὰρ
2994 2121 3324 2189 καταλλςιγαλ¹
3359 2120 3437 2192 τῷ
3486 2120 3605 2190 Θεῷ

2032 2204 2166 2274 πρὸς
2200 2204 2259 2257 τὸ
2287 2204 2394 2256 τῶν
2446 2203 2748 2274 ἀνθρώπων
2781 2206 3035 2272 γεγόνασι
3070 2207 3224 2271 γένος
3244 2222 3260 2236 ο
3291 2205 3530 2274 σήμερον
3567 2207 3600 2273 ή

2031 2287 2221 2356 χρονία
2248 2286 2416 2357 ἔχθρα
2457 2286 2751 2356 κατελύθη,
2782 2289 2872 2339 καὶ
2917 2289 2946 2339 6
3002 2287 3208 2360 μακρὸς
3233 2287 3463 2356 πόλεμος
3509 2288 3604 2338 ἀν-

2030 2370 2199 2441 ῃρέθη
2221 2386 2236 2401 ο
2263 2371 2499 2441 σήμερον
2535 2373 2722 2442 εἰρήνη
2758 2369 3032 2440 θαυμασία
3056 2389 3137 2435 τις
3157 2370 3480 2440 ἐπανῆλθεν,
3513 2371 3605 2423 ού-

2031 2452 2220 2506 δέποτε
2250 2451 2400 2524 [449]
2433 2453 2862 2524 προσδοκηθεῖσα
2903 2454 3184 2524 πρότερον.
3239 2454 3333 2516 Τίς
3382 2454 3492 2523 γάρ
3540 2454 3608 2507 ἂν

2037 2535 2263 2605 ἤλπισεν
2287 2535 2516 2598 ὅτιθεὸς
2544 2535 2814 2606 ἀνθρώπῳ
2865 2535 3322 2590 καταλλάττεσθαι
3348 2536 3567 2607 ἔμελλεν
3589 2556 3604 2602 ;

2035 2619 2132 2689 οὐχ
2153 2620 2234 2672 ὅτι
2261 2619 2625 2690 ἀπάνθρωπος
2653 2622 2681 2672 6
2713 2619 2989 2688 Δεσπότης
3007 2659 3020 2683 ,
3055 2619 3170 2672 ἀλλ’
3199 2621 3280 2672 ὅτι
3314 2621 3554 2692 ῥᾴθυμος
3579 2624 3609 2674 6

2033 2701 2251 2772 οἰκέτης
2272 2718 2284 2730 ·
2322 2701 2418 2772 οὐχ
2445 2703 2525 2755 ὅτι
2564 2701 2711 2772 ὠμὸς
2751 2704 2778 2754 6
2805 2701 3009 2772 Κύριος
3036 2742 3049 2765 ,
3077 2702 3188 2754 ἀλλ’
3218 2703 3299 2754 ὅτι
3338 2704 3610 2773 ἀγνώμων

2032 2787 2061 2837 6
2089 2784 2291 2847 δοῦλος.
2331 2785 2518 2838 Βούλει
2570 2785 2757 2856 μαθεῖν
2790 2785 2905 2848 πῶς
2952 2785 3347 2855 παρωξύναμεν
3392 2787 3482 2838 τὸν
3529 2804 3611 2855 φι-

2033 2868 2347 2940 λάνθρωπον
2375 2869 2584 2932 τοῦτον,
2619 2870 2709 2922 τὸν
2738 2871 2942 2941 ἥμερον
2974 2870 3127 2940 ἡμῶν
3158 2871 3468 2941 Δεσπότην;
3499 2873 3608 2924 Kal

2033 2952 2141 3024 γὰρ
2185 2953 2388 3007 δίκαιον
2429 2953 2619 3024 μαθεῖν
2669 2955 2767 3024 τῆς
2794 2953 3064 3025 προτέρας
3095 2953 3249 3024 ήμῶν
3292 2955 3489 3024 ἔχθρας
3512 2955 3608 3026 τὴν

2035 3037 2325 3104 ὑπόθεσιν,
2377 3039 2464 3104 ἵν’,
2518 3039 2645 3091 ὅταν
2705 3037 2820 3108 ἴδῃς
2876 3037 3205 3107 τιμηθέντας
3264 3039 3448 3108 ἡμᾶς,
3482 3042 3608 3105 τοὺς

2035 3120 2260 3190 ἐχθροὺς
2295 3121 2388 3175 καὶ
2422 3121 2746 3191 πολεμίους,
2787 3119 3072 3190 θαυμάσῃς
3128 3120 3221 3172 τοῦ
3280 3124 3610 3192 τιμήσαντος

2033 3205 2132 3274 τὴν
2163 3204 2590 3276 φιλανθρωπίαν,
2630 3206 2718 3257 ἵνα
2745 3206 2817 3276 μὴ
2849 3205 3074 3278 νομίσῃς
3103 3205 3162 3270 ἐξ
3186 3206 3398 3259 οἰκείων
3423 3223 3612 3276 κατορ-

2036 3287 2304 3356 θωμάτων
2332 3288 2657 3359 γεγενῆσθαι
2685 3289 2783 3360 τὴν
2819 3288 3139 3359 μεταϐολὴν,
3175 3290 3261 3342 ἵνα
3298 3289 3483 3359 μαθὼν
3511 3291 3610 3342 αύ-

2034 3371 2128 3424 τοῦ
2159 3371 2259 3441 τῆς
2284 3373 2500 3443 χάριτος
2528 3372 2623 3442 τὴν
2654 3371 2980 3442 ὑπερϐολὴν,
3017 3373 3090 3442 μὴ
3114 3372 3296 3445 παύσῃ
3320 3373 3610 3438 διαπαντὸς

2036 3454 2372 3524 εὐχαριστῶν
2409 3455 2558 3525 αὐτῷ
2609 3453 2747 3524 ὑπὲρ
2790 3454 2883 3507 τοῦ
2939 3455 3201 3524 μεγέθους
3239 3455 3346 3508 τῶν
3369 3455 3607 3525 δωρεῶν.

2036 3536 2223 3590 Βούλει
2254 3535 2429 3591 τοίνυν
2459 3537 2649 3608 μαθεῖν
2676 3577 2690 3602 ,
2726 3537 2841 3601 πῶς
2889 3537 3285 3609 παρωξύναμεν
3330 3539 3482 3608 ήμῶν
3517 3539 3610 3593 τὸν

2035 3620 2330 3690 Δεσπότην,
2354 3620 2446 3674 τὸν
2477 3620 2875 3692 φιλάνθρωπον,
2901 3622 2992 3675 τὸν
3027 3623 3254 3694 ἥμερον,
3275 3622 3365 3674 τὸν
3385 3623 3606 3690 ἀγαθὸν,

2034 3704 2127 3758 τὸν
2159 3703 2334 3757 πάντα
2380 3703 2520 3775 ύπέρ
2545 3705 2644 3775 τῆς
2680 3705 2952 3777 ἡμετέρας
2986 3706 3256 3776 σωτηρίας
3279 3705 3613 3776 οἰκονομοῦν-

2035 3805 2146 3853 τας
2205 3788 2590 3841 Ἐϐουλεύσατό
2643 3806 2772 3841 ποτε
2802 3791 2929 3859 περὶ
2971 3789 3266 3852 παντελοῦς
3302 3790 3608 3860 ἀφανισμοῦ

2034 3872 2129 3925 τοῦ
2154 3872 2345 3940 γένους
2376 3875 2408 3942 ἡ
2419 3872 2554 3942 μῶν,
2583 3873 2674 3924 καὶ
2702 3872 2874 3935 οὕτως
2905 3874 3039 3942 ἡμῖν
3063 3872 3307 3944 ὠργίσθη
3327 3915 3342 3940 ,
3373 3874 3448 3936 ὡς
3475 3875 3610 3926 ἀπο-

2036 3955 2188 4010 λέσαι
2227 3959 2376 4028 ἡμᾶς
2404 3957 2541 4026 μετὰ
2577 3957 2847 4024 γυναικῶν
2879 3957 2974 4010 καὶ
3031 3956 3238 4010 παίδων
3284 3958 3373 4010 καὶ
3406 3957 3610 4027 θηρίων

2037 4041 2133 4096 καὶ
2165 4041 2375 4110 κτηνῶν
2405 4042 2498 4092 καὶ
2523 4041 2619 4109 τῆς
2643 4040 2745 4108 γῆς
2774 4041 3009 4110 ἁπάσης.
3045 4042 3154 4092 Καὶ
3181 4042 3230 4092 εἰ
3270 4039 3467 4108 βούλει,
3499 4039 3608 4107 ἐγώ

2040 4143 2098 4178 σε
2131 4129 2340 4194 ποιήσω
2366 4124 2458 4175 καὶ
2489 4123 2585 4193 τῆς
2614 4122 2935 4190 ἀποφάσεως
2991 4121 3154 4192 αὐτῆς
3184 4122 3412 4175 ἀκοῦσαι
3437 4138 3451 4152 ο
3495 4123 3609 4187 Ἐξ·

2037 4209 2266 4276 alam-cu
2287 4207 2415 4276 γάρ,
2446 4207 2599 4277 φησὶ,
2625 4205 2733 4258 τὸν
2750 4204 3082 4272 ἄνθρωπον,
3103 4204 3176 4258 ὃν
3195 4206 3470 4272 ἐποίησα,
3490 4207 3608 4261 ἀπὸ

2039 4291 2362 4362 προσώπου
2389 4289 2590 4356 πάσης
2626 4288 2736 4356 τῆς
2763 4287 2908 4358 τῆς,
2946 4289 3142 4342 καὶτὰ
3175 4291 3366 4357 θηρία,
3399 4291 3498 4344 καὶ
3539 4293 3610 4346 τὰ

2041 4375 2226 4443 κτήνη
2249 4415 2263 4437 ,
2296 4375 2384 4428 ὅτι
2413 4373 2805 4442 ἐνεθυμήθην,
2838 4373 2925 4426 ὅτι
2949 4374 3207 4440 ἐποίησα
3243 4375 3352 4428 τὸν
3390 4375 3612 4443 ἅνθρωο

2040 4474 2176 4514 πον.
2209 4461 2317 4513 Kal
2343 4459 2428 4511 ἵνα
2472 4456 2648 4527 μάθῃς
2675 4459 2755 4511 ὅτι
2803 4457 2861 4508 οὐ
2890 4457 2989 4527 τὴν
3032 4456 3190 4526 φύσιν
3225 4459 3380 4530 ήμῶν
3409 4461 3608 4531 ἐμίσει,

2040 4543 2174 4596 ἀλλά
2219 4543 2316 4614 τὴν
2358 4540 2556 4595 κακίαν
2595 4539 2996 4610 ἀπεστρέφετο,
3044 4542 3072 4592 6
3115 4540 3321 4605 εἰπὼν,
3367 4545 3447 4595 ὅτι
3489 4546 3612 4608 Ἐξ-

2039 4627 2268 4694 αλείψω
2289 4623 2396 4678 τὸν
2421 4623 2752 4691 ἄνθρωπον,
2772 4623 2841 4676 ὃν
2856 4623 3133 4691 ἐποίησα,
3151 4625 3268 4678 ἀπὸ
3287 4628 3612 4694 προσώπου

2041 4708 2149 4775 τῆς
2180 4707 2322 4777 γῆς,
2357 4707 2502 4774 λέγει
2535 4706 2614 4777 τῷ
2652 4706 2948 4778 ἀνθρώπιν’
2990 4708 3204 4774 Καιρὸς
3240 4711 3468 4776 παντὸς
3506 4713 3614 4765 ἀν-

2043 4789 2275 4855 θρώπου
2317 4789 2447 4856 ἣκει
2479 4792 2630 4858 πρός
2662 4807 2758 4858 με.
2800 4792 2862 4843 Εἰ
2886 4792 2942 4842 δὲ
2970 4791 3060 4843 τὸν
3097 4790 3379 4862 ἄνθρωπον
3411 4794 3610 4864 ἐμίσει,

2041 4876 2139 4925 ούκ
2173 4871 2240 4925 ἂν
2265 4872 2534 4943 ἀνθρώπῳ
2571 4872 2834 4943 διελέχθη.
2872 4873 2982 4926 Νῦν
3027 4873 3245 4946 δὲ’όρᾷς
3288 4877 3449 4929 αὐτὸν
3488 4877 3610 4930 οὔτε

2045 4956 2363 5026 βουλόμενον
2384 4957 2626 5026 ποιῆσαι,
2647 4957 2785 5026 ὅπερ
2811 4959 3068 5028 ἠπείλησε
3097 4962 3340 5030 ποιῆσαι,
3366 4961 3503 5014 ἀλλὰ
3519 4965 3612 5014 καὶ

2042 5037 2474 5109 ἀπολογούμενον
2511 5039 2587 5108 τῷ
2614 5039 2784 5110 δούλῳ
2821 5041 2912 5092 τὸν
2946 5041 3172 5111 Κύριον,
3206 5045 3300 5096 καὶ
3331 5045 3405 5108 ώς
3431 5048 3612 5116 ὁμοτί-

2047 5139 2132 5192 μῳ
2158 5121 2296 5192 φίλῳ
2327 5121 2706 5192 διαλεγόμενον
2752 5124 2846 5176 καὶ
2891 5123 3114 5192 λέγοντα
3150 5127 3248 5189 τὰς
3293 5129 3470 5191 αἰτίας
3510 5129 3610 5199 τῆς

2046 5205 2346 5277 μελλούσης
2374 5207 2646 5270 ἀπωλείας
2679 5207 2923 5272 ἔσεσθαι,
2950 5210 3046 5279 ούχ
3094 5211 3178 5264 ἵνα
3210 5212 3354 5283 μάθῃ
3390 5213 3487 5274 τὰς
3527 5216 3612 5264 αἰ-

2043 5289 2162 5353 τίας
2198 5293 2227 5344 ὁ
2278 5289 2595 5360 ἄνθρωπος,
2624 5291 2738 5344 ἀλλ’
2776 5293 2861 5345 ἵνα
2892 5296 3002 5357 τοῖς
3040 5294 3220 5358 ἀλλοις
3276 5295 3476 5360 εἰπὼν,
3509 5311 3607 5348 σω-

2045 5374 2434 5446 φρονεστέρους
2473 5375 2668 5438 αὐτοὺς
2692 5376 3012 5447 ἐργάσηται.
3060 5378 3197 5430 Ἀλλ’
3230 5379 3364 5448 ὅπερ
3403 5377 3607 5447 ἔλεγον,

2042 5455 2185 5508 οὕτω
2214 5457 2397 5521 κακῶς
2426 5458 2581 5529 ἡμῶν
2627 5459 2859 5530 ἔπραττε
2894 5462 2954 5513 τὸ
2976 5461 3128 5529 γένος
3165 5460 3468 5531 ἔμπροσθεν
3493 5503 3507 5525 ,
3535 5463 3612 5526 ὡς

2045 5540 2381 5596 κινδυνεῦσαι
2416 5545 2508 5596 καὶ
2537 5543 2633 5614 τῆς
2661 5546 2760 5614 γῆς
2783 5545 2952 5613 αὐτῆς
2983 5547 3250 5597 ἐκπεσεῖν.
3293 5545 3432 5597 Ἀλλ’
3453 5549 3612 5617 ἡμεῖς

2114 5703 2137 5730 ε
2159 5693 2276 5755 Reg.
2299 5696 2403 5757 περί
2437 5699 2530 5744 τῶν
2564 5698 2822 5759 μαρτύρων.
2856 5695 2985 5747 Edili
3010 5700 3112 5760 περὶ
3143 5698 3236 5744 τῶν
3260 5698 3490 5754 ἀγγῦιων.
