4038 6204
347 294 451 351 ιω

343 409 641 464 excideret.
672 403 936 460 Caeterum
966 417 1063 458 nos
1091 401 1180 473 qui
1199 409 1337 456 terra
1367 401 1678 455 videbamur
1705 401 1923 470 indigni,

344 499 511 554 hodie
537 496 595 551 in
633 496 822 550 emtum
868 494 1061 548 sublati
1091 505 1272 546 sumus
1301 509 1313 543 :
1351 491 1440 560 qui
1471 506 1538 546 ne
1569 500 1778 545 terreno
1805 491 1921 559 qui-

343 590 468 646 dem
494 586 793 659 principatu
831 600 1044 640 eramus
1069 583 1236 654 digni,
1275 582 1342 636 ad
1385 597 1672 652 supernum
1711 582 1926 637 caeleste

343 695 568 750 regnum
598 677 954 736 ascendimus.
987 676 1146 730 caelos
1174 674 1518 743 pervasinms,
1567 673 1813 727 thronum
1841 687 1927 726 re-

348 771 516 842 galem
550 777 714 838 atque
757 767 1091 822 Dominicum
1121 764 1599 836 apprehendimus;
1639 772 1692 818 et
1720 772 1924 827 natura,

349 869 564 931 propter
599 871 756 928 quam
789 856 1090 925 paradisum
1133 854 1417 910 servabant
1456 853 1762 916 Cherubim,
1815 852 1928 919 ipsa

351 963 509 1018 supra
542 945 827 1002 Cherubim
875 944 1025 999 sedet
1069 943 1249 997 hodie.
1277 944 1346 997 At
1371 957 1478 1012 quo
1507 950 1659 1011 pacto
1693 941 1927 994 admira-

345 1040 452 1093 bile
479 1039 579 1092 hoc
599 1046 652 1090 et
677 1049 926 1106 magnum
956 1032 1182 1088 accidit?
1201 1047 1308 1102 quo
1325 1041 1476 1101 pacto
1502 1045 1598 1085 nos
1615 1031 1701 1100 qui
1728 1039 1925 1083 tantam

341 1129 680 1184 clementiam
710 1124 1122 1188 offenderamus,
1173 1132 1416 1192 terraque
1463 1121 1576 1191 ipsa
1623 1119 1930 1174 videbamur

343 1220 582 1289 indigni,
612 1232 676 1272 ac
732 1229 942 1272 terreno
975 1215 1121 1270 omni
1173 1214 1467 1284 principatu
1515 1220 1673 1282 atque
1727 1209 1930 1265 honore

340 1311 712 1366 excideramus
735 1350 750 1373 ,
780 1307 845 1362 ad
881 1315 1080 1361 tantam
1121 1305 1454 1361 altitudinem
1502 1318 1685 1358 sumus
1723 1303 1929 1358 evecti?

337 1417 449 1470 quo
477 1411 628 1469 pacto
653 1399 850 1454 bellum
871 1397 1195 1468 dissolutum
1223 1397 1342 1450 est?
1369 1409 1475 1465 quo
1515 1404 1666 1464 pacto
1706 1394 1778 1446 ira
1804 1393 1930 1446 sub-
1973 1439 1977 1446 .

341 1493 490 1545 lata?
518 1489 834 1558 Quomodo?
867 1504 986 1542 nam
1028 1487 1165 1542 istud
1193 1487 1502 1540 admirabile
1527 1495 1628 1547 est,
1654 1500 1756 1537 non
1784 1484 1926 1552 quod

347 1584 433 1648 iis,
471 1583 564 1651 qui
603 1581 791 1650 injuria
822 1579 1183 1634 irascebantur
1214 1579 1340 1639 Deo,
1364 1577 1456 1630 sed
1483 1576 1622 1645 quod
1649 1576 1762 1642 ipso
1794 1575 1924 1638 Deo,

341 1675 429 1742 qui
467 1674 590 1742 jure
634 1673 790 1726 nobis
830 1670 1216 1732 succensebat,
1269 1677 1587 1737 provocante
1638 1681 1732 1720 nos
1769 1676 1928 1733 atque

344 1767 615 1828 invitante,
647 1779 746 1833 pax
773 1763 906 1817 facta
933 1764 1019 1816 sit.
1048 1761 1152 1816 Pro
1172 1761 1370 1815 Christo
1389 1761 1516 1812 enim
1541 1760 1786 1826 legatione
1804 1761 1926 1827 fun-

341 1858 524 1924 gimur,
553 1855 723 1924 inquit
760 1852 1075 1918 Apostolus,
1103 1859 1360 1919 tamquam
1385 1849 1494 1903 Deo
1523 1849 1814 1902 exhortante
1841 1863 1928 1916 per

341 1948 518 2017 ποια.
535 1947 650 2000 Cor.
674 1948 727 2002 5.
743 1944 1008 2012 20).Quid
1031 1943 1194 1998 istud?
1212 1942 1324 2012 ipse
1348 1951 1432 1996 est
1460 1941 1682 1995 violatus
1705 1939 1916 2008 injuria,

338 2049 396 2094 et
413 2041 533 2110 ipse
552 2038 615 2091 ad
641 2051 824 2106 pacem
848 2035 1064 2089 invitat?
1090 2033 1162 2088 ita
1183 2048 1310 2088 sane
1332 2051 1344 2085 :
1368 2033 1562 2102 quippe
1575 2032 1662 2100 qui
1679 2031 1815 2085 Deus
1832 2031 1920 2094 sit;

351 2140 514 2197 atque
553 2129 618 2181 ob
654 2126 701 2180 id
724 2137 780 2179 ut
807 2125 1066 2194 benignus
1103 2132 1250 2193 pater
1279 2124 1519 2177 hortatur
1545 2121 1800 2175 etallicit.

410 2219 641 2272 Christus
661 2217 909 2288 quomodo
940 2217 1200 2269 mediator.
1247 2245 1317 2255 —
1351 2214 1456 2270 Sed
1485 2214 1606 2269 vide
1639 2213 1761 2280 quid
1802 2225 1926 2280 aga-

336 2323 425 2366 tur
461 2330 474 2365 :
523 2312 785 2366 mediator
832 2310 1012 2378 utique
1055 2317 1139 2363 est
1181 2307 1450 2361 invitantis
1489 2315 1542 2360 et
1593 2304 1922 2359 adhortantis

336 2403 531 2463 Filius.
563 2417 669 2456 non
699 2404 859 2454 homo
890 2413 1067 2469 purus,
1091 2413 1196 2452 non
1225 2399 1462 2467 angelus,
1494 2409 1667 2465 neque
1693 2395 1922 2450 archan-

334 2494 511 2561 gelns,
529 2507 702 2560 neque
713 2491 1026 2544 famulorum
1047 2489 1202 2542 ullus.
1223 2486 1289 2542 Et
1308 2486 1432 2557 quid
1455 2485 1923 2540 ellicitmediator?

328 2583 480 2651 Opus
513 2579 842 2636 mediatoris.
873 2576 1327 2644 Quemadmodum
1357 2576 1498 2630 enim
1523 2574 1728 2628 duobus
1752 2588 1812 2629 se
1835 2574 1919 2626 iu-

328 2678 505 2730 vicem
533 2672 921 2736 aversantibus,
951 2679 1006 2724 et
1031 2669 1095 2723 ad
1129 2666 1467 2722 concordiam
1491 2678 1779 2734 pacemque
1807 2679 1923 2717 mu-

332 2778 482 2822 tuam
524 2763 717 2819 adduci
747 2762 1045 2816 nolentibus
1073 2761 1090 2792 ¹
1109 2800 1126 2823 ,
1159 2760 1344 2814 tertius
1373 2757 1630 2827 quispiam
1679 2756 1918 2821 veniens,

329 2868 384 2911 et
418 2870 480 2909 se
508 2853 743 2908 medium
779 2853 1142 2920 interponens,
1182 2853 1454 2916 utriusque
1489 2845 1813 2900 inimicitiam
1843 2845 1922 2899 di-

331 2945 429 3000 luit
455 2963 473 2998 :
505 2943 577 2997 ita
601 2952 657 2998 et
693 2941 937 2996 Christus
963 2940 1087 3010 egit.
1117 2939 1285 2993 iratus
1321 2937 1583 3007 siquidem
1628 2935 1780 2990 nobis
1811 2943 1924 2989 erat

331 3034 497 3098 Dens,
523 3041 580 3088 et
624 3046 722 3086 nos
761 3032 925 3085 Deum
963 3028 1394 3099 benignissimum
1441 3027 1720 3080 Dominum
1765 3040 1922 3080 aver-

328 3125 589 3178 sabamur
615 3137 632 3184 ;
662 3122 896 3176 medium
931 3121 1090 3190 igitur
1141 3134 1200 3174 se
1245 3118 1491 3173 Christus
1546 3118 1909 3186 interponens,

329 3225 617 3284 utramque
663 3222 904 3268 naturam
961 3211 1342 3267 reconciliavit.
1381 3209 1485 3266 Sed
1525 3225 1630 3278 quo
1673 3218 1825 3278 pacto
1863 3225 1924 3265 se

329 3306 687 3360 mediatorem
729 3303 1042 3358 constituit?
1069 3302 1287 3358 Poenam
1323 3317 1442 3371 quae
1489 3301 1642 3356 nobis
1681 3317 1712 3356 a
1766 3301 1922 3355 Patre

335 3394 623 3464 inﬂigeuda
653 3403 791 3459 erat,
819 3394 870 3446 in
899 3408 958 3448 se
993 3393 1244 3461 suscepit,
1277 3391 1698 3461 suppliciumque
1717 3391 1921 3445 caelitus

335 3486 635 3540 immissum
657 3501 721 3540 ac
739 3485 1084 3539 contumelias
1113 3485 1164 3538 in
1189 3485 1290 3537 hoc
1311 3482 1506 3536 mundo
1526 3483 1795 3538 sustinuit.
1826 3482 1921 3537 Vis

333 3590 494 3630 nosse
512 3577 786 3643 quomodo
816 3586 1034 3643 utraque
1055 3575 1168 3643 ipse
1192 3573 1524 3643 susceperit?
1549 3571 1798 3637 Christus,
1824 3574 1914 3626 in-

336 3666 448 3734 quit
476 3662 830 3734 Apostolus,’
850 3680 945 3720 nos
975 3664 1181 3718 redemit
1205 3665 1273 3717 de
1291 3665 1554 3717 maledicto
1592 3664 1734 3734 legis,
1759 3668 1922 3733 factus

341 3775 430 3825 pro
459 3758 604 3811 nobis
643 3757 964 3811 maledictum
997 3755 1152 3827 (Gal.
1181 3758 1235 3812 '5.
1260 3757 1328 3810 15
1350 3757 1390 3826 ).
1417 3756 1603 3810 Vidisti
1631 3772 1736 3826 quo
1766 3766 1921 3826 pacto

345 3862 554 3915 poenam
600 3848 805 3900 cat-litus
840 3848 997 3900 latam
1045 3849 1157 3916 ipse
1207 3848 1540 3916 susceperit?
1593 3849 1715 3903 vide
1761 3850 1919 3903 etiam

344 3938 609 4007 quomodo
651 3941 932 4008 opprobria
963 3939 1014 3993 in
1057 3939 1212 3994 terris
1253 3941 1557 3994 sustinuerit
1587 3959 1600 3995 :
1635 3939 1921 4009 Opprobria

347 4030 753 4096 exprobrantium
771 4071 788 4098 ,
819 4029 1007 4098 inquit,
1035 4029 1141 4095 tibi,
1163 4029 1443 4082 ceciderunt
1467 4046 1618 4098 super
1647 4046 1726 4083 me
1747 4029 1919 4098 (Psal.

343 4119 436 4174 68.
469 4121 534 4173 10
548 4121 589 4189 ).
611 4121 795 4176 Cernis
822 4137 928 4190 quo
946 4130 1098 4189 pacto
1124 4121 1397 4176 diremerit
1425 4121 1794 4177 inimicitiam?
1814 4138 1918 4192 quo

344 4222 497 4275 pacto
526 4225 632 4264 non
675 4220 797 4264 ante
825 4211 1089 4266 destiterit
1125 4211 1340 4280 quidvis
1382 4227 1559 4280 agere,
1607 4213 1715 4282 pati
1764 4222 1922 4282 atque

343 4299 538 4365 moliri,
567 4315 724 4368 quam
749 4302 954 4356 hostem
984 4309 1038 4355 et
1068 4301 1337 4356 inimicum
1366 4316 1487 4356 cum
1517 4302 1626 4356 Deo
1653 4302 1922 4359 reduxerit

343 4391 393 4444 in
424 4393 671 4461 gratiam.
703 4392 769 4446 Et
811 4393 1034 4448 istorum
1067 4402 1331 4448 tantorum
1363 4394 1619 4448 bonorum
1657 4411 1814 4451 causa
1839 4405 1922 4450 est

345 4479 598 4536 hodierna
624 4483 738 4537 dies
763 4503 777 4538 :
807 4483 1250 4552 quemadmodum
1268 4485 1409 4538 enim
1433 4485 1690 4553 primitias
1717 4495 1922 4542 natura:

342 4583 543 4630 nostra:
582 4576 889 4644 assumpsit,
923 4577 998 4629 sic
1045 4577 1273 4630 restituit
1301 4576 1542 4630 Domino.
1583 4576 1649 4630 Et
1687 4577 1826 4646 quod
1854 4577 1922 4632 de

340 4667 546 4735 campis
599 4667 792 4720 accidit
834 4667 1097 4736 spicarum
1142 4667 1345 4736 plenis,
1375 4666 1462 4720 ubi
1492 4667 1609 4735 quis
1649 4682 1716 4724 ex
1743 4670 1923 4737 paucis

339 4759 503 4827 spicis
518 4758 755 4813 collectis
777 4773 997 4827 parvum
1025 4759 1347 4827 manipulum
1365 4758 1670 4822 conlicieus,
1699 4773 1924 4828 eumque

341 4850 719 4915 Deooﬂ‘erens,
746 4851 1004 4920 paucitate
1021 4851 1108 4904 illa
1132 4851 1223 4904 toti
1241 4865 1368 4903 arvo
1381 4849 1642 4904 benedicit
1662 4869 1675 4905 :
1693 4851 1760 4904 ita
1775 4852 1926 4906 Chri-

338 4951 457 4996 stus
482 4941 626 5003 fecit,
653 4942 742 5010 qui
773 4957 866 5012 per
891 4958 1046 4996 unam
1071 4942 1211 4995 illam
1239 4955 1450 4995 carnem
1476 4951 1635 5010 atque
1665 4943 1923 5010 primitias

342 5043 511 5087 totum
536 5047 706 5102 genus
734 5043 974 5087 nostrum
1004 5032 1424 5088 benedicendum
1445 5033 1667 5086 curavit.
1697 5031 1804 5088 Sed
1827 5049 1925 5087 cur

345 5140 450 5180 non
497 5134 660 5179 tutam
700 5133 942 5179 naturam
967 5123 1195 5179 obtulit?
1227 5123 1304 5177 Eo
1333 5123 1475 5192 quod
1505 5139 1608 5177 non
1635 5124 1704 5178 sit
1728 5123 1827 5179 hoc
1847 5127 1926 5178 ol-

347 5218 486 5274 lerre
509 5218 800 5288 primitias.
831 5217 878 5272 si
924 5227 1090 5272 totum
1119 5217 1238 5286 quis
1256 5216 1443 5271 offerat
1467 5234 1481 5270 :
1510 5216 1603 5271 sed
1631 5218 1677 5271 si
1707 5233 1923 5286 parvum

375 5333 427 5400 ηι
463 5337 531 5381 tta
553 5331 688 5393 ttegii
711 5329 889 5379 melius
903 5341 1046 5393 quam
1062 5329 1198 5386 Fdlti,
1221 5331 1305 5391 qui
1328 5329 1528 5387 habent,
1543 5325 1745 5390 colloqu:
1767 5328 1926 5380 ποιεη.

345 5392 601 5523 εὐρὰξ-β..
627 5462 990 5524 Pterutmgnnm
1029 5463 1118 5520 pro
1140 5450 1271 5524 nolis
1292 5450 1469 5524 soluere
1490 5449 1727 5524 oportebat
1762 5450 1924 5501 Salva-

346 5514 568 5578 toremjt
588 5529 640 5565 se
655 5514 880 5578 suscepit,
898 5514 1193 5575 iniuriasque
1215 5519 1262 5578 et
1283 5514 1603 5578 contwnelias,
1619 5526 1821 5578 (riturum
1842 5527 1927 5564 nos

346 5577 578 5626 adrasus
606 5585 757 5626 Deum
786 5573 1324 5638 fecerimuts‘reos,pipse
1345 5574 1580 5624 sustinuit.
1631 5575 1706 5638 ris
1739 5574 1924 5623 discere

349 5638 582 5696 quomodo
603 5635 804 5690 utraque
823 5635 1102 5696 susceperit,
1130 5643 1175 5685 et
1199 5636 1320 5684 hanc
1343 5648 1548 5698 plenam,
1572 5643 1617 5685 et
1656 5635 1742 5684 has
1761 5644 1924 5686 contu-

350 5698 514 5748 melias
531 5699 556 5748 Ρ
570 5699 803 5759 Christus,
829 5698 981 5759 inquit
1003 5698 1258 5759 apostolus,
1287 5707 1381 5748 etc.

1319 286 1385 342 1N
1423 283 1888 343 ASCENSIONEM
1927 287 1990 342 Β.
2032 287 2096 342 Ν.
2137 287 2300 344 JESU
2332 285 2620 345 CHRISTI.

3506 299 3611 354 “6

2041 400 2236 470 aliquid
2267 403 2384 471 quis
2413 403 2661 468 oll‘erens,
2697 419 2790 472 per
2815 419 3052 474 parvum,
3088 417 3253 462 totum
3295 411 3613 465 benedicen-

2033 489 2162 544 dum
2192 500 2356 546 curet.
2389 493 2543 561 Atqui
2562 495 2604 547 si
2635 495 2879 561 primitiae
2905 537 2920 560 ,
2947 496 3087 552 dicet
3109 499 3390 568 quispiam,
3411 513 3610 568 essent,

2035 582 2262 649 primum
2291 583 2459 651 ipsum
2484 583 2746 638 hominem
2770 596 3098 652 procreatum
3127 587 3303 642 οπεηῆ
3330 593 3561 658 oportuit
3591 609 3604 643 :

2035 673 2279 742 primitiae
2324 674 2464 727 enim
2511 683 2654 739 sunt,
2686 691 2804 744 qua:
2838 677 3060 745 primum
3105 680 3392 745 tolluntur,
3423 692 3476 735 et
3505 687 3612 752 pri-

2035 776 2179 814 mum
2205 763 2519 830 germinant.
2553 763 2666 818 Non
2693 775 2816 819 sunt
2859 768 3100 835 primitiae
3124 772 3424 834 censendm,
3447 775 3613 826 caris-

2034 851 2188 916 sime,
2218 852 2260 905 si
2289 852 2514 920 primum
2565 854 2790 909 fructum
2817 857 3165 914 obtulerimus
3183 862 3372 916 exilem
3396 873 3450 917 et
3485 881 3614 917 eva-

2035 949 2362 1008 nescentem,
2381 943 2471 997 sed
2501 945 2546 998 si
2577 947 2796 1013 probum
2817 957 2973 1017 atque
2992 949 3281 1019 perfectum
3302 951 3607 1008 oliuramus.

2034 1031 2292 1096 Quoniam
2340 1034 2494 1102 igitur
2537 1035 2738 1091 fractus
2780 1038 2866 1092 ille
2895 1049 3111 1107 peccato
3161 1041 3420 1098 obnoxius
3471 1058 3608 1104 erat,

2036 1123 2155 1178 ideo
2181 1139 2284 1177 non
2313 1134 2396 1179 est
2414 1126 2644 1193 oblatus,
2675 1130 2834 1183 etiam
2864 1130 2907 1184 si
2945 1135 3144 1199 primus
3163 1143 3304 1187 esset
3332 1150 3346 1199 ;
3375 1143 3430 1188 at
3465 1134 3551 1189 hic
3575 1153 3608 1188 ει

2025 1223 2251 1280 peccato
2281 1215 2416 1269 liber
2442 1227 2557 1270 erat
2582 1234 2594 1282 ;
2629 1218 2852 1289 ideoque
2882 1220 3093 1274 oblatus
3119 1233 3222 1288 est,
3269 1224 3392 1279 licet
3424 1237 3606 1294 postc-

2033 1305 2143 1356 rius
2165 1305 2426 1359 exstiterit
2450 1324 2464 1360 :
2488 1306 2568 1359 lia:
2598 1310 2740 1362 enim
2765 1319 2888 1363 sunt
2915 1311 3182 1380 primitiae.

2101 1395 2152 1448 5.
2179 1394 2245 1448 Et
2274 1405 2329 1448 ut
2353 1397 2544 1458 discas,
2578 1415 2682 1452 non
2717 1401 2938 1468 primum
2966 1410 3348 1471 germinantem
3379 1407 3603 1461 fructum

2030 1487 2291 1554 primitias
2316 1489 2438 1552 dici,
2487 1488 2580 1543 sed
2612 1491 2911 1558 probatum,
2955 1509 3296 1561 generosum,
3341 1507 3393 1551 et
3418 1499 3504 1567 qui
3535 1499 3601 1551 ad

2029 1574 2262 1641 vigorem
2311 1587 2668 1646 opportunum
2716 1581 3192 1654 perfectionemque
3234 1588 3528 1654 perveniat,
3576 1606 3606 1640 σε

2032 1663 2319 1732 Scripturis
2367 1667 2456 1718 tibi
2487 1667 2793 1737 dcpromam
2827 1673 3184 1727 testimonium
3220 1689 3234 1726 :
3267 1676 3328 1729 Si
3352 1677 3604 1746 ingressus

2031 1757 2184 1826 fueris
2209 1757 2259 1808 in
2285 1767 2467 1810 terram
2491 1761 2851 1826 promissionis,
2875 1779 3022 1830 quant
3055 1763 3298 1817 Dominus
3329 1765 3466 1832 Deus,
3493 1777 3607 1819 tuus

2027 1847 2117 1898 dat
2145 1849 2249 1912 tibi,
2288 1849 2494 1918 Moyses
2518 1850 2584 1903 ad
2615 1852 2866 1919 populum
2910 1854 3004 1918 ait,
3045 1864 3091 1906 et
3118 1855 3423 1924 plantaveris
3456 1859 3508 1910 in
3546 1876 3603 1910 ea

2029 1954 2175 1990 omne
2215 1939 2407 2007 lignum
2437 1941 2756 2010 pomiferum,
2791 1943 2980 2011 faciens
3024 1947 3245 2013 fructum
3290 1947 3357 1998 ad
3399 1963 3603 2000 vesceno

2028 2028 2169 2094 dum,
2206 2030 2362 2082 tribus
2389 2032 2535 2084 annis
2570 2049 2670 2084 non
2699 2034 2961 2086 mundabis
3005 2037 3224 2104 fructum
3252 2037 3359 2106 ejus
3382 2051 3402 2092 :
3423 2051 3603 2107 quarto

2026 2130 2191 2171 autem
2217 2135 2350 2172 anno
2379 2123 2569 2191 fructus
2588 2122 2698 2191 ejus
2723 2133 2925 2177 sanctus
2954 2125 3045 2177 erit
3065 2125 3283 2179 Domino
3307 2127 3487 2197 (Leuit.
3512 2131 3599 2184 19.

2026 2208 2114 2260 25.
2132 2207 2248 2276 21).
2283 2209 2437 2276 Atqui
2456 2210 2499 2262 si
2517 2220 2695 2262 essent
2724 2213 2966 2279 primitiae
2981 2215 3278 2284 primusqui
3298 2217 3602 2284 producitur

2019 2296 2247 2361 fructus,
2267 2315 2385 2352 eum
2404 2301 2491 2368 qui
2510 2301 2680 2368 primo
2695 2315 2832 2355 anno
2847 2305 3161 2358 nascebatur
3175 2306 3351 2360 oll‘erri
3381 2307 3603 2361 Domino

2025 2391 2323 2458 oportebat.
2351 2391 2498 2445 Nunc
2521 2407 2650 2447 vero
2675 2393 2749 2446 ait
2776 2411 2788 2446 :
2817 2392 2998 2448 Tribus
3040 2397 3186 2450 annis
3215 2413 3314 2450 non
3341 2399 3605 2452 mundabis

2027 2484 2245 2551 fructum
2287 2483 2397 2552 ejus
2423 2483 2555 2537 :sed
2596 2484 2860 2554 relinques
2907 2485 3087 2551 illum,
3141 2499 3417 2556 prepterea
3461 2490 3603 2558 quod

2019 2571 2246 2626 evanida
2271 2572 2446 2627 adhuc
2471 2583 2524 2627 et
2547 2573 2806 2629 imbecilla
2835 2585 2916 2629 est
2937 2577 3117 2642 arbor,
3157 2587 3212 2630 et
3235 2577 3435 2633 fructus
3463 2595 3601 2648 pra:-

2025 2677 2179 2716 coces
2205 2671 2260 2716 et
2287 2663 2574 2717 immaturi.
2619 2664 2816 2731 Quarto
2853 2676 3030 2720 autem
3075 2683 3235 2734 anno,
3269 2669 3454 2738 inquit,
3487 2670 3602 2724 fru-

2023 2761 2141 2806 ctus
2183 2752 2298 2821 ejus
2341 2763 2555 2808 sanctus
2599 2755 2701 2808 erit
2743 2755 2984 2808 Domino.
3025 2757 3092 2810 Et
3117 2757 3168 2810 in
3201 2757 3300 2811 hoc
3325 2773 3487 2814 cerne
3514 2776 3603 2813 sa-

2024 2842 2274 2911 pientiam
2316 2843 2652 2912 legislatoris,
2699 2847 2787 2914 qui
2831 2846 2920 2900 illo
2944 2847 3084 2901 vesci
3110 2862 3215 2902 non
3245 2850 3502 2917 permisit,
3535 2867 3602 2903 ne

2026 2945 2150 2988 ante
2177 2933 2340 2988 Deum
2371 2936 2647 3004 quisquam
2677 2935 2900 2990 fructum
2927 2948 3190 2992 sumeret:
3223 2955 3394 3009 neque
3422 2939 3601 2994 oﬂ‘erri

2024 3023 2171 3078 illum
2214 3025 2500 3090 mandavit,
2551 3042 2618 3080 ne
2655 3027 2852 3082 crudus
2897 3039 2950 3082 et
2989 3029 3302 3083 immaturus
3352 3030 3604 3085 oderatur

2028 3114 2270 3169 Domino.
2321 3115 2426 3170 Sed
2473 3116 2699 3182 dimitte,
2741 3118 2925 3187 inquit,
2969 3119 3090 3188 quia
3134 3119 3337 3188 primus
3381 3130 3502 3176 est:
3531 3138 3604 3177 ue

2023 3204 2215 3260 olferas
2239 3215 2435 3273 autem,
2463 3207 2708 3276 quoniam
2732 3209 2976 3278 indignus
2992 3220 3073 3263 est
3098 3209 3301 3266 honore
3325 3223 3604 3282 acceptan-

2029 3297 2120 3350 tis.
2153 3297 2312 3352 Vides
2339 3314 2465 3367 ergo
2493 3315 2595 3352 non
2627 3301 2853 3368 primum
2885 3299 3132 3367 fructum,
3159 3303 3246 3372 qui
3277 3305 3602 3372 producitur,

2025 3386 2116 3439 sed
2148 3387 2341 3441 bonum
2387 3396 2546 3458 atque
2590 3391 2866 3460 probatum
2912 3393 3165 3460 primitias
3189 3395 3314 3448 dici.
3343 3395 3411 3448 Et
3438 3398 3550 3450 haec
3571 3413 3602 3448 a

2025 3479 2178 3532 nobis
2195 3487 2410 3549 propter
2433 3496 2668 3548 carnem,
2695 3500 2852 3553 quam
2878 3486 3086 3550 obtulit,
3113 3486 3251 3540 dicta
3277 3497 3418 3541 sunt.
3439 3487 3605 3542 Obtu-

2024 3569 2086 3623 lit
2110 3585 2234 3639 ergo
2263 3572 2338 3641 (α)
2366 3573 2622 3642 primitias
2669 3587 2864 3630 nostra:
2910 3587 3110 3632 natura!
3157 3578 3318 3642 Patri,
3349 3587 3508 3647 atque
3531 3579 3604 3631 ita

2023 3661 2222 3716 donum
2250 3663 2484 3718 oblatum
2513 3665 2802 3722 admiratus
2827 3677 2908 3722 est
2933 3669 3107 3732 Pater,
3131 3679 3343 3737 propter
3371 3670 3601 3738 dignita-

2025 3760 2130 3807 tem
2160 3753 2427 3810 oﬂ'erentis
2455 3755 2842 3828 puritatcmque
2886 3759 3049 3827 ipsius
3079 3759 3262 3823 oblati,
3294 3768 3350 3812 ut
3377 3761 3604 3829 propriis

2025 3843 2150 3897 illud
2200 3845 2440 3899 manibus
2486 3848 2768 3916 acceperit,
2814 3849 3021 3917 sibique
3067 3851 3363 3916 proximum
3402 3851 3604 3903 consti-

2025 3937 2202 4000 tuerit,
2232 3935 2414 3991 dicens
2438 3955 2452 3991 :
2484 3937 2618 3992 Sede
2637 3955 2669 3990 a
2694 3940 2884 3993 dextris
2900 3942 3021 3994 meis
3043 3939 3217 4008 (Psal.
3248 3942 3366 3996 109.
3392 3941 3470 4008 1).
3496 3939 3604 3994 Sed

2025 4024 2090 4079 ad
2118 4041 2274 4094 quam
2316 4027 2449 4081 dixit
2488 4015 2732 4081 naturam
2781 4029 2944 4092 Deus,
2990 4029 3123 4084 Sede
3169 4047 3202 4082 a
3228 4029 3416 4084 dextris
3443 4031 3606 4083 meis?
3698 4016 3705 4020 ’

2024 4117 2383 4172 Clarissimum
2427 4128 2528 4182 est,
2575 4119 2641 4173 ad
2667 4134 2784 4172 eam
2828 4120 2929 4172 hoc
2957 4120 3176 4184 dictum,
3218 4136 3336 4188 qua:
3365 4120 3602 4173 audivit:

2027 4209 2182 4263 Terra
2215 4226 2302 4275 es,
2347 4220 2393 4263 et
2434 4211 2487 4263 in
2515 4218 2698 4263 terram
2738 4211 2993 4264 reverteris
3021 4209 3171 4280 (Gen.
3195 4212 3249 4266 3.
3279 4211 3388 4281 19).
3419 4210 3607 4265 Nonne

2025 4299 2154 4352 satis
2179 4308 2293 4354 erat
2317 4314 2570 4370 superare
2593 4300 2786 4354 caelos?
2810 4315 2986 4354 nonne
3013 4299 3142 4356 satis
3165 4309 3281 4356 erat
3303 4315 3422 4355 cum
3445 4315 3604 4370 ange-

2027 4392 2094 4445 lis
2121 4393 2445 4447 consistere?
2486 4407 2553 4447 an
2596 4407 2702 4447 non
2743 4401 2885 4448 esset
2909 4395 3067 4448 etiam
3099 4394 3184 4448 hic
3227 4393 3395 4448 honos
3421 4393 3604 4449 inetia-

2028 4480 2185 4534 bilis?
2230 4483 2300 4534 At
2340 4482 2578 4536 ascendit
2617 4499 2776 4551 super
2800 4484 3036 4552 angelos,
3068 4484 3352 4553 prteterivit
3379 4484 3606 4538 archan-

2027 4572 2194 4640 gelos,
2228 4573 2497 4640 superavit
2519 4571 2826 4637 Clterubim,
2858 4574 3096 4628 ascendit
3114 4589 3270 4643 supra
3301 4574 3604 4643 Seraphim,

2029 4674 2432 4732 praetergressus
2472 4673 2556 4719 est
2600 4665 2896 4721 Potestates
2925 4706 2941 4728 ,
2987 4681 3084 4721 nec
3153 4667 3301 4735 prius
3348 4667 3600 4731 substitit,

2027 4769 2184 4822 quam
2218 4754 2464 4808 thronum
2493 4755 2663 4824 ipsum
2696 4756 2904 4810 Domini
2933 4756 3358 4824 comprehendit.
3389 4755 3504 4810 Non
3530 4758 3610 4810 vi-

2026 4845 2122 4900 des
2149 4846 2274 4915 quid
2317 4847 2545 4900 medium
2569 4861 2600 4899 a
2629 4848 2760 4901 cmlo
2787 4847 2854 4901 ad
2896 4850 3130 4902 terram?
3158 4847 3252 4902 sed
3277 4847 3345 4900 ab
3374 4848 3481 4902 imo
3510 4863 3610 4917 po-

2030 4937 2460 5008 tiusincipiamus
2481 4955 2614 4993 :non
2635 4940 2783 4994 vides
2811 4939 2878 4994 ab
2900 4940 3104 4995 inferno
3131 4939 3194 4996 ad
3224 4949 3419 4996 terram
3449 4941 3610 4994 inter-

2031 5029 2222 5083 vallum
2249 5032 2539 5100 quantum?
2578 5047 2763 5086 rursus
2803 5047 2833 5086 a
2861 5040 2998 5086 terra
3026 5033 3080 5086 in
3118 5033 3342 5088 omium?
3368 5048 3552 5088 rursus
3578 5047 3606 5085 a

2029 5121 2161 5174 caelo
2199 5120 2264 5174 ad
2307 5121 2497 5176 caelum
2541 5123 2834 5188 sublimius,
2877 5131 2933 5178 et
2971 5123 3038 5178 ab
3078 5123 3166 5178 illo
3193 5123 3258 5176 ad
3279 5124 3512 5193 angelos,
3543 5121 3609 5175 ad

2029 5211 2398 5280 archangelos,
2444 5211 2509 5266 ad
2557 5227 2813 5281 supernas
2837 5212 3155 5280 Potestates,
3186 5214 3252 5267 ad
3283 5214 3453 5283 ipsum
3478 5227 3610 5281 quo-

2029 5316 2132 5370 que
2177 5302 2421 5356 thronum
2459 5305 2732 5372 regalem?
2759 5305 2926 5373 Supra
2956 5304 3057 5360 hoc
3083 5313 3252 5358 totum
3277 5303 3606 5358 intervallum

2031 5405 2094 5446 ac
2137 5393 2363 5461 spatium
2407 5403 2646 5448 naturam
2678 5404 2912 5450 nostram
2959 5396 3190 5450 sustulit.
3233 5395 3401 5448 Cerne
3447 5407 3606 5462 quam

2033 5483 2216 5538 lmmili
2246 5495 2368 5539 ante
2397 5487 2512 5540 loco
2555 5487 2641 5542 illa
2683 5497 2816 5552 erat,
2851 5497 2904 5542 et
2947 5504 3102 5559 quam
3131 5487 3236 5541 alte
3264 5485 3559 5540 ascenderit
3593 5502 3607 5538 :

2096 5639 2166 5705 (α)
2199 5644 2371 5689 locum
2401 5642 2542 5705 hunc.
2581 5642 2756 5692 obtulit
2786 5655 2917 5705 ergo,
2947 5650 3060 5701 etc.,
3106 5647 3199 5689 Leo
3241 5647 3360 5703 Papa
3387 5639 3526 5690 effert
3553 5638 3609 5687 ad

2033 5701 2211 5751 calcem
2239 5704 2455 5763 epistolae
2486 5705 2589 5754 131.
