4038 6204
415 271 516 328 447

419 397 590 452 neque
636 380 777 435 enim
809 375 1133 435 descendere
1172 376 1407 429 licuisset
1435 371 1671 435 inferius,
1702 382 1859 438 quam
1888 379 1996 435 quo

421 471 769 528 descenderat
798 470 978 535 homo,
1011 483 1181 536 neque
1201 464 1486 520 ascendere
1513 460 1810 524 sublimius,
1839 471 1998 527 quam

421 579 526 632 quo
560 579 681 616 eum
727 575 909 614 rursus
953 567 1205 613 evexerat
1249 555 1512 609 Christus.
1555 555 1726 620 Atque
1751 550 1849 603 ista
1880 563 2003 618 per.

371 641 376 678 ῗ
421 655 602 722 spicue
645 652 837 706 Paulus
867 649 1110 704 dicebat:
1145 647 1244 712 Qui
1285 643 1556 706 descendit,
1596 642 1704 712 ipse
1742 649 1812 693 est
1837 639 1924 707 qui
1952 646 1999 690 et

378 751 380 760 ‘
421 744 645 797 ascendit
671 741 882 812 (Ep/tes.
907 739 1090 806 4.10).
1114 738 1182 791 ΕΙ.
1198 752 1302 806 quo
1321 733 1624 791 descendit?
1650 731 1717 785 In
1739 729 2000 801 inferiores

426 845 594 903 partes
632 841 779 886 teme
818 830 928 900 (1b.
961 845 1008 883 v.
1039 829 1094 898 9)
1121 844 1135 892 ;
1163 827 1401 881 ascendit
1424 834 1598 879 autem
1630 837 1786 892 supra
1815 835 2000 875 omnes

423 924 608 978 cados.
639 921 792 976 Disce
812 921 930 990 quis
953 918 1272 978 ascenderit,
1295 926 1349 970 et
1375 913 1672 983 cujusmodi
1701 921 1910 975 natura,
1937 925 2000 964 ac

426 1010 867 1081 quemadmodum
911 1016 1067 1064 antea
1109 1023 1227 1062 sese
1274 1006 1535 1060 haberet:
1587 1003 1815 1057 libenter
1856 1000 1999 1055 enim

429 1117 612 1157 versor
635 1103 778 1156 circa
806 1101 1066 1155 vilitatem
1093 1099 1302 1169 generis
1329 1098 1512 1160 nostri,
1559 1104 1615 1150 ut
1655 1094 2002 1150 excellentius

428 1194 704 1258 honorem,
735 1193 821 1264 qui
853 1208 883 1246 a
915 1192 1233 1262 benignitate
1267 1189 1472 1242 Domini
1500 1187 1563 1242 ad
1591 1201 1689 1240 nos
1713 1186 1999 1251 derivatur,

428 1284 742 1352 perdiscam.
773 1283 936 1338 Terra
962 1292 1014 1338 et
1057 1284 1190 1336 cinis
1231 1296 1442 1336 eramus
1485 1293 1580 1333 nos
1605 1297 1620 1333 :
1647 1279 1738 1332 sed
1770 1277 2002 1331 nondum

427 1375 532 1430 hoc
555 1376 746 1444 culpa:
777 1384 977 1427 naturae
1004 1375 1145 1428 enim
1183 1372 1459 1426 inﬁrmitas
1493 1379 1626 1424 erat.
1669 1367 2004 1422 lrrationabi-

427 1465 566 1519 libus
591 1464 711 1518 facti
739 1478 924 1519 sumus
950 1463 1340 1531 insipientiores
1375 1480 1389 1516 :
1416 1459 1748 1528 Comparatus
1767 1468 1838 1512 est
1861 1459 2002 1512 enim

427 1556 662 1621 iumentis
708 1555 1050 1624 insipientibus
1089 1555 1255 1616 homo,
1301 1562 1346 1606 et
1380 1551 1558 1604 similis
1601 1555 1762 1620 {actus
1806 1558 1876 1602 est
1901 1547 2006 1601 illis

427 1646 600 1716 (Psal.
651 1647 741 1701 48.
784 1647 904 1716 21).
963 1644 1332 1699 Animantibus
1395 1651 1572 1696 autem
1617 1639 2006 1694 irrationalibus

427 1737 543 1789 ﬁeri
573 1735 764 1790 similis
793 1735 894 1788 hoc
920 1744 1003 1788 est
1044 1733 1276 1786 detetior
1306 1731 1427 1785 illis.
1471 1729 1740 1800 Siquidem
1788 1729 2006 1781 rationis

427 1837 698 1896 expertem
720 1841 838 1880 esse
863 1835 1072 1891 natura,
1094 1833 1148 1878 et
1169 1825 1246 1877 sic
1273 1837 1602 1892 permanere,
1632 1818 1872 1873 naturale
1895 1826 2004 1872 est:

426 1917 524 1970 sed
554 1924 730 1970 mente
759 1930 821 1968 ac
860 1914 1064 1968 ratione
1093 1922 1309 1966 ornatos
1352 1912 1404 1965 in
1436 1912 1576 1964 illam
1605 1909 1886 1963 amentiam
1914 1907 2008 1960 de-

429 2008 555 2074 labi,
601 2008 885 2062 voluntatis
931 2015 1013 2060 est
1055 2006 1226 2073 culpa.
1261 2003 1440 2073 Itaque
1469 2017 1588 2056 cum
1613 2001 1843 2054 audieris
1867 1997 2007 2069 quod

427 2099 613 2152 similis
639 2097 808 2152 factus
835 2098 902 2151 sit
929 2096 1148 2150 rationis
1171 2094 1498 2163 expertibus,
1526 2107 1591 2146 ne
1616 2090 1888 2146 arbitreris
1909 2090 2010 2144 hoc

427 2191 626 2255 dicere,
673 2197 730 2242 ut
771 2189 1016 2241 ostendat
1058 2188 1300 2240 homines
1327 2200 1446 2239 esse
1489 2184 1676 2238 belluis
1706 2197 1878 2252 pares,
1915 2181 2009 2235 sed

431 2281 534 2333 illis
560 2278 766 2348 pejores
806 2277 1086 2332 ostendere
1130 2276 1382 2330 voluisse.
1433 2275 1640 2328 Etenim
1669 2273 1886 2326 rationis
1911 2287 2006 2326 ex-

432 2372 669 2440 pertibus
709 2371 974 2424 evasimus
1018 2369 1224 2438 pejores
1268 2377 1321 2420 et
1349 2366 1655 2420 insulsiores
1683 2383 1697 2418 :
1725 2377 1832 2418 non
1868 2361 2010 2432 quod

432 2473 489 2516 ut
519 2463 759 2515 homines
786 2460 910 2514 illuc
935 2459 1135 2528 delapsi
1165 2460 1350 2523 simus,
1380 2468 1435 2511 at
1459 2456 1597 2526 quod
1619 2455 1780 2509 etiam
1805 2455 1873 2508 ad
1899 2469 2010 2508 ma-

429 2555 598 2622 jorem
641 2551 1064 2621 ingratitndinetn
1110 2549 1512 2618 prosilierimus.
1562 2547 1630 2600 Et
1673 2547 1772 2601 hoc
1807 2543 2010 2616 patefa-

431 2644 577 2698 ciens
606 2644 766 2698 lsaias
789 2643 994 2696 dicebat
1017 2660 1031 2696 :
1054 2639 1294 2711 Cognovit
1319 2641 1406 2694 bos
1427 2656 1755 2710 possessorem
1776 2656 1942 2704 suum,
1965 2647 2012 2692 et

431 2737 604 2790 asinus
640 2750 860 2805 praesepe
891 2734 1082 2787 domini
1120 2735 1235 2798 sui;
1274 2731 1439 2787 Israel
1473 2741 1639 2784 autem
1674 2747 1754 2784 me
1781 2747 1882 2783 non
1921 2745 2011 2783 co-

434 2828 601 2898 gnovit
629 2826 781 2895 (Isai.
808 2826 858 2880 1.
889 2826 964 2894 5).
1007 2824 1270 2879 Cat-terum
1312 2839 1416 2876 non
1443 2822 1827 2876 coniundamur
1853 2835 2014 2890 super

437 2919 701 2988 prioribus
726 2935 738 2971 :
773 2917 870 2972 Ubi
897 2918 1037 2971 enim
1067 2915 1334 2969 abundavit
1359 2915 1616 2978 delictum,
1645 2913 2014 2982 superabunda-

435 3013 502 3064 vit
531 3021 577 3064 et
617 3010 781 3081 gratia
807 3009 978 3080 (llam.
1009 3009 1063 3062 5.
1089 3007 1207 3078 20).
1249 3007 1432 3060 Vidisti
1471 3005 1736 3076 quomodo
1763 3005 2015 3073 jumentis

436 3102 825 3171 insipientiores
869 3115 1120 3156 eramus:
1150 3101 1298 3169 cupis
1340 3108 1395 3152 et
1424 3098 1719 3154 volucribus
1762 3097 1891 3166 ipsis
1917 3111 2015 3152 nos

439 3193 909 3248 irrationabiliores
941 3191 1218 3262 aspicere?
1248 3189 1456 3256 Turtur,
1489 3199 1534 3242 et
1561 3189 1798 3254 hirundo,
1827 3198 1872 3242 et
1900 3205 2016 3257 pas-

437 3300 570 3336 seres
596 3284 706 3354 agri
748 3295 1080 3352 cognoverunt
1119 3295 1314 3352 tempus
1360 3282 1598 3334 adventus
1645 3281 1720 3333 sui
1745 3295 1764 3333 :
1802 3281 2017 3350 populus

439 3385 607 3427 autem
650 3390 787 3426 meus
828 3389 927 3427 non
970 3375 1197 3442 cognovit
1235 3373 1436 3442 judicia
1482 3388 1592 3425 mea
1635 3371 1768 3442 (Jer.
1815 3372 1869 3426 8.
1913 3373 2015 3442 7).

441 3463 582 3519 Ecce
625 3473 680 3518 et
724 3465 887 3518 asinis
925 3471 980 3518 et
1025 3465 1214 3532 bobus,
1241 3479 1367 3518 ecce
1393 3472 1448 3517 et
1466 3464 1786 3529 volucribus,
1816 3473 2018 3518 turture

441 3565 600 3626 atque
643 3555 924 3610 hirundine
969 3570 1067 3610 nos
1109 3555 1498 3624 insipientiores
1548 3556 1893 3608 ostendimur.
1929 3554 2019 3610 Vis

446 3647 652 3701 discere
699 3656 752 3700 et
797 3646 953 3699 aliam
985 3654 1217 3699 nostram
1245 3644 1639 3713 insipientiam?
1667 3644 1748 3698 Ad
1773 3643 2020 3698 formicas

446 3753 657 3808 quoque
673 3752 788 3803 nos,
809 3748 862 3792 ut
883 3738 950 3791 ab
971 3738 1034 3790 iis
1049 3736 1335 3800 discamus,
1364 3735 1602 3798 remittit;
1623 3735 1691 3787 ita
1727 3733 2020 3788 naturalem

447 3839 679 3882 tuentem
700 3827 1074 3881 amiseramus:
1112 3825 1248 3879 Vade
1275 3827 1414 3879 enim
1441 3825 1508 3878 ad
1537 3825 2020 3896 formicam,iuquit,

445 3928 490 3973 et
509 3918 777 3972 considera
798 3919 902 3972 vias
920 3920 1031 3988 ejus
1044 3917 1226 3989 (Prov.
1243 3919 1295 3972 ϐ.
1312 3917 1388 3988 6).
1411 3915 1669 3971 Formica?
1691 3917 1810 3970 facti
1839 3931 2023 3972 sumus

448 4012 712 4081 discipuli,
727 4026 824 4065 nos
842 4013 930 4082 qui
957 4011 1020 4066 ad
1036 4012 1314 4081 imaginem
1334 4011 1425 4066 Dei
1447 4009 1566 4064 facti
1587 4025 1826 4064 eramus:
1843 4019 1896 4063 at
1917 4025 2023 4065 non

451 4105 650 4175 quinos
671 4103 815 4168 fecit,
844 4114 927 4158 est
945 4114 1148 4167 auctor,
1162 4101 1256 4157 sed
1277 4117 1374 4156 nos
1392 4103 1489 4172 ipsi
1512 4103 1600 4172 qui
1618 4103 1894 4171 imaginem
1907 4102 2025 4170 ejus

449 4199 679 4253 retinere
709 4199 993 4252 noluimus.
1031 4198 1095 4250 Et
1122 4196 1247 4266 quid
1271 4195 1391 4250 dico
1421 4197 1690 4250 formicis?
1718 4197 1824 4249 imo
1850 4196 2024 4265 lapidi-

450 4291 550 4344 bus
572 4291 700 4359 ipsis
746 4289 1063 4358 stupidiores
1084 4290 1366 4341 evasimus.
1399 4287 1559 4341 Visne
1603 4287 1791 4340 horum
1819 4301 2027 4355 quoque

451 4380 714 4450 proferam
739 4379 1134 4434 testimonium?
1161 4379 1344 4432 Audite
1361 4379 1609 4432 convalles
1635 4389 1678 4431 et
1701 4379 2028 4447 fundamenta

452 4484 633 4537 terra;
669 4474 786 4542 quia
807 4473 1057 4542 judicium
1093 4470 1308 4524 Domino
1332 4471 1567 4523 adversus
1601 4471 1842 4539 populant
1881 4485 2028 4522 suum

453 4561 640 4631 (Mich.
682 4562 734 4616 6.
781 4561 860 4632 2).
887 4562 1018 4616 Cum
1065 4560 1366 4614 hominibus
1409 4559 1662 4629 judicium
1701 4573 1943 4622 exerces,
1975 4568 2028 4613 et

454 4670 611 4709 vocas
658 4655 994 4708 fundamenta
1047 4653 1240 4706 terrae?
1284 4651 1393 4705 lmo
1435 4667 1560 4704 vero
1589 4652 1756 4720 inquit
1783 4665 1796 4703 :
1827 4665 1944 4703 nam
1975 4661 2030 4704 et

455 4757 612 4801 terrae
654 4745 1009 4801 fundamentis
1053 4745 1351 4800 stolidiores
1391 4753 1515 4798 sunt
1557 4743 1819 4798 homines.
1859 4745 2028 4812 Quem

455 4856 584 4909 ergo
623 4841 793 4893 adhuc
847 4840 1040 4910 quaeris
1071 4841 1122 4894 in
1153 4839 1213 4893 iis
1240 4853 1518 4893 excessum
1563 4837 1793 4903 malitia},
1820 4837 2030 4907 quando

454 4945 509 4986 et
535 4933 698 4985 asinis
740 4927 1076 5001 stupidiores,
1124 4940 1176 4986 et
1219 4931 1389 4985 hohus
1433 4929 1930 4993 irrationabiliores,
1975 4939 2030 4983 et

455 5022 737 5078 hirundine
760 5037 823 5076 ac
850 5032 1050 5078 turture
1092 5023 1421 5092 ingratiores,
1463 5032 1514 5075 et
1541 5020 1774 5074 formicis
1809 5021 2029 5074 demen—

454 5116 638 5180 tiores,
668 5115 896 5185 ipsisque
918 5114 1177 5184 lapidibus
1219 5113 1556 5184 stupidiores,
1584 5113 1710 5182 quin
1736 5122 1789 5167 et
1813 5127 2030 5181 serpen-

454 5206 582 5258 tium
611 5205 809 5260 similes
837 5205 1143 5259 videamur?
1185 5203 1354 5257 Furor
1382 5205 1522 5258 enim
1560 5205 1682 5268 illis,
1723 5203 1908 5270 inquit,
1947 5219 2028 5256 se-

453 5297 672 5350 cundant
701 5298 1083 5351 similitudinem
1113 5297 1354 5366 serpentis
1377 5310 1394 5347 :
1415 5311 1652 5348 venenum
1679 5295 1912 5362 aspidum
1939 5295 2029 5348 sub

455 5389 599 5442 labiis
625 5407 796 5442 eorum
838 5388 1006 5458 (Psal.
1044 5390 1132 5442 57.
1159 5390 1211 5442 4.
1257 5398 1302 5441 et
1333 5390 1418 5442 15.
1443 5388 1520 5458 5).
1567 5388 1702 5456 Quid
1746 5399 1919 5442 autem
1948 5399 2030 5443 est

453 5497 588 5551 opus
611 5482 831 5536 rationis
855 5483 1150 5549 expertium
1194 5489 1462 5548 stuporem
1492 5489 1649 5548 atque
1687 5481 2026 5536 stoliditatem

454 5587 891 5636 commemorare,
923 5571 1132 5642 quando
1163 5581 1218 5625 et
1261 5571 1423 5638 ipsius
1452 5569 1644 5624 diaboli
1677 5572 1918 5628 videmur
1939 5576 2026 5628 lilii

456 5663 615 5718 diui?
653 5662 750 5719 Vos
771 5664 934 5732 enim,
960 5662 1147 5733 inquit,
1166 5662 1261 5733 ﬁlii
1291 5660 1476 5716 diaboli
1495 5662 1609 5718 estis
1632 5662 1810 5736 (Joan.
1835 5665 1886 5719 8.
1908 5667 2020 5734 44).

1101 265 1158 320 S.
1197 261 1470 320 JOANNIS
1505 250 1976 314 CIIRYSOSTOMI
2016 247 2336 304 ARCHIEP.
2376 245 2906 303 CONSTANTINOP.

3563 254 3673 310 448

2176 361 2229 416 4.
2272 359 2646 416 Verumtamen
2676 374 2771 414 nos
2791 357 2982 427 stupidi
3003 367 3160 428 atque
3185 359 3396 430 ingrati,
3422 363 3683 434 insipien.

2105 460 2206 515 tes,
2229 460 2282 505 et
2307 449 2568 519 lapidibus
2610 449 2739 519 ipsis
2784 447 3219 516 insensibiliores,
3242 451 3329 518 qui
3361 453 3564 508 cunctis
3602 455 3684 509 in-

2101 541 2324 598 feriores
2363 557 2575 597 eramus
2599 581 2614 606 ,
2639 541 3004 610 -~ahjectissimi
3045 549 3204 611 atque
3258 543 3499 598 vilissimi
3532 562 3546 597 :
3581 563 3686 615 quo

2106 644 2260 704 pacto
2310 634 2481 690 dicam
2515 634 2614 707 (α),
2655 643 2746 688 aut
2798 633 2924 703 quid
2965 632 3202 704 eloquar,
3232 636 3500 704 quomodo
3547 637 3686 692 istud

2108 728 2326 783 verbum
2377 727 2930 784 ell‘eram?‘\"ilissima
2957 727 3045 781 illa
3085 737 3264 780 nostra
3315 738 3539 796 natura,
3565 745 3688 800 qua:

2103 819 2310 873 cunctis
2336 818 2668 888 insipientior
2691 826 2822 882 erat,
2845 818 3048 872 cunctis
3075 827 3156 872 est
3179 817 3336 872 hodie
3357 817 3496 874 facta
3522 821 3692 877 subli-

2105 910 2262 964 mior.
2288 909 2455 964 Hodie
2491 921 2868 978 recuperarunt
2907 909 3100 977 angeli,
3129 909 3270 978 quod
3313 910 3513 966 dudum
3541 912 3687 968 desi-

2103 999 2465 1055 deraverant:
2499 999 2655 1054 hodie
2697 1010 3016 1069 aspexerunt
3051 1001 3387 1070 archangeli,
3412 1003 3551 1070 quod
3597 1003 3690 1058 diu

2105 1092 2485 1161 concupierant
2507 1108 2521 1143 :
2541 1091 2699 1145 hodie
2715 1101 2946 1145 nostram
2971 1100 3209 1144 naturam
3232 1091 3298 1146 de
3316 1091 3506 1145 throno
3525 1095 3690 1163 regali

2107 1180 2326 1252 fulgoris
2357 1183 2523 1236 instar
2551 1182 2978 1251 resplendentem
3001 1183 3168 1251 gloria
3210 1191 3263 1236 et
3301 1183 3690 1252 pulchritudine

2108 1275 2395 1329 immortali
2422 1274 2688 1329 viderunt.
2718 1273 2774 1328 Id
2795 1274 2934 1329 enim
2965 1276 3131 1327 multo
3163 1284 3287 1328 ante
3316 1275 3690 1331 desiderabant

2107 1365 2302 1435 angeli,
2331 1375 2386 1420 et
2423 1367 2869 1434 concupiscebant
2905 1365 3232 1434 archangeli.
3263 1364 3393 1420 Nam
3431 1367 3552 1421 licet
3596 1383 3692 1422 eos

2109 1468 2295 1510 natura
2317 1456 2544 1510 humana
2570 1471 2828 1511 concesso
2852 1457 2952 1511 sibi
2981 1456 3184 1511 honore
3209 1469 3518 1526 superaret,
3549 1467 3691 1513 atta-

2111 1564 2230 1602 men
2253 1549 2320 1602 de
2342 1549 2493 1602 bonis
2520 1549 2715 1602 nostris
2743 1547 3077 1618 gaudebant:
3109 1564 3230 1602 nam
3258 1558 3312 1602 et
3331 1551 3540 1619 quando
3564 1565 3691 1605 cru-

2110 1639 2402 1704 ciabamur,
2455 1639 2740 1704 dolebant;
2776 1649 2829 1695 et
2867 1639 2990 1694 licet
3023 1639 3309 1694 Cberubim
3361 1641 3694 1698 custodirent

2112 1731 2448 1801 paradisum,
2481 1732 2649 1786 vicem
2674 1742 2848 1788 tamen
2879 1742 3113 1788 nostram
3159 1734 3429 1788 dolebant.
3463 1735 3529 1790 Et
3555 1737 3692 1791 sicut

2112 1824 2372 1888 minister,
2395 1838 2709 1878 conservum
2741 1839 2808 1878 ex
2851 1823 3100 1878 mandato
3145 1825 3344 1879 domini
3390 1827 3691 1896 apprehen-

2119 1927 2236 1967 sum
2258 1923 2312 1968 et
2337 1914 2536 1968 carceri
2561 1915 2831 1979 traditum,
2860 1915 3092 1969 custodit
3132 1916 3378 1985 quidem,
3406 1920 3694 1973 commise-

2112 2005 2316 2058 ratione
2339 2015 2512 2058 tamen
2534 2006 2774 2060 conservi
2797 2005 3003 2069 ductus,
3026 2021 3185 2076 super
3208 2007 3296 2060 illo
3315 2007 3456 2077 quod
3477 2008 3691 2074 accidit,

2113 2093 2256 2148 dolet
2281 2103 2335 2148 et
2363 2095 2572 2164 angitur
2603 2112 2615 2146 :
2650 2096 2719 2148 ita
2757 2104 2812 2150 et
2854 2095 3140 2150 Cherubim
3190 2111 3532 2167 susceperant
3575 2103 3694 2170 qui-

2113 2185 2233 2239 dem
2259 2185 2662 2240 custodieudum
2707 2187 3030 2256 paradisum,
3062 2204 3125 2242 ac
3150 2188 3216 2242 de
3255 2191 3488 2244 custodia
3537 2191 3694 2247 dole-

2115 2275 2260 2330 bant.
2286 2277 2353 2330 Et
2378 2285 2432 2330 ut
2459 2277 2629 2332 discas
2659 2279 2800 2346 quod
2829 2279 3114 2345 doluerint,
3141 2280 3209 2333 ab
3235 2281 3532 2336 hominibus
3558 2282 3694 2338 illud

2121 2367 2214 2420 tibi
2247 2369 2580 2436 perspicuum
2608 2368 2846 2423 reddam.
2878 2370 3102 2437 Quando
3122 2372 3263 2424 enim
3298 2371 3536 2428 homines
3563 2389 3696 2428 con-

2115 2458 2283 2511 servis
2312 2459 2540 2527 compati
2565 2459 2710 2514 vides
2731 2499 2745 2521 ,
2769 2459 2880 2526 jam
2913 2475 3016 2513 non
3043 2461 3268 2529 amplius
3299 2461 3570 2518 dubitandi
3603 2465 3696 2519 tibi

2122 2548 2272 2602 locus
2301 2549 2617 2618 relinquitur
2640 2549 2708 2604 de
2732 2549 3018 2605 Cberubim
3045 2567 3058 2603 :
3085 2551 3252 2605 multo
3277 2553 3417 2606 enim
3446 2563 3567 2607 sunt
3593 2553 3696 2609 illa:

2118 2648 2406 2708 potestates
2482 2640 2895 2709 indulgentiores
2961 2640 3284 2696 hominibus.
3339 2643 3469 2710 Quis
3537 2645 3696 2714 igitur

2115 2729 2378 2799 justorum
2411 2746 2514 2784 non
2535 2730 2722 2796 doluit,
2754 2745 2873 2785 cum
2900 2731 3042 2800 juste
3068 2734 3381 2801 punirentur
3417 2735 3695 2803 homines,

2118 2823 2277 2876 etiam
2306 2834 2427 2892 post
2446 2831 2692 2878 sexcenta
2723 2831 2939 2892 peccata
2965 2823 2987 2876 Ἰ
3035 2823 3146 2878 lloc
3170 2825 3311 2878 enint
3347 2834 3428 2879 est
3467 2826 3695 2881 admira-

2118 2916 2262 2970 tione
2283 2915 2670 2986 dignissimutn,
2689 2915 2829 2984 quod
2849 2931 2969 2970 eum
2999 2916 3208 2970 illorum
3231 2917 3430 2972 scelera
3457 2931 3695 2988 nossent,

2119 3006 2653 3076 atqueintelligercnt
2679 3007 2799 3060 illos
2829 3006 2881 3060 in
2915 3007 3192 3062 Dominum
3223 3007 3613 3074 oifendisse,cx
3633 3027 3698 3065 ea

2121 3107 2298 3153 tamen
2347 3113 2405 3152 re
2443 3099 2680 3152 dolorem
2708 3099 2886 3152 animo
2937 3099 3232 3168 capiebant.
3262 3099 3456 3170 Utique
3493 3101 3699 3172 Moyses

2121 3200 2242 3258 post
2268 3190 2440 3258 populi
2475 3189 2820 3243 idololatriam
2842 3189 3052 3244 dicebat
3083 3207 3096 3241 :
3129 3189 3229 3242 Aut
3258 3191 3453 3245 dimitte
3472 3193 3542 3245 cis
3565 3194 3695 3246 hanc

2121 3294 2346 3333 noxam:
2376 3280 2452 3332 sin
2482 3295 2628 3342 vero,
2667 3278 2777 3331 dele
2805 3281 2954 3332 etiam
2990 3295 3069 3332 me
3106 3282 3168 3334 de
3213 3281 3360 3346 libro,
3383 3298 3527 3350 quem
3571 3283 3699 3334 scri-

2123 3371 2264 3440 psisti
2295 3368 2486 3438 (Exod.
2516 3369 2604 3424 32.
2633 3371 2720 3424 51.
2743 3369 2812 3424 52
2831 3376 2872 3439 ).
2902 3369 3037 3436 Quid
3074 3372 3173 3424 sibi
3203 3371 3312 3425 vult
3353 3372 3525 3426 istud?
3553 3373 3701 3427 vides

2123 3461 2446 3530 impietatem
2489 3460 2784 3525 hominum,
2811 3470 2865 3514 et
2907 3462 3118 3515 illorum
3160 3461 3310 3516 doles
3345 3463 3702 3518 afﬂictiones?

2123 3552 2444 3623 Propterea,
2471 3552 2675 3622 inquit,
2717 3553 2892 3618 doleo,
2918 3562 3028 3606 tum
3072 3554 3192 3622 quia
3242 3555 3547 3624 puniuntur,
3590 3564 3701 3608 tuin

2125 3646 2246 3714 quia
2267 3645 2440 3714 justas
2465 3646 2702 3714 praebent
2729 3659 2839 3699 sua:
2875 3645 3163 3715 punitionis
3197 3660 3405 3699 causas.
3453 3645 3700 3701 Ezechiel

2124 3750 2336 3806 quoque
2374 3737 2638 3806 aspiciens
2691 3737 2935 3806 angelum
2988 3738 3366 3807 percutientem
3421 3739 3700 3808 populum,

2127 3844 2317 3898 magna
2341 3829 2646 3884 exclamans
2672 3844 2804 3884 voce
2823 3845 2942 3884 cum
2984 3829 3178 3899 ejulatu
3199 3830 3332 3883 dixit
3357 3847 3370 3882 :
3405 3829 3520 3884 Heu
3539 3832 3664 3884 mihi
3687 3873 3701 3895 ,

2127 3919 2342 3974 Domine
2372 3920 2506 3974 Deus
2535 3936 2554 3975 :
2579 3922 3055 3975 consummationem
3095 3933 3149 3974 tu
3190 3923 3314 3991 facis
3371 3920 3704 3991 reliquiarum

2127 4009 2293 4066 Israel
2321 4011 2534 4084 (Ezech.
2562 4011 2614 4065 9.
2640 4011 2695 4080 8)
2719 4012 2741 4065 ?
2771 4012 2836 4066 Et
2867 4013 3128 4069 Jcremias
3162 4030 3175 4065 :
3208 4011 3418 4082 Corripe
3438 4028 3527 4066 nos
3550 4053 3565 4077 ,
3597 4011 3703 4073 Do-

2129 4105 2280 4170 mine,
2311 4115 2647 4158 verumtamen
2688 4105 2740 4158 in
2761 4104 2976 4176 judicio,
3005 4117 3049 4158 et
3075 4121 3174 4157 non
3215 4105 3268 4158 in
3297 4106 3469 4174 furore
3496 4116 3579 4158 tuo
3598 4145 3612 4165 .
3641 4123 3704 4160 ne

2129 4212 2219 4250 nos
2249 4196 2574 4266 paucissimos
2599 4195 2757 4263 facias
2787 4193 2932 4262 (Jcr.
2961 4197 3047 4250 10.
3067 4196 3137 4249 24
3163 4196 3200 4264 ).
3240 4196 3378 4265 Ergo
3399 4197 3440 4249 si
3459 4196 3660 4265 Moyses
3686 4239 3702 4258 .

2131 4287 2397 4352 Ezechiel,
2425 4297 2583 4355 atque
2601 4287 2858 4341 Jeremias
2887 4302 3049 4354 super
3088 4288 3202 4340 istis
3233 4288 3421 4342 tristati
3462 4287 3566 4340 sint
3593 4303 3605 4338 :
3635 4301 3704 4340 an

2132 4389 2420 4450 potestates
2451 4380 2552 4433 illa:
2594 4379 2721 4432 nihil
2765 4381 2960 4433 nostris
3012 4381 3362 4433 movebantur
3412 4379 3609 4433 malis?
3639 4381 3708 4433 At

2130 4489 2232 4542 qna
2256 4473 2457 4528 ratione
2479 4472 2528 4526 id
2557 4481 2697 4526 esset
2720 4472 2820 4525 ulla
2837 4486 2901 4525 ex
2926 4478 3071 4539 parte
3091 4469 3380 4524 credibile?
3399 4469 3549 4537 Quod
3565 4470 3707 4523 enim

2131 4579 2218 4618 res
2247 4572 2454 4618 nostras
2483 4579 2576 4633 pro
2596 4564 2706 4616 suis
2734 4563 2958 4624 ducant.
2991 4561 3134 4616 disce
3159 4572 3412 4630 quantum
3457 4560 3706 4630 gaudium

2133 4659 2494 4726 conceperint,
2521 4657 2761 4711 videntes
2801 4657 2956 4711 nobis
2988 4657 3327 4710 conciliatum
3381 4670 3499 4710 esse
3531 4655 3712 4710 Domi-

2135 4765 2280 4802 num.
2314 4749 2367 4802 Si
2393 4750 2532 4803 enim
2555 4758 2707 4803 antea
2737 4763 2841 4802 non
2871 4749 3185 4811 doluissent,
3219 4762 3324 4802 non
3351 4762 3479 4801 sane
3517 4761 3580 4802 ea
3621 4761 3712 4801 es-

2133 4851 2252 4894 sent
2283 4849 2460 4910 postea
2507 4841 2701 4895 laetitiae
2746 4842 3010 4910 voluptate
3061 4840 3308 4910 perfusae.
3341 4839 3489 4907 Quod
3533 4849 3710 4894 autem

2133 4933 2326 5001 gavisa:
2368 4933 2493 4995 sint,
2520 4941 2662 5000 patet
2702 4948 2768 4987 ex
2797 4933 2860 4986 iis
2890 4949 3005 5001 quin
3049 4942 3103 4985 et
3128 4932 3370 4985 Christus
3395 4933 3508 5000 ipse
3537 4931 3671 4985 dixit
3696 4947 3710 4983 :

2137 5023 2386 5090 Quoniam
2405 5024 2650 5092 gaudium
2691 5024 2783 5076 erit
2821 5024 2874 5076 in
2899 5023 3022 5076 ctclo
3043 5064 3055 5088 ,
3085 5032 3138 5076 et
3182 5023 3233 5075 in
3267 5035 3405 5076 terra
3432 5038 3584 5090 super
3613 5039 3716 5076 uno

2135 5124 2393 5182 peccatore
2448 5114 2787 5182 paenitentiam
2827 5123 3003 5183 agente
3027 5112 3176 5184 (Luc.
3213 5113 3298 5166 i5.
3327 5113 3404 5180 7).
3450 5113 3621 5167 Porro
3667 5113 3716 5168 si

2135 5222 2294 5259 unum
2336 5215 2672 5275 peccatorum
2719 5214 3117 5260 convertentem
3164 5219 3223 5258 se
3251 5205 3492 5260 videntes
3539 5206 3717 5274 angeli

2132 5296 2698 5367 gaudentzquomodo
2759 5295 2916 5351 hodie
2959 5311 3054 5365 per
3105 5296 3364 5365 primitias
3409 5295 3715 5349 universam

2135 5402 2375 5444 naturam
2404 5389 2688 5444 humanam
2733 5389 3047 5458 aSpicientes
3075 5389 3126 5442 in
3151 5388 3335 5443 caelum
3369 5388 3588 5452 illatam,
3607 5401 3713 5441 non

2136 5483 2365 5537 maximo
2400 5482 2591 5552 gaudio
2629 5482 2736 5536 sint
2786 5479 3153 5536 aliecti?Audi
3203 5479 3361 5548 igitur
3403 5487 3456 5532 et
3499 5477 3717 5532 aliunde

2201 5613 2274 5674 (η)
2310 5620 2439 5660 ttuuc
2463 5615 2606 5661 etiam
2632 5611 2805 5674 locum,
2831 5624 2922 5672 quo
2943 5617 3081 5673 pacto
3097 5609 3274 5669 dicant,
3315 5618 3430 5669 etc.,
3454 5608 3588 5659 all'ert
3622 5615 3716 5659 Leo

2132 5673 2332 5737 ιδυμειά
2351 5674 2530 5724 calcem
2555 5675 2697 5736 Epist.
2726 5673 2831 5723 154.
