4038 6204
563 328 669 385 ιιθ

556 453 703 522 λαγῇ
720 448 838 501 ’ὅτε
867 443 975 515 γάρ
1004 438 1196 510 ἐτέχθη
1224 433 1472 508 δΚύριος
1495 431 1652 503 ήμῶν
1672 429 1733 483 τδ
1760 425 1900 481 κατά
1933 422 2132 493 σάρκα,

568 514 767 604 ἰδόντες
786 543 866 594 ὅτι
889 533 1202 605 κατηλλάγη
1224 528 1410 583 λοιπὸν
1442 527 1554 588 τοῖς
1586 520 1912 594 ἀνθρὼποις’
1943 517 2002 569 οὐ
2030 514 2138 605 7&9

560 635 652 697 ἂν,
683 601 833 703 εί-μὴ
884 601 1221 698 κατηλλάγη,
1251 619 1501 674 τοσοῦτον
1547 612 1752 682 κατέϐη
1772 627 1785 642 ο
1817 609 2014 670 ίδόντες
2046 601 2140 658 οὖν

553 699 935 792 ντοῦτοξχορδν
968 715 1298 786 στησάμενοι
1329 712 1422 764 ἐπὶ
1450 709 1550 779 τῆς
1574 708 1675 777 γῆς
1704 703 1871 758 ἐϐόων
1901 703 1996 757 καὶ
2027 699 2141 753 ἔλε-

560 834 664 886 γον
692 833 707 846 ο
743 813 898 878 Δόξα
925 811 994 865 ὲν
1016 809 1304 878 ὑψίστοις
1335 802 1476 869 Θεῷ,
1514 799 1615 856 καί
1642 797 1741 852 ἐπὶ
1768 795 1882 866 γῆς
1909 793 2138 886 εἰρήνη,

567 885 639 965 έν
664 907 999 975 ἀνθρώποις
1017 899 1281 957 εὐδοκία.
1307 898 1417 951 Καὶ
1437 896 1526 949 ἵνα
1554 892 1748 964 μάθῃς,
1776 887 1969 942 ὅτιδιά
1987 885 2143 975 τοῦτο

567 974 850 1064 δοξάζουσι
880 993 970 1046 τὸν
988 991 1140 1054 Θεὸν,
1171 986 1359 1058 ἐπειδὴ
1385 982 1657 1039 ἀπέλαϐεν
1685 979 1808 1052 ήγῆ
1835 977 1905 1031 τά
1937 974 2139 1044 ἀγαθὰ,

567 1090 848 1159 ἐπήγαγον
877 1084 974 1139 καὶ
996 1083 1095 1154 τὴν
1126 1079 1323 1142 αἰτίαν,
1370 1075 1501 1131 Ἐπὶ
1547 1072 1662 1143 τῆς
1703 1069 1911 1140 εἰρήνη
1967 1064 2141 1140 [ί54],

567 1179 841 1248 λέγοντες,
867 1175 936 1228 ἐν
959 1171 1290 1241 ἀνθρώποις
1318 1166 1582 1224 εὐδοκία,
1613 1165 1724 1227 τοῖς
1757 1160 2144 1229 ἐκπεπολεμω-

571 1274 776 1345 μένοις,
803 1274 917 1334 τοῖς
937 1267 1265 1338 ἀγνώμοσιν.
1293 1259 1444 1325 Εἶδες
1471 1259 1586 1323 πῶς
1607 1257 1889 1323 δοξάζουσι
1905 1255 1992 1308 τὸν
2013 1251 2144 1306 Θεὸν

565 1365 665 1419 ἰπὶ
707 1366 817 1426 τοῖς
873 1359 1173 1431 ἀλλοτρίοις
1220 1353 1444 1426 ἀγαθοῖς
1465 1393 1479 1417 ,
1537 1351 1733 1424 μᾶλλον
1781 1350 1838 1404 δὲ
1891 1347 1984 1400 ἐπὶ
2034 1349 2145 1410 τοῖς

569 1456 761 1518 ἰδίοις·
797 1454 864 1506 τά
893 1452 1002 1522 γὰρ
1046 1449 1290 1520 ἡμέτερα
1323 1443 1524 1514 ἀγαθά,
1578 1440 1785 1496 ἑαυτῶν
1831 1438 2143 1510 νομίζουσιν

572 1541 742 1600 εἶναι·
784 1543 961 1616 βούλει
996 1539 1208 1613 μαθεῖν,
1241 1539 1323 1592 ὅτι
1351 1537 1445 1590 καὶ
1499 1533 1784 1606 μέλλοντες
1824 1531 1956 1602 όρᾷν
1984 1529 2144 1582 αὐτὸν

567 1637 967 1698 ἀναϐαίνοντα,
1008 1633 1226 1704 ἔχαιρον
1271 1629 1365 1683 καὶ
1407 1626 1708 1698 ὲσκίρτων;
1740 1624 2007 1676 Ἀκουσον
2051 1619 2143 1672 τοῦ

572 1725 810 1801 Χριστοῦ
838 1726 1108 1792 λέγοντος,
1139 1721 1219 1774 ὅτι
1242 1718 1520 1773 ἀνέϐαινον
1551 1715 1644 1770 καὶ
1678 1713 1995 1768 κατέϐαινον
2023 1727 2147 1762 συν-

571 1820 736 1892 εχῶς.
763 1817 937 1872 Τοῦτο
965 1816 1022 1870 δὲ
1051 1811 1456 1884 ἐπιθυμούντων
1489 1809 1636 1862 ἔστιν
1671 1805 1796 1860 ἰδεῖν
1827 1803 1888 1856 τὸ
1910 1801 2146 1874 παράδο-

571 1891 664 1977 ξον
714 1910 910 1980 θέαμα.
964 1907 1076 1961 Καὶ
1126 1903 1291 1956 πόθεν
1333 1901 1512 1971 δῆλον,
1568 1899 1651 1952 ὅτι
1694 1895 1998 1954 ἀνέϐαινον,
2052 1891 2147 1946 καὶ

576 2001 945 2063 κατέϐαινον;
1015 1995 1190 2052 Αὐτοῦ
1251 1994 1483 2048 ἄκουσον
1541 1990 1790 2058 λέγοντος
1826 2001 1841 2017 ·
1909 1984 2146 2052 Ἀπάρτι

565 2093 804 2162 ⁷ὄψεσθε
837 2090 979 2155 τοὺς
1031 2085 1327 2156 οὐρανοὺς
1373 2080 1810 2152 ἀνεῳγμένους,
1856 2077 1955 2132 καὶ
2007 2076 2149 2142 τοὺς

568 2183 868 2254 ἀγγέλους
893 2181 996 2235 τοῦ
1020 2177 1167 2234 Θεοῦ
1185 2176 1617 2240 ἀναϐαίνοντας
1639 2173 1737 2228 καὶ
1767 2171 2151 2226 καταϐαίνον-

571 2293 685 2340 τας
708 2275 804 2326 ἐπὶ
827 2272 935 2326 τόν
979 2270 1116 2323 Υὶόν
1134 2267 1241 2321 τοῦ
1269 2265 1581 2334 ἀνθρώπου
1600 2282 1614 2295 ·
1642 2263 1882 2317 τοιοῦτον
1907 2261 2016 2332 7&9
2041 2259 2148 2312 τῶν

574 2363 829 2437 ἐρώντων
857 2363 918 2416 τὸ
940 2361 1058 2425 ἔθος
1077 2379 1090 2392 ο
1130 2361 1251 2414 οὐδὲ
1272 2359 1362 2412 τὸν
1383 2358 1572 2428 καιρὸν
1611 2355 1990 2426 ἀναμένουσιν.
2015 2351 2153 2406 ἀλλά

574 2455 1025 2529 προλαμϐάνουσι
1048 2453 1148 2524 τὴν
1180 2449 1519 2521 προθεσμίαν
1548 2451 1613 2519 τῇ
1653 2447 1832 2519 ἡδονῇ.
1861 2448 1960 2499 Διά
1993 2443 2151 2498 τοῦτο

579 2547 1015 2612 καταϐαίνουσιν,
1067 2543 1408 2614 ἐπειγόμενοι
1466 2541 1526 2595 τὸ
1583 2539 1768 2594 καινὸν
1823 2539 1914 2592 καὶ
1975 2535 2153 2608 παρά-

576 2641 730 2706 δοξον
784 2641 958 2694 ἐκεῖνο
1013 2638 1140 2692 ἰδεῖν
1195 2637 1372 2707 θέαμα
1393 2676 1409 2702 ,
1467 2636 1750 2706 ἄνθρωπον
1809 2634 1867 2690 ἐν
1937 2630 2154 2703 οὐρανῷ

581 2733 818 2803 φανέντα
841 2749 855 2763 ·
907 2731 996 2786 διὰ
1043 2731 1200 2785 τοῦτο
1253 2728 1532 2799 πανταχοῦ
1579 2727 1796 2796 ἄγγελοι
1825 2765 1842 2791 ,
1919 2726 2013 2779 καὶ
2066 2725 2152 2778 ὅτε

581 2826 844 2890 ἐτίκτετο,
873 2825 967 2878 καὶ
1005 2826 1094 2878 ὅτε
1141 2823 1416 2886 ἀνίστατο,
1449 2821 1543 2875 καὶ
1575 2820 1813 2890 σήμερον
1847 2819 1938 2872 ὅτε
1962 2815 2153 2888 ἀνέϐη.

593 2917 748 2973 ἰδοὺ
785 2917 894 2988 γὰρ
919 2917 1048 2982 δύο,
1089 2915 1273 2986 φησὶν,
1293 2915 1364 2968 ἐν
1393 2912 1606 2981 ἐσθῆτι
1641 2908 1906 2981 λαμπρᾷ,
1946 2908 2034 2976 διὰ
2062 2907 2154 2962 τοῦ

583 3009 861 3079 σχήματος
889 3007 988 3078 τὴν
1021 3005 1210 3077 ήδονην
1239 3003 1555 3076 δηλοῦντεςο
1583 3003 1675 3056 καὶ¹
1699 2999 1852 3055 εἷπον
1879 3002 2014 3071 πρὸς
2031 2999 2156 3063 τοὺς

587 3101 832 3173 μαθητάς
851 3119 864 3133 ·
898 3100 1146 3168 ’Ἄνδρες
1176 3097 1507 3164 Γαλιλαῖοι,
1541 3098 1599 3152 τί
1626 3094 1921 3161 ἑστήκατε
1938 3111 1956 3159 ;
1979 3090 2156 3159 οὗτος

577 3197 615 3248 ό
660 3192 900 3260 Ἰησοῦς
934 3194 966 3245 ό
993 3189 1360 3260 ἀναληφθεὶς
1390 3188 1490 3258 ἀφ’
1530 3187 1697 3258 ὑμῶν
1726 3189 1813 3252 εις
1838 3185 1947 3239 τὸν
1978 3187 2156 3252 οὐρα-

583 3284 712 3346 νὸν,
739 3283 925 3348 οὕτως
952 3283 1287 3346 ἐλεύσεται,
1328 3280 1400 3334 ὃν
1438 3279 1659 3348 τρόπον
1691 3276 2023 3331 ἐθεάσασθε
2047 3276 2155 3328 αὑ·-

582 3375 691 3428 τόν
712 3375 1114 3443 πορευόμενον
1139 3375 1226 3437 εἰς
1253 3372 1359 3425 τὸν
1387 3372 1664 3439 οὐρανόν.
1798 3409 1852 3466 ὅ..

652 3514 716 3570 ε’.
742 3515 1008 3570 Ἐνταῦθά
1039 3532 1128 3586 μοι
1162 3513 1300 3585 μετά
1321 3513 1605 3584 ἀκριϐείας
1629 3513 1942 3584 προσέχετε.
1974 3513 2039 3566 Τί
2065 3513 2159 3583 δή-

586 3625 716 3661 ποτε
743 3605 917 3661 ταῦτα
943 3606 1160 3674 λέγουσι
1185 3623 1200 3668 ;
1231 3605 1306 3676 μὴ
1335 3604 1443 3675 γὰρ
1468 3605 1568 3658 οὐκ
1600 3600 1742 3675 εἶχον
1766 3603 2079 3674 ὀφθαλμοὺς
2109 3606 2159 3660 οἱ

589 3701 862 3772 μαθηταί;
897 3698 972 3770 μὴ
995 3698 1101 3768 7&9
1122 3699 1218 3768 οὐχ
1247 3697 1433 3769 ἑώρων
1451 3697 1512 3750 τὸ
1538 3697 1820 3767 γινόμενον
1841 3715 1855 3764 ;
1882 3698 1983 3750 οὐκ
2007 3693 2160 3750 εἶπεν

586 3797 615 3850 6
639 3792 1044 3863 εὐαγγελιστὴς,
1089 3793 1172 3844 ὅτι
1202 3791 1504 3862 βλεπόντων
1532 3789 1709 3844 αὐτῶν
1731 3789 1977 3862 ὲπήρθη;
2008 3789 2161 3854 Τίνος

585 3885 681 3946 οὖν
735 3889 920 3942 ἕνεκεν
972 3887 1381 3959 παρεστήκασιν
1451 3887 1502 3940 οἱ
1550 3885 1768 3955 ἄγγελοι
1818 3885 2160 3949 διδάσκοντες

588 3980 804 4044 αὐτοὺς,
835 3979 918 4032 ὅτι
963 3979 1040 4041 είς
1074 3977 1165 4030 τὸν
1203 3975 1430 4048 οὐρανὸν
1455 3975 1660 4045 ἀνέϐη;
1693 3973 1794 4027 Διὰ
1833 3974 1926 4028 δύο
1960 3974 2162 4039 ταύτας

587 4072 788 4136 αἰτίας,
825 4071 952 4142 μίαν
990 4070 1112 4142 μὲν,
1164 4068 1350 4140 ἐπειδὴ
1397 4067 1596 4139 ήλγυυν
1644 4067 1730 4122 ἀεὶ
1777 4067 1871 4120 ἐπὶ
1913 4069 1978 4138 τῇ
2032 4068 2164 4121 ἀνα-

589 4167 826 4236 χωρήσει
858 4162 953 4216 τοῦ
1003 4161 1236 4234 Χριστοῦ
1258 4178 1272 4192 ⁸
1305 4161 1388 4215 ὅτι
1423 4161 1531 4233 7&9
1563 4159 1760 4231 ήλγουν
1781 4199 1796 4222 ,
1851 4158 2082 4213 ἄκουσον
2110 4156 2163 4210 τί

591 4255 726 4326 πρὸς
747 4254 940 4316 αὐτούς
966 4271 1129 4322 φησιν
1152 4268 1166 4281 ·
1206 4251 1416 4316 Οὐδείς
1431 4268 1509 4321 με
1528 4249 1713 4318 ἐρωτᾷ
1739 4250 1807 4314 ἐξ
1837 4248 2022 4319 ὑμῶν,
2039 4249 2164 4303 Ποῦ

589 4347 874 4416 amarem;
898 4345 1032 4398 ἀλλ’
1064 4345 1154 4397 ὅτι
1192 4343 1380 4396 ταῦτα
1413 4339 1608 4407 εἶπον,
1652 4343 1690 4409 ἡ
1723 4342 1887 4406 λύπη
1935 4339 2165 4407 πεπλή-

591 4451 786 4505 ρωσεν
804 4433 970 4504 ὑμῶν
989 4433 1103 4501 τὴν
1119 4433 1390 4500 καρδίαν.
1415 4433 1476 4484 Εἰ
1498 4431 1607 4502 γὰρ
1630 4431 1816 4500 φίλους
1836 4431 2048 4500 ἔχοντες
2071 4432 2164 4485 καὶ

595 4531 874 4598 συγγενεῖς
917 4524 1270 4597 χωριζόμενοι
1324 4523 1527 4577 τούτων
1575 4523 1636 4576 οὐ
1673 4523 1933 4594 φέρομεν,
1963 4522 2079 4587 πῶς
2111 4524 2162 4576 οἱ

593 4621 835 4696 μαθηταὶ
857 4620 947 4674 τὸν
981 4621 1229 4690 Σωτῆρα,
1255 4618 1344 4671 τὸν
1381 4615 1718 4683 διδάσκαλον,
1750 4614 1839 4669 τὸν
1869 4615 2162 4687 κηδεμόνα,

583 4716 681 4768 τὸν
728 4713 1124 4784 φιλάνθρωπον,
1176 4710 1265 4762 τὸν
1315 4708 1541 4779 ἥμερον,
1573 4707 1666 4761 τὸν
1704 4705 1906 4776 άγαθδν
1933 4706 2167 4778 ὁρῶντες

586 4805 953 4878 ,χωριζόμενον
991 4801 1190 4866 αὐτῶν,
1223 4799 1340 4864 πῶς
1363 4800 1463 4853 οὐκ
1493 4799 1562 4853 ἂν
1593 4799 1872 4871 ήλγησαν;
1923 4797 2040 4862 πῶς
2068 4799 2167 4851 οὐκ

595 4899 660 4951 ἂν
706 4897 1099 4968 ὼδυνήθησαν;
1133 4895 1233 4947 Διά
1259 4893 1416 4946 τοῦτο
1464 4895 1697 4965 ἕστηκεν
1731 4897 1760 4948 ό
1793 4893 2023 4964 ἄγγελος
2068 4893 2167 4964 τὴν

594 4993 703 5046 ἀπὸ
745 4992 842 5062 τῆς
878 4989 1064 5042 ἀνόδου
1094 4985 1384 5057 γινομένην
1417 4985 1594 5057 λύπην
1635 4986 1726 5038 διὰ
1769 4985 1870 5055 τῆς
1909 4983 2166 5039 ἐπανόδου

596 5082 757 5136 πάλιν
805 5065 1539 5149 παραμῦθούμενος.“οὗτος
1567 5074 1694 5144 γὰρ,
1734 5075 1919 5146 φησὶν,
1967 5077 2001 5128 ό
2056 5075 2169 5140 Ἰη-

588 5173 749 5240 -σοῦς
798 5176 831 5227 ό
865 5169 1231 5239 ἀναληφθεὶς
1261 5169 1360 5238 ἀφ’
1392 5167 1561 5237 ὑμῶν
1600 5171 1690 5234 εις
1716 5167 1822 5220 τὸν
1872 5166 2165 5235 οὐρανὸν,

596 5268 785 5334 οὕτως
803 5265 1141 5320 ἐλεύσεται.
1177 5261 1506 5333 Ἦλγήσατε,
1530 5260 1712 5332 φησιν,
1742 5261 1823 5314 ὅτι
1853 5257 2125 5321 ἀνελήφθη
2153 5275 2168 5320 ;

611 5357 772 5412 Ἀλλά
822 5355 1016 5427 μηκέτι
1069 5352 1315 5420 ἀλγεῖτεο
1363 5351 1458 5404 καὶ
1505 5350 1614 5422 γάρ
1647 5349 1929 5403 ἐλεύσεται
1982 5349 2166 5403 πάλιν.

601 5454 717 5506 Ἵνα
742 5449 850 5520 γὰρ
885 5447 960 5517 μὴ
995 5447 1310 5514 ποιήσωσιν,
1353 5444 1489 5514 ὅπερ
1514 5441 1766 5512 ἐποίησεν
1797 5443 1826 5496 ό
1873 5440 2172 5504 Ἐλισσαῖος

593 5542 725 5595 ἰδὼν
740 5541 829 5594 τὸν
857 5536 1172 5593 διδάσκαλον
1196 5533 1727 5605 ἀντιλαμϐανόμενον,
1761 5534 1853 5588 καὶ
1875 5532 2173 5606 διαρρήξας

598 5635 692 5686 τὸν
725 5625 1041 5702 χιτωνίσκον
1062 5647 1074 5660 '
1104 5627 1228 5681 οὐδὲ
1260 5625 1368 5697 7&9
1398 5621 1511 5695 εἶχέ
1560 5643 1679 5678 τινα
1711 5625 2040 5696 παρεστῶτα
2075 5623 2170 5676 καὶ

595 5727 844 5793 λέγοντα,
874 5723 957 5778 ὅτι
993 5719 1152 5778 πάλιν
1178 5717 1294 5785 ἥξει
1348 5716 1568 5781 Ἦλίας’
1598 5717 1686 5771 ἵνα
1732 5713 1823 5771 οὖν
1876 5718 1949 5784 μὴ
2005 5715 2164 5768 τοῦτο

1193 317 1251 374 S.
1292 312 1576 374 JOANNIS
1613 300 2108 366 CHRYSOSTOMI
2147 298 2466 359 ARCHIEP.
2507 301 3059 362 CONSTANTINOP.

3706 299 3812 356 150

2244 414 2541 493 ποιήσωσῖν
2567 414 2732 486 οὗτοι,
2755 421 2844 476 διὰ
2861 421 3016 476 τοῦτο
3042 421 3092 475 οἱ
3119 419 3337 490 ἄγγελοι
3355 416 3814 488 παριστήκεισαν

2241 514 2720 585 παραμυθούμενοι
2750 513 2850 584 τὴν
2897 513 3156 584 ἀθυμίαν.
3203 511 3317 565 Καὶ
3373 509 3473 580 μία
3529 509 3628 580 μὲν
3669 506 3812 578 αῦτη

2241 607 2390 661 αίτία
2415 606 2514 677 τῆς
2539 607 2650 660 τῶν
2678 607 2923 676 ἀγγέλων
2966 604 3268 678 παρουσίας
3288 620 3300 632 ’
3331 601 3564 673 δευτέρα
3596 601 3654 655 85
3682 599 3814 654 ταύ-

2240 717 2338 771 της
2375 701 2476 752 οὐκ
2504 699 2761 764 ἐλάττων,
2787 699 2854 751 δι’
2881 699 2949 769 ἢν
2979 699 3158 752 αἰτίαν
3207 697 3300 750 καὶ
3347 693 3713 768 προσέθηκεν,
3749 693 3813 748 '0

2241 793 2629 862 ἀναληφθείς.
2658 793 2755 857 Τίς
2797 787 2889 846 οὖν
2917 794 3064 846 ἐστιν
3100 789 3271 861 αῦτη;
3308 790 3402 853 Εἰς
3450 788 3542 842 τὸν
3586 786 3816 860 οὐρανὸν

2242 887 2660 958 ἀνελαμϐάνετο.
2694 886 2835 940 Πολὺ
2863 886 2919 940 δὲ
2945 886 3005 938 τὸ
3030 883 3178 955 [655]
3205 882 3479 951 διάστημα
3496 875 3696 951 ﬁxum!
3717 880 3816 933 οὐκ

2241 979 2402 1050 ήρκει
2432 980 2467 1048 ή
2495 977 2723 1047 δύναμις
2747 977 2845 1047 τῆς
2868 975 3145 1047 ἡμετέρας
3166 972 3342 1042 ὅψεως
3367 971 3530 1042 σῶμα
3567 969 3817 1039 ἀναλαμ-

2244 1070 2540 1141 ϐανόμενον
2573 1069 2701 1122 ίδεϊν
2743 1068 2908 1140 μέχρι
2932 1066 3041 1120 τῶν
3076 1064 3323 1138 οὐρανῶν
3346 1080 3360 1093 ο
3395 1062 3533 1115 ἀλλά
3565 1061 3817 1132 καθάπερ

2244 1163 2490 1217 πετεινδν
2519 1163 2598 1226 είς
2636 1161 2771 1232 ὕψος
2820 1161 3134 1231 ἰπτάμενον,
3173 1160 3391 1228 ὅσῳπερ
3443 1155 3508 1208 ἂν
3557 1156 3637 1216 είς
3685 1152 3822 1222 ὕψος

2244 1255 2440 1327 ἀνέλθῃ
2468 1294 2484 1317 ,
2555 1254 2794 1323 τοσούτῳ
2845 1251 3043 1324 μᾶλλον
3104 1246 3517 1320 ἀποκρύπτεται
3570 1243 3678 1297 ἀπὸ
3721 1243 3821 1312 τῆς

2243 1349 2521 1419 ἡμετέρας
2575 1346 2751 1415 ὅψεως
2783 1360 2798 1376 ο
2855 1342 3000 1396 οὕτω
3047 1340 3113 1412 δὴ
3164 1341 3258 1394 καὶ
3310 1338 3373 1391 τὸ
3425 1336 3583 1407 σῶμα
3641 1336 3823 1387 ἐκεῖνο

2245 1441 2462 1510 ὅσῳπερ
2481 1437 2546 1491 ἂν
2572 1439 2651 1501 είς
2669 1436 2801 1506 ὕψος
2817 1434 2989 1507 ἀνῄει,
3018 1433 3256 1502 τοσούτῳ
3276 1429 3474 1501 μᾶλλον
3496 1427 3823 1499 ἐκρύπτετο,

2246 1534 2344 1589 οὐκ
2379 1531 2654 1603 ἀρκούσης
2700 1528 2801 1597 τῆς
2853 1523 3136 1587 ἀσθενείας
3173 1523 3281 1576 τῶν
3319 1518 3617 1592 ὀφθαλμῶν
3679 1535 3823 1590 παρ·

2246 1623 2607 1694 ἀκολουθῆσαι
2644 1620 2721 1692 τῷ
2755 1620 2920 1691 μήκει
2949 1617 3044 1671 τοῦ
3073 1615 3462 1685 διαστήματος.
3512 1611 3611 1664 Διά
3665 1608 3826 1664 τοῦτο

2251 1717 2717 1788 παρειστήκεισαν
2746 1713 2795 1764 οἱ
2823 1709 3068 1778 ἄγγελοι,
3097 1707 3444 1767 διδάσκοντες
3476 1701 3576 1774 τὴν
3623 1703 3704 1764 είς
3731 1699 3826 1753 τὸν

2248 1807 2473 1878 οὐρανὸν
2521 1805 2726 1868 ἄνοδον,
2781 1803 2868 1856 ἵνα
2915 1801 2990 1873 μὴ
3038 1799 3333 1871 νομίσωσιν
3381 1797 3460 1849 ὅτι
3497 1795 3572 1858 ὡς
3621 1795 3702 1857 εἰς
3733 1791 3826 1847 τὸν

2247 1896 2473 1969 οὐρανὸν
2506 1894 2673 1965 ἀνέϐη
2713 1893 2788 1954 ὡς
2836 1891 3043 1953 Ἠλίας,
3077 1887 3193 1942 ἀλλ’
3232 1887 3315 1940 ὅτι
3362 1887 3439 1948 εἰς
3467 1884 3558 1936 τὸν
3595 1881 3826 1954 οὐρανὸν

2248 1984 2414 2054 ἀνέϐη
2438 2001 2451 2014 ·
2491 1981 2579 2036 διὰ
2601 1980 2758 2034 τοῦτὸ
2797 1995 2983 2050 φησιν,
3029 1977 3085 2030 Ὀ
3124 1975 3494 2044 ἀναληφθεὶς
3525 1974 3626 2042 ἀφ’
3657 1970 3830 2040 ὑμῶν

2248 2079 2335 2140 είς
2362 2075 2469 2129 τὸν
2499 2073 2774 2142 οὐρανόν.
2801 2071 2933 2124 Οὐδὲ
2959 2069 3064 2140 7&9
3086 2067 3151 2122 ἂν
3167 2067 3350 2130 ἁπλῶς
3375 2066 3531 2119 τοῦτο
3555 2063 3830 2135 προσέθη-

2250 2186 2362 2222 κεν.
2408 2167 2595 2229 Ἦλίας
2633 2166 2732 2237 μὲν
2762 2161 2855 2218 οὐν
2883 2165 2956 2227 ὡς
3007 2165 3086 2225 εἰς
3127 2161 3218 2214 τὸν
3257 2159 3484 2230 οὐρανὸν
3524 2157 3830 2229 ἀνελήφθη,

2251 2260 2435 2324 δοῦλος
2473 2260 2581 2331 γὰρ
2600 2255 2667 2332 ἦν
2692 2276 2705 2290 ο
2736 2261 2764 2312 ὀ
2793 2257 2850 2311 85
2889 2255 3098 2327 Ἰησοῦς
3125 2256 3204 2318 είς
3225 2254 3318 2306 τὸν
3341 2252 3585 2322 οὐρανὸν,
3615 2250 3830 2304 Δεσπόε

2247 2371 2352 2424 της
2386 2352 2494 2424 γὰρ
2537 2348 2639 2422 ἦν’
2681 2352 2886 2413 ἐκεῖνος
2934 2350 2992 2403 ἐν
3040 2339 3245 2420 ἅρματι
3283 2345 3510 2417 πυρίνῳ,
3560 2337 3717 2406 οὗτος
3769 2343 3831 2395 ἐν

2252 2445 2468 2517 νεφέλῃ.
2502 2446 2628 2498 Ὅτε
2655 2445 2751 2514 μὲν
2779 2443 2886 2514 γὰρ
2906 2441 2996 2495 τὸν
3015 2440 3199 2495 δοῦλον
3228 2438 3334 2493 ἔδει
3365 2437 3650 2510 κληθῆναι,
3671 2437 3831 2507 ἅρμα

2253 2523 2531 2608 ἐπέμπετο
2556 2552 2571 2566 ο
2599 2535 2724 2588 ὅταν
2749 2534 2805 2586 δὲ
2839 2532 2931 2586 τὸν
2979 2531 3128 2595 Υίὸν,
3165 2530 3353 2601 θρόνος
3389 2527 3664 2598 βασιλικός
3688 2545 3699 2555 ·
3732 2527 3832 2580 καὶ

2253 2630 2374 2700 οὐχὶ
2408 2627 2593 2690 ἁπλῶς
2616 2625 2892 2696 βασιλικὸς
2913 2623 3122 2694 θρόνος,
3147 2619 3260 2675 ἀλλ’
3291 2619 3452 2682 αὐτὸς
3482 2621 3510 2672 ὁ
3536 2616 3830 2687 πατρικύς.

2254 2721 2496 2792 Καίγάρ
2527 2719 2656 2790 περὶ
2703 2717 2800 2771 τοῦ
2845 2716 3059 2788 Πατρός
3095 2731 3258 2786 φησιν
3300 2715 3328 2766 ό
3373 2711 3625 2773 Ἡσαΐας,
3680 2709 3832 2763 Ἰδοὺ

2255 2815 2472 2884 Κύριος
2497 2811 2744 2880 κάθηται
2783 2810 2881 2864 ἐπί
2920 2807 3182 2878 νεφέλης
3202 2807 3455 2874 κούφης.
3505 2801 3657 2855 Ἐπεὶ
3681 2797 3776 2856 οὖν
3800 2801 3832 2854 δ

2256 2906 2444 2978 Πατὴρ
2471 2905 2563 2958 ἐπὶ
2607 2903 2835 2974 νεφέλης
2873 2902 3128 2972 κάθηται,
3159 2899 3248 2954 διά
3272 2898 3429 2952 τοῦτο
3483 2897 3575 2951 καὶ
3601 2892 3680 2965 τῷ
3713 2890 3828 2964 Υίῷ

2255 2997 2355 3068 τὴν
2401 2993 2630 3065 νεφέλην
2681 2992 2914 3062 έπεμψε.
2968 2992 3078 3045 Καὶ
3127 2991 3155 3044 ὁ
3209 2989 3307 3060 μὲν
3370 2987 3556 3050 Ἠλίας
3592 2981 3833 3039 ἀνελθὼν

2257 3087 2436 3157 ἀφῆκε
2492 3083 2746 3154 μηλωτὴν
2791 3081 2883 3135 ἐπὶ⁸
2935 3081 3025 3135 τὸν
3075 3080 3414 3134 Ἐλισσαῖονο
3453 3080 3481 3131 δ
3528 3077 3585 3129 85
3621 3073 3837 3147 Ἰησοῦς

2259 3176 2464 3240 ἀναϐάς
2487 3175 2665 3247 ἀφῆκε
2691 3173 3008 3245 χαρίσματα
3036 3171 3127 3224 ἐπὶ
3149 3173 3276 3235 τοὺς
3311 3169 3581 3242 μαθητάς,
3607 3168 3707 3238 οὐχ
3731 3167 3834 3221 ἕνα

2261 3273 2549 3344 προφήτην
2605 3267 2890 3330 ποιοῦντα,
2953 3264 3088 3318 άλλά
3149 3264 3377 3334 μυρίους
3432 3260 3772 3324 Ἐλισσαίους
3815 3273 3832 3290 ο

2263 3359 2464 3430 μᾶλλον
2489 3357 2544 3410 δὲ
2573 3356 2782 3410 ἐκείνου
2823 3353 3003 3424 πολλῷ
3032 3353 3250 3424 μείζους
3273 3354 3368 3406 καὶ
3397 3351 3830 3424 λαμπροτέρους.

2259 3449 2644 3520 Διαναστῶμεν
2665 3447 2866 3510 τοίνυν,
2896 3446 3193 3516 ἀγαπητοὶ,
3225 3446 3320 3498 καὶ
3351 3445 3489 3515 πρὸς
3509 3443 3835 3513 τὴνκέπάνο-

2258 3543 2349 3596 δον
2404 3540 2620 3611 ἐκείνην
2679 3538 2982 3609 βλέψωμεν.
3021 3536 3128 3590 Καὶ
3175 3537 3282 3608 γὰρ
3313 3537 3342 3589 ό
3371 3535 3582 3598 Παῦλός
3631 3551 3832 3603 φησιν,

2261 3635 2454 3700 Αὐτὸς
2507 3631 2906 3698 καταϐήσεται
2954 3632 3056 3685 ἀπ’
3102 3628 3360 3696 οὐρανοῦ
3410 3631 3442 3680 ό
3493 3627 3710 3694 Κύριος
3761 3626 3833 3679 ἐν

2263 3728 2645 3796 κελεύσματι,
2689 3725 2759 3778 ἐν
2783 3722 2954 3793 φωνῇ’
2985 3721 3386 3791 ἀρχαγγέλουο
3431 3718 3530 3772 καί
3564 3718 3740 3787 ἡμεῖς
3777 3719 3835 3772 οι

2263 3819 2510 3888 ζῶντες,
2569 3823 2623 3875 οἱ
2675 3817 3146 3887 περιλειπόμενοι
3165 3854 3180 3879 ,
3248 3813 3718 3882 ἁρπαγησόμεθα
3763 3811 3838 3866 ἐν

2261 3913 2544 3983 νεφέλαις
2573 3913 2662 3977 εὶς
2684 3909 3029 3978 ἀπάντησιν
3049 3905 3153 3961 τοῦ
3169 3906 3387 3975 Κυρίου
3419 3906 3506 3969 είς
3525 3903 3691 3971 ἀέρα,
3717 3903 3834 3956 ἀλλ’

2262 4013 2323 4066 οὐ
2361 4011 2580 4073 πάντες.
2611 4009 2735 4061 Ὀτι
2761 4005 2870 4076 γὰρ
2903 4005 2964 4058 οὐ
2991 4004 3192 4066 πάντες
3227 3999 3685 4073 ἁρπαγησόμεθα,
3716 3997 3836 4052 ἀλλ’

2264 4103 2315 4157 οἱ
2362 4101 2460 4172 μὲν
2511 4098 2782 4171 μενοῦσιν,
2834 4098 2884 4150 οἱ
2933 4096 2990 4149 85
3023 4096 3457 4168 άρπαγήσονται,
3501 4093 3731 4147 ἄκουσον
3781 4090 3837 4144 τί

2267 4210 2428 4264 φησιν
2478 4194 2508 4245 ό
2551 4189 2805 4262 Χριστός·
2839 4190 2989 4242 Πότε
3042 4185 3470 4255 εὑρεθήσονται
3505 4182 3614 4236 δύο
3655 4181 3727 4234 ἐν
3754 4178 3838 4244 τῷ

2259 4287 2493 4356 μύλωνι
2513 4280 2852 4348 ἀλήθουσαι
2870 4294 2884 4309 ·
2897 4277 3008 4348 μία
3040 4274 3580 4346 παραλαμϐάνεται,
3610 4273 3710 4326 καὶ
3725 4273 3838 4342 μία

2264 4375 2498 4444 ἀφίεται
2519 4387 2533 4402 ·
2565 4371 2663 4426 καὶ
2712 4370 2822 4425 δύο
2853 4368 3097 4424 ἔσονται
3150 4367 3249 4420 ἐπὶ
3283 4366 3495 4434 κλίνης
3529 4362 3670 4434 μιᾶς
3695 4379 3708 4392 ⁸
3749 4360 3838 4430 εἷς

2267 4463 2807 4536 παραλαμϐάνεται,
2842 4461 2940 4516 καί
2979 4455 3064 4526 εἶς
3101 4459 3353 4528 ἀφίεται.
3391 4456 3456 4509 Τί
3502 4454 3750 4526 βούλεται
3776 4453 3839 4507 τὸ

2266 4564 2494 4632 αἴνιγμα
2540 4558 2734 4623 τοῦτο;
2767 4557 2818 4609 τί
2849 4554 3096 4626 βούλεται
3147 4552 3208 4604 τὸ
3239 4550 3534 4621 μυστήριον
3571 4546 3730 4601 τοῦτο
3775 4548 3838 4600 τὸ

2266 4653 2576 4725 ἀπόρρητον
2594 4667 2608 4717 ;
2629 4648 2726 4702 Διά
2746 4647 2839 4702 τοῦ
2880 4645 3047 4718 μύλου
3080 4646 3204 4709 τοὺς
3228 4645 3286 4696 ἐν
3314 4641 3475 4712 πενίᾳ
3503 4638 3712 4704 ζῶντας
3745 4640 3841 4692 καὶ

2267 4741 2610 4814 ταλαιπωρία
2635 4741 2841 4803 πάντας
2867 4740 3001 4810 ἡμῖν
3025 4736 3258 4808 ἐδήλωσε
3276 4751 3289 4767 ·
3325 4732 3415 4786 διὰ
3453 4732 3508 4785 δὲ
3531 4732 3630 4802 τῆς
3651 4730 3838 4801 κλίνης

2269 4839 2365 4894 καὶ
2390 4839 2490 4909 τῆς
2528 4837 2891 4898 ἀναπαύσεως
2918 4833 3044 4896 τοὺς
3081 4833 3139 4886 ἐν
3166 4830 3380 4901 πλούτῳ
3411 4829 3506 4882 καὶ
3527 4827 3659 4898 τιμῇ
3701 4825 3842 4878 πάν-

2267 4956 2367 5003 τας
2423 4937 2660 5008 ήνίξατο.
2723 4933 2832 4985 Καὶ
2886 4929 3205 5000 βουλόμενος
3237 4924 3406 4993 δεῖξαι
3460 4924 3543 4977 δτι
3595 4921 3691 4975 καὶ
3736 4921 3845 4974 ἀπὺ

2272 5035 2521 5105 πενήτων
2570 5029 2833 5094 σώζονται
2865 5026 2961 5080 καὶ
2994 5022 3351 5087 ἀπόλλυνται,
3405 5015 3587 5084 εἶπεν,
3620 5018 3704 5071 ὅτι
3749 5017 3847 5069 καὶ

2271 5131 2378 5184 τῶν
2431 5132 2490 5182 ἐν
2539 5128 2616 5198 τῷ
2658 5125 2860 5198 μύλωνι
2895 5121 2992 5194 μία
3027 5117 3540 5192 παραλαμϐάνεται,
3597 5115 3694 5167 καὶ
3746 5114 3849 5185 μία

2273 5223 2489 5295 ἀφίεται
2515 5240 2528 5254 ’
2567 5222 2662 5276 καὶ
2689 5221 2798 5273 τῶν
2832 5223 2889 5273 ὲν
2921 5221 2987 5289 τῇ
3022 5217 3178 5286 κλίνῃ
3221 5209 3301 5278 εἷς
3333 5208 3851 5284 παραλαμϐάνεται,

2274 5327 2367 5380 καὶ
2396 5321 2475 5387 εἷς
2503 5321 2760 5390 ἀφίεται·
2788 5317 2963 5389 δηλῶν
2989 5316 3072 5370 ὅτι
3100 5315 3149 5368 οί
3197 5314 3296 5382 μὲν
3327 5306 3638 5382 ἁμαρτωλοὶ
3661 5308 3856 5376 ἀφίεν.

2272 5440 2362 5476 ται
2388 5417 2622 5473 ἐνταῦθα
2650 5416 2746 5471 καὶ
2778 5414 2999 5488 μένουσι
3027 5412 3124 5483 τήν
3151 5409 3421 5481 τιμωρίαν
3441 5425 3454 5438 ’
3492 5407 3542 5460 οἱ
3565 5405 3622 5458 δὲ
3648 5402 3855 5457 δίκαιοι

2275 5517 2608 5592 άρπάζονται
2637 5517 2718 5578 εἱς
2744 5513 2842 5577 τὰς
2865 5511 3111 5581 νεφέλας.
3145 5506 3412 5577 Καθάπερ
3447 5503 3556 5574 γὰρ
3585 5499 3855 5572 βασιλέως

2275 5618 2356 5680 εἰς
2403 5614 2556 5668 πόλιν
2605 5610 3021 5672 εἰσελαύνοντος,
3076 5608 3126 5660 οἱ
3170 5605 3268 5676 μὲν
3323 5605 3380 5657 ἐν
3429 5598 3703 5670 ἀξιώμασι
3756 5599 3858 5650 καὶ

2278 5715 2496 5781 ἀρχαῖς,
2523 5713 2618 5767 καὶ
2652 5708 2851 5780 πολλὴν
2883 5707 3017 5778 πρὸς
3049 5703 3212 5758 αὐτὸν
3254 5699 3567 5774 παρρησίαν
3598 5695 3856 5767 ἔχοντες,
