4038 6204
198 340 299 398 ιιί)

196 466 450 521 superna:
482 441 648 503 turbat
676 445 911 499 lmiitiam
941 458 1101 512 super
1129 451 1307 496 nostra
1338 440 1788 495 reconciliatione.

197 541 426 610 Quando
478 539 623 593 enim
671 536 924 589 Dominus
963 541 1145 587 noster
1174 540 1327 586 natus
1374 540 1457 584 est
1499 529 1795 583 secundum

199 647 442 695 cantem,
476 645 539 683 ex
572 643 638 682 eo
660 626 914 694 deinceps
941 624 1245 677 hominibus
1276 623 1444 691 ipsum
1478 621 1791 675 reconcilia-

204 738 318 777 tum
349 718 661 782 ceraemes;
693 731 802 770 non
830 715 995 779 enim,
1024 714 1068 769 si
1112 713 1481 768 reconciliatus
1525 729 1628 765 non
1663 710 1794 763 luis-

203 826 309 874 set.
343 826 508 882 usque
530 810 671 864 adeo
697 807 1096 872 descendisset;
1127 816 1410 861 cernentes
1454 820 1584 873 ergo
1613 803 1750 857 istud
1777 844 1791 869 ,

202 905 391 959 choris
416 903 470 957 in
496 912 634 957 terra
664 900 873 953 stawtis
902 897 1271 952 exclamabant
1295 913 1313 949 :
1350 894 1528 950 Gloria
1553 898 1604 949 in
1633 894 1796 949 excel-

203 998 274 1049 sis
304 995 411 1047 Deo
442 1010 462 1048 :
487 1003 535 1047 ct
577 994 628 1045 iit
658 1001 793 1044 terra
822 1006 956 1057 pax,
987 990 1041 1042 in
1066 988 1353 1042 hominibus
1398 989 1526 1041 bona
1572 990 1797 1043 volutum

200 1085 355 1155 (Luc.
389 1085 447 1138 2.
483 1084 591 1153 14).
624 1082 692 1136 Et
720 1090 777 1135 ut
803 1080 1009 1146 discas,
1042 1078 1187 1149 quod
1212 1079 1281 1132 ob
1311 1079 1362 1131 id
1387 1077 1804 1148 gloril‘tcs'tverint.

204 1180 372 1233 Deum
399 1216 417 1241 ,
452 1186 733 1246 postquam
766 1183 903 1226 terra
943 1171 1142 1239 recepit
1188 1170 1359 1234 bona,
1387 1170 1545 1223 etiam
1583 1185 1796 1223 causam

205 1268 596 1329 adduxerunt,
644 1262 928 1317 dicentes:
961 1260 1030 1313 In
1082 1270 1216 1313 terra
1260 1276 1391 1329 pax,
1418 1260 1473 1312 in
1519 1260 1803 1314 nominibus

200 1359 335 1411 bon
363 1358 605 1410 caluum
631 1370 651 1407 :
683 1352 1009 1414 hominibus,
1042 1352 1255 1420 inquam
1277 1392 1291 1413 ,
1322 1352 1413 1420 qui
1450 1360 1603 1404 erant
1644 1361 1799 1405 antea

203 1450 391 1502 hostes
411 1445 670 1499 declarati
692 1486 707 1509 ,
736 1454 788 1498 et
837 1443 1047 1512 ingrati.
1084 1441 1272 1496 Vidisti
1307 1456 1414 1509 quo
1452 1451 1607 1510 pacto
1636 1441 1801 1495 Deum

202 1542 269 1593 de
293 1537 493 1591 alienis
520 1537 676 1589 bonis
706 1534 918 1587 laudent
940 1574 956 1597 ,
986 1543 1077 1585 aut
1106 1531 1283 1601 potius
1308 1532 1375 1585 de
1400 1533 1647 1600 prOpriis,
1679 1546 1801 1585 eum

207 1636 390 1682 nostra
420 1628 563 1681 bona
591 1639 688 1678 sua
723 1638 845 1677 esse
887 1626 1115 1675 ducant:
1152 1621 1230 1675 vis
1269 1622 1428 1675 etiam
1473 1636 1629 1674 nosse
1670 1635 1797 1689 quoo

207 1718 366 1772 mdo
414 1719 585 1770 etiam
636 1716 811 1783 ipsum
861 1712 1241 1767 ascetulentem
1288 1711 1579 1780 aliquando
1615 1711 1801 1775 visuri,

208 1820 321 1864 tum
387 1808 561 1885 gavisi
623 1808 734 1861 sint
787 1815 845 1860 et
890 1805 1249 1859 essultarint?
1304 1804 1477 1882 Ipsum
1529 1804 1801 1859 Christum

207 1903 475 1955 dicentem
501 1899 625 1953 audi
655 1917 667 1951 :
692 1898 952 1965 Quoniam
984 1896 1366 1961 ascendebant,
1397 1896 1583 1964 inquit,
1622 1906 1677 1951 et
1717 1895 1805 1950 de-

207 1992 545 2047 scendebant
569 1991 842 2044 continue.
872 1990 1047 2057 Atque
1077 1986 1179 2041 hoc
1215 1987 1484 2055 proprium
1531 1996 1615 2040 est
1654 1985 1801 2040 desi-

205 2083 544 2145 derantium,
568 2079 912 2148 mntemplari
943 2078 1272 2146 inepinatum
1322 2076 1705 2145 spectaculum.
1739 2078 1805 2131 Et

203 2174 353 2227 male
393 2182 604 2227 constat
628 2169 842 2224 assitme
887 2168 1007 2222 illos
1049 2167 1339 2221 ascendere
1386 2174 1544 2234 atque
1576 2166 1800 2220 descen-

203 2264 377 2317 dcre?
407 2262 587 2332 Ipsum
632 2262 905 2314 dicentem
936 2258 1058 2312 andi
1089 2275 1101 2311 :
1135 2258 1331 2311 Amodo
1357 2257 1583 2310 videbitis
1623 2257 1804 2311 cwlum

207 2366 475 2424 apertum,
503 2362 551 2405 et
580 2352 783 2423 angelos
830 2349 927 2403 Dei
975 2350 1297 2403 ascendentes
1344 2358 1390 2402 et
1444 2351 1796 2401 descendentes

204 2464 359 2514 supra
403 2443 603 2496 Filium
657 2443 874 2497 hantinis
907 2439 1082 2512 (Joon.
1119 2441 1167 2493 1.
1202 2437 1314 2511 Si).
1356 2438 1498 2493 Talis
1543 2440 1802 2508 siquidem

206 2537 503 2590 amantium
559 2552 674 2588 mos
703 2545 822 2597 est;
857 2550 1028 2604 neque
1071 2541 1277 2602 tempus
1321 2544 1662 2603 exspectant,
1709 2535 1802 2587 sed

209 2640 422 2697 tempus
453 2629 774 2697 prazlinitum
802 2628 980 2680 laetitia
1008 2626 1319 2693 anticipant.
1348 2625 1550 2701 idcirco
1579 2624 1805 2679 descen-

205 2723 337 2774 dunt
365 2723 492 2774 novi
523 2731 579 2774 et
608 2721 823 2773 inauditi
873 2719 1011 2773 illius
1033 2718 1322 2788 spectaculi
1355 2718 1561 2792 visendi
1589 2718 1803 2772 deside-

207 2817 287 2867 rio
314 2812 563 2882 impulsi,
594 2812 863 2865 hominem
890 2811 1090 2865 scilicet
1144 2810 1195 2865 in
1242 2810 1373 2865 caelo
1417 2821 1801 2879 apparentem:

207 2906 444 2971 iocoque
498 2904 697 2972 ubique
746 2918 804 2955 se
847 2903 1020 2971 angeli
1074 2902 1436 2966 manifestam,
1491 2912 1541 2954 et
1596 2902 1807 2970 quando

210 3008 368 3048 natus
394 3004 505 3059 est,
534 3004 588 3047 et
614 2993 829 3063 quando
856 2994 1177 3057 resurrexit,
1202 3008 1263 3047 ac
1304 2992 1461 3046 hodie
1490 2994 1699 3061 quando
1751 2996 1804 3048 in

210 3094 380 3145 C(BlOS
410 3088 660 3144 ascendit
690 3106 702 3139 :
730 3085 863 3141 Ecce
884 3087 1027 3140 enim
1059 3084 1157 3138 duo
1181 3088 1302 3153 viri,
1333 3088 1527 3157 inquit,
1554 3089 1609 3140 in
1634 3090 1789 3144 vesti-

213 3184 401 3235 mentis
417 3179 746 3247 atbis(.4ct.l
759 3178 989 3253 .lO),per
1005 3177 1249 3231 habiturn
1261 3178 1499 3231 laetitiam
1513 3178 1786 3234 declarati.

213 3284 314 3327 tes:
332 3281 390 3325 et
400 3268 737 3324 dixeruntad
750 3269 1047 3337 discipulos
1063 3286 1078 3322 :
1097 3266 1205 3322 Viri
1222 3267 1452 3333 Galilwi,
1468 3269 1591 3338 quid
1603 3270 1787 3327 statis?

211 3363 489 3425 bicJesus,
503 3362 593 3430 qui
610 3370 910 3429 assumptus
921 3369 999 3414 est
1013 3376 1047 3414 a
1065 3360 1204 3412 vobis
1218 3362 1271 3412 in
1287 3361 1489 3425 caelum,
1509 3360 1584 3412 sic
1602 3362 1783 3427 veniet,

210 3454 661 3526 quemadmodum
678 3453 879 3505 vidistis
893 3469 1007 3504 eum
1022 3462 1226 3505 euntem
1242 3453 1293 3503 in
1306 3451 1488 3503 caelum
1504 3450 1695 3521 (Ilum!
1712 3452 1783 3525 1).

283 3548 335 3600 5.
365 3544 475 3599 Cur
500 3544 676 3612 angeli
705 3545 758 3596 in
787 3544 1087 3596 ascensione
1122 3541 1331 3595 Domini
1362 3542 1457 3595 nisi
1479 3543 1787 3611 fuerint——

217 3636 312 3689 ιιιρ
331 3638 444 3704 jam
465 3636 603 3689 mihi
624 3635 909 3703 diligenter
928 3635 1204 3689 attendite.
1229 3632 1588 3699 Quamobrem
1606 3633 1681 3688 ita
1702 3631 1785 3688 di-

218 3730 382 3780 cunt?
396 3742 464 3779 an
480 3728 623 3794 quod
642 3728 830 3780 oeulos
850 3742 952 3779 non
974 3726 1228 3779 haberent
1245 3721 1529 3793 discipuli?
1542 3731 1638 3777 aut
1653 3725 1782 3795 quia

219 3815 363 3883 quod
435 3814 739 3879 acciderat,
798 3829 902 3867 non
956 3812 1240 3868 viderent?
1289 3828 1463 3867 nonne
1507 3816 1579 3868 ait
1644 3833 1805 3870 evan-

218 3906 435 3975 gelista,
461 3906 601 3975 quod
626 3905 930 3960 videntibus
953 3905 1081 3974 ipsis
1101 3905 1338 3960 elevatus
1368 3915 1449 3959 est
1475 3906 1500 3959 τ
1537 3906 1649 3974 Qua
1680 3923 1805 3977 ergo

217 3998 291 4052 de
343 4012 508 4050 causa
557 3998 870 4052 assistebant
919 3997 1092 4067 angeli
1120 3997 1375 4052 docentes
1404 4013 1530 4063 eos,
1564 4002 1704 4068 quod
1754 4000 1807 4053 in

216 4093 419 4145 caelum
442 4091 808 4147 ascendisset?
834 4092 1058 4161 Propter
1087 4091 1217 4146 duas
1246 4091 1494 4145 nimirum
1528 4090 1655 4146 istas
1679 4106 1809 4145 cau-

227 4200 318 4239 sas
350 4202 363 4237 :
397 4199 559 4238 unam
590 4185 804 4255 quidem
830 4186 969 4255 quod
1001 4184 1243 4238 dolerent
1286 4184 1362 4238 illi
1406 4185 1474 4238 ob
1502 4182 1696 4238 Christi
1744 4186 1810 4239 ab

222 4276 349 4344 ipsis
376 4276 762 4330 discessionem
790 4275 963 4345 :qnod
991 4286 1164 4330 autem
1195 4276 1439 4330 dolerent
1466 4317 1480 4341 ,
1513 4276 1635 4329 audi
1685 4276 1809 4344 quid

222 4370 285 4422 ad
308 4384 405 4422 eos
423 4368 596 4422 dicat:
626 4367 791 4423 Nemo
821 4385 883 4423 ex
901 4370 1055 4435 vobis,
1072 4369 1262 4437 inquit,
1281 4372 1555 4439 interrogat
1577 4385 1672 4433 me,
1700 4368 1810 4435 Quo

138 4484 141 4487 λ
220 4462 363 4515 radis
378 4462 405 4515 ?
424 4469 513 4515 sed
533 4464 653 4532 quia
682 4462 788 4516 Ita'c
811 4462 1045 4533 loquutus
1066 4477 1180 4514 sum
1206 4460 1575 4524 robis,tristitia
1590 4461 1811 4529 implevit

221 4569 306 4605 cor
330 4565 552 4607 restrain
577 4551 759 4623 (locu.
792 4553 878 4607 16.
907 4553 959 4607 5.
984 4552 1061 4623 6).
1093 4550 1227 4606 Nam
1266 4552 1309 4605 si
1340 4552 1541 4605 amicos
1586 4562 1639 4605 et
1682 4566 1810 4606 con-

224 4644 551 4715 sanguineos
598 4654 813 4699 nostros
851 4642 1088 4714 separari
1134 4658 1161 4696 a
1210 4643 1364 4696 nobis
1409 4657 1514 4695 non
1567 4642 1807 4708 ferimus,

226 4736 497 4801 quomodo
521 4736 767 4806 discipuli
799 4749 951 4789 suum
979 4735 1045 4788 ab
1086 4734 1214 4803 ipsis
1268 4734 1501 4802 separari
1533 4742 1812 4787 cernentes

226 4826 262 4879 S
278 4829 581 4891 ilvatoretn,
605 4828 935 4897 magistrum,
951 4842 1010 4880 ac
1028 4836 1324 4880 curatorem
1352 4824 1807 4895 benignissimum,

226 4919 714 4971 mansuetissimam
756 4926 811 4973 et
860 4919 1146 4985 optimum,
1181 4918 1335 4984 plane
1374 4933 1479 4972 non
1523 4918 1813 4973 dolerem?

224 5008 493 5076 quomodo
514 5024 624 5063 non
655 5008 1135 5064 cetttristarenmr'l
1156 5007 1357 5062 idcirco
1381 5008 1547 5063 astitit
1571 5009 1809 5079 angelus,

224 5104 311 5169 qni
355 5102 600 5155 dolorem
631 5116 694 5155 ex
726 5116 948 5155 ascensu
974 5101 1371 5170 provenientem
1422 5100 1625 5154 reditus
1661 5116 1810 5155 com-

226 5193 621 5246 memoratione
694 5194 884 5245 iterum
961 5193 1269 5261 mitigaret,
1346 5191 1813 5259 consolareturquc

228 5284 396 5353 ipsos.
429 5281 529 5335 llic
556 5284 699 5337 enim
716 5282 891 5349 Iesus,
915 5284 1007 5347 ait,
1029 5283 1115 5352 qui
1140 5292 1427 5352 assumptus
1450 5293 1522 5336 est
1543 5299 1573 5335 a
1598 5280 1731 5336 vobis
1760 5284 1813 5336 in

224 5377 407 5428 celum
432 5416 448 5441 ,
476 5376 737 5430 sic-veniet
769 5374 901 5446 (Act.
956 5378 1007 5430 1.
1036 5376 1143 5443 11).
1195 5374 1444 5429 Doluistis
1479 5416 1493 5437 ,
1529 5375 1716 5445 inquit,
1746 5374 1815 5429 de

225 5469 593 5538 assumptione
614 5468 813 5539 ipsius?
829 5466 933 5523 Sed
958 5467 1119 5521 nolite
1141 5467 1366 5537 amplius
1382 5467 1591 5531 dolere;
1616 5468 1812 5521 etenim

230 5572 415 5611 rursus
440 5558 639 5612 veniet.
671 5556 803 5612 Nam
830 5566 978 5612 utne
1006 5556 1241 5612 facerent
1264 5556 1404 5627 quod
1431 5558 1539 5627 egit
1568 5558 1809 5622 Elisa-us,

229 5650 491 5718 aspiciens
519 5652 826 5720 magistrum
852 5664 1007 5706 suum
1048 5650 1269 5714 assumi,
1301 5650 1387 5719 qui
1414 5649 1626 5705 di-cidit
1652 5650 1815 5703 vesti-

232 5750 468 5798 mentum
502 5742 520 5813 (
549 5743 595 5797 ι.
651 5740 776 5813 Reg.
802 5742 882 5815 2)
913 5760 926 5797 :
958 5756 1065 5798 non
1116 5741 1257 5798 enim
1306 5740 1531 5796 habebat
1584 5742 1813 5813 aliquem

1195 328 1260 383 IN
1301 326 1767 385 ASCENSIONEM
1811 326 1873 379 D.
1917 323 1980 379 N.
2023 322 2185 379 JESU
2216 322 2505 379 CHRISTI.

3389 325 3492 380 450

1908 437 2207 492 adstantem
2227 437 2324 490 sibi
2347 447 2503 505 atque
2533 436 2798 490 dicentem
2827 434 2967 503 quod
3000 434 3189 488 iterum
3230 443 3485 489 venturus

1902 538 2047 581 esset
2077 527 2293 591 Helias;
2324 543 2388 580 ne
2417 528 2572 595 igitur
2598 526 2696 579 hoc
2728 535 2783 578 et
2814 526 2901 577 isti
2934 525 3168 578 facerent
3190 566 3203 587 ,
3250 525 3368 577 ideo
3398 540 3493 577 an-

1900 621 2007 689 geli
2052 621 2405 682 adstiterant,
2435 620 2523 689 qui
2567 617 2831 672 tristitiam
2878 617 3089 670 illorum
3140 616 3372 669 lenirent
3426 629 3489 669 ac

1900 711 2324 765 consolarentur.
3184 728 3250 769 ..λ

1983 803 2281 870 υἰπενεηιὶα
2309 803 2439 856 inter
2463 802 2802 855 ascensionem
2831 800 2993 862 Elite,
3024 810 3069 851 et
3098 797 3283 852 Christi
3305 797 3494 851 Salva-

1908 895 2240 949 toris.—Et
2286 894 2401 948 hinc
2447 894 2660 963 quidem
2708 908 2809 946 una
2854 903 2936 945 est
2991 907 3148 945 causa
3195 888 3496 960 praesentia:

1903 987 2213 1057 angelorum
2249 1004 2262 1038 :
2294 986 2555 1055 posterior
2578 994 2755 1038 autem
2787 998 2847 1036 ea
2872 998 2977 1035 non
3000 980 3217 1035 inferior
3242 989 3343 1043 est,
3374 994 3491 1049 pro-

1904 1084 2024 1145 pter
2037 1092 2197 1146 quam
2222 1076 2383 1131 etiam
2400 1090 2615 1129 causam
2645 1074 2858 1141 adjecit,
2884 1072 2981 1137 Qui
3006 1082 3294 1140 assumptus
3313 1080 3402 1124 est.
3428 1068 3498 1123 Et

1904 1185 2024 1241 qme
2050 1178 2135 1223 est
2158 1168 2300 1223 ista?
2346 1168 2400 1221 lo
2427 1168 2612 1222 cadum
2641 1177 2945 1234 assumptus
2971 1174 3070 1217 est.
3103 1162 3289 1230 Ingens
3318 1171 3495 1215 autem

1906 1261 2251 1316 interstitium
2293 1270 2428 1327 erat,
2464 1275 2633 1329 neque
2680 1256 2977 1311 sufﬁciebat
3008 1254 3289 1308 visvnostri
3343 1267 3496 1321 aspe-

1906 1361 2045 1420 ctus,
2070 1362 2129 1406 ut
2154 1366 2348 1421 corpus
2380 1351 2447 1406 ad
2491 1351 2651 1405 ca-los
2678 1364 2846 1418 usque
2886 1346 3083 1401 assumi
3121 1344 3446 1415 prospiceret
3480 1359 3493 1396 :

1906 1444 2000 1498 sed
2028 1444 2166 1499 sicut
2190 1442 2302 1497 avis
2338 1442 2391 1496 in
2437 1442 2665 1496 sublime
2718 1440 2967 1502 volitans,
3000 1445 3200 1507 quanto
3248 1434 3412 1503 magis
3446 1434 3499 1486 in

1907 1538 2069 1590 altum
2126 1536 2461 1599 ascenderit,
2502 1543 2646 1588 tanto
2687 1532 2917 1602 amplius
2965 1547 2993 1581 ιι
3050 1539 3233 1583 nostro
3282 1535 3501 1596 aspectu

1908 1627 2241 1682 subtrahitur
2272 1644 2287 1680 :
2319 1628 2390 1681 ita
2419 1635 2473 1680 et
2495 1640 2689 1694 corpus
2712 1623 2860 1689 illud,
2888 1632 3086 1692 quanto
3115 1621 3271 1673 altius
3298 1619 3495 1672 evehe-

1909 1719 2085 1785 batur,
2117 1729 2263 1773 tanto
2293 1718 2462 1788 magis
2493 1716 2924 1772 abscondebatur
2953 1731 2969 1779 ;
2998 1730 3117 1767 cum
3163 1728 3269 1766 non
3322 1719 3500 1780 posset

1908 1812 2186 1866 oculorum
2223 1812 2505 1864 inﬁrmitas
2530 1807 2795 1862 intervalli
2835 1804 3219 1875 longitudinem
3263 1800 3497 1871 assequi.

1912 1903 2198 1973 Propterea
2222 1904 2508 1956 astiterunt
2554 1898 2878 1970 angeli,qui
2932 1898 3187 1950 docerent
3234 1894 3500 1947 ascensio-

1909 2009 2033 2049 nem
2058 1994 2110 2047 in
2130 1994 2340 2057 caelum,
2374 2010 2442 2047 ne
2469 1992 2856 2046 arbitrarentur
2884 2003 3005 2042 eum
3037 1986 3187 2055 quasi
3221 1986 3271 2037 in
3309 1983 3500 2036 caelum

1910 2086 2222 2141 ascendisse
2265 2086 2431 2139 instar
2469 2083 2667 2146 Helix;
2699 2080 2791 2135 scd
2836 2078 2977 2148 quod
3035 2093 3157 2132 vere
3203 2076 3256 2129 in
3310 2074 3501 2127 cu-lum

1910 2175 2251 2241 ascenderit,
2280 2174 2350 2229 ob
2403 2174 2455 2227 id
2503 2174 2577 2229 ait
2605 2188 2618 2223 :
2654 2170 2758 2237 Qui
2781 2178 3071 2235 assumptus
3099 2176 3172 2220 est
3207 2183 3238 2217 a
3288 2166 3423 2217 vobis
3450 2167 3500 2217 in

1910 2269 2110 2323 caelum.
2162 2268 2345 2336 Neque
2383 2266 2529 2321 enim
2573 2265 2672 2317 hoc
2721 2261 3035 2330 simpliciter
3076 2258 3340 2327 adjectum
3394 2267 3498 2310 est.

1911 2360 2161 2427 Quinimo
2192 2359 2369 2413 Helias
2402 2367 2669 2426 tamquam
2724 2356 2774 2407 in
2806 2353 2993 2407 CIL-lum
3039 2359 3344 2418 assumptus
3372 2358 3452 2402 est
3487 2368 3499 2401 :

1911 2468 2100 2507 servus
2128 2454 2270 2506 enim
2310 2461 2459 2512 erat;
2491 2450 2647 2503 Jesus
2673 2457 2852 2501 autem
2897 2449 2948 2499 in
2977 2445 3164 2499 casiam
3188 2484 3201 2507 ,
3235 2443 3355 2512 quia
3396 2442 3501 2494 lto-

1911 2546 2085 2599 minus
2125 2554 2239 2599 erat
2273 2562 2285 2597 :
2316 2544 2403 2596 ille
2436 2543 2485 2595 in
2537 2557 2695 2595 curru
2742 2541 2914 2609 igneo,
2953 2537 3038 2590 hic
3071 2538 3122 2589 in
3164 2537 3323 2588 nube.
3370 2534 3502 2587 l‘x’am

1910 2636 2121 2704 quando
2151 2650 2361 2688 servum
2395 2634 2567 2686 vocari
2600 2632 2900 2699 Oportebat,
2932 2643 3120 2683 currus
3154 2628 3496 2686 mittebatur;

1913 2726 2127 2794 quando
2158 2734 2335 2778 autem
2380 2722 2591 2786 Filium,
2626 2725 2851 2775 thronus
2894 2719 3124 2788 regalis;
3158 2733 3331 2785 neque
3376 2718 3503 2769 sitn-

1914 2817 2120 2886 pliciter
2141 2814 2362 2869 thronus
2389 2813 2602 2883 regalis,
2633 2811 2727 2865 sed
2750 2812 2973 2879 ipsemet
2997 2818 3266 2877 patentius.
3294 2807 3502 2859 Etenim

1912 2910 1981 2964 de
2009 2910 2167 2963 Patre
2196 2911 2270 2960 ait
2303 2908 2462 2961 Isaias
2494 2924 2505 2959 :
2539 2903 2668 2957 Ecce
2691 2902 2943 2955 Dominus
2969 2900 3105 2955 sedet
3139 2916 3289 2968 super
3318 2900 3497 2951 nubent

1916 3002 2070 3055 levem
2092 2998 2245 3070 (Isai.
2273 2999 2362 3053 19.
2396 2999 2474 3066 1).
2506 2997 2638 3062 Quia
2686 3009 2813 3065 ergo
2835 2994 2991 3047 Pater
3047 2994 3098 3045 in
3145 2995 3283 3045 nuhc
3330 2989 3502 3057 sedet,
3528 3036 3549 3052 ,

1913 3093 2036 3147 ideo
2088 3103 2139 3146 et
2190 3090 2322 3144 Filio
2374 3090 2566 3143 nubem
2620 3085 2784 3140 misit.
2831 3087 3007 3153 Atque
3061 3083 3241 3137 Helias
3285 3082 3501 3151 quidem

1916 3184 2218 3239 ascendens
2256 3183 2465 3236 ovinam
2495 3179 2690 3248 pellem
2742 3191 2904 3246 super
2949 3175 3199 3229 Elisaenm
3243 3173 3458 3228 demisit
3488 3216 3503 3236 ,

1913 3277 2071 3333 Iesus
2089 3283 2272 3329 autem
2302 3272 2596 3328 ascendens
2621 3269 2911 3339 gratiarum
2940 3266 3079 3321 dona
3119 3267 3169 3319 in
3206 3266 3499 3333 discipulos

1913 3368 2149 3432 demisit,
2170 3382 2273 3419 non
2306 3380 2467 3417 unum
2496 3363 2809 3432 prolihetam
2839 3360 3107 3423 facientia,
3139 3358 3230 3413 sed
3264 3358 3496 3411 inﬁnitos

1874 3462 1878 3466 ’
1916 3458 2163 3523 Elisazos,
2192 3466 2350 3525 atque
2392 3455 2526 3508 adeo
2555 3453 2643 3506 illo
2699 3452 2864 3506 multo
2895 3451 3126 3520 majores
3160 3461 3213 3504 et
3254 3451 3505 3503 illustrio-

1915 3563 2022 3603 res.
2071 3549 2434 3617 Exsurgamus
2478 3546 2658 3616 igitur,
2686 3544 3037 3604 dilectissimi,
3080 3552 3134 3597 et
3162 3542 3225 3595 ad
3279 3542 3504 3594 reditum

1917 3640 2066 3693 illum
2092 3639 2278 3694 oculos
2317 3639 2517 3693 mentis
2559 3636 2869 3706 dirigamus.
2896 3634 3107 3689 Etenim
3148 3633 3341 3687 Paulus
3384 3635 3455 3684 ait
3492 3652 3502 3685 :

1917 3731 2038 3800 Ipse
2065 3730 2325 3784 descendet
2350 3730 2412 3782 de
2438 3728 2572 3782 cwlis
2591 3770 2604 3792 ,
2636 3729 2688 3780 in
2720 3729 2866 3799 jussu
2888 3770 2902 3792 ,
2932 3727 2985 3779 in
3015 3742 3130 3778 voce
3173 3726 3461 3793 archangeli
3488 3742 3505 3777 :

1914 3834 1962 3877 et
1985 3840 2074 3876 nos
2102 3824 2188 3889 qui
2210 3824 2416 3875 vivimus
2438 3832 2482 3874 et
2510 3822 2696 3873 residui
2724 3837 2918 3885 sumus,
2951 3820 3145 3872 obviam
3177 3820 3431 3888 rupicmur
3452 3821 3503 3873 in

1916 3913 2129 3966 nubibus
2171 3915 2223 3966 in
2271 3929 2534 3965 occursum
2582 3910 2788 3963 Domini
2825 3910 2877 3963 in
2914 3926 3054 3975 aera,
3098 3922 3151 3963 at
3178 3924 3281 3963 non
3314 3926 3502 3963 omnes

1921 4005 1996 4073 (1.
2021 4003 2195 4057 Thess.
2230 4005 2281 4058 4.
2310 4004 2397 4059 15.
2432 4004 2540 4073 16).
2572 4004 2725 4068 Quod
2767 4012 2945 4056 autem
2994 4017 3097 4055 non
3121 4017 3307 4055 omnes
3335 4003 3505 4068 rapie-

1918 4110 2058 4159 ntur,
2088 4094 2182 4149 sed
2224 4093 2314 4147 alii
2364 4094 2695 4161 permansuri
2746 4094 2886 4155 sint,
2919 4092 3007 4145 alii
3058 4107 3182 4146 vero
3224 4092 3461 4161 rapiendi
3486 4134 3501 4157 ,

1920 4186 2043 4240 audi
2090 4186 2217 4256 quid
2243 4186 2384 4240 dicat
2417 4185 2662 4239 Christus
2691 4199 2709 4238 :
2737 4183 2875 4236 Tunc
2911 4184 3229 4236 invenientur
3252 4185 3366 4236 dua:
3395 4201 3504 4236 mo-

1919 4278 2072 4331 lentcs
2098 4279 2151 4331 in
2182 4279 2337 4341 mola,
2364 4292 2465 4330 una
2495 4286 2797 4341 assumetur,
2826 4285 2873 4328 et
2894 4293 2993 4329 uno
3022 4276 3331 4347 relinquetur
3359 4292 3376 4329 :
3403 4279 3501 4329 duo

1918 4368 1971 4421 in
2024 4370 2148 4423 lccto
2201 4384 2304 4421 una
2349 4375 2521 4432 erunt,
2573 4383 2705 4419 unus
2750 4377 3052 4431 assumctur,
3081 4377 3126 4419 et
3166 4383 3298 4420 unus
3339 4369 3498 4420 relin-

1918 4471 2098 4531 quetur
2144 4458 2373 4530 (Matth.
2426 4459 2515 4512 94.
2544 4458 2631 4513 40.
2656 4457 2771 4529 bi).
2803 4456 2939 4525 Quid
2984 4458 3083 4512 sibi
3142 4459 3252 4513 vult
3278 4459 3501 4529 tenigma

1920 4553 2059 4609 istud
2083 4553 2106 4606 ?
2134 4551 2261 4622 quid
2294 4552 2514 4607 denotat
2548 4552 2857 4624 mysterium
2888 4551 2987 4605 hoc
3010 4550 3380 4606 reconditum?
3404 4551 3505 4605 l‘er

1919 4645 2116 4698 molam
2144 4659 2331 4699 omnes
2368 4644 2421 4697 in
2451 4653 2763 4713 paupertate
2790 4653 2842 4697 et
2872 4643 3086 4697 miseria
3134 4644 3369 4697 \ivcnles
3410 4658 3507 4697 no-

1920 4734 2005 4789 bis
2063 4734 2432 4798 demonstrat;
2481 4750 2574 4802 pcr
2631 4733 2825 4787 lectum
2904 4742 3080 4787 autem
3136 4749 3199 4788 ac
3267 4736 3505 4803 requiem

1921 4837 2141 4881 cunctos
2170 4827 2367 4880 divitiis
2396 4826 2677 4881 afﬂuentes
2697 4869 2712 4890 ,
2744 4836 2799 4881 et
2842 4826 3135 4879 honoribus
3178 4828 3503 4894 conspicuos

1922 4919 2100 4973 innuit
2130 4936 2147 4972 :
2176 4918 2468 4987 volensque
2519 4918 2807 4973 ostendere
2856 4919 3019 4972 etiam
3069 4934 3135 4972 ex
3188 4920 3511 4989 pauperibus

1925 5010 2209 5065 salvandos
2247 5008 2364 5065 fore
2392 5019 2552 5080 atque
2580 5009 2881 5079 perdendos
2902 5051 2917 5075 ,
2946 5010 3079 5065 dixit
3107 5012 3245 5081 quod
3277 5012 3331 5067 itt
3369 5014 3509 5067 mola

1923 5118 2025 5156 una
2054 5112 2375 5167 assumetur,
2405 5113 2457 5155 et
2480 5096 2943 5171 unarelinquctur
2969 5118 2982 5167 ;
3013 5114 3067 5157 et
3114 5118 3299 5157 eorum
3337 5108 3426 5174 qui
3454 5106 3505 5159 in

1925 5196 2063 5251 lecto
2108 5205 2263 5250 erunt
2310 5209 2447 5249 unus
2494 5205 2829 5260 assmnctur,
2860 5206 2915 5249 et
2964 5211 3101 5249 unus
3153 5196 3504 5267 relinquetur,

1922 5287 2196 5342 declarare
2225 5288 2433 5351 volens,
2464 5288 2605 5356 quod
2636 5298 2945 5356 peccatores
2966 5288 3179 5356 quidem
3220 5287 3303 5341 bic
3345 5288 3507 5341 relin-

1923 5387 2191 5448 quantur,
2244 5378 2559 5447 supplicium
2601 5388 3014 5448 exspectantes;
3058 5379 3185 5447 justi
3228 5387 3404 5431 autem
3452 5380 3505 5432 in

1926 5471 2095 5525 nubes
2120 5472 2409 5540 rapiantur.
2440 5471 2590 5525 Sicut
2619 5472 2760 5525 enim
2788 5487 2912 5541 rege
2938 5471 3117 5539 aliquo
3154 5470 3205 5522 in
3236 5468 3503 5523 civitatem

1926 5563 2229 5616 introeunte
2254 5604 2267 5627 ,
2302 5562 2391 5616 alii
2418 5562 2634 5633 quidem
2676 5562 2728 5616 in
2758 5562 3104 5631 dignitatibus
3142 5568 3299 5627 atque
3341 5560 3506 5613 hono-

1926 5650 2075 5705 ribus
2116 5652 2411 5718 constituti,
2436 5663 2489 5707 ot
2515 5652 2603 5722 qui
2647 5653 2933 5722 plurimum
2976 5650 3144 5718 gratia
3186 5647 3323 5717 apud
3357 5650 3505 5703 illum

1928 5742 2108 5799 valent
2130 5784 2144 5812 ,
2178 5753 2332 5800 extra
2362 5744 2630 5801 civitatem
2662 5745 2707 5799 ci
2738 5742 3146 5813 progrediuntur
3175 5738 3404 5807 obviam,
3432 5740 3508 5794 rei
