4038 6204
550 346 647 407 LK!
1294 345 1353 401 S.
1382 340 1661 401 JOANNIS
1697 343 2171 403 CHRYSOSTOMl
2197 340 2513 401 ARClll‘El’.
2546 340 3082 403 CONSTANTINOP.

550 468 726 515 autem
757 467 809 514 et
833 457 1141 514 criminibus
1167 457 1382 513 obnoxii
1414 457 1557 513 intus
1582 466 1886 521 servantur.
1916 468 2135 513 senten-

550 551 676 605 tiam
704 566 733 604 a
765 565 887 621 rege
907 558 1319 620 exspectantes:
1349 549 1421 603 ita
1448 550 1609 603 etiam
1639 548 1851 619 quando
1884 549 2136 604 Dominus

550 642 856 709 advenerit,
881 644 972 697 alii
998 642 1215 713 quidem
1255 641 1347 711 qui
1374 640 1623 697 fiduciam
1666 639 1901 709 habent,
1936 642 1988 696 in
2016 657 2134 696 me-

546 735 691 789 dium
723 736 772 790 ei
804 743 1086 790 occurrent
1114 749 1293 789 aerem
1320 775 1336 801 ,
1377 734 1617 789 damnati
1648 749 1776 789 vero
1797 743 1851 789 et
1877 735 1969 805 qui
1998 735 2136 789 mul-

538 836 723 880 torum
774 825 875 881 sibi
902 826 1103 880 conscii
1150 824 1348 880 fuerint
1376 834 1715 897 peccatorum
1740 866 1755 894 ,
1785 825 1872 881 hic
1913 836 2135 897 praesto-

542 914 794 970 labuntur
814 915 1073 983 judicem.

613 1006 955 1077 Chrysostomi
1002 1007 1278 1063 humilitas.
1306 1037 1379 1049 —-
1406 1006 1554 1062 Tunc
1583 1017 1640 1063 et
1675 1023 1775 1064 nos
1811 1008 2076 1079 rapiemur
2114 1027 2129 1066 :

541 1110 649 1150 non
693 1096 938 1165 equidem
980 1096 1240 1166 meipsum
1267 1097 1321 1151 in
1340 1112 1623 1152 numerum
1665 1112 1727 1153 ac
1752 1099 2010 1154 calculum
2048 1114 2135 1154 ra-

541 1186 854 1257 piendorum
874 1187 1128 1244 referens
1155 1188 1300 1257 dixi,
1327 1188 1471 1244 Nos:
1496 1205 1602 1244 non
1632 1189 1880 1260 equidem
1914 1191 1984 1246 ita
2014 1206 2133 1247 sum

526 1292 734 1346 expers
759 1294 946 1333 sensus
966 1294 1029 1334 ac
1053 1280 1295 1345 rationis,
1316 1290 1372 1334 ut
1394 1281 1604 1350 propria
1626 1280 1865 1351 ignorem
1894 1292 2129 1353 peccata.

528 1364 607 1421 :Et
636 1368 734 1422 nisi
759 1370 869 1438 jam
896 1377 1189 1424 metuerem
1216 1370 1535 1425 conturbare
1576 1370 1811 1425 laetitiam
1850 1373 2133 1441 prmsentis

539 1457 861 1527 festivitatis,
886 1460 1069 1517 fierem
1094 1477 1223 1516 sane
1237 1462 1591 1529 amarissime,
1612 1463 1764 1519 istius
1780 1463 1903 1518 dicti
1927 1480 2134 1520 memor

537 1558 593 1605 ct
628 1566 745 1606 mea
779 1561 994 1620 peccata
1034 1553 1087 1606 in
1128 1554 1440 1607 memoriam
1477 1568 1757 1608 revocans.
1787 1554 1922 1609 Cum
1952 1563 2129 1610 autem

536 1642 816 1709 prmsentis
860 1641 980 1697 festi
1010 1642 1262 1697 'l:etitiam
1305 1641 1632 1698 confundere
1662 1644 1826 1698 nolim
1852 1687 1867 1711 ,
1902 1644 1989 1700 hic
2014 1662 2129 1701 ser-

538 1746 749 1786 monem
778 1732 979 1796 finiam,
1003 1733 1268 1804 vigentem
1294 1749 1360 1789 ac
1386 1743 1655 1790 recentem
1685 1735 1836 1790 vobis
1857 1726 2000 1791 illius
2024 1736 2132 1792 diei

539 1824 851 1878 memoriam
899 1824 1207 1895 relinquens
1227 1866 1242 1892 ,
1272 1841 1340 1881 ne
1365 1827 1622 1897 glorietur
1649 1826 1799 1882 dives
1844 1827 1895 1881 in
1936 1826 2134 1884 divitiis

535 1916 668 1983 suis,
699 1932 871 1987 neque
892 1932 1104 1987 pauper
1129 1917 1363 1986 seipsum
1394 1919 1649 1973 miserum
1680 1928 1893 1989 reputet
1920 1920 1970 1973 in
2001 1935 2134 1990 pau-

533 2016 736 2077 pertate
762 2023 878 2073 sua,
908 2009 1001 2063 sed
1026 2010 1248 2079 quisque
1275 2018 1431 2078 prout
1454 2010 1553 2065 sibi
1593 2011 1836 2065 conscius
1856 2010 2032 2077 fuerit,
2052 2011 2132 2065 vel

537 2097 640 2153 hoc
663 2140 678 2165 ,
712 2100 792 2155 vel
825 2099 952 2153 illud
998 2098 1175 2154 faciat.
1208 2100 1390 2170 Neque
1417 2101 1559 2155 enim
1590 2101 1739 2156 dives
1764 2100 1887 2155 felix
1914 2142 1931 2167 ,
1964 2116 2135 2171 neque

539 2203 739 2259 pauper
761 2190 1081 2244 miserabilis
1113 2207 1126 2242 :
1158 2189 1250 2245 sed
1279 2190 1486 2255 beatus,
1521 2190 1628 2244 imo
1657 2190 2015 2257 beatissimus,
2044 2192 2134 2261 qui

2148 214 2263 226 μασι-δ

3725 350 3831 405 ιεῖ

2244 458 2389 514 nium
2444 460 2601 514 fuerit
2654 462 3065 530 pauperrimus:
3094 460 3542 531 quemadmodum
3593 464 3827 521 vicissim

2242 550 2332 618 qui
2358 549 2616 603 exciderit
2636 590 2649 611 ,
2678 551 2841 604 miser
2860 591 2874 614 ,
2906 551 3011 603 imo
3040 551 3370 606 miserrimus
3392 592 3409 616 ,
3440 554 3683 623 quamvis
3707 569 3830 609 om-

2242 640 2388 693 nium
2429 641 2498 694 sit
2521 640 2830 694 ditissimus.
2876 640 3161 711 Propterea
3189 639 3310 696 dico
3332 683 3348 710 ,
3381 653 3438 696 ut
3471 644 3560 713 qui
3601 647 3833 712 peccatis

2241 728 2454 783 obnoxii
2481 744 2684 797 sumus,
2713 730 2985 801 lugeamus
3010 745 3107 785 nos
3134 731 3277 801 ipsos
3302 751 3316 787 :
3338 741 3389 787 at
3413 733 3502 803 qui
3524 734 3679 788 bonis
3698 751 3833 805 ope-

2242 819 2391 874 ribus
2424 820 2626 875 clarcnt
2647 861 2663 887 ,
2688 822 2964 876 confidant
2988 838 3003 886 ;
3032 824 3140 876 imo
3166 837 3271 876 non
3298 824 3469 877 solum
3511 826 3783 879 confidant
3805 867 3830 893 ν

2241 909 2336 964 sed
2361 919 2417 965 et
2442 912 2825 966 confirmentur
2848 930 2863 966 :
2889 927 3059 982 neque
3089 912 3162 966 illi
3191 913 3403 983 lugeant
3429 913 3621 979 solum,
3651 916 3745 971 sed
3775 926 3833 972 et

2242 1009 2512 1054 mutentur
2545 1016 2607 1055 ac
2632 1011 3026 1057 convertantur.
3056 1002 3203 1059 Licet
3229 1006 3370 1059 enim
3398 1013 3453 1060 et
3477 1006 3546 1071 ei,
3575 1007 3662 1076 qui
3692 1010 3831 1063 male

2239 1089 2404 1143 vitam
2458 1090 2639 1155 ducit,
2670 1091 2907 1161 improba
2954 1095 3245 1162 postposita
3294 1095 3432 1158 vita,
3463 1095 3527 1149 ad
3577 1099 3829 1151 virtutem

2242 1183 2505 1249 transire,
2535 1182 2703 1253 iisque
2734 1185 2823 1254 qui
2853 1199 2884 1238 a
2922 1185 3181 1254 principio
3200 1186 3341 1240 bene
3363 1186 3643 1254 vixerunt,
3674 1189 3831 1243 simi—

2240 1272 2344 1328 lem
2385 1273 2532 1339 flcri;
2560 1275 2701 1345 quod
2744 1284 2799 1330 et
2842 1290 2941 1331 nos
2968 1276 3295 1331 Studeamus.
3326 1278 3392 1331 Et
3427 1279 3515 1347 qui
3545 1280 3697 1334 bona:
3726 1280 3826 1336 sibi

2237 1366 2437 1420 conscii
2479 1366 2673 1421 fuerint
2706 1367 2828 1422 viue
2849 1409 2864 1434 ,
2893 1368 2945 1422 in
2988 1368 3183 1438 pietate
3220 1378 3602 1438 perseverent,
3632 1370 3829 1425 bonam

2242 1457 2379 1513 hanc
2401 1459 2790 1528 possessionem
2817 1474 3030 1529 semper
3049 1468 3325 1529 augentes,
3351 1470 3406 1514 et
3431 1461 3589 1529 priori
3620 1460 3832 1517 fiducia:

2238 1548 2438 1619 aliquid
2473 1549 2726 1602 continuo
2752 1549 3045 1604 addentes:
3071 1550 3158 1620 qui
3189 1559 3364 1605 autem
3395 1549 3698 1607 diffidentes
3729 1567 3831 1606 su-

2239 1651 2359 1692 mus
2373 1652 2435 1692 ac
2455 1638 2641 1705 timidi,
2667 1640 3056 1710 multorumque
3073 1640 3225 1693 nobis
3247 1650 3580 1710 peccatorum
3602 1642 3827 1707 conscii,

2242 1737 2511 1784 mutemur
2539 1729 2593 1784 in
2634 1730 2855 1794 melius;
2884 1739 2941 1785 ut
2966 1730 3031 1784 ad
3073 1731 3282 1785 illorum
3328 1747 3538 1801 quoque
3580 1731 3828 1786 fiduciam

2244 1822 2639 1891 pertingentes,
2686 1823 2887 1891 pariter
2928 1822 3104 1877 cuncti
3161 1832 3322 1893 atque
3371 1823 3647 1877 unanimes
3702 1838 3830 1877 cum

2241 1911 2418 1968 debita
2464 1912 2631 1983 gloria
2678 1914 2988 1983 angelorum
3042 1913 3242 1983 Regem
3296 1913 3668 1982 suscipiamus,
3700 1912 3833 1966 bea-

2242 2014 2399 2075 taque
2426 2005 2513 2059 illa
2544 2006 2723 2060 laatitia
2762 2006 3097 2075 perfruamur
3126 2005 3178 2059 in
3208 2002 3420 2058 Christo
3447 2004 3570 2059 Jesu
3599 2004 3832 2058 Domino

2243 2107 2461 2163 nostro,
2491 2098 2575 2153 cui
2600 2098 2765 2168 gloria
2803 2108 2855 2153 et
2900 2098 3182 2168 imperium
3219 2112 3342 2152 cum
3384 2096 3538 2151 Patre
3562 2104 3616 2150 et
3640 2108 3833 2149 sancto

2241 2188 2472 2259 Spiritu,
2504 2204 2644 2245 nunc
2683 2198 2738 2246 et
2772 2204 3019 2261 semper,
3055 2198 3119 2246 et
3164 2190 3216 2244 in
3256 2188 3449 2246 secula
3482 2188 3831 2244 szcculorutn.

530 2288 687 2350 raptu
724 2280 817 2335 illo
842 2281 893 2335 in
924 2280 1153 2335 nubibus
1178 2280 1390 2336 habitus
1418 2281 1577 2347 fuerit
1599 2280 1790 2351 dignus
1809 2320 1825 2348 ,
1854 2281 1976 2337 licet
2011 2297 2130 2337 om-
2238 2282 2433 2338 Amen.

541 2602 3788 2653 gmw-mm

1992 2849 2340 2910 MONITUM

590 3061 663 3117 ειη
694 3062 912 3119 Itomilia
944 3064 1134 3135 quinta
1164 3064 1229 3122 de
1251 3066 1410 3122 Anna
1467 3065 1740 3122 Samuelis
1769 3075 1963 3132 matre,
1993 3067 2244 3137 queritur
2283 3066 2438 3121 initio
2459 3065 2907 3140 Chrysostomus,
2945 3084 3010 3126 se
3043 3068 3370 3140 praecedenti
3404 3068 3664 3125 concione
3693 3069 3791 3125 die

527 3178 889 3235 'Pentecostes
912 3179 1095 3235 habita
1130 3180 1334 3238 frustra
1357 3182 1659 3249 monuisse,
1706 3198 1816 3238 non
1851 3183 2046 3239 diebus
2087 3183 2264 3239 solum
2296 3181 2476 3248 festis,
2513 3184 2606 3239 sed
2639 3184 2804 3239 etiam
2840 3184 2963 3239 aliis
2994 3199 3089 3254 per
3116 3200 3320 3239 annum
3354 3186 3640 3241 ecclesiam
3666 3201 3797 3241 esse

532 3290 990 3363 frequentandam
1025 3310 1039 3347 :
1076 3308 1139 3348 ea
1164 3308 1294 3349 vero
1328 3294 1394 3350 de
1424 3310 1483 3351 re
1524 3295 1696 3350 multa
1726 3294 1895 3349 verba
1924 3294 2053 3350 facit
2094 3292 2520 3365 Cbrysostomus
2578 3294 2735 3350 initio
2764 3294 2962 3365 prioris
2992 3293 3047 3348 in
3100 3292 3461 3353 Pentecosten
3523 3298 3790 3363 homilite,

523 3410 688 3467 unde
718 3410 903 3466 statim
938 3409 1184 3466 videatur
1205 3410 1335 3466 hinc
1363 3413 1625 3482 temporis
1648 3412 1894 3468 calculus
1923 3412 2039 3483 peti
2068 3425 2246 3482 posse.
2272 3409 2472 3466 Verum
2509 3410 2636 3467 huic
2660 3410 2901 3480 opinioni
2924 3410 3224 3467 reclamant
3250 3429 3334 3477 ea,
3365 3427 3487 3484 quae
3509 3431 3630 3471 mox
3658 3415 3799 3471 sub-

522 3524 655 3593 =jicit
683 3523 1114 3596 Chrysostomus
1140 3524 1193 3578 in
1234 3524 1457 3579 bomilia
1489 3524 1578 3579 illa
1607 3525 1674 3580 de
1700 3525 1877 3580 Anna.
1912 3523 1979 3578 ιη
2025 3526 2122 3580 hoc
2147 3526 2305 3591 enim,
2338 3524 2534 3595 inquit,
2563 3527 2704 3581 vobis
2737 3528 3260 3582 commemoravimus
3280 3530 3461 3597 ﬁlium
3486 3532 3639 3585 illum
3693 3548 3799 3600 pa-

524 3644 808 3690 Iternarum
843 3638 1162 3706 facultatum
1202 3639 1615 3709 absumptorem,
1650 3642 1859 3697 tandem
1892 3645 1960 3696 ad
2012 3655 2290 3713 paternam
2339 3644 2553 3698 domum
2580 3643 2905 3714 postliminio
2938 3662 3217 3711 reversum,
3254 3648 3651 3719 universumque
3676 3653 3795 3721 ejus

522 3750 831 3817 miseriam,
869 3752 1085 3821 famem,
1115 3752 1359 3820 dedecus,
1414 3757 1727 3825 opprobria,
1764 3767 1814 3812 et
1861 3759 2119 3830 quidquid
2154 3760 2296 3830 apud
2321 3770 2526 3815 exteros
2557 3760 2795 3829 pertulit,
2824 3760 3141 3815 adduximus
3182 3762 3234 3814 in
3276 3761 3524 3829 medium,
3579 3775 3643 3819 ut
3692 3767 3797 3824 liae

521 3864 775 3935 exempla
798 3867 868 3920 ad
892 3868 1227 3923 sobrietatem
1255 3886 1344 3924 vos
1376 3872 1745 3943 rediget-emus.
1778 3872 1901 3931 Haec
1938 3886 2045 3930 tam
2074 3877 2246 3931 multa
2277 3893 2335 3932 se
2370 3876 2623 3932 retulisse
2650 3876 2781 3931 dicit
2805 3876 2859 3931 in
2892 3875 3006 3943 illa,
3038 3891 3200 3947 quam
3231 3889 3515 3947 memorat,
3545 3880 3613 3937 de
3642 3879 3758 3938 Pen
3777 3914 3795 3925 -

520 3987 740 4035 .tecoste
777 3980 1014 4036 .homilia
1071 4002 1085 4037 :
1122 3998 1357 4054 quorum
1391 4003 1459 4043 ne
1480 3989 1585 4060 γρῦ
1620 3990 1840 4060 quidem
1874 3992 1928 4046 in
1959 3992 2060 4047 hac
2089 3995 2352 4049 occurrit.
2378 3992 2755 4061 Quamobrem
2786 3992 2903 4048 haec
2931 3992 2999 4048 ad
3022 3992 3183 4048 aliam
3207 3994 3476 4064 pertinere
3508 3996 3795 4057 homiliam

533 4112 695 4152 nemo
718 4102 1014 4170 negaverit.
1047 4101 1235 4174 Neque
1260 4105 1312 4161 id
1338 4107 1539 4161 mirum
1569 4118 1654 4164 est
1679 4128 1691 4164 :
1724 4119 1831 4165 tam
1855 4110 2167 4181 frequenter
2190 4112 2332 4167 enim
2366 4112 2720 4182 conqueritur
2748 4110 3175 4183 Chrysostomus
3196 4110 3263 4167 de
3293 4113 3563 4182 paucitate
3586 4129 3797 4172 conve-

534 4212 800 4267 nientium
827 4215 880 4268 in
913 4216 1225 4285 ecclesiam,
1268 4230 1328 4275 ut
1361 4220 1521 4277 facile
1547 4227 1805 4294 potuerit,
1841 4226 2129 4282 duodecim
2169 4243 2460 4294 annorum,
2497 4230 2699 4300 quibus
2727 4228 3032 4286 Antiochia:
3054 4231 3411 4287 concionatus
3439 4241 3541 4295 est,
3577 4236 3793 4303 spatio,

532 4324 588 4378 in
621 4326 1063 4385 solemnitatibus
1088 4329 1444 4392 Pentecostes
1474 4336 1719 4391 eamdem
1755 4339 2153 4408 querimoniam
2180 4342 2386 4412 pluries
2420 4354 2683 4413 repetere.

604 4441 722 4498 Non
750 4461 916 4516 parva
942 4456 1123 4504 autem
1159 4450 1335 4507 oritur
1363 4453 1655 4512 difficultas
1670 4472 1743 4513 ex
1766 4463 2178 4518 enumeratione
2226 4464 2588 4536 insigniorum
2642 4440 3019 4534 festivitatum,
3044 4481 3183 4537 quas
3233 4465 3339 4521 sub
3366 4464 3582 4519 initium
3616 4464 3796 4537 hujus

522 4561 817 4616 'concionis
844 4573 1275 4621 commemorat:
1310 4568 1383 4623 ibi
1410 4585 1648 4642 namque
1671 4573 1869 4643 prima,
1897 4578 2112 4649 πρώτη,
2146 4579 2349 4636 dicitur
2370 4597 2489 4637 esse
2520 4581 2837 4653 Epiphania:
2863 4580 3165 4647 festivitas;
3199 4578 3437 4635 secunda
3464 4577 3793 4649 Paschalis;

523 4674 696 4729 tertia
720 4672 1087 4732 Pentecostes.
1117 4677 1390 4744 Quaeritur
1421 4696 1548 4737 vero
1580 4698 1679 4739 cur
1701 4682 1909 4741 Natalis
1940 4686 2145 4744 Christi
2181 4690 2581 4746 solemnitatem
2608 4691 2822 4747 omittat
2850 4691 3295 4763 Chrysostomus,
3333 4698 3387 4744 et
3417 4704 3513 4745 cur
3546 4688 3794 4760 Epipha-

523 4790 626 4846 .nia
664 4792 839 4862 prima
872 4804 1125 4865 ponatur.
1160 4794 1297 4851 Cum
1331 4798 1475 4853 enim
1496 4798 1706 4856 certum
1738 4803 2191 4877 exploratumque
2230 4808 2302 4863 sit
2328 4806 2471 4863 diem
2509 4808 2751 4863 Natalem
2778 4808 2978 4864 Christi
3010 4816 3253 4881 tempore
3277 4807 3660 4879 Chrysostomi
3683 4807 3799 4862 Au-

535 4908 754 4964 tiochize
782 4908 1109 4965 celebratam
1143 4906 1313 4966 fuisse
1340 4909 1412 4964 25
1449 4910 1781 4982 Decembris,
1817 4927 1873 4972 et
1898 4915 2258 4989 Epiphaniam
2307 4928 2459 4977 sexta
2486 4917 2758 4985 Januarii,
2784 4928 2931 4976 certe
2956 4920 3143 4976 debuit
3192 4921 3284 4977 ille
3313 4921 3429 4977 dies
3462 4919 3676 4976 Natalis
3737 4919 3791 4975 in

539 5024 851 5082 recensione
880 5024 1208 5093 memorari;
1255 5026 1366 5083 imo
1397 5025 1607 5097 primas
1636 5037 1820 5090 tenere
1845 5052 1859 5090 :
1884 5049 2010 5090 nam
2053 5050 2178 5091 cum
2206 5035 2532 5092 Antiocheni
2558 5050 2763 5093 annum
2795 5038 3137 5106 inchoarent,
3181 5047 3245 5094 ut
3283 5038 3547 5103 creditur,
3599 5051 3791 5096 menso
