4038 6204
260 267 372 321 εισι

261 375 370 446 πρὸ
383 372 489 442 τῆς
516 372 725 436 πόλεως
744 372 1049 437 ἐξελθόντες
1069 374 1399 437 ἀπαντῶσιν,
1414 375 1467 428 οἱ
1486 374 1542 428 δὲ
1560 375 1838 430 κατάδικοι

263 458 355 510 καὶ
391 457 443 508 οί
478 455 941 526 κατακεκριμένοι
967 455 1115 509 ἔνδον
1147 456 1506 526 φυλάττονται
1531 458 1627 529 τὴν
1663 457 1842 528 ψῆφον

259 540 361 610 τὴν
386 537 542 609 παρά
573 535 669 590 τοῦ
697 536 962 607 βασιλέως
985 539 1345 609 ἀναμένοντες
1368 555 1382 570 ⁶
1415 538 1558 593 οὕτω
1584 541 1676 592 καὶ
1716 540 1842 594 ὅταν

258 627 298 678 ὰ
316 625 525 694 Κύριος
550 623 944 694 παραγίνηται,
966 626 1016 677 oi
1047 625 1147 695 μὲν
1173 626 1489 696 παρρησίαν
1522 625 1733 696 ἔχοντες
1762 627 1843 690 εἰς

268 706 434 776 μέσον
461 704 607 774 αὐτῷ
645 705 928 758 ἀπαντῶσι
953 706 1044 760 τὸν
1073 707 1232 778 ἀέρα,
1261 709 1311 760 οἱ
1336 707 1394 762 δὲ
1441 708 1722 762 κατάδικοι
1750 711 1844 761 καὶ

266 787 444 841 πολλὰ
470 788 679 850 ἑαυτοῖς
724 788 1028 853 συνειδότες
1053 790 1428 860 ἁμαρτήματα
1458 791 1691 844 ἐνταῦθα
1720 793 1846 844 ἀνα-

273 869 492 939 μένουσι
519 867 611 921 τὸν
629 867 914 940 δικαστήν.
931 871 1065 924 Τότε
1088 873 1180 924 καὶ
1208 873 1368 943 ἡμεῖς
1388 873 1839 942 ἁρπαγησόμεθα·

266 952 370 1003 οὐκ
397 950 634 1019 ἐμαυτὸν
658 952 908 1022 ἀριθμῶν
933 955 1011 1017 είς
1038 955 1135 1024 τὴν
1172 954 1351 1024 ψῆφον
1378 955 1486 1009 τῶν
1526 956 1844 1028 ἁρπαζομέ-

263 1050 374 1087 νων
403 1031 560 1105 [456]
587 1031 762 1098 εἷπον,
810 1036 972 1106 ἡμεῖς
991 1052 1004 1065 ·
1033 1036 1132 1106 ούχ
1174 1035 1348 1100 οὕτως
1373 1038 1697 1108 ἀναίσθητός
1729 1042 1844 1109 εἰμι

262 1117 360 1169 καὶ
387 1115 684 1186 ἀγνώμων,
708 1118 783 1180 ὼς
811 1121 1024 1186 ἀγνοεῖν
1052 1119 1124 1172 τὰ
1158 1121 1331 1173 οἰκεῖα
1358 1121 1749 1192 ἁμαρτήματα.
1780 1123 1845 1174 Ei

263 1198 375 1269 γὰρ
407 1197 486 1267 μὴ
518 1198 846 1270 συνταράξαι
872 1200 1182 1272 ἐφοϐούμην
1209 1202 1306 1272 τὴν
1333 1201 1523 1272 ἡδονὴν
1574 1203 1672 1272 τῆς
1700 1220 1845 1275 παρ·
1877 1209 1886 1212 “

262 1280 434 1349 ούσης
488 1281 705 1352 ἑορτῆς,
759 1283 863 1336 κᾶν
903 1283 1178 1355 ἐδάκρυσα
1224 1284 1420 1354 πικρὸν
1459 1284 1664 1353 ταύτης
1714 1288 1846 1340 ἀνα-

266 1363 536 1433 μνησθεὶς
564 1364 666 1434 τῆς
695 1366 898 1435 φωνῆς,
942 1366 1129 1437 ἐπειδὴ
1163 1366 1257 1419 καὶ
1282 1365 1390 1419 τῶν
1415 1367 1633 1421 οἰκείων
1667 1369 1848 1440 ἀμαρ-

263 1446 397 1499 τιῶν
429 1447 730 1518 ἐμνήσθην.
771 1447 990 1520 Ἐπειδὴ
1023 1448 1081 1502 δὲ
1112 1450 1173 1501 ού
1218 1447 1475 1518 βούλομαι
1509 1452 1728 1520 συγχεῖν
1748 1451 1848 1520 τῆς

267 1528 554 1599 παρούσης
581 1530 775 1600 ἑορτῆς
793 1530 892 1602 τὴν
915 1530 1275 1602 εὐφροσύνην,
1307 1530 1538 1585 ἐνταῦθα
1560 1532 1849 1586 καταλύσω

267 1611 357 1664 τὸν
418 1611 602 1678 λόγον,
652 1612 1005 1682 ἀκμάζουσαν
1055 1615 1182 1684 ὑμῖν
1232 1613 1332 1683 τῆς
1379 1613 1595 1684 ἡμέρας
1635 1615 1847 1685 ἐκείνης

271 1693 369 1764 τὴν
419 1695 649 1764 μνήμην
701 1696 954 1764 ἐπαφεὶς,
998 1695 1085 1748 ἵνα
1141 1697 1276 1766 μήτε
1303 1697 1332 1748 ὸ
1365 1696 1619 1761 πλούσιος
1653 1698 1744 1750 ἐπὶ
1773 1699 1851 1769 τῷ

272 1776 489 1846 πλούτῳ
523 1779 719 1847 χαίρῃ,
757 1780 894 1848 μήτε
916 1779 945 1830 ὁ
987 1778 1155 1848 πένης
1175 1778 1267 1830 ἐπὶ
1300 1781 1364 1849 τῇ
1397 1779 1555 1850 πενίᾳ
1591 1780 1850 1852 ταλανίζῃ

270 1859 493 1911 ἑαυτόν·
524 1859 641 1912 ἀλλ’
659 1861 906 1924 ἕκαστος,
929 1861 1021 1928 ἀφ’
1041 1853 1114 1913 ὧν
1143 1859 1325 1930 ἑαυτῷ
1354 1860 1662 1933 σύνοιδεν,ἢ
1693 1864 1852 1917 τοῦτο

272 1941 304 2008 ἦ
333 1943 514 1992 ἐκεῖνο
544 1944 691 2012 ποιῇ.
734 1941 870 1996 Οὔτε
916 1941 1026 2014 γὰρ
1052 1944 1081 1996 ὀ
1117 1941 1368 2006 πλούσιος
1403 1945 1693 2014 μακάριος,
1727 1944 1851 1998 οὔτε

269 2023 299 2074 ὁ
349 2023 519 2092 πένης
550 2023 808 2086 ἐλεεινός·
837 2025 950 2078 ἀλλ’
977 2026 1036 2088 ὃς
1065 2024 1160 2078 ἐὰν
1205 2026 1303 2096 τῆς
1341 2027 1598 2098 ἁρπαγῆς
1631 2029 1847 2099 ἐκείνης

275 2103 588 2176 καταξιωθῇ
615 2106 712 2176 τῆς
743 2109 801 2161 ὲν
849 2107 1120 2178 νεφέλαις,
1174 2108 1438 2180 μακάριος
1471 2109 1573 2163 καὶ
1606 2126 1836 2181 τρισμα·

1207 260 1309 316 DE‘
1330 261 1596 317 SﬁNCTA
1625 259 2096 320 PENTECOSTE.
2128 247 2200 302 έ-
2223 259 2558 320 ΜΟΝΙΊὊἩ.

3410 253 3516 315 152

1942 377 2152 446 κάριος,
2189 375 2291 429 κᾶν
2323 377 2580 430 ἁπάντων
2627 373 2953 432 πενέστατος
3043 387 3055 399 ·
3114 365 3307 442 ὥσπερ
3357 363 3452 425 οὖν
3478 361 3506 413 ἀ

1941 450 2224 520 ἐκπεσὼν,
2287 458 2518 521 ἐλεεινὸς
2569 458 2662 510 καὶ
2711 453 3040 527 τρισάθλιος,
3093 451 3198 507 κᾶν
3254 451 3519 511 ἁπάντων.

1942 539 2316 609 εὐπορώτατος
2458 539 2557 593 Διά
2589 538 2746 592 τοῦτο
2760 538 2922 606 λέγω,
2943 536 3032 590 ἴνα
3051 537 3099 588 οί
3136 537 3236 606 μὲν
3257 537 3316 588 ὲν
3339 537 3512 608 ἁμαρ.

1941 622 2179 691 τήμασιν
2211 623 2389 687 ὄντες,
2426 621 2716 693 θρηνῶμεν
2746 617 2972 681 ἑαυτούς
2996 633 3011 648 ⁸
3041 618 3091 670 οι
3120 616 3178 670 δὲ
3235 619 3294 670 ὲν
3321 633 3521 688 κατορ-

1943 704 2159 774 θώμασι
2209 703 2426 771 ζῶντες,
2459 704 2835 776 θαρρείτωσαν
2883 700 3156 762 ἅπαντες·
3206 701 3404 770 μᾶλλον
3439 701 3515 759 δὲ.

1947 788 2021 860 μὴ
2065 788 2440 860 θαῤῥείτωσαν
2481 790 2658 859 μόνον,
2691 786 2827 840 ἀλλὰ
2867 787 2962 838 καὶ
2989 783 3472 852 ἀσφαλιζέσθωσαν
3499 804 3518 820 ο

1948 872 2083 940 μήτε
2114 871 2310 923 ἐκεῖνοι
2335 869 2703 941 θρηνείτωσαν
2735 868 2912 939 μόνον,
2937 864 3071 919 ἀλλά
3095 866 3188 918 καὶ
3224 863 3512 922 μεταϐαλέξ

1947 951 2179 1006 σθωσαν.
2214 952 2428 1016 Ἔξεστι
2455 952 2560 1023 γὰρ
2595 950 2806 1005 καὶτὸν
2847 950 2904 1003 ὲν
2947 947 3134 1017 κακίᾳ,
3176 942 3520 1016 μεταστάντα

1943 1035 2045 1105 τῆς
2062 1035 2344 1104 πονηρίας,
2366 1035 2499 1106 πρὸς
2523 1033 2723 1103 ἀρετὴν
2751 1029 3084 1095 ἐπανελθεῖν,
3109 1031 3204 1082 καὶ
3227 1029 3519 1099 δυνηθῆναι

1945 1116 2196 1185 γενέσθαι
2233 1117 2338 1169 τῶν
2388 1116 2446 1182 ἐξ
2501 1115 2675 1186 ἀρχῆς
2700 1146 2709 1162 ι
2734 1110 2793 1167 εὖ
2837 1112 3176 1182 βεϐιωκότων
3211 1111 3356 1164 ἴσον·
3385 1111 3541 1181 ὅπερ

1946 1199 2039 1251 καὶ
2067 1199 2226 1268 ἡμεῖς
2252 1197 2640 1267 σπουδάσωμεν
2661 1210 2675 1224 ’
2719 1197 2813 1249 καὶ
2843 1197 2893 1248 οἱ
2949 1196 3045 1264 μὲν
3072 1192 3274 1264 ἀρετὴν
3308 1192 3520 1254 ἑαυτοῖς

1948 1281 2265 1345 συνειδότες,
2296 1280 2598 1350 μενέτωσαν
2623 1279 2715 1332 ἐπὶ
2727 1279 2822 1348 τῆς
2845 1277 3145 1341 εὐσεϐείας,
3163 1276 3416 1342 αὒξοντες
3436 1274 3533 1328 ἀεὶ·

1946 1361 2103 1415 τοῦτο
2128 1362 2188 1414 τὸ
2231 1361 2394 1414 καλὸν
2417 1361 2621 1432 κτῆμα,
2640 1362 2733 1416 καὶ
2756 1364 2820 1432 τῇ
2841 1359 3124 1433 παρρησίᾳ
3142 1355 3522 1430 προστιθέντες

1947 1447 2013 1516 τῇ
2050 1444 2321 1516 προτέρᾳ·
2371 1445 2417 1496 οἱ
2477 1445 2533 1497 δὲ
2567 1444 3028 1515 ἀπαρῤησίᾱστοι,
3091 1443 3184 1496 καὶ
3225 1441 3520 1504 συνειδότες

1941 1530 2164 1590 ἑαυτοῖς
2185 1529 2558 1598 ἁμαρτήματα
2585 1528 2774 1591 πολλὰ,
2803 1524 3287 1598 μεταϐαλλὼμεθα,
3319 1523 3521 1578 ῖνακαὶ

1951 1613 2088 1683 πρὸς
2111 1615 2208 1682 τὴν
2242 1610 2462 1664 ἐκείνων
2492 1611 2803 1682 παρῤησίαν
2845 1610 3164 1678 φθάσαντες.
3204 1610 3356 1679 κοινῇ
3383 1607 3520 1660 πάν-

1947 1711 2044 1757 τες
2074 1694 2163 1747 καὶ
2188 1692 2530 1764 ὁμοθυμαδὸν
2561 1693 2698 1762 μετὰ
2718 1692 2818 1762 τῆς
2848 1691 3201 1762 ὀφειλομένης
3229 1690 3387 1758 δόξης
3427 1689 3520 1740 τὸν

1949 1777 2057 1830 τῶν
2085 1776 2330 1844 ἀγγέλων
2369 1773 2761 1845 ὑποδεξώμεθα
2787 1773 3030 1844 βασιλέα,
3075 1773 3298 1842 καὶτῆς
3340 1787 3520 1841 μακαι

1955 1861 2075 1931 ρίας
2129 1858 2468 1930 εὐφροσύνης
2501 1857 2899 1927 ἀπολαύσωμεν
2947 1857 3161 1927 ἐκείνης
3207 1857 3266 1908 ὲν
3303 1854 3522 1926 Χριστῷ

1963 1941 2136 2014 Ἰησοῦ
2189 1942 2266 2012 τῷ
2300 1942 2490 2012 Κυρίῳ
2518 1941 2695 2012 ἡμῶν,
2750 1934 2796 2007 ᾧ
2839 1941 2872 2009 ἡ
2905 1939 3032 2005 δόξα
3075 1940 3171 1995 καὶ
3199 1938 3260 1992 τὸ
3300 1939 3521 2008 κράτος,

1954 2026 2068 2096 ἅμα
2091 2023 2170 2094 τῷ
2195 2024 2366 2095 Πατρὶ
2399 2025 2492 2077 καὶ
2523 2023 2601 2092 τῷ
2643 2021 2783 2092 ἁγίῳ
2820 2021 3115 2092 Πνεύματι,
3146 2021 3240 2075 νῦν
3271 2021 3366 2075 καὶ
3413 2021 3520 2083 ἀεὶ.

1954 2109 2048 2165 καὶ
2075 2108 2152 2171 είς
2178 2108 2307 2171 τοὺς
2329 2107 2531 2172 αἰῶνας
2551 2105 2658 2162 τῶν
2697 2104 2932 2159 αἰώνων.
2981 2105 3199 2176 Ἀμήν..

277 2485 3516 2533 MM

926 2715 1029 2775 AD
1066 2715 1262 2777 DUAS
1304 2712 1742 2794 SEQUENTES
1781 2712 1858 2773 IN
1902 2711 2439 2773 PENTECOSTEN
2481 2711 2864 2774 HOMILIAS.

260 2923 724 2993 Septembn,qu:e
743 2920 893 2992 prior
909 2919 1303 2974 occurrebatex
1331 2918 1583 2973 maximis
1605 2916 2258 2980 festivitatibus,eratdies
2279 2915 2484 2972 Natalis
2496 2905 2728 2972 Domini.
2756 2915 3106 2987 Respondent
3121 2916 3211 2971 alit
3235 2924 3523 2984 utramque

258 3042 496 3096 fortasse
524 3038 898 3104 festivitatem,
918 3036 1129 3092 Natalis
1160 3036 1408 3093 videlicet
1439 3047 1493 3091 et
1518 3037 1852 3108 Epiphaniae,
1877 3052 1988 3092 uno
2010 3037 2327 3109 Epiphania
2353 3037 2577 3092 nomine
2602 3036 2982 3106 comprehendi
3008 3051 3022 3088 :
3054 3035 3134 3090 vel
3171 3049 3369 3090 nomen
3394 3033 3524 3104 Epi-

257 3155 478 3224 phania:
501 3151 720 3222 utrique
750 3167 1040 3207 commune
1062 3151 1258 3208 fuisse.
1279 3150 1477 3207 Verum
1508 3166 1613 3206 non
1636 3151 1811 3222 placet
1839 3152 1955 3208 haec
1974 3152 2207 3208 solutio:
2240 3149 2508 3222 siquidem
2528 3151 2692 3208 hasce
2706 3151 2844 3208 duas
2864 3150 3185 3206 festivitates
3206 3158 3313 3204 tam
3341 3158 3527 3219 aperte

258 3284 320 3323 re
340 3267 681 3337 nomineque
714 3266 1001 3336 distinguit
1026 3265 1460 3338 Chrysostomus
1479 3282 1668 3338 supra,
1703 3266 1945 3324 homiliis
1983 3267 2041 3321 in
2069 3264 2314 3323 Natalem
2344 3275 2400 3324 et
2447 3267 2500 3322 in
2536 3267 2918 3339 Epiphaniam,
2967 3274 3029 3320 ut
3059 3263 3355 3321 verisimile
3407 3277 3518 3318 nou

259 3376 351 3441 sit,
377 3392 476 3432 eas
501 3376 590 3431 hic
615 3376 852 3432 voluisse
884 3393 994 3433 uno
1022 3377 1484 3447 comprehendere
1503 3377 1745 3433 nomine.
1774 3377 1974 3434 Annon
2005 3377 2617 3459 fortasseverisimilius
2646 3379 2882 3443 dicatur,
2923 3377 3051 3448 quia
3076 3375 3274 3432 festum
3316 3372 3529 3428 Natalis

256 3489 462 3544 Christi
493 3503 528 3543 a
561 3489 915 3560 paucissimis
943 3489 1100 3545 annis
1135 3488 1438 3545 Antiochiae
1465 3489 1847 3545 celebrabatur
1877 3491 1966 3548 die
2001 3491 2072 3548 25
2101 3491 2435 3558 Decembris,
2458 3499 2778 3548 cumantea
2816 3507 2920 3548 una
2950 3491 3270 3562 Epiphaniae
3317 3493 3519 3548 solem.-

263 3604 432 3671 nitas,
464 3605 556 3659 die
582 3613 740 3660 sexta
770 3601 1041 3670 Januarii,
1067 3610 1122 3658 et
1145 3600 1326 3656 Natali
1351 3601 1553 3657 Christi
1575 3610 1629 3657 et
1649 3601 1939 3672 Magorum
1985 3602 2291 3658 adorationi
2324 3612 2377 3658 et
2400 3601 2608 3658 Christi
2634 3603 2904 3672 baptismo
2936 3601 3214 3672 deputata,
3235 3610 3404 3666 esset,
3439 3601 3529 3658 hic

267 3719 571 3774 secundum
607 3729 844 3774 veterem
873 3717 1246 3776 solemnitates
1269 3717 1593 3773 numerandi
1632 3716 2165 3784 consuetudinem,a
2193 3719 2586 3790 Chrysostomo
2624 3718 2982 3790 Epiphaniam
3015 3717 3330 3784 memorari,
3354 3717 3529 3772 diem-

261 3847 372 3903 que
395 3833 638 3889 Natalem
675 3832 885 3888 taceri?
909 3831 1010 3888 llic
1044 3830 1302 3886 nimirum
1339 3839 1590 3901 receptus
1612 3832 1682 3887 ab
1706 3847 1822 3887 :evo
1858 3834 2176 3888 recensendi
2222 3850 2340 3890 mos
2376 3835 2546 3891 fuisse
2577 3835 2788 3890 videtur
2845 3835 2988 3907 apud
3019 3834 3410 3899 Antiochenos,
3469 3841 3530 3889 ut

262 3958 384 4006 tres
420 3949 746 4019 insigniores
777 3949 1158 4005 solemnitates
1188 3947 1454 4015 dicerent,
1483 3948 1869 4018 Epiphaniam,
1903 3949 2114 4004 Pascha
2161 3959 2218 4005 et
2258 3949 2650 4018 Pentecosten;
2683 3951 2927 4007 Natalem
2962 3967 3088 4008 vero
3110 3950 3326 4007 Domini
3349 3949 3514 4013 diem,

262 4061 400 4130 quia
423 4075 596 4130 nuper
622 4061 876 4118 inductus
905 4060 1108 4129 fuerat,
1143 4063 1198 4117 in
1239 4062 1343 4119 hoc
1398 4077 1626 4118 numero
1657 4062 1902 4117 nondum
1947 4073 2231 4132 ponerent,
2267 4062 2363 4118 sed
2387 4063 2612 4132 perinde
2643 4071 2906 4128 tacerent,
2942 4076 3002 4118 ut
3032 4064 3285 4119 tacebant
3313 4063 3525 4119 Ascen-

266 4171 480 4226 sionem
506 4168 743 4236 Domini,
771 4187 935 4241 quam
974 4171 1101 4227 item
1131 4181 1275 4228 tacet
1297 4171 1749 4244 Chrysostomus.

339 4309 592 4367 Secunda
632 4311 700 4366 de
717 4310 1035 4366 Pentecoste
1065 4310 1286 4364 humilia
1317 4311 1524 4366 nullam
1543 4312 1768 4367 omnino
1793 4310 2012 4382 praefert
2041 4314 2303 4384 temporis
2325 4321 2540 4369 notam.
2560 4312 2616 4368 ln
2657 4311 2762 4369 hac
2787 4329 2952 4384 porro
2985 4314 3336 4371 Pentecosten
3366 4322 3529 4372 vocat

265 4429 579 4499 metropolin
607 4429 883 4499 festorum,
905 4429 1032 4499 quia
1055 4426 1324 4493 videlicet,
1355 4435 1416 4482 ut
1437 4427 1636 4484 ibidem
1659 4428 1870 4500 adjicit,
1900 4428 2137 4484 fructum
2161 4430 2252 4484 illa
2277 4429 2575 4488 Dominicaa
2591 4422 2975 4503 promissionis
3001 4431 3178 4489 affert.
3200 4430 3317 4488 Non
3344 4448 3518 4504 pauca

275 4552 466 4600 contra
489 4542 1022 4598 Pneumatomachos
1053 4541 1295 4606 disserit,
1336 4541 1431 4612 qui
1469 4539 1706 4611 Spiritus
1743 4541 1923 4597 sancti
1948 4543 2288 4613 maiestatem
2319 4553 2374 4600 et
2406 4560 2607 4601 numen
2632 4545 2968 4618 impelebant
2996 4559 3009 4598 :
3036 4561 3100 4602 ac
3129 4554 3416 4618 postquam
3457 4547 3526 4602 de

266 4650 538 4707 fructibus
559 4651 736 4708 sancti
763 4651 1000 4722 Spiritus
1025 4650 1195 4706 multa
1227 4651 1476 4722 protulit,
1502 4650 1582 4706 sic
1609 4651 1931 4708 concionem
1959 4652 2183 4709 claudit.

337 4783 645 4858 Utriusque.
661 4787 1040 4858 interpretatio
1073 4786 1266 4844 Latina
1284 4797 1368 4845 est
1395 4788 1688 4844 Frontonis
1728 4788 1928 4846 Ducazi.

1773 5162 2017 5178 ’σῇ
