4038 6204
210 291 326 347 453

1219 298 1305 356 DE
1344 300 1617 359 SANCTA
1651 301 2124 363 PENTECOSTE.
2167 301 2404 360 HOMIL
2445 304 2487 359 ι.

3372 297 3475 354 454

219 532 2189 558 mm

1335 755 1437 814 Dii
1488 757 1785 816 SANCTA
1853 758 2399 832 PENTECOSTE,

224 928 310 969 ετ
356 929 473 970 CCII
510 929 631 971 1AM
673 929 796 972 NON
844 929 1031 974 FIA‘ST
1069 931 1409 988 MIRACULA,
1443 934 1744 988 QUODQlTE
1802 938 1814 977 1

1914 968 1916 980 μ
1952 938 2094 988 QU/E
2138 935 2482 980 GERUNTUR
2522 938 2596 980 AC
2638 938 2952 980 DTCUNTUR
3001 938 3030 978 Α
3087 938 3294 988 NOBIS,
3334 936 3491 977 PER-

1656 1037 2074 1081 SCIHBANTL’R.

881 1435 1095 1476 uomuit
1133 1434 1148 1472 ι
1188 1418 1287 1490 (ιι).

220 1588 227 1591 _
298 1516 347 1569 l.
384 1516 591 1570 ltursus
631 1512 890 1568 festivitas
913 1552 930 1579 ,
952 1524 1241 1578 rursusque
1270 1507 1439 1563 festus
1481 1519 1804 1573 conventus.

220 1620 287 1660 ac
314 1620 500 1659 rursus
521 1604 757 1659 Ecclesia
788 1603 1015 1657 ﬁliorum
1044 1599 1375 1654 multitudine
1393 1599 1670 1669 gloriatur,
1695 1602 1810 1654 lucc

224 1698 515 1751 multorum
582 1695 874 1749 liberorum
934 1706 1129 1762 parens
1157 1732 1173 1757 ,
1216 1689 1511 1760 eademque
1575 1690 1807 1744 ﬁliorum

224 1804 434 1843 amans.
457 1787 564 1843 Sed
590 1786 717 1855 quid
748 1784 962 1854 prodest
1004 1796 1154 1836 amor
1183 1781 1409 1835 ﬁliorum
1429 1818 1444 1847 ,
1472 1781 1806 1850 quandoqui-

228 1880 352 1934 dem
384 1880 435 1932 iu
464 1878 612 1933 festis
639 1878 810 1931 solum
835 1918 850 1940 ,
883 1890 988 1929 non
1018 1881 1299 1943 perpetuo,
1328 1872 1551 1927 dilectos
1579 1873 1805 1927 ﬁliorum

226 1971 407 2023 vultus
428 1970 681 2031 intuetur,
706 1983 810 2020 nun
832 1979 985 2020 secus
1006 1978 1068 2018 ac
1093 1963 1136 2017 si
1163 1963 1283 2031 quis
1304 1961 1575 2031 pulchram
1601 1973 1801 2017 vestem

225 2062 426 2115 habeat
452 2103 466 2124 ,
496 2075 593 2114 nec
615 2060 661 2114 ei
688 2073 901 2128 semper
930 2058 1014 2111 illa
1045 2056 1118 2110 uti
1143 2055 1511 2124 permittatur?
1539 2054 1633 2109 Est
1661 2054 1803 2108 enim
1876 2086 1881 2087 κ

225 2151 495 2204 Ecclesia:
533 2151 688 2203 vestis
736 2147 1057 2201 adstantium
1108 2144 1428 2211 multitudo,
1456 2146 1594 2199 sicut
1637 2153 1692 2199 et
1734 2144 1808 2198 ait

226 2242 486 2312 propheta
511 2242 589 2296 sic
612 2242 739 2294 olim
767 2239 1058 2293 Ecclesiam
1088 2238 1390 2307 alloquutus
1419 2277 1434 2304 ,
1469 2235 1654 2291 Omnes
1682 2237 1806 2291 istos

226 2332 559 2385 circumdabis
606 2331 695 2384 tibi
737 2340 791 2383 ut
833 2338 1180 2383 ornamentum
1224 2328 1431 2397 sponsi,
1465 2336 1510 2380 et
1537 2335 1590 2379 ut
1624 2327 1807 2380 stolam

227 2425 463 2493 εροηεω(
488 2422 617 2477 lsai.
644 2423 735 2477 L9.
766 2421 832 2475 t8
853 2419 893 2491 ).
920 2420 985 2475 Ut
1015 2419 1174 2489 igitur
1216 2418 1435 2472 honesta
1473 2416 1716 2487 qurcdam
1753 2426 1809 2472 et

227 2515 451 2585 ingenua
478 2515 701 2581 mulier,
726 2514 809 2567 cui
850 2512 1022 2566 tunica
1056 2511 1124 2566 sit
1151 2518 1294 2565 recte
1321 2509 1612 2578 composita
1650 2518 1704 2563 et
1739 2507 1809 2563 ad

229 2608 361 2659 talus
389 2620 554 2675 usque
570 2604 819 2668 demissa,
844 2603 1009 2656 multo
1029 2610 1245 2670 apparet
1269 2597 1562 2669 elegantior
1581 2613 1644 2653 ac
1668 2613 1808 2667 pra:-

226 2699 452 2752 stantior
505 2714 521 2750 :
571 2697 651 2751 sic
707 2696 867 2749 etiam
934 2695 1171 2748 Ecclesia
1240 2693 1406 2747 multo
1474 2690 1811 2761 splendidior

228 2786 387 2842 hodie
434 2786 702 2851 redditur,
746 2785 871 2839 dum
926 2799 1207 2853 corporum
1254 2791 1551 2838 vestrorum
1606 2781 1811 2851 obtegi-

228 2891 315 2932 tur
378 2878 743 2941 multitudine,
775 2891 838 2931 ac
885 2887 1032 2931 recte
1084 2876 1377 2945 composita
1422 2883 1569 2929 veste
1615 2873 1807 2928 amici-

228 2982 331 3024 tur.
358 2969 513 3024 Nulla
542 2968 681 3023 enim
715 2983 835 3036 pars
862 2967 978 3034 ejus
1024 2965 1181 3020 hodie
1222 2964 1358 3019 nuda
1384 2965 1522 3019 sicut
1559 2963 1807 3033 superio-

234 3065 380 3123 ribus
409 3060 595 3121 diebtts
618 3061 762 3114 cerni
788 3066 962 3127 potest
987 3075 1000 3112 :
1023 3057 1116 3113 sed
1137 3057 1280 3111 illius
1308 3056 1607 3111 nudatiouis
1626 3063 1810 3110 aucto-

228 3178 311 3217 res
336 3163 547 3216 fuerunt
575 3162 643 3227 ii,
674 3160 761 3230 qui
792 3158 952 3213 hodie
994 3163 1202 3213 tantum
1245 3151 1552 3212 adfuerunt,
1579 3151 1669 3219 qui
1700 3163 1811 3204 non

229 3266 481 3325 perpetuo
507 3264 728 3307 matrem
756 3254 1031 3321 obtegunt.
1053 3248 1313 3303 Cmterum
1336 3260 1441 3301 non
1470 3244 1810 3300 mediocriter

232 3346 581 3414 periculosum
609 3359 727 3398 esse
754 3342 945 3397 nudam
974 3348 1199 3393 matrem
1228 3338 1495 3407 negligere
1534 3334 1703 3405 probe
1729 3335 1810 3387 in-

229 3438 529 3507 telligemus
552 3476 567 3500 ,
595 3436 639 3489 si
666 3433 861 3487 veteris
906 3430 1141 3485 historia:
1180 3426 1553 3490 recordemur;
1585 3426 1629 3479 si
1673 3424 1810 3478 illius

228 3529 315 3597 qui
363 3536 636 3596 parentem
678 3524 874 3577 nudum
914 3521 1078 3585 vidit,
1108 3518 1484 3582 recordemur,
1513 3524 1567 3570 et
1590 3514 1811 3568 visionis

229 3623 370 3676 illius
395 3633 581 3690 paruas
609 3617 752 3671 dedit
779 3614 932 3685 (Gen.
951 3614 1004 3668 9.
1035 3612 1124 3665 Ἡ.
1149 3608 1282 3680 sqq.)
1312 3625 1327 3661 :
1359 3606 1565 3662 tametsi
1594 3621 1698 3661 non
1724 3605 1812 3660 ille

232 3712 442 3779 quidem
473 3718 676 3778 patrem
709 3705 906 3760 nudum
948 3701 1210 3764 reddidit,
1242 3699 1333 3753 sed
1359 3698 1489 3753 vidit
1511 3698 1685 3751 solum
1717 3712 1813 3765 pa-

231 3812 367 3853 trem
386 3841 402 3865 ,
423 3815 541 3854 cum
571 3798 743 3852 nudus
767 3804 907 3850 esset
930 3835 945 3859 ,
968 3801 1023 3848 et
1052 3807 1117 3845 ne
1148 3791 1227 3844 sic
1253 3788 1466 3859 quidem
1494 3785 1811 3856 supplicium

231 3892 435 3960 eﬁugit,
462 3891 583 3959 quia
604 3889 733 3942 vidit
750 3888 942 3949 solum;
962 3893 1017 3938 at
1042 3884 1131 3953 qui
1155 3881 1349 3935 adsunt
1375 3878 1554 3945 hodie,
1574 3886 1629 3933 et
1653 3887 1809 3932 antea

233 3998 333 4036 non
368 3980 672 4039 adfuerunt,
707 3994 810 4031 non
842 3976 1036 4030 nudam
1067 3980 1292 4026 matrem
1319 3977 1564 4034 cernunt,
1594 3967 1687 4023 sed
1714 3983 1810 4021 nn-

232 4076 349 4127 dam
375 4074 548 4142 ipsam
576 4071 821 4125 efﬁciunt.
850 4066 998 4136 Quod
1030 4066 1073 4119 si
1099 4066 1142 4119 is
1166 4064 1258 4134 qui
1288 4062 1587 4116 nudationis
1607 4068 1816 4128 speeta-

234 4174 316 4217 tor
343 4163 461 4227 l'uit,
495 4162 804 4231 supplicium
837 4173 942 4212 nun
968 4154 1215 4219 evitavit;
1243 4153 1332 4223 qui
1364 4150 1664 4206 nudationis
1690 4158 1815 4206 sunt

233 4263 517 4315 auctores,
547 4266 703 4320 quam
745 4247 958 4302 tandem
1006 4245 1215 4299 veniam
1260 4241 1646 4297 merebuntur?
1691 4240 1814 4295 Haec

233 4358 360 4397 vero
385 4341 507 4395 dico
535 4356 641 4394 non
668 4349 839 4393 utens
868 4334 1148 4406 percellam
1168 4374 1184 4400 ,
1214 4332 1306 4389 sed
1335 4339 1390 4386 ut
1425 4346 1637 4402 ptenam
1678 4329 1814 4384 eﬁ'u-

233 4448 441 4503 gtamus
461 4472 478 4495 ,
506 4438 566 4485 ut
590 4428 1015 4484 maledictionem
1039 4425 1204 4479 Cham
1244 4422 1572 4493 eﬁ‘ugiamus,
1605 4429 1663 4475 ut
1689 4423 1813 4476 Sem

234 4532 286 4575 et
312 4520 545 4589 laphetb
581 4517 1003 4573 benevolentiam
1041 4516 1309 4569 imitemur
1331 4554 1345 4579 ,
1377 4527 1439 4567 ac
1463 4521 1687 4567 matrem
1717 4525 1821 4565 nos

234 4627 446 4681 quoque
488 4619 726 4664 nostram
771 4622 983 4677 semper
1019 4605 1350 4674 obtegamus.
1386 4602 1590 4658 Iudaici
1628 4616 1819 4656 sensus

235 4716 313 4757 est
348 4713 430 4756 ter
458 4704 512 4755 in
538 4716 680 4754 anno
704 4708 903 4752 tantum
930 4712 1184 4766 apparere
1212 4696 1321 4749 Deo
1346 4713 1358 4749 :
1382 4695 1449 4749 ad
1477 4695 1595 4748 illos
1618 4693 1816 4747 dictum

232 4804 314 4847 est
346 4810 361 4845 :
386 4791 483 4845 Ter
505 4793 557 4844 in
576 4806 712 4845 anno
738 4788 1004 4857 apparebis
1030 4787 1243 4840 Domino
1271 4784 1379 4838 Deo
1408 4796 1491 4838 tuo
1513 4782 1709 4856 (Exod.
1726 4782 1815 4836 25.

235 4888 321 4952 t7)
350 4904 362 4937 :
384 4898 485 4938 nos
504 4892 680 4936 autem
697 4896 908 4949 semper
921 4879 1020 4933 sibi
1041 4878 1152 4933 vult
1180 4878 1318 4931 Deus
1336 4891 1609 4946 apparere.
1638 4874 1821 4929 Enim-

234 4991 363 5031 veno
396 4975 634 5029 locorum
662 4974 819 5027 etiam
852 4971 1123 5025 intervalla
1151 4968 1455 5024 efﬁciebant
1476 5008 1489 5030 ,
1525 4974 1584 5020 ut
1622 4975 1699 5019 tot
1731 4981 1821 5021 so-

236 5067 515 5121 lummodo
548 5075 841 5119 conventus
884 5063 957 5117 illi
984 5070 1237 5131 agerent,
1261 5061 1400 5130 quod
1434 5075 1537 5114 uno
1566 5069 1673 5114 tum
1703 5058 1820 5113 loco

237 5160 324 5211 Dei
356 5158 535 5212 cultus
560 5156 842 5211 conclusus
861 5162 1006 5211 esset
1031 5171 1044 5205 :
1076 5160 1356 5222 propterea
1385 5165 1507 5205 raro
1536 5148 1820 5204 admodum

235 5249 547 5318 ceugregari
599 5257 843 5317 poterant
891 5255 946 5301 et
997 5244 1185 5299 adesse
1232 5261 1244 5296 :
1298 5258 1419 5296 nam
1476 5240 1822 5311 Jerosolymis

237 5341 465 5393 adorare
494 5353 714 5393 necesse
733 5335 833 5391 fuit
854 5377 869 5401 ,
893 5335 1017 5390 alibi
1048 5350 1381 5405 nequaquam
1411 5351 1424 5386 :
1456 5332 1652 5387 ideirco
1684 5347 1820 5401 prte-

233 5434 376 5501 erpit
414 5441 475 5486 ut
520 5441 603 5485 ter
647 5432 699 5484 in
737 5444 877 5483 anno
921 5430 1030 5483 Deo
1070 5437 1421 5497 apparerent,
1453 5434 1510 5479 et
1540 5424 1824 5479 excusabat

237 5540 329 5577 ms
356 5524 563 5577 itineris
591 5522 945 5585 intervallum;
976 5536 1074 5576 nos
1095 5536 1221 5575 vero
1243 5520 1444 5574 nullum
1467 5502 1854 5573 excusationis.

236 5630 403 5683 genus
420 5623 581 5682 teget.
606 5616 778 5680 Atque
800 5613 873 5667 illi
890 5612 1102 5683 quidem
1128 5611 1319 5680 ubique
1338 5611 1573 5664 locorum
1595 5606 1820 5676 dispersi

298 5710 370 5763 ta)
402 5703 578 5751 collata
601 5716 708 5752 cum
723 5703 864 5752 Codd.
883 5711 1030 5763 ttegg.
1056 5702 1197 5758 2027,
1223 5701 1362 5752 2424,
1386 5708 1435 5749 et
1454 5697 1662 5748 Colhert.
1686 5698 1825 5760 l7“,

237 5765 378 5823 ωδ,
403 5765 486 5830 qui
512 5777 659 5829 pauca
686 5765 918 5814 exhibent
946 5763 1205 5815 lectionum
1222 5763 1511 5812 discrimina.

1916 1427 2069 1471 erant
2093 1436 2107 1471 :
2132 1417 2297 1471 Erant
2324 1418 2488 1482 enim,
2515 1417 2700 1487 inquit,
2725 1418 2775 1473 in
2802 1418 3084 1473 Jerusalem
3103 1420 3380 1476 habitantes
3400 1420 3509 1477 lit-—

1911 1510 2030 1575 diei,
2057 1511 2151 1564 viri
2171 1511 2390 1581 religiosi
2416 1526 2477 1564 ea:
2497 1509 2635 1564 omni
2657 1511 2858 1564 natione
2878 1526 2995 1579 qua
3008 1511 3101 1564 sub
3119 1512 3243 1567 calo
3262 1521 3335 1567 est
3357 1513 3493 1581 (Act.

1910 1602 1965 1655 2.
1996 1603 2084 1669 ὄ);
2115 1617 2212 1656 nos
2256 1617 2383 1655 vero
2428 1600 2695 1656 civitatem
2746 1616 2903 1659 unam
2948 1600 3248 1657 habitamus
3272 1618 3494 1666 omnes,

1912 1691 2049 1745 intra
2080 1692 2265 1747 eadem
2296 1693 2491 1747 nitentia
2528 1691 2865 1748 considemus
2887 1733 2904 1759 ,
2938 1710 3001 1749 ac
3030 1709 3403 1764 smpenumero
3427 1712 3499 1750 ne

1912 1797 2020 1836 uno
2058 1782 2273 1852 quidem
2315 1784 2594 1853 angiportu
2636 1783 2705 1838 ab
2733 1784 2977 1840 ecclesia.
3007 1785 3414 1856 distinguimur,
3442 1798 3497 1843 et

1912 1874 2131 1943 perinde
2159 1890 2221 1928 ac
2250 1876 2295 1929 si
2327 1875 2481 1959 longa
2514 1876 2677 1929 maria
2700 1875 3172 1943 nosdirimerent,
3200 1879 3341 1934 adeo
3373 1894 3515 1936 raro:

1908 1975 2201 2019 conventus
2224 1965 2352 2019 istos
2372 1964 2726 2019 celebramus.

1982 2055 2194 2125 Semper
2205 2056 2331 2124 festa
2344 2071 2606 2125 possumus
2625 2055 3143 2127 celebrare.-—Atque
3156 2058 3259 2113 lllis
3281 2060 3493 2129 quidem

1908 2146 2077 2201 tribus
2093 2147 2263 2201 Solum
2284 2147 2629 2216 temporibus,
2648 2154 2706 2201 ut
2726 2146 2915 2202 festum
2930 2158 3169 2218 agerent,
3194 2151 3507 2220 imperavit,

1910 2239 2249 2294 nobisautem
2269 2249 2549 2308 utsemper
2564 2240 2612 2294 id
2628 2242 3241 2311 prmstemusdmperavit
3257 2263 3271 2299 :
3285 2259 3502 2315 semper

1910 2331 2051 2385 enim
2070 2330 2224 2385 nobis
2252 2340 2334 2385 est
2355 2330 2633 2385 festivitas.
2656 2329 2724 2386 Ut
2742 2332 2895 2401 igitur
2915 2332 3503 2404 intelligatislestivita-

1912 2430 2018 2477 tem
2041 2422 2193 2477 nobis
2217 2438 2429 2491 semper
2447 2438 2585 2488 esse,
2606 2423 2945 2478 lestivitatum
2971 2424 3142 2479 dicam
3161 2428 3493 2496 occasiones,

1910 2522 1966 2566 et
1979 2512 2169 2568 diebus
2185 2513 2406 2583 singulis
2424 2513 2611 2568 festum
2624 2528 2744 2569 esse
2757 2516 3111 2583 cognoscetis.
3130 2515 3147 2567 l
3154 2526 3310 2585 taque
3326 2520 3505 2587 prima:

1912 2601 2170 2659 festivitas
2189 2603 2329 2673 apud
2358 2618 2456 2658 nos
2472 2603 2776 2673 Epiphania
2798 2604 2907 2675 (a):
2936 2620 3056 2673 qua:
3087 2620 3246 2674 porro
3263 2608 3380 2663 testi
3412 2618 3507 2663 est

1911 2694 2123 2748 occasio
2141 2694 2167 2747 ἲ
2194 2692 2455 2759 Quoniam
2483 2694 2622 2748 Deus
2651 2693 2715 2747 In
2742 2694 2888 2747 terris
2913 2696 3050 2747 visus
3074 2705 3168 2760 est,
3197 2706 3244 2750 et
3266 2713 3379 2751 cum
3405 2700 3497 2753 Ito-

1912 2785 2125 2839 minibus
2147 2794 2464 2838 conversatus
2483 2796 2552 2838 est
2573 2782 2822 2853 (Boruclt.
2848 2784 2901 2840 5.
2925 2782 3017 2854 58)
3036 2802 3049 2837 :
3069 2785 3513 2857 quandoquidem.

1912 2876 2338 2945 unigenitusDei
2377 2874 2543 2929 Filius
2571 2875 2711 2929 Deus
2734 2873 3012 2931 nobiscum
3038 2874 3134 2931 luit
3157 2892 3172 2941 ;
3196 2884 3253 2930 at
3282 2877 3388 2932 hoe
3411 2888 3501 2934 est

1911 2982 2125 3037 semper
2154 2984 2167 3020 :
2201 2965 2332 3021 Ecce
2369 2966 2512 3021 enim
2537 3006 2555 3033 ,
2581 2964 2786 3035 inquit,
2817 2966 3071 3021 uobiscum
3113 2983 3226 3021 sum
3267 2969 3507 3025 omnibus

1911 3058 2088 3113 diebus
2106 3074 2258 3129 usque
2275 3058 2343 3111 ad
2354 3058 2834 3141 consummationem
2851 3058 3024 3112 πουΙὶ
3044 3057 3252 3129 (Matth.
3271 3060 3359 3114 28.
3381 3061 3501 3132 20),

1912 3149 2033 3205 ideo
2064 3148 2286 3219 singulis
2319 3148 2507 3203 diebus
2531 3147 2825 3217 Epiphania
2864 3162 3151 3218 possumus
3189 3150 3501 3212 celebrarea

1910 3246 2046 3314 Quid
2089 3243 2189 3300 sibi
2234 3240 2343 3298 vult
2381 3238 2573 3297 festum
2598 3236 2817 3294 Pascha:
2838 3278 2855 3309 ,
2888 3246 2943 3297 et
2968 3253 3211 3313 quaenam
3241 3242 3382 3299 illius
3409 3255 3492 3301 est

1912 3337 2120 3392 occasio
2135 3335 2396 3390 ἴωσι-ωειλ
2421 3333 2631 3388 Domini
2656 3344 2765 3388 tum
2790 3335 3186 3402 annuntiamus,
3210 3346 3263 3390 et
3285 3335 3387 3392 hoc
3412 3348 3500 3392 est.

1912 3425 2114 3481 Pascha
2142 3443 2155 3478 :
2182 3425 2275 3480 sed
2305 3440 2373 3481 ne
2401 3424 2502 3479 hoc
2521 3423 2735 3494 quidem
2760 3433 3001 3493 tempore
3023 3424 3244 3481 delinito
3272 3426 3497 3497 agimus.

1912 3518 2044 3573 Cum
2074 3518 2215 3573 enim
2247 3517 2409 3572 vellet
2438 3531 2536 3572 nos
2561 3516 2755 3571 Paulus
2789 3530 2818 3569 a
2851 3525 3149 3586 temporum
3179 3520 3499 3574 necessitate

1916 3608 2167 3674 liberare,
2196 3617 2359 3678 atque
2389 3608 2680 3663 ostendens
2707 3622 2866 3677 posse
2895 3623 2994 3663 nos
3033 3623 3248 3677 semper
3296 3608 3507 3665 Pascha

1913 3702 2188 3757 celebrare
2218 3718 2231 3754 :
2268 3701 2688 3774 Quotiescumque
2716 3700 2849 3753 enim
2870 3739 2887 3766 ,
2915 3700 3502 3769 inquit,.mandstcabltis

1916 3810 2097 3862 panem
2119 3793 2252 3846 [tunc
2270 3834 2285 3857 ,
2309 3803 2355 3846 et
2376 3793 2584 3845 calicem
2604 3782 2776 3846 bibetis
2792 3833 2806 3855 ,
2836 3802 3046 3845 mortem
3068 3791 3274 3846 Domini
3300 3809 3503 3847 annun-

1916 3886 2103 3938 tiabitis
2128 3886 2203 3955 (l.
2228 3884 2345 3939 Cor.
2371 3886 2457 3939 ll.
2484 3882 2603 3944 26).
2630 3883 2854 3950 Quando
2882 3884 3040 3954 igitur
3061 3899 3275 3955 semper
3295 3886 3500 3941 Domini

1915 3986 2139 4030 mortem
2154 3973 2989 4044 possumusannuntiare,Paseba
3000 3987 3211 4044 semper
3225 3990 3511 4042 possumus
3608 3990 3615 3997 '

1915 4068 2187 4123 celebrare
2206 4066 2399 4121 :Vultis
2415 4081 2575 4121 nosse
2588 4066 2925 4120 festivitatem
2959 4066 3095 4120 hanc
3109 4066 3268 4120 etiam
3285 4065 3503 4120 hodier-

1916 4173 2038 4212 nam
2065 4157 2286 4227 singulis
2314 4156 2502 4210 diebus
2538 4154 2744 4224 impleri
2780 4169 2967 4224 posse,
2991 4154 3100 4209 imo
3130 4169 3257 4209 vero
3286 4156 3511 4226 singulis

1917 4248 2104 4303 diebus
2132 4248 2289 4302 esse?
2317 4246 2624 4311 Videamus,
2647 4260 2888 4315 quamam
2912 4245 3058 4300 illius
3084 4246 3153 4300 sit
3178 4247 3390 4301 occasio
3414 4287 3431 4312 ,
3455 4255 3508 4301 et

1917 4341 2070 4409 cujus
2096 4340 2172 4393 rei
2191 4338 2357 4407 gratia
2381 4336 2548 4406 ipsam
2578 4351 2815 4406 agamus.
2842 4336 2975 4404 Quia
3003 4336 3252 4390 nimirum
3278 4336 3508 4406 Spiritus

1919 4443 2135 4488 sanctus
2162 4431 2228 4486 ad
2255 4446 2351 4486 nos
2377 4433 2527 4485 venit
2553 4448 2568 4484 :
2596 4444 2717 4483 nam
2747 4429 3197 4499 quemadmodum
3217 4444 3339 4484 eum
3369 4429 3505 4486 ﬁde-

1919 4525 2057 4580 libus
2081 4533 2162 4580 est
2191 4523 2497 4578 hominibus
2523 4522 2827 4591 unigenitus
2852 4521 2947 4575 Dei
2978 4520 3166 4585 Filius,
3197 4520 3264 4574 ita
3292 4536 3508 4591 quoque

1920 4615 2147 4685 Spiritus
2177 4615 2288 4669 Dei.
2316 4612 2468 4668 Unde
2497 4612 2600 4666 hoc
2624 4612 2872 4666 constat?
2899 4610 2999 4675 Qui
3028 4612 3192 4682 diligit
3218 4627 3299 4664 me
3316 4652 3330 4673 ,
3357 4628 3505 4665 man-

1921 4709 2042 4761 data
2069 4723 2179 4761 mea
2207 4706 2419 4759 servabit
2444 4720 2462 4757 :
2487 4713 2533 4757 et
2553 4720 2643 4773 ego
2668 4704 2854 4773 rogabo
2885 4700 3114 4768 Patrem,
3142 4714 3190 4755 et
3226 4703 3387 4757 alium
3412 4720 3511 4773 pa-

1922 4802 2170 4856 racletum
2197 4799 2335 4852 dabit
2361 4796 2497 4851 vobis
2517 4838 2531 4861 ,
2566 4806 2619 4848 ut
2650 4804 2849 4849 maneat
2876 4795 3128 4848 vobiscum
3154 4794 3207 4847 in
3231 4803 3474 4849 utentum
3496 4836 3512 4859 ,

1924 4894 2176 4963 Spiritum
2214 4893 2436 4946 ueritatis
2461 4889 2635 4962 (Joan.
2673 4890 2761 4944 14.
2811 4889 2877 4943 15
2902 4917 2927 4930 ο
2951 4889 3015 4942 l7
3039 4889 3081 4957 ).
3128 4887 3196 4944 Ut
3238 4889 3397 4958 igitur
3435 4889 3503 4943 de

1925 4987 2102 5055 seipse
2130 4984 2265 5038 dixit
2290 4982 2533 5036 Christus
2556 5022 2569 5045 ,
2601 4980 2730 5034 Ecce
2753 4995 2843 5049 ego
2865 4978 3115 5033 vobiscum
3143 4996 3257 5033 sum
3282 4980 3513 5033 omnibus

1924 5079 2098 5133 diebus
2142 5094 2298 5143 usque
2342 5076 2409 5128 ad
2435 5074 2917 5127 consummationem
2962 5072 3167 5137 surculi,
3195 5087 3259 5126 ac
3298 5085 3513 5141 semper

1926 5170 2221 5242 Epiphania
2256 5180 2538 5238 possumus
2561 5164 2833 5220 celebrare
2856 5179 2871 5217 :
2898 5164 2964 5217 ita
2990 5178 3203 5233 quoque
3225 5162 3291 5217 de
3315 5161 3512 5231 Spiritu

1925 5275 2110 5319 saneto
2128 5263 2261 5317 dixit
2285 5304 2299 5326 ,
2327 5260 2610 5315 Vobiscum
2650 5268 2734 5312 est
2776 5260 2828 5311 in
2880 5266 3136 5313 teternum
3158 5299 3172 5323 ,
3198 5268 3515 5325 semperque

1927 5373 2209 5431 possumus
2235 5356 2588 5411 Pentecosten
2612 5352 2905 5409 celebrare.
3174 5394 3183 5421 ..

1996 5451 2049 5508 2.
2096 5453 2265 5517 Atque
2302 5457 2361 5502 ut
2402 5445 2706 5515 intelligatis
2753 5444 2906 5499 nobis
2944 5458 3154 5510 semper
3183 5439 3372 5494 festum
3400 5436 3509 5502 sgi-

1930 5556 2040 5597 tare
2072 5542 2254 5602 licere.
2288 5554 2459 5609 neque
2487 5537 2898 5592 determinatum
2930 5548 3051 5589 esse
3081 5544 3307 5599 tempus,
3336 5542 3510 5597 neque

1874 5660 1877 5663 ·
1929 5634 2307 5705 nostcmporis
2334 5631 2649 5686 necessitate
2682 5629 2960 5691 coarctari,
2990 5624 3113 5696 quid
3155 5621 3345 5680 Paulus
3374 5617 3515 5675 dicat

1991 5751 2064 5817 (α)
2100 5752 2216 5802 \ide
2241 5763 2348 5813 qmc
2371 5750 2457 5800 hac
2482 5749 2544 5797 de
2567 5760 2620 5796 re
2649 5744 2860 5794 diximus
2885 5745 2932 5789 tn
2960 5740 3144 5789 .‘tonito.
