4038 6204
607 296 712 349 ἆὕῆ

609 410 788 468 audite
816 427 829 465 :
860 408 1042 480 Itaque
1092 408 1269 479 festum
1298 406 1541 477 agitemus
1570 403 1646 476 (l.
1676 402 1792 459 Cor.
1918 403 2010 473 8):
2045 410 2176 457 tam-

614 504 709 558 etsi
734 518 839 557 non
869 509 985 556 erat
1028 501 1215 554 festum
1246 497 1457 567 quando
1496 496 1611 555 hzbc
1658 496 1904 562 scripsit:
1939 510 2042 547 non
2070 500 2187 547 erat

612 593 837 661 Pascha,
883 606 988 647 nou
1033 599 1148 646 erat
1177 587 1493 659 Epiphania,
1541 601 1643 643 non
1676 594 1790 640 erat
1835 584 2182 648 Pentecoste;

612 687 706 742 sed
757 686 955 740 indicat
996 698 1101 738 non
1133 692 1359 751 tempus,
1385 680 1478 735 sed
1508 678 1883 743 conscientiam
1928 675 2182 744 mundam

609 778 802 831 festum
832 772 1246 831 efﬁcereznihil
1293 771 1436 825 enim
1484 769 1625 824 aliud
1674 780 1756 823 est
1804 769 1994 822 festum
2026 781 2183 836 quam

610 866 789 922 latitia
823 882 837 920 :
870 862 1199 932 spiritualem
1227 876 1353 918 vero
1378 859 1612 928 lmtitiam
1655 858 1781 927 nihil
1811 857 1952 912 aliud
1995 857 2181 927 gignit,

608 936 767 1023 quam
815 953 1140 1009 conscientia
1190 952 1448 1006 bonorum
1494 964 1753 1019 operum:
1788 964 1946 1017 porro
1985 947 2050 1011 is,
2098 946 2182 999 cui

604 1018 743 1102 bona
784 1046 854 1099 sit
898 1043 1250 1105 conscientia,
1298 1052 1352 1097 et
1389 1018 1739 1107 taliaiopcra,
1792 1041 1979 1093 festum
2025 1052 2185 1107 agere

608 1152 820 1206 semper
848 1144 1039 1205 potest.
1071 1134 1182 1189 Hoc
1212 1133 1370 1203 igitur
1404 1134 1574 1202 ipsum
1609 1131 1849 1187 indicans
1880 1129 2071 1184 l‘aulus
2099 1128 2180 1191 di-

610 1226 801 1281 ccbat:
831 1223 1011 1293 Itaque
1043 1228 1223 1293 festum
1256 1223 1519 1293 agitemus,
1543 1238 1641 1274 non
1670 1220 1723 1275 in
1744 1224 1984 1291 fermento
2012 1219 2182 1286 reteri,

610 1335 769 1383 neque
800 1318 855 1372 iu
890 1320 1132 1387 [eratante
1174 1313 1384 1369 malitiw
1412 1322 1458 1367 et
1487 1312 1737 1379 nequitiaz,
1768 1312 1854 1365 sed
1894 1311 1947 1364 in
1993 1310 2187 1380 azymis

610 1409 911 1463 sinceritatis
937 1418 982 1462 et
1010 1408 1226 1461 veritatis
1256 1404 1465 1475 (Ibid).
1491 1404 1650 1459 Vides
1678 1414 1734 1458 ut
1762 1414 2057 1472 temporum
2086 1417 2183 1456 ne-

611 1502 862 1556 cessitate
902 1513 1232 1569 nequaquam
1266 1505 1317 1551 te
1356 1495 1749 1558 constrinxerit,
1783 1494 1876 1549 sed
1907 1493 1971 1547 ad
2000 1508 2185 1562 puram

610 1591 907 1646 habendam
960 1589 1337 1644 conscientiam
1387 1586 1544 1641 fuerit
1589 1585 1933 1640 cohortatus?
1983 1583 2183 1637 Vellem

610 1690 778 1735 totum
809 1681 859 1734 iu
888 1680 990 1734 hoe
1017 1693 1319 1734 sermonem
1351 1691 1705 1731 consumere:
1737 1674 1824 1744 qui
1855 1674 1996 1728 enim
2020 1688 2185 1743 quos-

608 1771 731 1827 dam
784 1780 903 1841 post
949 1770 1161 1839 longum
1212 1768 1468 1836 temporis
1515 1766 1847 1820 intervallum
1898 1766 1948 1819 in
1998 1780 2187 1819 manus

568 1898 571 1901 -
608 1861 949 1932 sumpserint,
985 1874 1079 1914 eos
1119 1859 1271 1913 facile
1301 1872 1404 1911 non
1436 1856 1705 1910 dimittunt
1736 1874 1748 1909 :
1790 1854 2000 1924 quando
2031 1854 2188 1923 igitur

606 1970 723 2017 vos,
746 1954 835 2023 qui
864 1963 982 2023 post
1015 1966 1213 2005 annum
1251 1948 1468 2012 adestis,
1502 1948 1638 2001 intra
1677 1946 1809 2001 retia
1836 1954 2015 1999 nostra
2045 1944 2188 2013 cepi-

607 2058 747 2110 mus,
776 2042 934 2097 hodie
974 2041 1241 2095 dimittere
1267 2039 1485 2093 miuime
1514 2038 1789 2099 volumus;
1841 2036 1935 2091 sed
1982 2051 2051 2090 ne
2077 2051 2190 2089 ser-

609 2133 783 2187 monis
809 2132 874 2185 de
896 2130 999 2185 hoc
1022 2130 1159 2185 festo
1184 2129 1450 2184 recedatis
1480 2136 1746 2197 expertes,
1772 2126 1839 2179 ab
1868 2125 1965 2180 hac
1991 2125 2186 2179 cohor-

609 2224 806 2277 tatione
834 2221 900 2275 ad
943 2220 1242 2274 festivitatis
1267 2219 1600 2273 occasionem
1647 2217 1817 2270 oratio
1866 2213 2187 2269 traducenda

606 2322 708 2369 est.
738 2313 896 2367 Multa
934 2310 1149 2381 quidem
1195 2324 1563 2377 sa-pcmnuero
1587 2306 1655 2361 de
1704 2305 1842 2360 cosio
1890 2306 1941 2360 in
1990 2314 2187 2362 terram

606 2405 789 2475 generi
829 2404 1060 2457 humano
1097 2400 1312 2470 delapsa
1349 2409 1470 2453 sunt
1500 2400 1637 2454 bona
1667 2415 1681 2450 :
1719 2397 1893 2467 qualia
1936 2410 2066 2451 vero
2094 2395 2190 2450 de-

606 2498 766 2552 snissa
795 2504 918 2555 sunt
937 2493 1194 2548 hodierno
1222 2492 1327 2554 die,
1352 2506 1636 2560 numquam
1668 2499 1845 2548 antea.
1872 2488 2187 2559 Cognoscite

609 2590 767 2659 igitur
794 2588 964 2658 qualia
994 2588 1158 2656 prius,
1186 2595 1239 2639 et
1268 2584 1439 2654 qualia
1466 2584 1723 2645 hodierno
1747 2584 1853 2647 die,
1880 2592 1935 2637 ut
1962 2592 2017 2638 et
2042 2593 2186 2637 utro-

608 2697 832 2752 rumque
879 2681 1162 2735 discrimen
1216 2676 1671 2731 animadvertatis.
1718 2674 1861 2729 Pluit
1904 2676 1955 2729 in
1998 2684 2186 2729 terram

604 2791 793 2829 unauna
841 2772 973 2826 Deus
999 2781 1044 2825 et
1070 2787 1249 2842 panem
1274 2770 1384 2824 cali
1426 2768 1560 2822 dedit
1606 2769 1674 2822 eis
1719 2767 1890 2837 (Psal.
1922 2768 2009 2822 77.
2051 2766 2181 2837 24):

608 2880 795 2934 panem
814 2867 955 2917 enim
978 2862 1285 2931 angelorum
1309 2859 1641 2913 manducavit
1664 2859 1858 2924 homo;
1895 2873 1981 2913 res
2000 2857 2181 2928 procul

603 2955 767 3007 dubio
797 2968 981 3023 magna
1028 2959 1111 3006 est
1152 2950 1350 3020 Deique
1391 2950 1548 3020 digna
1600 2942 1920 3018 benignitate
1950 2966 1964 3001 :
2000 2956 2181 3018 postea

605 3045 673 3100 de
697 3044 827 3098 caelo
852 3043 1115 3103 demissus
1139 3051 1224 3097 est
1245 3041 1401 3112 ignis,
1428 3049 1483 3094 et
1507 3038 1780 3094 Iudaicum
1820 3040 2073 3109 populum
2097 3054 2183 3093 er-

605 3146 812 3190 rantem
857 3137 1110 3201 correxit,
1142 3148 1204 3191 ac
1256 3132 1573 3188 sacriﬁcium
1627 3129 1857 3199 abripuit
1911 3130 1980 3184 ab
2032 3128 2205 3183 altari.

607 3225 874 3279 Omnibus
893 3240 1081 3278 rursus
1110 3223 1248 3277 l'atne
1278 3222 1684 3279 tabescentibus
1697 3222 1929 3277 demissa
1949 3230 2034 3275 est
2052 3221 2172 3289 plu-

608 3317 714 3381 via,
730 3317 1065 3386 multamque
1084 3315 1298 3385 frugum
1320 3316 1501 3369 attulit
1521 3314 1816 3371 ubertatem
1836 3312 1910 3375 (5.
1935 3311 2057 3380 Reg.
2078 3310 2167 3378 l8;

606 3409 719 3479 38).
742 3407 931 3477 Magna
955 3417 1078 3461 sunt
1104 3409 1217 3469 haec
1246 3417 1300 3461 et
1333 3407 1700 3470 admirabilia,
1734 3407 1828 3463 sed
1846 3409 2014 3463 multo
2048 3422 2171 3462 ma-

599 3496 718 3567 jora
747 3505 871 3550 sunt
897 3498 1212 3564 prtesentia:
1242 3511 1347 3549 non
1378 3510 1593 3559 manna,
1617 3496 1773 3565 ignis,
1802 3504 1855 3550 et
1879 3496 2056 3566 pluvia
2082 3496 2180 3551 de-

604 3586 763 3639 missa
810 3596 892 3639 est
940 3585 1115 3651 hodie,
1146 3586 1241 3640 sed
1287 3586 1456 3639 imber
1488 3585 1837 3653 Spiritualium
1880 3586 2179 3645 donorum:

604 3677 768 3730 nimbi
793 3675 1023 3745 desuper
1059 3686 1183 3731 sunt
1200 3676 1416 3744 dejecti,
1438 3678 1627 3745 quibus
1653 3691 1757 3730 non
1781 3677 1887 3746 jam
1913 3677 1978 3731 ad
2005 3678 2182 3747 fruges

508 3816 509 3821 η
603 3766 944 3835 proferendos
978 3768 1133 3824 tellus
1161 3768 1440 3833 excitatur,
1472 3767 1563 3821 sed
1603 3776 1805 3823 natura:
1835 3768 2183 3837 persuadetur

602 3858 862 3921 humanae,
892 3868 947 3912 ιιι
984 3860 1191 3914 virtutis
1219 3859 1451 3915 fructum
1476 3860 1749 3915 hominum
1780 3863 2025 3931 agricola:
2054 3864 2179 3917 red-

594 3948 711 4003 dat.
730 3948 934 4019 Quique
961 3960 1158 4020 guttam
1191 3950 1312 4005 inde
1332 3961 1671 4021 exceperant,
1701 3961 1902 4007 natura:
1923 3968 2031 4007 suae
2052 3969 2178 4008 con-

600 4040 772 4095 testim
807 4040 1271 4106 obliviscehantur,
1302 4052 1356 4097 et
1380 4043 1579 4112 angelis
1608 4043 1783 4097 omnis
1822 4052 1964 4100 terra
2004 4045 2179 4099 subito

598 4133 922 4201 rapiebatur,
953 4134 1154 4203 angelis
1203 4150 1307 4189 non
1338 4135 1659 4201 caelestibus,
1692 4136 1783 4190 sed
1828 4137 1919 4206 qui
1949 4138 2179 4192 humano

596 4226 651 4276 in
675 4238 900 4290 corpore
942 4233 1255 4291 potestatum
1284 4226 1713 4294 incorporearum
1742 4210 1987 4281 virtutem
2023 4227 2177 4285 exhi-

600 4314 810 4367 berent.
854 4313 969 4367 Non
1013 4316 1154 4368 enim
1210 4318 1281 4369 illi
1324 4316 1572 4371 deorsum
1627 4317 2035 4381 descenderunt,
2082 4318 2176 4373 sed

596 4403 738 4472 quod
763 4404 1056 4457 mirabilius
1097 4405 1213 4468 fuit,
1242 4407 1331 4474 qui
1372 4406 1620 4461 deorsum
1658 4417 1829 4470 erant,
1871 4406 1938 4465 ad
1967 4409 2173 4467 illorum

595 4497 843 4558 virtutem
870 4496 1255 4551 ascenderunt:
1279 4513 1383 4551 non
1412 4498 1552 4552 enim
1578 4513 1737 4553 carne
1757 4498 1995 4568 deposita
2021 4500 2175 4556 nudis

594 4588 871 4643 animabus
913 4587 1244 4651 incedebant,
1269 4588 1377 4642 sed
1408 4599 1649 4642 naturam
1681 4591 1970 4645 retinentes
2011 4593 2172 4645 animi

594 4682 867 4750 proposito
892 4680 1063 4749 augt-li
1095 4678 1309 4733 ﬁebant.
1342 4681 1513 4749 Atque
1543 4689 1600 4734 ut
1631 4680 1913 4749 intelligas,
1938 4697 2004 4735 ne
2032 4682 2173 4749 prio-

592 4786 708 4825 rem
754 4769 967 4841 quidem
1014 4770 1155 4823 illam
1202 4784 1413 4839 pmnam
1458 4768 1622 4827 fuisse
1667 4786 1907 4840 pteuam,
1958 4773 2173 4841 quando

591 4863 746 4929 dixit,
777 4861 935 4915 Terra
975 4879 1048 4928 es,
1078 4871 1126 4915 et
1164 4862 1217 4915 in
1245 4870 1427 4914 terram
1468 4864 1723 4915 reverteris
1775 4862 1927 4932 (Gen.
1959 4864 2010 4918 3.
2058 4863 2169 4933 l9),

591 4963 869 5024 propterea
919 4969 1136 5009 manere
1183 4963 1232 5008 te
1276 4953 1516 5022 permisit
1554 4955 1605 5007 in
1652 4963 1813 5019 terra,
1860 4939 2171 5025 ut'amplius

589 5048 823 5117 potentia
852 5047 1081 5117 Spiritus
1116 5047 1508 5112 ostenderetur,
1549 5062 1667 5116 qua:
1710 5048 1831 5101 talia
1870 5062 1965 5117 per
1996 5056 2167 5107 terre-

586 5158 711 5196 num
743 5154 937 5209 corpus
976 5139 1272 5209 perliceret.
1304 5139 1435 5193 Nam
1474 5139 1656 5194 videre
1685 5148 1798 5194 erat
1836 5140 2029 5196 luteam
2064 5141 2167 5195 liu-

580 5248 741 5301 gnatn
785 5228 1117 5285 dtemouibus
1160 5231 1505 5298 imperantem
1538 5247 1552 5282 :
1596 5228 1777 5287 videre
1817 5239 1933 5287 erat
1974 5232 2165 5286 luteam

584 5339 800 5378 manum
847 5321 1063 5399 morbos
1106 5330 1427 5376 sanantem:
1471 5320 1579 5379 imo
1626 5337 1752 5376 vero
1793 5337 1899 5378 non
1952 5338 2164 5376 manum

583 5424 788 5470 tantum
818 5412 1015 5468 luteam
1055 5412 1242 5467 videre
1273 5422 1423 5478 erat;
1453 5414 1546 5467 sed
1585 5412 1726 5482 quod
1754 5414 1922 5473 multo
1950 5413 2166 5482 mirabi-

586 5510 685 5561 lius
728 5515 863 5571 erat,
892 5505 1154 5561 luteorum
1197 5518 1480 5575 corporum
1509 5505 1725 5564 umbras
1766 5514 1820 5559 et
1860 5514 2082 5560 mortem
2113 5516 2167 5560 ct

585 5600 926 5667 incorporeas
946 5606 1256 5667 potesmtes,
1278 5595 1548 5656 dzemoncs
1575 5595 1809 5665 inquam,
1833 5604 2163 5666 superantes.

592 5688 726 5745 Nam
755 5689 1199 5759 quemadmodum
1239 5696 1526 5763 apparente
1553 5685 1668 5747 sole
1710 5685 1942 5750 tenebrae
1988 5686 2167 5747 discu-

1337 285 1398 344 S.
1440 284 1719 343 JOANNIS
1749 281 2221 341 CIIRYSOS‘TOMI
2259 281 2579 339 ARCIIIEP.
2618 280 3154 339 CONSTANTINOP.

3760 291 3863 347 £56

2296 398 2517 464 tiuntur,
2569 397 2694 454 fera:
2734 396 2950 453 latibula
2995 413 3092 453 sua
3134 396 3521 468 ingrediuntur,
3568 398 3861 471 homicidre,

2291 492 2542 556 latrones,
2572 500 2627 546 et
2665 493 2985 546 tumulorum
3030 491 3310 560 praedones
3343 492 3409 547 ad
3442 494 3666 549 vertices
3708 513 3861 552 mon-

2291 583 2420 646 tium
2473 593 2798 638 reeurrunt:
2838 583 2915 638 sic
2957 592 3246 652 apparente
3289 598 3583 656 vocemque
3627 589 3860 646 mittente

2290 672 2466 737 Petro,
2498 673 2694 727 erroris
2725 672 2956 726 tenebra:
2986 672 3424 740 discntiehantur,
3452 674 3730 731 recedebat
3754 679 3859 732 dia.

2292 761 2462 827 bolus,
2492 761 2756 831 fugiebant
2781 761 3073 827 dmmones,
3097 776 3381 830 corporum
3412 764 3580 819 morbi
3607 766 3857 822 tolleban-

2291 860 2393 917 tur,
2427 852 2721 906 animarum
2766 852 3107 922 :egritudincs
3135 853 3480 919 sanabantur,
3519 856 3715 911 malitia
3747 873 3857 913 om-

2292 944 2374 998 nis
2398 940 2696 1010 arcebatur,
2722 946 2771 997 in
2814 954 2981 999 terras
3005 945 3169 999 virtus
3190 945 3554 1001 retlucebatur.
3586 949 3647 1003 Et
3676 967 3856 1019 quem-

2288 1033 2571 1087 admodum
2624 1034 2785 1103 rcgiis
2836 1049 2902 1088 es
2960 1036 3195 1095 mmriis.
3246 1035 3297 1088 in
3348 1037 3540 1104 quibus
3586 1054 3771 1093 aurum
3812 1050 3862 1097 et

2289 1124 2492 1194 lapides
2522 1124 2738 1193 pretiosi
2785 1133 2928 1190 sunt,
2961 1126 3004 1179 si
3050 1126 3168 1194 quis
3198 1126 3282 1179 vel
3334 1128 3608 1182 minimum
3636 1130 3758 1199 quid
3784 1131 3860 1185 clo

2292 1216 2431 1272 ferre
2458 1217 2684 1287 potuerit
2716 1231 2923 1279 eorum,
2947 1234 3064 1287 qum
3096 1217 3388 1272 honoriﬁce
3414 1228 3538 1273 sunt
3577 1221 3862 1285 recandita,

2293 1309 2417 1364 licet
2465 1325 2628 1363 unum
2680 1308 2916 1377 lapillum
2966 1318 3205 1377 tantum,
3252 1309 3431 1364 multis
3485 1311 3673 1380 opibus
3714 1323 3864 1383 auget

2290 1414 2651 1470 possessorem
2678 1418 2693 1454 :
2723 1402 2800 1455 sic
2839 1415 2905 1455 ex
2941 1415 3035 1455 ore
3063 1400 3457 1471 apostolorum;
3501 1403 3697 1457 etenim
3728 1406 3862 1474 regia

2290 1491 2531 1561 quaedam
2557 1500 2711 1545 erant
2739 1484 2923 1544 mrariEt
2956 1490 3168 1545 illorum
3195 1507 3309 1557 ora,
3335 1494 3385 1545 in
3413 1493 3605 1560 quibus
3634 1496 3859 1549 sanatio-

2290 1598 2416 1636 num
2444 1582 2750 1637 reconditus
2781 1582 2949 1635 iuerat
2980 1581 3258 1637 thesaurus
3286 1599 3299 1647 ;
3344 1585 3429 1638 vel
3460 1585 3860 1655 unumquodque

2297 1675 2516 1727 verbum
2538 1673 2724 1729 exiens
2747 1673 3047 1743 spit-itttales
3076 1673 3268 1732 multas
3297 1689 3425 1744 opes
3459 1676 3717 1744 pariebat.
3736 1676 3858 1732 Tum

2290 1780 2419 1820 vere
2448 1764 2635 1818 licebat
2666 1765 2856 1819 intueri
2886 1764 3259 1819 desiderabilia
3287 1781 3406 1821 esse
3432 1766 3637 1828 Domini
3664 1770 3861 1838 eloquia

2291 1868 2451 1923 super
2493 1869 2702 1921 aurum,
2746 1864 2800 1909 et
2844 1855 3070 1924 lapidem
3124 1856 3413 1924 pretiosum
3445 1858 3669 1914 multum
3702 1858 3858 1928 (Psat.

2295 1945 2419 1999 H8.
2453 1945 2544 2015 ll)
2572 1963 2585 2000 :
2618 1946 2759 2015 quod
2786 1946 2928 2001 enim
2957 1961 3144 2001 aurum
3170 1964 3273 2001 non
3297 1959 3525 2017 poterat,
3554 1966 3728 2019 neque
3756 1968 3863 2019 prc-

2294 2038 2459 2092 tiosus
2502 2038 2656 2108 lapis,
2688 2038 2789 2093 hoc
2832 2040 2971 2093 Petri
3012 2039 3172 2093 verba
3219 2039 3499 2095 faciebant.
3546 2042 3691 2107 Quot
3729 2044 3863 2099 enim

2291 2127 2407 2181 auri
2438 2128 2634 2182 talenta
2664 2129 2853 2182 claudo
2873 2144 2902 2183 a
2936 2129 3206 2184 nativitate
3232 2139 3431 2185 rectum
3464 2131 3733 2185 incessum
3754 2132 3862 2186 red-

2291 2219 2419 2274 dere
2452 2219 2786 2288 potuissent?
2829 2219 2921 2273 sed
2966 2235 3107 2273 nunc
3155 2220 3339 2283 tollere
3378 2230 3578 2277 natura:
3606 2222 3862 2279 defectum

2292 2310 2462 2380 potuit
2505 2310 2725 2364 verbum
2757 2310 2934 2375 Petri;
2980 2310 3131 2375 dixit,
3182 2309 3247 2364 In
3294 2313 3491 2367 nomine
3530 2310 3657 2366 Jesu
3692 2313 3861 2373 Christi

2290 2418 2441 2472 surge
2467 2412 2512 2455 et
2538 2403 2743 2455 ambula
2784 2404 2919 2470 (Act.
2961 2404 3015 2457 5.
3044 2404 3182 2473 6),et
3211 2419 3391 2459 sermo
3414 2403 3580 2459 factus
3603 2415 3690 2458 est
3716 2422 3860 2474 Opus.

2294 2496 2457 2550 Vides
2485 2504 2541 2549 ut
2567 2495 2937 2550 desiderabilia
2984 2497 3093 2549 sint
3119 2512 3280 2565 super
3326 2513 3512 2550 aurum
3545 2506 3599 2551 et
3643 2499 3863 2568 lapidem

2291 2587 2580 2654 pretiosum
2634 2587 2896 2641 multum?
2946 2587 3091 2640 vides
3138 2596 3198 2642 ut
3249 2588 3434 2644 a‘raria
3487 2587 3689 2643 fuerint
3733 2591 3864 2658 regia

2292 2677 2504 2731 illorum
2550 2678 2687 2731 ora?
2722 2676 2863 2732 Vere
2912 2678 3105 2732 medici
3150 2678 3295 2732 orbis
3344 2687 3605 2733 terrarum
3663 2681 3863 2734 fuerunt

2293 2767 2389 2832 illi,
2422 2777 2477 2822 ct
2512 2768 2780 2838 agricolae,
2810 2778 2862 2822 ct
2908 2768 3289 2838 gubernatores
3333 2786 3345 2821 :
3398 2770 3591 2827 medici
3638 2772 3871 2840 quidem,

2286 2859 2544 2927 quoniam
2589 2860 2933 2928 a'gritudiues
2979 2860 3276 2914 curabant:
3311 2862 3575 2929 agricolae,
3621 2865 3858 2931 quoniam

2289 2949 2509 3004 verbum
2556 2951 2827 3020 religionis
2871 2952 3249 3005 seminahaut:
3294 2952 3701 3021 gubernatores,
3741 2970 3863 3024 quo-

2289 3042 2433 3095 niam
2461 3041 2659 3096 erroris
2690 3041 2975 3109 procellam
3016 3040 3299 3096 sedabant.
3351 3042 3555 3097 Idcirco
3604 3058 3860 3098 nonnum-

2288 3148 2446 3203 quam
2498 3131 2646 3195 dicit,
2680 3130 2871 3188 Euntes
2912 3133 3142 3199 inﬁrmos
3178 3144 3352 3186 curate
3397 3132 3607 3204 (Matth.
3662 3135 3746 3188 l0.
3788 3133 3860 3203 8).

2290 3233 2560 3294 tamquam
2608 3225 2846 3280 medicos
2895 3225 3169 3295 alloquens
3209 3244 3221 3279 :
3272 3241 3693 3296 nonnumquam,
3744 3226 3860 3279 Ecce

2287 3316 2428 3368 mitto
2448 3331 2533 3368 vos
2554 3325 2753 3380 metere,
2777 3315 2911 3380 quod
2932 3331 3017 3371 vos
3045 3332 3143 3369 non
3174 3317 3442 3370 laborastis
3474 3319 3655 3389 (Joan.
3679 3319 3731 3371 4.
3754 3317 3854 3381 '58).

2288 3414 2555 3475 tamquam
2582 3405 2842 3474 agricolas
2882 3406 3196 3474 alloquens:
3242 3416 3297 3461 et
3335 3407 3459 3460 alibi
3506 3422 3730 3461 rursus:
3764 3405 3857 3458 Fa-

2287 3497 2417 3549 ciam
2445 3512 2531 3550 vos
2559 3498 2829 3563 piscatores
2877 3497 3136 3550 hominum
3180 3496 3392 3566 (Matth.
3436 3500 3490 3555 4.
3527 3500 3651 3567 19);
3684 3510 3735 3553 et
3764 3498 3854 3554 Pe-

2288 3596 2390 3649 tro,
2426 3585 2551 3639 Noli
2580 3587 2772 3653 timere,
2792 3604 2853 3641 ea:
2872 3588 2965 3640 hoc
2976 3588 3090 3657 jam
3119 3588 3340 3641 homines
3366 3589 3461 3641 eris
3487 3592 3693 3657 capiens
3717 3588 3852 3659 (Luc.

2286 3678 2338 3731 5.
2370 3676 2483 3746 l0),
2511 3686 2775 3747 tamquam
2797 3678 2861 3731 ad
2898 3678 3279 3746 gubernatores
3304 3687 3357 3731 ct
3390 3679 3682 3745 piscatores
3710 3678 3857 3732 verba

2287 3770 2526 3833 faciens;
2571 3778 2627 3823 ct
2656 3769 2835 3823 videre
2865 3778 2981 3823 erat
3007 3769 3273 3822 miraculis
3320 3768 3662 3821 succedentia
3696 3769 3848 3827 mira-

2284 3860 2424 3917 cuia.
2460 3860 2669 3914 Etenim
2708 3870 2892 3914 natura
2925 3868 3105 3913 nostra
3149 3868 3269 3912 ante
3296 3858 3480 3913 decem
3512 3858 3630 3912 dies
3670 3858 3736 3912 ad
3779 3872 3855 3911 reo

2283 3953 2427 4020 gium
2474 3951 2723 4006 thronum
2775 3952 3049 4017 ascendit,
3096 3961 3151 4005 et
3196 3950 3456 4005 hodierno
3498 3950 3586 4004 die
3637 3949 3853 4020 Spiritus

2283 4051 2501 4098 sanctus
2546 4043 2610 4097 ad
2657 4053 2899 4101 naturam
2947 4053 3183 4104 nostram
3243 4042 3551 4105 descendit;
3604 4041 3851 4110 primitias

2283 4144 2495 4189 nostras
2535 4134 2793 4188 Dominus
2816 4134 2867 4187 in
2897 4134 3086 4189 etclam
3117 4134 3311 4199 evexit,
3339 4143 3393 4187 et
3432 4132 3689 4203 Spiritum
3725 4145 3847 4184 san-

2280 4234 2423 4279 etum
2453 4224 2686 4279 demisit.
2718 4224 2869 4279 Alter
2893 4232 2975 4278 est
3014 4224 3293 4285 Dominus.
3325 4223 3414 4293 qni
3443 4223 3553 4276 lucc
3584 4222 3725 4275 dona
3753 4220 3853 4274 dis-

2283 4317 2505 4381 tribuit;
2557 4332 2678 4370 nam
2727 4316 2955 4386 Spiritus
2980 4326 3198 4370 sanctus
3245 4324 3328 4369 est
3360 4315 3633 4378 Dominus,
3666 4322 3718 4367 et
3744 4311 3847 4364 dis-

2281 4409 2647 4475 pensationem
2689 4418 2868 4461 nostra
2896 4422 3054 4460 causa
3097 4415 3398 4475 susceptam
3428 4404 3584 4460 Pater
3611 4414 3666 4458 ct
3695 4403 3733 4457 F
3738 4402 3850 4457 ilius

2279 4508 2333 4552 et
2357 4497 2585 4567 Spiritus
2612 4508 2829 4552 sanctus
2857 4498 2994 4551 inter
3020 4512 3078 4552 se
3124 4497 3421 4550 diviserunt
3453 4514 3466 4549 :
3494 4494 3725 4549 nondum
3763 4492 3851 4551 de-

2278 4604 2393 4643 cem
2426 4590 2590 4658 elapsi
2637 4589 2753 4643 dies
2798 4599 2973 4654 erant,
3004 4604 3069 4642 ex
3099 4604 3207 4657 quo
3236 4587 3479 4641 Christus
3520 4583 3847 4646 ascenderat,

2278 4691 2331 4734 et
2356 4681 2648 4748 spiritualia
2696 4681 2850 4734 nobis
2875 4679 3015 4734 dona
3048 4681 3212 4743 misit,
3242 4679 3696 4739 reconciliationis
3720 4676 3849 4735 illius

2280 4788 2520 4825 munera.
2549 4771 2682 4825 Nam
2724 4780 2779 4825 ιιι
2827 4771 3119 4839 ambigeret
3153 4784 3311 4824 nemo
3337 4778 3390 4824 et
3415 4778 3703 4838 qumreret,
3734 4764 3847 4835 quid

2279 4865 2490 4917 tandem
2526 4864 2577 4917 in
2627 4866 2789 4917 crelos
2835 4862 3131 4917 ascendens
3176 4861 3419 4916 Christus
3463 4861 3698 4930 egisset;
3729 4873 3845 4913 nutu

2279 4956 2418 5009 Patri
2447 4970 2548 5009 nos
2580 4954 3020 5010 reconciliasset?
3051 4969 3177 5008 num
3212 4955 3505 5023 propitium
3532 4954 3703 5022 ipsum
3731 4949 3845 5003 red-

2275 5046 2539 5101 didisset?
2568 5055 2624 5101 ut
2652 5046 2804 5100 nobis
2826 5045 3132 5100 ostenderet
3162 5061 3223 5099 se
3250 5054 3454 5103 natura:
3481 5044 3629 5097 illum
3661 5052 3847 5096 nostra:

2276 5139 2537 5206 placatum
2564 5137 2884 5201 reddidisse,
2912 5139 3087 5191 conte:
3100 5138 3193 5191 tim
3224 5136 3377 5190 nobis
3408 5133 3849 5189 reconciliationis

2274 5230 2416 5285 illius
2442 5230 2581 5284 dona
2612 5231 2774 5283 misit.
2803 5229 2934 5283 Cum
2964 5228 3106 5283 enim
3138 5228 3269 5280 uniti
3300 5236 3423 5280 sunt
3452 5236 3505 5280 et
3531 5221 3850 5280 reconciliati

2276 5324 2417 5377 inter
2438 5340 2495 5377 se
2518 5323 2744 5386 inimici,
2764 5330 2883 5391 post
2907 5321 3394 5375 reconciliationem
3424 5320 3599 5372 statim
3627 5332 3853 5383 sequun-

2279 5427 2362 5468 tur
2404 5415 2762 5478 invitationes,
2792 5413 3032 5467 convivia
3064 5421 3121 5466 ct
3164 5427 3405 5465 munera.
3452 5410 3686 5463 Misimus
3731 5420 3853 5472 etgo

2278 5521 2375 5560 nos
2401 5506 2581 5570 iidem,
2609 5514 2664 5561 et
2687 5504 2809 5559 inde
2832 5504 3063 5574 Spiritus
3084 5502 3223 5557 dona
3252 5500 3585 5571 recepimus:
3618 5498 3851 5553 misimus

2274 5600 2656 5665 obedientiam,
2685 5609 2740 5654 et
2759 5598 3017 5666 justitiam
3046 5595 3371 5658 recepimus.

2328 5692 2377 5747 5.
2396 5686 2617 5755 Spiritus
2633 5688 2800 5743 sancti
2815 5686 2950 5740 datm
2964 5702 3006 5736 ιη
3023 5695 3094 5739 es!
3113 5684 3303 5738 donum
3323 5682 3759 5749 reconciliationis.
3790 5707 3854 5726 -υ
