4038 6204
463 265 570 322 457

532 383 604 448 γ’.
637 375 750 432 ’Καὶ
791 373 878 430 τνα
913 372 1140 446 μάθητε,
1167 375 1250 428 ὅτι
1282 376 1381 446 τῆς
1407 374 1750 445 καταλλαγῆς
1777 373 1870 427 τοῦ
1897 369 2034 426 Θεοῦ

463 469 638 542 δῶρόν
667 469 784 524 ὲστι
817 468 878 522 τὸ
908 467 1129 538 δοθῆναι
1161 467 1223 520 τὸ
1247 465 1473 537 Πνεῦμα
1503 465 1564 518 τὸ
1595 466 1768 534 ἅγιον,
1797 463 1906 518 ἀπὸ
1931 463 2038 542 τῶν

465 541 698 630 Γραφῶν
737 558 881 628 ὑμᾶς
910 559 1092 610 πεῖσαι
1122 556 1474 626 πειράσομαι,
1515 555 1778 626 πρότερον
1807 555 1916 608 ἀπὸ
1945 541 2038 608 τοῦ

466 647 708 702 ἐναντίου
740 647 971 718 φανερὸν
1006 645 1174 700 ποιῶν
1207 644 1296 698 τὸν
1345 645 1501 714 λόγον
1522 685 1537 707 ,
1573 646 1667 698 καὶ⁸
1699 644 1913 706 δεικνὺς
1957 644 2038 696 ὅτι

464 737 776 792 ἀναστέλλει
820 735 914 789 τοῦ
951 733 1266 805 Πνεύματος
1302 735 1399 806 τὴν
1431 735 1622 805 χάριν,
1653 732 1870 786 ἐπειδᾶν
1907 733 2040 802 ἡμῖν

464 823 782 894 δργίζηται·
822 823 906 875 ἴνα
949 824 1076 876 ὅταν
1114 821 1364 892 πεισθῇς,
1409 824 1490 876 δτι
1519 822 1617 890 τῆς
1659 820 1829 892 ὀργῆς
1869 817 2038 874 αὐτοῦ

461 913 761 984 τεκμήριον
784 911 844 963 τὸ
872 910 946 982 μὴ
979 903 1120 963 εἶναι
1155 909 1379 980 Πνεῦμα
1409 909 1580 978 ἅγιον,
1608 909 1701 962 καὶ
1735 907 1848 979 ίδῃς
1879 906 2039 960 πάλιν

463 999 688 1070 Πνεῦμα
739 999 1266 1069 καταπεμπόμενον,
1301 997 1478 1068 μάθῃς
1522 998 1604 1050 ὅτι
1637 997 1685 1048 εἰ
1723 996 1798 1067 μὴ
1840 994 2041 1066 κατηλ-

461 1087 625 1157 λάγη,
654 1088 752 1141 οὐκ
783 1087 850 1142 ἂν
890 1087 1100 1156 έπεμψε
1140 1087 1366 1156 Πνεῦμα
1395 1085 1568 1154 ἅγιον.
1601 1083 1772 1138 Πόθεν
1806 1079 1900 1138 οῦν
1927 1083 2039 1138 εἱσ-

462 1173 635 1244 όμεθα
663 1173 858 1239 τοῦτο;
911 1174 970 1225 Ὀ
1007 1173 1126 1226 Ἠλὶ
1169 1171 1478 1242 πρεσϐύτης
1519 1170 1802 1242 ἄνθρωπος
1841 1165 1930 1240 ἦν,
1970 1167 2042 1222 τὰ

468 1262 566 1332 μὲν
597 1261 732 1316 ἄλλα
771 1262 1020 1334 ἐπιεικὴς
1045 1262 1140 1315 καὶ
1178 1259 1430 1332 σώφρων,
1459 1260 1662 1312 παίδων
1691 1258 1746 1314 δὲ
1775 1257 2040 1328 πονηρίαν

463 1351 563 1402 οὐκ
593 1349 748 1412 εἰδὼς
787 1348 1201 1420 διορθώσασθαι,
1237 1347 1372 1401 ἀλλά
1409 1347 1548 1416 πέρα
1589 1346 1683 1400 τοῦ
1721 1346 1918 1416 μέτρου
1952 1364 2039 1413 φι-

463 1437 574 1490 λῶν
615 1438 684 1490 τά
727 1437 944 1504 ἔκγονα.
979 1435 1234 1489 Ἀκούετε
1279 1437 1394 1488 ὅσοι
1441 1435 1636 1498 παῖδας
1668 1434 1853 1504 ἔχετε,
1897 1432 2038 1485 ὥστε

469 1525 890 1596 μεμετρημένην
941 1523 1210 1577 ποιεῖσθαι
1241 1524 1340 1596 τὴν
1389 1522 1567 1594 φιλίαν
1601 1523 1694 1575 καὶ
1736 1521 1836 1592 τὴν
1885 1520 2038 1576 αἰδῶ.

478 1611 536 1664 '0
567 1613 674 1682 γὰρ
721 1612 836 1666 Ἠλὶ
867 1611 1116 1666 ἐντεῦθεν
1146 1610 1450 1681 παροξύνας
1471 1610 1560 1663 τὸν
1586 1608 1739 1674 Θεὸν,
1763 1607 1840 1673 εἰς
1870 1608 2039 1680 ὀργὴν

467 1701 626 1753 αὑτὸν
647 1699 835 1770 ερριψε
859 1699 1144 1769 τοσαύτην,
1167 1698 1242 1762 ώς
1267 1698 1412 1752 ᾶπαν
1440 1697 1602 1752 αὐτὸν
1623 1697 2039 1768 ἀποστραφῆναι

468 1787 528 1840 τὸ
549 1787 716 1851 ἔθνος.
745 1790 968 1852 Δεικνὺς
997 1787 1178 1842 τοίνυν
1202 1789 1230 1840 ό
1255 1787 1426 1840 ταῦτα
1457 1785 1696 1857 γράψας,
1717 1787 1800 1840 ὅτι
1837 1787 2043 1856 σφόδρα

465 1876 661 1936 αὐτοὺς
691 1875 1046 1946 ἀπέστραπτο
1073 1877 1100 1928 ό
1117 1875 1272 1940 Θεὸς,
1295 1875 1448 1943 ἔλεγε
1467 1890 1481 1904 ⁸
1517 1873 1706 1943 Ῥῆμα
1727 1875 1924 1943 τίμιον
1939 1871 2038 1944 ἦν,

465 1961 564 2014 καὶ
593 1963 704 2016 οὐκ
733 1958 812 2032 ἦν
841 1961 1051 2028 ὅρασις
1091 1961 1561 2024 διαστέλλουσα,
1595 1961 1775 2030 τίμιον
1807 1960 2041 2016 ἐνταῦθα

465 2050 524 2102 τὸ
551 2051 774 2104 σπάνιον
804 2049 978 2118 λέγων
999 2067 1010 2079 ·
1041 2050 1130 2104 διὰ
1167 2050 1275 2122 γάρ
1303 2049 1510 2102 τούτων
1549 2048 1831 2120 ἐδήλωσεν,
1861 2050 1941 2102 ὅτι
1971 2047 2039 2102 τὰ

467 2138 562 2206 τῆς
599 2137 934 2209 προφητείας
967 2137 1224 2202 ἐσπάνιζε
1251 2138 1394 2191 τότε.
1429 2139 1598 2192 Πάλιν
1633 2137 1846 2210 θρηνῶν
1883 2137 2040 2200 ἀλλος

467 2225 559 2277 καὶ
593 2225 996 2296 ἀποδυρόμενος
1022 2225 1116 2278 ἐπὶ
1135 2228 1200 2295 τῇ
1234 2227 1370 2296 ὀργῇ
1389 2224 1484 2278 τοῦ
1505 2225 1639 2278 Θεοῦ
1667 2225 1853 2293 ἔλεγεν
1876 2240 1890 2254 ·
1919 2227 2040 2279 Οὐκ

467 2311 636 2364 ἔστιν
659 2311 880 2380 ἅρχων,
909 2311 1052 2366 οὐδὲ
1077 2310 1480 2380 προφήτηςοέν
1501 2311 1580 2376 τῷ
1607 2313 1790 2379 καιρῷ
1820 2313 2036 2377 τούτῳ·

465 2399 556 2450 καὶ
591 2398 749 2450 πάλιν
796 2399 824 2452 ό
870 2396 1262 2467 εὐαγγελιστής
1293 2415 1456 2468 φησιν
1481 2415 1494 2428 ·
1527 2397 1768 2454 Οὐδέπω
1807 2399 1919 2468 γὰρ
1959 2395 2040 2468 ἦν

469 2488 706 2556 Πνεῦμα
757 2489 964 2558 ἅγιον,
1007 2489 1096 2542 ὅτι
1147 2491 1379 2558 Ἰησοῦς
1431 2487 1664 2544 οὐδέπω
1713 2489 2035 2558 ἐδοξάσθη.

479 2573 697 2648 ΞΕπειδὴ
723 2576 832 2648 γάρ
860 2577 1072 2632 οὐδέπω
1099 2577 1438 2648 ἐσταυρώθη,
1463 2579 1648 2649 φησὶν,
1665 2579 1766 2632 οὐκ
1789 2573 1856 2649 ἦν
1877 2579 2040 2634 Πνεῦο

467 2680 544 2734 μα
577 2665 729 2732 ἀγιον
778 2667 835 2718 ἐν
873 2667 984 2729 τοῖς
1033 2665 1340 2737 ἀνθρώποις
1373 2667 1556 2722 δοθέν·
1591 2667 1654 2720 τὸ
1685 2667 1813 2740 γὰρ,
1839 2668 2036 2722 ἐσταυ-

467 2751 636 2822 ρώθη,
659 2754 806 2806 ἐστὶν
832 2752 1178 2822 Ἐδοξάσθη.
1205 2756 1268 2808 Εἰ
1293 2755 1400 2826 γὰρ
1425 2756 1517 2808 καὶ
1539 2754 1700 2825 φύσει
1721 2757 1780 2810 τὸ
1807 2757 2040 2828 πρᾶγμα

464 2841 844 2904 ἐπονείῗιστον,
878 2841 990 2894 ἀλλ’
1014 2841 1200 2915 ἐπειδὴ
1243 2842 1384 2913 ὑπὲρ
1415 2843 1524 2898 τῶν
1555 2844 1892 2914 φιλουμένων
1917 2844 2040 2912 ὲγέ-

465 2945 608 2990 νετο,
635 2927 792 2992 δόξαν
825 2929 956 2982 αὐτὸ
991 2929 1144 2983 καλεί
1181 2933 1208 2984 ό
1237 2929 1488 3002 Χριστός.
1523 2931 1630 2984 Καὶ
1657 2931 1799 2996 τίνος
1827 2931 2034 2996 ἕνεκεν,

465 3016 584 3070 εἰπέ
611 3033 722 3086 μοι,
745 3015 851 3088 πρὸ
879 3015 972 3070 τοῦ
999 3016 1234 3087 σταυροῦ
1260 3018 1358 3069 οὐκ
1381 3017 1534 3090 ἐδόθη
1555 3019 1616 3072 τὸ
1641 3015 1894 3089 Πνείῦμα;
1914 3018 2037 3071 Ὅτι

466 3105 524 3155 ἐν
556 3104 846 3174 ἁμαρτίαις
870 3099 937 3174 ἦν
960 3106 992 3174 ἡ
1025 3103 1334 3174 οἰκουμένη,
1361 3106 1419 3156 ἐν
1445 3105 1916 3177 προσκρούσμασι,
1945 3108 2038 3162 καί

465 3189 653 3262 ἔχθρα,
678 3191 772 3244 καὶ
791 3190 1011 3262 ἀτιμίᾳ·
1041 3191 1250 3244 οὐδέπω
1272 3192 1364 3244 τοῦ
1391 3191 1564 3263 ἀμνοῦ
1589 3193 2036 3264 προσενεχθέντος

465 3277 556 3329 τοῦ
604 3275 700 3346 τὴν
735 3277 1008 3348 ἁμαρτίαν
1047 3277 1292 3348 αἴροντος
1329 3277 1422 3332 τοῦ
1474 3280 1700 3350 κόσμου.
1748 3281 1900 3336 Ἐπεὶ
1945 3278 2038 3336 οῦν

465 3367 674 3420 οὐδέπω
707 3365 856 3438 [462]
892 3363 958 3436 ἦν
997 3368 1026 3419 ὁ
1061 3367 1292 3439 Χριστὸς
1335 3369 1666 3440 σταυρωθείς
1686 3412 1700 3432 ,
1731 3373 1940 3426 οὐδέπω
1971 3369 2039 3444 ἦν

471 3452 783 3524 καταλλαγὴ
835 3453 1099 3524 γενομένη
1125 3470 1139 3483 ·
1175 3453 1273 3524 τῆς
1313 3454 1369 3507 δὲ
1421 3457 1764 3530 καταλλαγῆς
1815 3460 2042 3530 μηδέπω

473 3541 788 3612 γενομένης,
825 3540 1048 3604 εἰκότως
1083 3541 1202 3594 οὐδὲ
1235 3541 1296 3595 τό
1323 3543 1546 3614 Πνεῦμα
1574 3545 1874 3616 ἐπέμπετο,
1899 3546 2040 3600 ὥστε

465 3629 812 3698 καταλλαγῆς
845 3630 1141 3701 τεκμήριον
1175 3629 1236 3682 τὸ
1263 3629 1488 3702 Πνεῦμα
1523 3633 1909 3703 ἀποσταλῆναι.
1943 3635 2041 3690 Διά

463 3717 621 3770 τοῦτο
657 3719 750 3770 καὶ
776 3718 804 3769 ό
835 3715 1068 3786 Χριστός
1099 3733 1230 3788 φησι
1251 3735 1263 3748 ·
1289 3717 1583 3786 Συμεεέρει
1621 3719 1782 3788 ὑμῖν,
1801 3721 1902 3774 ἵνα
1926 3721 2040 3792 ἐγὼ

463 3805 704 3859 ἀπέλθω
723 3821 736 3834 ·
773 3803 882 3858 ἐὰν
911 3804 1018 3872 γὰρ
1037 3803 1151 3872 ἐγὼ
1181 3804 1268 3874 μὴ
1296 3805 1554 3869 ἀπέλθω,
1583 3807 1813 3874 ἐκεῖνος
1853 3811 1923 3862 οὐ
1950 3809 2037 3880 μὴ

463 3893 612 3960 ἔλθῃ
633 3909 646 3923 ·
688 3892 782 3946 ἒάν
825 3892 898 3962 μὴ
931 3891 1178 3956 ἀπέλθω,
1211 3891 1304 3944 καὶ
1337 3893 1654 3958 καταλλάξω
1681 3895 1770 3948 τὸν
1801 3897 2037 3968 Πατέρα,

465 3981 650 4050 φησὶν,
683 3979 744 4032 οὐ
787 3980 990 4049 πέμπω
1019 3979 1148 4050 ύμῖν
1183 3979 1272 4032 τὸν
1315 3981 1680 4054 παράκλητον.
1725 3983 1904 4037 Είδετε
1953 3985 2041 4039 διὰ

466 4069 646 4120 πόσων
687 4065 1046 4138 ἀπεδείξαμεν
1092 4067 1240 4137 ὑμῖν,
1281 4068 1364 4120 δτι
1417 4070 1511 4140 τῆς
1557 4069 1720 4142 ὀργῆς
1761 4071 1853 4126 τοῦ
1904 4073 2037 4126 Θεοῦ

463 4157 688 4227 σημεῖόν
715 4159 827 4210 ἐστι
848 4157 908 4210 τὸ
937 4158 1010 4230 μὴ
1036 4154 1172 4212 εἶναι
1195 4157 1415 4228 Πνεῦμα
1437 4159 1589 4227 ἅγιον
1615 4161 1673 4212 ἐν
1697 4161 2036 4233 ἀνθρώποις;

476 4243 658 4310 Ῥῆμα
675 4247 870 4312 τίμιον
885 4241 982 4313 ἦν,
998 4245 1096 4298 καὶ.
1117 4249 1230 4300 οὐκ
1249 4243 1327 4316 ἦν
1342 4247 1550 4315 ὅρασις
1567 4248 2035 4305 διαστέλλουσα·

461 4331 584 4384 Οὐκ
611 4331 745 4384 ἔστι
779 4329 888 4400 γὰρ
911 4330 1112 4399 ἅρχων
1137 4331 1278 4385 οὐδὲ
1312 4334 1621 4402 προφήτης
1647 4337 1718 4388 έν
1749 4336 1828 4401 τῷ
1857 4337 2040 4404 καιρῷ

465 4419 670 4482 τούτῳ·
707 4417 880 4470 Οὔπω
911 4419 1021 4484 τὰρ
1065 4413 1144 4487 ἦν
1173 4420 1414 4488 Πνεῦμα
1451 4421 1642 4489 ἅγιον,
1682 4421 1770 4478 ὅτι
1811 4425 2038 4493 Ἰησοῦς

464 4503 698 4560 οὐδέπω
709 4503 1030 4570 ἐδοξάσθη.
1045 4503 1336 4573 Συμφέρει
1357 4508 1518 4576 ὑμῖν,
1533 4509 1633 4564 ἵνα
1645 4511 1760 4579 ἐγὼ
1779 4511 2034 4567 ἀπέλθω·

463 4593 572 4648 ἐὰν
595 4591 702 4662 γὰρ
725 4592 840 4661 ἐγὼ
861 4591 947 4662 μὴ
975 4592 1233 4656 ἀπέλθω,
1259 4594 1488 4660 ἐκεῖνος
1500 4599 1572 4651 οὐ
1589 4599 1675 4666 μὴ
1705 4601 1876 4670 ἔλθῃ.
1899 4605 2038 4658 Οὐκ.

463 4681 558 4744 οῦν
625 4679 850 4752 σημεῖόν
889 4681 1002 4734 ἐστι
1045 4681 1146 4750 τῆς
1185 4681 1355 4753 ὀργῆς
1384 4683 1478 4738 τοῦ
1513 4685 1646 4738 Θεοῦ
1689 4687 1749 4740 τὸ
1793 4690 1865 4760 μη
1899 4687 2035 4747 εἶναι

465 4767 692 4838 Πνεῦμα
705 4768 878 4836 ἅγιον.
905 4769 1071 4828 Ὅταν
1101 4768 1216 4844 ἴδῃς
1239 4769 1465 4841 Πνεῦμα
1497 4771 1650 4840 ἀγιον
1685 4779 2038 4846 καταπεμπό-

465 4873 627 4930 μενον
641 4855 895 4925 δαψιλῶς,
915 4856 1077 4928 μηδὲν
1097 4857 1282 4912 λοιπὸν
1303 4859 1650 4934 ὰμφιϐάλλῃς
1675 4864 1917 4936 περὶτῆς
1941 4883 2030 4920 κα-

466 4941 757 5014 ταλλαγῆς.
801 4943 910 4996 Καὶ
947 4943 1070 5004 ποῦ,
1101 4945 1285 5016 φησὶν,
1321 4945 1435 5000 ἐστι
1465 4949 1688 5019 Πνεῦμα
1729 4951 1880 5020 ἅγιον
1909 4954 2035 5020 νῦνς

467 5031 600 5092 Τότε
619 5032 716 5101 μὲν
745 5031 852 5102 γάρ
875 5033 1052 5098 καλῶς
1075 5034 1242 5102 λέγει,
1258 5035 1346 5088 ὅτε
1375 5041 1574 5110 σημεῖα
1597 5041 1823 5108 ἐγίνετο,
1842 5045 1935 5102 καὶ
1951 5062 2038 5097 νε-

466 5119 591 5190 κροὶ
611 5118 913 5190 ἠγείροντο.
931 5122 1024 5178 καὶ⁵
1049 5121 1238 5194 λεπροὶ
1256 5126 1451 5188 πάντες
1473 5125 1824 5198 ὲκαθαίροντο
1841 5148 1854 5160 ·
1874 5130 1967 5184 νῦν
1981 5133 2038 5187 δὲ

468 5205 629 5262 πόθεν
651 5205 913 5276 δείξομεν,
933 5207 1013 5262 ὅτι
1041 5210 1270 5280 πάρεστι
1291 5212 1350 5264 τὸ
1368 5213 1590 5284 Πνεῦμα
1615 5214 1674 5270 τὸ
1699 5217 1850 5286 ἅγιον
1873 5221 2036 5290 ήμῖν;

467 5296 558 5367 Μὴ
590 5295 798 5366 δείσητε
820 5309 833 5323 ⁸
885 5296 1240 5368 ἀποδείκνυμι
1287 5299 1418 5372 γὰρ,
1452 5305 1532 5357 ὅτι
1567 5307 1658 5358 καὶ
1691 5305 1786 5360 νῦν
1815 5309 2040 5380 Πνεῦμα

466 5381 619 5450 ἅγιόν
652 5384 795 5435 ἐστιν
817 5382 874 5436 ἐν
911 5385 1063 5453 ἡμῖν.
1093 5385 1230 5448 Πῶς
1253 5389 1344 5441 καὶ
1381 5390 1485 5442 τίνι
1531 5393 1748 5466 τρόπῳ;
1793 5397 1903 5452 Καὶ
1931 5399 2038 5470 γὰρ

466 5473 514 5526 εἰ
549 5471 624 5543 μὴ
655 5471 875 5542 Πνεῦμα
914 5472 1066 5539 ἅγιόν
1103 5475 1250 5528 ἐστιν
1289 5478 1345 5529 έν
1378 5480 1528 5548 ἡμῖν,
1565 5483 1682 5546 πῶς
1720 5483 1784 5538 ἂν
1811 5479 1956 5539 οὗτοι
1989 5490 2038 5539 οξ

467 5559 606 5616 κατά
628 5559 726 5630 τὴν
753 5561 902 5632 ἱερὰν
921 5560 1088 5615 νύκτα
1115 5565 1314 5635 ταύτην
1337 5568 1694 5634 φωτισθέντες
1721 5572 1826 5628 τῶν
1857 5575 2036 5645 ἁμαρ-

465 5651 590 5706 τεῶν
646 5649 1072 5722 ἀπηλλάγησαν,
1132 5653 1384 5725 οὐδὲγὰρ
1434 5656 1581 5712 ἔστιν
1629 5662 2035 5736 ἁμαρτημάτων

1123 260 1180 318 S.
1220 259 1506 320 JOANNIS
1541 253 2028 330 CHRYSOSTOM!
2065 253 2388 312 ARCIIIEP.
2425 255 2971 316 CONSTANTINOP.

3615 255 3724 315 ιεε

2141 371 2522 444 ἀπαλλαγῆναι
2571 373 2699 428 ἀνευ
2753 371 2854 444 τῆς
2897 371 2993 425 τοῦ
3047 370 3366 442 Πνεύματος
3415 370 3722 443 ἐνεργείας.

2152 465 2443 519 ’Δκούσατε
2491 465 2620 534 γοῦν
2667 464 2761 520 τοῦ
2815 463 3030 519 Παύλου
3054 463 3331 531 λέγοντος·
3362 458 3546 531 Ἦμεν
3605 463 3722 532 γάρ

2139 573 2286 612 ποτε
2315 557 2411 610 καὶ
2445 557 2618 626 ἡμεῖς
2657 559 2933 624 ἀνόητοι,
2973 555 3270 622 ἀπειθεῖς,
3317 555 3718 624 πλανώμενοι,

2139 646 2534 714 δουλεύοντες
2559 648 2894 717 ἐπιθυμίαις
2921 649 3219 712 ποικίλαις
3239 661 3251 674 ·
3285 646 3383 700 ὅτε
3413 645 3480 699 δὲ
3511 647 3550 716 ἠ
3575 664 3722 718 χρη·

2140 737 2362 804 στότης
2391 737 2488 790 καὶ
2521 739 2558 804 ἡ
2585 739 2998 807 φιλανθρωπία
3021 737 3292 808 ἐπεφάνη
3317 738 3423 792 τοῦ
3447 737 3718 808 Σωτῆρος

2139 825 2308 892 ’ἡμῶν
2331 829 2498 892 Θεοῦ,
2524 831 2632 884 οὐκ
2664 830 2732 894 ἐξ
2757 831 2945 904 ἔργων
2969 829 3089 884 τῶν
3117 831 3186 884 ἐν
3221 829 3600 900 δικαιοσύνη,
3629 825 3722 886 ὦν

2140 917 2509 988 ἐποιήσαμεν
2555 921 2727 990 ἡμεῖς
2745 962 2760 980 .
2805 922 2967 976 ἀλλὰ
2997 921 3145 976 κατὰ
3177 920 3283 976 τὸν
3311 919 3498 976 αὐτοῦ
3539 922 3723 976 ἔλεον

2139 1009 2376 1064 ἔσωσεν
2395 1011 2552 1080 ἡμᾶς
2569 1011 2665 1065 διὰ
2681 1013 2938 1082 λουτροῦ
2960 1014 3442 1084 παλιγγενεσίας,
3465 1013 3566 1068 καί
3579 1015 3722 1070 ἀνα-

2139 1101 2475 1168 καινώσεως
2503 1105 2850 1174 Πνεύματος
2877 1104 3079 1174 ἀγίου·
3124 1105 3220 1159 καὶ
3262 1105 3422 1160 πάλιν
3450 1105 3682 1176 ἀλλαχοῦ
3699 1124 3716 1136 ·

2139 1194 2237 1261 Μὴ
2275 1193 2590 1250 πλανᾶσθε
2609 1211 2624 1226 ·
2663 1197 2800 1250 οὔτε
2829 1197 3059 1264 πόρνοι,
3101 1195 3241 1250 οὔτε
3271 1195 3716 1264 εἰδωλολάτραι,

2142 1285 2278 1340 οὐτε
2297 1284 2519 1356 μοιχοί,
2545 1285 2684 1340 οὔτε
2702 1285 2984 1354 μαλακοὶ,
3019 1285 3158 1340 οὔτε
3179 1285 3610 1354 ἀρσενοκοῖται,
3641 1288 3719 1340 οὐ

2142 1374 2412 1438 κλέπται,
2445 1376 2516 1428 οὐ
2535 1374 2908 1440 πλεονέκται,
2939 1376 3011 1430 οὐ
3021 1375 3297 1444 μέθυσοι,
3331 1377 3404 1430 οὐ
3430 1376 3716 1444 λοίδοροι,

2139 1464 2250 1530 οὐχ
2279 1462 2880 1532 ἀρπαγεςβασιλείαν
2913 1465 3062 1518 Θεοῦ
3093 1464 3721 1536 [οὐικληρονομήσου-

2140 1567 2260 1606 σιν.
2271 1549 2422 1615 Εἶδες
2433 1552 2645 1607 ἅπαντα
2667 1554 2734 1608 τὰ
2745 1554 2860 1625 εἴδη
2877 1554 2977 1625 τῆς
2997 1556 3213 1618 κακίαςς
3233 1556 3340 1608 Καὶ
3357 1555 3540 1609 ταῦτά
3555 1573 3720 1623 τινες

2139 1639 2265 1713 ἦτε,
2309 1645 2447 1698 ἀλλ’
2498 1646 2952 1712 ἀπελούσασθε,
2993 1647 3130 1701 ἀλλ’
3176 1647 3502 1716 ἡγιάσθητε
3523 1688 3537 1711 ,
3575 1649 3716 1702 ἀλλ’

2139 1735 2538 1804 ἐδικαιώθητε.
2567 1737 2727 1803 Πῶς;
2760 1737 2916 1792 τοῦτο
2943 1737 3052 1809 γὰρ
3079 1739 3138 1793 τὸ
3169 1737 3516 1810 ζητούμενον,
3545 1742 3592 1792 εί
3627 1739 3720 1794 διά

2139 1828 2231 1882 τοῦ
2265 1829 2420 1898 ἁγίου
2452 1827 2764 1902 Πνεύματος
2793 1831 2892 1902 τὴν
2921 1830 3118 1885 κακίαν
3145 1831 3474 1902 ἀπεθέμεθα.
3507 1829 3720 1888 οὐκοῦι

2139 1921 2396 1975 ἄκουσον·
2461 1924 2616 1978 Ἀλλ’
2651 1922 2997 1994 ἡγιάσθητε,
3049 1925 3186 1978 ἀλλ’
3230 1925 3608 1991 ἐδικαιώθητε
3644 1926 3720 1978 ὲν

2141 2011 2220 2078 τῷ
2241 2015 2484 2084 ὀνόματι
2508 2015 2612 2070 τοῦ
2662 2015 2884 2083 Κυρίου
2921 2015 3140 2084 Ἰησοῦ,
3175 2016 3270 2070 καί
3303 2017 3373 2070 ἐν
3405 2015 3485 2082 τῷ
3521 2018 3716 2072 Πνεύ-

2135 2121 2278 2173 ματι
2305 2106 2412 2160 τοῦ
2438 2106 2587 2160 Θεοῦ
2610 2093 2799 2178 ἡμῶν.
2829 2103 2982 2172 Εἶδες
3009 2109 3091 2162 δτι
3123 2107 3183 2162 τὸ
3221 2107 3442 2178 Πνεῦμα
3470 2108 3534 2162 τὸ
3557 2107 3716 2176 ἀγιον

2139 2195 2236 2268 τὴν
2260 2197 2459 2250 κακίαν
2485 2197 2701 2252 ἅπασαν
2731 2199 2948 2270 ἐκείνην
2975 2199 3280 2270 ἀπήλειψε;

2207 2288 2270 2344 δ’.
2296 2289 2405 2342 Ποῦ
2433 2289 2528 2345 νῦν
2565 2291 2702 2344 εἰσιν
2725 2291 2774 2344 οἱ
2811 2289 3254 2362 βλασφημοῦντες
3281 2289 3376 2343 τοῦ
3399 2291 3716 2359 Πνεύματος

2139 2379 2236 2450 τὴν
2262 2380 2450 2448 ἀξίσνς
2473 2381 2536 2434 Εἰ
2564 2382 2661 2453 μὲν
2693 2381 2802 2455 γάρ
2827 2381 2902 2453 μὴ
2924 2382 3148 2453 ἀφίησιν
3173 2383 3562 2454 ἁμαρτήματα,
3587 2385 3712 2456 είκῇ

2141 2469 2626 2540 παραλαμᾶάνεται
2681 2473 2762 2535 είς
2811 2472 2874 2526 τὸ
2926 2471 3242 2542 βάπτισμα·
3290 2473 3338 2524 εί
3383 2471 3440 2524 δὲ
3489 2472 3716 2540 ἀφίησιν

2139 2562 2356 2633 ἀμαρτή
2367 2579 2534 2630 ματα,
2557 2564 2677 2634 εἰκῇ
2709 2561 3108 2634 βλασφημεῖται
3141 2561 3246 2614 ὑπὸ
3267 2561 3376 2614 τῶν
3398 2561 3708 2632 αἱρετικῶν.

2140 2655 2202 2707 Εἰ
2227 2653 2300 2726 μὴ
2329 2655 2554 2723 Πνεῦμα
2601 2649 2670 2724 ἦν
2706 2654 2878 2723 ἅγιον,
2917 2653 3117 2724 Κύριον
3161 2651 3366 2724 Ἰησοῦν
3404 2653 3574 2704 εἰπεῖν
3609 2651 3716 2704 οὐκ

2138 2744 2485 2814 ἠδυνάμεθα·
2545 2745 2756 2812 Οὐδεὶς
2799 2745 2907 2814 γὰρ
2972 2745 3218 2798 δύναται
3259 2743 3446 2797 είπεῖν
3495 2743 3718 2810 Κύριον

2152 2834 2404 2902 Ἰησοῦν,
2435 2835 2487 2888 ει
2529 2833 2615 2904 μὴ
2645 2834 2715 2887 ἐν
2759 2830 2836 2896 τῷ
2883 2835 3176 2903 Πνεύματι
3205 2831 3282 2898 τῷ
3312 2833 3478 2904 ἁγίφο
3529 2832 3592 2886 Εἰ
3633 2833 3714 2902 μὴ

2139 2923 2364 2994 Πνεῦμα
2395 2919 2462 2994 ἦν
2493 2921 2668 2990 ἅγιον,
2697 2923 2788 2976 τὸν
2826 2925 2956 2977 Θεὸν
2986 2923 3360 2994 παρακαλέσαι
3393 2923 3492 2976 οὐκ
3517 2921 3718 2991 ἡδυνά-

2142 3013 2280 3085 μεθα
2311 3015 2359 3067 οἰ
2390 3015 2600 3069 πιστοί·
2630 3016 2860 3086 λέγομεν
2885 3015 3012 3088 γὰρ,
3031 3014 3220 3083 Πάτερ
3245 3014 3414 3084 ὑμῶν
3442 3018 3474 3068 ὁ
3495 3015 3564 3068 ἐν
3587 3015 3716 3082 τοῖς

2139 3105 2436 3173 οὐρανοῖς.
2484 3107 2694 3180 Ὥσπερ
2733 3104 2828 3164 οὖν
2875 3107 3078 3178 Κύριον
3121 3105 3348 3162 καλέσαι
3379 3107 3480 3160 οὐκ
3520 3106 3716 3176 ἠδυνά-

2143 3197 2302 3267 μεθα,
2345 3198 2518 3263 οὕτως
2571 3199 2719 3272 [ιϐὂ]
2749 3199 2872 3253 οὐδὲ
2921 3199 3140 3270 Πατέρα
3181 3199 3272 3252 τὸν
3309 3199 3441 3254 Θεὸν
3487 3199 3718 3253 καλέσαι

2141 3290 2473 3363 ἠδυνάμεθα.
2503 3292 2674 3346 Πόθεν
2715 3292 2905 3362 δῆλονς
2945 3293 3039 3345 Ἐκ
3077 3291 3172 3345 τοῦ
3203 3291 3368 3346 αὐτοῦ
3415 3291 3716 3345 ἀποστόλου

2141 3378 2409 3448 λέγοντος,
2434 3383 2564 3435 Ὅτι
2601 3381 2668 3434 δέ
2683 3382 2822 3436 ἐστε
2855 3381 2992 3446 vlo},
3033 3380 3464 3445 ἐξαπέστειλεν
3507 3385 3539 3436 ό
3569 3382 3716 3448 Θειὲς

2139 3472 2208 3524 τὸ
2237 3471 2476 3541 Πνεῦμα
2511 3473 2619 3527 τοῦ
2657 3473 2791 3528 Υίοῦ
2817 3471 3002 3526 αὐτοῦ
3025 3475 3111 3539 είς
3143 3473 3250 3538 τὰς
3277 3473 3523 3542 καρδίας
3547 3471 3719 3542 ὑμῶν

2140 3560 2374 3630 κρᾶζον,
2422 3561 2572 3616 ἀϐϐἆ
2609 3565 2642 3616 ό
2693 3562 2914 3630 Πατήρ.
2967 3562 3131 3616 Ὥστε
3179 3565 3305 3616 ὃταν
3344 3563 3580 3634 καλέσῃς
3624 3564 3718 3616 τὸν

2140 3653 2382 3724 Πατέρα,
2411 3653 2809 3724 ἀναμνήσθητι,
2835 3655 2917 3707 δτι
2945 3653 3037 3708 τοῦ
3067 3654 3378 3724 Πνεύματος
3405 3655 3502 3725 τὴν
3533 3655 3722 3726 ψυχὴν

2141 3745 2415 3810 κινοῦντος
2443 3743 2678 3818 ὴξιώθης
2723 3747 2823 3817 τῆς
2867 3747 3234 3818 προσηγορίας
3270 3746 3503 3818 ἐκείνης.
3537 3747 3599 3799 Εἰ
3637 3747 3728 3818 μὴ,

2141 3836 2366 3907 Πνεῦμα
2385 3832 2472 3908 ἦν,
2500 3837 2657 3906 λόγος
2685 3837 2876 3906 σοφίας
2909 3839 3001 3892 καὶ
3018 3837 3266 3906 γνώσεως
3305 3840 3360 3890 ὲν
3389 3841 3454 3908 τῇ
3486 3839 3719 3909 Ἑκκλη-

2143 3928 2233 4000 σία
2265 3929 2365 3982 οὐκ
2391 3924 2487 3998 ἦν·
2509 3923 2583 3999 ’ᾯ
2599 3929 2718 3998 μέν
2737 3929 2847 3998 γὰρ
2873 3929 3100 3984 δίδοται
3116 3930 3214 3984 διὰ
3239 3930 3342 3984 τοῦ
3371 3932 3720 3999 Πνεύματος

2137 4024 2324 4090 λόγος
2355 4023 2595 4090 σοφίας,
2643 4021 2811 4084 ἄλλῳ
2857 4020 2926 4074 δὲ
2965 4024 3148 4090 λόγος
3195 4021 3487 4090 γνώσεως.
3539 4023 3600 4075 Εἰ
3638 4023 3718 4094 μὴ

2141 4113 2366 4184 Πνεῦμα
2411 4115 2564 4181 ἅγιον
2607 4109 2696 4183 ἧν,
2749 4114 3006 4184 ποιμένες
3058 4115 3152 4168 καὶ
3183 4113 3488 4168 διδάσκαλοι
3533 4115 3589 4166 ὲν
3645 4117 3719 4184 τῇ

2154 4203 2448 4275 Ἐκκλησία
2495 4205 2595 4257 οὐκ
2627 4200 2802 4274 ἦσαν·
2839 4205 2930 4256 καὶ
2963 4203 3070 4274 γὰρ
3103 4197 3248 4258 οῦτοι
3283 4203 3372 4257 διὰ
3405 4204 3500 4257 τοῦ
3545 4205 3720 4258 Πνεύ-

2145 4313 2310 4365 ματος
2349 4295 2610 4364 γίνονται,
2641 4293 2824 4358 καθὼς
2851 4294 2946 4348 καὶ
2985 4297 3014 4348 ό
3047 4293 3258 4358 Παῦλός
3303 4311 3466 4364 φησιν
3489 4312 3500 4326 ·
3538 4295 3640 4349 Ἐν
3665 4287 3719 4360 ᾧ

2141 4387 2306 4442 ἔθετο
2333 4385 2488 4458 ὑμᾶς
2511 4387 2576 4440 τὸ
2601 4387 2844 4457 Πνεῦμα
2868 4385 2934 4440 τὸ
2959 4385 3128 4456 ἄτιον
3151 4385 3438 4455 ποιμένας
3473 4387 3570 4440 καὶ
3590 4387 3720 4440 ἐπι-

2142 4481 2436 4546 σκόπους.
2471 4479 2634 4552 Ὀρᾷς
2667 4481 2749 4533 ὅτι
2789 4480 2881 4534 καὶ
2929 4477 3085 4532 τοῦτο
3109 4479 3197 4532 διὰ
3235 4478 3328 4532 τοῦ
3357 4479 3714 4550 Πνεύματοςς

2141 4571 2206 4623 Εἰ
2242 4571 2316 4642 μὴ
2351 4571 2574 4642 Πνεῦμα
2619 4571 2772 4638 ἆγιον
2807 4565 2874 4641 ἧν
2902 4571 2958 4622 ὲν
3010 4567 3086 4641 τῷ
3131 4569 3293 4640 κοινῷ
3340 4569 3514 4640 τούτῳ
3545 4572 3716 4638 πατρὶ

2143 4662 2235 4716 καὶ
2259 4662 2582 4732 διδασκάλῳ,
2619 4663 2718 4714 οὐκ
2743 4663 2809 4716 ἂν
2845 4663 2932 4716 ὅτε
2967 4662 3071 4732 πρὸ
3103 4660 3299 4732 μικροῦ
3327 4659 3491 4731 ἀνέϐη
3531 4661 3626 4714 ἐπὶ
3654 4661 3718 4715 τὸ

2145 4753 2287 4824 ἱερὸν
2319 4753 2466 4826 βῆμα
2500 4753 2684 4820 τοῦτο,
2721 4755 2815 4810 καὶ
2845 4757 3010 4808 πᾶσιν
3050 4755 3176 4824 ὑμῖν
3221 4753 3419 4806 ἔδωκεν
3467 4755 3720 4824 εἰρήνην,

2143 4846 2234 4900 καὶ
2257 4847 2664 4915 ὲπεφθέγξασθε
2687 4846 2833 4918 αὐτῷ
2861 4850 3012 4918 κοινῇ
3038 4849 3258 4910 πάντες,
3289 4847 3394 4900 Καὶ
3425 4845 3506 4910 τῷ
3525 4847 3722 4900 Πνεύο

2133 4939 2281 5005 ματί
2320 4955 2470 4994 σου·
2504 4938 2592 4994 διὰ
2643 4937 2801 4994 τοῦτο
2833 4941 2932 4992 οὐκ
2977 4939 3317 4992 ἀναϐαίνοντι
3353 4937 3514 5008 μόνον
3536 4975 3551 5000 ,
3593 4937 3720 4990 οὐδὲ

2139 5027 2504 5098 διαλεγομένῳ
2535 5029 2672 5101 πρὸς
2709 5030 2882 5099 ὑμᾶς,
2911 5029 3030 5084 οὐδὲ
3083 5029 3360 5100 εὐχομένω
3391 5029 3530 5100 ὑπὲρ
3562 5028 3722 5098 ὑμῶν

2139 5119 2344 5192 ταύτην
2373 5119 2768 5188 ὲπιφθέγγεσθε
2801 5121 2900 5190 τὴν
2936 5122 3112 5192 ῥῆσιν,
3145 5121 3258 5174 ἀλλ’
3291 5122 3419 5174 ὅταν
3449 5119 3596 5192 παρὰ
3617 5121 3723 5190 τὴν

2143 5211 2292 5282 ἱερὰν
2337 5211 2541 5282 ταύτην
2585 5213 2792 5283 ἑστήκῃ
2819 5211 3120 5282 τράπεζαν,
3169 5213 3297 5266 ὅταν
3335 5212 3430 5284 τὴν
3483 5214 3724 5283 φρικτὴν

2139 5303 2356 5374 ἐκείνην
2399 5303 2588 5356 θυσίαν
2636 5303 2928 5373 ἀναφέρειν
2972 5305 3172 5375 μέλλῃ·
3209 5307 3352 5358 ῐσασι
3383 5306 3488 5373 γὰρ
3528 5305 3578 5358 οἰ
3617 5323 3718 5375 με-

2143 5391 2412 5462 μυημένοι
2460 5392 2520 5444 τὸ
2572 5391 2890 5462 λεγόμενον·
2921 5395 2980 5446 οὐ
3025 5396 3286 5466 πρότερον
3340 5397 3566 5450 ἅπτεται
3605 5398 3723 5452 τῶν

2145 5481 2542 5554 προκειμένων,
2565 5483 2668 5547 ἓως
2701 5484 2766 5537 ἂν
2801 5485 2926 5555 ὑμῖν
2949 5487 3109 5550 αὐτὸς
3127 5487 3422 5558 ἐπεύξηται
3444 5489 3540 5558 τὴν
3567 5490 3722 5560 παρὰ

2143 5573 2238 5626 τοῦ
2285 5574 2490 5644 Κυρίου
2539 5575 2731 5646 χάριν,
2764 5578 2858 5629 καὶ
2905 5579 3060 5648 ὑμεῖς
3098 5579 3500 5650 ὲπιφθὲγξηοθε
3543 5581 3716 5650 αὐτῷ,

2149 5665 2261 5721 Καὶ
2303 5665 2378 5730 τῷ
2413 5669 2708 5736 Πνεύματί
2743 5687 2878 5734 σου,
2920 5671 3003 5725 διὰ
3041 5674 3136 5742 τῆς
3165 5674 3502 5746 ἀποκρίσεως
3548 5676 3718 5745 αὐτῆς
