4038 6204
258 242 368 300 ιὸἺ

255 360 439 428 Amne
467 367 524 415 ut
554 359 859 432 intelligatis
881 362 1327 420 reconciliationis
1356 366 1444 438 Dei
1476 366 1674 423 donum
1699 382 1841 433 esse.

253 449 404 518 quod
454 450 686 519 Spiritus
724 461 941 508 sanctus
988 464 1073 509 est
1116 453 1309 522 datus,
1353 473 1416 512 ex
1439 457 1754 527 -Scripturis
1796 459 1846 514 id

255 541 590 612 persuadere
630 544 780 597 vobis
826 543 1188 600 conaborzae
1225 549 1452 616 primtnn
1495 565 1524 604 a
1568 551 1849 606 contrariis

257 633 631 703 probationem
663 635 739 690 rei
764 645 961 704 petam,
985 647 1040 698 et
1069 640 1366 708 ostendam,
1389 656 1508 696 cum
1534 643 1701 697 iratus
1723 654 1805 698 est
1829 685 1846 709 ,

255 741 388 781 eum
436 725 665 796 Spiritus
706 729 928 798 gratiam
976 729 1337 788 inhibereutt
1389 749 1508 789 cum
1557 736 1848 791 credideris

258 818 384 884 ejus
421 819 510 872 ira:
531 829 903 889 argumentum
944 836 1097 891 esse,
1121 823 1260 904 quod
1305 841 1410 879 non
1455 825 1594 881 adsit
1619 825 1849 896 Spiritus

193 942 198 943 ν
260 920 512 973 sanctus,
537 925 826 981 rursusque
874 911 1164 968 demissum
1203 915 1397 970 videris
1443 915 1695 982 Spiritum
1721 959 1736 984 ,
1765 918 1848 974 di-

258 1015 400 1063 scas,
421 1000 526 1054 nisi
557 1003 929 1057 reconciliatus
957 1004 1180 1070 fuisset,
1203 1006 1455 1076 Spiritum
1487 1019 1726 1064 sanetum
1757 1025 1851 1066 ne.
1883 1027 1901 1036 ί

254 1107 526 1162 quaquam
551 1094 697 1148 illum
733 1094 895 1150 fuisse
923 1097 1233 1152 missurum.
1267 1098 1420 1154 Unde
1453 1101 1608 1169 igitur
1634 1101 1735 1156 hoc
1761 1103 1847 1156 in-

255 1183 590 1249 telligemus?
613 1184 727 1239 [leti
751 1200 912 1241 senex
933 1187 1013 1242 vir
1039 1187 1164 1253 fuit,
1193 1189 1324 1246 alias
1349 1192 1562 1260 quidem
1585 1208 1767 1264 aequus
1791 1204 1848 1251 et

250 1272 484 1341 probus,
507 1273 602 1328 sed
630 1275 716 1345 qui
758 1277 984 1332 filiorum
1037 1279 1428 1348 improbitatem
1472 1285 1698 1338 nesciret
1727 1299 1847 1342 cor-

253 1360 432 1428 rigere
455 1404 470 1426 ,
502 1378 685 1417 rerum
720 1365 861 1419 ultra
892 1366 1108 1422 modum
1153 1368 1354 1426 liberos
1399 1384 1622 1429 amaret.
1656 1374 1846 1430 Audite

250 1459 520 1518 quotquot
554 1451 693 1506 ﬁlios
733 1453 974 1519 habetis,
1011 1465 1070 1510 ut
1115 1459 1282 1513 amori
1333 1470 1512 1516 vestro
1556 1462 1845 1533 pudorique

253 1538 477 1592 lltndtlltl
509 1540 752 1595 faciatis:
788 1543 908 1598 hinc
934 1547 1074 1599 enim
1103 1547 1214 1601 lleli
1260 1563 1379 1603 cum
1430 1551 1592 1607 Deum
1638 1554 1845 1608 irritas-

255 1639 374 1690 set,
409 1630 459 1683 in
510 1641 708 1684 tantum
753 1634 896 1687 illum
953 1636 1278 1692 iracundiam
1325 1640 1566 1710 impulit.
1600 1653 1653 1698 ut
1680 1655 1842 1700 totam

254 1730 472 1789 gentem
514 1722 671 1775 fuerit
718 1736 1012 1782 aversatus.
1042 1726 1220 1798 Itaque
1255 1740 1312 1783 ut
1359 1731 1617 1788 indicaret
1649 1735 1692 1787 is
1713 1776 1728 1800 ,
1751 1745 1842 1804 qut

257 1811 374 1864 lnec
419 1813 630 1881 scripsit
649 1855 662 1875 ,
697 1815 860 1869 Deum
891 1818 1009 1874 illos
1032 1819 1319 1876 admodum
1354 1836 1660 1882 arcuatum
1683 1845 1801 1882 esse
1824 1871 1839 1893 ,

257 1901 513 1956 dicebat:
557 1903 772 1959 Verbum
824 1919 930 1960 erat
976 1911 1302 1977 pretiosum:
1328 1924 1376 1968 et
1430 1933 1528 1969 non
1577 1927 1681 1973 erat
1719 1921 1842 1974 visio

257 1991 571 2060 distinguat:
593 1996 670 2063 (l.
701 1995 830 2066 lleg.
864 1999 915 2054 5.
950 1999 1004 2071 1)
1040 2019 1053 2056 :
1083 2003 1372 2070 pretiosum
1401 2003 1500 2059 hoc
1523 2008 1636 2064 loco
1664 2025 1839 2066 rarum

255 2083 538 2150 appellans
569 2104 584 2139 :
613 2103 704 2154 per
732 2087 845 2142 lncc
871 2091 1011 2144 enim
1043 2093 1276 2149 ostendit
1319 2111 1494 2149 rarum
1538 2097 1699 2154 fuisse
1732 2111 1842 2156 Iunt

255 2172 466 2227 donum
502 2175 805 2245 prepltetim.
847 2181 921 2234 Ac
949 2197 1133 2236 rursus
1164 2183 1348 2255 lugens
1374 2186 1510 2240 alius
1537 2198 1591 2243 et
1635 2192 1840 2252 lamen-

260 2275 382 2317 tans
411 2266 480 2319 ab
509 2267 638 2320 iram
687 2270 777 2324 Dei
809 2271 1052 2338 dicebat,
1086 2275 1150 2329 Et
1195 2294 1295 2332 non
1319 2290 1392 2334 est
1429 2281 1482 2336 in
1505 2283 1598 2339 hoc
1623 2294 1845 2356 tempore

259 2356 526 2424 princeps,
561 2375 718 2429 neque
761 2364 1004 2432 prop/tetu
1030 2365 1188 2438 (Dan.
1220 2369 1276 2424 5.
1303 2371 1428 2442 58);
1471 2383 1524 2430 et
1547 2391 1733 2432 rursus
1769 2381 1846 2434 ait

258 2451 578 2519 evangelista
603 2471 615 2505 :
641 2451 878 2507 Nondum
905 2458 1036 2510 enim
1067 2470 1174 2514 erat
1202 2461 1429 2532 Spiritus
1447 2477 1650 2523 sanctus
1675 2485 1695 2524 :
1721 2470 1843 2541 quia

255 2537 409 2596 Iesus
437 2544 660 2595 nondum
685 2555 792 2597 erat
811 2547 1124 2616 gloriﬁcatus
1142 2549 1317 2621 (Joan.
1347 2555 1402 2609 7.
1433 2555 1546 2629 59).
1579 2537 1842 2628 Quoniam

257 2632 400 2686 enim
447 2635 682 2688 nondum
733 2636 904 2692 fuerat
939 2643 1255 2710 crucilixus,
1309 2662 1416 2702 non
1455 2658 1571 2705 erat
1611 2648 1843 2720 Spiritus

257 2733 477 2776 sanctus
502 2725 554 2778 in
574 2725 874 2785 hominibus
896 2731 1049 2786 datus
1074 2750 1087 2786 :
1121 2734 1248 2791 illud
1267 2737 1480 2808 quippe,
1505 2742 1837 2810 glori/iectus,

258 2813 401 2867 idem
428 2817 564 2869 valet
587 2858 602 2880 ,
632 2819 771 2886 quod
802 2821 1106 2878 crucifixus.
1149 2825 1279 2882 Nam
1310 2829 1408 2884 etsi
1438 2845 1524 2886 res
1545 2841 1626 2886 est
1654 2843 1841 2888 natura

253 2919 349 2959 sua
383 2907 756 2977 ignominiosa,
779 2913 900 2980 quia
929 2923 1102 2971 tamen
1129 2932 1313 2973 eorum
1344 2935 1502 2978 eausa
1523 2922 1682 2979 fiebat
1707 2941 1841 2996 quos

256 2998 489 3060 amabat,
520 3001 739 3068 gloriam
769 3004 910 3057 illam
937 3004 1178 3062 Christus
1203 3011 1458 3078 appellat.
1487 3013 1662 3083 Quare
1690 3032 1838 3078 vero,

258 3089 341 3142 die
366 3106 589 3158 (μείρεο,
617 3101 739 3147 ante
768 3095 1066 3162 passionem
1108 3114 1214 3154 non
1244 3110 1327 3156 est
1367 3101 1596 3172 Spiritus
1640 3105 1842 3162 datus?

257 3181 518 3246 Quoniam
544 3183 594 3236 in
626 3186 858 3253 peccatis
887 3197 1000 3242 erat
1027 3190 1173 3246 orbis
1201 3200 1484 3260 terrarum,
1513 3197 1562 3252 in
1586 3197 1839 3253 oll'ensio-

260 3275 432 3336 nibus,
467 3274 592 3326 odio
617 3285 670 3328 et
697 3262 1006 3346 ignominia,
1031 3296 1150 3336 cum
1191 3285 1424 3339 nondum
1453 3287 1658 3344 oblatus
1676 3307 1842 3362 agnus

258 3376 435 3430 esset,
479 3366 568 3434 qui
625 3368 807 3421 mundi
851 3371 990 3424 tollit
1035 3385 1334 3440 peccatum.
1378 3380 1637 3444 Quoniam
1687 3382 1843 3452 igitur

260 3457 492 3509 nondum
516 3460 802 3515 crucifixus
830 3461 1004 3518 fuerat
1030 3466 1293 3532 Christus,
1319 3474 1679 3528 reconciliatio
1710 3492 1844 3531 nun-

258 3545 380 3598 dum
411 3547 545 3601 facta
578 3561 691 3603 erat
722 3567 877 3608 :cum
909 3570 1036 3609 vero
1064 3557 1296 3613 nondum
1322 3571 1464 3616 esset
1495 3562 1626 3618 facta
1657 3581 1842 3622 recon-

260 3636 485 3702 ciliatio,
521 3641 712 3693 merito
756 3658 928 3712 neque
969 3645 1196 3714 Spiritus
1221 3649 1546 3719 mittebatur,
1571 3654 1639 3707 ita
1671 3666 1723 3710 ut
1755 3673 1840 3712 re-

262 3731 648 3785 conciliationis
680 3734 929 3790 indicium
962 3739 1190 3807 Spiritus
1210 3743 1527 3799 mitteretur.
1557 3746 1841 3816 Propterea

261 3822 561 3878 dieitetiam
588 3825 832 3882 Christus
851 3870 865 3891 ,
899 3829 1118 3900 Expedit
1144 3835 1279 3888 vobis
1298 3874 1312 3900 ,
1346 3844 1398 3890 ut
1423 3853 1515 3909 ego
1547 3841 1728 3894 cadam
1757 3857 1776 3895 :
1797 3843 1843 3900 si

260 3915 388 3965 enim
417 3933 522 3968 non
545 3917 712 3972 abiero
733 3961 747 3984 ,
771 3921 858 3974 ille
897 3939 996 3976 non
1035 3926 1189 3979 veniet
1214 3927 1391 3997 (Joan.
1418 3931 1497 3986 l6.
1536 3932 1590 4002 7)
1628 3933 1711 3986 :si
1733 3949 1840 3990 non

260 4005 464 4066 abiero,
501 4015 553 4059 et
579 4007 783 4064 Patrem
813 4015 1245 4083 reconciliavero,
1275 4017 1475 4089 inquit,
1507 4020 1838 4080 Pararletum

262 4096 411 4148 γιιιιὶε
456 4111 564 4150 non
595 4099 818 4155 mittam.
850 4103 1052 4161 Videtis
1089 4123 1246 4176 quam
1280 4111 1458 4165 multis
1482 4128 1548 4167 ex
1578 4113 1706 4169 locis
1738 4132 1834 4171 vo-

262 4187 341 4240 bis
362 4187 773 4247 demonstrat-im
806 4195 930 4250 illud
960 4197 1051 4252 ira':
1077 4199 1264 4255 divina:
1292 4203 1500 4273 signum
1531 4223 1672 4274 esse,
1699 4209 1841 4279 quod

263 4293 366 4330 non
397 4281 466 4333 sit
509 4282 559 4335 in
593 4284 893 4342 hominibus
939 4288 1164 4356 Spiritus
1205 4295 1459 4350 sanctus?
1496 4295 1708 4353 Verbum
1734 4311 1842 4357 erat

261 4369 537 4432 pretiosum
559 4413 573 4434 ,
603 4383 649 4425 et
678 4377 804 4434 visio
819 4397 917 4436 non
937 4391 1045 4436 erat
1065 4383 1379 4455 distinguens
1402 4385 1474 4456 (Ι.
1499 4386 1626 4459 Reg.
1653 4391 1706 4446 5.
1740 4393 1791 4463 l)
1823 4411 1837 4446 :

264 4456 386 4512 Non
413 4461 547 4512 enim
574 4473 650 4516 est
682 4469 916 4535 princeps
936 4508 949 4530 ,
984 4486 1139 4540 neque
1163 4474 1404 4544 propheta
1429 4479 1481 4531 in
1503 4456 1725 4550 tempore
1744 4487 1841 4540 isto

261 4547 424 4615 (Dan.
459 4552 513 4608 5.
557 4553 671 4622 58).
707 4553 946 4611 Nondum
995 4561 1124 4613 enim
1171 4574 1278 4616 erat
1325 4566 1549 4635 Spiritus
1590 4547 1796 4628 sanctus
1822 4592 1841 4629 :

259 4643 380 4708 quia
399 4641 553 4696 Jesus
579 4648 801 4701 nondunt
825 4661 930 4702 erat
957 4652 1269 4722 glori/ianus
1294 4657 1467 4729 (loan.
1493 4663 1544 4716 7.
1577 4665 1700 4736 59).
1736 4667 1844 4724 Ea:-

260 4737 400 4805 pedit
427 4741 585 4802 vobis,
616 4752 669 4795 ut
687 4760 778 4814 ego
808 4747 984 4801 vadum
1012 4765 1031 4802 :
1049 4754 1093 4803 si
1116 4753 1248 4806 enim
1276 4771 1368 4825 ego
1397 4773 1496 4811 non
1518 4760 1685 4812 abiero
1703 4801 1718 4824 ,
1753 4762 1843 4816 ille

259 4843 360 4879 non
405 4831 568 4883 reniet
599 4831 774 4902 (Joan.
808 4837 889 4891 lli.
921 4839 998 4908 7).
1036 4841 1213 4912 Itaque
1256 4845 1461 4913 signum
1506 4859 1590 4904 est
1629 4850 1722 4906 irze
1760 4852 1842 4910 di~

263 4917 397 4970 \‘inzn
421 4961 436 4983 ,
460 4922 604 4990 quod
651 4938 752 4978 non
801 4927 869 4980 sit
897 4929 1124 4998 Spiritus
1167 4945 1382 4990 sanctus
1415 4955 1430 4992 :
1459 4952 1578 4993 cum
1628 4941 1842 5010 copiose

261 5007 485 5064 missum
520 5011 715 5070 videris
755 5017 1008 5087 Spiritum
1037 5035 1310 5090 sanctum,
1341 5029 1468 5083 nihil
1510 5032 1577 5087 de
1604 5037 1842 5093 recmtci-

263 5098 479 5155 liatione
505 5102 713 5159 dubites
742 5111 988 5179 amplius.
1021 5114 1213 5172 Verum
1253 5121 1340 5175 ubi
1381 5139 1521 5179 nunc
1565 5136 1648 5181 est
1673 5127 1842 5196 Spiri-

263 5197 348 5241 tus
389 5195 641 5248 sanctus?
677 5197 816 5253 dicet
854 5202 1064 5272 aliquis.
1106 5206 1235 5261 Nam
1291 5218 1398 5264 tum
1431 5215 1643 5282 quidem
1699 5195 1843 5275 recte

261 5279 392 5334 dicit
413 5323 428 5344 ,
453 5299 573 5338 cum
607 5287 751 5357 signa
775 5289 995 5360 fiebant,
1027 5306 1080 5348 et
1116 5301 1308 5354 mortui
1349 5279 1756 5373 suscitabantur,
1787 5319 1845 5366 et

262 5372 458 5440 leprosi
486 5391 672 5433 onmes
703 5384 1093 5442 mundabantur
1123 5409 1136 5444 :
1163 5391 1271 5458 jam
1303 5410 1428 5449 vero
1463 5398 1603 5456 unde
1631 5401 1840 5469 planum

262 5462 521 5522 faciemus
562 5471 752 5528 adesse
795 5477 949 5532 nobis
991 5479 1243 5549 Spiritum
1271 5490 1550 5544 sanctum?
1575 5489 1747 5547 Nolite
1775 5494 1843 5549 ti-

261 5570 447 5620 mere;
491 5561 768 5617 ostendam
812 5568 952 5622 enim
1000 5570 1048 5624 in
1093 5574 1249 5629 nobis
1276 5591 1396 5632 esse
1445 5596 1584 5634 nunc
1629 5598 1839 5654 quoque

257 5644 515 5716 Spiritum
544 5663 800 5710 sanctum.
851 5659 958 5726 Qua
995 5662 1206 5721 tandem
1236 5671 1478 5727 ratione?
1507 5689 1625 5728 nam
1653 5676 1696 5729 si
1730 5693 1833 5734 non

1261 249 1349 306 DE
1384 250 1647 309 SANCTA
1687 252 2146 316 PENTECOSTE.
2190 261 2422 324 HOMIL.
2461 271 2506 327 Ι.

1951 381 2095 488 _lesset
2141 376 2193 432 in
2243 379 2396 438 inibis
2427 384 2655 455 Spiritus
2699 402 2948 464 sanctus,
2979 407 3244 473 quomodo
3289 415 3372 470 isti
3397 459 3410 481 ,
3442 422 3532 488 qui

1953 461 2051 518 hac
2092 481 2241 523 sacra
2291 485 2448 530 nocte
2487 477 2765 539 illuminati
2790 461 3014 556 sunt,a
3047 501 3276 563 peccatis
3316 461 3528 565 liberiri

1953 557 2281 622 potuissent?
2325 564 2440 621 Non
2481 571 2624 627 enim
2678 576 2878 649 absque
2926 557 3158 654 Spiritus
3206 594 3524 658 efﬁcacitati:

1951 660 2234 753 possumus
2269 671 2300 710 a
2347 664 2578 726 peccatis
2617 666 2866 738 liberari,
2893 679 3038 745 quod
3078 688 3529 753 quemadmodum

1951 737 2140 796 doceat
2183 745 2377 805 Paulus
2403 753 2600 811 audite.
2631 737 3011 823 Eramusenint
3057 737 3532 845 aliquando-etwa;

1951 829 2240 900 insipientes
2260 878 2276 902 ,
2295 839 2575 910 increduli,
2593 863 2837 920 errantes,
2859 861 3126 918 servientes
3154 867 3416 928 desideriis
3444 892 3532 929 va-

1952 919 2040 976 riis
2068 937 2087 975 :
2109 940 2222 979 cum
2240 939 2407 982 autem
2427 932 2703 1006 benignitas
2731 951 2779 995 et
2806 919 3096 1004 humanitas
3127 963 3372 1027 apparuit
3402 964 3527 1020 Sal-

1951 1015 2135 1071 uatoris
2163 1021 2326 1074 nostri
2351 1021 2449 1079 Dei
2463 1066 2482 1092 ,
2507 1044 2608 1083 non
2633 1048 2696 1085 ea:
2718 1039 2954 1104 operibus
2983 1015 3235 1116 justitite,
3267 1070 3380 1122 gnte
3408 1060 3532 1126 feci-

1953 1118 2063 1157 mus
2110 1123 2202 1162 nos
2221 1149 2236 1174 ,
2274 1113 2363 1166 sed
2412 1120 2686 1175 secundum
2733 1126 3128 1189 misericordiam
3167 1157 3312 1196 suam
3361 1113 3528 1204 stilvos

1949 1207 2041 1246 nos
2088 1199 2242 1266 fecit,
2272 1219 2362 1270 per
2405 1205 2660 1265 lavacrum
2703 1223 3091 1287 regenerationis
3117 1239 3162 1282 et
3189 1239 3527 1295 renovationis

1951 1281 2175 1352 Spiritus
2201 1294 2364 1386 sancti
2389 1295 2512 1367 (Tit.
2532 1300 2583 1355 5.
2603 1303 2718 1375 5-5)
2743 1281 2832 1363 :vet
2857 1325 3040 1368 rursus
3067 1281 3525 1386 alibiv,'lV'olwiieV;-'—

1946 1389 2062 1478 rare
2086 1392 2105 1432 .°
2136 1395 2296 1451 neque
2330 1384 2594 1451 fornicarii
2616 1435 2631 1459 ,
2656 1411 2813 1467 neque
2845 1401 3161 1476 idololatrat,
3188 1384 3349 1483 neque
3371 1419 3528 1475 adul-

1949 1468 2070 1530 teri,
2107 1486 2266 1540 neque
2303 1477 2478 1535 molles
2495 1522 2513 1547 ,
2560 1500 2718 1555 neque
2761 1495 3102 1553 masculorum
3141 1468 3485 1566 concubitores
3507 1553 3525 1579 ,

1945 1575 2103 1626 neque
2119 1567 2276 1632 fures,
2309 1585 2466 1640 neque
2484 1578 2657 1644 avari,
2687 1598 2844 1654 neque
2863 1586 3062 1655 ebriosi,
3087 1608 3244 1665 neque
3268 1602 3522 1671 maledici,

1947 1667 2353 1755 neque‘rapuces
2379 1679 2590 1733 regnum
2621 1668 2716 1724 Dei
2744 1677 3071 1742 possidebunt
3115 1684 3192 1755 (ί.
3219 1687 3339 1744 Cor.
3371 1692 3427 1748 ϐ.
3457 1667 3522 1750 θλ

1947 1741 2010 1852 lJO
2027 1743 2065 1812 ).
2090 1744 2275 1852 fVides
2304 1756 2478 1808 omnia
2512 1773 2707 1827 genera
2747 1741 3144 1836 improbitatisi
3170 1741 3246 1832 Et
3260 1741 3400 1836 ltch

1947 1832 2058 1888 dent
2082 1835 2286 1904 fuistis;
2310 1844 2400 1897 sed
2420 1847 2581 1902 abluti
2617 1854 2738 1908 estis
2760 1896 2775 1920 ,
2805 1832 2894 1911 sed
2919 1865 3221 1933 sancti/ica“
3255 1832 3374 1926 estis
3396 1832 3524 1940 ,τε-ἔα

1935 1925 2202 2026 justi/irati
2231 1934 2365 1988 estis.
2395 1937 2510 2002 Quo
2557 1946 2755 2009 pacto?
2779 1947 2882 2004 hoc
2906 1954 3047 2008 enim
3073 1925 3186 2026 est,
3217 1925 3526 2036 quod

1943 2015 2097 2082 ritur,
2124 2036 2247 2076 num
2269 2040 2362 2092 per
2382 2027 2634 2097 Spiritum
2651 2048 2891 2096 sanctum
2908 2015 3198 2116 nequitiam
3217 2015 3527 2123 deposiierl-

1945 2123 2084 2163 mus.
2127 2111 2260 2169 Audi
2287 2131 2417 2187 ergo
2445 2137 2459 2172 :
2493 2120 2600 2176 Sed
2627 2130 2931 2196 sanctiﬁcati
2950 2111 3098 2204 estis,
3131 2142 3220 2195 sed

1945 2198 2061 2252 estis
2082 2200 2132 2252 in
2163 2205 2362 2259 nomine
2383 2207 2589 2266 Domini
2615 2219 2774 2270 nostri
2792 2219 2823 2272 Ι
2829 2235 2917 2275 esu
2935 2198 3149 2296 Christi,
3169 2240 3217 2284 et
3243 2198 3295 2287 in
3321 2198 3523 2305 spiritu

1945 2285 2044 2344 Dei
2067 2294 2229 2384 nostri
2261 2293 2364 2365 (Ib.
2395 2315 2442 2352 v.
2468 2302 2579 2370 ll).
2607 2305 2832 2365 Videsne
2853 2311 3108 2382 Spiritum

1945 2394 2066 2436 nem
2096 2381 2240 2439 illam
2263 2385 2658 2458 improbitatem
2685 2381 2985 2460 delevisse?

2013 2471 2068 2528 4.
2102 2471 2340 2532 Ηιενειίοἱ
2383 2481 2438 2535 in
2466 2482 2718 2554 Spiritum
2749 2490 2810 2547 S.
2857 2495 3287 2566 blasplteiuubant.
3320 2537 3382 2549 —
3423 2511 3526 2567 Ubi

1943 2575 2088 2617 nunc
2112 2575 2237 2620 sunt
2257 2609 2274 2634 ,
2295 2571 2387 2640 qui
2415 2571 2645 2642 Spiritus
2671 2580 3002 2650 majestatem
3043 2589 3448 2662 blasphemant?
3467 2602 3524 2658 Si

1944 2654 2084 2710 enim
2113 2670 2330 2726 peccata
2356 2679 2460 2718 non
2487 2666 2702 2723 dimittit
2723 2713 2738 2738 ,
2769 2673 2961 2732 frustra
2985 2654 3242 2751 accipilur
3266 2689 3320 2742 in
3351 2654 3525 2761 bapti;

1945 2757 2134 2812 amate;
2158 2749 2203 2803 si
2228 2764 2442 2819 peccata
2472 2755 2716 2826 dimittit,
2739 2762 2931 2820 frustra
2958 2749 3303 2840 blasphemiis
3321 2779 3390 2834 ab
3415 2749 3523 2837 lue-

1945 2838 2124 2894 retieis
2147 2840 2445 2900 incessitur.
2479 2847 2535 2902 Si
2565 2865 2673 2906 non
2701 2865 2843 2910 esset
2881 2838 3110 2928 Spiritus
3135 2869 3386 2938 sanetus,
3414 2873 3524 2928 Do-

1946 2931 2144 2986 minmn
2163 2932 2346 2989 Jesum
2376 2938 2557 2995 dicere
2585 2959 2690 2998 non
2722 2961 3001 3015 possemus
3030 2971 3044 3007 :
3079 2953 3243 3012 Nemo
3264 2962 3396 3016 enim
3422 2982 3519 3033 po-

1945 3031 2036 3075 test
2057 3023 2224 3079 dicere
2251 3026 2520 3085 Dontinum
2546 3031 2726 3090 Iesum
2742 3078 2759 3103 ,
2784 3041 2883 3094 nisi
2919 3043 2974 3097 in
3000 3045 3199 3115 Spiritu
3238 3023 3521 3128 sancto'(l.

1945 3114 2062 3170 Cor.
2078 3117 2164 3172 η.
2188 3120 2268 3192 5).
2297 3122 2354 3178 Si
2385 3139 2488 3180 non
2510 3138 2654 3183 esset
2672 3129 2902 3200 Spiritus
2925 3114 3159 3207 sanctus,
3182 3137 3346 3201 Deum
3370 3114 3525 3206 orare

1945 3207 2129 3264 ﬁdeles
2150 3227 2254 3266 non
2282 3229 2559 3282 possemus
2591 3240 2606 3277 :
2636 3221 2860 3281 dicimus
2880 3230 3036 3297 enim,
3063 3231 3223 3290 Pater
3249 3251 3417 3294 noster
3439 3245 3526 3314 qui

1956 3310 2076 3363 asin
2087 3313 2458 3385 cce!is(Hattlt.
2482 3318 2536 3374 6.
2556 3321 2705 3390 9).Ut
2726 3323 2888 3393 igitur
2900 3325 3190 3386 Dominum
3207 3351 3398 3392 vocare
3413 3310 3518 3396 non

1956 3415 2263 3471 possemus,
2283 3408 2361 3462 sic
2377 3424 2551 3478 neque
2566 3410 2780 3468 Patrem
2803 3414 2972 3470 Deum
2991 3435 3186 3477 vocare
3207 3439 3514 3494 possemus.

1956 3487 2167 3548 Undeid
2179 3499 2426 3552 constat?
2443 3502 2517 3553 Ex
2534 3503 2720 3556 eodem
2737 3503 3111 3580 Apostolo,qui
3132 3487 3237 3568 ait}
3253 3515 3516 3580 Quoniam

1950 3594 2122 3637 autem
2135 3590 2260 3640 estis
2275 3589 2397 3656 ﬁlii,
2424 3593 2566 3645 misit
2597 3593 2733 3647 Deus
2757 3595 3010 3663 Spiritum
3033 3600 3159 3654 Filii
3179 3607 3264 3658 sui
3284 3608 3337 3658 in
3350 3609 3514 3663 corda

1945 3683 2110 3726 vestra
2149 3676 2450 3733 clamantem
2471 3721 2486 3747 ,
2518 3683 2693 3752 Abba,
2725 3684 2885 3743 Pater
2915 3689 3109 3762 (Galat.
3139 3697 3191 3749 4.
3224 3696 3299 3769 δ).
3341 3699 3524 3772 itaque

1929 3763 2069 3818 .dum
2099 3766 2309 3824 Patrem
2335 3788 2490 3827 vocas
2513 3816 2527 3840 ,
2554 3779 2834 3836 recordare
2871 3781 3072 3853 Spiritu
3103 3789 3333 3844 animam
3375 3809 3525 3849 com-

1945 3868 2194 3914 movente
2237 3861 2326 3916 illa
2380 3872 2430 3918 te
2483 3865 2646 3924 fuisse
2693 3872 3045 3941 appellatione
3088 3879 3365 3937 donatum.
3411 3887 3523 3944 Nisi

1940 3958 2088 4004 esset
2116 3951 2346 4020 Spiritus
2374 3965 2588 4012 sanctus
2609 4000 2624 4027 ,
2656 3976 2834 4016 sermo
2860 3967 3134 4034 sapienti-.e
3179 3990 3241 4028 ac
3282 3978 3521 4036 scientiae

1943 4040 1998 4095 in
2051 4042 2289 4100 Ecclesia
2337 4063 2442 4102 non
2487 4062 2626 4105 esset
2662 4071 2674 4106 :
2708 4071 2826 4109 nam
2853 4057 2954 4112 Alii
3002 4062 3202 4129 quidem
3233 4067 3386 4121 datur
3431 4091 3522 4142 per

1947 4131 2200 4201 Spiritum
2237 4153 2399 4191 sermo
2423 4141 2714 4212 sapientiae,
2745 4147 2834 4200 alii
2871 4165 2984 4202 vero
3009 4169 3170 4207 sermo
3196 4131 3443 4216 scientia."
3464 4163 3514 4234 (ι

1943 4223 2064 4280 Cor.
2085 4226 2172 4282 12.
2191 4227 2267 4300 8).
2288 4229 2395 4286 Nisi
2425 4246 2562 4289 esset
2586 4235 2813 4307 Spiritus
2832 4253 3064 4309 sanctus,
3096 4259 3334 4316 pastores
3353 4263 3406 4309 et
3431 4223 3526 4311 do-

1944 4325 2120 4372 ctores
2149 4320 2199 4373 in
2220 4320 2451 4377 Ecclesia
2478 4341 2580 4380 non
2599 4339 2776 4384 essent
2795 4349 2808 4384 :
2827 4347 2946 4389 nam
2968 4345 3022 4390 et
3043 4338 3124 4393 isti
3149 4356 3243 4410 per
3271 4343 3523 4414 Spiritum

1945 4406 2077 4462 ﬁunt
2099 4452 2114 4475 ,
2147 4411 2284 4466 sicut
2312 4422 2365 4469 et
2391 4415 2586 4472 Paulus
2610 4419 2766 4488 dicit,
2799 4422 2865 4478 In
2907 4443 3005 4492 quo
3034 4446 3118 4483 vos
3147 4406 3375 4502 Spiritus
3395 4457 3519 4496 san-

1945 4506 2052 4552 ctus
2079 4503 2244 4568 posuit
2269 4515 2494 4572 pastores
2536 4518 2585 4561 et
2607 4513 2869 4581 episcopos
2903 4515 3042 4584 (Act.
3082 4520 3171 4576 ΞΟ.
3198 4523 3325 4598 28).
3363 4529 3524 4592 Vides

1945 4587 2047 4643 hoc
2087 4607 2296 4662 quoque
2350 4612 2443 4662 per
2468 4598 2720 4669 Spiritum
2771 4604 2922 4661 fieri?
2948 4609 3058 4666 Nisi
3106 4625 3247 4671 esset
3284 4587 3523 4688 ’Spirltus

1945 4691 2163 4736 sanctus
2196 4685 2249 4739 in
2287 4685 2387 4742 hoc.
2412 4693 2678 4746 communi
2728 4707 2878 4764 patre
2927 4716 2990 4755 ac
3027 4703 3245 4763 doctore
3270 4711 3365 4783 (τι),
3401 4731 3525 4779 cum

1943 4772 2102 4840 paulo
2127 4783 2250 4829 ante
2288 4791 2496 4832 sacrum
2529 4780 2629 4836 hoc
2668 4783 2721 4837 in
2750 4786 2978 4845 tribunal
3017 4772 3291 4864 ascendit,
3323 4772 3387 4858 ac
3431 4823 3522 4863 vo-

1947 4861 2026 4916 bis
2049 4864 2294 4920 omnibus
2321 4884 2502 4937 pacem
2525 4872 2688 4937 dedit,
2715 4891 2818 4930 non
2846 4879 3003 4936 simul
3024 4901 3210 4944 omnes
3236 4895 3525 4952 acclamas.

1945 4957 2095 5022 sctis,
2127 4956 2329 5012 Etcum
2367 4961 2564 5032 Spiritu
2595 4975 2717 5021 tua:
2743 4967 2941 5025 idcirco
2967 4990 3070 5030 non
3113 4993 3234 5035 eum
3284 4988 3526 5048 ascendit

1948 5057 2172 5117 tantum,
2205 5067 2375 5122 neque
2402 5070 2521 5110 cum
2553 5072 2646 5112 vos
2673 5060 2880 5128 afl‘atur,
2905 5082 3078 5138 neque
3105 5087 3224 5127 cum
3253 5091 3351 5146 pro
3373 5081 3523 5139 vobis

1947 5151 2096 5208 orat,
2131 5143 2229 5197 hac
2258 5146 2329 5199 illi
2357 5161 2485 5202 voce
2529 5151 2832 5207 acclamatis
2856 5193 2871 5219 ,
2897 5157 2990 5211 sed
3037 5175 3157 5216 cum
3195 5143 3318 5224 huic
3356 5185 3524 5226 sacrm

1948 5249 2146 5288 mens:e
2165 5237 2386 5301 assistit,
2409 5254 2528 5293 cum
2557 5245 2889 5301 tremendum
2912 5252 3230 5311 sacrificium
3260 5269 3342 5314 est
3371 5262 3525 5316 oblao

1949 5333 2098 5380 turus
2129 5345 2144 5382 :
2177 5344 2298 5384 nam
2323 5331 2447 5400 quid
2495 5332 2665 5389 dicam
2690 5378 2706 5404 ,
2736 5351 2930 5395 norunt
2973 5345 3061 5414 qui
3089 5358 3212 5403 sunt
3255 5353 3522 5420 mysteriis

1950 5419 2173 5486 initiati;
2197 5435 2300 5474 non
2323 5423 2468 5492 prius
2496 5426 2705 5498 attingit
2731 5435 3017 5503 proposita,
3048 5453 3203 5506 quam
3233 5419 3380 5494 vobis
3409 5442 3521 5510 ipse

1949 5512 2170 5580 gratiam
2201 5511 2358 5567 fuerit
2385 5525 2632 5583 precatus
2656 5533 2686 5574 a
2719 5521 2973 5593 Domino,
3006 5543 3201 5597 vosque
3232 5528 3305 5582 illi
3335 5533 3510 5586 accla-

1946 5606 2216 5660 maveritis
2246 5621 2262 5661 :
2293 5605 2494 5662 Etcum
2520 5609 2717 5681 Spiritu
2757 5621 2872 5676 tuo,
2896 5631 2998 5683 qua
3045 5615 3384 5688 responsione
3425 5634 3514 5682 v04

2011 5703 2081 5758 (In
2110 5693 2386 5750 Flavianum
2414 5703 2692 5767 episcopum
2715 5704 2910 5754 indicat.
