4038 6204
488 255 592 317 459

485 380 678 435 hismet
707 374 837 445 ipsis
869 374 921 428 in
948 372 1257 429 memoriam
1305 371 1565 424 revocatis
1595 368 1724 423 nihil
1767 384 1887 423 eum
1914 383 2054 439 pra:-

485 479 648 531 starc,
679 464 771 536 qui
797 465 987 529 adest,
1015 476 1187 531 neque
1231 472 1431 513 naturae
1475 460 1717 512 humana:
1759 474 1917 527 opera
1943 471 2061 511 esse

485 558 755 628 proposita
782 556 919 611 dona
941 597 957 621 ,
980 554 1072 610 sed
1106 562 1417 622 praesentem
1463 551 1690 619 Spiritus
1724 550 1946 619 gratiam
1967 589 1982 613 ,
2010 557 2063 603 et

486 650 551 703 ad
575 648 753 703 omnia
791 645 1163 709 advolantem,
1196 644 1474 713 mysticum
1512 640 1639 694 illttd
1681 640 1933 709 perlicere
1976 653 2062 690 sa-

487 739 768 796 criﬁcium.
804 737 949 792 Licet
989 735 1131 789 enim
1156 726 1315 787 homo
1340 733 1410 786 sit
1454 731 1499 785 is
1522 772 1536 794 ,
1566 732 1654 800 qui
1699 730 1878 793 adest,
1925 729 2065 783 Deus

489 841 571 886 est
597 841 790 892 tamen,
818 828 906 898 qui
927 842 1021 895 per
1048 824 1217 894 ipsum
1244 832 1511 892 operatur.
1529 822 1643 875 Noli
1670 838 1794 892 ergo
1824 830 2062 874 naturam

490 921 766 977 attendere
792 918 935 972 illius
956 960 970 983 ,
998 932 1157 987 quem
1187 915 1363 970 cernis
1384 956 1398 978 ,
1425 914 1517 968 sed
1539 914 1761 983 gratiam
1789 913 1904 981 ejus
1926 912 2066 965 invi-

487 1014 695 1069 sibilem
723 1010 999 1065 considera
1027 1028 1040 1061 :
1069 1007 1197 1061 nihil
1230 1006 1523 1060 humanum
1569 1012 1653 1059 est
1697 1018 1880 1057 eorum
1900 1044 1914 1067 ,
1946 1018 2065 1072 qua:

489 1106 543 1161 in
570 1103 671 1160 hoc
708 1116 861 1157 sacro
903 1107 1159 1170 geruntur
1188 1097 1508 1151 sanctuario.
1551 1093 1666 1148 Nisi
1694 1093 1923 1163 Spiritus
1966 1091 2061 1145 ad-

490 1205 670 1262 esset,
693 1192 928 1250 Ecclesia
958 1206 1062 1245 non
1092 1190 1440 1247 consisteret;
1466 1186 1511 1241 si
1546 1200 1670 1240 vero
1696 1184 1937 1240 consistit
1964 1183 2067 1237 Ec-

493 1288 678 1353 clesia,
704 1285 922 1339 dubium
955 1298 1057 1337 non
1083 1290 1197 1346 est,
1224 1280 1351 1349 quin
1372 1279 1509 1332 adsit
1536 1277 1784 1346 Spiritus.

566 1379 734 1445 Quare
761 1392 895 1430 nunc
914 1376 1058 1446 signa
1082 1391 1182 1427 non
1213 1374 1356 1441 ﬁant.
1384 1400 1456 1410 —
1473 1370 1579 1423 Cur
1603 1370 1777 1438 igitur,
1808 1367 1948 1421 dicet
1971 1365 2067 1419 alio

492 1470 633 1541 quis,
662 1480 802 1521 nunc
821 1466 966 1534 signa
998 1479 1100 1517 non
1133 1462 1301 1516 ﬁunt?
1324 1460 1423 1514 Hic
1450 1458 1578 1513 mihi
1600 1474 1695 1512 vos
1718 1458 1951 1511 animum
1983 1455 2066 1509 di-

493 1561 718 1630 ligenter
761 1556 1018 1610 attendite
1048 1568 1117 1608 :a
1162 1551 1342 1605 multis
1388 1550 1530 1605 enim
1560 1557 1614 1604 et
1666 1548 1969 1617 frequenter
2015 1554 2070 1599 et

493 1664 706 1719 semper
753 1648 890 1701 hanc
934 1645 1062 1699 mihi
1104 1642 1423 1713 propositam
1469 1640 1625 1694 audio
1680 1639 2065 1709 qumstionem:

493 1741 668 1809 Quare
696 1749 803 1792 tum
847 1735 1037 1804 linguis
1078 1732 1427 1802 loquebantur
1469 1744 1655 1783 omnes
1691 1728 1781 1798 qui
1820 1726 2057 1795 bapliZu-

493 1832 705 1891 bantur,
732 1828 841 1897 jam
868 1841 993 1880 vero
1023 1840 1129 1878 non
1150 1823 1313 1877 item?
1342 1822 1614 1875 Discamus
1645 1820 1819 1889 prius,
1849 1817 1972 1886 quid
2004 1817 2072 1869 sit

496 1921 637 1990 loqui
666 1918 860 1988 linguis
881 1958 897 1983 ,
921 1931 984 1971 ac
1011 1914 1206 1969 deinde
1227 1928 1440 1968 causam
1464 1911 1721 1966 dicemus.
1749 1909 1885 1977 Quid
1916 1909 2072 1978 igitur

493 2022 575 2067 est
611 2010 753 2080 loqui
797 2005 1025 2076 linguis?
1049 2006 1147 2072 Qui
1178 2004 1559 2072 baptizabatur,
1586 2002 1763 2055 statim
1792 2001 1969 2070 lingua
1994 1999 2075 2052 lo—

493 2104 752 2174 quebatur
795 2098 1041 2154 ludorum
1070 2137 1088 2163 ,
1140 2095 1514 2166 Egyptiorum
1541 2135 1556 2159 ,
1589 2093 1867 2148 Persarum
1894 2131 1908 2155 ,
1936 2090 2072 2160 Scy-

494 2193 727 2258 tharum,
758 2190 1021 2244 Thracum
1047 2228 1062 2251 ,
1090 2202 1153 2242 ac
1178 2188 1260 2239 vir
1301 2200 1438 2239 unus
1464 2184 1656 2236 multas
1683 2183 1887 2251 linguas
1917 2195 2072 2235 assu-

497 2284 711 2347 mebat;
740 2290 794 2337 et
819 2281 903 2336 isti
933 2294 1073 2334 nunc
1100 2279 1144 2332 si
1172 2276 1419 2346 baptizati
1452 2284 1561 2328 tum
1605 2273 1863 2337 fuissent,
1892 2272 2070 2325 statim

496 2379 616 2432 illos
642 2376 865 2430 diversis
894 2373 1172 2442 loquentes
1194 2370 1387 2438 linguis
1412 2368 1692 2423 audiisses.
1718 2365 1849 2419 Nam
1880 2364 2073 2419 Paulus

497 2467 740 2533 invenit,
780 2474 838 2520 ut
886 2464 1101 2529 dicitur,
1138 2460 1394 2531 quosdam
1423 2460 1474 2512 in
1509 2457 1728 2513 Joannis
1760 2456 2074 2523 baptismate

499 2561 814 2630 baptizatos,
836 2557 1076 2625 dixitque
1100 2552 1165 2607 ad
1194 2568 1286 2607 eos
1311 2570 1323 2603 :
1354 2551 1415 2606 Si
1455 2550 1706 2620 Spiritum
1727 2558 1954 2602 sanetum
1983 2562 2072 2599 ac-

495 2651 696 2723 cepistis
736 2646 1035 2703 credentes?
1076 2645 1266 2699 Dicunt
1301 2643 1420 2695 illi:
1446 2639 1551 2695 Sed
1577 2653 1731 2709 neque
1764 2638 1808 2693 si
1850 2637 2074 2707 Spiritus

495 2752 702 2798 sanctus
743 2749 838 2805 est,
867 2738 1152 2792 audivimus
1176 2736 1315 2805 (Act.
1362 2733 1431 2789 i9
1480 2732 1572 2803 2);
1603 2732 1888 2799 statimque
1917 2729 2076 2798 jussit

497 2848 592 2888 eos
614 2830 903 2901 baptizari;
934 2827 1000 2881 Et
1027 2843 1142 2881 cum
1168 2825 1485 2895 imposuisset
1511 2823 1613 2877 illis
1640 2837 1821 2874 manus
1850 2818 2070 2885 Paulus,

496 2924 626 2977 venit
652 2921 876 2991 Spiritus
895 2927 1097 2973 sanctus
1121 2932 1274 2985 super
1300 2932 1382 2968 eos
1402 2955 1416 2979 ,
1442 2924 1487 2967 et
1517 2913 1844 2981 loquebantur
1883 2910 2069 2980 linguis

495 3027 666 3067 omnes
698 3009 856 3082 (Ibid.
880 3025 928 3062 Il.
959 3008 1036 3079 6).
1066 3007 1171 3061 Cur
1197 3007 1353 3076 igitur
1371 3004 1626 3059 subducta
1655 3012 1757 3068 est,
1780 3012 1834 3057 et
1883 3017 1948 3057 ex
1979 3001 2075 3055 ho-

497 3101 731 3155 minibus
769 3098 974 3153 sublata
1003 3113 1141 3151 nunc
1165 3098 1252 3150 illa
1275 3094 1465 3164 gratia?
1486 3094 1599 3148 Nan
1627 3093 1765 3163 quod
1787 3091 2072 3163 ignominia

495 3204 594 3243 nos
624 3191 820 3243 alliciat
847 3189 985 3243 Dens
1004 3228 1019 3253 ,
1052 3188 1144 3241 sed
1189 3186 1329 3256 quod
1360 3187 1615 3239 honorem
1662 3185 1821 3239 etiam
1847 3182 2070 3237 deferat.

496 3280 613 3346 Quo
644 3278 860 3332 tandem
891 3278 1085 3347 pacto?
1113 3291 1213 3345 ego
1235 3276 1428 3329 dicam.
1456 3274 1769 3331 Stolidiores
1790 3284 1938 3328 erant
1962 3282 2071 3328 tum

496 3372 754 3443 temporis
779 3370 1019 3424 homines
1041 3409 1054 3434 ,
1084 3384 1186 3423 non
1232 3369 1301 3421 ita
1332 3367 1533 3436 pridem
1560 3368 1626 3422 ab
1652 3366 1806 3421 idolis
1834 3367 2070 3433 abducti,

494 3477 560 3519 ac
604 3478 762 3533 porro
798 3460 1027 3515 crassior
1055 3467 1110 3513 et
1153 3458 1413 3527 stupidior
1452 3472 1603 3511 mens
1654 3458 1865 3511 illorum
1896 3458 2071 3513 adhuc

495 3561 643 3618 erat,
675 3551 1023 3618 omnibusque
1045 3548 1411 3619 corporalibus
1440 3548 1625 3602 intenti
1654 3558 1806 3601 erant
1845 3556 1900 3601 ct
1924 3548 2072 3602 addi-

494 3645 590 3711 cti,
622 3643 920 3713 nequedum
948 3642 1256 3709 incorporea
1279 3639 1381 3693 illis
1409 3638 1547 3693 dona
1578 3639 1629 3692 in
1652 3650 1883 3693 mentem
1911 3654 2072 3693 vene-

498 3745 619 3792 rant
637 3777 653 3802 ,
682 3751 853 3804 neque
881 3728 1133 3788 neverant
1162 3773 1176 3795 ,
1207 3730 1333 3801 quid
1363 3740 1507 3785 esset
1533 3732 1700 3801 gratia
1736 3730 2028 3799 spiritualis
2054 3771 2069 3796 ,

495 3841 719 3897 qumque
759 3825 870 3878 sola
916 3824 1017 3878 fide
1052 3823 1385 3892 percipitur:
1418 3821 1613 3875 idcirco
1662 3821 1810 3890 signa
1854 3821 2070 3875 fiebant.

495 3917 629 3973 Nam
681 3932 745 3970 ex
796 3916 952 3970 donis
994 3914 1357 3984 spiritualibus
1383 3914 1482 3967 alia
1527 3912 1741 3981 quidem
1792 3911 2073 3965 invisibilia

493 4014 638 4073 sunt,
664 4016 718 4061 et
737 4006 849 4060 sola
881 4005 985 4060 lide
1013 4002 1564 4072 comprehenduntur:
1587 4002 1688 4056 alia
1712 4016 1839 4056 vero
1863 4003 2070 4071 signum

493 4096 758 4168 quoddam
804 4097 1048 4152 sensibus
1074 4096 1337 4164 objectum
1381 4094 1635 4149 exhibent
1674 4093 1739 4148 ad
1774 4092 2068 4149 faciendam

494 4188 652 4242 iidem
700 4186 1017 4241 inlidelibus.
1060 4183 1305 4255 Exempli
1335 4200 1491 4239 causa
1513 4226 1528 4251 ,
1562 4185 1805 4240 remissio
1829 4193 2071 4254 peccato-

493 4292 612 4332 rum
642 4291 730 4331 res
780 4287 861 4331 est
888 4278 1209 4346 spiritualis,
1247 4277 1507 4332 invisibile
1548 4277 1745 4331 donum
1786 4287 1903 4333 est:
1933 4293 2071 4347 quo-

498 4366 658 4421 modo
670 4367 809 4421 enim
828 4377 1037 4435 peccata
1064 4376 1242 4419 nostra
1263 4376 1569 4436 purgentur,
1588 4369 1762 4421 carnis
1778 4369 1945 4422 oculis
1966 4383 2069 4423 non

495 4456 754 4511 videmus.
776 4456 909 4522 Quid
937 4455 1029 4508 ita?
1050 4454 1308 4521 Quoniam
1329 4456 1502 4508 anima
1528 4465 1626 4521 est,
1650 4473 1767 4526 quzc
1795 4466 2067 4528 purgatur;

492 4559 548 4604 at
576 4549 815 4619 corporis
865 4548 1036 4602 oculis
1081 4563 1411 4618 nequaquam
1454 4549 1688 4603 cernitur
1731 4550 1927 4603 anima.
1974 4550 2071 4605 Est

491 4639 652 4709 igitur
675 4638 948 4707 spirituale
996 4636 1194 4692 donum
1240 4638 1503 4707 quoddam
1546 4640 1785 4708 purgatio
1822 4651 2068 4710 peccato-

493 4744 635 4795 rum,
662 4743 780 4797 qua:
805 4728 1046 4798 corporis
1068 4728 1237 4783 oculis
1263 4736 1443 4797 patere
1467 4743 1570 4782 non
1598 4739 1804 4799 potest;
1832 4741 1885 4786 at
1907 4734 2069 4788 variis

487 4819 637 4888 loqui
666 4819 859 4889 linguis
880 4829 962 4874 est
990 4818 1119 4874 illud
1147 4818 1360 4889 quidem
1405 4819 1692 4889 spiritualis
1718 4823 1876 4877 etiam
1902 4822 2069 4893 Spiri-

487 4919 571 4963 tus
596 4898 927 4980 operationis
954 4927 968 4963 :
996 4918 1363 4965 verumtamen
1396 4911 1641 4965 sensibus
1679 4912 1947 4980 objectum
1990 4914 2066 4967 si-

484 5014 651 5069 gnum
684 4998 883 5069 pratbet
906 5039 922 5066 ,
953 5001 1201 5071 quodque
1231 4999 1381 5056 facile
1406 5001 1473 5055 ab
1502 5001 1803 5057 inﬁdelibus
1844 5004 2067 5074 perspici

488 5096 701 5157 potest:
731 5104 852 5143 nam
893 5106 1011 5160 qua:
1038 5090 1098 5144 lit
1127 5091 1269 5145 intus
1300 5092 1351 5146 in
1381 5093 1555 5145 anima
1587 5095 1856 5162 operatio,
1887 5096 2066 5151 invisi-

489 5180 609 5236 bilis
655 5182 865 5251 inquam
886 5223 899 5244 .
938 5198 1035 5252 per
1055 5185 1377 5239 exteriorem
1407 5185 1633 5255 linguam
1658 5226 1674 5253 ,
1708 5204 1864 5257 quam
1912 5190 2064 5244 audi-

490 5288 610 5328 mus
632 5315 648 5342 ,
688 5274 1053 5330 manifestatur
1080 5286 1133 5331 et
1165 5276 1481 5331 ostenditur.
1512 5278 1713 5334 ideirco
1748 5282 1906 5335 etiam
1938 5281 2067 5336 dicit

492 5363 686 5420 Paulus
717 5382 730 5419 :
758 5363 1036 5435 Unicuique
1060 5378 1227 5420 autem
1263 5369 1413 5421 datur
1452 5371 1791 5437 manifestatio
1838 5375 2064 5443 Spiritus

489 5454 558 5505 ad
578 5455 839 5509 utilitatem
864 5454 938 5527 (l.
956 5454 1075 5509 Cor.
1101 5456 1189 5510 l2.
1209 5458 1287 5529 7).
1315 5458 1493 5529 Itaque
1513 5460 1678 5530 signis
1696 5464 1937 5532 equidem
1956 5482 2060 5521 non

494 5544 724 5616 indigeo.
753 5547 888 5616 Quid
920 5548 1016 5604 ita?
1040 5548 1244 5620 Quippe
1271 5551 1358 5619 qui
1385 5552 1585 5620 absque
1615 5553 1748 5622 signi
1785 5555 2061 5627 largitione

496 5632 715 5692 Domino
742 5638 961 5696 credere
1004 5641 1162 5698 didici
1191 5658 1201 5693 :
1232 5656 1351 5697 nam
1389 5642 1474 5713 qui
1504 5639 1808 5702 incredulus
1835 5657 1944 5713 est,
1977 5650 2057 5720 pi.

1227 253 1282 309 S-
1327 250 1603 308 JOANNlS
1638 246 2115 307 CllRYSOSTOM-l
2150 249 2465 306 ARClllEP.
2508 249 3052 307 CONSTANTINOP.

2160 384 2333 439 gnore
2354 369 2590 441 indiget;
2621 385 2721 440 ego
2751 386 2876 425 vero
2915 370 3137 426 credens
3163 370 3381 441 pignore
3420 372 3635 429 minimc
3662 377 3751 432 itt-

3639 256 3765 313 ιω

2167 462 2351 531 digeo,
2381 476 2551 531 neque
2594 462 2743 532 signo
2775 462 2905 517 :sed
2955 461 3080 517 licet
3121 462 3294 532 lingua
3327 478 3430 518 non
3481 466 3686 535 loquar,
3716 484 3747 521 a

2168 552 2398 622 peccatis
2428 560 2700 622 purgatum
2724 566 2845 608 esse
2868 568 2953 607 me
2974 553 3120 618 scio;
3148 561 3203 607 at
3234 554 3309 607 illi
3338 562 3451 609 tum
3485 572 3590 611 non
3621 574 3747 613 crc-

2168 643 2396 709 debant,
2442 643 2541 697 nisi
2585 644 2791 713 signum
2829 643 3163 712 accepissent
3211 660 3227 698 :
3269 653 3548 715 propterea
3601 648 3753 716 signa

2172 744 2437 803 tamquam
2464 734 2655 805 pignus
2681 733 2947 803 quoddam
2981 733 3099 788 lldei
3119 775 3133 797 ,
3161 750 3265 804 qua
3290 735 3612 800 credebant,
3643 737 3749 793 illis

2167 824 2449 880 dabantur.
2494 824 2673 894 Itaque
2717 840 2821 878 non
2878 834 2935 878 ut
2984 825 3261 891 ﬁdelibus,
3293 826 3387 881 sed
3438 836 3497 881 ut
3526 828 3755 883 inlidelit-

2168 916 2269 971 bus
2292 916 2553 970 dabantur
2581 917 2728 985 signa
2749 959 2763 981 ,
2792 925 2851 970 ιιι
2878 916 3063 970 fierent
3106 916 3291 971 lideles
3323 935 3336 971 :
3365 918 3445 972 sic
3464 918 3627 974 etiam
3682 921 3762 973 ait-

2170 1008 2383 1073 Paulus,
2413 1007 2576 1078 Signa
2622 1018 2748 1061 sunt-
2785 1024 2886 1061 non
2930 1007 3195 1075 ﬁdelibus,
3225 1008 3315 1063 sed
3349 1009 3642 1077 inﬁdelibus
3674 1012 3754 1081 (Ι.

2170 1099 2287 1154 Cor.
2322 1100 2408 1153 14.
2438 1098 2557 1169 22).
2594 1098 2865 1152 Videtisne
2913 1098 3077 1151 Deum
3119 1099 3392 1168 signorum
3448 1102 3757 1157 manifesta-

2170 1193 2364 1247 tionem
2392 1190 2730 1256 subduxisse,
2750 1205 2855 1243 nou
2881 1198 2936 1243 ut
2958 1190 3244 1260 ignominia
3271 1207 3366 1247 nos
3382 1191 3639 1259 afficeret,
3659 1194 3766 1248 sed

2170 1295 2224 1338 ut
2252 1282 2507 1337 honorem
2524 1279 2943 1335 deferret?Nam
2982 1295 3102 1334 cum
3144 1279 3301 1335 tidem
3332 1291 3566 1337 nostram
3595 1285 3757 1338 vellet

2170 1373 2472 1439 ostendere,
2488 1371 2626 1442 quod
2647 1372 2847 1441 absque
2868 1371 3172 1440 pignoribus
3188 1373 3459 1442 autsignis
3473 1374 3548 1428 illi
3570 1374 3759 1431 creda—

2170 1479 2309 1529 mus,
2338 1462 2439 1517 hoc
2462 1462 2605 1516 fecit.
2627 1461 2897 1531 Siquidem
2931 1461 3026 1527 illi,
3056 1463 3158 1516 nisi
3181 1462 3325 1532 prius
3348 1465 3554 1533 signum
3583 1474 3637 1518 et
3666 1467 3752 1535 pi~

2170 1568 2306 1624 gnus
2325 1554 2671 1622 accepissent,
2688 1555 2736 1607 ei
2754 1552 2821 1606 de
2836 1553 2992 1607 rebus
3009 1553 3227 1609 minime
3249 1554 3622 1624 apparentibus
3651 1572 3759 1609 non

2171 1645 2554 1708 credidissent;
2580 1654 2634 1698 at
2658 1659 2757 1714 ego
2781 1646 2938 1699 etiam
2967 1645 3081 1699 sine
3112 1645 3213 1699 hoc
3240 1661 3455 1703 omnem
3477 1646 3633 1700 fidem
3660 1663 3766 1703 ex,-

2174 1735 2331 1789 bibeo
2358 1754 2371 1788 :
2404 1735 2518 1789 lucc
2543 1736 2702 1806 igitur
2731 1751 2889 1790 causa
2918 1744 3019 1799 est,
3037 1751 3131 1790 eur
3152 1736 3265 1805 jam
3291 1736 3438 1806 signa
3467 1752 3569 1791 non
3606 1738 3756 1791 ﬁant.

2244 1827 2297 1881 5.
2333 1827 2628 1881 Voluissem
2698 1828 2939 1896 equidem
2987 1829 3054 1881 de
3118 1826 3413 1885 festivitatis
3472 1829 3757 1887 occasione

2175 1919 2335 1973 verba
2364 1918 2561 1984 facere,
2605 1933 2668 1973 ac
2717 1918 2947 1983 docere,
2997 1918 3122 1987 quid
3177 1918 3385 1972 tandem
3440 1919 3507 1973 sit
3562 1921 3758 1976 Pente-

2175 2021 2343 2076 coste,
2398 2025 2494 2065 cur
2533 2012 2584 2064 in
2625 2010 2723 2063 hac
2763 2009 3047 2063 festivitate
3091 2009 3287 2063 donum
3320 2008 3548 2078 Spiritus
3576 2011 3761 2067 datum

2175 2101 2264 2163 sit,
2319 2115 2414 2155 cur
2445 2101 2499 2154 in
2547 2100 2736 2170 linguis
2789 2101 2973 2170 igneis,
3025 2108 3079 2155 et
3123 2115 3217 2154 cur
3246 2109 3365 2170 post
3401 2101 3586 2157 decem
3606 2103 3761 2166 dies;

2178 2192 2272 2248 scd
2304 2192 2641 2263 prolixiorem
2689 2192 2983 2247 doctrinam
3018 2206 3136 2248 esse
3166 2192 3319 2248 video
3347 2208 3362 2247 :
3390 2195 3765 2266 quamobrem,

2176 2285 2265 2339 ubi
2304 2298 2466 2354 pauca
2492 2282 2731 2354 quaedam
2779 2283 3053 2351 addidero,
3099 2282 3257 2338 linem
3284 2282 3476 2339 faciam
3524 2270 3765 2341 dicendi.

2184 2374 2310 2429 Cum
2356 2375 2725 2445 complerentur
2753 2375 2859 2429 dies
2910 2374 3245 2443 Pentecostes,
3291 2386 3636 2447 apparuerunt
3657 2376 3784 2429 illis.

2176 2465 2451 2536 dispertita:
2499 2466 2685 2536 lingua:
2738 2476 2993 2534 tamquam
3048 2466 3179 2537 ignis
3231 2465 3365 2538 (Act.
3391 2466 3446 2521 2.
3486 2467 3509 2521 l
3557 2477 3602 2519 et
3651 2468 3705 2535 3)
3745 2484 3761 2519 :
3808 2484 3817 2491 ’

2178 2569 2283 2610 non
2334 2555 2490 2625 ignis,
2547 2554 2639 2610 sed
2681 2564 2946 2624 tamquam
2998 2556 3175 2625 ignis,
3218 2565 3278 2610 ut
3311 2556 3440 2610 nihil
3477 2557 3671 2611 sensile
3690 2556 3779 2612 des

2182 2647 2384 2718 Spiritu
2420 2658 2603 2703 sancto
2632 2649 2937 2720 suspiceris.
2965 2647 3113 2703 Sicut
3141 2651 3282 2703 enim
3312 2649 3379 2703 ad
3417 2647 3609 2703 fluenta
3635 2648 3765 2703 Jor-

2177 2740 2329 2795 danis
2356 2755 2461 2795 non
2488 2740 2733 2796 columba
2759 2738 3067 2805 descendit,
3089 2738 3182 2794 sed
3209 2740 3262 2794 in
3292 2740 3471 2810 specie
3498 2740 3765 2795 columbae

2182 2831 2329 2903 (Luc.
2350 2834 2405 2888 3.
2450 2830 2686 2903 22):ita
2734 2842 2789 2886 et
2828 2829 2913 2885 hic
2962 2845 3067 2885 non
3119 2830 3277 2901 ignis,
3334 2830 3430 2885 sed
3476 2831 3530 2885 in
3577 2832 3769 2901 specie

2178 2924 2355 2994 ignis:
2403 2932 2458 2978 et
2500 2938 2684 2977 rursus
2710 2922 2954 2992 superius
3003 2922 3119 2975 ait:
3154 2919 3430 2989 Tamquam
3456 2921 3777 2975 advenientis

2177 3014 2382 3083 spiritus
2410 3013 2709 3066 vehementis
2740 3012 2875 3084 (Act.
2906 3011 2961 3064 2.
2987 3012 3080 3081 2),
3109 3026 3212 3065 non
3239 3012 3457 3082 spiritus
3477 3012 3768 3067 vehemen.

2179 3104 2268 3169 tis,
2300 3103 2392 3158 sed
2445 3111 2711 3173 tamquam
2765 3102 3095 3157 advenientis
3150 3103 3366 3172 spiritus
3407 3103 3760 3160 vehementis.

2178 3191 2288 3248 Cur
2334 3194 2492 3263 igitur
2543 3192 2787 3248 Ezechiel
2828 3192 3041 3262 quidem
3069 3193 3267 3247 donum
3308 3194 3500 3262 accipit
3528 3193 3775 3263 prophes

2180 3286 2290 3351 tize,
2346 3284 2543 3339 nonin
2597 3284 2944 3340 similitudine
2985 3285 3158 3355 ignis,
3214 3285 3309 3340 sed
3376 3300 3472 3356 per
3521 3285 3773 3353 librum;

2176 3377 2403 3446 apostoli
2443 3392 2573 3432 vero
2614 3393 2707 3447 per
2760 3377 2933 3447 ignem
2997 3377 3135 3430 dona
3187 3377 3485 3447 recipiunt?
3528 3376 3660 3432 Nam
3690 3377 3762 3431 de

2162 3466 2272 3520 tillo
2309 3466 2522 3537 quidem
2547 3467 2620 3520 ait
2660 3468 2953 3536 Scriptura,
2992 3467 3171 3521 datum
3211 3466 3377 3523 fuisse
3422 3468 3475 3523 in
3522 3484 3616 3524 ore
3645 3468 3769 3538 ejus

2177 3557 2465 3626 capitulum
2520 3555 2674 3618 libri,
2719 3565 2772 3610 et
2806 3555 3056 3625 scriptam
3117 3556 3276 3611 fuisse
3335 3558 3760 3627 querimoniam,

2177 3654 2231 3701 et
2291 3661 2535 3712 carmen,
2566 3656 2620 3701 et
2666 3662 2745 3702 va:
2795 3664 2809 3699 :
2850 3655 2905 3702 et
2955 3648 3114 3702 fuisse
3165 3649 3457 3717 posteriora
3504 3657 3560 3702 et
3607 3659 3767 3704 ante~

2175 3740 2317 3793 riora
2380 3738 2596 3807 scripta,
2620 3748 2696 3793 \et
2735 3739 3031 3794 comedisse
3075 3739 3236 3804 illud,
3284 3749 3338 3795 et
3392 3740 3586 3795 factum
3638 3757 3775 3798 esse

2178 3827 2231 3882 in
2257 3842 2350 3883 ore
2365 3830 2516 3900 quasi
2540 3828 2642 3885 mel
2662 3829 2816 3886 dulce
2837 3828 3098 3900 (Ezeclt.2
3138 3830 3231 3886 9et
3249 3830 3300 3884 3.
3317 3831 3395 3901 3).
3417 3830 3489 3884 De
3502 3832 3765 3900 apostolis

2176 3936 2308 3976 vero
2355 3936 2460 3975 non
2508 3921 2617 3975 ita:
2656 3920 2747 3975 sed
2776 3920 3131 3991 Apparuerunt
3155 3924 3227 3977 eis
3265 3922 3452 3992 lingua
3494 3932 3757 3994 tamquam

2176 4010 2327 4081 ignis.
2377 4010 2484 4066 Cur
2530 4011 2687 4082 igitur
2737 4012 2843 4067 illic
2889 4013 3023 4067 liber
3066 4022 3120 4068 et
3158 4014 3345 4080 literat,
3392 4014 3477 4069 hic
3502 4030 3628 4069 vero
3658 4016 3760 4069 lin-

2177 4116 2278 4171 gua
2328 4109 2384 4156 et
2435 4101 2613 4171 ignis?
2657 4100 2809 4169 Quod
2840 4102 2927 4156 ille
2950 4103 3163 4172 quidem
3201 4103 3372 4159 abiret
3404 4105 3760 4159 insectaturtts

2181 4199 2434 4261 peccata,
2481 4193 2912 4263 calamitatesque
2949 4193 3194 4248 Judaicas
3243 4194 3651 4265 dcploraturus;
3703 4196 3772 4250 hi.

2175 4298 2303 4338 vero
2331 4292 2544 4353 peccata
2564 4284 2709 4339 orbis
2732 4294 2988 4340 terrarum
3016 4287 3345 4356 absumpturi
3367 4288 3603 4342 exirent:
3629 4302 3762 4356 pro-

2180 4382 2362 4443 pterea
2410 4374 2643 4429 libellum
2687 4374 2773 4431 hic
2820 4377 3041 4444 acce|.it,
3084 4377 3169 4446 qui
3203 4379 3403 4433 futuras
3429 4377 3771 4432 calamitates

2175 4468 2450 4522 memoria:
2492 4478 2830 4538 suggereret;
2884 4470 3055 4539 ignem
3085 4470 3157 4524 illi
3199 4470 3547 4538 accipiebant,
3577 4479 3636 4523 ut
3664 4484 3761 4524 or-

2174 4556 2256 4611 bis
2285 4567 2541 4612 terrarum
2588 4570 2801 4629 peccata
2840 4570 3146 4623 exurerent,
3175 4570 3228 4615 et
3254 4569 3442 4614 cuncta
3484 4559 3758 4616 delerent.

2173 4646 2305 4703 Nam
2362 4650 2801 4719 quemadmodum
2846 4650 2891 4704 si
2935 4650 3130 4705 incidat
3188 4650 3322 4720 ignis
3371 4650 3423 4703 in
3460 4651 3661 4719 spinas,
3692 4652 3761 4705 il-

2173 4742 2252 4797 las
2300 4743 2455 4799 facile
2496 4744 2636 4798 delet
2685 4759 2871 4799 omnes
2900 4761 2913 4797 :
2940 4745 3016 4799 sic
3054 4755 3109 4797 et
3147 4742 3373 4811 Spiritus
3422 4744 3591 4813 gratia
3635 4760 3761 4813 pce-

2173 4844 2288 4889 cata
2348 4835 2619 4889 hominum
2678 4836 3011 4890 absumebat.
3056 4835 3247 4889 Verum
3314 4836 3508 4904 stupidi
3560 4836 3768 4904 Judaei,

2171 4926 2296 4980 dum
2330 4927 2445 4981 haec
2492 4927 2699 4990 tierent,
2755 4943 2875 4981 cum
2922 4928 3039 4982 illos
3074 4926 3288 4997 ptrcelli
3346 4928 3763 4997 oportuissetac

2171 5025 2423 5078 tremere.
2468 5019 2694 5089 denique
2741 5020 3041 5090 largitorem
3071 5020 3317 5087 adorare,
3365 5036 3549 5076 rursus
3575 5037 3763 5078 amen-

2170 5108 2297 5163 tiam
2352 5125 2499 5164 suam
2557 5111 2867 5176 ostendunt,
2919 5122 2971 5165 et
2997 5112 3195 5182 Spiritu
3231 5114 3460 5183 repletos
3485 5116 3768 5186 apostolos

2169 5199 2439 5253 ebrietatis
2481 5210 2751 5255 accusant.
2805 5200 2899 5255 Isti
2927 5204 3089 5268 enim,
3120 5203 3402 5272 inquiunt,
3425 5214 3590 5258 musto
3619 5206 3771 5276 pleni

2155 5295 2282 5345 sunt
2308 5291 2443 5361 (Act.
2473 5293 2526 5346 2.
2548 5292 2667 5364 J3).
2720 5293 3096 5349 Animadverte
3134 5295 3421 5365 nequitiam
3448 5295 3758 5362 hominum,

2168 5392 2223 5437 et
2242 5382 2549 5452 angelorum
2592 5384 2908 5454 probitatem
2959 5385 3321 5454 contemplare
3361 5403 3374 5439 :
3417 5402 3538 5441 nam
3582 5390 3761 5456 angeli

2166 5474 2380 5543 quidem
2417 5490 2535 5529 cum
2573 5477 2831 5546 primitias
2870 5485 3078 5531 nostras
3106 5477 3462 5532 ascendentes
3491 5477 3759 5540 viderent,

2169 5562 2497 5632 laetabantur,
2556 5580 2619 5622 ac
2659 5566 2923 5630 dicebant,
2974 5567 3199 5621 .lttollite
3237 5578 3425 5637 portas,
3483 5569 3758 5636 ργὶητίριτ,

2168 5664 2374 5717 vestras,
2416 5669 2461 5711 et
2512 5654 2792 5724 clcramini,
2815 5668 2975 5730 portat
3011 5658 3290 5728 cumules,
3323 5670 3368 5713 et
3407 5659 3627 5715 introibit
3669 5676 3761 5716 rex
