4038 6204
233 337 346 395 ιέἰθ

233 453 755 528 ἀναμιμνήσκοντες
810 455 1009 517 αὐτοὺς
1053 455 1137 509 δτι
1185 457 1338 510 οὑδέν
1375 459 1535 523 αὑτὸς
1566 461 1594 512 ὀ
1638 455 1830 528 παρὼν

240 541 499 612 πράττει,
521 539 644 593 οὑδὲ
672 538 1023 608 ἀνθρωπίνης
1045 539 1162 592 ἐστὶ
1192 541 1406 610 φύσεως
1432 541 1831 614 κατορθώματα

234 626 310 679 τὰ
354 624 693 695 πρωιείμενα
741 622 920 694 δῶρα,
964 623 1079 676 ἀλλ’
1111 626 1144 694 ἡ
1177 624 1271 678 τοῦ
1313 625 1629 697 Πνεύματος
1671 625 1830 695 χάρις

240 708 501 780 παροῦσα
523 709 614 764 καὶ
641 708 810 761 πᾶσιν
833 707 1176 778 ἐφιπταμένη
1199 708 1298 780 τὴν
1326 709 1592 780 μυστικὴν
1617 707 1830 776 ἐκείνην

243 791 652 856 κατασκευάζει
687 790 896 844 θυσίαν.
930 792 992 844 Εἰ
1021 793 1132 863 γάρ
1175 793 1271 846 καὶ
1298 793 1583 863 ἄνθρωπός
1615 794 1761 844 ἐστιν
1801 791 1830 844 ὀ

243 875 460 946 παρὼν,
494 875 609 928 ἀλλ’
637 877 666 928 6
709 874 844 938 Θεός
885 877 1035 928 ἐστιν
1061 877 1090 926 ὀ
1134 875 1374 945 ἐνεργῶν
1407 876 1473 929 δι’
1505 875 1689 928 αὑτοῦ.
1738 875 1828 946 Μὴ

243 960 425 1012 τοίνυν
456 959 691 1030 πρόσεχε
719 961 786 1030 τῇ
834 959 994 1028 φύσει
1026 959 1120 1012 τοῦ
1162 959 1469 1030 ὁρωμένου,
1501 958 1615 1011 ἀλλ’
1662 958 1830 1010 ἐννόει

239 1045 341 1114 την
373 1045 538 1116 χάριν
572 1043 671 1114 τὴν
703 1045 957 1114 ἀόρατον.
990 1043 1157 1097 Οὐδὲν
1195 1043 1532 1115 ἀνθρώπινον
1553 1045 1661 1098 τῶν
1689 1061 1830 1112 γινο-

241 1127 422 1197 μένων
457 1128 516 1180 ἐν
544 1127 622 1198 τῷ
655 1127 783 1198 ἱερῷ
815 1125 989 1197 τούτῳ
1013 1126 1236 1198 βήματι.
1255 1128 1316 1180 Εἰ
1342 1128 1415 1198 μὴ
1439 1129 1664 1198 Πνεῦμα
1693 1144 1830 1198 παρ·

237 1210 325 1278 ἦν,
377 1210 483 1262 οὑκ
528 1208 596 1263 ἂν
639 1210 869 1280 συνέστη
923 1211 955 1280 ἡ
995 1209 1318 1281 Ἐκκλησία’
1347 1212 1395 1263 εἰ
1424 1211 1483 1263 δέ
1518 1209 1830 1264 συνίσταται

239 1296 272 1363 ἡ
307 1294 632 1364 Ἐκκλησία,
669 1293 890 1364 εὔδηλον
918 1294 1001 1347 ὅτι
1029 1295 1090 1347 τὸ
1112 1293 1338 1364 Πνεῦμα
1364 1293 1614 1365 πάρεστι.

310 1432 471 1496 Τίνος
492 1426 585 1485 οῦν
612 1431 820 1498 ἕνεκεν,
841 1432 994 1502 φησί,
1015 1435 1214 1502 σημεῖα
1233 1433 1293 1485 οὑ
1316 1433 1522 1501 γίνεται
1548 1432 1641 1486 νῦν
1662 1448 1675 1495 ;
1701 1432 1809 1484 Ἐν-

237 1514 421 1568 ταῦθά
467 1532 558 1584 μοι
586 1513 726 1584 μετά
761 1515 1044 1585 ἀκριϐείας
1071 1516 1398 1586 προσέχετεο
1438 1520 1587 1587 παρά
1620 1515 1828 1568 πολλῶν

239 1598 352 1669 γὰρ
378 1598 568 1652 ἀκούω
600 1597 782 1663 τοῦτο,
816 1599 909 1651 καὶ
938 1598 1178 1668 συνεχῶς
1216 1599 1310 1651 καὶ
1346 1600 1432 1653 ἀεὶ
1463 1599 1825 1669 ζητούμενονο

241 1681 332 1734 διά
356 1683 410 1735 τί
433 1683 556 1734 τότε
577 1679 852 1751 γλώσσαις
881 1681 1101 1736 ἐλάλουν
1127 1682 1327 1746 πάντες
1349 1684 1398 1734 οί
1421 1682 1824 1753 βαπτιζόμενοι,

242 1766 340 1819 νῦν
361 1765 418 1819 δέ
438 1766 622 1819 οὑκέτι
647 1783 662 1830 ;
697 1765 976 1836 Μάθωμεν
1000 1765 1264 1838 πρότερον
1287 1766 1338 1819 τί
1363 1767 1424 1820 τὸ
1448 1767 1627 1821 λαλεῖν
1655 1767 1825 1836 γλώσ-

234 1867 389 1913 ·σαις,
435 1850 529 1903 καὶ
565 1850 686 1902 τότε
738 1849 973 1919 ἐροῦμεν
1002 1849 1097 1902 καὶ
1133 1848 1231 1920 τὴν
1269 1850 1465 1904 αἰτίαν.
1501 1851 1566 1903 Τί
1593 1847 1685 1904 οὑν
1713 1853 1828 1903 ἐστι

241 1932 519 2000 γλώσσαις
545 1932 726 1986 λαλεῖν
753 1948 768 1996 ;
803 1932 860 1984 '0
885 1931 1279 2002 βαπτιζόμενος
1305 1932 1505 1997 εὐθέως
1533 1933 1828 2003 ἐφθέγγετο

242 2017 310 2085 τῇ
360 2015 471 2067 τῶν
505 2015 677 2068 Ἰνδῶν
723 2018 909 2086 φωνῇ,
963 2017 1029 2086 τῇ
1064 2015 1171 2069 τῶν
1220 2016 1566 2085 Αἰγυπτίων,
1619 2019 1686 2086 τῇ
1720 2014 1827 2068 τῶν

243 2098 502 2167 Περσῶν,
540 2100 602 2168 τῇ
631 2098 736 2152 τῶν
780 2097 1038 2164 Σκυθῶν,
1077 2101 1144 2169 τῇ
1191 2099 1299 2154 τῶν
1337 2098 1587 2171 Θρᾳκῶν,
1616 2098 1711 2151 καὶ
1747 2091 1828 2160 εἷς

244 2181 537 2251 ὥνθρωπος
575 2182 772 2247 πολλὰς
814 2181 1085 2254 ἐλάμϐανε
1124 2181 1408 2251 γλώσσας,
1459 2182 1553 2236 καὶ
1590 2175 1734 2235 οὗτοι
1777 2181 1827 2233 οἱ

228 2264 343 2318 ’νῦν
390 2267 441 2317 εἰ
485 2260 624 2334 ἦσαν
657 2266 776 2319 τότε
823 2265 1226 2336 βαπτισθέντες,
1260 2265 1462 2329 εὐθέως
1493 2264 1559 2317 ἂν
1591 2265 1830 2334 ἡκουσας

237 2347 430 2401 αὐτῶν
475 2347 752 2420 διαφόροις
802 2347 1190 2419 φθεγγομένων
1237 2351 1460 2418 φωναῖς.
1499 2348 1609 2402 Καὶ
1657 2347 1765 2416 γὰρ
1800 2347 1829 2398 ό

246 2429 479 2495 Παῦλος,
509 2431 694 2501 φησὶν,
726 2424 854 2504 εὑρέ
899 2449 1051 2494 τινας
1093 2430 1484 2501 βαπτισθέντας
1514 2433 1571 2483 ἐν
1613 2429 1692 2500 τῷ
1734 2428 1830 2499 βα-

239 2513 512 2583 πτίσματι
559 2515 828 2577 Ἰωάννου,
873 2517 968 2569 καὶ
1015 2515 1160 2585 λέγει
1203 2516 1419 2579 αὐτοῖς’
1471 2517 1543 2569 El
1585 2514 1830 2583 Πνεῦμα

245 2595 418 2664 ἅγιον
464 2596 708 2652 ἐλάϐετε
762 2599 1241 2664 πιστεύσαντεςς
1288 2598 1586 2668 Λέγουσιν
1627 2597 1786 2662 αὐτῷ
1809 2613 1824 2627 ·

242 2678 382 2733 ἀλλ’
408 2679 552 2733 οὐδὲ
577 2683 630 2734 εί
661 2681 793 2735 ἔστι
819 2680 1061 2751 Πνεῦμα
1091 2681 1283 2751 ἅγιον,
1310 2682 1663 2751 ἠκούσαμεν
1681 2700 1692 2712 ·
1735 2683 1830 2736 καὶ

243 2761 451 2826 εὐθέως
475 2764 758 2817 ἐκέλευσεν
785 2765 982 2829 αὐτοὺς
1019 2765 1383 2836 βαπτισθῆναι
1408 2781 1424 2796 ⁶
1459 2765 1567 2820 Καὶ
1598 2763 1829 2819 ἐπιθέν-

239 2861 345 2911 τος
395 2845 602 2912 αὐτοῖς
644 2846 752 2901 τοῦ
805 2849 1054 2902 Παύλου
1097 2847 1203 2914 τὰς
1247 2847 1470 2917 χεῖρας,
1505 2843 1693 2918 ἦλθεν
1734 2848 1828 2902 ἐπ’

238 2929 469 2994 αὐτοὺς
500 2929 567 2982 τὸ
598 2930 841 2999 Πνεῦμα
882 2931 948 2986 τὸ
978 2931 1167 3002 ἅγιον,
1205 2931 1302 2984 καὶ
1331 2931 1600 2985 ἐλάλουν
1642 2931 1830 2986 ἄπαν-

238 3030 340 3078 εες
369 3011 702 3082 γλώσσαις.
737 3015 893 3079 Τίνος
925 3011 1018 3069 οὖν
1065 3016 1223 3086 χάριν
1270 3016 1589 3087 συνεστάλη,
1618 3017 1712 3069 καὶ
1737 3018 1829 3070 ἀν-

245 3095 419 3165 ῃρέθη
454 3096 514 3162 ἐξ
545 3096 846 3168 ἀνθρώπων
873 3100 906 3168 ἡ
937 3099 1096 3169 χάρις
1125 3097 1264 3166 αῦτη
1303 3097 1432 3163 νῦν;
1463 3099 1596 3168 Οὐχὶ
1629 3098 1828 3169 ἀτιμά-

244 3177 429 3240 ζοντος
457 3181 607 3250 ἡμᾶς
628 3180 722 3232 τοῦ
747 3180 901 3246 Θεοῦ,
935 3181 1071 3235 ἀλλά
1099 3180 1250 3253 [464]
1274 3182 1367 3235 καλ⁵
1390 3182 1594 3252 σφόδρα
1624 3181 1828 3252 τιμῶν-

244 3277 354 3322 τος.
390 3261 548 3327 Πῶςς
592 3263 704 3331 ἐγὼ
741 3263 1302 3337 λέγω.Ἀνοητότερον
1335 3266 1384 3317 οί
1420 3265 1698 3336 ἀνθρωποι
1751 3264 1831 3318 δι-

243 3345 454 3397 έκειντο
482 3345 625 3413 τότε,
655 3347 764 3400 τῶν
793 3347 1026 3401 εἰδώλων
1052 3349 1378 3420 προσφάτως
1400 3349 1826 3421 ἀπηλλαγμένοι,

241 3430 338 3481 καὶ
367 3430 656 3501 παχυτέρα
682 3432 778 3484 καὶ
802 3433 1231 3504 ἀναισθητοτέρα
1251 3433 1431 3486 αὑτῶν
1453 3435 1485 3504 ὴ
1514 3432 1721 3486 διάνοια
1749 3432 1828 3487 ἐτι

241 3506 331 3581 ἧν,
362 3514 459 3565 καὶ
485 3513 624 3583 πρὸς
666 3513 735 3567 τὰ
771 3516 1059 3585 σωματικά
1093 3518 1269 3571 πάντα
1303 3517 1564 3585 ἐπτόηντο
1606 3517 1701 3570 καὶ
1740 3519 1830 3570 ἐκ-

241 3596 530 3664 εχήνεσαν,
566 3597 662 3649 καὶ
689 3597 916 3669 οὐδεμία
945 3601 1128 3662 αὐτοῖς
1157 3599 1371 3653 οὐδέπω
1409 3599 1585 3653 ἔννοια
1612 3599 1830 3670 δωρεῶν

243 3679 551 3748 ἀσωμάτων
582 3675 671 3751 ἦν,
693 3681 815 3735 οὑδέ
849 3683 1058 3736 είδεσαν
1084 3683 1138 3736 τί
1169 3683 1297 3736 ποτέ
1328 3684 1443 3736 ἐστι
1463 3682 1627 3754 νοητὴ
1649 3683 1826 3754 χάρις,

244 3763 340 3816 καὶ
368 3765 550 3817 πίστει
587 3765 724 3837 μόνῃ
763 3764 1111 3837 θεωρουμένη
1133 3783 1147 3797 ⁸
1182 3766 1272 3820 διὰ
1299 3766 1456 3820 τοῦτο
1483 3770 1686 3837 σημεῖα
1712 3766 1829 3836 ἐγίη

242 3865 384 3902 νετο.
419 3847 539 3900 Τῶν
563 3849 673 3920 γὰρ
698 3851 1052 3920 χαρισμάτων
1085 3851 1193 3904 τῶν
1224 3851 1606 3922 πνευματικῶν
1637 3850 1706 3905 τὰ
1729 3850 1828 3921 μὲν

242 3932 456 4002 ἀόρατά
489 3935 624 3996 ἐστι,
653 3932 746 3985 καὶ
779 3933 960 3986 πίστει
991 3932 1466 4007 καταλαμϐάνεται
1495 3934 1657 4005 μόνῃ·
1683 3934 1827 3988 τὰδὲ

243 4017 338 4068 καὶ
372 4013 636 4084 αίσθητδν
667 4016 999 4070 ἐνδείκνυται
1028 4019 1251 4087 σημεῖον
1280 4017 1415 4088 πρὸς
1446 4016 1545 4082 τὴν
1573 4017 1682 4070 τῶν
1709 4017 1830 4070 ἀπί-

244 4113 390 4150 στων
429 4097 820 4169 πληροφορίαν.
864 4096 988 4154 Οίόν
1020 4118 1070 4153 τι
1107 4099 1278 4169 λέγω·
1308 4100 1591 4172 ἁμαρτιῶν
1636 4101 1830 4170 ἄφεσις

242 4182 437 4251 νοητόν
478 4183 594 4235 ἐστι
640 4186 892 4255 πρᾶγμα,
927 4183 1155 4254 ἀόρατόν
1211 4185 1328 4238 ἐστι
1385 4185 1657 4255 χάρισμα·
1713 4184 1830 4249 πῶς

242 4264 354 4335 γάρ
383 4264 738 4338 καθαίρονται
767 4268 923 4338 ἡμῶν
953 4267 1008 4320 αἰ
1037 4267 1322 4339 ἁμαρτίαι,
1348 4269 1445 4338 οὑχ
1475 4268 1688 4340 ὁρῶμεν
1715 4271 1830 4333 τοῖς

241 4347 342 4417 τῆς
392 4349 596 4418 σαρκὸς
621 4351 936 4421 ὀφθαλμοῖς.
975 4350 1039 4403 Τί
1072 4351 1309 4421 δήποτε;
1347 4351 1469 4404 Ὅτι
1501 4351 1646 4423 ψυχή
1683 4353 1829 4405 ἐστιν

241 4429 278 4497 ἡ
327 4429 749 4504 καθαιρομένη·
795 4433 943 4504 ψυχὴ
988 4432 1045 4486 δέ
1091 4433 1392 4504 ὀφθαλμοῖς
1438 4432 1689 4504 σώματος
1732 4435 1828 4505 οὐχ

239 4514 458 4583 δρᾶται.
476 4515 541 4566 Ἥ
566 4515 666 4584 μὲν
687 4511 781 4570 οὖν
809 4517 1073 4587 κάθαρσις
1105 4515 1212 4569 τῶν
1233 4517 1647 4588 ἁμαρτημάτων
1665 4519 1829 4590 νοητὴ

237 4595 424 4666 δωρεά
456 4598 538 4662 τίς
563 4600 711 4652 ἐστιν
742 4599 1036 4672 ὀφθαλμοῖς
1063 4601 1123 4653 οὑ
1161 4600 1432 4671 δυναμένη
1462 4601 1712 4672 σώματος
1739 4619 1831 4670 γε-

238 4680 429 4733 νέσθαι
460 4683 672 4753 φανερά
689 4699 702 4712 ο
724 4683 784 4736 τὸ
814 4683 872 4737 δέ
903 4682 1175 4752 γλώσσαις
1203 4684 1479 4755 διαφόροις
1507 4682 1686 4738 λαλεῖν
1714 4687 1829 4737 ἐστι

241 4764 348 4834 μὲν
397 4765 492 4817 καὶ
535 4765 670 4819 αὑτὸ
700 4767 896 4838 νοητῆς
926 4767 1204 4838 ἐνεργείας
1236 4766 1329 4820 τοῦ
1365 4768 1684 4836 Πνεύματος
1705 4783 1717 4797 ·
1745 4770 1830 4820 αί-

243 4847 444 4918 σθητὺν
467 4848 650 4918 μέντοι
671 4851 970 4921 παρέχεται
990 4851 1051 4904 τὺ
1071 4853 1314 4921 σημεῖον,
1337 4851 1562 4914 καὶτοῖς
1581 4849 1830 4915 ἀπίστοις

237 4931 596 4985 εὐσύνοπτον.
627 4933 740 5002 Τῆς
784 4935 892 5006 γὰρ
936 4934 1082 4990 ἐνδον
1134 4938 1192 4988 ἐν
1237 4938 1306 5007 τῇ
1346 4934 1492 5006 ψυχῇ
1541 4933 1830 5004 γινομένης

239 5014 432 5084 ἐνεργε
440 5015 548 5078 ίας,
575 5015 676 5084 τῆς
702 5017 932 5087 ἀοράτου
957 5017 1120 5087 λέγω,
1139 5020 1173 5089 η
1190 5018 1294 5083 ἔξω
1321 5017 1536 5087 γλῶττα
1567 5017 1831 5088 ἀκουομέ-

240 5115 304 5168 νη
338 5099 650 5168 φανέρωσίς
682 5099 771 5163 τίς
799 5100 915 5153 ἐστι
957 5103 1052 5155 καὶ
1090 5101 1327 5172 ἐλεγχος.
1360 5100 1459 5154 Διά
1489 5099 1646 5156 τοῦτο
1679 5102 1770 5154 καὶ
1802 5103 1831 5154 ό

239 5179 459 5245 Παῦλος
487 5179 674 5249 λέγει·
708 5183 978 5252 Ἐκὰστῳ
997 5183 1065 5238 δὲ
1093 5185 1132 5254 ἡ
1162 5185 1499 5254 φανέρωσις
1521 5187 1628 5242 τοῦ
1652 5187 1832 5240 Πνεύ-

240 5281 428 5332 ματος
449 5265 676 5320 δίδοται
705 5281 778 5336 πί
789 5267 856 5334 ὸς
875 5269 942 5322 τὸ
963 5267 1294 5338 συμφέρον.
1314 5268 1454 5337 Ἐγὼ
1491 5271 1588 5341 μὲν
1615 5266 1707 5324 οὖν
1735 5271 1829 5324 νῦν

238 5348 436 5416 χροίαν
468 5350 570 5401 οὑκ
596 5349 706 5419 ἔχω
736 5351 1000 5422 σημείων.
1029 5352 1185 5415 Τίνος
1215 5352 1434 5419 ἐνεκεν;
1467 5353 1590 5406 Ὅτι
1611 5354 1704 5408 καὶ
1724 5372 1832 5424 χω·

240 5430 330 5500 ρὶς
365 5432 596 5502 σημείου
627 5432 829 5496 δόσεως
851 5433 1127 5487 πιστεύειν
1148 5434 1441 5506 μεμάθηκα
1463 5435 1542 5506 τῷ
1561 5436 1826 5510 Δεσπότῃ.

251 5513 312 5566 '0
345 5514 460 5585 γάρ
491 5516 736 5569 ἀπιστῶν
761 5516 1015 5588 ἐνεχύρου
1044 5517 1210 5572 δεῖται
1230 5534 1243 5548 °
1266 5519 1378 5587 ἐγὼ
1401 5518 1463 5572 δὲ
1478 5520 1747 5574 πιστεύων
1766 5523 1828 5574 οὐ

237 5596 437 5668 δέομαι
469 5599 725 5672 ἐνεχύρου
756 5600 877 5654 οὐδὲ
908 5601 1136 5673 σημείου
1159 5617 1172 5630 ο
1204 5602 1339 5655 ἀλλά
1371 5603 1474 5676 κᾶν
1509 5603 1583 5675 μὴ
1611 5601 1829 5675 λαλήσω

243 5685 489 5754 γλώσσῃ,
523 5679 638 5736 οἶδα
663 5685 744 5737 ὅτι
775 5683 1084 5756 ἐκαθάρθην
1107 5687 1170 5738 ἐκ
1199 5685 1306 5738 τῶν
1336 5686 1639 5758 ἁμαρτιῶν.
1658 5687 1828 5740 Ἐκεῖ-

243 5779 323 5815 νοι
349 5765 408 5818 δέ
441 5765 565 5820 τότε
597 5769 696 5822 οὑκ
721 5767 1025 5832 ἐπίστευον,
1050 5769 1098 5822 εἱ
1140 5768 1213 5834 μὴ
1237 5768 1427 5824 ἔλαϐον
1459 5772 1707 5839 σημεῖον’
1737 5769 1824 5824 διὰ

1276 337 1362 392 DE
1395 334 1673 395 SANCTA
1706 332 2185 396 PENTECCSTE.
2229 344 2462 402 ll’OMlL.
2496 347 2537 404 I.

3403 352 3506 412 £60

1935 458 2088 512 τοῦτο
2117 461 2300 526 αὑτοῖς
2331 464 2527 518 ἐδίδοτο
2557 467 2774 538 σημεῖα,
2809 463 2996 538 ὥσπερ
3030 464 3281 538 ἐνέχυρον
3309 467 3406 538 τῆς
3431 467 3513 522 πί·

1936 562 2104 610 στεως
2148 545 2216 620 ἧς
2259 551 2733 606 ἐπίστευον.”Ωστε
2774 555 2872 624 οὑχ
2907 553 2983 616 ὼς
3023 557 3254 619 πιστοῖς,
3289 553 3403 607 ἀλλ’
3437 553 3514 619 ὡς

1933 635 2181 699 ἀπίστοις
2201 637 2399 692 ἐδίδοτο
2421 639 2489 693 τά
2512 644 2730 712 σημεῖα,
2751 642 2837 694 ἵνα
2857 642 3117 711 γένωνται
3139 641 3340 696 πιστοῦ
3372 639 3514 696 οὕτω

1933 727 2027 778 καὶ
2083 727 2293 790 Παῦλός
2346 746 2506 801 φησι·
2548 731 2624 785 Τὰ
2657 731 2875 801 σημεῖα
2909 733 2980 785 οὐ
3019 731 3144 798 τοῖς
3195 731 3514 784 πιστεύου-

1931 827 2055 877 σιν,
2089 815 2249 868 ἀλλὰ
2288 816 2414 881 τοῖς
2457 818 2754 884 ἀπίστοις.
2774 821 2984 890 Ὁρᾶτε,
3015 820 3096 872 ὃτι
3152 819 3272 889 οὐχὶ
3316 820 3513 890 ἀτιμάο

1932 900 2114 965 ξοντος
2147 905 2292 973 ἡμᾶς
2323 905 2415 958 τοῦ
2442 906 2599 972 Θεοῦ,
2625 907 2763 960 ἀλλὰ
2789 907 3055 976 τιμῶντός
3081 909 3196 960 ἐστι
3215 909 3276 961 τὸ
3306 910 3519 962 συστεῖ-

1931 989 2018 1042 λαι
2050 991 2148 1060 τὴν
2195 992 2301 1044 τῶν
2330 994 2571 1063 σημείων
2603 995 2888 1061 ἐπίδειξιν;
2921 996 3248 1067 Βουλόμενος
3273 997 3380 1068 γὰρ
3410 997 3512 1050 δεῖ·

1933 1077 2018 1142 ξαι
2063 1081 2160 1150 τὴν
2205 1081 2385 1133 πίστιν
2431 1082 2608 1154 ἡμῶν,
2637 1085 2717 1137 ὅτι
2755 1086 2923 1155 χωρὶς
2969 1084 3238 1156 ἐνεχύρων
3279 1086 3373 1138 καὶ
3420 1102 3509 1156 σηο

1933 1165 2102 1234 μείων
2149 1166 2295 1236 αὑτῷ
2348 1168 2691 1240 πιστεύομεν.
2736 1170 2894 1224 τοῦτο
2939 1173 3271 1243 πεποίηκεν·
3313 1174 3509 1227 ἐκεῖνοι

1933 1254 2032 1324 μὲν
2059 1256 2166 1326 γὰρ
2192 1258 2240 1309 εἰ
2275 1257 2347 1327 μὴ
2373 1257 2563 1312 ἔλαϐον
2604 1261 2819 1330 πρῶτον
2852 1264 3077 1332 σημεῖον
3105 1263 3199 1316 καὶ
3231 1262 3506 1332 ἐνέχυρον,

1927 1345 2028 1396 οὑκ
2065 1344 2130 1397 ἂν
2170 1346 2319 1416 αὑτῷ
2353 1349 2635 1402 ἐπίστευον
2679 1351 2806 1422 περί
2849 1351 2956 1403 τῶν
3003 1349 3258 1421 ἀφανὼν⁸
3304 1349 3416 1419 ἐγὼ
3453 1350 3510 1402 δὲ

1929 1433 2023 1485 καὶ
2073 1435 2244 1506 χωρὶς
2287 1436 2477 1490 τούτου
2512 1441 2692 1494 πᾶσαν
2730 1441 3071 1511 ἐπιδείκνυμι
3103 1443 3317 1493 πίστιν·
3352 1439 3511 1493 τοῦτο

1929 1516 2021 1573 οὖν
2052 1522 2224 1575 αἴτιον
2249 1523 2344 1576 τοῦ
2379 1525 2452 1596 μὴ
2481 1525 2723 1594 γίνεσθαι
2750 1531 2952 1599 σημεῖα
2987 1527 3101 1581 νῦν.

2001 1615 2061 1662 ε’.
2094 1610 2419 1682 Ἐϐουλόμην
2449 1614 2541 1665 καὶ
2570 1615 2696 1685 περὶ
2728 1615 2826 1684 τῆς
2853 1614 3160 1678 ὑποθέσεως
3187 1615 3286 1685 τῆς
3317 1613 3509 1686 ἑορτῆς

1929 1698 2125 1761 εἰπεῖν,
2154 1698 2248 1750 καὶ
2288 1697 2456 1762 δεῖξαι
2488 1699 2540 1752 τί
2572 1701 2703 1754 ποτέ
2733 1703 2847 1755 ἐστι
2883 1702 3243 1774 πεντηκοστὴ,
3275 1702 3369 1755 καὶ
3422 1701 3510 1753 δ.ἀ

1927 1787 1982 1840 τί
2013 1789 2070 1839 ἐν
2095 1790 2159 1858 τῇ
2202 1787 2360 1858 ἐορτῇ
2395 1789 2564 1862 ταύτῃ
2593 1790 2653 1843 τὸ
2678 1792 2922 1862 χάρισμα
2962 1791 3183 1853 δίδοται,
3207 1791 3302 1844 καὶ⁸
3336 1790 3424 1844 διὰ
3455 1789 3510 1842 τί

1929 1879 1986 1930 ἐν
2018 1875 2288 1944 γλώσσαις
2328 1878 2601 1946 πυρίναις,
2628 1880 2721 1932 καὶ
2743 1879 2830 1932 διὰ
2856 1878 2908 1930 τί
2944 1880 3082 1949 μετὰ
3101 1879 3229 1931 δέκα
3257 1878 3468 1950 ἡμέρας
3491 1893 3505 1907 .

1929 1962 1988 2017 ἀ)
2001 1965 2047 2014 Α*
2067 1962 2178 2035 όρῶ
2207 1963 2341 2035 πρὸς
2367 1964 2538 2034 μῆκος
2574 1965 2671 2036 τὴν
2710 1965 3056 2018 διδασκαλίαν
3087 1964 3470 2036 ἐκτεινομένην
3491 1979 3506 1994 ”

1927 2051 2008 2105 διὸ
2048 2052 2204 2121 ὀλίγα
2250 2054 2509 2124 προσθεὶς
2553 2055 2891 2109 καταπαύσω
2936 2055 3029 2108 τὸν
3071 2054 3262 2122 λόγον⁸
3304 2054 3400 2106 Ἑν
3426 2044 3509 2120 τῷ

1928 2140 2434 2210 συμπληροῦσθαι
2479 2141 2595 2209 τὴν
2647 2142 2874 2211 ἡμέραν
2919 2141 3030 2211 τῆς
3087 2139 3509 2209 πεντηκοστῆς

1928 2228 2218 2299 ὤφθησαν
2271 2230 2477 2296 αὐτοῖς
2527 2228 2991 2300 διαμεριζόμεναι
3044 2229 3317 2301 γλῶσσαι
3365 2230 3509 2283 ὡσεί

1929 2318 2119 2382 πυρός
2139 2333 2153 2346 θ
2203 2317 2323 2386 οὑχὶ
2356 2317 2547 2388 πυρὸς.
2581 2317 2694 2371 ἀλλ’
2722 2318 2854 2371 ὡσεὶ
2879 2317 3070 2389 πυρὸς,
3102 2318 3190 2370 ἵνα
3227 2317 3392 2388 μηδὲν
3421 2317 3512 2370 αἱ·

1931 2403 2127 2474 σθητὸν
2171 2404 2518 2477 ὑποπτεύσῃς
2559 2407 2688 2476 περὶ
2728 2405 2820 2459 τοῦ
2869 2401 3205 2474 Πνεύματος.
3243 2403 3510 2474 Καθάπερ

1929 2491 2038 2564 γὰρ
2065 2493 2157 2546 ἐπὶ
2180 2493 2288 2547 τῶν
2322 2493 2650 2565 Ἰορδανείων
2677 2493 2906 2565 ῥείθρων
2925 2493 3046 2562 υὺχὶ
3065 2490 3361 2564 περιστερά
3382 2509 3510 2544 κατ-

1928 2580 2050 2652 έϐη,
2089 2578 2238 2652 [465]
2271 2581 2383 2634 ἀλλ’
2411 2582 2470 2634 ἐν
2513 2581 2644 2635 εῖδει
2695 2581 3059 2652 περιστερᾶς·
3107 2579 3250 2634 οῦτω
3293 2579 3388 2632 καὶ
3426 2581 3510 2632 ἐν·

1928 2669 2103 2723 ταῦθα
2148 2670 2270 2740 οὐχὶ
2319 2670 2451 2742 πῦρ,
2484 2670 2596 2724 ἀλλ’
2617 2672 2674 2723 ἐν
2703 2669 2834 2723 εῖδει
2864 2669 3056 2741 πυρός.
3083 2671 3196 2722 Καὶ⁹
3228 2668 3391 2722 πάλιν
3414 2668 3510 2722 ἀν-

1928 2757 2120 2828 ωτέρω
2175 2758 2373 2828 φησίν·
2432 2759 2591 2812 Ὠσεί
2641 2757 2973 2827 φερομένης
3023 2755 3220 2825 πνοῆς
3266 2756 3509 2821 βιαίας·

1927 2846 2046 2915 οὑχ).
2081 2846 2249 2916 πνοῆς
2279 2845 2479 2916 βιαίας,
2510 2846 2625 2899 ἀλλ’
2659 2846 2735 2910 ὡς
2764 2844 3071 2916 φερομένης
3101 2845 3268 2915 πνοῆς
3303 2843 3508 2914 βιαίας.

1929 2933 2087 2997 Τίνος
2117 2933 2175 2986 δὲ
2199 2934 2383 2988 ἕνεκεν
2411 2937 2440 2988 ό
2467 2935 2564 3005 μὲν
2598 2933 2858 3003 Ἱεζεκιὴλ
2881 2933 2941 2986 οὑ
2971 2933 3040 2986 δι’
3066 2930 3380 3002 ὁμοιώσεως
3408 2948 3510 2985 πυ-

1931 3021 2022 3092 ρὸς
2064 3020 2328 3092 λαμϐάνει
2358 3021 2420 3074 τὸ
2459 3022 2707 3092 χάρισμα
2733 3021 2832 3091 τῆς
2863 3019 3221 3092 προφητείας,
3253 3017 3388 3072 ἀλλά
3423 3017 3510 3072 διὰ

1932 3107 2159 3178 βιϐλίου,
2179 3111 2227 3162 οἱ
2251 3109 2308 3162 δὲ
2338 3109 2624 3163 ἀπόστολοι
2652 3108 2740 3162 διὰ
2766 3108 2938 3179 πυρὸς
2963 3107 3300 3177 λαμϐάνουσι
3328 3106 3395 3160 τὰ
3417 3123 3509 3175 χα-

1931 3197 2204 3268 ρίσματα;
2233 3198 2368 3268 Περὶ
2408 3198 2506 3269 μὲν
2551 3197 2659 3268 γὰρ
2705 3195 2912 3250 ἐκείνου
2959 3197 3144 3266 φησὶν,
3177 3195 3259 3248 ὅτι
3310 3193 3510 3247 ἔδωκεν

1929 3288 2008 3350 εἰς
2039 3286 2099 3338 τὸ
2131 3285 2305 3356 στόμα
2334 3284 2498 3339 αὑτοῦ
2530 3283 2792 3353 κεφαλίδα
2828 3283 3054 3355 βιϐλίου,
3104 3282 3200 3336 καὶ
3245 3281 3510 3351 ἐγγέγρα-

1929 3391 2058 3427 πται
2083 3373 2402 3444 κατάλεγμα
2435 3373 2530 3427 καὶ
2557 3372 2716 3444 μέλος
2745 3372 2840 3426 καὶ
2869 3373 3010 3436 οὑαὶ,
3035 3372 3128 3424 καὶ
3157 3366 3224 3442 ἦν
3247 3369 3313 3424 τὰ
3336 3369 3510 3422 ὀπίσω

1929 3467 2024 3520 καὶ
2047 3465 2117 3518 τά
2145 3465 2452 3537 ἔμπροσθεν
2475 3464 2836 3537 γεγραμμένα
2855 3481 2868 3494 ο
2902 3463 2996 3517 καὶ
3023 3463 3222 3532 ἔφαγεν
3241 3461 3393 3526 αὑτὸ,
3416 3461 3510 3514 καὶ

1929 3555 2144 3624 ἐγένετο
2189 3555 2247 3607 ἐν
2292 3553 2370 3624 τῷ
2417 3553 2644 3624 στόματι
2688 3553 2763 3615 ὠς
2802 3551 2921 3623 μέλι
2965 3549 3249 3621 γλυκάζον.
3290 3549 3425 3620 Περὶ
3453 3548 3509 3601 δέ

1927 3643 2037 3696 τῶν
2077 3642 2390 3696 ἀποστόλων
2435 3642 2532 3713 οὑχ
2582 3640 2753 3705 οὑτως
2775 3658 2787 3671 ·
2825 3641 2938 3694 ἀλλ’
2964 3641 3279 3708 Ὠφθησαν
3305 3639 3441 3691 αὺτ(
3459 3635 3516 3703 ῖς

1930 3730 2204 3803 γλῶσσαι
2234 3731 2378 3786 ὡσεὶ
2412 3732 2622 3799 πυρός.
2657 3729 2812 3794 Τίνος
2838 3725 2930 3783 οὖν
2968 3729 3153 3788 ἕνεκεν
3177 3727 3292 3778 ἐκεῖ
3311 3723 3510 3795 βιϐλίον

1929 3822 2024 3874 καὶ
2058 3821 2382 3892 γράμματα,
2425 3819 2660 3873 ἐνταῦθα
2705 3819 2762 3872 δέ
2806 3818 3024 3887 γλῶσσα
3070 3815 3165 3868 καὶ
3209 3814 3351 3886 πῦρ;
3388 3813 3512 3866 Ὅτι

1931 3913 2136 3974 ἐκεῖνος
2179 3910 2279 3980 μὲν
2323 3910 2489 3980 ἀπῄει
2518 3908 2912 3978 κατηγορήσων
2953 3903 3385 3976 ἁμαρτημάτων,
3417 3902 3511 3954 καί⁸

1930 3995 2217 4066 θρηνήσων
2251 3994 2536 4065 συμφοράς
2569 3993 2865 4055 ἰουδαῖκάς
2890 4008 2903 4021 ·
2930 3985 3077 4044 οὗτοι
3108 3989 3166 4042 δέ
3189 3989 3416 4060 ἐξῄεσαν
3440 3988 3511 4041 τά

1928 4079 2028 4150 τῆς
2056 4080 2378 4150 οἰκουμένης
2408 4081 2782 4150 ἁμαρτήματα
2799 4078 3227 4148 δαπανήσοντες·
3246 4074 3335 4127 διά
3351 4073 3511 4128 τοῦτο

1928 4169 2136 4231 ἐκεῖνος
2187 4168 2285 4238 μὲν
2322 4168 2696 4238 γραμματεῖον
2729 4165 3002 4236 ἐλάμϐανε
3044 4164 3154 4218 τῶν
3199 4163 3509 4236 μελλουσῶν

1932 4255 2224 4329 συμφορῶν
2253 4256 2558 4326 ὑπόμνησιν
2580 4271 2594 4284 ο
2625 4246 2771 4310 οὗτοι
2799 4254 2856 4308 δέ
2883 4254 2994 4327 πῦρ
3019 4253 3345 4324 ἐλάμϐανον,
3365 4252 3508 4305 ὥστε

1931 4343 2272 4398 κατακαῦσαι
2320 4343 2391 4396 τὰ
2433 4344 2532 4415 τῆς
2574 4343 2899 4414 οἰκουμένης
2944 4343 3355 4413 ἁμαρτήματα,
3414 4341 3510 4394 καὶ⁵

1930 4432 2190 4501 ἀφανίσαι
2225 4431 2420 4485 πάντα.
2454 4430 2721 4502 Καθάπερ
2747 4431 2856 4502 γάρ
2891 4429 3000 4503 πῦρ
3039 4431 3116 4493 εἰς
3145 4428 3386 4492 ἀκάνθας
3407 4429 3507 4498 ἐμ-

1929 4524 2127 4575 πῖπτον
2161 4522 2341 4585 πάσας
2373 4522 2541 4584 αὑτὰς
2569 4521 2819 4590 ἀφανίσει
2856 4520 3074 4592 ῥᾳδίως,
3110 4519 3251 4573 οὑτω
3287 4519 3381 4571 καὶ
3411 4516 3507 4570 τοῦ

1930 4609 2070 4662 Πνεύ
2077 4627 2244 4680 ματος
2271 4611 2304 4681 ἡ
2329 4611 2488 4682 χάρις
2507 4609 2746 4664 ἐδαπάνα
2764 4609 2871 4662 τῶν
2892 4607 3192 4680 ἀνθρώπων
3213 4606 3310 4670 τὰς
3330 4607 3509 4677 ἀμαρο

1928 4698 2065 4762 τίας.
2085 4697 2226 4751 Ἀλλ’
2244 4698 2294 4750 οί
2331 4697 2648 4768 ἀναίσθητοι
2679 4698 2919 4752 Ἰουδαῖοι
2951 4695 3154 4750 τούτων
3181 4695 3506 4766 γενομένων,

1927 4786 2047 4839 δέον
2078 4785 2532 4856 καταπεπλῆχθαι
2564 4787 2660 4839 καὶ
2695 4785 2915 4857 τρέμειν
2943 4785 3036 4838 καὶ
3065 4787 3390 4854 προσκυνεῖν
3415 4783 3508 4837 τὸν
3585 4839 3604 4858 ν

1928 4872 2135 4926 διδόντα
2165 4874 2264 4945 τὴν
2301 4872 2530 4944 δωρεὰν,
2562 4873 2723 4927 πάλιν
2750 4873 2848 4945 τὴν
2874 4873 3082 4927 οἰκείαν
3119 4873 3346 4928 ἀνοιανι
3386 4873 3509 4927 ἐπι-
3594 4871 3596 4873 ’

1928 4961 2232 5015 δείκνυνται
2269 4960 2439 5032 μέθην
2465 4961 2898 5033 κατηγοροῦντες
2930 4961 3038 5016 τῶν
3061 4960 3508 5034 πεπληρωμένων

1928 5047 2023 5103 τοῦ
2059 5036 2377 5121 Πνεύματος
2405 5050 2716 5104 ἀποστόλων
2736 5065 2748 5077 ·
2781 5046 2956 5105 Οὗτοι
2984 5049 3113 5123 γὰρ,
3141 5051 3293 5121 φησὶ,
3333 5052 3508 5120 γλεύ⁶

1931 5154 2077 5202 κους
2107 5137 2550 5207 μεμεστωμένοι
2592 5139 2768 5192 εἰσίν.
2791 5138 3071 5210 Ἐννόησον
3117 5139 3507 5209 ἀγνωμοσύνην

1931 5225 2251 5298 ἀνθρώπων,
2283 5227 2376 5280 καὶ
2407 5225 2679 5297 σκόπησον
2707 5227 3124 5297 εὐγνωμοσύνην
3157 5226 3421 5295 ἀγγέλων.
3442 5227 3506 5279 Οἱ

1933 5315 2031 5385 μὲν
2055 5315 2162 5387 γὰρ
2194 5315 2412 5385 ἄγγελοι
2445 5316 2534 5369 ὅτε
2564 5311 2703 5370 εἶδον
2742 5315 2837 5387 τὴν
2882 5315 3136 5387 ἀπαρχὴν
3165 5313 3505 5384 ἀναγομένην

1927 5404 2026 5475 τὴν
2067 5404 2362 5475 ἡμετέραν,
2397 5404 2612 5476 ἔχαιρον
2655 5407 2748 5458 καὶ
2780 5405 3000 5475 ἔλεγονο
3037 5408 3240 5473 Ἄρατε
3282 5403 3501 5469 πύλας,

1929 5495 1982 5546 οἱ
2022 5490 2329 5561 ἄρχοντες,
2359 5491 2545 5563 ὑμῶν,
2574 5495 2673 5548 καί
2702 5492 3018 5562 ὲπάρθητε,
3051 5493 3234 5546 πύλαι
3259 5488 3502 5555 ultimm,

1929 5579 2027 5634 καί
2076 5581 2486 5636 εἰσελεύσεται
2535 5583 2568 5636 ό
2610 5579 2910 5647 ,βασιλεὺς
2945 5577 3051 5651 τῆς
3091 5577 3309 5647 δόξης-ο
3351 5577 3403 5632 οι
3448 5574 3504 5628 δὲ

1993 5776 2019 5807 ⁸
2039 5775 2162 5840 Reg.
2189 5778 2398 5840 ἄγνοιαν.

3625 3730 3648 3760 Ι
