4038 6204
463 304 564 360 ιοι

465 403 741 483 ἂνθρωποι
790 413 988 479 ἰδόντες
1013 415 1112 488 τὴν
1138 416 1230 470 τοῦ
1263 419 1576 490 Πνεύματος
1605 424 1764 493 χάριν
1793 423 2028 476 καταϐά-

467 516 566 551 σαν
592 497 726 567 πρὸς
760 497 905 567 ἡμᾶς
942 497 1209 566 λέγουσιν,
1245 501 1325 554 ὅτι
1365 501 1652 572 μεθύουσιν
1679 505 1727 556 οἱ
1753 504 2033 575 δεξάμενοι

464 580 564 652 τὴν
598 579 774 650 χάριν,
803 581 896 633 καὶ
921 581 1039 634 οὺδέ
1074 583 1106 654 ή
1140 581 1258 654 ὥρα
1290 583 1382 637 τοῦ
1427 585 1579 650 ἔτους
1604 587 1798 649 αὐτοὺς
1837 587 2034 639 ἐδυσώ-

465 679 635 733 πησε·
676 663 903 732 γλεῦκος
950 664 1059 736 γάρ
1101 667 1158 717 ἐν
1203 665 1362 737 ἔαρος
1393 667 1511 738 ὥρᾳ
1537 668 1634 720 οὐκ
1679 669 1744 721 ἂν
1786 669 2034 740 εὑρεθείη

466 745 630 798 ποτέ·
659 747 778 798 τότε
813 745 870 799 δὲ
907 746 1005 818 ἔαρ
1033 743 1120 818 ἦν.
1139 749 1276 800 Ἀλλ’
1299 751 1493 802 ἐκεῖνοι
1526 751 1623 821 μὲν
1651 751 1992 819 ἀφείσθωσαν
2015 769 2030 783 ·

464 827 626 898 ⁴ἡμεῖς
664 825 720 880 δὲ
763 827 1050 899 σκοπῶμεν
1081 830 1180 902 τήν
1217 832 1482 884 ἀντίδοσιν
1520 831 1610 885 τοῦ
1654 833 2033 905 φιλανθρώπου

463 909 825 964 Θεοῦ.¹Ἐλαϐε
851 911 952 979 τήν
975 911 1228 984 ἀπαρχὴν
1265 914 1368 983 τῆς
1396 913 1605 983 φύσεως
1635 915 1734 986 τῆς
1763 917 2036 986 ἡμετέρας

461 993 492 1044 6
521 993 772 1062 Χριστὸς,
805 996 898 1048 καὶ
947 995 1245 1049 ἀντέδωκεν
1275 1001 1408 1068 ἡμῖν
1439 997 1538 1050 τοῦ
1581 998 1895 1069 Πνεύματος
1935 1001 2034 1070 τὴν

463 1076 646 1145 χάριν·
693 1078 784 1130 καὶ
809 1077 1058 1149 καθάπερ
1089 1080 1146 1131 ἐν
1177 1079 1371 1151 μακρῷ
1400 1079 1618 1151 πολέμῳ
1647 1081 1880 1149 γίνεται,
1908 1083 2034 1136 ὅταν

463 1157 611 1227 μάχη
656 1158 810 1229 λυθῇ,
856 1162 950 1214 καὶ
995 1163 1182 1233 εἰρήνη
1227 1164 1470 1234 γένηται,
1513 1167 1562 1217 οί
1597 1165 1733 1234 πρὸς
1776 1165 2034 1236 ἀλλήλους

461 1240 712 1310 ἀπεχθῶς
759 1243 972 1312 ἔχοντες
1014 1245 1242 1317 ἐνέχυρα
1275 1249 1370 1300 καὶ
1397 1249 1580 1318 ὅμηρα
1611 1247 1862 1318 ἀλλήλοις
1883 1252 2032 1302 άντι-

459 1323 692 1379 διδόασιν
713 1343 725 1354 ·
759 1326 900 1380 οὕτω
931 1328 1026 1382 καὶ
1049 1330 1141 1383 ἐπὶ
1163 1330 1260 1382 τοῦ
1291 1329 1426 1384 Θεοῦ
1455 1332 1549 1385 καὶ
1577 1333 1668 1383 ἐπὶ
1697 1333 1796 1402 τῆς
1823 1333 2034 1404 ἀνθρω-

463 1407 624 1478 πίνης
654 1407 868 1476 ἐγένετο
907 1411 1154 1479 φύσεως·
1203 1413 1450 1482 ἐπεμψεν
1487 1414 1638 1484 αὐτῷ
1669 1416 1898 1486 ἐνέχυρα
1941 1417 2034 1468 καὶ

461 1490 646 1560 ὅμηρα
687 1491 784 1562 τήν
812 1493 1067 1565 ἀπαρχὴν
1107 1495 1174 1565 ἣν
1201 1495 1498 1566 ἀνήνεγκεν
1527 1500 1557 1550 ό
1579 1498 1810 1567 Χριστός
1833 1515 1846 1526 ·
1911 1500 2048 1568 ἀντ--⁸

464 1573 706 1642 ἐπεμψεν
736 1579 866 1646 ἡμῖν
893 1579 1054 1641 αὐτὸς
1086 1577 1315 1651 ἐνέχυρα
1343 1583 1436 1635 καὶ
1460 1584 1640 1653 ὅμηρα
1660 1582 1953 1654 τὸΠνεῦμα
1975 1583 2034 1636 τὸ

460 1657 764 1724 άγιον.”()τι
809 1661 866 1713 δὲ
894 1663 1123 1734 ἐνέχυρα
1155 1667 1250 1718 καὶ
1276 1666 1460 1738 ὅμηρα
1487 1667 1704 1738 ἔχομεν,
1747 1667 1902 1738 δῆλον
1949 1671 2034 1720 ἐν·

458 1739 682 1820 τεῦθεν·
715 1742 782 1794 τά
815 1742 923 1813 γάρ
947 1745 1178 1818 ἐνέχυρα
1208 1748 1300 1800 καὶ
1329 1749 1510 1820 ὅμηρα
1545 1749 1823 1820 βασιλικοῦ
1845 1751 2032 1819 γένους

460 1819 598 1877 εἷναι
645 1828 779 1898 χρή·
829 1828 918 1880 διά
964 1829 1124 1882 τοῦτο
1155 1831 1249 1883 καὶ
1283 1819 1506 1903 Πνεῦμα
1539 1819 1691 1901 άγιον
1725 1835 1855 1904 ἡμῖν
1904 1851 2032 1886 κατ-

459 1907 736 1980 επέμφθη.
771 1909 846 1972 ὡς
894 1909 992 1980 τῆς
1041 1910 1473 1984 βασιλικωτάτης
1507 1914 1692 1978 οὐσίας
1736 1915 1795 1970 δν
1819 1931 1832 1948 ⁸
1881 1917 1974 1969 καὶ
2006 1917 2034 1968 6

459 1992 588 2060 παρ’
610 1995 740 2062 ἡμῖν
769 1992 822 2046 δέ
855 1994 1160 2065 ἀνενεχθεὶς
1187 1995 1250 2048 ἐκ
1284 1996 1474 2063 γένους
1501 1993 1567 2068 ἦν
1595 1997 1904 2067 βασιλικοῦ·
1927 2001 2034 2052 ἀπὸ

458 2074 567 2145 γάρ
600 2073 690 2127 τοῦ
729 2077 1039 2148 σπέρματος
1073 2073 1140 2148 ἦν
1177 2078 1358 2131 Δαυῖδ.
1393 2080 1490 2132 Διά
1517 2080 1674 2134 τοῦτο
1711 2083 1814 2134 οὐκ
1843 2081 1920 2136 ἔτι
1952 2083 2034 2135 δέ·

458 2157 633 2222 δοικα,
667 2160 747 2211 ὅτι
783 2161 816 2228 ἡ
862 2159 1085 2230 ἀπαρχὴ
1125 2160 1284 2230 ἡμῶν
1327 2161 1439 2216 ἀνω
1480 2162 1740 2232 κάθηται·
1767 2163 1855 2216 διὰ
1879 2165 2035 2217 τοῦτο

459 2239 562 2293 κᾶν
609 2240 865 2311 σκώληκά
918 2259 1008 2312 μοι
1062 2259 1144 2306 τις
1188 2244 1316 2316 είπη
1362 2245 1734 2316 ἀτελεύτητον,
1777 2248 1880 2300 κᾶν
1925 2247 2034 2318 πῦρ

460 2321 614 2394 [466]
643 2323 926 2388 ἄσϐεστον,
961 2325 1065 2379 κᾶν
1095 2325 1286 2396 ἐτέρας
1316 2327 1568 2390 κολάσεις
1605 2329 1700 2380 καὶ
1742 2330 2030 2400 τιμωρίας,

459 2405 520 2458 οὐ
553 2405 822 2477 φοϐοῦμαι
859 2408 1042 2462 λοιπόν
1063 2425 1076 2439 ·
1126 2410 1323 2479 μᾶλλον
1361 2410 1416 2464 δέ
1464 2409 1731 2482 φοϐοῦμαι
1783 2414 1900 2482 μὲν,
1936 2415 2036 2466 οὐκ

459 2488 821 2560 ἀπογινώσκω
865 2491 922 2544 δέ
961 2491 1060 2562 τῆς
1099 2493 1370 2563 σωτηρίας
1397 2495 1494 2564 τῆς
1524 2495 1784 2565 ἐμαυτοῦ.
1826 2497 1889 2549 El
1927 2495 2034 2568 γὰρ

463 2572 540 2643 μὴ
570 2573 780 2644 μεγάλα
803 2574 984 2642 ἀγαθά
1009 2577 1040 2630 ό
1069 2577 1200 2641 Θεὸς
1228 2578 1356 2649 περὶ
1379 2578 1474 2630 τοῦ
1493 2578 1683 2646 γένους
1703 2577 1860 2650 ἡμῶν
1877 2580 2034 2632 ἐϐου-

458 2655 668 2722 λεύετο,
697 2659 800 2711 οὐκ
829 2656 898 2712 ἂν
923 2659 1022 2730 τήν
1065 2660 1320 2731 ἀπαρχὴν
1347 2661 1502 2730 ήμῶν
1538 2661 1726 2715 ἐλαϐεν
1754 2662 1888 2716 ἀνω.
1923 2662 2038 2733 Πρὸ

458 2738 652 2794 τούτου
697 2743 796 2812 μέν
830 2744 910 2806 είς
937 2743 1028 2796 τὸν
1058 2743 1282 2815 οὐρανὸν
1313 2745 1600 2815 βλέποντες
1627 2747 1722 2799 καὶ
1757 2745 1857 2809 τάς
1889 2747 2037 2798 άσω-

462 2821 666 2894 μάτως
714 2825 1020 2889 ἐννοοῦντες
1065 2825 1321 2898 δυνάμεις
1369 2828 1705 2898 σαφεστέραν
1745 2826 1844 2898 τὴν
1882 2827 2036 2880 εὐτέ-

461 2909 610 2964 λειαν
655 2907 869 2978 ὁρῶμεν
890 2911 910 2930 ⁵
946 2908 1043 2980 τὴν
1089 2910 1382 2981 ἡμετέραν,
1415 2910 1522 2964 ἀπὸ
1558 2913 1656 2982 τῆς
1699 2912 2038 2984 συγκρίσεως

457 2997 570 3050 τῶν
598 2991 712 3046 ἀνω
737 2992 1020 3063 δυνάμεων
1037 3009 1050 3022 ·
1084 2993 1178 3046 νῦν
1201 2993 1258 3046 δὲ
1291 2995 1417 3046 ὅταν
1449 2993 1798 3064 βουληθῶμεν
1825 2994 1924 3064 τὴν
1947 2994 2037 3047 εὐ-

461 3074 674 3142 γένειαν
719 3074 874 3144 ἡμῶν
918 3075 1066 3139 ίδεῖν,
1105 3077 1186 3139 είς
1228 3076 1319 3130 τὸν
1349 3077 1574 3148 οὐρανὸν
1603 3079 1714 3131 ἄνω
1749 3077 2034 3148 βλέπομεν,

463 3157 544 3222 είς
591 3156 684 3210 τὸν
730 3157 916 3228 θρόνον
953 3159 1116 3214 αὐτὸν
1147 3159 1235 3212 τὸν
1268 3159 1571 3230 βασιλικόν·
1603 3161 1720 3212 ἐκεῖ
1755 3159 1864 3232 γὰρ
1907 3162 1940 3232 ἡ
1979 3159 2040 3224 ἐξ

460 3239 624 3312 ήμῶν
667 3239 888 3312 ἀπαρχὴ
935 3242 1187 3314 κάθηται.
1215 3242 1371 3298 Οὕτω
1409 3243 1503 3298 καὶ
1535 3243 1810 3297 ἐλεύσεται
1854 3247 1881 3298 ὁ
1913 3244 2039 3308 Υἱὸς

433 3323 556 3394 *τοῦ
583 3325 718 3380 Θεοῦ
764 3327 829 3380 ἐκ
865 3325 956 3380 τοῦ
989 3327 1217 3398 ούρανοῦ
1251 3327 1448 3398 κρίνων
1482 3329 1650 3398 ἡμᾶς.
1685 3329 2040 3398 Παρασκευα-

461 3407 688 3479 ζώμεθα
717 3407 917 3472 τοίνυν,
937 3407 1076 3462 ὥστε
1101 3409 1174 3481 μὴ
1203 3410 1302 3480 τῆς
1332 3408 1490 3481 δόξης
1517 3410 1732 3481 ἐκείνης
1762 3413 2036 3464 ἐκπεσεῖν·

460 3491 582 3562 ἥξει
611 3492 718 3564 γάρ
752 3493 967 3556 πάντως
997 3493 1091 3546 καὶ
1127 3495 1188 3546 ού
1234 3497 1437 3564 χρονιεῖ
1480 3496 1509 3546 ό
1554 3493 1729 3556 κοινὸς
1764 3493 1918 3564 ήμῶν
1943 3496 2038 3546 Δε-

465 3576 700 3646 σπότης·
732 3576 850 3646 ἥξει
886 3577 1220 3648 στρατόπεδα
1263 3577 1623 3648 ἐπαγόμενος,
1661 3577 1908 3645 ἀγγέλων
1949 3579 2040 3632 τά·

462 3675 668 3727 γματα,
701 3660 1054 3730 ἁρχαγγέλων
1079 3660 1402 3730 συμμορίας,
1429 3659 1718 3732 μαρτύρων
1748 3660 2034 3731 φροπρῖοις⁹

461 3741 686 3796 δικαίων
731 3745 945 3815 χοροὺς,
975 3745 1268 3814 προφητῶν
1318 3743 1412 3796 καὶ
1457 3741 1770 3796 ἀποστόλων
1809 3743 2034 3813 δήμους,

462 3826 554 3878 καὶ
583 3827 641 3879 ἐν
669 3827 818 3898 μέσῳ
846 3827 954 3880 τῶν
985 3827 1358 3898 στρατοπέδων
1383 3825 1557 3880 άΰλωι
1587 3825 1806 3879 ἐκείνων
1828 3829 1856 3879 ό
1882 3825 2036 3896 βασι-

459 3909 586 3973 λεὺς
609 3911 932 3982 φαινόμενος
964 3913 1024 3966 ἐν
1049 3912 1275 3984 ἀρρήτῳ
1305 3911 1410 3964 τινὶ
1439 3911 1533 3963 καὶ
1565 3910 1827 3980 ἀφράστῳ
1853 3907 2000 3981 δόξῃ.

532 4000 605 4059 ς’.
628 3994 811 4048 Πάντα
841 3995 1019 4047 τοίνυν
1043 3993 1304 4064 ποιῶμεν,
1334 3992 1476 4045 ὥστε
1503 3991 1578 4063 μὴ
1595 3991 1695 4060 τῆς
1718 3989 1874 4060 δόξης
1901 3985 2037 4044 ἐκεί.

461 4095 558 4148 νης
579 4079 851 4130 ἐκπεσεῖν.
881 4077 1141 4131 Βούλεσθε
1173 4079 1312 4131 εἴπω
1341 4075 1436 4130 καὶ
1459 4074 1526 4128 τά
1554 4073 1794 4146 φοϐερά;
1821 4077 1919 4145 οὐχ
1952 4075 2038 4128 ἵνα

459 4161 704 4232 λυπήσω,
735 4162 848 4216 ἀλλ’
880 4163 968 4217 ἵνα
993 4160 1390 4234 διορθώσωμαι.
1423 4160 1556 4213 Τότε
1597 4159 1767 4228 πυρὸς
1795 4159 2038 4228 ποταμὸς

462 4246 570 4317 πρὸ
608 4246 702 4298 τοῦ
741 4246 981 4315 βήματος
1013 4247 1221 4298 ἐκείνου
1258 4245 1509 4316 σύρεται·
1539 4244 1660 4296 τότε
1690 4241 1861 4311 βίϐλοι
1889 4242 2036 4294 ἀνοί-

461 4345 676 4396 γονται·
705 4328 1053 4397 δικαστήριον
1082 4327 1212 4396 ἔστη
1243 4327 1472 4397 φοϐερὸν
1505 4327 1600 4379 καὶ
1629 4325 1913 4397 φρικῶδες.
1937 4327 2035 4378 Διά

459 4411 618 4464 τοῦτο
659 4410 908 4479 καθάπερ
949 4412 1006 4462 ἐν
1051 4409 1383 4479 δικαστηρίῳ
1413 4408 1480 4460 τά
1521 4409 1891 4477 ὑπομνήματα
1941 4407 2036 4476 τῆς

459 4495 736 4565 ἡμετέρας
773 4493 918 4565 ζωῆς
949 4492 1400 4560 ἀναγινώσκεται,
1431 4491 1526 4543 καὶ
1566 4487 1734 4542 πολλά
1771 4507 1834 4541 πε
1846 4491 1898 4560 ρί
1929 4489 2035 4542 τῶν

463 4577 680 4649 βιϐλίων
699 4577 902 4630 τούτων
924 4577 1086 4646 φασὶν
1108 4579 1156 4628 οί
1183 4575 1476 4646 προφῆται.
1500 4573 1608 4626 Καὶ
1626 4575 1654 4626 ό
1677 4572 1776 4642 μὲν
1797 4572 2035 4642 Μωῦσῆς

339 4704 346 4710 .
461 4678 624 4733 φησιν
643 4678 658 4692 ·
695 4663 766 4716 El
792 4659 909 4730 μὲν
941 4658 1102 4728 ἀφῇς
1128 4658 1330 4723 αὐτοῖς
1357 4656 1472 4724 τὴν
1507 4656 1818 4726 ἁμαρτίαν,
1849 4655 1996 4724 ἄφες
2019 4672 2032 4685 ·

459 4748 512 4802 ει
529 4744 598 4798 δὲ
612 4745 724 4814 μὴ,
743 4745 894 4815 κάμὲ
916 4743 1243 4812 ἐξάλειψον
1264 4741 1332 4795 ἐκ
1363 4739 1473 4809 τῆς
1496 4740 1736 4805 βίϐλου,
1766 4735 1842 4810 ἧς
1863 4739 2034 4808 ἐγρα-

460 4831 614 4898 ψας·
647 4831 676 4882 ό
711 4829 768 4882 δὲ
799 4828 1031 4900 Χριστὸς
1057 4827 1218 4880 πάλιν
1249 4825 1384 4896 πρὸς
1405 4826 1530 4887 τοὺς
1565 4823 1810 4893 μαθητὰς
1829 4821 2030 4890 ἔλεγεν·

473 4915 569 4968 Ἐν
605 4914 794 4978 τούτῳ
814 4914 899 4984 μὴ
933 4913 1186 4984 χαίρετε,
1221 4909 1309 4962 ὅτι
1331 4907 1403 4962 τὰ
1432 4907 1706 4977 δαιμόνια
1733 4906 1874 4976 ὑμῖν
1899 4908 2036 4960 ὑπο-

460 4995 775 5052 τάσσεται·
817 4998 1050 5066 χαίρετε
1102 4995 1170 5048 δὲ
1206 4993 1294 5046 ὅτι
1327 4993 1398 5046 τὰ
1429 4993 1691 5060 ὀνόματα
1732 4989 1898 5060 ὑμῶν
1937 4989 2032 5058 γέ-

460 5095 711 5150 γραπται
744 5079 814 5132 ἐν
857 5080 981 5145 τοῖς
1016 5078 1324 5148 οὐρανοῖς·
1362 5078 1454 5130 καὶ
1493 5075 1653 5129 πάλιν
1684 5075 1711 5126 ό
1752 5075 2035 5146 προφήτης

459 5163 648 5217 Δαυῖδ·
697 5163 800 5218 Ἐν
832 5161 912 5227 τῷ
938 5163 1152 5229 βιϐλίῳ
1191 5178 1305 5215 σου
1351 5159 1573 5224 πάντες
1601 5159 2031 5228 magiam-rm,

459 5248 672 5318 ἡμέραι
709 5243 1189 5312 πλασθήσονται,
1221 5243 1318 5297 καὶ
1355 5241 1554 5308 οὐδεὶς
1578 5242 1648 5294 ἐν
1679 5239 1882 5306 αὐτοῖς
1901 5257 1916 5271 ·
1941 5241 2034 5293 καὶ

460 5331 655 5385 πάλιν·
705 5327 1260 5397 Ἐξαλειφθήτωσαν
1283 5327 1352 5379 ἐκ
1379 5325 1619 5390 βιϐλίου
1645 5323 1892 5387 ζώντων,
1934 5324 2034 5376 καὶ

456 5415 607 5484 μετὰ
626 5413 869 5467 δικαίων
889 5411 971 5481 μὴ
1009 5409 1424 5479 τραφήτωσαν.
1443 5408 1603 5476 Ὁρᾷς
1621 5407 1703 5460 ὅτι
1739 5407 1787 5458 οἱ
1821 5405 1918 5475 μὲν
1945 5405 2030 5470 εξ-

459 5498 791 5568 αλείφονται,
842 5498 890 5551 οἱ
931 5495 986 5548 δὲ
1026 5494 1417 5564 ἐγγράφονταις
1469 5490 1644 5561 βούλει
1693 5489 1904 5560 μαθεῖν,
1951 5489 2034 5540 ὃτι

522 5629 544 5691 ﬁ
572 5627 720 5691 F9!“
746 5629 984 5691 ἑωρῶμει.
1011 5623 1162 5691 δεινῇ.
1189 5625 1237 5673 in
1267 5636 1420 5691 min-8,

524 5689 679 5794 “ESic
714 5680 1066 5752 corfigéndnm
1099 5685 1214 5748 fuit,
1257 5680 1448 5736 edile
1491 5683 1622 5732 enim
1665 5681 1822 5731 fuerat
1873 5680 2020 5742 μείζο-

524 5763 548 5794 ;.
613 5761 705 5794 nn.

457 5760 548 5801 νος.
575 5760 705 5795 αυιτ.

1215 307 1271 362 S.
1291 308 1598 394 .JOANNIS
1633 309 2034 382 οιιιιγεοδτο

2159 312 2481 369 ARCHIEP.
2522 313 3068 370 CONSTAN'I'IROI‘.

3601 325 3710 376 UH

2137 424 2236 495 οὐχ
2277 427 2324 478 οἱ
2355 425 2552 478 δίκαιοι
2595 425 2961 495 ἐγγράφονται
3000 428 3056 478 ἐν
3088 427 3206 487 ταῖς
3243 425 3444 496 βίϐλοις
3473 430 3707 498 ἐκείναις

2138 512 2316 582 μόνον,
2353 512 2490 565 ἀλλὰ
2521 514 2616 566 καὶ
2646 513 2714 566 τά
2739 514 2957 584 άμαρτή
2967 530 3110 583 ματα
3133 513 3284 583 ἡμῶν
3307 516 3422 568 ἐκεῖ
3447 518 3710 590 ἐγγέγρα-

2136 615 2299 663 πται;
2339 599 2562 671 Ἐορτῆς
2607 600 2820 671 καιρὸς,
2873 601 3133 671 μάθωμεν
3180 603 3305 673 περὶ
3365 606 3710 676 πραγμάτων

2134 685 2443 756 δυναμένων
2472 686 2776 750 ἀπαλλάξαι
2806 691 2953 759 ἡμᾶς
2979 689 3076 759 τῆς
3107 689 3379 754 κολάσεως
3397 709 3408 722 ·
3433 693 3664 766 φοϐερὸς
3680 697 3710 748 ό

2134 773 2310 840 λόγος,
2343 773 2478 826 ἀλλά
2512 775 2603 827 καὶ
2632 778 2898 845 χρήσιμος
2923 778 3014 830 καὶ
3038 777 3316 848 λυσιτελής
3333 795 3347 808 ·
3377 781 3710 836 ἀπαλλάττει

2133 861 2242 928 γὰρ
2275 861 2370 930 τῆς
2397 862 2590 932 πείρας
2625 863 2728 931 τῆς
2765 863 2854 916 διὰ
2897 863 3002 916 τῶν
3045 866 3382 934 πραγμάτων
3403 883 3416 897 ·
3447 869 3708 938 μάθωμεν

2133 949 2310 1001 τοίνυν
2339 951 2420 1002 ὅτι
2449 951 2516 1004 τά
2544 951 2918 1020 ἁμαρτήματα
2965 953 3322 1022 ἐγγράφεται,
3347 957 3442 1008 καὶ
3466 957 3602 1028 ὅπερ
3639 957 3708 1010 ἂν

2135 1035 2368 1090 ἐνταῦθα
2419 1037 2798 1108 φθεγξώμεθα,
2839 1039 3168 1110 ἀναφέρεται
3201 1042 3404 1105 εὐθέως
3452 1045 3566 1096 ἐκεῖ
3609 1046 3712 1098 καὶ

2135 1123 2490 1194 ἐγγράφεται.
2513 1125 2624 1177 Καὶ
2657 1124 2820 1178 πόθεν
2846 1125 3003 1195 δῆλον
3027 1126 3182 1180 τοῦτο
3205 1143 3218 1191 ;
3243 1128 3304 1180 ού
3333 1130 3443 1201 γάρ
3467 1130 3545 1183 δεῖ
3567 1133 3710 1204 ὑπὲρ

2134 1210 2242 1262 τῶν
2273 1210 2526 1266 τοιούτων
2569 1211 2752 1276 ἁπλῶς
2777 1213 3189 1281 ἀποφαίνεσθαι.
3208 1215 3268 1268 '0
3299 1217 3538 1287 Μιχαίας
3573 1221 3710 1290 φησὶ

2137 1297 2273 1367 πρὸς
2305 1299 2588 1361 Ἰουδαίους
2605 1315 2620 1330 ·
2652 1301 2796 1353 Οὐαί
2817 1303 2868 1353 οἱ
2885 1301 3324 1369 παροξύνοντες
3339 1305 3446 1357 τὸν
3464 1304 3704 1372 Κύριον.

2135 1387 2242 1438 Καὶ
2271 1385 2416 1452 πῶς,
2450 1389 2602 1456 φησὶ,
2635 1373 3068 1457 παρωξύναμεν
3098 1393 3317 1456 αὑτόν;
3355 1393 3450 1444 Ἐν
3491 1391 3570 1456 τῷ
3607 1394 3708 1447 λέ-

2135 1490 2263 1542 τειν
2307 1473 2482 1542 ὑμᾶς,
2532 1474 2656 1540 Πᾶς
2700 1473 2885 1529 ποιῶν
2933 1479 3197 1544 πονηρὸν
3229 1477 3416 1544 καλὸς
3452 1481 3710 1536 ἐνώπιον

2134 1565 2380 1632 Κιιρίου.
2421 1565 2659 1619 Οίκετῶν
2689 1567 3016 1637 ἀγνωμόνων
3056 1569 3275 1639 ῥήματα
3293 1587 3309 1602 ·
3333 1572 3425 1624 καὶ
3449 1572 3506 1624 ἐν
3526 1573 3713 1637 αὐτοῖς

2136 1653 2298 1718 αὐτὸς
2339 1654 2662 1726 εὐδόκησεν·
2708 1657 2765 1708 ἐν
2811 1658 2924 1718 τοῖς
2957 1653 3390 1728 διεφθαρμένοις,
3427 1661 3612 1730 φησὶν,
3652 1663 3712 1714 ἐν

2133 1743 2248 1804 τοῖς
2290 1741 2363 1812 μὴ
2392 1741 2787 1795 δεδουλευκόσιν
2833 1735 3000 1813 αὐτῷ.
3019 1742 3174 1797 Ἰδοὺ
3213 1745 3382 1814 ἡμεῖς
3411 1747 3714 1815 ἐφυλάξα-

2129 1849 2246 1900 per
2273 1831 2346 1885 τὰ
2379 1832 2736 1902 φυλάγματα
2757 1833 2966 1898 αὐτοῦ,
2991 1831 3090 1885 καὶ
3107 1835 3502 1904 μακαρίζομεν
3527 1838 3714 1892 ἀλλο-

2134 1922 2364 1988 τρίους·
2397 1923 2558 1990 ήμεῖς
2604 1920 2734 1992 γάρ,
2764 1922 2915 1992 φησὶ,
2945 1920 3062 1976 καθ’
3083 1923 3318 1994 ἑκάστην
3361 1923 3710 1996 δουλεύομεν,

2139 2007 2287 2080 [46⁵1]
2333 2011 2428 2062 καὶ
2472 2009 2648 2079 ἕτεροι
2693 2010 2800 2062 τῶν
2839 2009 3059 2078 ἀγαθῶν
3091 2011 3441 2066 ἀπολαύουσι.
3475 2014 3715 2068 Τοιαῦτα

2136 2099 2227 2150 καί¹
2251 2097 2422 2151 δοῦλοι
2453 2098 2710 2164 πολλάκις
2730 2099 2982 2171 περὶτῶν
3001 2101 3272 2154 δεσποτῶν
3290 2102 3536 2170 λέγουσιν
3554 2121 3568 2132 ·
3591 2102 3714 2155 ἀλλ’

2136 2185 2417 2255 ἄνθρωπον
2451 2187 2550 2257 μὲν
2574 2204 2638 2240 πε
2649 2189 2700 2255 ρὶ
2731 2188 3018 2259 ἀνθρώπου
3036 2189 3212 2258 λέγειν
3237 2188 3430 2250 ταῦτα,
3450 2191 3547 2260 οὐχ
3567 2191 3720 2245 οὕτω

2136 2271 2326 2336 δεινὸν,
2366 2273 2566 2344 καίπερ
2608 2273 2667 2328 ὃν
2713 2275 2886 2329 δεινόν
2905 2291 2918 2302 ·
2953 2277 3016 2329 τὸ
3045 2277 3100 2330 δέ
3131 2279 3259 2348 περὶ
3285 2277 3379 2329 τοῦ
3405 2279 3584 2333 κοινοῦ
3612 2279 3716 2348 τῆς

2136 2361 2458 2432 οἰκουμένης
2507 2363 2774 2416 Δεσπότου
2823 2363 2996 2417 ταῦτα
3047 2364 3406 2434 φθέγγεσθαι,
3439 2366 3712 2419 Δεσπότου
3775 2359 3778 2362 ’

2136 2449 2227 2528 τοῦ
2271 2451 2556 2523 ἐλεήμονος
2598 2457 2692 2506 καὶ
2738 2453 3140 2526 φιλανθρώπου,
3178 2455 3356 2524 πάσης
3383 2454 3446 2508 ἂν
3476 2457 3558 2527 εἴη
3595 2461 3718 2523 μεῖο

2139 2537 2270 2602 ξονι
2319 2540 2614 2610 καταδίκης
2660 2542 2753 2594 καὶ
2801 2545 2899 2613 τῆς
2940 2543 3174 2613 ἐσχάτης
3221 2541 3369 2607 ἀξιον
3419 2545 3711 2614 τιμωρίας.

2150 2625 2286 2680 Ἀλλ’
2308 2628 2393 2680 ἵνα
2424 2627 2622 2700 μάθῃς,
2651 2629 2732 2682 ὅτι
2763 2630 3098 2699 ἐγγράφεται
3124 2629 3190 2682 τά
3213 2631 3434 2683 τοιαῦτα
3467 2633 3714 2701 ῥήματα,

2137 2715 2366 2768 ἄκουσον
2397 2715 2449 2768 τί
2491 2734 2652 2787 φησιν
2689 2718 2719 2768 6
2761 2719 3072 2788 προφήτης·
3113 2717 3266 2772 Ἰδοὺ
3315 2718 3500 2772 ταῦτα
3551 2719 3718 2789 ἐγγέ-

2137 2818 2388 2870 ικρατεῖται
2440 2801 2510 2856 ἐν
2553 2805 2747 2871 ,ϐίϐλῳ
2794 2803 3020 2865 ζώντων
3069 2807 3156 2871 εἰς
3189 2807 3584 2875 μνημόσυνον
3623 2807 3718 2859 ἐν·

2135 2889 2323 2945 ώπιον
2350 2891 2456 2946 τοῦ
2491 2893 2658 2947 Θεοῦ.
2679 2892 3043 2964 Ἐγγράφεται
3081 2893 3158 2956 δὲ,
3188 2895 3288 2948 οὐκ
3315 2894 3500 2965 ἐπειδὴ
3528 2897 3556 2948 ό
3580 2895 3716 2957 Θεὸς

2137 2979 2422 3051 ἀναμνήσῃ
2457 2979 2554 3052 τὴν
2587 2981 2822 3052 ἡμέραν,
2849 2979 3037 3054 ὥσπερ
3067 2983 3282 3054 έλεγχόν
3319 3000 3440 3036 τινα
3464 2983 3554 3036 καὶ
3589 3000 3718 3036 κατ·

2136 3069 2365 3141 ηγορίαν
2417 3073 2496 3134 είς
2549 3070 2710 3142 μέσον
2763 3073 3024 3144 παράγων
3063 3073 3122 3125 τὸ
3159 3072 3380 3142 βιϐλίον.
3411 3073 3560 3142 Τάχα
3588 3091 3720 3125 κατ·

2138 3157 2324 3212 έσεισα
2355 3159 2507 3228 ὑμῶν
2538 3159 2634 3231 τὴν
2661 3158 2895 3214 διάνοιαν
2922 3160 3000 3230 τῷ
3031 3161 3213 3231 φόϐῳ·
3245 3161 3366 3231 ούχὶ
3405 3159 3498 3230 τὴν
3527 3161 3718 3230 ὑμετὲ-

2141 3262 2260 3316 ραν,
2291 3245 2428 3298 ἀλλὰ
2459 3247 2558 3316 τὴν
2603 3246 2839 3316 ἐμαυτοῦ
2875 3247 3155 3318 πρότερον.
3193 3248 3328 3319 Φέρε
3363 3246 3452 3302 οῦν
3503 3247 3720 3301 ἐκλύσω

2138 3331 2228 3383 τὸν
2257 3331 2436 3398 λόγον,
2477 3332 2674 3402 μᾶλλον
2695 3333 2751 3386 δὲ
2777 3333 2869 3386 τὸν
2903 3333 3062 3400 φόϐον
3084 3351 3095 3362 ·
3127 3335 3328 3404 μᾶλλον
3351 3335 3407 3392 δὲ
3433 3337 3532 3390 οὐκ
3558 3335 3720 3388 ἐκλύ-

2142 3435 2254 3484 σω,
2295 3418 2430 3472 ἀλλὰ
2473 3422 2969 3492 παραμυθήσομαι·
3025 3423 3232 3491 μενέτω
3278 3423 3388 3493 γάρ
3437 3423 3720 3494 καθαίρων

2139 3506 2238 3576 τὴν
2270 3506 2506 3560 διάνοιαν
2548 3509 2698 3578 ὑμῶν
2718 3525 2732 3538 ·
2769 3509 2828 3560 τὸ
2857 3509 2911 3561 δὲ
2937 3508 3212 3579 ἀφόρητον
3250 3508 3412 3564 αὐτοῦ
3459 3510 3718 3580 περιέλω-

2141 3613 2262 3665 μεν.
2305 3595 2430 3656 Πῶς
2460 3593 2552 3650 οὖν
2583 3598 2742 3650 αὐτὸν
2768 3597 3108 3668 δυνησόμεθα
3141 3598 3440 3668 περιελεῖν;
3477 3601 3573 3649 Ἂν
3609 3599 3720 3652 δεί-

2139 3684 2338 3754 ξωμεν,
2371 3685 2454 3737 ὅτι
2489 3685 2588 3738 οὐκ
2617 3685 2952 3755 ἐγγράφεται
2999 3685 3174 3755 μόνον,
3201 3684 3336 3738 ἀλλὰ
3367 3685 3462 3737 καὶ
3503 3683 3720 3749 ἐξαλεί-

2139 3787 2298 3840 φεται
2331 3773 2725 3844 ἁμαρτήματα.
2745 3773 2832 3825 Ἐν
2862 3772 3188 3843 δικαστηρίῳ
3210 3773 3317 3843 γὰρ
3339 3771 3484 3844 άπερ
3515 3771 3580 3824 ἂν
3623 3773 3721 3825 ἐπὶ

2139 3860 2544 3930 ὑπομνημάτων
2602 3861 2631 3912 ό
2689 3861 3037 3932 δικαζόμενος
3097 3859 3429 3930 φθέγξηται,
3493 3861 3720 3922 πάντως

2139 3948 2471 4020 ἐγγράφεται
2511 3947 2792 4019 διηνεκῶς,
2824 3949 2914 4001 καὶ
2948 3948 3325 4018 ἐξαλειφθῆναι
3357 3947 3456 4000 οὐκ
3487 3947 3565 4000 ἐνι
3597 3947 3716 3999 λοι-

2139 4037 2266 4090 πόν·
2297 4037 2354 4088 ἐν
2381 4037 2570 4107 ἐκείνῳ
2593 4036 2648 4088 δέ
2668 4035 2745 4107 τῷ
2769 4035 2954 4106 βιϐλίῳ
2979 4037 3082 4089 κᾶν
3109 4035 3313 4108 φθέγξῃ
3337 4039 3460 4088 τινά
3480 4035 3714 4106 πονηρά,

2139 4125 2234 4176 καὶ¹
2264 4124 2549 4196 βουληθῇς,
2580 4125 2738 4179 πάλιν
2769 4125 3130 4195 ἐξαλείφεται.
3163 4125 3331 4177 Πόθεν
3358 4124 3543 4194 δῆλον;
3581 4125 3716 4176 Ἀπὸ

2137 4213 2236 4282 τῆς
2287 4213 2538 4282 Γραφῆς·
2577 4213 2989 4281 Ἀπόστρεψον
3024 4213 3151 4285 γὰρ,
3203 4215 3357 4282 φησὶ,
3405 4213 3470 4264 τὸ
3524 4214 3705 4279 πρόσ-

2138 4299 2301 4350 ωπόν
2333 4313 2448 4351 σου
2474 4298 2591 4352 ἀπὸ
2625 4297 2741 4351 τῶν
2770 4297 3066 4368 ἁμαρτιῶν
3089 4289 3229 4370 μου,
3256 4301 3352 4352 καί
3381 4299 3581 4365 πάσας
3607 4299 3718 4364 τὰς

2137 4383 2387 4453 ἀνομίας
2411 4403 2528 4452 μου
2566 4384 2910 4455 ἐξάλειψον.
2941 4387 3126 4451 Οὐδεὶς
3152 4389 3206 4440 δέ
3241 4387 3507 4456 ἐξαλείψει
3541 4387 3600 4439 τὸ
3635 4389 3715 4459 μὴ

2137 4473 2555 4544 γεγραμμένον·
2583 4473 2722 4528 ὥστε
2754 4475 2938 4545 ἐπειδὴ
2966 4475 3388 4547 ἐγγεγραμμένα
3419 4471 3578 4546 ἦσαν,
3613 4493 3718 4528 πα·-

2143 4561 2366 4632 ρακαλεῖ
2407 4559 2803 4632 ἐξαλειφθῆναι.
2834 4563 3083 4616 Διδάσκει
3117 4561 3173 4614 δὲ
3202 4563 3295 4615 καὶ
3346 4561 3461 4626 πῶς
3505 4559 3716 4626 ἐξαλεί-

2138 4671 2330 4724 φονται
2373 4653 2559 4725 ἕτερός
2601 4671 2683 4716 τις
2735 4653 2938 4722 λέγων·
2977 4653 3440 4720 Ἑλεημοσύναις
3483 4651 3578 4705 καί
3623 4650 3723 4701 al-

2137 4759 2351 4798 στεσιν
2381 4743 2880 4810 ἀποκαθαίρω-ται
2911 4745 2968 4794 αὶ
3001 4741 3296 4810 ἁμαρτίαι.
3329 4740 3462 4808 Οὐχὶ
3503 4736 3718 4800 ἐξαλεί-

2138 4848 2326 4902 φονται
2359 4831 2539 4902 μόνον,
2575 4830 2709 4882 ἀλλὰ
2749 4831 2842 4883 καὶ
2879 4827 3358 4898 ἀποκαθαίρονται,
3385 4827 3522 4880 ὥστε
3576 4824 3716 4894 μηδὲ

2137 4914 2388 4984 λείψανον
2407 4945 2412 4950 -
2430 4915 2610 4985 μένειν
2641 4914 2736 4984 τῆς
2775 4913 3022 4982 άλοιφῆς.
3053 4913 3128 4964 Οὐ
3159 4910 3227 4962 τά
3253 4909 3389 4981 μετά
3421 4910 3480 4962 τὸ
3517 4909 3715 4978 βάπτι-

2141 5014 2254 5068 σμα
2284 4997 2340 5050 δέ
2377 4996 2720 5065 ἐξαλείφεται
2753 4998 2932 5068 μόνον,
2965 4994 3099 5049 ἀλλὰ
3129 4996 3224 5048 καὶ
3261 4994 3300 5046 ἃ.
3337 4993 3444 5064 πρὸ
3469 4992 3563 5045 τοῦ
3595 4991 3718 5044 λου-

2135 5083 2266 5152 τροῦ
2295 5082 2639 5152 ὲγγέγραπτο
2661 5080 2950 5152 ἐξηλείφθη
2980 5079 3154 5134 πάντα
3183 5081 3362 5131 ἐκεῖνα
3391 5076 3468 5147 τῷ
3494 5075 3586 5128 τοῦ
3615 5075 3717 5145 βα·-

2138 5167 2438 5237 πτίσματος
2461 5166 2612 5219 ὕδατι
2639 5166 2734 5218 καὶ
2760 5164 2838 5235 τῷ
2869 5164 3128 5235 σταυρῷ)
3159 5162 3252 5216 τοῦ
3271 5160 3526 5231 Χριστοῦ,
3547 5157 3722 5211 καθά-

2137 5267 2244 5322 περ
2293 5249 2501 5312 Παῦλός
2547 5266 2732 5318 φησιν,
2765 5250 2844 5302 ὅτι
2885 5249 3018 5311 Ὲξα
3033 5249 3238 5316 λείψεις
3276 5246 3342 5299 τὸ
3381 5244 3506 5296 καθ’
3538 5241 3715 5310 ἡμῶν

2137 5338 2547 5409 χειρόγραφον,
2584 5336 2614 5388 ὃ
2643 5331 2722 5405 ἦν
2749 5334 3024 5388 ἐναντίον
3051 5331 3240 5402 ἡμῶν,
3272 5329 3368 5384 καί
3397 5329 3541 5382 αὐτὸ
3564 5323 3718 5409 ἦρεν

2135 5423 2202 5476 ἐκ
2229 5408 2438 5490 ίμέσου
2473 5417 2880 5488 προσηλώσας
2913 5415 3057 5470 αὐτὸ
3106 5413 3185 5480 τῷ
3235 5410 3494 5481 σταυρῷ.
3557 5408 3714 5474 Εἶδες

2139 5507 2252 5571 πῶς
2289 5506 2576 5578 ἐξηλείφθη
2611 5506 2670 5558 τὸ
2711 5503 3070 5575 χειρόγραφον
3103 5501 3308 5564 ἐκεῖνο;
3355 5497 3450 5550 καὶ
3480 5495 3579 5548 οὐκ
3621 5494 3714 5558 ἐξ-

2135 5593 2367 5664 ηλείφθη
2414 5593 2593 5672 μόνον,
2627 5591 2764 5646 ἀλλά
2810 5590 2902 5644 καὶ
2949 5588 3230 5659 διερῤάγη,
3275 5585 3384 5638 τῶν
3427 5583 3574 5654 ἥλων
3611 5579 3712 5633 τοῦ

2199 5733 2229 5774 δ
2255 5735 2376 5796 Reg.
2403 5733 2449 5796 1,
2467 5734 2546 5782 καὶ
2572 5733 2640 5796 τῷ
2663 5730 2748 5780 τοῦ
2774 5728 2992 5792 σταυροῦ.
