4038 6204
201 328 302 384 ισι

196 444 378 517 σιω-ἕω
405 442 579 518 (Psal.
609 441 699 497 25.
721 441 780 510 7)
811 458 826 496 :
861 439 1104 496 homines
1139 455 1266 497 vero
1293 441 1700 499 descendentem
1721 442 1787 497 ad

201 551 304 592 nos
348 535 582 605 Spiritus
632 535 853 604 gratiam
908 533 1150 588 videntes
1213 532 1396 590 dicunt
1442 533 1618 589 ebrios
1675 548 1797 589 esse

202 628 296 696 qui
348 629 574 696 gratiam
620 634 956 694 receperunt,
995 633 1048 678 et
1090 638 1156 678 ne
1183 626 1305 678 anni
1355 624 1568 694 quidem
1599 635 1799 694 tempe-

202 729 321 772 stas
365 733 460 772 eos
487 717 767 785 repressit;
811 731 931 769 nam
967 716 1108 770 veris
1143 725 1380 786 tempore
1410 717 1630 786 reperiri
1682 730 1799 771 mu.

207 818 356 863 stum
405 807 617 860 minime
658 815 832 874 potest
864 823 878 859 :
907 805 1049 875 atqui
1091 815 1202 860 tum
1253 819 1347 860 ver
1411 815 1544 860 erat.
1601 805 1796 860 Verum
1875 814 1878 815 '

208 901 285 954 illi
343 899 553 970 quidem
595 897 982 968 relinquantur,
1010 911 1108 952 nos
1153 908 1327 952 autem
1357 896 1571 968 benigni
1599 899 1689 952 Dei
1713 913 1798 951 re-

208 994 550 1049 tributionem
598 990 1020 1046 consideremus.
1069 991 1289 1060 Accepit
1326 987 1568 1045 Christus
1610 990 1798 1060 primi-

206 1085 308 1138 tias
363 1093 571 1138 naturae
615 1091 831 1149 nostrae,
885 1096 949 1136 ac
993 1079 1225 1152 Spiritus
1263 1081 1485 1151 gratiam
1518 1081 1670 1134 nobis
1715 1095 1799 1134 rc-

207 1173 391 1228 tribuit
417 1187 432 1224 :
460 1183 516 1226 et
539 1169 983 1242 quemadmodum
1015 1171 1172 1241 longo
1213 1171 1265 1224 in
1297 1170 1436 1224 bello
1464 1170 1539 1234 lit,
1570 1184 1690 1223 cum
1713 1168 1796 1222 di-

207 1275 413 1335 rempta
441 1279 614 1335 pugna
643 1262 819 1326 fuerit,
850 1272 904 1318 et
923 1261 1164 1317 confecta
1191 1275 1311 1332 pax,
1343 1261 1431 1332 qui
1454 1261 1552 1316 sibi
1573 1261 1798 1315 invicem

207 1359 404 1414 infensi
460 1367 633 1422 erant,
666 1359 880 1427 pignora
929 1364 1112 1410 mutuo
1162 1354 1262 1409 sibi
1303 1353 1432 1408 dant
1467 1360 1518 1408 et
1553 1353 1796 1408 obsides:

208 1452 287 1505 sic
335 1459 392 1505 et
445 1450 585 1504 inter
640 1448 803 1503 Deum
849 1456 903 1502 et
970 1456 1208 1500 naturam
1245 1445 1422 1500 evenit
1472 1444 1796 1499 humanam:

210 1557 312 1612 pro
354 1540 665 1610 pignoribus
691 1549 749 1594 et
779 1539 1048 1593 obsidibus
1077 1538 1188 1608 ipsa
1218 1537 1474 1608 primitias
1499 1537 1643 1591 misit
1669 1551 1798 1607 quas

212 1633 268 1687 in
305 1632 493 1686 cmlum
538 1631 661 1684 tulit
713 1629 953 1685 Chrisms
986 1646 1000 1682 :
1029 1629 1180 1683 nobis
1237 1627 1324 1682 ille
1379 1627 1637 1697 Spiritum
1671 1641 1797 1681 san-

211 1732 356 1778 ctum
407 1722 644 1792 pignoris
695 1728 750 1775 et
795 1720 994 1775 obsidis
1045 1719 1163 1774 loco
1222 1718 1442 1772 remisit.
1498 1717 1663 1772 l’orro
1701 1731 1800 1770 nos

215 1815 437 1885 pignora
483 1822 538 1868 et
585 1809 800 1868 obsides
825 1810 1020 1866 habere
1071 1810 1193 1866 hinc
1233 1811 1579 1879 liquetznam
1607 1824 1673 1864 ex
1702 1825 1798 1879 gc-

216 1919 348 1959 nere
388 1905 534 1974 regio
590 1904 808 1973 pignora
851 1912 904 1956 et
951 1901 1162 1956 obsides
1232 1915 1352 1956 esse
1408 1909 1648 1968 Oportet;
1714 1900 1798 1954 id-

216 1996 360 2049 circo
407 1996 565 2048 etiam
606 1994 839 2064 Spiritus
887 2001 1101 2046 sanctus
1126 1990 1191 2046 ad
1244 2006 1341 2046 nos
1381 1991 1574 2044 missus
1603 1998 1704 2054 est,
1743 1999 1800 2044 ut

215 2085 308 2153 qui
362 2084 596 2138 maxime
645 2084 788 2154 regia
852 2083 921 2137 sit
978 2081 1303 2146 substantia,
1355 2079 1797 2151 quemadmodum

216 2183 272 2229 et
316 2176 409 2244 qui
427 2178 466 2226 'a
497 2173 644 2228 nobis
694 2187 907 2227 sursum
951 2182 1168 2228 evectus
1209 2181 1291 2227 est
1344 2185 1408 2226 ex
1457 2186 1652 2241 genere
1704 2169 1802 2224 fuit

219 2275 373 2317 ortus
423 2263 598 2334 regio,
653 2264 848 2333 quippe
898 2263 986 2332 qui
1037 2261 1256 2316 Davidis
1285 2268 1427 2317 esset
1468 2277 1536 2316 ex
1575 2261 1797 2315 semine.

223 2354 575 2424 Quamobrem
620 2371 725 2409 non
763 2355 991 2426 amplius
1017 2357 1355 2425 pertimesco,
1375 2352 1798 2424 quandoquidem

223 2463 430 2502 sursum
459 2447 706 2517 primitiae
729 2455 923 2501 nostra:
951 2446 1137 2500 sedent
1167 2464 1180 2498 :
1215 2445 1410 2500 idcirco
1435 2445 1558 2500 licet
1581 2445 1800 2498 immor-

223 2539 379 2593 talem
426 2539 553 2592 mihi
604 2554 842 2593 vermem
871 2538 1122 2608 obiicias,
1176 2538 1302 2593 licet
1345 2537 1518 2608 ignem
1548 2536 1803 2592 iuexstin-

221 2640 385 2690 ctum.
437 2631 561 2686 licet
619 2631 756 2686 alias
801 2645 985 2700 poenas
1012 2646 1076 2685 ac
1101 2631 1380 2702 supplicia,
1424 2646 1529 2684 non
1575 2628 1803 2699 amplius

223 2721 555 2776 reformido:
612 2722 721 2776 imo
747 2736 876 2776 vero
923 2720 1211 2776 reformido
1259 2720 1539 2792 equidem,
1591 2734 1805 2773 verum-

222 2823 403 2868 tamen
433 2811 501 2868 de
525 2814 696 2868 salute
737 2829 852 2868 mea
881 2829 988 2868 non
1017 2811 1264 2883 despero.
1285 2811 1396 2867 Nisi
1439 2812 1586 2870 enim
1614 2825 1802 2881 magna

223 2905 274 2958 in
317 2919 488 2974 genus
548 2915 788 2960 nostrum
843 2919 1136 2974 congerere
1165 2905 1301 2960 bona
1344 2904 1615 2959 statuisset
1642 2903 1801 2968 Deus,

227 2995 490 3064 primitias
533 3007 741 3051 nostras
779 3010 991 3051 sursum
1047 3011 1154 3050 non
1196 2994 1593 3063 assumpsisset.
1635 2995 1802 3048 Antea

226 3087 439 3154 quidem
491 3101 591 3142 nos
637 3087 986 3156 suspicientes
1015 3086 1068 3140 in
1106 3086 1315 3150 caelum,
1369 3086 1708 3154 incorporeas
1743 3084 1807 3138 il-

228 3178 303 3231 las
324 3178 622 3248 cogitantes
647 3179 890 3242 virtutes,
931 3178 1188 3232 vilitatem
1241 3181 1492 3230 nostram‘
1517 3174 1654 3230 facta
1683 3189 1803 3228 cum

229 3268 471 3336 superuis
518 3268 798 3321 virtutibus
848 3268 1245 3336 comparatione
1286 3265 1805 3334 cernebamus;jam

230 3374 358 3415 vero
423 3375 549 3415 cum
572 3360 896 3415 nobilitatem
922 3369 1158 3415 nostram
1204 3373 1427 3414 cernere
1445 3358 1770 3414 voluerimus
1787 3400 1806 3427 ,

229 3453 278 3506 in
330 3453 522 3507 calum
569 3453 908 3522 suspicimus,
958 3451 1024 3506 ad
1065 3451 1268 3521 regium
1295 3451 1470 3521 ipsum
1518 3451 1808 3508 thronum:

229 3543 333 3598 illic
377 3544 522 3598 enim
563 3559 627 3597 ex
678 3543 832 3598 nobis
869 3553 1093 3613 sumptae
1128 3543 1374 3612 primitiae
1399 3543 1696 3612 consident.
1733 3541 1809 3598 Ita

233 3651 442 3706 quoque
491 3636 669 3690 veniet
696 3650 728 3692 e
775 3635 1047 3700 calis,_ut
1090 3649 1188 3689 nos
1222 3634 1426 3704 judicet
1469 3635 1561 3690 Dei
1598 3634 1805 3691 Filius:

233 3725 574 3794 quamobrem
629 3726 793 3795 parati
823 3727 1012 3787 simus.
1062 3739 1132 3781 ne
1154 3724 1222 3779 ab
1270 3724 1356 3780 illa
1399 3725 1566 3794 gloria
1593 3725 1809 3781 excida-

234 3832 367 3870 mus.
398 3814 626 3870 Omnino
650 3817 792 3870 enim
821 3817 997 3872 veniet
1043 3825 1097 3871 et
1121 3831 1224 3870 non
1252 3816 1481 3871 tardabit
1515 3817 1810 3874 communis

235 3907 489 3962 Dominus
533 3919 748 3972 noster;
779 3910 955 3964 veniet
1005 3908 1270 3964 exercitus
1321 3924 1502 3964 secum
1555 3907 1809 3976 trahens,

235 3997 546 4066 angelorum
575 3998 804 4068 agmina,
835 3999 1053 4054 ordines
1103 3999 1561 4070 archangelorum,
1613 4009 1812 4070 marty-

233 4102 348 4142 rum
393 4097 619 4154 tiu-mas,
640 4089 902 4157 justorum
929 4088 1142 4153 choros,
1181 4090 1556 4160 prophetarum
1595 4098 1649 4144 et
1687 4102 1814 4158 apo-

237 4178 491 4233 stolorum
514 4190 706 4245 cretus,
724 4180 846 4235 etin
872 4179 1048 4235 medio
1071 4181 1422 4249 spiritualium
1442 4181 1648 4236 illorum
1662 4196 1814 4236 exer-

237 4268 433 4323 cituum
483 4267 737 4323 ineffabili
788 4270 1014 4339 quadam
1043 4280 1096 4326 et
1127 4270 1480 4341 inexplicabili
1507 4270 1672 4342 gloria
1720 4286 1814 4326 rex

236 4357 592 4412 cirumdatus
619 4359 914 4429 apparebit.
1349 4380 1393 4402 ~-

303 4445 358 4502 6.
386 4448 614 4503 Omnem
643 4449 799 4518 igitur
844 4464 1061 4519 operam
1099 4449 1478 4515 adhibeamus,
1524 4459 1581 4505 ut
1615 4451 1684 4506 ab
1727 4451 1815 4506 illa

237 4537 402 4606 gloria
452 4553 563 4592 non
603 4539 928 4595 excidamus.
963 4539 1130 4595 Vultis
1156 4539 1328 4595 dicam
1357 4543 1516 4596 etiam
1562 4556 1646 4607 ea,
1696 4556 1815 4612 quae

239 4637 497 4684 terrorem
527 4629 819 4684 incutient?
845 4646 948 4685 non
980 4640 1037 4685 ut
1066 4631 1330 4686 tristitiam
1357 4632 1595 4697 afferam,
1621 4632 1716 4688 sed
1757 4641 1817 4687 ut

239 4717 302 4773 ad
338 4719 616 4775 meliorem
635 4719 833 4790 frugem
863 4721 1153 4776 traducam.
1176 4721 1310 4776 Tum
1324 4720 1520 4777 ﬂumen
1535 4723 1671 4792 ignis
1693 4732 1818 4780 ante

241 4810 467 4864 tribunal
505 4809 638 4863 illud
663 4809 886 4866 trahitur
925 4809 1084 4884 (Dan.
1115 4811 1166 4866 7.
1191 4812 1301 4882 i0).
1347 4821 1471 4868 tunc
1509 4811 1818 4882 aperiuntur

241 4897 356 4952 libri
379 4941 399 4965 ,
425 4899 684 4969 judicium
705 4911 985 4957 exercetur
1009 4901 1344 4958 formidabile
1367 4917 1428 4958 ac
1448 4903 1814 4959 tremendum:

243 5000 527 5061 propterea
553 5003 817 5064 tamquam
868 4994 921 5050 in
990 4993 1189 5065 judicio
1241 4996 1361 5050 vita:
1406 5006 1601 5051 nostra?
1651 4995 1818 5051 diaria

245 5082 493 5151 legatum-
518 5093 574 5138 et
599 5087 987 5152 commentarii,
1019 5096 1074 5142 et
1097 5087 1258 5141 multa
1281 5087 1349 5142 de
1395 5086 1542 5142 libris
1577 5087 1691 5142 istis
1741 5087 1821 5143 lo-

245 5185 484 5242 quuntur
531 5175 822 5244 prophetae.
853 5179 928 5232 Ac
955 5177 1126 5232 Moses
1153 5175 1367 5248 quidem
1398 5179 1506 5232 ait:
1537 5177 1597 5233 Si
1621 5176 1820 5247 quidem

240 5266 451 5320 remittis
488 5266 559 5320 eis
599 5277 855 5336 peccatum
872 5307 888 5332 ,
915 5269 1143 5332 remitte;
1171 5270 1248 5323 sin
1287 5277 1473 5332 autem,
1504 5285 1583 5323 me
1629 5285 1824 5339 quoque

239 5356 348 5410 dele
368 5358 432 5410 de
454 5357 582 5411 libro
595 5375 738 5428 quem
753 5359 996 5430 scripsisti
1017 5357 1206 5430 (Exod.
1227 5360 1316 5417 33.
1339 5358 1450 5431 32).
1471 5359 1712 5416 Christus
1727 5375 1820 5416 ve.

240 5460 302 5498 ro
324 5461 516 5503 rursus
541 5447 612 5502 ad
626 5449 913 5518 discipulos
931 5450 1170 5506 dicebat:
1196 5449 1264 5504 In
1289 5451 1384 5505 hoc
1404 5451 1558 5506 nolite
1581 5451 1817 5522 gaudere,

241 5538 374 5597 Md
394 5538 648 5592 dis-Ionia
675 5541 812 5595 vobis
830 5541 1164 5612 subjiciuntur
1191 5558 1209 5598 :
1239 5541 1451 5613 gaudete
1471 5553 1660 5606 autem,
1688 5543 1822 5611 quod

243 5629 450 5683 nomine
503 5641 666 5685 vestra
691 5632 880 5700 scripta
918 5645 1033 5689 sunt
1057 5635 1108 5688 in
1153 5635 1288 5690 catis
1316 5632 1465 5703 (Luc.
1500 5633 1584 5689 10.
1611 5633 1704 5704 20)
1731 5644 1823 5689 :et

244 5731 429 5776 ωηυι
454 5721 712 5793 propheta
737 5723 900 5782 David
929 5743 942 5784 :
973 5724 1037 5780 In
1060 5727 1188 5782 libro
1214 5737 1298 5783 tuo
1314 5743 1484 5784 omnes
1502 5725 1817 5783 scribentur:

1200 325 1285 383 DE
1324 327 1588 385 SANC’I‘A
1630 325 2088 387 PENTECOSTE.
2132 332 2357 390 HOiliL.
2399 335 2441 391 l.

3377 349 3480 404 ωε

1903 443 2008 498 dies
2027 448 2397 518 formabuntur;
2412 457 2460 502 et
2479 465 2622 504 nemo
2647 449 2698 503 in
2725 451 2794 505 eis
2814 449 2979 523 (Psal.
3009 447 3127 508 138.
3160 453 3269 524 £6):
3289 464 3340 509 et
3362 473 3480 510 rur-

1902 549 1991 588 sus
2025 557 2036 589 ;
2070 536 2342 591 Deleantur
2371 539 2432 592 de
2461 540 2588 593 libro
2615 541 2900 608 viventium,
2946 552 2992 597 et
3037 561 3151 598 cum
3183 547 3339 616 jttstis
3378 565 3480 601 non

1901 625 2182 679 scribantur
2205 626 2371 698 (Psal.
2404 628 2490 684 68.
2523 628 2639 694 29).
2666 631 2826 686 Vides
2857 633 2990 687 alios
3032 635 3245 705 quidem
3289 637 3479 700 dclcri,

1903 716 2036 769 alios
2085 733 2212 771 vero
2260 719 2520 774 inscribi?
2571 721 2650 775 vis
2698 720 2904 777 discere
2957 738 3063 778 non
3106 725 3277 794 justas
3319 728 3482 782 modo

1904 805 2050 860 libris
2101 807 2151 860 in
2193 808 2293 862 illis
2339 810 2519 875 scribi,
2548 811 2640 865 sed
2679 812 2837 865 etiam
2877 823 3092 882 peccata
3151 826 3330 870 nostra
3376 816 3483 874 illic

1902 909 2019 950 esse
2046 898 2370 966 perscripta?
2417 899 2734 955 Festivitatis
2786 912 2992 971 tempus
3037 911 3159 970 est,
3214 905 3481 962 discamus

1903 1003 1988 1051 ea,
2038 989 2229 1058 quibus
2257 1004 2539 1060 possumus
2569 1008 2597 1045 a
2643 994 2902 1062 supplicio
2944 995 3158 1050 liberari
3189 1015 3203 1051 :
3233 998 3481 1055 terribilis

1904 1092 1986 1136 est
2011 1083 2200 1147 oratio,
2229 1084 2320 1136 sed
2351 1084 2492 1138 utilis
2529 1094 2583 1140 ct
2608 1084 2898 1152 fructuosa,
2955 1088 3210 1158 siquidem
3239 1089 3478 1159 impedit,

1905 1189 1971 1228 ne
2020 1175 2191 1243 reipsa
2222 1189 2405 1244 poenas
2455 1178 2790 1245 experiamur
2821 1196 2835 1232 :
2869 1193 3000 1249 ergo
3047 1179 3312 1236 discamus
3362 1197 3480 1252 per-

1903 1265 2060 1320 scribi
2093 1278 2327 1334 peccata,
2356 1277 2409 1322 et
2457 1269 2709 1338 quidquid
2756 1269 3066 1341 bicloquuti
3092 1273 3366 1336 fuerimus,
3408 1275 3478 1328 il-

1904 1356 1986 1410 luc
2037 1359 2218 1411 Statim
2256 1359 2448 1422 deferri
2484 1369 2537 1412 et
2581 1361 2854 1430 perscribi.
2903 1361 3054 1418 Unde
3079 1379 3210 1419 vero
3263 1364 3313 1419 id
3356 1378 3476 1419 con-

1903 1449 2050 1502 stat?
2077 1464 2179 1502 non
2207 1449 2346 1504 enim
2379 1453 2498 1505 talia
2539 1462 2662 1506 sunt
2681 1455 2988 1522 simpliciter
3020 1456 3351 1512 afﬁrmando.
3382 1459 3476 1513 Mi-

1901 1537 2078 1594 chmas
2113 1541 2127 1572 '
2157 1541 2222 1594 ad
2249 1541 2461 1596 Judmos
2499 1544 2572 1597 ait
2600 1561 2613 1597 :
2657 1543 2742 1599 Vw
2765 1549 2848 1614 qui
2892 1549 3169 1615 provocatis
3201 1549 3474 1604 Dominum

1913 1626 1985 1679 Et
2003 1628 2281 1700 quomodo,
2302 1630 2571 1698 inquiunt,
2585 1636 2977 1699 provocavimus
3001 1651 3115 1689 eum
3134 1639 3157 1689 ?
3175 1635 3240 1689 In
3261 1653 3320 1690 eo
3335 1636 3474 1706 quod

1913 1736 1999 1773 vos
2030 1719 2239 1772 dicitis:
2267 1720 2449 1773 Omnis
2471 1724 2562 1789 qui
2581 1723 2709 1790 facit
2731 1724 2948 1789 malum,
2975 1727 3138 1780 bonus
3155 1736 3232 1780 es:
3256 1728 3311 1780 in
3346 1743 3472 1778 con-

1855 1834 1861 1844 -
1909 1821 2082 1880 specta
2107 1812 2318 1865 Domini
2331 1813 2575 1881 (Malae/1.
2596 1815 2646 1866 Ξ.
2669 1813 2775 1880 l7).
2797 1817 2870 1868 Ιιη
2880 1817 3173 1885 proborum
3193 1833 3472 1871 servorum

1902 1912 2025 1958 sunt
2047 1904 2146 1958 ista
2175 1905 2350 1968 verba,
2379 1913 2433 1959 et
2462 1905 2512 1959 in
2540 1905 2604 1959 iis
2635 1907 2746 1974 ipse
2771 1906 2867 1960 sibi
2885 1908 3240 1976 complacuit:
3274 1909 3325 1961 in
3353 1922 3471 1976 pero

1903 1993 2046 2056 ditis,
2078 1994 2266 2062 inquit,
2297 1993 2349 2047 in
2381 1993 2462 2056 iis,
2492 1994 2579 2064 qui
2606 1995 3022 2050 nonservierunt
3049 1996 3117 2049 ei.
3157 1994 3288 2049 Ecce
3313 2007 3486 2050 custo-

1905 2083 2117 2136 divimus
2133 2083 2388 2136 cuStodias
2404 2086 2533 2153 ejus,
2549 2094 2594 2137 et
2617 2083 2783 2138 beatos
2801 2083 3014 2138 dicimus
3029 2087 3218 2140 alienos
3232 2084 3253 2154 (
3257 2083 3310 2138 Μ
3316 2085 3482 2139 alarii.

1904 2174 1955 2228 5.
1987 2174 2072 2228 M.
2101 2173 2212 2243 15).
2241 2173 2348 2228 Nos
2366 2176 2525 2240 enim,
2545 2173 2732 2244 inquit,
2755 2174 2989 2245 quotidie
3015 2177 3292 2242 servimus,
3319 2187 3367 2230 ct
3390 2175 3481 2230 alii

1905 2265 2058 2320 bonis
2081 2267 2365 2334 potiuntur.
2390 2267 2536 2322 Talia
2564 2269 2810 2323 nimirum
2838 2282 3203 2340 saepenumero
3227 2269 3295 2324 de
3313 2270 3458 2324 domi
3473 2297 3485 2308 -

1906 2359 1988 2412 nis
2014 2357 2154 2412 servi
2181 2357 2466 2429 loquuntur
2491 2378 2503 2414 :
2534 2359 2626 2414 sed
2657 2359 2925 2414 hominem
2947 2360 3154 2429 quidem
3176 2360 3241 2414 de
3267 2357 3494 2415 homine

1906 2449 2005 2503 ista
2019 2448 2192 2504 dicere
2204 2463 2307 2503 non
2327 2449 2396 2503 ita
2414 2463 2574 2518 grave
2590 2458 2692 2513 est,
2715 2449 2924 2504 tametsi
2945 2459 3026 2505 est
3044 2465 3231 2520 grave:
3251 2449 3318 2505 de
3335 2463 3452 2504 com
3464 2480 3484 2491 -

1909 2539 2052 2591 muni
2071 2554 2197 2593 vero
2219 2539 2379 2593 totius
2401 2538 2543 2593 orbis
2563 2549 2820 2593 terrarum
2845 2538 3067 2594 Domino
3089 2539 3201 2594 tunc
3222 2537 3478 2609 proferre,

1905 2627 1973 2682 de
1994 2627 2318 2683 misericordi
2343 2643 2406 2683 ac
2435 2628 2662 2698 benigno
2689 2628 2911 2682 Domino
2939 2629 3084 2682 nulla
3114 2644 3216 2682 non
3247 2630 3482 2699 graviori

1907 2719 2120 2785 muleta,
2149 2720 2292 2773 nullo
2318 2735 2422 2774 non
2447 2728 2686 2774 extremo
2705 2719 2963 2789 supplicio
2985 2719 3355 2774 vindicandum
3377 2730 3481 2775 est.

1910 2807 2014 2863 Sed
2037 2817 2094 2864 ut
2123 2808 2388 2879 intelligas
2403 2810 2663 2878 ejusmodi
2697 2809 2854 2864 verba
2889 2808 3178 2878 perscribi,
3208 2809 3328 2863 audi
3362 2809 3486 2879 quid

1908 2901 2050 2955 dicat
2067 2901 2324 2971 propheta
2349 2924 2363 2954 :
2391 2900 2522 2956 Ecce
2545 2902 2734 2972 scripta
2752 2911 2868 2955 sunt
2882 2902 2988 2956 ha’c
3011 2903 3060 2954 in
3079 2900 3205 2955 libro
3225 2902 3488 2955 viventium

1907 2991 1961 3044 in
1977 3003 2348 3045 monumentum
2359 2993 2411 3046 in
2431 3001 2699 3062 conspectu
2719 2990 2808 3046 Dei
2822 2990 2874 3061 (1
2881 2993 2926 3045 b.
2960 3007 3008 3045 v.
3036 2992 3146 3061 l6).
3169 2991 3488 3047 Scribuntur

1909 3093 2084 3136 autem
2109 3125 2126 3150 ,
2163 3099 2268 3138 non
2310 3084 2450 3154 quod
2483 3085 2620 3139 Deus
2648 3085 2698 3138 in
2728 3085 3034 3138 memoriam
3081 3095 3293 3139 revocet
3321 3083 3484 3149 diem,

1909 3171 1991 3225 vel
2007 3181 2268 3241 tamquam
2280 3173 2518 3226 criminis
2531 3172 2784 3242 probandi
2803 3187 2956 3227 causa
2975 3181 3030 3227 et
3043 3173 3390 3227 accusationis
3407 3171 3487 3225 ητα

1909 3272 2230 3318 mamentum
2258 3263 2446 3317 librum
2475 3261 2722 3332 proferat.
2742 3262 2988 3317 Fortasse
3006 3271 3236 3316 mentem
3258 3271 3486 3316 vestram

1911 3354 2101 3408 timore
2124 3353 2400 3418 concussi;
2429 3368 2536 3407 non
2560 3363 2812 3416 vestram,
2843 3353 2936 3408 scd
2968 3368 3136 3408 meam
3162 3354 3328 3423 prius.
3379 3355 3490 3423 Age

1912 3444 2068 3515 igitur
2097 3445 2389 3498 orationem
2425 3444 2716 3509 absolvam,
2744 3445 2825 3500 vel
2848 3444 3020 3514 potius
3043 3445 3282 3499 timorem
3309 3447 3482 3499 exsol-

1911 3551 2032 3590 vam
2062 3553 2076 3591 :
2102 3536 2207 3590 imo
2232 3550 2359 3589 vero
2387 3549 2491 3590 non
2517 3535 2813 3602 exsolvam,
2835 3534 2928 3589 sed
2951 3535 3178 3599 leniam;
3209 3536 3327 3588 volo
3348 3534 3489 3588 enim

1912 3636 2145 3692 maneat,
2173 3635 2228 3682 et
2257 3637 2486 3683 mentem
2531 3639 2761 3683 vestram
2808 3634 3016 3697 purget,
3046 3627 3142 3682 sed
3183 3626 3490 3680 imminuatu

1913 3718 2082 3784 illum,
2111 3734 2180 3773 ne
2197 3719 2263 3772 sit
2291 3718 2662 3774 intolerabilis.
2691 3719 2926 3784 Quanam
2956 3731 3083 3786 ergo
3111 3716 3316 3771 ratione
3345 3725 3491 3785 pote-

1913 3810 2078 3864 rimus
2105 3810 2456 3868 imminuere?
2481 3810 2662 3864 Sinon
2680 3809 2836 3864 modo
2864 3807 3116 3878 perscribi
3145 3817 3379 3876 peccata,
3395 3804 3490 3859 sed

1912 3900 2071 3955 etiam
2095 3901 2262 3956 deleri
2299 3899 2858 3955 demonstraverimus.
2883 3898 3013 3953 Nam
3051 3898 3102 3951 in
3124 3897 3324 3968 judicio
3347 3911 3491 3966 qure-

1914 4007 2142 4062 cumque
2185 3992 2378 4048 dixerit
2422 3992 2476 4046 in
2521 3989 2920 4046 commentariis
2962 3987 3332 4060 perscribenda
3378 3987 3486 4050 ille,

1914 4086 2002 4156 qui
2032 4085 2216 4152 litigat,
2243 4084 2458 4138 omnino
2485 4083 2788 4138 scribuntur
2818 4082 2867 4134 in
2895 4088 3228 4149 perpetuum,
3257 4093 3354 4132 nec
3373 4093 3490 4130 am-

1918 4176 2055 4246 plius
2079 4176 2243 4231 deleri
2274 4185 2523 4245 possunt;
2553 4185 2608 4229 at
2632 4173 2684 4228 in
2714 4173 2803 4228 illo
2824 4173 2978 4234 libro,
3005 4171 3128 4227 licet
3175 4171 3310 4225 maia
3345 4185 3490 4239 quae-

1918 4271 2057 4340 piam
2078 4269 2295 4335 dixeris,
2327 4268 2370 4322 si
2399 4267 2647 4332 volueris,
2676 4280 2861 4321 rursus
2899 4264 3164 4320 delentur.
3194 4262 3347 4318 Unde
3391 4260 3493 4316 hoc

1917 4363 2117 4432 liquet?
2141 4362 2218 4416 Ex
2246 4362 2537 4431 Scriptura.
2569 4360 2747 4414 Λυσι-ιε
2772 4357 2922 4421 enim,
2951 4356 3140 4426 inquit,
3159 4355 3337 4426 {aciem
3356 4363 3492 4406 tuam

1918 4470 1951 4507 a
1979 4453 2194 4524 peccatis
2231 4452 2372 4518 meis,
2415 4461 2460 4504 et
2496 4466 2666 4503 omnes
2698 4449 2980 4519 iniquitates
3010 4463 3144 4501 meas
3187 4446 3294 4499 dele
3320 4443 3491 4514 (Psal.

1918 4545 2008 4599 50.
2034 4542 2144 4614 ll).
2171 4544 2240 4597 At
2265 4557 2422 4597 nemo
2467 4541 2608 4611 quod
2651 4541 2904 4610 scriptum
2933 4553 3036 4593 non
3064 4546 3164 4598 est.
3192 4536 3370 4591 delere
3401 4552 3497 4604 ρο»

1919 4643 2024 4691 test
2053 4653 2066 4690 :
2095 4636 2270 4705 itaque
2314 4633 2562 4702 quoniam
2596 4633 2788 4699 scripta
2834 4630 3069 4694 fuerant,
3099 4627 3264 4684 deleri
3308 4643 3496 4696 preca-

1923 4736 2027 4781 tur.
2062 4725 2219 4781 Docet
2247 4734 2423 4779 autem
2449 4734 2503 4779 et
2528 4724 2664 4778 alius
2703 4721 2938 4793 quidam,
2970 4735 3199 4788 quonam
3226 4727 3380 4788 pacto
3403 4718 3498 4772 de-

1921 4815 2150 4880 leantur,
2171 4816 2240 4870 ita
2263 4814 2444 4870 dicens
2475 4831 2488 4868 :
2522 4812 2866 4883 Eleemosynis
2890 4820 2935 4866 et
2961 4810 3063 4879 [ide
3082 4818 3364 4880 purgantur
3390 4825 3498 4877 pec-
3586 4823 3604 4842 ³

1921 4919 2033 4963 cata
2054 4908 2230 4980 (Prov.
2261 4907 2346 4962 l5.
2369 4905 2459 4976 27)
2488 4924 2502 4961 :
2527 4921 2632 4959 non
2681 4912 2879 4958 tantum
2922 4901 3185 4966 delentur,
3214 4900 3306 4954 sed
3336 4900 3497 4953 etiam

1923 5010 2230 5072 purgantur,
2260 5001 2337 5054 sic
2361 5008 2418 5054 ut
2444 5013 2541 5054 nec
2566 4998 2685 5054 ulla:
2713 4996 2952 5066 reliquiae
2969 5003 3215 5048 maneant
3236 4992 3492 5046 delecuo-

1922 5095 2025 5149 nis.
2069 5093 2246 5162 Neque
2292 5107 2421 5147 vero
2460 5106 2579 5159 qua:
2617 5098 2738 5160 post
2780 5088 3098 5158 baptismum
3124 5087 3317 5157 scripta
3347 5095 3494 5151 sunt,

1925 5195 2124 5242 tantum
2151 5185 2423 5248 delentur;
2454 5181 2547 5239 sed
2578 5183 2734 5238 etiam
2765 5197 2882 5250 qua:
2907 5189 3030 5236 ante
3054 5180 3319 5234 lavacrum
3364 5179 3496 5233 scri-

1926 5287 2010 5348 pta
2039 5276 2266 5342 fuerant,
2299 5275 2385 5330 illa
2409 5275 2587 5330 omnia
2613 5271 2861 5344 baptismi
2889 5286 3024 5341 aqua
3052 5279 3106 5326 et
3122 5269 3318 5326 Christi
3341 5281 3497 5322 cruce

1923 5369 2184 5434 delentur,
2215 5369 2354 5424 sicut
2379 5375 2436 5424 et
2462 5367 2657 5423 Paulus
2697 5369 2770 5421 ait
2798 5383 2813 5421 :
2843 5364 3048 5429 Delens,
3091 5362 3224 5433 quod
3261 5360 3496 5412 adversus

1924 5477 2015 5515 nos
2033 5470 2158 5525 erat,
2190 5459 2601 5531 chirographum,
2625 5457 2759 5529 quod
2781 5465 2885 5511 erat
2914 5454 3215 5510 contrarium
3239 5448 3378 5503 nobis
3403 5463 3421 5502 :
3451 5455 3498 5501 et

1923 5553 2088 5622 ipsum
2113 5553 2224 5606 tulit
2251 5553 2313 5605 de
2333 5551 2511 5617 medio,
2536 5550 2750 5620 afﬁgens
2766 5547 2896 5603 illud
2915 5547 3051 5600 cruci
3070 5543 3286 5611 (Coloss.
3305 5539 3358 5593 2.
3385 5540 3494 5607 ii).

1925 5641 2086 5698 Vides
2101 5645 2204 5711 Quo
2222 5652 2372 5713 pacto
2392 5642 2622 5698 deletum
2641 5639 2796 5695 fuerit
2815 5636 2938 5691 illud
2958 5631 3364 5704 chirographum
3376 5631 3400 5669 ν
3413 5644 3501 5686 nev

1990 5735 2008 5768 ι
2042 5735 2113 5785 sic
2134 5746 2322 5794 omnes,
2345 5734 2434 5784 sed
2455 5739 2532 5785 est
2553 5730 2815 5788 Malacbias,
2840 5739 2936 5775 non
2965 5727 3187 5776 \ticba‘as
