4038 6204
230 261 341 317 ιεε

225 385 466 457 σταυροῦ
518 388 821 470 σχισάντων
855 389 1010 456 αὐτὸ,
1043 390 1183 446 ὥστε
1229 395 1479 463 γενέσθαι
1519 399 1810 470 ἄχρηστον.

237 470 378 523 Ἀλλ’
407 470 596 522 ἐκεῖνα
643 469 744 539 μέν
787 471 973 544 χάριτι
1015 475 1108 527 καὶ
1147 475 1529 551 φιλανθρωπίᾳ
1579 469 1678 551 τῆς
1719 481 1812 535 τοῦ

228 552 641 622 σταυρωθέντος
667 555 905 624 Χριστοῦ
950 557 1133 626 ίσχύος
1173 559 1348 614 πάντα
1375 561 1688 632 ἐξήλειπται
1711 582 1724 595 ·
1747 564 1816 618 τὰ

228 637 286 716 δὲ
325 637 462 707 μετά
495 636 556 717 τᾷ
603 635 887 710 βάπτισμα
934 640 1135 712 πολλῆς
1167 643 1355 715 χρείαν
1396 645 1508 716 ἔχει
1553 647 1813 716 σπουδῆς,

231 719 379 771 ῶστε
416 717 790 800 ἐξαλειφθῆναι
824 721 1006 779 πάλιν.
1025 724 1240 796 Ἐπειδὴ
1276 725 1399 798 μηδ’
1418 728 1538 782 ἐστι
1565 729 1815 800 δεύτερον

233 800 476 870 λουτρὸν,
516 799 646 854 ἀλλά
690 803 802 855 τῶν
850 804 1100 876 δακρύων
1132 808 1302 863 δεῖται
1350 810 1459 862 τῶν
1507 799 1813 882 ἡμετέρων,

240 882 546 953 μετανοίας,
580 883 1040 956 ἐξομολογήσεως,
1071 890 1462 964 ἐλεημοσύνης,
1501 894 1686 965 εὐχῆς,
1723 896 1816 947 καὶ

233 967 337 1035 τῆς
361 967 524 1037 άλλης
557 966 774 1038 ἁπάσης
800 970 1084 1036 εὐλαϐείας
1105 988 1116 1002 ·
1147 972 1290 1027 οὕτω
1324 977 1418 1028 καὶ
1457 977 1594 1046 μετὰ
1625 978 1686 1030 τὸ
1722 977 1817 1046 βά-

234 1066 446 1118 πτισμα
494 1050 881 1122 ἐκκαθαίρεται
915 1053 1290 1126 ἁμαρτήματα
1323 1057 1461 1128 μετὰ
1493 1059 1651 1112 πόνου
1688 1059 1818 1112 πολ-

231 1130 327 1183 λοῦ
364 1132 460 1183 καὶ
491 1133 760 1203 καμάτου.
801 1136 988 1189 Πᾶσαν
1019 1137 1195 1191 τοίνυν
1223 1139 1620 1211 ἐπιδειξώμεθα
1649 1158 1816 1195 σπουδ-

232 1213 346 1282 δὴν,
382 1213 525 1265 ὥστε
558 1215 698 1267 αὐτὰ
726 1215 1001 1286 ἐξαλεῖψαι
1025 1219 1297 1286 ἐντεῦθεν,
1325 1224 1420 1276 καὶ
1445 1223 1702 1294 αἰσχύνης
1723 1225 1818 1277 καὶ

232 1297 332 1378 τῆς
365 1296 641 1358 κολάσεως
663 1298 1045 1369 ἀπαλλαγῆναι
1075 1303 1176 1372 τῆς
1200 1306 1337 1358 ἐκεῖ.
1363 1307 1479 1360 Κάν
1507 1307 1616 1377 γάρ
1651 1307 1819 1378 μυρία

233 1372 382 1446 ὦμεν
407 1379 812 1449 ἡμαρτηκότες,
834 1383 900 1435 ἂν
929 1383 1200 1455 ἐθέλωμεν
1230 1372 1817 1459 δυνησόμεθαάπαντα

235 1461 405 1512 ταῦτα
437 1461 738 1514 ἀποθέσθαι
775 1462 882 1516 τῶν
905 1465 1316 1538 ἁμαρτημάτων
1343 1471 1412 1524 τὰ
1441 1472 1653 1542 φορτία.
1685 1474 1820 1524 Bou-

236 1542 488 1613 ληθῶμεν
515 1544 695 1596 τοίνυν
721 1560 735 1573 ·
771 1545 952 1616 πολλῷ
979 1548 1086 1619 γὰρ
1121 1549 1325 1619 βέλτιον
1361 1553 1554 1624 μικρὸν
1587 1555 1818 1610 ἐνταῦθα

237 1627 574 1695 πονήσαντας
635 1627 1006 1698 ἀπαραιτήτου
1065 1631 1337 1697 κολάσεως
1392 1635 1768 1708 ἀπαλλαγῆναι
1801 1678 1816 1702 ,

241 1707 387 1776 [468]
427 1709 459 1778 ἦ
490 1709 580 1761 τὸν
606 1707 812 1780 βραχὺν
836 1709 1024 1764 τοῦτον
1055 1715 1475 1786 ρᾳθυμήσαντας
1512 1707 1700 1789 χρόνον
1740 1722 1819 1784 εἰς

239 1791 338 1852 τὰς
385 1790 684 1854 ἀθανάτους
728 1791 940 1858 ἐκείνας
985 1795 1243 1865 ἐμπεσεῖν
1288 1801 1724 1873 τιμωρίας.”Ωρα
1763 1804 1819 1856 δὲ

240 1874 424 1925 λοιπὴν
465 1874 885 1943 ἀναλογίσασθαι
939 1879 1007 1931 τὰ
1057 1881 1322 1952 εἰρημένα
1348 1900 1362 1912 ·
1407 1885 1819 1957 ἐπετιμήσαμεν

242 1960 351 2019 τοῖς
390 1957 458 2008 δι’
480 1959 726 2012 ἐνιαυτοῦ
762 1959 920 2028 μόνον
947 1965 1429 2034 παραγινομένοις,
1463 1968 1545 2020 ὅτι
1571 1968 1668 2039 τὴν
1712 1986 1818 2039 μη-

240 2043 376 2108 τέρα
415 2042 708 2112 περιορῶσι
746 2045 1164 2118 γυμνουμένην·
1205 2049 1592 2121 ἀνεμνήσαμεν
1623 2052 1820 2115 αὐτοὺς

241 2123 487 2186 παλαιᾶς
519 2125 772 2196 ἱστορίας,
802 2128 898 2179 καὶ
941 2130 1187 2200 κατάρας
1217 2133 1312 2184 καὶ
1343 2133 1588 2201 εὐλογίας
1614 2148 1626 2161 ⁸
1660 2134 1820 2188 διελέ-

241 2206 452 2277 χθημεν
476 2207 600 2278 περὶ
618 2207 818 2278 ἑορτῶν
853 2209 1177 2275 Ἰουδαϊκῶν,
1203 2215 1296 2266 καὶ
1326 2215 1469 2278 τίνος
1497 2213 1682 2268 ἕνεκεν
1702 2215 1822 2285 τρὶς

237 2290 333 2342 τοῦ
362 2291 606 2343 ἐνιαυτοῦ
637 2290 850 2345 κελεύει
888 2295 1014 2358 τοὺς
1047 2293 1332 2362 Ἰουδαίους
1359 2299 1645 2366 φαίνεσθαι
1672 2300 1822 2370 αὐτῷ

241 2375 270 2426 ὁ
291 2371 453 2435 Θεός·
485 2373 712 2444 εἴπομεν
737 2378 819 2430 ὅτι
849 2378 1008 2448 ἑορτὴ
1042 2377 1332 2444 διαπαντός
1361 2383 1476 2435 ἐστι
1505 2383 1597 2436 καὶ
1619 2384 1825 2452 Πεντη-

241 2458 422 2525 κοστὴ,
450 2458 545 2510 καὶ
583 2459 796 2529 Πάσχα,
825 2461 919 2514 καὶ
955 2463 1273 2532 Ἐπιφάνεια
1293 2482 1305 2495 ·
1344 2465 1567 2537 εἴπομεν
1596 2468 1677 2519 ὅτι
1706 2468 1825 2537 ἐορ⁴

239 2540 338 2607 τὴν
372 2541 614 2604 συνειδὸς
639 2546 784 2596 ποιεῖ
814 2543 1070 2615 καθαρὸν,
1101 2546 1198 2616 οὐχ
1229 2549 1447 2620 ἡμερῶν
1491 2549 1583 2602 καὶ
1616 2551 1824 2621 χρόνων

241 2623 483 2693 περίοδος
506 2643 520 2655 ·
560 2627 676 2694 μετ’
701 2627 879 2680 ἐκεῖνο
906 2627 1172 2700 ἐξέϐημεν
1204 2630 1296 2682 ἐπὶ
1339 2631 1406 2683 τὰ
1437 2630 1583 2703 δῶρα
1601 2633 1670 2684 τὰ
1693 2634 1825 2686 ἀνω-

239 2707 329 2757 θεν
378 2708 772 2777 κατενεχθέντα
799 2726 814 2739 ·
893 2709 1117 2782 εἴπομεν
1169 2714 1251 2765 ὅτι
1300 2715 1643 2786 καταλλαγῆς
1706 2717 1822 2768 ἐστι

238 2788 393 2841 τοῦτο
430 2793 656 2860 σημεῖον
677 2807 690 2821 ·
722 2791 1006 2862 ἐδείξαμεν
1035 2795 1117 2848 ὅτι
1150 2796 1380 2866 πάρεστι
1419 2795 1640 2866 Πνεῦμα
1670 2797 1823 2864 ἆγιον

277 2984 374 2994 ~—

1242 263 1334 319 ὒΕ
1370 265 1636 324 SANCTA
1673 265 2147 336 PENTECOSTE.
2189 264 2421 322 IIOMIL.
2456 261 2523 319 ῐῐ.

3398 265 3506 322 ἀθά

1922 385 2008 439 διὰ
2039 386 2136 457 τῆς
2165 385 2413 454 ἀφέσεως
2440 383 2546 438 τῶν
2575 379 3009 454 ἁμαρτημάτων,
3035 380 3126 436 διὰ
3152 381 3251 453 τῆς
3278 379 3507 456 ἀποκρί-

1924 489 2061 535 σεως
2082 472 2181 542 τῆς
2210 470 2344 541 πρὸς
2367 469 2457 522 τὸν
2485 467 2739 539 ποιμένα,
2766 466 2855 520 διὰ
2877 466 2967 520 τοῦ
2988 466 3146 535 λόγου
3168 467 3267 537 τῆς
3291 468 3506 538 σοφίας,

1923 554 2016 608 καὶ
2054 555 2153 624 τῆς
2179 553 2454 622 γνώσεως,
2490 551 2580 604 διὰ
2625 551 2732 604 τῶν
2776 548 3139 621 χειροτονιῶν,
3170 548 3259 602 διὰ
3284 550 3384 621 τῆς
3413 551 3508 604 θυ-

1923 638 2042 700 σίας
2078 639 2176 707 τῆς
2211 636 2516 704 μυστικῆς·
2555 634 2779 704 εἴπομεν
2818 634 2898 687 δτι
2929 633 3111 705 ὅμηρα
3144 633 3386 705 ἀλλήλων
3412 635 3509 689 καὶ

1922 721 2152 791 ἐνέχυρα
2181 719 2484 789 κατέχομεν
2508 734 2519 745 ”
2551 717 2862 788 προσεθὴκα
2873 735 2970 786 μεν
2998 717 3096 786 τὴν
3135 716 3334 780 αἰτίαν·
3355 717 3421 770 δι’
3442 717 3509 789 ἣν

1914 804 1990 876 ,τά
2025 806 2226 875 σημεῖα
2258 803 2524 873 ἀνῄρηται
2554 801 2646 853 νῦν
2685 801 2751 853 ἐκ
2795 799 2888 852 τοῦ
2925 800 3091 870 μέσου
3115 818 3127 830 ·
3168 800 3306 871 μετὰ
3335 800 3508 855 ταῦτα

1926 889 2311 958 άνεμνὴσαμεν
2340 886 2433 938 τοῦ
2468 884 2699 955 φοϐεροῦ
2725 880 3097 954 δικαστηρίου,
3129 885 3224 938 καὶ
3254 885 3362 939 τῶν
3385 885 3507 938 τότε

1925 969 2288 1040 ἀνοιγομένων
2314 968 2553 1038 βιϐλίων,
2578 967 2669 1020 καὶ
2692 967 2772 1020 ὅτι
2800 966 2977 1019 πάντα
2997 964 3155 1037 ἡμῶν
3173 968 3508 1038 ἐγγράφεται

1923 1053 1990 1106 τὰ
2017 1053 2390 1123 ἁμαρτήματα
2409 1069 2422 1082 ·
2453 1050 2817 1119 ἀπεδείξαμεν
2837 1051 2919 1103 ὅτι
2954 1050 3291 1120 ἐξαλείφεται
3319 1051 3502 1116 πάλιν,

1923 1137 2020 1189 καὶ
2052 1136 2117 1189 ἂν
2149 1135 2410 1205 θέλωμεν.
2441 1134 2626 1188 Ταῦτα
2654 1133 2833 1186 πάντα
2881 1133 3196 1203 μέμνησθε·
3247 1135 3296 1187 εἰ
3341 1134 3397 1187 δέ
3430 1135 3505 1206 μὴ

1923 1218 2145 1271 δυνατὸν
2188 1218 2386 1280 πάντα,
2415 1217 2536 1270 ἀντὶ
2571 1216 2789 1269 πάντων
2820 1217 2915 1269 τοῦ
2952 1218 3079 1289 περὶ
3128 1215 3236 1269 τῶν
3287 1216 3508 1286 βιϐλίων

1928 1301 2204 1372 μέμνησθε
2229 1300 2385 1368 λόγου
2407 1317 2421 1331 ·
2449 1300 2543 1352 καὶ
2574 1299 2751 1352 πάντα
2792 1299 2890 1352 ὅσα
2916 1300 2980 1353 ἀν
3007 1298 3399 1370 ἀποκρίνησθε,
3433 1299 3509 1363 ὡς

1925 1383 2137 1452 ἔχοντες
2186 1383 2274 1436 τὸν
2330 1382 2678 1452 παρεστῶτα,
2715 1383 2808 1435 καὶ
2841 1382 3139 1451 γράφοντα,
3168 1382 3308 1437 οὕτω
3337 1382 3507 1453 φθέγ-

1925 1467 2085 1534 γεσθε
2123 1467 2262 1536 μετὰ
2293 1465 2614 1534 ἀσφαλείας,
2651 1465 2744 1519 καὶ
2777 1466 3034 1535 κατέχετε
3085 1466 3377 1529 διαπαντὸς
3423 1469 3510 1520 ἐν-

1926 1549 2243 1618 ακμάζοντα
2269 1552 2333 1618 τῇ
2372 1550 2559 1619 μνήμῃ
2587 1549 2676 1601 τὸν
2703 1549 2864 1616 λόγον’
2893 1550 3110 1602 τοῦτον·
3141 1550 3228 1603 ἵνα
3257 1552 3304 1604 οἰ
3335 1551 3431 1621 μὲν
3451 1552 3510 1604 ἐν

1925 1636 1990 1704 τῇ
2029 1632 2194 1703 βίϐλῳ
2226 1633 2331 1685 τῶν
2373 1633 2596 1684 δικαίων
2622 1633 3063 1703 ἐγγεγραμμένοι
3093 1634 3365 1704 προσθῆτε
3395 1637 3512 1698 τοῖς

1921 1717 2362 1789 κατορθώμασιν,
2399 1718 2449 1769 οἰ
2498 1716 2554 1768 δὲ
2603 1716 2773 1768 πολλὰ
2821 1716 3032 1786 ἔχοντες
3085 1717 3512 1788 ἐγγεγραμμένα

1922 1800 2314 1871 ἁμαρτήματα,
2337 1799 2739 1868 ἀπαλείψαντες
2764 1799 2902 1852 αὐτὰ
2929 1798 3164 1852 ἐνταῦθα
3190 1799 3403 1862 οὐδενὸς
3433 1800 3511 1852 εί-

1919 1881 2088 1944 δότος,
2119 1881 2524 1951 ἀπαλλαγῶμεν
2555 1883 2651 1951 τῆς
2678 1883 2740 1950 δη
2752 1880 3079 1950 μοσιεύσεως
3128 1881 3364 1950 ἐκείνης.
3398 1882 3510 1934 Καὶ

1921 1965 2028 2035 γὰρ
2071 1965 2314 2030 δυνατὸν,
2363 1964 2544 2028 καθὼς
2575 1963 2957 2034 ἀπεδείξαμεν,
3003 1963 3090 2016 διὰ
3129 1965 3366 2034 σπουδῆς
3412 1965 3509 2017 καὶ⁸

1921 2048 2231 2118 προσευχῆς
2258 2047 2353 2101 καὶ
2389 2046 2671 2110 εὐλαϐείας
2697 2046 3092 2116 ἐπιτεταμένης
3119 2046 3414 2116 ἀπαλεῖψαι
3440 2047 3510 2099 τα

1921 2129 2351 2199 ἐγγεγραμμένα
2374 2130 2744 2199 ἁμαρτήματα
2776 2128 3007 2180 ἅπαντα.
3035 2127 3206 2180 Τοῦτο
3223 2127 3405 2180 τοίνυν
3421 2128 3511 2181 δια

1924 2210 2122 2274 παντὸς
2149 2210 2541 2281 σπουδάζωμεν
2569 2210 2663 2263 τοῦ
2697 2211 2912 2280 χρόνου,
2942 2210 3027 2262 ἵνα
3052 2210 3376 2272 ἀπελθόντες
3397 2213 3512 2263 ἐκεῖ

1921 2293 2236 2362 δυνηθῶμέν
2263 2311 2406 2356 τινος
2434 2293 2764 2362 συγγνώμης
2797 2295 2998 2360 τυχεῖν,
3035 2294 3129 2345 καὶ
3170 2293 3371 2356 πάντες
3398 2295 3512 2346 ἀπ-

1923 2378 2252 2447 αραιτήτους
2272 2380 2465 2445 φυγεῖν
2487 2377 2737 2438 κολάσεις
2759 2392 2772 2406 ·
2803 2369 2878 2428 ὧν
2902 2375 3110 2444 γένοιτο
3133 2377 3340 2439 πάντας
3363 2379 3512 2446 ἡμᾶς

1922 2460 2332 2527 ἀπαλλαγέντας
2366 2460 2769 2529 καταξιωθῆναι
2794 2459 2891 2528 τῆς
2917 2459 3196 2528 βασιλείας
3223 2460 3330 2513 τῶν
3348 2461 3512 2531 οὐρα-

1924 2541 2049 2604 νῶν,
2080 2542 2263 2612 χὰριτι
2298 2543 2390 2595 καὶ
2433 2540 2815 2612 φιλανθρωπίᾳ.
2841 2540 2935 2593 τοῦ
2966 2543 3172 2612 Κυρίου
3217 2545 3372 2614 ἡμῶν
3405 2547 3511 2614 Ἰη-

1927 2625 2019 2677 σοῦ
2061 2625 2319 2697 Χριστοῦ,
2360 2626 2477 2696 μεθ’
2498 2620 2558 2679 οῦ
2588 2625 2663 2693 τῷ
2694 2625 2888 2695 Πατρὶ,
2922 2625 3036 2695 ἅμα
3059 2625 3134 2694 τῷ
3161 2627 3301 2696 ἁγίῳ
3334 2621 3507 2680 Πνεύ-

1928 2726 2075 2779 ματι,
2103 2709 2249 2773 δόξα,
2282 2710 2503 2779 κράτος,
2544 2710 2700 2780 τιμὴ,
2729 2707 2822 2762 νῦν
2859 2709 2952 2761 καὶ
2985 2709 3092 2775 ἀεὶ,
3126 2711 3220 2762 καὶ
3257 2712 3336 2774 είς
3381 2712 3509 2776 τοὺς

1926 2789 2127 2854 αἰῶνας
2155 2791 2261 2845 τῶν
2291 2790 2520 2845 αἰώνων.
2539 2793 2732 2863 Ἂμήν.

2453 2999 3234 3010 -υο-,ας--ς-...ῂ--υν
3245 3002 3280 3007 ο-
3289 3000 3472 3013 σαν-...-

1328 3146 1434 3198 ΕΙΣ
1473 3144 1617 3200 ΤΗΝ
1655 3145 1861 3200 ΑΓΙΑΝ
1901 3147 2422 3202 ΠΕΝΤΗΚΟΣΤΗΝ

877 3363 1112 3432 Ὀμιλία
1134 3365 1217 3429 β’.

307 3452 375 3501 α’.
398 3445 656 3515 Μεγάλα,
672 3446 967 3517 ἀγαπητοὶ,
992 3449 1084 3501 καὶ
1110 3447 1288 3502 πάντα
1306 3447 1466 3516 λόγον
1485 3447 1818 3523 ἀνθρώπινον

235 3529 637 3603 ΰπιρϐαίνσντα
673 3530 744 3583 τὰ
785 3532 1022 3601 σήμερον
1048 3533 1178 3602 ἡμῖν
1213 3532 1524 3603 δωρηθέντα
1557 3533 1708 3605 παρὰ
1726 3532 1818 3587 τοῦ

246 3613 622 3685 φιλανθρώπου
677 3613 814 3666 Θεοῦ
858 3615 1189 3685 χαρίσματα·
1218 3616 1307 3669 διά
1342 3633 1425 3669 τοι
1470 3616 1626 3669 τοῦτο
1667 3619 1817 3688 κοινῇ

245 3701 438 3761 πάντες
467 3699 767 3770 χαίρωμεν,
804 3699 900 3752 καὶ
947 3699 1274 3771 σκιρτῶντες
1300 3701 1700 3772 ἀνυμνήσωμεν
1728 3701 1820 3754 τὸν

238 3783 508 3852 ἡμέτερον
531 3782 826 3854 Δεσπότην.
861 3782 1050 3853 Ἐορτὴ
1075 3783 1184 3854 γὰρ
1215 3786 1350 3854 ἡμῖν
1386 3785 1483 3837 καὶ
1514 3785 1820 3855 πανήγυρις

240 3867 273 3934 ὴ
301 3865 543 3935 σήμερον
584 3865 790 3935 ἡμέρα.
842 3865 1053 3929 Ὠσπερ
1091 3868 1200 3938 γὰρ
1237 3867 1330 3920 ἐπὶ
1371 3867 1472 3937 τῆς
1520 3867 1628 3920 τῶν
1660 3867 1818 3939 ὡρῶν

245 3947 330 4000 καὶ
369 3947 483 4001 τῶν
532 3947 746 4017 τροπῶν
778 3946 1075 4018 ἐναλλαγῆς
1117 3949 1280 4019 ἑτέρα
1303 3950 1404 4019 τὴν
1440 3949 1628 4020 ἐτέραν
1666 3949 1816 4023 [46θῖ

242 4029 580 4099 διαδέχεται,
629 4029 768 4083 οὕτω
803 4029 867 4101 δὴ
899 4030 992 4082 καὶ
1027 4030 1119 4083 ἐπὶ
1161 4033 1260 4102 τῆς
1305 4032 1630 4102 Ἐκκλησίας
1658 4034 1819 4104 ἑορτὴ

241 4112 431 4182 ἑορτὴν
462 4111 836 4181 διαδεχομένη,
872 4110 1044 4175 οὓτως
1085 4115 1232 4184 ἡμᾶς
1263 4116 1342 4179 εἰς
1380 4115 1616 4185 ἀλλήλας
1644 4133 1821 4186 παρα-

243 4195 540 4263 πέμπουσι.
576 4193 812 4262 Πρῴην⁸
838 4193 934 4264 μὲν
959 4189 1051 4248 οῦν
1073 4196 1425 4268 ἐωρτὰσαμεν
1454 4197 1543 4252 τὸν
1568 4198 1817 4269 σταυρὸν,

243 4277 296 4328 τὸ
331 4277 528 4339 πάθος,
561 4277 661 4347 τὴν
693 4277 1008 4340 ἀνάστασιν,
1055 4279 1190 4351 μετά
1218 4281 1388 4333 ταῦτα
1421 4281 1520 4353 τὴν
1552 4283 1630 4344 εἰς
1655 4282 1819 4353 οὐρα-

243 4360 326 4412 νδν
355 4360 546 4414 ἄνοδον
567 4358 666 4430 τοῦ
688 4360 892 4430 Κυρίου
908 4360 1066 4430 ἡμῶν
1099 4361 1272 4432 Ἰησοῦ
1294 4363 1552 4434 Χριστοῦ·
1583 4365 1821 4435 σήμερον

243 4442 291 4494 δὲ
319 4443 507 4495 λοιπὸν
529 4443 609 4504 εἰς
631 4442 762 4495 αὐτὸ
783 4443 844 4496 τὸ
869 4443 1019 4506 τέλος
1040 4445 1428 4516 ὐπηντήσαμεν
1447 4445 1553 4499 τῶν
1577 4446 1821 4513 ἀγαθῶν,

244 4527 316 4588 εἰς
361 4526 536 4596 αὐτὴν
581 4525 680 4596 τὴν
721 4526 1052 4596 μητρόπολιν
1100 4527 1415 4598 ἐφθάσαμεν
1444 4528 1550 4581 τῶν
1594 4528 1817 4599 ἑορτῶν,

244 4610 315 4670 είς
341 4608 511 4661 αὐτὸν
537 4607 631 4660 τὸν
663 4609 873 4680 καρπὸν
908 4610 1322 4680 παρεγενόμεθα
1362 4611 1461 4681 τῆς
1494 4609 1587 4664 τοῦ
1613 4612 1819 4683 Κυρίου

240 4691 594 4759 ἐπαγγελίας.
645 4692 784 4746 Ἐὰν
810 4692 921 4762 γὰρ
954 4693 1212 4758 ἀπέλθω,
1241 4693 1424 4763 φησὶν,
1452 4694 1588 4763 ἐγὼ,
1628 4695 1823 4752 ἄλλον

243 4774 640 4840 Παρὰκλητον
677 4775 890 4842 πέμψω
916 4775 1079 4844 ὑμῖν,
1119 4773 1218 4828 καί
1255 4778 1367 4829 οὐκ
1413 4775 1627 4844 ἀφήσω
1666 4775 1823 4846 ὑμᾶς

239 4855 566 4922 ὀρφανούς.
607 4857 790 4908 Εἵδετε
827 4855 1182 4927 κηδεμονίαν;
1215 4857 1381 4910 εἴδετε
1412 4858 1822 4932 φιλανθρωπίαν

243 4934 470 5004 Ξφατον;
523 4939 639 5008 Πρδ
665 4939 868 4992 τούτων
905 4939 1013 4993 τῶν
1048 4940 1267 5010 ἡμερῶν
1291 4941 1517 5011 ἀνῆλθεν
1548 4944 1626 5006 εἰς
1660 4942 1823 5014 οὐρα-

239 5019 341 5078 νὺν,
372 5023 467 5073 τῦν
505 5021 782 5090 βασιλικὸν
821 5023 1046 5075 ἀνέλαϐε
1081 5022 1288 5094 θρόνον,
1308 5025 1408 5095 τὴν
1446 5026 1504 5078 ἐν
1537 5025 1687 5096 δεξιᾷ
1722 5025 1815 5079 τοῦ

238 5104 448 5174 Πατρὸς
480 5105 756 5176 καθέδραν
802 5107 1092 5176 ἀπείληφε,
1131 5107 1226 5160 καὶ
1274 5109 1512 5179 σήμερον
1545 5111 1675 5181 ἡμῖν
1719 5109 1818 5180 τὴν

237 5189 533 5258 ἐπιδημίαν
556 5187 651 5240 τοῦ
675 5189 988 5259 Πνεύματος
1007 5189 1102 5244 τοῦ
1131 5191 1284 5259 ἁγίου
1309 5190 1612 5262 χαρίζεται,
1639 5193 1733 5247 καὶ
1751 5193 1818 5246 δι’

234 5271 398 5322 αὐτοῦ
428 5271 498 5323 τὰ
533 5271 702 5340 μυρία
749 5273 879 5342 ἡμῖν
908 5272 1016 5325 ἀπὸ
1043 5273 1149 5325 τῶν
1179 5274 1419 5344 οὐρανῶν
1443 5275 1622 5343 ἁγαθά
1656 5292 1818 5346 χορη-

231 5356 337 5417 γεῖ.
375 5355 444 5406 Τί
468 5353 599 5423 γὰρ,
624 5355 744 5408 εἰπέ
775 5373 884 5425 μοι,
914 5355 1022 5408 τῶν
1047 5358 1394 5426 συνεχόντων,
1420 5359 1518 5428 τὴν
1546 5358 1817 5428 σωτηρίαν

231 5437 331 5503 τὴν
361 5436 645 5507 ἡμετέραν
698 5438 820 5506 οὐχὶ
852 5438 942 5489 διά
972 5437 1064 5490 τοῦ
1100 5439 1412 5509 Πνεύματος
1452 5442 1582 5510 ἡμῖν
1612 5441 1812 5512 ᾠκονό-

235 5533 408 5585 μηται
430 5536 445 5579 ;
477 5519 568 5572 διὰ
591 5519 780 5572 τούτου
801 5520 1046 5583 δουλείας
1070 5521 1539 5592 ἀπαλλαττόμεθα,
1568 5525 1646 5586 εἰς
1668 5522 1818 5575 ἐλευ-

299 5624 322 5650 ³
346 5624 436 5671 Sic
472 5637 663 5690 omnes_
688 5638 822 5690 ηιξ-ις..
854 5626 1037 5690 melius
1061 5639 1206 5688 quam
1254 5627 1376 5676 editi
1400 5628 1602 5690 πρῶτον.
1631 5625 1817 5676 Fronto

235 5682 448 5734 Ductus
466 5688 632 5750 πρώην
652 5687 830 5747 legisse
850 5688 1045 5734 videtur

567 5777 838 5833 ιιριτιιυι..
885 5776 1002 5838 Gn.
1053 5777 1119 5838 L.

1829 3290 1900 3302 .-

1925 3367 2108 3439 θερίαν
2132 3366 2462 3438 καλούμεθα,
2493 3366 2573 3430 εἰς
2600 3364 2875 3419 υἱοθεσίαν
2901 3363 3234 3435 ἁναγόμεθα,
3259 3364 3354 3417 καὶ
3370 3365 3508 3418 ἄνω-

1927 3451 2037 3515 θεν,
2066 3452 2140 3515 ὡς
2164 3453 2356 3515 εἰπεῖν,
2381 3449 2852 3521 ἀναπλαττόμεθα,
2885 3448 2944 3502 τὸ
2971 3448 3109 3519 βαρύ
3148 3449 3242 3502 καὶ
3270 3448 3506 3511 δυσῶδες

1924 3534 2034 3588 τῶν
2088 3534 2502 3605 ἁμαρτημάτων
2566 3531 2787 3605 φορτίον
2835 3530 3228 3601 ἀποτιθέμεθα·
3275 3531 3364 3584 διὰ
3407 3530 3506 3582 τοῦ

1926 3617 2241 3687 Πνεύματος
2279 3618 2372 3672 τοῦ
2420 3617 2577 3686 ἁγίου
2625 3616 2815 3688 ἰερέων
2856 3614 3124 3685 βλέπομεν
3169 3613 3384 3684 χοροὺς,
3419 3612 3504 3664 δι-

1924 3701 2206 3755 δασκάλων
2230 3701 2425 3773 ἔχομεν
2455 3701 2732 3771 τάγματα·
2770 3699 2878 3753 ἀπὸ
2905 3699 3004 3768 τῆς
3035 3696 3284 3750 ἐντεῦθεν
3323 3697 3507 3768 πηγῆς

1925 3784 2021 3838 καὶ
2048 3784 2441 3854 ἀποκαλύψεων
2479 3783 2698 3856 δωρεαὶ,
2739 3782 2836 3836 καὶ
2886 3783 3131 3851 ἰαμάτων
3167 3779 3501 3851 χαρίσματα·

1927 3867 2020 3922 καί⁹
2045 3867 2114 3920 τὰ
2157 3867 2321 3921 λοιπὰ
2354 3869 2568 3932 πάντα,
2605 3867 2708 3920 ὅσα
2740 3866 2842 3937 τὴν
2879 3864 3207 3934 Ἐκκλησίαν
3242 3863 3334 3916 τοῦ
3371 3863 3506 3916 Θεοῦ

1927 3953 2151 4020 κοσμεῖν
2187 3950 2396 4016 εἴωθεν,
2427 3948 2675 4002 ἐντεῦθεν
2699 3949 2810 4017 ἔχει
2832 3948 2930 4017 τὴν
2960 3947 3244 4016 χορηγίαν.
3274 3944 3383 3998 Καὶ
3407 3945 3506 4014 βοᾷ

1927 4032 2136 4095 Παῦλος
2164 4032 2358 4099 λέγων·
2403 4029 2594 4085 Ταῦτα
2624 4029 2820 4082 πάντα
2847 4027 3073 4097 ἐνεργεῖ
3108 4027 3174 4080 τὸ
3209 4027 3281 4080 ἒν
3312 4026 3412 4079 καὶ
3438 4027 3506 4079 τὸ

1925 4114 2072 4169 αὐτὸ
2101 4115 2361 4183 Πνεῦμα,
2391 4112 2663 4181 διαιροῦν
2694 4111 2813 4179 ἰδίᾳ
2847 4109 3085 4177 ἑκάστῳ
3121 4110 3313 4175 καθὼς
3351 4109 3483 4173 βού-

1925 4199 2110 4250 λεται.
2142 4195 2338 4261 Καθὼς
2359 4195 2628 4266 βούλεται,
2649 4195 2833 4264 φησιν,
2859 4193 2919 4246 οὐ
2959 4191 3138 4256 καθὼς
3173 4191 3506 4263 προστάττε-

1928 4296 2036 4332 ται·
2077 4279 2338 4350 διαιροῦν,
2370 4279 2430 4332 οὐ
2475 4277 2868 4349 διαιρούμενον·
2919 4273 3231 4338 αὐθεντοῦν,
3276 4275 3376 4327 οὐκ
3405 4274 3506 4327 αὐ-

1929 4362 2113 4433 θεντίᾳ
2137 4362 2513 4432 ὑποκείμενον.
2550 4362 2661 4433 Τὴν
2694 4359 2802 4429 γὰρ
2831 4358 3001 4429 αὐτὴν
3029 4358 3297 4423 ἐξουσίαν,
3327 4359 3504 4428 ἥνπερ

1928 4448 2276 4518 ἐμαρτύρησε
2302 4445 2379 4517 τῷ
2419 4445 2616 4515 Πατρὶ,
2649 4443 2853 4510 ταύτην
2902 4442 2995 4495 καὶ
3037 4440 3114 4511 τῷ
3159 4442 3299 4512 ἁγίῳ
3335 4440 3508 4493 Πνεύ-

1933 4547 2061 4601 ματι
2094 4527 2412 4600 ἀνατίθησιν
2446 4529 2474 4579 ὁ
2503 4525 2734 4589 Παῦλος.
2770 4526 2879 4578 Καὶ
2918 4524 3107 4595 ὥσπερ
3140 4525 3232 4576 ἐπὶ
3261 4523 3354 4576 τοῦ
3387 4525 3503 4576 Πα-

1928 4613 2054 4682 τρός
2079 4628 2259 4682 φησιν·
2307 4612 2360 4663 Ὁ
2393 4610 2462 4663 δὲ
2489 4611 2628 4675 Θεός
2658 4610 2830 4663 ἐστιν
2863 4611 2894 4662 ό
2920 4605 3178 4676 ἐνεργῶν·
3206 4606 3278 4660 τὰ
3308 4605 3505 4658 ,πάντα

1922 4695 1992 4748 ἐν
2023 4695 2230 4758 πᾶσιν,
2261 4691 2402 4746 οὕτω
2424 4693 2518 4745 καί⁸
2540 4693 2632 4746 ἐπὶ
2656 4691 2748 4744 τοῦ
2771 4690 2926 4758 ἁγίου
2951 4689 3091 4744 Πνεύ
3099 4704 3284 4758 ματος·
3314 4688 3506 4742 Ταῦτα

1923 4776 1990 4830 δὲ
2023 4777 2240 4841 πάντα,
2269 4777 2451 4847 φησὶν,
2477 4774 2704 4843 ἐνεργεῖ
2727 4774 2792 4827 τὸ
2822 4773 2892 4826 ἓν
2917 4772 3016 4826 καὶ
3044 4773 3110 4824 τὸ
3133 4771 3281 4825 αὐτὸ
3313 4772 3505 4823 Πνεῦ-

1920 4877 2026 4928 μα,
2063 4859 2332 4928 διαιροῦν
2367 4859 2484 4924 ιδίςι
2525 4857 2757 4920 ἑκάστῳ
2790 4855 2980 4920 καθὼς
3010 4855 3316 4920 βούλεται.
3351 4850 3504 4916 Εἶδες

1923 4943 2337 5014 ἀπηρτισμένην
2363 4940 2644 5006 ἐξουσίαν;
2682 4935 2784 4992 Ὧν
2813 4939 2921 5009 γὰρ
2956 4939 2988 5007 ἡ
3015 4938 3174 4990 οὐσία
3209 4936 3323 5007 μία,
3345 4937 3504 5006 δῆλον

1923 5027 2009 5080 ὅτι
2044 5027 2137 5079 καὶ
2166 5027 2198 5096 ὴ
2231 5025 2484 5078 αὐθεντία
2515 5024 2630 5094 μία·
2661 5023 2753 5075 καὶ
2781 5015 2855 5075 ὧν
2890 5022 3128 5090 ἰσότιμος
3151 5021 3182 5089 ἠ
3208 5019 3355 5085 ἀξία,
3381 5019 3506 5071 τούς

1922 5128 2028 5164 των
2061 5111 2200 5179 καὶὴ
2235 5107 2460 5178 δύναμις
2490 5107 2582 5159 καὶ
2611 5108 2643 5176 ἡ
2673 5104 2890 5169 ἐξουσία
2924 5103 3040 5172 μία.
3060 5103 3157 5156 Διά
3183 5102 3374 5155 τούτου
3405 5101 3502 5170 τὴν

1923 5193 2240 5262 ἀπαλλαγὴν
2273 5191 2379 5244 τῶν
2409 5189 2823 5260 ἁμαρτημάτων
2855 5187 3156 5259 εὐρὰμεθα·
3190 5186 3278 5239 διά
3309 5184 3498 5237 τούτου

1924 5279 2101 5330 πᾶσαν
2131 5275 2322 5346 κηλῖδα
2351 5273 2803 5343 ἀπενιψάμεθαδ·
2834 5272 2923 5324 διὰ
2953 5273 3051 5342 τῆς
3073 5270 3261 5323 τούτου
3292 5267 3497 5336 δωρεᾶς

1921 5359 1979 5423 ἐξ
2003 5356 2302 5428 ἀνθρώπων
2335 5357 2556 5426 ἄγγελοι
2589 5356 2888 5425 γεγόναμεν
2925 5355 2974 5406 οἱ
3008 5357 3073 5425 τῇ
3111 5353 3289 5423 χάριτι
3323 5364 3495 5418 προσ-

1919 5441 2236 5512 δραμόντες.
2279 5441 2341 5493 οὐ
2381 5441 2481 5510 τὴν
2511 5439 2673 5509 φύσιν
2710 5437 3156 5510 μεταϐληθέντες,
3182 5433 3292 5486 ἀλλ’
3319 5430 3347 5482 ὃ
3367 5429 3498 5481 πολ-

1921 5523 1997 5594 λῴ
2017 5523 2453 5594 θαυμαστότερόν
2485 5525 2622 5591 ἐστι,
2663 5524 2912 5594 μένοντες
2947 5522 3004 5573 ἐν
3026 5522 3091 5590 τῇ
3124 5515 3281 5586 φύσει
3307 5515 3372 5585 τῇ
3403 5513 3498 5566 ἀν-

1986 5685 2013 5726 b
2039 5685 2162 5748 Reg.
2189 5701 2332 5747 unus,
2355 5685 2722 5752 ἀπερριψάμεθα.

3137 5759 3174 5818 ίι
