4038 6204
535 255 643 322 εδδ

535 379 784 466 θρωπίνῃ
808 379 905 466 τὴν
945 381 1054 466 τῶν
1085 383 1334 453 ἀγγέλων
1367 385 2107 466 πολιτείανκέπιδεικνύμεθα.

535 463 771 534 Τοιαύτη
782 463 891 535 γὰρ
904 467 936 536 ἡ
949 463 1043 519 τοῦ
1054 467 1542 540 ἀγίουζΠνεύματος
1562 463 1808 542 δύναμις*
1828 472 1922 526 καὶ
1945 470 2113 524 καθά-

536 563 644 619 περ
678 547 740 600 τδ
791 547 904 621 πῦρ
959 549 1114 604 τοῦτο
1163 552 1222 605 τὸ
1255 553 1546 626 αἰσθητὸν,
1591 554 1811 608 ἐπειδὰν
1849 553 1988 625 λάϐῃ
2021 553 2114 607 τὸν

533 711 824 766 δείκνυσινο
865 714 1009 770 οὕτω
1032 716 1094 787 δὴ
1129 718 1223 771 καὶ
1255 718 1317 772 τὸ
1341 716 1450 790 πῦρ
1474 720 1567 774 τοῦ
1595 721 1931 792 Πνεύματος,
1961 722 2112 773 ἐπει-

477 820 486 827 ·
532 793 628 847 δᾶν
649 795 784 870 λάϐῃ
813 796 990 869 ψυχὴν
1019 800 1356 872 εὐγνώμονα,
1387 803 1492 857 κάν
1531 804 1666 877 εὕρῃ
1705 803 1877 873 πηλοῦ
1915 803 2111 874 μᾶλλον

531 877 952 950 διαλελυμένην,
995 882 1212 955 σιδήρου
1260 885 1620 958 στερροτέραν
1653 887 1823 958 αὐτὴν
1861 887 2108 959 ἀπεργά-

532 959 704 1024 ζεταιο
732 963 824 1016 καὶ
858 964 948 1018 τὸν
987 965 1093 1037 πρὸ
1123 966 1320 1038 μικροῦ
1349 967 1427 1038 τῷ
1455 968 1698 1042 βορϐόρῳ
1727 969 1832 1024 τῶν
1863 970 2111 1041 ἁμαρτη-

534 1046 719 1115 μάτων
744 1049 1173 1120 μεμολυσμένον,
1206 1050 1400 1122 ἀθρόον
1432 1052 1525 1106 τοῦ
1555 1053 1706 1124 ἡλίου
1732 1053 2111 1126 λαμπρότερον

533 1130 896 1188 ἀναδείκνυσι.
924 1132 1032 1186 Kal
1047 1129 1198 1185 τοῦτο
1211 1129 1464 1189 διδάσκων
1481 1133 1809 1208 ἡμᾶςόμῖο]
1844 1137 2112 1207 μακάριος

531 1212 744 1277 Παῦλος
778 1215 906 1269 ἐϐόα
935 1216 1132 1290 λέγων’,
1186 1218 1282 1286 Μὴ
1331 1218 1665 1275 πλανᾶσθεο
1695 1220 1835 1274 οὔτε
1881 1222 2107 1288 πόρνοι,

531 1297 668 1350 οὔτε
716 1298 1157 1368 εἰδωλολάτραι,
1212 1303 1350 1356 οὔτε
1391 1302 1612 1373 μοιχοί,
1656 1304 1794 1358 οὔτε
1821 1305 2107 1374 μαλακοὶ,

529 1381 670 1434 οὔτε
715 1383 1149 1451 ἀρσενοκοῖται,
1185 1386 1324 1440 οὔτε
1365 1387 1742 1448 πλεονέκται.
1793 1389 1930 1442 οὔτε
1958 1389 2101 1444 κλέ-

530 1476 691 1523 πται.
719 1467 858 1520 οὔτε
883 1467 1158 1536 μέθυσοι,
1193 1470 1333 1524 οὔτε
1357 1469 1640 1539 λοίδοροι,
1682 1471 1822 1526 οὔτε
1849 1471 2110 1540 ἅρπαγες

525 1552 852 1616 ,βασιλείαν
897 1555 1044 1610 Θεοῦ
1083 1557 1675 1627 κληρονομήσουσιν.
1739 1559 1849 1612 Kal
1907 1560 2111 1630 ἀπαρι-

531 1634 880 1708 θμησάμενος
919 1638 1138 1693 ἅπαντα
1177 1639 1253 1703 ὡς
1282 1642 1457 1694 εἰπεῖν
1501 1641 1601 1712 τῆς
1633 1642 1832 1704 κακίας
1869 1641 1938 1695 τὰ
1965 1642 2105 1712 εἴδη,

529 1726 623 1777 καὶ
649 1725 884 1792 διδάξας,
923 1726 1005 1781 ὄτι
1030 1729 1080 1781 οί
1107 1729 1368 1794 τοιούτοις
1405 1730 1694 1784 ὑπεύθυνοι
1721 1731 2108 1804 ἁμαρτήμασιν

527 1812 796 1885 ἀλλότριοι
834 1817 934 1887 τῆς
964 1814 1237 1886 βασιλείας
1263 1818 1523 1888 γίνονται,
1564 1818 1767 1882 εὐθέως
1818 1820 2064 1890 ἐπήγαγε
2088 1836 2101 1850 ·

527 1901 637 1953 Καὶ
667 1901 853 1956 ταῦτά
904 1896 1064 1972 τινες
1106 1900 1232 1974 ἦτε,
1283 1907 1422 1961 ἀλλ’
1459 1907 1923 1971 ἀπελούσασθε,
1967 1907 2112 1962 ἀλλ’

527 1987 872 2056 ἡγιάσθητε,
900 1992 1038 2046 ἀλλ’
1064 1993 1460 2063 ἐδικαιώθητε.
1493 1994 1618 2058 Πῶς
1645 1995 1736 2048 καὶ
1757 1995 1859 2050 τίνι
1883 1995 2104 2068 τρόπῳ;

527 2075 648 2128 εἰπέ
666 2091 679 2106 ο
715 2077 870 2131 τοῦτο
902 2079 1010 2150 γάρ
1037 2080 1154 2136 ἐστι
1177 2082 1240 2135 τὸ
1262 2083 1609 2154 ζητούμενον.
1650 2085 1745 2138 Ἑν
1765 2085 1844 2151 τῷ
1864 2086 2108 2154 ὀνόματι

526 2163 632 2217 τοῦ
652 2167 872 2233 Κυρίου
912 2168 1115 2234 Ἰησοῦ
1138 2171 1416 2239 Χριστοῦ,
1441 2173 1595 2240 φησὶ,
1617 2173 1715 2226 καὶ
1734 2173 1805 2226 ἐν
1825 2166 1906 2240 τῷ
1930 2176 2106 2228 Πνεῦ-

524 2266 661 2317 ματι
715 2252 821 2306 τοῦ
861 2255 1004 2310 Θεοῦ
1044 2257 1225 2326 ἡμῶν.
1271 2253 1418 2321 Εἶδες
1453 2261 1546 2315 τοῦ
1585 2261 1740 2329 ἁγίου
1787 2262 2106 2333 Πνεύματος

524 2337 624 2409 τὴν
654 2339 904 2412 δύναμιν,
936 2346 1222 2417 ἀγαπητέ;
1258 2343 1392 2412 εἶδες
1425 2349 1586 2402 ὅτιτὸ
1613 2350 1836 2422 Πνεῦμα
1863 2331 2104 2421 τὸήᾶγιον

524 2428 706 2481 πᾶσαν
743 2429 841 2500 τὴν
884 2432 1082 2486 κακίαν
1113 2435 1317 2504 ταύτην
1343 2436 1592 2505 ἠφάνισε,
1633 2439 1727 2492 καί
1753 2440 1880 2504 τοὺς
1911 2441 2104 2513 πρότε-

526 2531 618 2583 ρον
652 2519 1118 2590 παραδεδομένους
1147 2523 1250 2575 ὑπὸ
1285 2525 1393 2578 τῶν
1428 2525 1642 2579 οἰκείων
1669 2527 2098 2600 ἁμαρτημάτων,

523 2603 718 2674 ἀθρόον
748 2607 829 2669 εἰς
865 2608 964 2678 τὴν
989 2609 1249 2663 ἀνωτάτω
1277 2613 1440 2683 τιμὴν
1467 2614 1709 2684 ἀνήγαγε
1735 2632 1748 2681 ;

597 2694 660 2763 β’.
680 2691 773 2758 Τίς
789 2691 882 2748 οὖν
897 2695 964 2749 ἂν
982 2699 1099 2751 κατ’
1115 2699 1270 2764 ἀξίαν
1291 2701 1542 2772 ὀδύραιτο
1562 2705 1656 2758 καὶ
1675 2705 1960 2778 θρηνήσειε
1975 2709 2102 2774 τοὺς

525 2780 883 2852 βλασφημεῖνν
898 2785 1307 2858 ἐπιχειροῦντας
1334 2788 1427 2842 τοῦ
1453 2791 1768 2864 Πνεύματος
1799 2794 1900 2864 τὴν
1921 2795 2096 2862 ἀξίαν,

511 2869 570 2920 οἳ
623 2870 870 2943 καθάπερ
911 2877 1054 2938 τινὲς
1109 2875 1412 2946 μεμηνότες
1448 2876 1568 2930 οὐδὲ
1605 2877 1684 2949 τῷ
1731 2879 1951 2950 μεγέθει
1990 2883 2098 2936 τῶν

522 2957 848 3029 εὐεργεσιῶν
869 2961 966 3031 τῆς
984 2961 1188 3026 οἰκείας
1218 2963 1611 3036 ἀγνωμοσύνης
1647 2966 1978 3039 ἀποσχέσθαι
2007 2971 2100 3023 ἁν-

523 3045 775 3115 ἐχονται,
831 3047 964 3102 ἀλλά
1010 3049 1151 3103 κατὰ
1183 3052 1281 3122 τῆς
1323 3050 1531 3105 ἑαυτῶν
1581 3053 1858 3123 σωτηρίας
1886 3055 2098 3111 ἅπαντα

521 3137 780 3207 πράττειν
816 3138 1118 3209 τολμῶσιν,
1167 3140 1575 3212 ἀλλοτριοῦντες
1620 3143 1752 3197 αὐτὸ
1773 3185 1789 3210 ,
1828 3145 1890 3199 τό
1923 3164 1984 3216 γε
2019 3149 2097 3212 είς

519 3222 716 3286 αὐτοὺς
746 3217 898 3294 ἧκον,
927 3226 1024 3295 τῆς
1063 3225 1386 3298 δεσποτικῆς
1415 3229 1591 3294 ἀξίας,
1630 3231 1726 3285 καὶ
1757 3234 1838 3296 είς
1864 3234 1963 3305 τὴν
1987 3236 2096 3288 τῶν

520 3309 834 3380 κτισμάτων
859 3310 1011 3378 τάξιν
1040 3315 1302 3383 κατάγειν
1327 3318 1727 3388 ἐπιχειροῦσιν;
1757 3321 1864 3384 Οὓς
1881 3323 2095 3378 ἐϐουλόο

523 3414 632 3468 μην
666 3397 906 3469 ἐρέσθαι,
943 3399 1090 3464 τίνος
1117 3401 1325 3469 ἕνεκεν,
1361 3396 1407 3458 ὧ
1437 3401 1601 3472 οὗτοι,
1641 3407 1894 3464 τοσοῦτον
1937 3412 2094 3466 πόλε-

523 3502 622 3554 μον
659 3485 801 3540 κατά
835 3487 933 3556 τῆς
978 3487 1072 3541 τοῦ
1118 3489 1436 3560 Πνεύματος
1484 3491 1641 3558 ἀξίας
1678 3496 2090 3567 ἐπιδείκνυσθε;

521 3573 721 3642 μᾶλλον
757 3573 815 3628 δέ
863 3587 1001 3628 κατα
1033 3575 1134 3646 τῆς
1168 3576 1378 3632 ἑαυτῶν
1414 3581 1708 3652 σωτηρίας,
1741 3585 1834 3639 καὶ
1860 3586 1980 3640 οὐδὲ
2013 3592 2093 3654 εἰς

519 3662 727 3716 ἔννοιαν
759 3663 946 3717 λαϐεῖν
975 3663 1228 3735 βούλεσθε
1267 3667 1338 3720 τά
1369 3669 1518 3740 παρά
1554 3668 1648 3723 τοῦ
1681 3673 1931 3744 Σωτῆρος
1976 3680 2091 3742 τοῖς

521 3749 789 3821 μαθηταῖς
836 3754 1104 3824 εἰρημένα
1142 3770 1157 3818 ;
1224 3756 1622 3823 Πορευθέντες
1676 3765 2091 3830 μαθητεύσατε

517 3836 714 3891 πάντα
745 3841 817 3893 τὰ
847 3839 1014 3906 ἔθνη,
1038 3841 1430 3911 ,ϐαπτίζοντες
1457 3845 1678 3914 αὐτοὺς
1697 3851 1786 3916 είς
1810 3851 1876 3905 τὸ
1903 3853 2090 3925 ὄνομα

515 3925 620 3982 τοῦ
649 3927 876 3997 Πατρός
896 3929 992 3983 καί
1023 3930 1131 3985 τοῦ
1163 3931 1301 3986 Υἰοῦ
1330 3932 1428 3987 καί
1453 3934 1561 3988 τοῦ
1595 3935 1768 4006 ἁγίου
1819 3943 2086 4012 Πνεύμα-

512 4032 635 4082 τος.
684 4014 836 4082 Εἶδες
880 4019 1140 4091 ὁμότιμον
1183 4021 1282 4093 τὴν
1330 4021 1532 4092 ἀξίαν;
1585 4019 1722 4091 εἶδες
1771 4032 2088 4101 συμφωνίαν

517 4105 982 4204 ἀπηκριϐιιιμένην
1002 4123 1016 4172 ;
1044 4103 1223 4204 -εϊδεςΑ
1241 4109 1363 4204 τῆς⁸
1383 4111 1629 4204 ΤριάδοςΔ
1648 4115 1709 4168 τὸ
1746 4115 2050 4204 ἀδιαίρετον
2069 4139 2084 4186 ;

515 4191 591 4260 μή
625 4209 727 4244 που
759 4193 1012 4265 διαφορὰ,
1041 4197 1075 4266 ἢ
1115 4197 1400 4269 ἐναλλαγείη,
1429 4200 1462 4272 ἢ
1498 4201 1820 4272 ὑφαίρεσις;
1876 4187 1940 4260 Ῠί
1975 4212 2087 4274 τοῖς

510 4277 604 4330 τοῦ
635 4279 902 4367 δεσπότου
932 4283 1168 4351 ῥήμασιν
1199 4284 1354 4354 ὑμεῖς
1380 4286 1852 4346 ἐπιδιατάσσεσθαι
1888 4294 2087 4367 τολμᾶ-

510 4381 600 4431 τε;
627 4365 660 4435 ἦ
689 4365 788 4418 οὐκ
819 4366 1054 4454 ίστε,ὂτι
1082 4370 1176 4421 καὶ
1205 4369 1296 4422 ἐπὶ
1322 4371 1426 4424 τῶν
1457 4373 1811 4444 ἀνθρωπίνων
1835 4365 2087 4454 πραγμά-

509 4455 722 4544 των,Δεί
752 4453 846 4544 καί
886 4453 968 4519 τίς
1002 4471 1132 4544 ποτε
1166 4457 1584 4529 ἐπιχειρήσειεν,
1632 4461 1665 4533 ἢ
1699 4465 1779 4530 είς
1819 4453 2084 4544 τοσαύτην

511 4540 717 4606 ἐξέλθοι
738 4541 962 4613 τόλμαν,
990 4541 1130 4596 ὥστε
1159 4545 1474 4616 προσθεῖναί
1492 4563 1550 4605 τι
1562 4551 1674 4615 τοῖς
1695 4554 1845 4624 παρὰ
1873 4557 1964 4609 τοῦ
1993 4540 2084 4630 βα-

513 4632 702 4697 σιλέως
733 4635 1074 4706 γράμμασιν,
1093 4633 1126 4705 ἦ
1144 4634 1382 4704 ἀφελεῖν,
1405 4635 1496 4691 τοῦ
1516 4639 1807 4708 ὁμογενοῦς
1828 4647 1962 4716 ἡμῖν
1989 4653 2082 4705 καὶ

508 4721 608 4792 τῆς
625 4723 792 4794 αὐτῆς
812 4724 1025 4792 φύσεως
1055 4723 1452 4789 κοινωνοῦντος.
1483 4727 1582 4798 τὴν
1603 4729 1838 4804 ἐσχάτην
1859 4735 2085 4806 ὑφίστα..

507 4827 596 4864 ται
612 4810 786 4883 δίκην,
811 4814 904 4867 καὶ
917 4813 1067 4868 οὐδὲν
1086 4813 1249 4868 αὐτὸν
1267 4813 1368 4884 τῆς
1379 4817 1650 4886 τιμωρίας
1669 4819 1943 4885 ἐξελέσθαι
1960 4825 2082 4881 δυν-

507 4899 699 4968 ήσεται
726 4918 741 4967 ;
779 4901 842 4954 Εἰ
869 4902 1046 4955 τοίνυν
1075 4903 1162 4956 ἐπ’
1186 4901 1474 4975 ἀνθρώπου
1497 4906 1751 4972 τοσοῦτος
1771 4912 1798 4964 6
1815 4912 2079 4980 κίνδυνος,

511 4989 636 5041 ποία
669 4989 878 5056 γένοιτο
906 4991 971 5044 ἀν
998 5008 1127 5044 ποτε
1159 4991 1455 5063 συγγνώμη
1495 4997 1606 5058 τοῖς
1643 4999 1912 5071 τοσαύτην
1947 5004 2082 5056 ἀπό-

507 5093 655 5132 νοιαν
683 5076 1176 5146 ἐπιδεικνυμένοις,
1221 5079 1314 5132 καὶ
1333 5078 1401 5132 τὰ
1435 5081 1586 5151 παρά
1623 5083 1718 5136 τοῦ
1758 5089 1937 5142 κοινοῦ
1969 5091 2080 5144 Σω-

507 5163 668 5234 τῆρος
698 5161 856 5233 ἡμῶν
881 5165 1144 5234 εἰρημένα
1181 5165 1576 5238 παραφθείρειν
1599 5170 1954 5245 ἐπιχειροῦσι,
1985 5195 2079 5231 και

507 5249 626 5304 οὐδὲ
661 5248 872 5303 Παύλου
904 5249 998 5302 τοῦ
1028 5251 1117 5304 τὸν
1150 5253 1386 5323 Χριστὸν
1414 5255 1626 5325 ἔχοντος
1659 5258 1718 5312 ἐν
1759 5261 1937 5334 ἐαυτῷ
1969 5264 2032 5318 λσ
2055 5296 2077 5307 -

507 5336 700 5392 λοῦντα
729 5336 948 5392 ἀκούειν
976 5338 1337 5409 βουλομένοις,
1376 5341 1605 5415 λαμπρᾷ
1633 5349 1700 5416 τῇ
1733 5352 1882 5420 φωνῇ
1914 5351 2078 5421 βοῶι-

507 5444 595 5490 τος
617 5427 711 5480 καὶ
737 5426 1014 5494 λέγοντος’
1063 5427 1396 5496 Ὀφθαλμὸς
1410 5431 1521 5484 οὐκ
1545 5427 1684 5496 εἶδε,
1712 5435 1809 5487 καὶ
1837 5433 1944 5505 οὖς
1965 5441 2076 5494 οὐκ

507 5513 756 5582 ἤκουσε,
787 5514 885 5567 καί
915 5512 1013 5566 ἐπὶ
1048 5512 1299 5582 καρδίαν
1323 5515 1635 5583 ἀνθρώπου
1657 5521 1767 5574 οὐκ
1799 5522 2001 5592 ἀνέϐη,
2039 5527 2078 5581 d

507 5603 832 5672 ἡτοίμασεν
857 5606 889 5657 ὀ
916 5603 1059 5669 Θεὸς
1082 5601 1207 5666 τοῖς
1231 5602 1543 5674 ἀγαπῶσιν
1559 5608 1784 5673 αὐτόν;
1811 5611 1872 5665 Et
1897 5614 2076 5670 τοίνυν

506 5687 628 5741 οὕτε
667 5689 939 5761 ὀφθαλμὸς
969 5686 1130 5757 εἶδεν,
1171 5689 1292 5744 οὔτε
1319 5685 1410 5755 οῦς
1441 5692 1690 5763 ἤκουσεν,
1726 5696 1847 5752 οὔτε
1879 5703 2073 5772 καρδία

1143 268 1200 326 S.
1239 269 1528 326 JOANNIS
1563 269 2055 328 CHRYSOSTOMI
2095 267 2415 324 ABCHIEP.
2457 270 3002 330 CONSTANTINOP.

3689 275 3781 331 ιδο

2219 383 2472 450 δέξασθαι
2495 387 2732 460 ἡδυνὴοη
2759 388 2858 460 τὴν
2882 386 3081 456 γνῶσιν
3102 385 3207 440 τῶν
3241 384 3653 462 ἡτοιμασμένων
3678 392 3781 453 τοῖς

2220 476 2508 544 ἀγαπῶσιν
2545 479 2727 545 αὐτὸν,
2777 480 2941 533 πόθεν
2991 481 3172 550 ἡμεῖς,
3218 471 3264 531 ὧ
3314 477 3550 549 μακάριε
3591 475 3778 547 Παῦλε,

536 564 644 619 περ
678 564 740 600 το
791 567 904 621 πυρ
959 567 1114 604 τουτο
1163 564 1222 605 το
1255 564 1546 626 αἰσθητὸν,
1591 564 1811 608 ἐπειδὰν
1851 564 1988 625 λάϐῃ
2021 564 2114 607 τὸν
2146 617 2185 638 ⁸
2218 564 2424 619 τούτων
2444 565 2542 638 τὴν
2566 565 2770 636 γνῶσιν
2794 570 2940 637 σχεῖν
2975 565 3278 636 δυνάμεθα;
3325 564 3538 636 Μικρὸν
3565 566 3779 638 ἀνάμει-

534 629 708 700 πηλὸν
735 629 828 684 τδν
856 631 1255 704 διαλελυμένονν
1278 635 1542 708 ὅστρακον
1569 637 1785 709 ίσΧυΡδν
1804 637 1966 691 αὑτὸν
1986 637 2116 690 ἀπο·
2145 639 2180 673 θ
2219 673 2328 709 νον.
2353 657 2446 709 καὶ
2473 657 2682 709 ἀκούσῃ
2711 657 2874 709 αὑτοῦ
2897 659 2988 709 καὶ
3012 657 3171 709 τοῦτο
3195 656 3480 709 δηλοῦντος
3499 673 3512 688 ·
3541 659 3779 709 ἐπήγαγ-

2219 673 2328 720 νον,
2353 657 2446 710 καὶ
2473 657 2683 732 ἀκούσῃ
2711 657 2874 713 αὑτοῦ
2897 659 2988 712 καὶ
3012 657 3171 712 τοῦτο
3195 656 3480 728 δηλοῦντος
3499 673 3512 688 ⁶
3541 659 3780 729 ἐπήγαγε

2218 747 2350 816 γοῦν
2378 749 2571 818 λέγων’
2614 749 2778 821 Ἡμῖν
2805 749 2877 803 δὲ
2915 752 2948 803 ὀ
2981 747 3124 815 Θεὸς
3163 749 3521 818 ἀπεκάλυπτε
3545 749 3644 805 διὰ
3683 752 3780 807 τοῦ

2218 840 2565 910 Πνεύματος
2609 841 2817 896 αὑτοῦ.
2872 841 2981 895 Kal
3018 841 3139 894 ούδέ
3179 840 3342 912 μέχρι
3385 840 3577 895 τούτου
3624 840 3779 912 ἔστηο

2217 931 2332 986 ἀλλ’
2367 932 2454 987 ῐνα
2480 931 2628 1004 δείξῃ
2659 935 2754 988 καὶ
2779 933 2876 1004 τῆς
2908 933 3188 1002 δυνάμεως
3221 932 3282 984 τὸ
3307 931 3555 1001 μέγεθος,
3591 934 3686 987 καὶ
3712 933 3783 997 ὡς

2215 1023 2314 1092 τῆς
2338 1022 2506 1094 αὐτῆς
2532 1023 2682 1076 ἐστιν
2706 1022 2894 1087 οὐσίας
2914 1021 2993 1094 τῷ
3027 1022 3204 1094 Πατρὶ
3227 1022 3322 1077 καὶ
3353 1021 3432 1094 τῷ
3463 1021 3596 1093 Υίῷ.
3632 1023 3778 1092 φησί’

2218 1111 2289 1166 Τὸ
2312 1110 2420 1183 γὰρ
2452 1111 2694 1182 Πνεῦμα
2732 1111 2930 1170 πάντα
2975 1109 3212 1179 ἐρευνᾷ,
3243 1109 3343 1164 καί
3392 1113 3460 1165 τὰ
3483 1111 3644 1178 βάθη
3682 1111 3786 1165 τοῦ

2218 1203 2387 1258 Θεοῦ.
2423 1199 2559 1258 Εἶτα
2588 1203 2908 1275 βουλόμενος
2937 1203 2999 1270 ἐξ
3023 1202 3378 1272 ἀνθρωπίνων
3410 1203 3782 1274 παραδειγμά-

2213 1313 2324 1350 των
2371 1296 2770 1368 ἀκριϐεστέραν
2807 1299 2940 1367 ἡμῖν
2985 1295 3217 1350 ἐνθεῖναι
3271 1297 3372 1367 τὴν
3420 1295 3781 1362 διδασκαλίαν,

2215 1387 2460 1458 ἐπήγαγε
2479 1406 2493 1420 -
2541 1389 2637 1454 Τίς
2668 1390 2777 1459 γὰρ
2809 1384 2974 1443 οἶδεν
2999 1387 3324 1456 ἀνθρώπω
3337 1386 3410 1442 τὰ
3433 1387 3539 1442 τοῦ
3566 1389 3784 1456 ἀνθρώ-

2215 1499 2356 1545 που,
2387 1484 2440 1536 εί
2460 1482 2547 1552 μὴ
2572 1482 2640 1536 τὸ
2672 1482 2909 1552 πνεῦμα
2929 1481 3036 1536 τοῦ
3061 1479 3377 1550 ἀνθρώπου
3402 1480 3470 1535 τό
3497 1480 3568 1534 ἐν
3587 1479 3784 1546 abab;

2219 1573 2381 1626 Οὕτω
2421 1573 2520 1626 καὶ
2568 1571 2641 1626 τὰ
2696 1572 2802 1626 τοῦ
2845 1571 2994 1626 Θεοῦ
3033 1571 3232 1636 οὐδεὶς
3267 1567 3451 1637 οἶδεν,
3498 1573 3552 1625 εί
3603 1572 3684 1641 μὴ
3719 1571 3784 1626 τὸ

2214 1661 2456 1732 Πνεῦμα
2488 1661 2596 1717 τοῦ
2644 1661 2812 1717 Θεοῦ.
2860 1657 3015 1726 Εἶδες
3051 1660 3399 1715 διδασκαλίαν
3438 1660 3781 1732 ἀπηρτισμέ-

2216 1770 2345 1824 νην;
2371 1753 2602 1824 Ὥσπερ,
2633 1753 2786 1824 φησὶ,
2813 1752 2881 1806 τά
2909 1753 2968 1806 ἐν
2999 1751 3208 1825 διανοίᾳ
3247 1752 3340 1806 τοῦ
3370 1751 3657 1824 ἀνθρώπου
3689 1753 3783 1823 οὐχ

2212 1842 2325 1900 οἷόν
2362 1862 2420 1898 τε
2449 1846 2633 1916 ἕτερόν
2655 1862 2779 1899 τινα
2815 1843 3030 1908 εἰδέναι,
3061 1842 3176 1897 ἀλλ’
3207 1842 3367 1906 αὐτὸς
3399 1843 3556 1913 μόνος
3583 1837 3690 1896 οἶδε
3718 1843 3782 1896 τά

2213 1936 2436 1991 ἐαυτοῦο
2473 1936 2616 1991 οὕτω
2648 1937 2742 1990 καὶ
2777 1936 2846 1990 τά
2870 1935 2965 1988 τοῦ
2999 1934 3134 1988 Θεοῦ
3157 1935 3333 1998 οὐδεὶς
3354 1929 3516 1999 οἶδεν,
3543 1936 3595 1988 εἰ
3631 1936 3705 2006 μὴ
3725 1936 3784 1988 τὸ

2212 2031 2438 2102 Πνεῦμα
2468 2031 2561 2085 τοῦ
2591 2029 2728 2085 Θεοῦ
2746 2045 2762 2062 θ
2785 2029 2815 2084 6
2849 2028 3108 2100 μέγιστον
3129 2027 3222 2082 καὶ
3245 2028 3446 2099 σφόδρα
3471 2029 3650 2082 ἰκανὸν
3676 2028 3783 2081 δεῖ·

2213 2123 2300 2188 ξαι
2327 2122 2420 2176 τοῦ
2450 2121 2764 2192 Πνεύματος
2793 2121 2891 2192 τὴν
2909 2119 3087 2186 ἀξίαν.
3114 2118 3470 2190 Παράδειγμα
3501 2117 3612 2190 γὰρ
3640 2135 3783 2189 παρ-

2211 2217 2387 2286 ἡγαγε
2430 2215 2710 2286 μονονουχὶ
2733 2211 2925 2280 λέγων,
2961 2211 3036 2282 μὴ
3069 2203 3180 2264 οἷόν
3207 2209 3267 2262 τέ
3305 2227 3428 2262 τινα
3451 2209 3560 2263 τῶν
3576 2208 3782 2282 ἀνθρὼ-

2211 2326 2328 2362 πων
2351 2308 2418 2362 τά
2452 2309 2510 2360 ἐν
2537 2306 2744 2379 διανοίᾳ
2769 2305 2934 2360 αὑτοῦ
2965 2303 3231 2374 ἀγνοῆσαι
3255 2319 3406 2357 ποτε.
3444 2303 3655 2374 Ὠσπερ
3687 2299 3784 2356 οῦν

2208 2402 2366 2456 τοῦτο
2389 2403 2448 2456 οὐ
2477 2401 2721 2466 δυνατὸν,
2743 2399 2888 2454 οὕτω
2916 2400 3012 2452 καὶ
3039 2399 3106 2451 τά
3125 2396 3220 2452 τοῦ
3249 2397 3382 2451 Θεοῦ
3419 2397 3559 2468 μετὰ
3585 2395 3783 2450 τοσαύο

2207 2513 2306 2565 της
2331 2493 2637 2565 ἀκριϐείας,
2687 2493 2872 2564 φησὶν,
2917 2493 3204 2546 ἐπίσταται
3248 2488 3474 2561 Πνεῦμα
3516 2489 3577 2542 τὸ
3605 2488 3784 2558 ἅγιον.

2222 2587 2359 2640 Ἀλλ’
2405 2587 2504 2640 ούκ
2552 2582 2670 2640 οἶδα
2714 2585 2833 2649 πῶς
2877 2583 2999 2638 οὐδὲ
3030 2581 3205 2636 ταῦτα
3237 2581 3412 2650 λέγων
3441 2583 3470 2634 ό
3510 2581 3784 2651 μακάριος

2207 2673 2361 2744 οὗτος
2381 2680 2720 2734 καθικνεῖται
2742 2678 2850 2732 τῶν
2879 2677 2967 2732 διά
2993 2677 3092 2749 τὴν
3115 2674 3322 2730 οἰκείαν
3350 2674 3618 2748 πρόληψιν
3641 2675 3785 2729 κατά

2206 2773 2304 2843 τῆς
2337 2771 2546 2826 ἑαυτῶν
2582 2770 2854 2843 σωτηρίας
2871 2767 3126 2824 τοσοῦτον
3156 2767 3306 2842 [471]
3327 2767 3783 2838 ἐπιδεικνυμένων

2207 2863 2445 2934 πόλεμον
2461 2859 2601 2915 κατά
2615 2861 2715 2931 τῆς
2726 2859 2818 2914 τοῦ
2842 2858 2981 2914 Πνεύ
2989 2876 3155 2930 ματος
3166 2859 3340 2926 ἀξίας,
3363 2858 3527 2913 καὶτὸ
3547 2854 3680 2930 ἡκον
3701 2875 3725 2912 ε
3737 2859 3782 2923 ις

2204 2955 2402 3019 αὐτοὺς
2424 2953 2842 3027 ἀλλοτριούντων
2869 2953 3001 3007 αὐτὸ
3021 2953 3119 3022 τῆς
3143 2951 3464 3023 δεσποτικῆς
3486 2953 3662 3019 ἀξίας,
3688 2955 3781 3007 καὶ

2204 3047 2553 3117 καταγόντων
2585 3049 2665 3112 είς
2699 3047 2797 3118 τὴν
2823 3045 2934 3101 τῶν
2964 3045 3461 3117 δημιουργημάτων
3483 3045 3782 3101 εὐτέλειαν.

2215 3135 2355 3190 Ἀλλ’
2386 3137 2435 3190 εἰ
2471 3137 2568 3190 καὶ
2609 3135 2806 3189 ἐκεῖνοι
2841 3132 3157 3204 φιλονείκως
3192 3133 3514 3197 διάκεινται,
3541 3133 3779 3187 ἀπενανο

2201 3227 2320 3292 τίας
2354 3226 2632 3298 ἱστάμενοι
2665 3229 2778 3290 τοῖς
2811 3225 2963 3296 παρά
2992 3225 3092 3296 τῆς
3125 3225 3276 3290 θείας
3308 3226 3526 3297 Γραφῆς
3551 3227 3782 3296 εἰρημέ-

2201 3335 2334 3383 νοις,
2373 3319 2532 3390 ἡμεῖς
2570 3317 2638 3372 τά
2670 3317 2788 3372 θεῖα
2825 3315 3132 3388 διδάγματα
3161 3317 3236 3382 ὡς
3264 3320 3542 3390 χρησμοὺς
3572 3320 3781 3374 ἀνωθεν

2199 3408 2623 3478 κατενεχθέντας
2671 3407 2950 3480 δεχόμενοι
2969 3448 2985 3471 ,
3021 3408 3120 3480 τὴν
3155 3411 3536 3481 προσήκουσαν
3569 3409 3779 3476 δοξολο·

2198 3501 2324 3570 γίαν
2349 3500 2782 3572 ἀναπέμψωμεν,
2815 3499 2954 3570 μετά
2986 3499 3083 3570 τῆς
3115 3498 3280 3571 ὀρθῆς
3309 3499 3544 3565 πίστεως
3565 3501 3658 3555 καὶ
3675 3501 3781 3571 τῆς

2197 3589 2455 3660 ἀληθείας
2470 3590 2568 3661 τὴν
2585 3588 2870 3661 ἀκρίϐειαν
2889 3587 3340 3659 ἐπιδεικνύμενοι.
3373 3589 3518 3660 Πρὸς
3549 3590 3649 3660 μὲν
3677 3586 3780 3645 οὖν

2195 3684 2322 3746 τοὺς
2345 3680 2754 3752 ἐπιχειροῦντας
2771 3680 2989 3736 ἐναντία
3015 3683 3126 3744 τοῖς
3150 3681 3300 3753 παρά
3325 3680 3419 3734 τοῦ
3454 3682 3781 3754 Πνεύματος

2195 3775 2506 3846 εἰρημένοις
2534 3773 2827 3839 διδάσκειν,
2856 3775 3014 3830 ίκανά
3042 3775 3113 3830 τὰ
3145 3773 3407 3846 εἰρημένα
3425 3791 3440 3806 ·
3471 3776 3779 3845 ἀναγκαῖον

2192 3865 2251 3919 δὲ
2289 3868 2463 3920 εἰπεῖν
2495 3865 2632 3939 πρὸς
2657 3866 2755 3938 τὴν
2793 3866 3064 3940 ὑμετέραν
3105 3868 3351 3939 ἀγάπην,
3393 3868 3541 3933 τίνος
3580 3869 3780 3925 ενεκεν

2194 3959 2328 4028 ἡμῖν
2355 3959 2417 4011 τὸ
2445 3959 2618 4012 αῐτιον
2644 3959 2752 4012 τῶν
2772 3945 3042 4013 τοσούτων
3069 3958 3287 4028 ἀγαθῶν
3309 3959 3410 4013 οὒκ
3436 3959 3639 4024 εὐθέως
3670 3977 3778 4031 p.3-

2193 4052 2260 4106 τὰ
2289 4049 2386 4121 τὴν
2411 4050 2577 4105 αὐτοῦ
2599 4050 2784 4105 ἄνοδον
2804 4051 3122 4122 κεχάρισται
3151 4053 3179 4105 6
3215 4050 3421 4123 Κύριος
3438 4069 3453 4083 ο
3485 4051 3598 4105 ἀλλ’
3622 4053 3778 4122 ἀφῆ-

2193 4163 2289 4200 κεν
2320 4146 2504 4216 ὀλίγας
2546 4145 2808 4217 πρότερον
2841 4143 3178 4217 ἐνδιατρίψαι
3206 4145 3455 4217 ἡμέρας,
3508 4145 3603 4200 καὶ
3640 4145 3776 4200 καθ’

2193 4239 2418 4304 ἑαυτοὺς
2458 4237 2710 4308 γενέσθαι
2759 4239 2886 4303 τοὺς
2926 4236 3193 4310 μαθητὰς,
3242 4237 3338 4292 καὶ
3374 4237 3494 4292 τότε
3531 4236 3631 4310 τὴν
3668 4239 3776 4292 τοῦ

2190 4329 2508 4402 Πνεύματος
2529 4329 2689 4402 χάριν
2711 4328 3082 4400 κατέπεμψεν.
3124 4328 3236 4400 Ούχ
3258 4327 3464 4392 ἁπλῶς,
3487 4327 3610 4382 ούδέ
3639 4331 3774 4403 εἰκῇ

2190 4423 2309 4478 οὐδέ
2335 4423 2493 4478 τοῦτο
2525 4423 2837 4494 γεγένηται.
2893 4420 3109 4492 Ἐπειδὴ
3137 4423 3247 4490 γάρ
3275 4420 3390 4492 ᾔδει
3414 4420 3520 4474 τῶν
3551 4420 3774 4492 ἀνθρώ-

2191 4533 2308 4569 πων
2343 4515 2405 4568 τὸ
2435 4515 2590 4584 γένος
2631 4515 2729 4585 οὐχ
2771 4515 2972 4585 ὁμοίιος
3006 4514 3074 4569 τὰ
3107 4517 3167 4569 ἐν
3202 4513 3360 4586 χερσὶ
3387 4512 3774 4585 θαυμάζοντας

2189 4608 2393 4679 ἀγαθὰ,
2437 4607 2559 4662 οὐδὲ
2608 4607 2729 4662 κατ’
2765 4607 2918 4672 ἀξίαν
2959 4608 3235 4679 τιμῶντας
3279 4609 3483 4671 ἐκεῖνα,
3519 4607 3665 4678 ἀπερ
3700 4608 3776 4660 ἂν

2188 4701 2319 4774 ἡδέα
2348 4701 2442 4756 καὶ
2472 4699 2681 4772 μεγάλα
2713 4701 3022 4771 καταφανῆ,
3051 4699 3118 4753 ἂν
3153 4699 3228 4770 μὴ
3251 4699 3346 4753 καὶ
3371 4697 3479 4752 τῶν
3504 4697 3776 4752 ἐναντίων

2189 4793 2222 4864 ἡ
2247 4793 2448 4857 εἴσοδος
2476 4791 2805 4866 παρεισέλθῃ
2824 4810 2839 4825 σ
2863 4786 2974 4846 οἷόν
2999 4808 3052 4844 τι
3079 4790 3221 4859 λέγω
3239 4806 3255 4821 ο
3281 4790 3366 4843 δεῖ
3380 4789 3492 4862 γὰρ
3512 4789 3646 4844 αὐτὸ
3669 4807 3777 4844 σα-

2189 4883 2450 4955 φέστερον
2481 4883 2686 4936 εἰπεῖν·
2736 4885 2766 4936 ό
2805 4883 3064 4952 ὑγιαίνων
3105 4882 3197 4936 καί⁵
3231 4880 3469 4934 εύεκτῶν
3501 4880 3562 4934 τὸ
3601 4879 3776 4951 σῶμα.

2184 4977 2285 5031 οὑκ
2326 4974 2658 5039 αἰσθάνεται,
2692 4975 2813 5028 οὐδὲ
2859 4973 3100 5045 ἀκριϐῶς
3148 4972 3346 5027 εἰδέναι
3388 4972 3627 5036 δύναται,
3662 4972 3777 5027 ὅσα

2185 5067 2331 5140 αὐτῷ
2360 5067 2540 5137 ἀγαθά
2570 5069 2603 5138 ἡ
2633 5066 2790 5136 ὑγεία
2821 5065 3124 5138 ἐχαρίζετο,
3162 5066 3212 5120 εἰ
3249 5065 3324 5136 μὴ
3355 5065 3447 5118 καὶ
3473 5064 3575 5134 τῆς
3601 5063 3774 5118 νόσου

2184 5162 2376 5231 πεῖραν
2393 5157 2536 5232 λάϐῃ
2552 5158 2652 5228 τῆς
2672 5157 2953 5222 ἀσθενείας
2977 5156 3436 5230 παρεισελθούσης
3454 5173 3467 5186 ο
3497 5158 3590 5210 καὶ
3612 5156 3641 5208 6
3662 5156 3775 5228 τὴν

2183 5249 2394 5321 ἡμέραν
2424 5247 2584 5302 πάλιν
2627 5246 2837 5317 βλέπων
2868 5247 2967 5317 οὐχ
2997 5247 3198 5316 ὁμοίως
3231 5245 3499 5317 θαυμάζει
3527 5244 3588 5298 τδ
3617 5245 3772 5315 φῶς,

2181 5337 2278 5390 ἐὰν
2304 5337 2378 5408 μὴ
2403 5334 2499 5391 καὶ
2521 5335 2584 5390 τὸ
2607 5335 2706 5407 τῆς
2730 5334 2922 5399 νυκτὸς
2951 5335 3136 5398 σκότος
3160 5333 3488 5405 διαδέξηται.
3516 5335 3626 5388 Καὶ
3649 5335 3775 5406 γὰρ

2181 5431 2213 5499 ἡ
2247 5429 2355 5482 τῶν
2387 5428 2642 5484 ἐναντίων
2677 5431 2843 5500 πεῖρα
2861 5425 3176 5490 διδάσκαλος
3208 5425 3298 5480 ἀεὶ
3332 5427 3541 5496 γίνεται
3579 5425 3772 5497 σαφὴς

2182 5519 2422 5585 ἐκείνων,
2447 5513 2521 5575 ὧν
2542 5520 2804 5592 πρότερον
2828 5521 2888 5573 ἐν
2911 5511 3774 5588 ἀπολαύσειτυγχάνοντεςῆμεν.

2181 5613 2281 5667 Διά
2307 5631 2388 5667 τοι
2419 5613 2575 5668 τοῦτο
2610 5614 2706 5667 καὶ⁵
2736 5614 2880 5679 τότε,
2903 5613 3094 5684 ἐπειδὴ
3124 5612 3332 5683 μυρίων
3361 5606 3500 5681 ἦσαν
3531 5609 3774 5678 ἀγαθῶν

2181 5709 2230 5760 οί
2255 5707 2494 5776 μαθηταὶ
2518 5706 2658 5762 κατά
2677 5706 2774 5778 τὴν
2804 5705 2969 5762 αὐτοῦ
3001 5704 3302 5777 παρουσίαν
3324 5701 3769 5766 ἀπολαύσαντες,
