4038 6204
253 300 363 357 665

252 415 416 471 bilius
442 455 458 479 ,
505 413 559 467 in
607 420 795 466 natura
846 417 1214 480 permanentes
1262 407 1488 462 humana
1536 407 1844 477 angelorum

250 505 721 563 conversationem
775 502 1109 558 exhibemus.
1155 501 1324 555 Tanta
1371 499 1631 570 siquidem
1681 499 1850 553 virtus

250 610 340 655 est
365 598 598 668 Spiritus
627 594 818 650 sancti.
865 594 930 646 lit
965 591 1410 662 quemadmodum
1438 589 1573 661 ignis
1599 589 1731 653 iste,
1761 588 1848 658 qui

253 705 425 744 sensu
463 687 787 757 percipitur,
818 683 904 738 ubi
951 683 1116 738 molle
1155 683 1318 735 lutum
1356 681 1596 750 ceperit,
1626 679 1847 749 rigidam

258 780 396 834 illud
423 788 608 834 testam
635 775 798 833 efﬁcit
822 793 835 830 :
859 776 936 830 sic
962 775 1209 829 nimirum
1234 783 1289 828 et
1316 775 1452 843 ignis
1482 772 1710 844 Spiritus
1728 786 1846 824 cum

261 874 494 927 animam
525 871 745 938 probam
772 869 1082 938 occuparit,
1116 868 1235 922 licet
1265 882 1381 922 eam
1410 851 1846 921 Intoxmolliorem

261 964 554 1033 receperit,
588 964 729 1017 ferro
765 962 1034 1016 duriorem
1078 959 1222 1014 illam
1261 958 1468 1024 reddit;
1501 958 1700 1014 etenim
1727 973 1846 1012 eum

256 1058 346 1128 qui
373 1056 532 1126 paulo
557 1062 680 1109 ante
711 1061 1046 1121 peccatorum
1078 1052 1206 1107 faece
1235 1052 1462 1121 pollutus
1488 1061 1602 1107 erat
1625 1090 1641 1116 ,
1673 1049 1846 1104 conti-

258 1163 366 1203 nuo
403 1147 521 1200 sole
559 1147 675 1216 ipso
706 1143 867 1199 efﬁcit
899 1143 1200 1199 clariorem.
1233 1145 1406 1212 Atque
1447 1142 1548 1196 hoc
1575 1140 1700 1195 illud
1730 1147 1845 1206 est,

255 1239 399 1309 quod
429 1239 621 1293 beatus
651 1251 748 1291 nos
772 1235 1000 1290 docebat
1043 1235 1238 1290 Paulus
1257 1276 1272 1302 ,
1300 1249 1420 1289 cum
1461 1233 1755 1296 clamaret,
1786 1245 1848 1286 ac

255 1330 488 1392 diceret,
532 1326 710 1381 Nolite
743 1343 911 1380 errare
940 1341 958 1379 :
983 1342 1138 1396 neque
1183 1326 1446 1397 fornicarii
1464 1367 1478 1390 ,
1505 1339 1662 1394 neque
1698 1323 1848 1377 idolis

257 1421 526 1474 seruientes
545 1459 560 1484 ,
591 1435 752 1487 neque
779 1417 1025 1483 adulteri,
1054 1433 1210 1488 neque
1234 1417 1437 1482 molles,
1466 1431 1622 1485 neque
1644 1431 1848 1468 mascu-

260 1516 424 1568 lorum
459 1513 837 1578 concubitores,
867 1527 1024 1577 neque
1061 1515 1223 1582 fures,
1261 1525 1418 1579 neque
1447 1509 1626 1562 ebriosi
1648 1550 1661 1572 ,
1691 1523 1849 1576 neque

259 1605 513 1667 maledici,
536 1621 695 1674 neque
714 1620 920 1674 rapaces
941 1619 1146 1673 regnum
1170 1601 1267 1656 Dei
1288 1600 1608 1672 possidebunt
1629 1603 1674 1672 (Ι
1689 1639 1703 1652 .
1726 1599 1844 1654 Cor.

261 1699 316 1748 t3.
347 1695 400 1750 9.
434 1694 549 1765 10).
581 1695 644 1748 Et
672 1709 792 1748 cum
835 1695 1013 1748 omnia
1057 1692 1223 1748 ferme
1265 1693 1618 1762 improbitatis
1653 1707 1846 1762 genera

263 1793 645 1849 enumerasset,
670 1801 870 1855 eosque
889 1784 978 1855 qui
1002 1799 1062 1839 se
1086 1784 1169 1839 his
1189 1785 1422 1854 peccatis
1442 1783 1842 1848 obstrinxerim,

263 1877 468 1932 alienos
492 1875 606 1932 ﬁeri
635 1892 664 1930 a
693 1891 854 1947 regno
885 1877 977 1932 Dei
1005 1877 1291 1941 docuisset,
1322 1877 1573 1930 continuo
1599 1875 1840 1944 subjecit,

264 1967 331 2021 Et
355 1970 461 2022 lta'c
489 1969 701 2039 quidem
716 1970 920 2040 fuistis;
948 1969 1038 2023 sed
1061 1968 1219 2023 abluti
1245 1970 1361 2023 estis
1379 2012 1393 2034 ,
1421 1969 1509 2022 sed
1544 1969 1845 2036 sanctiﬁcati

261 2063 401 2124 estis,
431 2062 518 2113 sed
533 2061 804 2130 justi/icati
831 2063 947 2115 estis
972 2060 1076 2130 (Ib.
1108 2077 1156 2115 υ.
1188 2060 1298 2134 ll).
1325 2062 1442 2129 Quo
1471 2069 1645 2131 pacto,
1677 2074 1846 2129 quave

261 2154 510 2207 ratione?
533 2153 634 2217 die,
667 2168 851 2224 qumso
883 2171 896 2208 :
928 2155 1031 2208 hoc
1057 2154 1196 2209 enim
1226 2154 1355 2210 illud
1381 2163 1461 2209 est
1486 2145 1626 2224 qu’od
1656 2153 1848 2222 qumri-

263 2255 370 2298 tur.
403 2243 468 2297 In
491 2247 689 2298 nomine
713 2243 918 2298 Domini
943 2245 1068 2299 Iesu
1106 2245 1310 2310 Christi,
1343 2246 1530 2315 inquit,
1561 2255 1606 2299 et
1633 2246 1686 2299 in
1717 2244 1844 2314 Spi-

264 2338 362 2389 ritu
391 2335 485 2389 Dei
515 2339 672 2390 nostri
701 2336 910 2408 (Ibid.).
942 2337 1103 2394 Vides
1127 2340 1372 2393 virtutem
1402 2337 1627 2407 Spiritus
1653 2338 1840 2402 sancti,

263 2429 577 2483 carissime?
603 2429 750 2483 vides
771 2439 830 2484 ut
853 2444 1066 2485 omnem
1099 2431 1236 2485 hanc
1262 2429 1589 2500 iniquitatem
1618 2429 1846 2499 Spiritus

263 2530 473 2573 sanctus
510 2519 799 2585 deleverit,
839 2535 1038 2590 eosque
1085 2521 1173 2591 qui
1217 2522 1366 2591 prius
1401 2536 1430 2574 a
1473 2521 1702 2589 peccatis
1735 2521 1846 2574 suis

264 2610 450 2678 proditi
483 2621 655 2677 erant,
682 2611 857 2666 subito
883 2612 949 2666 ad
973 2628 1212 2667 summos
1239 2613 1469 2668 honores
1499 2613 1774 2668 evexerit?

327 2701 383 2754 2.
412 2699 666 2754 Adversus
696 2700 1202 2758 Pneumatomachos.
1223 2733 1295 2742 —
1315 2703 1444 2768 Quis
1466 2717 1594 2782 ergo
1619 2717 1717 2772 pro
1741 2718 1845 2757 me-

261 2793 361 2847 rito
398 2793 576 2863 lugeat
613 2809 674 2848 ac
707 2795 946 2864 deplorct
971 2811 1096 2861 eos,
1128 2797 1219 2866 qui
1247 2790 1590 2866 blasphemiis
1616 2797 1843 2868 Spiritus

261 2885 429 2939 sancti
460 2896 715 2955 appetunt
742 2889 1070 2960 majestatem
1101 2904 1163 2944 ac
1193 2899 1387 2944 numen
1409 2930 1423 2953 ,
1457 2890 1543 2960 qui
1575 2899 1840 2960 tamquam

261 2975 440 3030 furiosi
473 2978 688 3046 quidam
730 2955 795 3033 et"
822 2989 1060 3035 amentes
1098 2996 1167 3036 ne
1211 2981 1592 3036 beneﬁciorum
1629 2982 1841 3051 quidem

263 3067 621 3137 magnitudine
644 3068 712 3122 ab
737 3069 834 3124 hac
858 3085 953 3125 sua
986 3070 1176 3141 ingrati
1203 3073 1364 3126 animi
1395 3073 1730 3142 improbitate
1758 3088 1843 3127 re-

258 3166 554 3223 vocantur;
594 3159 702 3212 imo
742 3160 998 3217 adversus
1036 3165 1302 3232 pr0priam
1342 3164 1576 3234 ipsorum
1617 3165 1838 3222 salutem

260 3248 430 3300 omnia
471 3249 765 3304 machinari
802 3266 908 3306 non
937 3261 1220 3320 verentur,
1248 3263 1408 3326 atque
1431 3271 1458 3308 a
1491 3256 1700 3310 Domini
1725 3273 1810 3311 ma

255 3339 444 3407 jestate
473 3340 740 3408 dejectum
762 3384 776 3408 ,
808 3355 1059 3413 quantum
1098 3345 1151 3400 in
1192 3347 1322 3416 ipsis
1346 3357 1460 3414 est,
1492 3348 1544 3402 in
1571 3358 1842 3405 creatura-

259 3446 372 3484 rum
401 3432 644 3502 redigere
673 3436 914 3491 ordiuem
952 3439 1284 3493 moliuntur?
1311 3440 1454 3508 Quos
1482 3441 1727 3511 equidem
1755 3442 1840 3496 lu-

259 3521 386 3577 bens
405 3525 483 3578 sic
507 3526 944 3596 interrogaverim
969 3547 983 3584 :
1002 3529 1135 3597 Quid
1160 3531 1368 3586 tandem
1391 3547 1564 3588 causa:
1583 3543 1682 3597 est,
1707 3533 1841 3590 heus

259 3630 371 3679 vos,
400 3632 496 3670 cur
521 3618 717 3674 bellum
745 3629 850 3674 tam
877 3622 1124 3677 acerbum
1151 3623 1407 3679 adversus
1427 3624 1654 3694 Spiritus
1675 3626 1840 3697 maje—

262 3715 444 3762 statem
466 3710 720 3764 indictum
749 3711 1007 3777 habeatis,
1031 3714 1114 3768 vel
1138 3717 1312 3784 potius
1331 3716 1584 3772 adversus
1603 3727 1836 3773 vestram

257 3799 491 3868 ipsorum
519 3801 786 3857 salutem?
814 3819 986 3875 neque
1010 3805 1159 3861 vobis
1189 3807 1240 3861 in
1271 3816 1503 3862 mentem
1534 3810 1722 3864 venire
1747 3826 1838 3879 pa-

258 3893 478 3958 tiamini,
504 3909 624 3963 quze
645 3895 917 3966 discipulis
936 3913 965 3951 a
988 3897 1259 3957 Salvatore
1283 3910 1406 3957 sunt
1426 3903 1602 3958 dicta?
1624 3904 1835 3970 Euntes,

259 3982 457 4050 inquit,
488 3984 660 4038 docete
688 4001 854 4040 omnes
877 3997 1046 4057 gentes
1066 4031 1079 4054 ,
1110 3990 1416 4060 baptizantes
1441 4009 1523 4047 eos
1551 3994 1602 4046 in
1640 3996 1839 4049 nomine

257 4070 424 4127 Patris
443 4085 495 4127 et
521 4073 644 4128 Filii
668 4087 714 4130 et
742 4078 965 4148 Spiritus
993 4083 1154 4135 sancti
1181 4082 1389 4154 (Matth.
1421 4085 1509 4140 28.
1543 4087 1653 4155 l9).
1677 4085 1838 4142 Vides

254 4166 508 4235 aequalem
537 4167 739 4225 honore
769 4172 1143 4242 maiestatem?
1172 4176 1317 4231 vides
1346 4179 1682 4232 concordiam
1711 4195 1838 4234 exa-

253 4267 331 4312 cte
367 4258 732 4329 descriptam?
757 4263 906 4318 vides
945 4275 1002 4318 ttt
1042 4266 1270 4321 indivisa
1311 4269 1381 4323 sit
1409 4269 1681 4324 Trinitas?
1712 4287 1834 4324 nutu

252 4351 451 4418 uspiam
481 4351 767 4407 discrimen
807 4365 895 4410 aut
937 4357 1233 4414 immutatio
1268 4360 1672 4418 imminutiove?
1701 4363 1834 4432 Quid

251 4457 340 4496 vos
375 4443 587 4498 Domini
617 4445 792 4505 verbis
829 4463 962 4501 nova
1002 4449 1242 4518 qumdam
1273 4451 1519 4506 mandata
1549 4453 1836 4524 adjungere

248 4534 455 4589 audetis
472 4535 499 4587 ?
524 4552 591 4590 an
624 4551 751 4592 vero
775 4539 991 4594 nescitis
1016 4541 1066 4594 in
1090 4542 1315 4611 negotiis
1338 4544 1495 4598 etiam
1526 4545 1772 4600 humanis
1791 4547 1836 4601 si

247 4627 362 4691 quis
388 4626 530 4682 forte
558 4639 780 4685 conatus
805 4631 892 4696 sit,
920 4642 1010 4687 aut
1035 4648 1100 4688 eo
1129 4635 1199 4688 sit
1237 4651 1548 4705 progressus
1575 4640 1832 4707 audacize,

246 4727 298 4771 ut
322 4734 351 4773 a
379 4734 509 4791 rege
535 4722 714 4777 missis
739 4725 906 4780 literis
934 4727 1218 4798 quidquam
1256 4731 1468 4800 adjiciat
1495 4733 1834 4801 detrahatve,

243 4812 326 4880 qui
354 4812 603 4882 ejusdem
633 4816 864 4888 alioquin
889 4831 970 4875 est
994 4823 1206 4891 generis
1233 4825 1506 4881 nobiscum
1525 4870 1540 4894 ,
1571 4827 1806 4898 ejusdem

241 4919 338 4973 que
379 4919 610 4961 consors
643 4920 869 4978 naturae,
901 4914 1076 4969 solere
1112 4913 1261 4970 illum
1296 4927 1538 4973 extremo
1572 4923 1834 4991 supplicio

242 4999 511 5065 mulctari,
542 5001 795 5073 nullaque
822 5019 984 5074 posse
1015 5007 1223 5063 ratione
1251 5025 1279 5064 a
1312 5012 1499 5066 merita
1529 5027 1684 5082 paena
1715 5015 1832 5069 vin-

237 5091 437 5147 dicari?
462 5093 621 5161 Quod
647 5098 690 5150 si
721 5105 924 5152 tantum
949 5099 1003 5154 in
1029 5099 1261 5156 hominis
1287 5104 1512 5173 negotiis
1536 5105 1828 5174 periculum

237 5181 500 5250 imminet,
531 5201 690 5256 quam
717 5189 929 5244 tandem
952 5193 1162 5246 veniam
1189 5193 1521 5256 obtinebunt.
1546 5198 1634 5268 qui
1664 5214 1830 5268 usque

232 5291 298 5328 eo
318 5279 612 5347 prosiliunt
632 5284 968 5353 arrogantia,
992 5294 1050 5339 ut
1071 5301 1188 5356 qua:
1207 5302 1237 5340 a
1258 5291 1525 5344 connnnni
1553 5292 1830 5349 Salvatore

231 5379 421 5424 nostro
447 5380 572 5426 sunt
597 5372 760 5441 dicta,
787 5391 1131 5449 corrumpere
1157 5381 1461 5448 moliantur,
1487 5399 1660 5455 neque
1687 5387 1825 5441 Pau‘

229 5458 375 5527 Itin),
418 5465 510 5536 qui
551 5466 856 5538 loquentem
901 5472 954 5526 in
995 5487 1053 5529 se
1092 5473 1360 5530 Christum
1405 5477 1596 5544 habet,
1641 5482 1825 5538 audire

229 5557 523 5626 dignentur
546 5560 689 5616 clara
718 5579 848 5620 voce
873 5567 1188 5625 clamantem
1213 5586 1275 5626 ac
1300 5571 1562 5630 dicentem
1585 5617 1600 5642 ,
1632 5575 1823 5631 Oculus

229 5665 328 5703 non
359 5653 521 5719 uidit,
552 5666 600 5708 et
624 5659 763 5713 auris
801 5676 904 5714 non
937 5664 1130 5716 audivit
1149 5673 1238 5730 ,et
1273 5665 1326 5718 in
1363 5682 1450 5719 cor
1479 5667 1696 5724 hominis
1723 5688 1822 5725 non

232 5747 570 5801 ascenderunt
599 5765 711 5817 qua'
733 5754 1037 5821 praeparavit
1059 5751 1192 5808 Deus
1218 5754 1299 5824 iis,
1323 5755 1410 5827 qui
1439 5756 1657 5830 diligunt
1679 5762 1822 5817 illum

1223 290 1310 344 DE
1349 287 1612 345 SANCTA
1653 287 2116 345 PENTECOSTE.
2157 289 2384 347 HOMIL.
2425 291 2490 345 ll.

3429 299 3534 356 466

1961 408 1981 478 (
2004 408 2049 462 l.
2093 408 2211 462 Cor.
2242 409 2296 466 2.
2361 409 2474 478 9)?
2505 408 2558 463 Si
2591 423 2717 479 ergo
2756 423 2928 479 neque
2959 409 3146 465 oculus
3173 410 3336 478 vidit,
3366 395 3537 483 neque

1953 501 2095 554 auris
2136 499 2368 563 audivit,
2401 516 2573 570 neque
2609 517 2705 557 cor
2742 516 2931 570 calere
2972 501 3141 571 potuit
3180 505 3535 576 cognitionem

1953 592 2234 659 bonorum,
2262 608 2380 662 qua:
2411 593 2580 662 ipsum
2621 592 2956 664 diligentibus
2994 603 3118 648 sunt
3145 604 3346 664 parata,
3373 596 3534 663 unde,

1951 702 2152 756 qua-so,
2183 687 2294 740 ﬁeri
2323 688 2533 754 poterit,
2559 701 2591 740 o
2618 686 2770 740 beate
2798 686 2976 752 Paule,
3010 694 3069 741 ut
3104 702 3204 742 nos
3228 703 3412 743 eorum
3440 703 3536 743 co-

1950 779 2240 847 gnitionem
2271 779 2657 847 assequamur?
2687 778 2946 847 Exspecta
2993 778 3262 848 paulisper
3294 797 3306 833 :
3337 789 3446 833 tum
3481 789 3534 835 ttt

1951 869 2096 924 illum
2142 869 2310 937 ipsum
2354 869 2537 923 audies
2577 869 2676 923 hoc
2704 868 2988 924 dicentem.
3022 871 3202 940 Itaque
3229 870 3423 939 adjecit
3449 870 3540 925 di-

1951 973 2080 1014 cens
2111 977 2124 1012 :
2158 958 2319 1012 Nobis
2357 970 2519 1013 autem
2555 960 2785 1013 reuelauit
2815 958 2954 1015 Deus
2991 975 3080 1031 per
3116 961 3348 1030 spiritum
3388 977 3536 1014 suum

1955 1039 2112 1124 (ibid.
2150 1069 2197 1106 υ.
2231 1053 2315 1123 l0)
2355 1069 2367 1106 :
2400 1068 2569 1122 neque
2609 1055 2745 1106 vero’
2785 1051 2868 1106 hic
2910 1051 3179 1118 substitit;
3211 1051 3303 1106 sed
3337 1062 3393 1106 ut
3434 1067 3534 1122 po-

1951 1147 2128 1200 tentia:
2156 1146 2570 1216 magnitudinem
2599 1146 2874 1210 indicaret,
2901 1153 2956 1200 et
2981 1161 3085 1216 quo
3115 1155 3268 1215 pacto
3293 1139 3531 1216 ejusdem

1949 1238 2020 1292 sit
2058 1238 2369 1293 substantia:
2404 1247 2578 1307 atque
2598 1237 2756 1291 Pater
2783 1246 2834 1291 et
2864 1234 3029 1291 Filius
3055 1253 3068 1289 :
3099 1236 3322 1307 Spiritus
3351 1237 3491 1292 enim
3514 1279 3530 1299 ,

1950 1329 2152 1396 inquit,
2185 1330 2356 1381 omnia
2395 1337 2673 1392 scrutatur,
2711 1328 2864 1381 etiam
2906 1329 3160 1398 profunda
3196 1327 3290 1382 Dei
3324 1326 3532 1398 (Ibid.).

1950 1420 2150 1474 Deinde
2182 1435 2302 1474 cum
2345 1421 2603 1488 exemplis
2638 1419 2884 1474 humanis
2925 1420 3309 1475 accuratiorem
3337 1420 3536 1475 doctri-

1950 1526 2071 1564 nam
2101 1511 2336 1566 inscrere
2363 1512 2552 1566 animis
2574 1513 2768 1566 nostris
2789 1513 2966 1579 vellet,
2995 1512 3187 1582 adjecit
3213 1531 3224 1568 :
3256 1513 3382 1579 Quis
3402 1514 3536 1567 enim

1950 1603 2205 1655 hominum
2243 1605 2334 1657 scit
2371 1621 2484 1670 qua:
2517 1613 2636 1657 sunt
2675 1605 2891 1659 hominis
2910 1646 2925 1670 ,
2956 1606 3054 1659 nisi
3082 1607 3290 1677 spiritus
3318 1607 3536 1660 hominis

1947 1697 2033 1765 qui
2058 1697 2109 1748 in
2135 1697 2245 1766 ipso
2271 1705 2342 1749 est
2358 1699 2382 1750 ?
2409 1697 2496 1752 Sic
2521 1706 2568 1750 et
2588 1713 2699 1762 qua:
2722 1696 2816 1750 Dei
2845 1707 2960 1751 sunt
2989 1715 3134 1752 uento
3159 1699 3407 1768 cognovit,
3437 1699 3536 1753 nisi

1949 1788 2176 1858 Spiritus
2200 1789 2297 1842 Dei
2326 1789 2429 1861 (Ib.
2458 1805 2506 1842 υ.
2540 1787 2647 1863 ll).
2680 1789 2836 1844 Vides
2861 1790 3109 1843 eximiam
3135 1790 3534 1860 perfectamque

1947 1878 2287 1934 doctrinam?
2309 1880 2788 1948 Quemadmodum,
2814 1881 3000 1950 inquit,
3024 1895 3110 1947 ea,
3133 1896 3252 1951 qute
3274 1882 3326 1934 in
3355 1891 3533 1935 mente

1947 1980 2070 2025 sunt
2097 1970 2327 2025 hominis
2347 2013 2362 2036 ,
2393 1972 2504 2026 ﬁeri
2535 1972 2716 2041 nequit
2744 1979 2800 2026 ut
2835 1973 2972 2026 alter
3010 1973 3248 2040 noverit,
3279 1972 3372 2027 sed
3419 1973 3532 2042 ipse

1946 2076 2033 2117 res
2055 2076 2178 2116 suas
2207 2063 2349 2116 novit
2379 2063 2560 2117 solus:
2590 2063 2668 2117 sic
2690 2071 2744 2116 et
2768 2078 2887 2132 qua:
2913 2063 3004 2118 Dei
3035 2071 3160 2118 sunt
3185 2063 3361 2118 nullus
3387 2065 3534 2118 novit

1945 2154 2047 2209 nisi
2091 2154 2318 2223 Spiritus
2361 2155 2488 2220 Dei,
2519 2154 2657 2224 quod
2700 2155 2986 2210 maximum
3023 2164 3105 2210 est
3129 2155 3383 2225 valdeque
3413 2155 3533 2209 ido-

1946 2260 2104 2300 neum
2127 2245 2190 2299 ad
2212 2245 2592 2300 ostendendam
2615 2245 2843 2315 Spiritus
2863 2247 3191 2317 dignitatem.
3215 2248 3531 2318 Exemplum

1946 2337 2086 2391 enim
2116 2338 2307 2403 attulit,
2334 2337 2482 2407 quasi
2516 2338 2617 2392 hoc
2647 2339 2886 2392 innuerct
2917 2357 2930 2393 :
2958 2339 3097 2394 Fieri
3125 2353 3231 2393 non
3259 2349 3450 2410 potest,
3477 2353 3534 2394 ut

1946 2428 2064 2497 quis
2092 2426 2366 2481 hominum
2393 2441 2454 2481 ea
2478 2468 2493 2491 ,
2521 2442 2640 2497 quae
2671 2427 2721 2481 in
2753 2443 2846 2482 sua
2882 2437 3060 2483 mente
3088 2439 3207 2482 sunt
3232 2469 3248 2496 ,
3281 2444 3530 2497 umquam

1946 2519 2171 2586 ignoret.
2201 2515 2272 2572 Ut
2308 2517 2466 2588 igitur
2488 2517 2601 2572 ﬁeri
2633 2518 2734 2573 hoc
2760 2534 2864 2573 non
2895 2527 3109 2587 potest,
3137 2520 3214 2574 sic
3241 2531 3294 2575 et
3319 2536 3380 2575 ea
3412 2537 3531 2591 quae

1947 2609 2040 2662 Dei
2070 2617 2194 2663 sunt
2219 2617 2325 2662 tam
2356 2619 2542 2664 exacte
2581 2609 2809 2679 Spiritus
2847 2623 3062 2665 sanctus
3101 2613 3266 2665 novit.
3297 2612 3401 2666 Sed
3431 2628 3529 2668 ne-

1943 2702 2055 2771 gari
2081 2718 2185 2755 non
2215 2710 2408 2771 potest,
2435 2702 2558 2772 quin
2583 2701 2664 2756 his
2684 2703 2843 2756 etiam
2871 2702 3046 2757 verbis
3074 2704 3259 2757 beatus
3285 2704 3384 2758 iste
3408 2703 3530 2758 illos

1945 2801 2161 2862 tangat,
2191 2793 2280 2862 qui
2310 2791 2380 2845 ob
2406 2793 2744 2862 anticipatam
2771 2807 2922 2847 suam
2955 2793 3258 2863 opinionem
3287 2809 3407 2848 cum
3438 2808 3529 2848 sa-

1945 2883 2068 2937 lutis
2092 2899 2202 2937 sua:
2230 2883 2551 2938 detrimento
2575 2891 2776 2937 tantum
2808 2883 3007 2938 bellum
3033 2882 3260 2954 Spiritus
3288 2884 3528 2955 dignitati

1942 2989 2004 3029 se
2033 2973 2285 3029 indixisse
2311 2974 2606 3043 declarant,
2629 2983 2989 3046 quantumque
3015 2977 3172 3030 situm
3195 2975 3248 3031 in
3271 2977 3399 3047 ipsis
3425 2989 3527 3043 est,

1943 3080 2066 3120 eum
2095 3066 2328 3135 supremi
2357 3066 2659 3121 dominatus
2687 3066 2942 3136 dignitate
2982 3067 3189 3136 privant
3211 3109 3226 3133 ,
3266 3077 3424 3139 atque
3463 3071 3529 3124 ad

1943 3167 2305 3214 creaturarum
2354 3159 2608 3228 dejiciunt
2654 3159 2933 3214 vilitatem.
2983 3159 3360 3216 Verumtamen
3405 3162 3529 3217 licet

1943 3249 2018 3304 illi
2055 3249 2410 3305 contentionis
2443 3250 2619 3305 studio
2651 3251 2792 3305 ducti
2833 3249 3120 3320 Scriptura:
3158 3266 3324 3307 sacrte
3353 3252 3530 3307 verbis

1941 3343 2275 3398 adversarios
2320 3358 2440 3398 sese
2491 3351 2797 3413 opponant,
2842 3358 2941 3399 nos
2986 3343 3159 3398 divina
3212 3343 3528 3400 documenta

1941 3436 2086 3490 velut
2110 3435 2321 3490 oracula
2348 3436 2416 3491 de
2440 3437 2570 3490 caelo
2597 3437 2758 3491 missa
2786 3437 3158 3507 suscipientes,
3188 3436 3392 3491 debitas
3417 3437 3530 3491 lau-

1941 3527 2038 3581 des
2067 3526 2356 3582 oll‘eramus
2377 3569 2390 3591 ,
2416 3535 2473 3582 et
2499 3541 2618 3581 cum
2645 3535 2790 3583 recta
2819 3527 2922 3584 ﬁde
2951 3529 3110 3584 etiam
3137 3528 3373 3584 veritatis
3399 3543 3527 3582 exa-

1941 3629 2080 3674 ctam
2116 3621 2473 3690 cognitionem
2521 3636 2629 3690 pra:
2667 3621 2821 3676 nobis
2855 3622 3106 3678 feramus.
3137 3624 3308 3693 Atque
3337 3621 3400 3676 ad
3432 3638 3526 3677 cos

1940 3711 2154 3782 quidem
2178 3713 2526 3768 revincendos
2549 3755 2564 3777 ,
2594 3714 2682 3783 qui
2712 3728 2772 3768 ea
2798 3755 2814 3781 ,
2839 3729 2957 3784 quae
2987 3713 3214 3784 Spiritus
3243 3715 3406 3769 sancti
3437 3731 3526 3770 re-

1941 3803 2153 3872 sponsis
2180 3805 2445 3858 contraria
2489 3813 2646 3871 sunt,
2679 3804 2873 3859 docere
2921 3821 3027 3868 non
3069 3805 3340 3870 dubitant,
3380 3805 3528 3860 sufﬁ-

1939 3895 2084 3948 ciunt
2110 3911 2171 3950 ea
2199 3912 2315 3964 quae
2355 3897 2494 3950 dicta
2537 3907 2697 3962 sunt;
2733 3913 2920 3952 verum
2948 3899 3087 3954 enim
3118 3915 3245 3954 vero
3271 3900 3419 3969 cujus
3448 3903 3523 3954 rei

1939 3989 2104 4056 gratia
2153 3997 2415 4043 tantorum
2463 4004 2676 4043 causam
2723 3991 2982 4045 bonorum
3026 4007 3132 4046 non
3181 3993 3357 4045 statim
3407 4003 3526 4060 post

1941 4093 2089 4131 suam
2122 4078 2172 4131 in
2201 4079 2360 4132 caelos
2386 4080 2752 4134 ascensionem
2781 4080 3036 4134 Dominus
3062 4081 3130 4134 sit
3160 4081 3397 4151 largitus,
3430 4082 3524 4136 sed

1941 4186 2135 4240 paucos
2161 4170 2273 4224 dies
2303 4171 2448 4240 prius
2473 4171 2654 4226 siverit
2681 4181 3013 4242 exspectare,
3046 4187 3108 4227 ac
3133 4172 3277 4227 solos
3307 4188 3525 4228 manere

1940 4261 2228 4331 discipulos
2258 4261 2423 4326 domi,
2451 4270 2560 4315 tum
2583 4261 2773 4316 deinde
2790 4263 3017 4331 Spiritus
3045 4265 3268 4333 gratiam
3298 4264 3526 4318 demise-

1939 4353 2038 4417 rit,
2067 4368 2244 4422 opera:
2273 4353 2498 4422 pretium
2530 4352 2717 4408 facturi
2752 4353 3029 4421 videmur,
3061 4355 3103 4408 si
3131 4355 3401 4410 dilectioni
3435 4372 3527 4411 ve-

1939 4451 2064 4497 stra:
2089 4442 2384 4497 referamus
2415 4461 2427 4496 :
2458 4459 2562 4497 non
2591 4445 2731 4498 enim
2761 4456 2961 4501 temere
2980 4487 2994 4511 ,
3029 4462 3201 4516 neque
3226 4448 3342 4502 sine
3366 4464 3522 4502 causa

1939 4535 2134 4591 factum
2161 4544 2244 4591 est
2271 4537 2418 4620 illud.
2447 4537 2577 4591 Nam
2607 4541 2856 4608 quoniam
2884 4556 3049 4609 genus
3078 4541 3366 4596 humanum
3395 4544 3527 4598 vidit

1940 4643 2044 4682 non
2073 4639 2217 4683 tanto
2245 4630 2294 4683 in
2327 4631 2496 4699 pretio
2523 4632 2716 4686 habere
2737 4649 2854 4702 quae
2877 4643 2998 4687 sunt
3021 4636 3071 4688 in
3095 4639 3337 4691 manibus
3364 4638 3522 4706 bona,

1938 4734 2111 4789 neque
2138 4734 2232 4789 pro
2261 4719 2514 4790 dignitate
2540 4737 2601 4776 ea
2629 4725 2834 4789 colere,
2865 4740 2982 4794 qua:
3019 4726 3248 4794 jucunda
3286 4730 3443 4783 simul
3471 4740 3525 4784 et

1937 4825 2126 4881 magna
2165 4810 2470 4876 videantur,
2500 4814 2600 4868 nisi
2639 4816 2798 4870 etiam
2840 4819 3225 4874 contrariorum
3269 4837 3523 4877 occursus

1938 4903 2248 4971 irrepserit;
2281 4905 2512 4974 exempli
2542 4921 2698 4960 causa
2733 4907 2752 4978 (
2771 4907 3050 4962 dicendum
3082 4911 3223 4965 enim
3253 4921 3334 4966 est
3369 4929 3523 4983 aper-

1938 4996 2066 5062 tius)
2090 5035 2103 5058 ,
2129 4995 2218 5064 qui
2247 5011 2379 5052 sano
2406 5007 2488 5052 est
2523 5014 2587 5055 ac
2614 5009 2800 5068 vegeto
2827 5017 3050 5073 corpore
3070 5046 3082 5065 ,
3115 5021 3288 5076 neque
3317 5011 3478 5064 sentit
3501 5051 3517 5076 ,

1936 5103 2291 5167 neque’scire
2332 5106 2509 5166 potest
2549 5107 2731 5152 exacte
2755 5141 2768 5163 ,
2802 5108 2995 5170 quanta
3039 5101 3110 5154 illi
3153 5104 3352 5158 sanitas
3383 5105 3517 5158 bona

1936 5190 2232 5260 largiretur,
2264 5191 2363 5244 nisi
2403 5189 2710 5245 inﬁrmitate
2753 5192 3043 5261 ohrepcnte
3083 5195 3326 5248 morbum
3358 5197 3514 5249 etiam

1932 5281 2092 5336 fuerit
2135 5293 2385 5351 expertus
2416 5302 2428 5337 :
2461 5293 2514 5338 et
2541 5285 2630 5353 qui
2671 5285 2808 5338 diem
2859 5301 3042 5340 rursus
3082 5288 3297 5356 aspicit,
3336 5288 3514 5341 lumen

1932 5374 2060 5427 tanti
2097 5389 2202 5428 non
2244 5373 2404 5439 facit,
2434 5375 2533 5430 nisi
2573 5376 2730 5431 etiam
2763 5379 2932 5432 noctis
2961 5378 3204 5433 tenebras
3234 5391 3515 5445 persense~

1929 5469 2016 5520 rit.
2058 5467 2267 5522 Etenim
2316 5470 2704 5524 contrariorum
2752 5471 3074 5540 experientia
3121 5472 3370 5536 magistra
3418 5486 3514 5526 nos

1927 5568 2111 5630 aperte
2139 5560 2316 5624 docet,
2348 5562 2522 5631 qualia
2550 5562 2658 5617 sint
2682 5577 2764 5630 ea,
2790 5563 2980 5632 quibus
3005 5571 3158 5616 antea
3186 5561 3510 5616 fruebantur.

1927 5654 2131 5709 ldcirco
2173 5658 2422 5712 nimirum
2467 5669 2574 5712 tum
2619 5672 2859 5728 quoque,
2900 5655 3322 5725 quandoquidem
3371 5671 3512 5724 pra:-

1928 5758 2079 5804 seutc
2125 5749 2214 5803 illo
2257 5753 2526 5807 sexcentis
2569 5751 2721 5807 bonis
2764 5748 3007 5819 discipuli
3049 5746 3198 5821 potiti
3233 5757 3418 5816 erant,
3456 5761 3512 5806 et
