4038 6204
446 222 584 306 487'

449 362 590 430 quod
632 377 754 416 cttm
805 362 894 418 illo
937 364 1131 419 versati
1178 363 1439 430 fuissent,
1487 362 1601 419 dies
1650 363 2033 433 jucundissime

451 451 832 522 transigebant.
857 453 1054 509 Omnes
1073 456 1215 510 enim
1239 455 1427 510 incolae
1449 455 1746 510 Palmstinae
1770 465 2035 525 tamquam

451 543 520 597 ad
549 543 826 598 luminaria
855 545 1099 615 quaedam
1125 545 1306 601 oculos
1334 560 1460 600 suos
1486 546 1552 600 ad
1577 560 1762 602 eorum
1789 561 1879 600 ora
1911 561 2040 601 con-

453 634 752 701 vertebant,
777 636 988 705 quando
1008 647 1062 692 et
1083 645 1321 692 mortuos
1343 638 1408 692 ad
1430 639 1590 693 vitam
1620 636 1968 702 revocabant,
1989 649 2041 692 ct

455 724 696 795 leprosos
723 726 1046 781 mundabant
1067 769 1083 794 ,
1112 727 1381 783 diemones
1420 728 1754 798 cxpellebant
1775 769 1792 794 ,
1823 727 2039 782 morbos

454 815 744 880 curabant,
776 818 982 888 aliaque
1011 819 1174 873 multa
1205 819 1457 873 miracula
1482 820 1712 875 edebant
1741 838 1755 875 :
1785 819 2036 890 quoniam

456 907 618 975 igitur
637 908 706 962 ita
734 909 967 964 illustres
987 920 1139 966 erant
1162 919 1215 965 et
1239 912 1496 977 celebres,
1524 921 1798 983 propterea
1825 913 1889 968 ad
1915 923 2040 968 tem-

453 1014 554 1068 pus
579 1015 671 1054 eos
715 1002 956 1070 permisit
977 1003 1046 1058 ab
1067 1003 1184 1074 ejus
1201 1004 1396 1060 virtute
1419 1005 1646 1076 sejungi,
1671 1005 1820 1076 cujus
1841 1006 2039 1060 auxilio

456 1090 759 1147 nitebantur
786 1111 801 1148 :
828 1102 884 1147 ut
921 1110 1041 1149 cum
1078 1110 1142 1150 eo
1172 1096 1394 1151 fuissent
1421 1096 1656 1151 destituti
1681 1138 1696 1163 ,
1727 1105 1839 1151 tum
1869 1112 2039 1166 quan-

457 1190 565 1236 tum
597 1183 701 1239 illis
729 1185 843 1254 ejus
871 1185 1120 1242 bonitatis
1150 1188 1431 1258 prazscntia
1471 1188 1779 1258 prodesset,
1831 1188 2038 1244 edisce-

457 1283 611 1338 rent,
653 1285 855 1332 etcum
893 1283 1285 1349 prazteritorum
1335 1281 1595 1335 bonorum
1623 1281 2039 1350 magnitudinem

459 1368 890 1435 perspexissent,
923 1371 1109 1438 majori
1140 1387 1261 1426 cum
1304 1372 1480 1426 studio
1517 1372 1772 1428 Paracleti
1799 1373 2042 1427 donatio-

460 1471 580 1510 nem
611 1459 936 1528 exciperent.
987 1461 1197 1516 Etenim
1241 1462 1361 1517 illos
1405 1471 1693 1517 maerentes
1733 1465 2036 1520 consolatus

460 1557 576 1612 est,
606 1559 659 1603 et
681 1560 902 1620 propter
927 1553 1166 1623 magistri
1207 1554 1499 1608 discessum
1523 1555 1764 1625 lugentes
1791 1571 1854 1611 ac
1877 1558 2042 1612 tristi-

460 1639 530 1690 tia
553 1640 783 1708 rcpletos
807 1656 916 1697 sum
942 1642 1074 1697 lucis
1095 1643 1254 1698 radiis
1285 1645 1584 1713 illustravit,
1617 1662 1781 1717 prope
1805 1648 2043 1715 jacentes

460 1729 664 1794 erexit,
713 1733 956 1787 mmroris
999 1734 1276 1804 caliginem
1321 1734 1609 1800 discussit,
1642 1745 1696 1790 et
1723 1740 2042 1792 anxietatem

461 1833 674 1873 omnem
720 1821 944 1890 depulit.
985 1824 1420 1894 Quandoquidem
1467 1842 1695 1897 namque
1721 1827 2043 1884 dominicam

460 1925 644 1965 vocem
671 1912 950 1969 audierant
973 1956 988 1980 ,
1023 1916 1213 1971 Euntes
1241 1918 1412 1973 docete
1437 1936 1606 1974 omnes
1624 1931 1794 1991 gentes
1830 1921 2040 1991 (Matth.

461 2002 551 2057 28.
582 2003 670 2074 i9)
703 2023 716 2059 :
745 2005 1054 2062 dubitabant
1097 2017 1272 2064 autem
1313 2010 1566 2080 deinceps
1613 2021 1667 2066 et
1710 2014 2042 2083 ignorabant,

466 2108 570 2161 quo
625 2096 888 2162 proﬁcisci
939 2114 1205 2169 quemque
1258 2110 1548 2171 oporteret,
1605 2112 1660 2159 et
1711 2104 1764 2158 in
1817 2120 2046 2174 quanam

468 2183 613 2237 orbis
645 2194 906 2240 terrarum
953 2189 1171 2258 regione
1212 2192 1434 2246 verbum
1479 2194 1570 2248 Dei
1622 2196 1946 2264 praedicare;
1994 2199 2045 2252 in

467 2275 646 2342 specie
689 2275 985 2346 linguarum
1029 2279 1259 2348 Spiritus
1298 2293 1513 2339 sanctus
1539 2285 1791 2352 advenit,
1827 2290 2048 2359 singulis

465 2365 611 2419 orbis
654 2376 915 2422 terrarum
970 2371 1215 2440 regiones
1243 2373 1512 2431 docendas
1541 2377 1845 2442 distribuit,
1891 2390 2050 2452 atque

466 2455 749 2524 impertita;
800 2458 991 2530 lingua:
1037 2476 1196 2531 opera
1241 2472 1505 2535 tamquam
1548 2468 1600 2522 in
1647 2469 1821 2524 tabula
1864 2487 2047 2527 eorum

471 2545 592 2600 ﬁdei
639 2550 909 2605 commissi
954 2554 1295 2622 magistratus
1341 2571 1403 2612 ac
1435 2559 1720 2628 magiSterii
1769 2561 1913 2633 leges
1955 2563 2050 2620 de-

467 2637 700 2708 scripsit.

541 2729 643 2786 Cur
679 2733 731 2787 in
771 2735 934 2804 specie
979 2737 1265 2808 linguarum
1301 2739 1543 2811 Spiritus.
1571 2772 1642 2783 —
1682 2743 1966 2816 Propterea
1999 2749 2053 2804 in

469 2823 650 2891 specie
697 2823 992 2896 linguarum
1044 2828 1272 2898 Spiritus
1317 2832 1531 2888 advenit
1571 2852 1584 2888 :
1631 2851 1802 2906 neque
1856 2839 2052 2896 idcirco

474 2920 698 2976 Lautum,
731 2915 823 2969 sed
855 2925 912 2970 ut
939 2920 1136 2974 veteris
1164 2922 1322 2976 etiam
1351 2921 1587 2979 historia:
1620 2929 1926 2983 memoriam
1958 2946 2054 2985 no-

464 3003 556 3056 bis
583 3002 876 3061 refricaret.
907 3007 1037 3063 Cum
1065 3011 1206 3064 enim
1235 3013 1360 3066 olim
1390 3011 1633 3071 homines
1663 3018 1904 3087 superbia
1931 3021 2053 3076 elati

477 3096 662 3149 turrim
690 3107 964 3158 exstruere
987 3101 1271 3169 voluerint,
1296 3121 1414 3175 qua:
1442 3106 1509 3162 ad
1534 3109 1722 3163 cadum
1749 3124 1914 3181 usque
1937 3127 2056 3181 per-

479 3186 702 3256 tingeret
723 3229 735 3251 ,
766 3198 818 3244 et
850 3192 1051 3247 invecta
1083 3194 1341 3251 divisione
1369 3197 1665 3268 linguarum
1693 3216 1906 3270 pravam
1935 3203 2054 3258 illo-

478 3291 594 3330 rmn
625 3279 906 3335 coitionem
950 3291 1003 3338 et
1043 3287 1383 3342 concordiam
1427 3289 1694 3360 dissiparit
1734 3291 1875 3347 Deus
1904 3293 2054 3366 (Gen.

480 3371 568 3439 tl)
597 3389 614 3424 :
641 3371 836 3428 idcirco
863 3391 1001 3430 nunc
1029 3393 1239 3447 quoque
1267 3380 1318 3434 in
1348 3383 1528 3451 specie
1555 3384 1823 3453 ignearum
1854 3385 2057 3448 lingua-

479 3475 595 3514 rum
626 3461 691 3517 ad
737 3479 829 3518 eos
871 3467 1080 3523 advolat
1118 3470 1345 3538 Spiritus
1390 3483 1642 3538 sanctus,
1689 3484 1744 3529 ut
1774 3492 1869 3545 per
1910 3478 2056 3532 illum

479 3551 662 3608 urbem
705 3557 962 3612 terrarum
1005 3559 1232 3615 divisum
1272 3562 1575 3634 conjungat.
1626 3565 1696 3620 Et
1738 3568 1931 3622 accidit
1973 3585 2060 3625 res

482 3659 614 3697 nova
643 3646 800 3702 simul
846 3663 909 3704 ac
946 3650 1080 3705 mira
1113 3669 1126 3706 :
1160 3664 1215 3706 ut
1240 3653 1383 3708 enim
1417 3663 1526 3710 tum
1555 3657 1842 3727 antiquitus
1867 3659 2060 3730 linguae

484 3745 744 3790 terrarum
771 3740 954 3794 orbem
983 3741 1307 3808 diviserunt,
1339 3755 1393 3800 et
1421 3747 1612 3801 malam
1639 3749 1974 3804 concordiam
2008 3752 2059 3806 in

481 3827 757 3883 dissidimn
787 3842 1163 3888 converterunt
1199 3853 1211 3889 :
1246 3826 1338 3890 ita
1363 3854 1504 3894 nunc
1546 3855 1756 3909 quoque
1799 3850 2058 3898 terrarum

479 3919 662 3974 orbem
694 3921 886 3993 lingua:
915 3927 1247 3995 copularunt,
1282 3937 1335 3983 et
1359 3944 1479 3998 qua:
1501 3930 1829 3987 dissidebant
1854 3933 1907 3988 in
1933 3949 2062 3989 con-

473 4012 715 4067 cordiam
745 4015 1088 4074 reduxerunt.
1132 4019 1308 4091 Itaque
1338 4022 1391 4076 in
1432 4023 1609 4092 specie
1647 4023 1943 4095 linguarum
1984 4027 2064 4081 id-

481 4103 626 4157 circo
667 4104 920 4161 advenit:
953 4119 1217 4180 tamquam
1266 4112 1402 4182 ignis
1442 4123 1618 4170 autem
1658 4114 1850 4187 linguae
1888 4127 2058 4184 erant,

481 4193 624 4261 quod
649 4195 1008 4264 sylvesccntes
1035 4200 1087 4254 in
1115 4202 1269 4256 nobis
1300 4215 1636 4272 peccatorum
1660 4207 1826 4276 spina:
1852 4222 2065 4263 succre-

483 4285 703 4339 vissent.
733 4287 863 4342 Nam
892 4293 1338 4359 quemadmodum
1363 4304 1502 4351 terra
1529 4296 1718 4352 fertilis
1745 4314 1807 4354 ac
1834 4300 2058 4370 pinguis,

481 4375 526 4428 si
556 4375 776 4432 minime
820 4380 1059 4450 colatur,
1103 4399 1346 4453 magnam
1386 4388 1656 4455 Spinarum
1705 4389 1905 4459 sylvam
1937 4406 2062 4460 pro-

482 4467 690 4522 fundit:
719 4471 794 4525 sic
819 4482 872 4527 et
898 4483 1086 4529 natura
1112 4484 1313 4545 nostra,
1338 4493 1456 4547 qua:
1479 4494 1507 4532 a
1527 4478 1780 4535 Creatorc
1803 4495 1900 4537 suo
1924 4481 2062 4538 bona

481 4571 562 4615 est
590 4563 834 4628 condita,
884 4573 940 4620 et
982 4567 1047 4622 ad
1079 4567 1285 4623 virtutis
1334 4568 1511 4641 fruges
1551 4571 1772 4637 idonea,
1822 4589 1888 4629 eo
1922 4575 2064 4645 quod

482 4670 653 4724 neque
689 4658 902 4727 pietatis
939 4671 1173 4716 aratrum
1213 4678 1383 4734 neque
1414 4666 1730 4735 cognitionis
1762 4667 1852 4722 Dei
1880 4683 2064 4725 semen

483 4753 814 4819 excepisset,
851 4755 1000 4824 quasi
1028 4756 1207 4825 spinas
1252 4757 1506 4827 quasdam
1549 4768 1602 4813 ct
1643 4760 1798 4815 aliam
1826 4761 2064 4817 inutilem

481 4845 686 4914 sylvam
720 4846 1042 4915 impietatem
1075 4847 1338 4918 produxit.
1365 4851 1432 4905 Et
1451 4851 1894 4922 quemadmodum
1923 4870 2064 4926 saepe

481 4946 702 5007 propter
726 4939 996 5008 spinarum
1024 4942 1413 4998 multitudinem
1431 4984 1448 5010 ,
1485 4959 1548 4998 ac
1574 4945 1835 5000 malorum
1872 4948 2067 5016 grami-

484 5045 610 5084 num
643 5039 800 5086 tcrrte
830 5033 988 5088 facies
1021 5051 1087 5090 ne
1128 5045 1350 5106 apparet
1381 5036 1592 5107 quidem
1626 5056 1638 5092 :
1667 5039 1743 5093 sic
1779 5049 1832 5094 et
1874 5041 2066 5094 animas

485 5132 682 5178 nostrae
707 5125 952 5180 nobilitas
972 5127 1277 5198 puritasque
1299 5129 1516 5184 minime
1535 5131 1841 5200 apparebat,
1869 5147 2066 5202 quous-

1190 252 1244 308 S.
1286 252 1566 308 JOANNIS
1603 250 2080 308 CllliYSOSTOMI
2120 253 2433 310 ARCIIIEP.
2476 254 3010 313 CONSTANTINOP.

3611 261 3725 318 468

2145 363 2282 432 sint,
2311 379 2406 419 oro
2435 365 2777 436 obtestorque
2799 383 2916 432 vos,
2949 381 3046 436 pro
3071 365 3327 438 dignitate
3352 377 3723 441 congestorum

2142 457 2194 510 in
2221 471 2318 512 nos
2347 457 2630 524 bonorum,
2661 457 2852 513 festum
2878 472 2976 512 nos
2999 473 3209 530 quoque
3232 459 3586 529 celebremus,
3615 477 3725 518 non

2136 547 2351 616 januam
2385 548 2402 579 ¹
2445 559 2804 614 coronantes,
2851 547 2946 603 sed
2992 549 3198 604 animas
3256 561 3573 617 cementes;
3619 569 3726 608 non

2141 637 2315 694 forum
2345 639 2608 710 tapetibus
2635 650 2977 705 exornantes,
3010 639 3104 695 sed
3133 641 3364 695 animam
3392 643 3726 710 Splendidam

2141 730 2352 785 virtutis
2391 731 2587 786 amictu
2615 730 2900 786 reddentes
2920 773 2934 797 ,
2969 730 3153 786 ut~hoc
3182 739 3338 801 pacto
3382 734 3649 802 possimus
3673 744 3728 789 et

2146 819 2374 890 Spiritus
2393 822 2616 892 gratiam
2638 822 2930 892 suscipere,
2951 831 3005 877 et
3029 820 3232 877 fructus
3261 822 3386 878 inde
3406 823 3730 892 pullulantes

2141 913 2451 983 decerpere.

2217 1004 2318 1072 Qui
2358 1006 2459 1060 sint
2498 1009 2690 1075 fructus
2721 1005 2945 1076 Spiritus
2981 1005 3161 1060 sancti.
3195 1035 3269 1046 --
3294 1004 3423 1073 Quis
3451 1020 3610 1076 porro
3639 1006 3730 1062 illo

2143 1094 2346 1150 fructus
2387 1105 2470 1151 est
2505 1095 2775 1166 Spiritus?
2821 1095 3114 1150 Audiamus
3157 1096 3377 1152 Paulum
3421 1097 3726 1152 dicentem:

2144 1185 2366 1241 Fructus
2391 1195 2561 1239 autem
2584 1185 2810 1254 Spiritus
2839 1195 2911 1240 est
2938 1186 3144 1251 caritas,
3166 1186 3431 1256 gaudium,
3456 1204 3559 1256 pax
3584 1187 3726 1256 (Gal.

2144 1277 2198 1333 5.
2225 1276 2341 1346 22).
2372 1276 2504 1332 Vide
2533 1285 2729 1346 quanta
2771 1276 2840 1330 sit
2882 1275 3152 1330 accuratio
3195 1275 3247 1329 in
3278 1277 3486 1342 verbis,
3532 1287 3729 1346 quanta

2145 1369 2198 1424 in
2239 1369 2481 1424 doctrina
2510 1368 2880 1423 convenientia
2913 1385 2928 1420 :
2961 1366 3218 1436 praemisit
3258 1367 3531 1422 caritatem
3556 1408 3570 1432 ,
3618 1375 3732 1421 tum

2146 1460 2398 1531 deinceps
2423 1475 2485 1515 ea
2515 1475 2634 1530 qua:
2657 1466 3058 1528 consequuntur
3084 1458 3519 1512 commemoravit
3547 1475 3560 1511 :
3589 1458 3737 1512 radi-

2146 1567 2264 1608 cem
2291 1551 2428 1616 Iixit,
2451 1565 2515 1606 ac
2536 1550 2730 1606 deinde
2759 1549 2986 1604 fructum
3016 1547 3300 1614 indicavit;
3328 1547 3733 1604 fundamentum

2143 1643 2306 1714 jecit,
2350 1656 2413 1697 ac
2439 1641 2631 1697 deinde
2656 1640 2937 1696 azditicium
2968 1639 3251 1708 imposuit;
3293 1653 3324 1692 a
3351 1639 3491 1693 fonte
3525 1639 3736 1693 initium

2147 1735 2318 1802 duxit,
2348 1744 2403 1789 et
2433 1748 2557 1788 mox
2585 1733 2652 1787 ad
2683 1732 2872 1786 ﬂuvios
2896 1731 3133 1786 devenit.
3164 1730 3278 1784 Non
3319 1731 3459 1785 enim
3491 1729 3603 1785 fieri
3638 1746 3737 1800 po-

2149 1834 2288 1891 test,
2318 1837 2375 1880 ut
2414 1824 2589 1896 gaudii
2635 1823 2856 1878 materia
2903 1836 3002 1876 nos
3029 1829 3396 1885 commoveat,
3429 1822 3735 1890 priusquam

2149 1920 2383 1973 aliorum‘
2401 1917 2809 1987 prosperitatem
2841 1922 3076 1970 nostram
3105 1913 3365 1969 ducamus
3385 1954 3401 1979 ,
3429 1921 3482 1967 et
3509 1913 3738 1982 proximi

2152 2011 2292 2066 bona
2323 2008 2535 2079 propria
2567 2016 2872 2077 reputemus
2897 2023 2910 2072 ;
2945 2007 3059 2063 lucc
3084 2020 3212 2061 vero
3241 2021 3346 2060 non
3375 2005 3586 2060 aliunde
3617 2021 3741 2074 pro-

2151 2116 2367 2156 manare
2404 2109 2603 2171 queunt
2634 2114 2790 2170 quam
2837 2098 2976 2169 quod
3006 2098 3242 2153 caritatis
3269 2097 3347 2151 vis
3379 2098 3738 2167 prtevaluerit,

2127 2201 2312 2261 atque
2341 2191 2666 2246 dominatus.
2710 2189 2919 2244 Caritas
2948 2189 3099 2244 radix
3131 2197 3212 2244 est
3241 2197 3296 2244 et
3323 2187 3440 2244 fons
3466 2199 3744 2258 materque

2153 2294 2464 2339 cunctorum
2512 2283 2822 2337 bonorum:
2861 2281 3056 2336 etenim
3101 2289 3370 2350 tamquam
3415 2279 3565 2334 radix
3613 2294 3744 2334 sex-

2153 2383 2338 2430 centos
2367 2375 2619 2426 virtutum
2650 2385 2826 2425 ramos
2870 2370 3166 2440 germinat,
3200 2369 3351 2440 quasi
3397 2367 3515 2423 fons
3543 2369 3747 2423 multas

2155 2467 2338 2521 latices
2378 2463 2680 2535 profundit,
2723 2471 2777 2517 et
2805 2470 2865 2516 ut
2893 2470 3062 2515 mater
3087 2462 3291 2531 gremio
3317 2474 3414 2514 suo
3437 2458 3502 2514 ad
3530 2473 3591 2514 se
3613 2475 3748 2514 con-

2156 2556 2416 2627 fugientes
2442 2564 2587 2608 arcte
2611 2553 3008 2622 complectitur.
3039 2549 3190 2618 Quod
3220 2550 3436 2621 quidem
3465 2564 3586 2604 cum
3610 2549 3747 2604 bea-

2156 2657 2242 2703 tus
2274 2647 2464 2702 Paulus
2492 2645 2656 2716 probe
2681 2651 2882 2709 nosset,
2911 2642 3136 2698 fructum
3163 2641 3389 2712 Spiritus
3412 2655 3531 2695 eam
3557 2640 3748 2711 appel-

2157 2739 2279 2793 lavit
2317 2756 2330 2791 :
2363 2737 2486 2791 alibi
2512 2751 2638 2791 vero
2669 2744 2868 2789 tantam
2893 2734 3084 2789 detulit
3119 2735 3166 2788 ei
3211 2732 3644 2803 praerogativam,
3681 2741 3747 2786 ut

2158 2846 2277 2886 eam
2309 2829 2439 2900 legis
2485 2827 2863 2898 plenitudinem
2909 2824 3189 2895 appellarit
3217 2840 3230 2876 :
3260 2822 3539 2878 Plenitudo
3577 2822 3744 2890 enim,

2159 2923 2362 2994 inquit,
2392 2922 2514 2992 legis
2541 2930 2612 2975 est
2642 2920 2826 2973 caritas
2857 2917 3035 2987 (Rom.
3063 2917 3148 2971 15.
3175 2914 3282 2986 10).
3315 2915 3602 2969 Enimvero
3629 2913 3748 2984 ipse

2161 3015 2396 3070 onmium
2427 3012 2680 3066 Dominus
2722 3019 2990 3078 tamquam
3031 3005 3441 3076 descriptionem
3481 3002 3750 3058 sufﬁcien-

2163 3115 2270 3161 tem
2299 3112 2352 3159 et
2383 3103 2485 3158 ﬁde
2515 3103 2735 3172 dignum
2765 3098 3056 3168 Specimen,
3081 3106 3138 3150 ut
3162 3096 3283 3166 quis
3313 3109 3370 3149 se
3400 3095 3564 3164 ipsius
3589 3092 3754 3148 disci-

2160 3200 2341 3269 pulum
2371 3194 2640 3266 probaret,
2663 3207 2767 3247 non
2794 3189 2938 3245 aliud
2967 3204 3122 3259 quam
3151 3187 3291 3259 quod
3317 3202 3348 3240 a
3371 3187 3589 3242 caritate
3613 3187 3754 3256 peti.

2163 3299 2280 3357 tur,
2314 3287 2467 3343 nobis
2509 3284 2816 3355 proposuit,
2849 3297 2968 3337 cum
3003 3279 3175 3334 dixit:
3208 3277 3274 3332 In
3320 3279 3414 3332 hoc
3451 3286 3753 3346 cognoscent

2162 3396 2364 3446 omnes,
2398 3378 2516 3448 quia
2545 3373 2786 3446 discipuli
2825 3375 2922 3427 mei
2962 3373 3078 3427 estis
3097 3412 3112 3439 ,
3145 3374 3191 3426 si
3221 3371 3534 3425 dilectionem
3560 3369 3754 3424 habue-

2162 3476 2274 3526 ritis
2303 3479 2369 3524 aa
2397 3469 2606 3524 invicem
2629 3467 2805 3538 (Joan.
2834 3467 2920 3520 15.
2947 3465 3061 3536 ⁸55).
3086 3464 3442 3532 Quamobrem
3463 3462 3529 3517 ad
3557 3465 3752 3532 ipsam,

2163 3577 2380 3634 qumso,
2427 3561 2790 3630 confugiamus
2819 3571 3005 3613 omnes
3025 3597 3039 3621 ,
3071 3557 3226 3625 eique
3254 3553 3620 3608 adlimreamus
3639 3594 3656 3620 ,
3697 3562 3757 3607 et

2164 3669 2287 3709 cum
2337 3654 2449 3722 ipsa
2502 3649 2840 3706 l'estivitatem
2887 3647 3023 3701 hanc
3067 3646 3407 3714 excipiamus.
3456 3643 3556 3697 Ubi
3606 3643 3754 3698 enim

2166 3749 2381 3813 caritas,
2413 3746 2603 3800 animae
2629 3752 2844 3798 cessant
2871 3741 3141 3804 defectus;
3174 3737 3264 3792 ubi
3296 3736 3490 3791 caritas
3509 3737 3564 3801 ',
3592 3735 3756 3791 alieni

2164 3857 2194 3896 a
2220 3841 2426 3895 ratione
2463 3837 2658 3894 mentis
2683 3835 2908 3891 insultus
2933 3833 3100 3888 sedati
3125 3839 3266 3886 sunt.
3296 3827 3515 3896 Caritas,
3557 3830 3755 3899 inquit,

2167 3950 2268 3988 non
2311 3933 2415 4004 agit
2460 3945 2758 4001 perperam,
2805 3943 2906 3981 non
2943 3925 3192 3996 inﬂatur,
3235 3939 3336 3976 non
3381 3931 3453 3975 est
3488 3922 3762 3975 ambitiosa

2172 4026 2246 4097 (1.
2270 4024 2389 4081 Cor.
2411 4025 2497 4080 15.
2517 4025 2569 4078 4.
2593 4020 2648 4093 5)
2674 4039 2687 4074 :
2713 4021 2908 4076 caritas
2933 4018 3128 4073 malum
3159 4016 3400 4085 proximo
3428 4029 3531 4070 non
3560 4013 3758 4079 infert;

2168 4117 2258 4172 ubi
2287 4117 2482 4170 caritas
2524 4113 2861 4177 dominatur,
2907 4109 3150 4178 nuspiam
3179 4108 3310 4161 (lain
3351 4107 3621 4171 cernitur,
3665 4105 3763 4174 qui

2167 4207 2383 4262 fratrem
2413 4203 2641 4261 occidat.
2687 4203 2838 4258 Tolle
2880 4200 3080 4256 fontem
3109 4198 3320 4253 invidia:
3342 4239 3357 4264 ,
3397 4205 3452 4252 et
3489 4195 3761 4251 malorum

2169 4298 2408 4353 omnium
2439 4295 2635 4350 ﬂumen
2663 4293 2953 4357 sustulisti;
2985 4288 3236 4346 exscinde
3264 4288 3494 4343 radicem
3513 4327 3528 4353 ,
3557 4296 3610 4341 et
3636 4286 3760 4341 fru-

2169 4399 2311 4444 ctum
2355 4387 2510 4442 simul
2554 4385 2848 4442 exscidisti.
2895 4383 3174 4438 llwc‘vero
3213 4395 3279 4435 eo
3305 4379 3552 4434 dicuntur
3579 4392 3608 4431 a
3647 4393 3764 4444 nte,

2171 4479 2310 4550 quod
2338 4479 2405 4533 de
2433 4479 2499 4532 iis
2529 4477 2616 4548 qui
2644 4476 2914 4539 invident,
2948 4473 3115 4542 magis
3144 4475 3243 4525 sim
3270 4469 3529 4526 sollicitus
3549 4509 3566 4534 ,
3593 4483 3762 4538 quam

2171 4571 2238 4626 de
2261 4573 2326 4626 iis
2349 4571 2539 4641 quibus
2569 4568 2852 4622 invidetur.
2883 4565 2958 4620 llli
2989 4565 3130 4618 enim
3157 4569 3316 4627 sunt,
3347 4560 3436 4631 qui
3467 4558 3765 4614 maximam

2172 4663 2374 4718 faciunt
2390 4663 2674 4731 jacturam,
2699 4659 3026 4725 multamque
3048 4654 3144 4708 sibi
3167 4651 3456 4723 perniciem
3479 4650 3763 4715 invehunt;

2173 4773 2295 4812 nam
2337 4755 2440 4810 illis
2467 4753 2682 4824 quidem
2714 4750 2903 4821 quibus
2935 4746 3201 4812 invidetur
3222 4787 3237 4810 ,
3277 4743 3403 4799 illud
3426 4784 3440 4808 ,
3471 4742 3515 4797 si
3544 4741 3766 4810 quidem

2173 4851 2375 4914 velint,
2425 4849 2701 4903 materiam
2745 4843 2901 4898 aﬂ‘ert
2947 4853 3286 4903 coronarum,
3327 4835 3465 4906 quod
3506 4831 3768 4888 inxidiam

2175 4944 2458 5015 patiantur.
2510 4943 2586 4994 Ac
2631 4938 2772 5003 vide,
2814 4948 3016 5007 quasso,
3064 4947 3169 5000 quo
3214 4940 3367 4999 pacto
3409 4929 3584 4996 justus
3630 4926 3769 4980 Abel

2174 5035 2474 5092 celebretur
2516 5029 2758 5085 laudibus
2783 5068 2799 5094 ,
2829 5035 2882 5080 et
2925 5025 2976 5078 in
3014 5023 3129 5078 dies
3164 5019 3442 5089 priceoniis
3484 5017 3772 5082 ell'eratnr,

2175 5125 2316 5196 quod
2347 5123 2508 5178 cmdis
2535 5135 2693 5176 causa
2722 5116 2947 5173 celebris
2986 5112 3216 5167 nominis
3245 5108 3580 5165 occasionem
3618 5117 3781 5161 attu-

2176 5219 2314 5274 lerit.
2345 5219 2517 5285 Atque
2555 5212 2641 5268 hic
2678 5209 2888 5282 quidem
2919 5215 3040 5278 post
3076 5205 3278 5260 obitum
3317 5201 3476 5256 etiam
3521 5215 3618 5269 per
3644 5214 3794 5253 san-

2175 5311 2387 5382 guincm
2417 5309 2668 5362 audacter
2713 5304 2946 5373 loquitur
2967 5341 2982 5365 ,
3013 5308 3068 5355 et
3109 5297 3250 5353 clara
3281 5309 3412 5350 voce
3440 5294 3798 5364 parricidanl

2144 5421 2149 5426 ·
2177 5411 2393 5459 accusat
2434 5399 2584 5469 (Cen.
2612 5400 2662 5454 4.
2692 5396 2787 5468 10)
2817 5414 2832 5452 :
2865 5395 2956 5450 ille
2998 5401 3172 5448 autem
3203 5397 3474 5462 snperstes
3515 5387 3813 5446 videlicet.

484 5231 590 5285 quc
637 5226 841 5272 natura:
898 5217 1145 5273 humana:
1192 5220 1422 5290 agricola
1473 5222 1739 5285 venisset,
1793 5234 1847 5278 et
1896 5224 2065 5292 ipsam

486 5310 728 5364 immisso
772 5309 1001 5381 Spiritus
1049 5311 1170 5380 igne
1216 5322 1625 5383 perpurgasset,
1667 5322 1861 5384 atque,
1908 5327 1964 5369 ut
1997 5316 2064 5371 ad

487 5401 854 5473 excipiendum
885 5403 1096 5461 caeleste
1122 5420 1306 5461 semen
1337 5406 1524 5461 idonea
1565 5407 1874 5462 redderetur
1895 5449 1910 5473 ,
1936 5407 2066 5464 etl‘e-

485 5503 666 5546 etsset.

556 5586 608 5638 5.
650 5585 816 5640 Tanta
864 5597 1027 5655 sunt,
1077 5587 1264 5660 bisque
1309 5589 1478 5644 multo
1518 5591 1662 5659 plura
1689 5632 1704 5657 ,
1752 5606 1869 5660 quzc
1915 5592 2068 5648 nobis

483 5676 640 5746 hujus
679 5679 786 5735 diei
827 5679 1084 5738 beneticio
1114 5681 1252 5738 bona
1291 5681 1636 5739 obvenerunt.
1684 5682 1810 5750 Quae
1837 5697 1955 5739 cum
1995 5684 2065 5740 ita

2241 5567 2262 5658 ζ
2465 5557 2774 5686 ἓῗξρέὲἓπιις,
2787 5613 2911 5686 inde
2931 5612 3181 5686 expulistis
3204 5610 3434 5663 acerbum
3453 5605 3832 5668 invidiaqui.

2179 5683 2410 5740 culumft
2432 5683 2478 5734 bi
2503 5688 2667 5747 regnat
2693 5683 2889 5739 caritas,
2915 5685 3010 5728 etc.
