4038 6204
307 292 419 353 467

311 411 408 464 καὶ
449 410 560 463 ἀπὸ
600 418 693 465 τοῦ
734 415 1129 489 συνδιατριϐειν
1167 421 1318 492 αὐτῷ
1347 423 1405 475 ἐν
1438 425 1602 497 πολλῇ
1645 424 1784 498 ἦσαν
1813 429 1898 482 εὑ-

311 499 519 567 ημερίᾳ
541 517 552 526 ·
590 500 684 552 καὶ
715 502 824 572 γὰρ
846 504 894 555 οί
917 505 1014 574 τὴν
1048 505 1408 579 Παλαιστίνην
1433 512 1668 577 ἅπαντες
1698 515 1906 568 οίκοῦν-

311 593 403 640 τες
429 621 442 645 ,
488 579 679 653 ῶσπερ
718 587 798 647 εἰς
829 588 1121 659 φωστῆράς
1161 589 1310 662 [472]
1344 610 1495 657 τινας
1527 595 1698 660 οὕτως
1727 600 1806 660 είς
1839 600 1906 651 τά

311 666 524 719 τούτων
557 667 844 723 ἐνέϐλεπον
876 674 1161 744 πρόσωπα·
1196 679 1380 749 ἐπειδὴ
1418 683 1512 734 καὶ
1553 685 1776 753 νεκροὺς
1815 686 1905 737 ἀν-

318 752 522 821 ίστων,·
544 757 634 809 καὶ
651 757 888 830 λεπροὺς
917 763 1228 834 ἐκάθαιρον,
1257 765 1512 837 δαίμονας
1534 771 1780 840 ἤλαυνον,
1810 774 1904 825 καὶ

315 845 598 915 νοσήματα
629 848 977 918 ἐθεράπευον,
1016 854 1108 907 καὶ
1132 855 1295 927 ’έτερα
1326 859 1495 912 πολλᾶ
1528 861 1901 918 ἐπεδείκνυντο

299 931 569 1002 -θαύματα
587 952 601 965 ο
631 937 751 989 ἐπεὶ
773 933 866 991 οῦν
898 939 1070 1004 οὕτως
1095 938 1234 1013 ἦσαν
1258 947 1606 1016 περίϐλεπτοι
1632 951 1724 1002 καὶ
1747 970 1901 1023 περι-

309 1023 528 1088 φανεῖς,
563 1022 652 1076 διὰ
697 1024 854 1080 τοῦτο
891 1028 1267 1100 συνεχώρησεν
1307 1034 1503 1098 αὐτοὺς
1553 1037 1690 1107 πρὸς
1722 1037 1898 1106 ὀλίγον

307 1109 650 1179 χωρισθῆναι
671 1113 767 1182 τῆς
787 1113 878 1166 τοῦ
911 1118 1323 1186 συμμαχοῦντος
1339 1121 1639 1192 δυνάμεως,
1672 1125 1759 1178 ἵνα
1774 1127 1898 1179 ὅταν

305 1195 366 1246 ἐν
383 1196 597 1266 ἐρημίᾳ
631 1199 914 1266 γένωνται,
939 1203 1180 1272 μάθωσιν
1200 1205 1388 1276 ἡλίκον
1409 1209 1586 1274 αὐτοῖς
1618 1213 1898 1282 ἐχαρίζετο

303 1282 340 1350 ἡ
372 1282 478 1351 τῆς
507 1283 672 1337 αὐτοῦ
699 1286 1031 1357 ἀγαθότητος
1064 1294 1356 1363 παρουσία,
1395 1298 1490 1350 καὶ
1535 1301 1615 1362 είς
1647 1301 1896 1372 αἴσθησιν

305 1368 562 1432 ἐλθόντες
593 1371 702 1425 τῶν
740 1375 1118 1441 παρελθόντων
1163 1380 1382 1448 ἀγαθῶν
1461 1385 1596 1454 μετά
1653 1368 1897 1456 μείζονος

303 1454 412 1523 τῆς
440 1456 752 1528 προθυμίας
779 1461 1138 1528 ὑποδέξωνται
1167 1469 1260 1520 καὶ
1289 1469 1386 1539 τὴν
1420 1471 1513 1524 τοῦ
1540 1454 1894 1546 Παρακλήτου

305 1541 538 1613 δωρεάν.
602 1547 713 1599 Καὶ
743 1549 850 1620 γὰρ
901 1551 1243 1622 ἀθυμοῦντας
1293 1559 1490 1623 αὐτοὺς
1531 1541 1891 1632 παρεκάλεσε,

307 1631 408 1684 καὶ
438 1631 530 1685 διὰ
562 1635 654 1687 τὸν
691 1635 786 1689 τοῦ
820 1636 1142 1695 διδασκάλου
1172 1645 1449 1716 χωρισμὸν
1497 1631 1894 1716 στυγνάζοντας

309 1721 404 1772 καὶ
434 1722 740 1792 κατηφείας
765 1725 1230 1798 πεπληρωμένους
1257 1732 1345 1786 διὰ
1377 1734 1468 1787 τοῦ
1495 1737 1694 1790 οίκείου
1716 1741 1894 1808 φωτὸς

307 1809 652 1879 κατηύγασε,
686 1814 780 1868 καὶ
811 1817 1098 1888 κειμένους
1137 1822 1323 1891 σχεδὸν
1362 1825 1646 1897 ἀνέστησε,
1674 1830 1767 1881 καὶ
1793 1832 1894 1900 τῆς

307 1895 551 1966 ἀθυμίας
571 1899 632 1952 τὺ
653 1901 810 1970 νέφος
833 1903 1169 1972 διεσκέδασε,
1199 1910 1291 1962 καὶ
1310 1910 1407 1982 τὴν
1432 1895 1663 1984 ἀπορίαν
1684 1895 1888 1973 ἔλυσεν.

322 1986 542 2057 Ἐπειδὴ
575 1988 684 2059 γάρ
703 1985 843 2062 ἦσαν
862 1994 1192 2060 ἀκούσαντες
1211 1999 1310 2069 τῆς
1333 2003 1666 2074 Δεσποτικῆς
1688 2007 1888 2077 φωνῆς,

311 2074 712 2144 Πορευθέντες
735 2083 1153 2148 μαθητεύσατε
1196 2086 1391 2140 πάντα
1429 2090 1498 2144 τὰ
1534 2092 1678 2158 ἔθνη
1701 2110 1713 2122 ·
1757 2074 1891 2163 ἡτῶ-

313 2177 439 2230 ρουν
468 2163 525 2215 δὲ
551 2164 736 2220 λοιπὸν
768 2169 861 2222 καὶ
888 2169 1134 2239 ἠγνόουν,
1162 2176 1285 2228 ὅποι
1316 2176 1397 2229 δεῖ
1425 2178 1655 2233 ἑκαστον
1685 2183 1891 2253 τραπῆ-

308 2265 422 2312 ναι,
459 2251 554 2303 καὶ
579 2255 716 2322 πρὸς
751 2259 903 2309 ποῖον
938 2259 1020 2312 δεῖ
1044 2261 1210 2330 κλίμα
1239 2263 1339 2332 τῆς
1371 2267 1696 2338 οἰκουμένης
1719 2251 1889 2340 κηρῦ-

308 2334 398 2401 ξαι
433 2338 525 2390 τὸν
552 2339 730 2408 λόγον,
760 2343 979 2414 ἔρχεται
1031 2347 1091 2400 τὸ
1127 2348 1352 2420 Πνεῦμα
1378 2351 1440 2404 τὸ
1486 2334 1721 2421 ἅγιον-ἐν
1758 2334 1887 2409 είδει

307 2424 588 2492 γλωσσῶν,
623 2430 839 2500 ἑκάστῳ
867 2435 1087 2504 μερίζον
1123 2437 1220 2506 τῆς
1254 2438 1396 2492 κατὰ
1436 2440 1534 2511 τὴν
1565 2439 1886 2514 οἰκουμένην

304 2509 653 2578 διδασκαλίας
681 2518 748 2570 τά
778 2519 1035 2590 κλίματα,
1072 2525 1166 2577 καὶ
1192 2525 1278 2578 διὰ
1313 2527 1412 2597 τῆς
1439 2509 1684 2600 δοθείσης
1712 2509 1884 2599 γλώτ-

304 2615 406 2668 της
439 2602 695 2674 καθάπερ
717 2604 882 2676 δέλτῳ
907 2608 1014 2682 τινὶ
1044 2611 1306 2681 γνωρίζον
1341 2615 1554 2686 ἑκάστῳ
1582 2617 1684 2686 τῆς
1719 2619 1886 2688 ἐμπι-

305 2687 628 2760 στευθείσης
650 2692 826 2763 ἀρχῆς
852 2711 912 2748 τε
944 2698 1038 2749 καὶ
1058 2697 1402 2765 διδασκαλίας
1434 2701 1524 2756 τὸν
1553 2704 1699 2775 ὅρον.

373 2795 478 2850 Διά
507 2797 666 2852 τοῦτο
705 2802 763 2853 ἑν
787 2803 915 2856 εῖδει
946 2805 1207 2872 γλωσσῶν
1248 2808 1308 2861 τὸ
1365 2811 1593 2883 Πνεῦμα
1644 2815 1885 2884 παρεγέ-

301 2899 427 2936 νετο
445 2903 459 2914 ο
488 2887 584 2938 καὶ
609 2888 669 2941 οὑ
708 2889 795 2943 διὰ
823 2890 981 2946 τοῦτο
1008 2894 1189 2963 μόνον,
1237 2896 1352 2950 ἀλλ’
1389 2898 1478 2953 ἵνα
1529 2902 1623 2954 καὶ
1651 2902 1886 2966 παλαιᾶς

303 2969 452 3039 ἡμᾶς
481 2971 772 3047 ὑπομνήσῃ
802 2976 1131 3044 ὑποθέσεως.
1174 2983 1391 3056 Ἐπειδὴ
1422 2986 1530 3058 γάρ
1552 2988 1612 3040 τὸ
1651 2989 1882 3042 παλαιὸν

305 3058 386 3117 είς
411 3059 676 3113 ἀπόνοιαν
707 3063 1076 3130 ἐξοκείλαντες
1097 3070 1147 3120 οἱ
1171 3070 1450 3142 ἄνθρωποι
1481 3073 1688 3145 πύργον
1715 3077 1882 3145 ὴϐου-

305 3141 552 3214 λήθησαν
590 3153 1003 3206 κατασκευάσαι
1045 3155 1148 3218 ἕως
1177 3157 1268 3210 τοῦ
1313 3159 1544 3230 οὐρανοῦ
1587 3161 1876 3230 φθάνοντα,

305 3233 400 3284 καὶ⁵
435 3233 524 3287 διὰ
547 3233 650 3303 τῆς
687 3237 797 3288 τῶν
824 3240 1085 3306 γλωσσῶν
1116 3241 1436 3315 διαιρέσεως
1475 3246 1671 3300 διεῖλεν
1704 3251 1882 3306 αὐτῶν

305 3320 402 3391 τὴν
449 3324 629 3394 κακὴν
665 3327 1019 3395 συμφωνίαν
1069 3331 1157 3384 διὰ
1190 3333 1348 3386 τοῦτο
1381 3338 1475 3387 καὶ
1502 3338 1596 3389 νῦν
1648 3340 1706 3392 ἐν
1751 3338 1881 3396 εἴδει

305 3410 566 3476 γλωσσῶν
597 3415 841 3484 πυρίνων
889 3419 1182 3486 ἐφίπταται
1233 3422 1419 3486 αὐτοῖς
1458 3425 1518 3477 τὸ
1563 3427 1786 3499 Πνεῦμα
1821 3431 1881 3482 τὸ

309 3498 482 3564 ἅγιον,
541 3501 631 3552 ἵνα
672 3502 1038 3574 διαιρεθεῖσαν
1066 3507 1164 3580 τὴν
1213 3511 1539 3582 οἰκουμένην
1567 3515 1656 3568 διὰ
1691 3517 1880 3571 τούτου

309 3585 538 3656 συνάψῃ.
565 3589 677 3641 Καὶ
708 3590 927 3657 ἐγένετο
952 3596 1183 3665 πρᾶγμα
1204 3599 1390 3652 καινὸν
1424 3602 1517 3653 καὶ
1555 3603 1876 3673 παράδοξον·

307 3669 489 3742 ῶσπερ
522 3675 632 3745 γὰρ
665 3677 788 3730 τότε
819 3680 878 3731 τὸ
918 3682 1148 3734 παλαιὸν
1177 3685 1422 3751 γλῶσσαι
1446 3687 1542 3759 τὴν
1557 3692 1881 3764 οίκουμένην

309 3760 628 3830 κατέτεμον,
677 3764 772 3816 καὶ
811 3763 908 3836 τὴν
953 3769 1128 3839 κακὴν
1164 3773 1484 3840 συμφωνίαν
1511 3779 1590 3839 είς
1611 3777 1879 3850 διαίρεσιν

306 3844 510 3913 ἤγαγον
531 3863 545 3875 ’
588 3847 729 3902 οὓτω
757 3852 851 3904 καὶ
883 3852 975 3905 νῦν
1003 3855 1245 3923 γλῶσσαι
1277 3859 1373 3929 τὴν
1403 3863 1726 3936 οίκουμένην
1757 3883 1882 3920 συν-

304 3932 465 4001 ἧψαν,
502 3936 598 3987 καὶ
628 3935 698 3989 τά
723 3938 987 3993 διεστῶτα
1011 3945 1089 4006 είς
1119 3945 1374 4015 ὁμόνοιαν
1405 3952 1733 4020 συνήγαγον.
1790 3957 1878 4008 Ἐν

304 4022 427 4075 εῖδει
469 4025 572 4094 μὲν
612 4023 707 4080 οὖν
750 4029 1010 4097 γλωσσῶν
1045 4033 1134 4087 διὰ
1181 4034 1359 4101 τοῦτο,
1413 4037 1545 4091 ὡσεὶ
1605 4043 1776 4112 πυρὸς
1821 4044 1878 4098 δὲ

303 4111 543 4177 γλῶσσαι
567 4114 656 4167 διὰ
672 4115 770 4186 τὴν
799 4118 857 4170 ἐν
880 4119 1012 4189 ἡμῖν
1034 4120 1454 4199 ὑλομανησασαν
1483 4127 1579 4197 τῆς
1603 4111 1880 4200 ἁμαρτίας

303 4197 566 4254 ἄκανθαν.
605 4202 872 4276 Καθάπερ
903 4207 1010 4278 γάρ
1044 4208 1113 4280 γῆ
1141 4248 1154 4271 ,
1198 4197 1325 4264 ὅταν
1353 4211 1561 4285 λιπαρά
1607 4197 1700 4269 καὶ
1724 4197 1879 4271 -πίων

301 4281 430 4339 οὖσα
469 4289 740 4362 τυγχάνῃ,
785 4293 858 4362 μὴ
885 4299 1196 4366 γεωργῆται
1229 4297 1305 4363 δὲ,
1331 4281 1532 4372 πολλην
1571 4303 1878 4360 ἐπιδείκνυ-

301 4390 386 4427 ται
420 4375 530 4428 τῶν
566 4377 820 4430 ἀκανθῶν
847 4379 944 4452 τὴν
973 4383 1174 4453 φοράν·
1207 4384 1349 4438 οὑτω
1379 4387 1442 4458 δὴ
1472 4389 1566 4441 καὶ
1595 4391 1627 4461 ἡ
1661 4392 1874 4466 φύσιςὴ

299 4462 565 4532 ἡμετέρα,
595 4463 734 4536 καλὴ
764 4462 898 4520 οὖσα
925 4468 1012 4521 διὰ
1041 4471 1132 4523 τὸν
1157 4476 1571 4542 παραγαγόντα,
1609 4481 1700 4532 καὶ
1744 4462 1880 4554 πρὸς

298 4551 388 4602 τὸν
414 4551 513 4621 τῆς
544 4552 745 4624 ἀρετῆς
765 4555 976 4626 καρπὸν
1003 4559 1326 4629 ἐπιτηδείως
1353 4562 1573 4632 ἔχουσα,
1601 4565 1688 4620 διὰ
1713 4569 1771 4621 τὸ
1786 4551 1878 4641 ⁷μὴ

298 4636 557 4702 δέξασθαι
588 4640 648 4692 τὸ
676 4641 777 4710 τῆς
814 4642 1102 4708 εὐσεϐείας
1152 4647 1401 4719 ἄροτρον,
1464 4652 1600 4721 μηδὲ
1659 4653 1749 4707 τὸν
1778 4636 1879 4727 τῆς

300 4724 631 4794 θεογνωσίας
666 4730 889 4800 σπόρον,
918 4731 1173 4805 καθάπερ
1194 4735 1439 4798 ἀκάνθας
1460 4740 1614 4803 τινάς
1644 4744 1738 4797 καὶ
1762 4724 1880 4796 ἑτέ-

303 4829 395 4882 ραν
417 4815 696 4887 ἄχρηστον
721 4817 854 4888 ὓλην
887 4819 986 4891 τὴν
1017 4823 1271 4877 ἀσέϐειαν
1292 4827 1654 4900 ἀπεγέννησε.
1684 4833 1794 4885 Καὶ
1819 4833 1878 4886 ὃν

299 4903 496 4970 τρόπον
528 4905 630 4974 τῆς
669 4905 773 4975 γῆς
805 4905 868 4958 τὸ
899 4908 1195 4978 πρόσωπον
1227 4911 1334 4965 ἀπὸ
1364 4913 1458 4967 τοῦ
1491 4916 1731 4988 πλήθους
1769 4921 1878 4974 τῶν

300 4991 553 5045 ἀκανθῶν
579 4993 802 5046 καὶτῶν
829 4997 1082 5067 πονηρῶν
1108 4998 1345 5068 βοτανῶν
1377 5003 1637 5069 πολλάκις
1661 5008 1722 5060 οὐ
1753 5010 1879 5077 φαί-

302 5098 446 5133 νεται
467 5100 485 5116 ο
530 5081 678 5137 οὕτω
706 5084 798 5136 καὶ
839 5085 900 5138 τὸ
931 5087 1150 5156 εὐγενὲς
1178 5091 1272 5144 καὶ
1305 5095 1366 5144 τὸ
1385 5091 1624 5165 καθαρὸν
1655 5099 1754 5168 τῆς
1778 5099 1879 5168 ψυ-

300 5169 396 5237 χῆς
420 5173 522 5241 τῆς
557 5171 836 5241 ἡμετέρας
866 5173 925 5224 οὐ
952 5175 1302 5242 διεδείκνυτο,
1333 5178 1439 5242 ἕως
1456 5182 1543 5233 ὅτε
1571 5186 1879 5254 παραγενό-

301 5273 458 5322 μενος
492 5259 522 5308 ό
562 5259 808 5330 γεωργὸς
839 5264 938 5331 τῆς
971 5263 1186 5330 φύσεως
1218 5266 1320 5336 τῆς
1367 5267 1738 5341 ἀνθρωπίνης,
1785 5275 1878 5328 καὶ

298 5345 356 5396 τὸ
385 5344 496 5413 πῦρ
529 5347 768 5415 ἐπαφεὶς
805 5349 898 5402 τοῦ
950 5351 1288 5421 Πνεύματος,
1321 5355 1560 5426 ἑκάθηρέ
1592 5375 1652 5411 τε
1684 5361 1874 5433 αὐτὴν,

298 5436 390 5486 καὶ
417 5436 554 5506 πρὸς
583 5437 644 5489 τὸ
668 5437 924 5502 δέξασθαι
948 5441 1037 5494 τὸν
1067 5443 1271 5514 σπόρον
1286 5444 1376 5499 τὸν
1397 5446 1646 5517 οὐράνιον
1685 5451 1876 5524 ἐπιτη-

294 5520 442 5576 δείαν
471 5523 730 5592 γενέσθαι
752 5529 1154 5598 παρεσκεύασε.

363 5617 432 5679 γ’.
456 5611 710 5667 Τοσαῦτα
732 5615 866 5685 ἡμῖν
912 5617 1004 5670 καὶ
1035 5619 1242 5674 τούτων
1269 5622 1488 5678 πλείονα
1511 5625 1600 5680 διὰ
1617 5629 1716 5701 τὴν
1736 5647 1878 5703 παρ-

294 5694 356 5747 οῦ
367 5712 464 5748 σαν
489 5695 703 5769 ἡμέραν
729 5701 944 5772 ὑπῆρχε
969 5704 1038 5758 τὰ
1075 5705 1276 5774 ἀγαθά.
1301 5709 1392 5764 Διὸ
1414 5694 1716 5782 παρακαλῶ
1742 5694 1877 5787 πρδς

1353 311 1436 365 DE
1481 315 1747 372 SANCTA
1784 321 2257 379 PENTECOSTE.
2305 321 2535 378 HOMIL.
2581 321 2643 378 ll.

3473 335 3586 390 468

2011 434 2166 500 ἀξίαν
2191 437 2297 490 τῶν
2329 437 2718 508 δεδωρημένων
2745 439 2874 509 ἡμῖν
2902 438 3142 509 ἀγαθῶν,
3174 441 3264 496 καὶ
3286 445 3442 516 ἡμεῖς
3462 448 3582 519 ἑορ-

2007 524 2257 594 τάσωμεν
2279 567 2292 588 ,
2329 525 2480 598 [475]
2527 527 2587 578 οὐ
2618 526 2716 597 τὴν
2751 527 2924 597 πύλην
2955 541 2979 567 α
3008 530 3415 598 στεφανοῦντες,
3445 533 3580 589 ἀλλὰ

2004 613 2101 676 τὰς
2124 614 2298 684 ψυχὰς
2325 615 2756 679 καλλωπίζοντες
2783 634 2794 648 ·
2818 618 2876 669 οὐ
2904 620 3232 690 κοσμοῦντες
3250 622 3348 692 τὴν
3376 624 3580 694 ἀγοράν

2004 707 2521 778 παραπετάσμασιν,
2552 709 2687 761 ἀλλὰ
2720 710 3102 782 φαιδρύνοντες
3127 713 3225 783 τὴν
3257 715 3436 787 ψυχὴν
3466 719 3581 781 τοῖς

2001 796 2097 864 τῆς
2125 797 2325 868 ἀρετῆς
2352 797 2733 867 περιϐολαίοις,
2757 801 2842 852 ἵνα
2862 800 3002 854 οὑτω
3022 802 3337 873 δυνηθῶμεν
3370 806 3464 859 καὶ
3485 807 3578 859 τοῦ

2000 887 2314 957 Πνεύματος
2351 888 2449 959 τὴν
2479 890 2636 960 χάριν
2669 891 3050 957 ὑποδέξασθαι,
3095 894 3190 946 καὶ
3238 897 3363 960 τοὺς
3391 897 3578 951 ἐντεῦ-

2001 977 2091 1030 θεν
2117 979 2364 1050 καρποὺς
2398 980 2778 1046 ἀποδέξασθαι.

2069 1069 2164 1131 Τίς
2183 1070 2239 1122 δέ
2270 1073 2418 1124 ἐστιν
2446 1072 2474 1123 ὁ
2507 1073 2716 1144 καρπὸς
2757 1076 2852 1129 τοῦ
2893 1077 3208 1148 Πνεύματος
3239 1097 3256 1146 ;
3307 1080 3577 1134 ’Δκούσωο

2002 1178 2099 1230 μεν
2134 1162 2345 1216 Παύλου
2387 1163 2638 1232 λέγοντος
2658 1184 2672 1198 ·
2716 1165 2778 1220 '0
2822 1167 2890 1220 δὲ
2917 1170 3144 1237 καρπὸς
3170 1171 3274 1225 τοῦ
3305 1173 3577 1240 Πνεύμα-

1997 1270 2119 1318 τος,
2150 1255 2344 1325 φησὶν,
2396 1255 2618 1325 ἀγάπη,
2656 1258 2847 1327 χαρὰ,
2906 1260 3134 1328 εἰρήνη.
3185 1261 3326 1331 Ὅρα
3379 1260 3576 1324 λέξεως

1996 1347 2302 1418 ἀκρίϐειαν,
2363 1349 2713 1414 διδασκαλίας
2761 1352 3113 1406 ἀκολουθίαν’
3163 1353 3429 1424 προέταξε
3478 1353 3576 1424 τὴν

1995 1439 2236 1510 ἀγάπην,
2269 1442 2363 1494 καὶ
2383 1441 2504 1494 τότε
2529 1442 2637 1496 τῶν
2666 1443 2791 1514 ἑξῆς
2813 1445 3222 1516 ἐμνημόνευσεν
3239 1462 3255 1475 ο
3286 1445 3449 1516 ἔθηκε
3476 1445 3574 1515 τὴν

1997 1530 2172 1601 ῥίζαν,
2201 1533 2294 1585 καὶ
2322 1534 2441 1586 τότε
2472 1533 2561 1588 τὸν
2590 1535 2806 1605 καρπὸν
2839 1537 3087 1604 ὑπέδειξε
3112 1555 3126 1568 ·
3172 1537 3438 1591 κατέϐαλε
3483 1537 3573 1589 τὸν

1995 1621 2260 1692 θεμέλιον,
2295 1624 2389 1678 καὶ
2411 1625 2528 1678 τότε
2555 1626 2652 1698 τὴν
2677 1627 2968 1698 οἰκοδομὴν
2991 1630 3272 1697 ἐπήγαγεν
3292 1647 3314 1702 ’ξ
3334 1625 3441 1681 ἀπὸ
3477 1629 3574 1697 τῆς

1994 1715 2175 1785 πηγῆς
2201 1715 2422 1786 ἤρξατο,
2459 1717 2553 1770 καὶ¹
2603 1718 2723 1770 τότε
2755 1714 2920 1789 ἦλλεν
2971 1720 3064 1772 ἐπὶ
3117 1722 3244 1784 τοὺς
3273 1720 3569 1790 ποταμούς.

1994 1804 2128 1857 Οὑδέ
2157 1805 2267 1876 γάρ
2291 1807 2554 1879 πρότερον
2576 1811 2608 1879 ἡ
2636 1810 2735 1880 τῆς
2758 1812 2932 1880 χαρᾶς
2953 1811 3286 1864 ἐπεισελθεῖν
3318 1811 3573 1874 ὑπόθεσις

1990 1892 2247 1960 δύναται,
2303 1896 2368 1949 ἂν
2401 1897 2474 1968 μὴ
2509 1899 2772 1971 πρότερον
2808 1901 3018 1955 ἑαυτῶν
3059 1898 3200 1954 εἶναι
3256 1903 3570 1972 νομίσωμεν

1991 1983 2088 2052 τὴν
2148 1984 2354 2055 ἑτέρων
2406 1989 2732 2059 εὐημερίαν,
2774 1992 2868 2043 καὶ
2901 1993 3077 2044 οίκεῖα
3101 1992 3171 2044 τὰ
3215 1991 3306 2044 106
3342 1991 3569 2060 πλησίον

1991 2075 2170 2144 ἀγαθά
2201 2077 2545 2148 λογισώμεθα
2572 2095 2585 2110 ’
2608 2082 2780 2136 ταῦτα
2801 2083 2857 2136 δὲ
2886 2084 2986 2136 οὐκ
3015 2085 3080 2138 ἄν
3117 2101 3246 2137 ποτε
3274 2083 3333 2149 ἐξ
3381 2082 3567 2152 ἐτέρου

1992 2167 2186 2236 φανείη
2214 2169 2378 2235 τινὸς,
2413 2169 2479 2223 ἂν
2513 2171 2587 2241 μὴ
2622 2172 2721 2242 τῆς
2744 2173 2966 2242 ἀγάπης
3002 2173 3282 2244 ὑπερϐάλῃ
3307 2175 3340 2243 ἡ
3380 2190 3570 2244 τυραν-

1989 2259 2093 2323 νίς.
2139 2261 2202 2313 Ἢ
2219 2261 2406 2332 ἀγάπη
2441 2262 2568 2334 ῥίζα
2599 2264 2693 2316 καὶ
2718 2265 2869 2334 πηγὴ
2897 2265 2991 2317 καὶ
3017 2265 3201 2335 μήτηρ
3228 2265 3376 2319 ἐστὶν
3397 2265 3570 2317 ἀπάν-

1988 2370 2095 2405 των
2131 2352 2241 2406 τῶν
2280 2352 2522 2422 ἀγαθῶν.
2565 2353 2673 2406 Καὶ
2734 2353 2840 2424 γὰρ
2880 2354 2955 2416 ὡς
3002 2354 3126 2423 ῥίζα
3183 2355 3410 2425 μυρίους
3445 2352 3570 2416 τοὺς

1988 2442 2216 2506 κλάδους
2266 2445 2364 2514 τῆς
2406 2444 2606 2515 ἀρετῆς
2635 2445 2947 2510 ἀναδίδωσι,
2980 2446 3075 2498 καί⁵
3116 2443 3190 2508 ὡς
3219 2444 3370 2516 πηγὴ
3401 2445 3570 2496 πολλὰ

1986 2534 2159 2587 τίκιτει
2212 2535 2281 2590 τά
2310 2535 2552 2606 νάματα,
2585 2536 2681 2590 καὶ
2715 2537 2791 2598 ὡς
2847 2538 3030 2607 μήτηρ
3067 2536 3198 2589 εἴσω
3226 2537 3335 2589 τῶν
3367 2536 3568 2605 ἑαυτῆς

1987 2626 2202 2679 κόλπων
2233 2626 2585 2697 περισφίγγει
2614 2628 2742 2690 τοὺς
2774 2629 2855 2690 είς
2888 2628 3058 2697 αὐτὴν
3097 2626 3563 2696 καταφεύγοντας.

1992 2719 2056 2770 'O
2080 2716 2144 2788 δὴ
2171 2717 2262 2770 καὶ⁵
2287 2719 2316 2770 ὁ
2346 2719 2614 2788 μακάριος
2647 2718 2861 2781 Παῦλος
2887 2718 3130 2783 συνιδὼν,
3161 2718 3371 2789 καρπὸν
3398 2718 3567 2788 αὐτὴν

1984 2810 2076 2870 τοῦ
2108 2811 2425 2881 Πνεῦματος
2450 2811 2709 2864 ἐκάλεσεν
2729 2827 2743 2843 ⁸
2785 2811 3018 2881 ἀλλαχοῦ
3051 2811 3108 2864 δὲ
3143 2811 3394 2864 τοσοῦτον
3426 2811 3563 2881 αὐτῇ

1985 2902 2044 2954 τὸ
2069 2902 2388 2974 προτέρημα
2413 2902 2727 2974 ἐχαρίσατο,
2752 2903 2828 2966 ῶς
2850 2903 2943 2956 καὶ
2973 2903 3246 2974 πλήρωμα
3275 2902 3444 2973 αὐτὴν
3465 2901 3562 2954 τοῦ

1984 2995 2149 3065 νόμου
2201 2999 2546 3066 προσειπεῖνο
2576 2995 2874 3065 Πλήρωμα
2923 2995 3032 3067 γὰρ
3060 2997 3269 3064 νόμου,
3299 2995 3484 3067 φησιν,
3524 2998 3586 3080 η’

1984 3084 2203 3154 ἀγάπη.
2258 3086 2314 3138 'O
2351 3086 2534 3155 μέντοι
2571 3085 2680 3138 τῶν
2717 3085 2973 3138 ἁπάντων
3007 3083 3284 3153 Δεσπότης
3313 3084 3407 3136 καὶ
3437 3085 3563 3153 ὅρον

1983 3175 2255 3246 ἀρκοῦντα
2296 3177 2390 3229 καὶ
2413 3176 2734 3248 χαρακτῆρα
2767 3175 3102 3240 ἀξιόπιστον,
3128 3176 3208 3238 εἰς
3237 3175 3298 3226 τὸ
3328 3175 3561 3246 φανῆναι

1981 3269 2108 3330 τοὺς
2140 3267 2332 3320 ἑαυτοῦ
2359 3267 2632 3338 μαθητὰς,
2653 3268 2751 3338 οὐχ
2776 3267 2964 3338 ἔτερόν
2985 3285 3125 3332 τινα,
3157 3267 3190 3338 ἢ
3221 3268 3311 3321 τὸν
3337 3267 3444 3320 ἀπὸ
3465 3268 3563 3336 τῆς

1982 3359 2203 3430 ἀγάπης
2241 3360 2372 3430 ἡμῖν
2405 3360 2742 3431 προεϐάλετο
2771 3359 2940 3414 εἰπών
2965 3377 2979 3391 ·
3044 3362 3147 3414 Ἐν
3185 3362 3374 3428 τούτῳ
3419 3361 3564 3431 γνώ-

1983 3465 2191 3502 σονται
2211 3449 2432 3515 πάντες
2453 3449 2540 3502 ὅτι
2563 3450 2689 3519 ἐμοὶ
2704 3453 2966 3520 μαθηταί
2987 3452 3148 3516 ἐστε,
3183 3453 3290 3504 ἐὰν
3322 3452 3563 3522 ἀγάπην

1982 3540 2160 3609 ἔχητε
2182 3542 2252 3595 ἐν
2269 3541 2585 3610 ἀλλήλοις.
2613 3545 2722 3610 Διὺ,
2743 3545 3068 3616 παρακαλῶ,
3087 3548 3172 3598 ἐπ’
3201 3547 3368 3616 αὐτὴν
3396 3564 3564 3600 κατα-

1983 3632 2242 3702 φύγωμεν
2297 3633 2556 3702 ἅπαντες,
2621 3637 2716 3689 καὶ⁵
2764 3637 2938 3710 ταύτῃ
2986 3637 3434 3708 περιπλακῶμεν,
3470 3641 3564 3691 καὶ⁵

1985 3724 2104 3793 μετ’
2133 3724 2302 3795 αὐτῆς
2339 3725 2438 3797 τὴν
2488 3727 2682 3799 ἑορτὴν
2723 3728 2927 3799 ταύτην
2963 3728 3381 3796 ὑποδεξώμεθα·
3425 3729 3560 3781 ὅπου

1982 3817 2089 3884 γὰρ
2113 3818 2298 3888 ἀγάπη
2329 3819 2379 3882 δ,
2407 3820 2569 3890 ἀργεῖ
2587 3821 2684 3889 τῆς
2706 3819 2882 3891 ψυχῆς
2912 3819 2981 3872 τά
3005 3819 3359 3889 ἐλαττώματα
3385 3837 3397 3848 ·
3426 3821 3560 3871 ὅπου

1981 3909 2190 3977 ἀγάπη,
2220 3909 2288 3962 τὰ
2303 3910 2472 3979 ἄλογα
2503 3909 2602 3980 τῆς
2617 3911 2854 3974 διανοίας
2883 3913 3231 3982 σκιρτήματα
3259 3911 3556 3963 πέπαυται.

1992 3999 2053 4055 Ἠ
2079 3999 2300 4069 ἀγάπη,
2324 4001 2506 4071 φησὶν,
2538 4002 2609 4053 οὐ
2633 4003 3084 4068 περπερεύεται,
3118 4003 3190 4054 οὺ
3215 4000 3556 4068 φυσιοῦται,

1981 4093 2090 4144 οὐκ
2112 4091 2464 4160 ἀσχημονεῖ.
2508 4093 2574 4144 Ἦ
2606 4092 2794 4162 ἀγάπη
2851 4091 2929 4162 τῷ
2985 4091 3208 4160 πλησίον
3258 4091 3426 4144 κακὸν
3458 4093 3558 4145 οὐκ

1979 4181 2301 4252 ἐργάζεται·
2333 4183 2466 4236 ὅπου
2492 4183 2680 4254 ἀγάπη
2726 4182 3104 4249 πολιτεύεται,
3145 4183 3382 4253 οὐδαμοῦ
3417 4185 3557 4237 Κάῖν

1979 4273 2221 4342 φονεύων
2245 4273 2337 4329 τὸν
2364 4275 2608 4344 ἀδελφόν.
2640 4275 2830 4329 Ἀνελε
2871 4275 2964 4328 τοῦ
2992 4275 3184 4346 φθόνου
3220 4277 3316 4348 τὴν
3350 4277 3555 4347 πηγὴν,

1980 4369 2074 4421 καὶ
2094 4369 2302 4433 ἀνεῖλες
2332 4368 2440 4422 τῶν
2469 4369 2654 4424 κακῶν
2683 4369 2940 4424 ἁπάντων
2977 4371 3067 4424 τὸν
3112 4371 3353 4442 ποταμόν
3377 4389 3388 4402 ·
3420 4371 3556 4424 ἀπό-

1978 4477 2112 4530 τεμε
2141 4461 2240 4530 τὴν
2271 4461 2448 4532 ῥίζαν,
2501 4462 2596 4514 καὶ
2630 4462 2940 4526 συνανεῖλες
2983 4464 3073 4517 τὸν
3103 4465 3336 4534 καρπόν.
3371 4465 3558 4520 Ταῦτα

1979 4554 2035 4607 δὲ
2079 4553 2224 4622 λέγω
2271 4553 2380 4608 τῶν
2413 4553 2750 4623 φθονούντων
2802 4556 3102 4628 κηδόμενος
3135 4558 3335 4627 μᾶλλον
3386 4558 3560 4629 ἣτῶν

1980 4646 2357 4717 φθονουμένων
2380 4662 2393 4676 ’
2435 4648 2530 4701 καὶ
2581 4647 2690 4719 γὰρ
2718 4649 2913 4702 ἐκεῖνοι
2957 4649 3193 4719 μάλιστά
3224 4653 3358 4704 εἰσιν
3408 4652 3458 4702 οἱ
3490 4657 3560 4704 τα

1984 4739 2220 4808 μέγιστα
2253 4740 2630 4811 ζημιούμενοι,
2661 4741 2755 4795 καὶ
2785 4740 2950 4794 πολὺν
2977 4742 3188 4805 ἑαυτοῖς
3215 4743 3304 4794 τὸν
3336 4743 3558 4814 ὄλεθρον

1979 4830 2306 4899 ἐπάγοντεςο
2345 4831 2468 4884 ἐπεί
2505 4848 2568 4900 γε
2607 4833 2690 4886 ὅτι
2722 4835 2836 4896 τοῖς
2893 4833 3279 4904 φθονουμένοις
3313 4835 3406 4888 καὶ
3435 4853 3558 4888 στε-

1982 4923 2163 4992 φάνων
2189 4922 2446 4986 ὑπόθεσίς
2497 4925 2668 4989 ἐστιν,
2719 4927 2768 4978 εί
2806 4924 3099 4994 βούλοιντο,
3130 4926 3191 4978 τὸ
3223 4927 3554 4995 φθονεῖσθαι.

1979 5016 2089 5068 Καὶ
2119 5015 2221 5087 ὅρα
2256 5033 2346 5087 μοι
2368 5015 2485 5079 πῶς
2519 5015 2686 5069 ’Ἅϐελ
2714 5017 2742 5069 ό
2793 5017 3000 5081 δίκαιος
3036 5018 3250 5089 ᾄδεται,
3301 5020 3394 5072 καὶ
3437 5019 3558 5072 καθ’

1979 5106 2217 5177 ἑκάστην
2246 5106 2680 5178 ἀνακηρύττεται
2709 5106 2808 5178 τὴν
2840 5107 3069 5179 ἡμέραν,
3101 5111 3195 5162 καὶ
3220 5112 3253 5181 η
3280 5110 3377 5180 τῆς
3416 5127 3556 5178 σφα-

1977 5202 2080 5271 γῆς
2122 5199 2380 5265 ὑπόθεσις
2425 5202 2667 5268 εὐδοξίας
2713 5203 2863 5274 αὐτῷ
2905 5205 3128 5274 γέγονεν
3160 5205 3405 5275 ἀφορμή.
3448 5205 3556 5256 Καὶ

1976 5291 2005 5343 ὁ
2043 5293 2139 5362 μὲν
2161 5293 2255 5345 καὶ
2285 5294 2423 5360 μετά
2445 5294 2542 5366 τὴν
2571 5295 2827 5369 τελευτὴν
2849 5297 2938 5349 διὰ
2968 5297 3062 5350 τοῦ
3084 5295 3314 5367 αἰματος
3331 5298 3553 5366 παρρη-

1984 5385 2253 5455 σιάζεται,
2288 5389 2382 5442 καὶ
2409 5388 2638 5460 λαμπρᾷ
2666 5391 2734 5460 τῇ
2766 5392 2918 5462 φωνῇ
2955 5391 3251 5462 κατηγορεῖ
3277 5387 3372 5440 τοῦ
3409 5406 3552 5458 μιαιο

2039 5633 2492 5708 ﬂes-£616.16.
2595 5693 2687 5708 .-
2760 5691 2932 5708 ..λ
3061 5693 3212 5708 ..,
3281 5693 3294 5708 .
3362 5693 3413 5708 ,,

2039 5694 2067 5756 ξ)
2091 5691 2208 5755 ιὶρῖζ.
2240 5696 2359 5742 ὅπου
2382 5696 2560 5756 ἀγάπη,
2590 5693 2687 5741 ἐκεῖ
2703 5692 2781 5756 λτδ
2799 5691 2966 5754 πικρὸν
2998 5694 3078 5741 καὶ
3119 5693 3246 5755 ὠμὸν
3272 5693 3533 5752 ἀπελήλατο

1975 5754 2058 5804 τοῦ
2082 5753 2247 5815 φθόνου
2273 5753 2481 5812 κέντρον.
2500 5756 2662 5805 "01:06
2693 5753 2850 5816 ἀγάπη
2877 5753 3185 5809 πολιτεύεται.
