4038 6204
441 313 544 374 ιδο

443 432 604 500 φόνου
630 445 644 459 ·
680 431 710 482 ὀ
762 429 820 481 δὲ
849 428 1008 500 δῆθεν
1055 429 1474 500 περιγενόμενος
1514 431 1603 484 τὸν
1651 433 1859 502 καρπὸν
1913 432 2021 484 τῶν

444 517 620 588 ἔργων
639 513 726 568 διὰ
755 513 858 584 τῆς
883 513 1206 577 ἀντιδόσεως
1236 514 1346 566 τῶν
1383 514 1562 586 ἔργων
1613 515 1857 569 ἀπέλαϐε
1881 557 1894 581 ,
1932 519 2026 571 καὶ

445 601 647 652 στένων
673 599 764 652 καὶ
791 598 1010 668 τρέμων
1037 596 1222 668 διῆγεν
1253 599 1345 651 ἐπὶ
1378 599 1478 670 τῆς
1507 599 1637 670 γῆς’
1670 601 1698 653 ὁ
1731 599 1788 652 δέ
1817 601 2026 670 ἀνῃρη-

447 682 608 753 μένος
653 683 750 736 καὶ
778 683 870 734 ἐπὶ
893 681 996 751 τῆς
1027 681 1132 751 γῆς
1157 681 1410 752 κείμενος
1463 686 1602 753 μετά
1628 683 1726 754 τὴν
1766 683 2024 754 τελευτὴν

447 763 669 820 πλείονα
687 763 838 838 [474]
863 765 962 834 τὴν
989 764 1303 837 παρρησίαν
1329 766 1699 820 ἐπεδείκνυτο.
1724 767 1835 820 Καὶ
1857 767 2027 820 καθά-

450 867 556 920 περ
584 850 790 902 ἐκεῖνον
815 849 847 918 ἠ
875 848 1119 919 ἁμαρτία
1146 849 1240 902 καὶ
1267 847 1445 913 ζῶντα
1460 849 1568 902 τῶν
1587 849 1800 921 νεκρῶν
1833 849 2028 904 ἀθλιώο

449 951 606 1002 τερον
635 933 840 1000 διάγειν
863 931 1278 1004 παρεσκεύασεν
1300 951 1314 964 ’
1363 931 1505 985 οὕτω
1540 932 1730 986 τοῦτον
1763 935 1796 1005 ἡ
1837 933 2026 1005 ἀρετὴ,

451 1018 544 1070 καὶ
580 1013 718 1088 μετὰ
741 1014 838 1086 τὴν
888 1015 1144 1086 τελευτὴν
1189 1015 1352 1069 πλέον
1410 1015 1735 1084 διαλάμπειν
1782 1017 2026 1086 ἐποίησε.

449 1101 550 1154 Διά
581 1117 663 1153 τοι
711 1099 870 1152 τοῦτο
912 1100 1006 1153 καὶ
1051 1102 1232 1170 ἡμεῖς,
1275 1099 1364 1154 ἵνα
1405 1101 1625 1170 μείζονα
1659 1099 1753 1153 καὶ
1797 1099 2032 1154 ἐνταῦθα

451 1186 615 1238 κάκεῖ
663 1183 760 1253 τὴν
801 1183 1117 1254 παρρησίαν
1167 1182 1518 1255 κτησώμεθα,
1568 1184 1653 1238 ἵνα
1685 1183 1906 1238 πλείονα
1935 1184 2032 1256 τὴν

453 1267 793 1340 εὐφροσύνην
821 1268 920 1337 τὴν
943 1267 1052 1322 ἀπὸ
1077 1268 1176 1338 τῆς
1211 1269 1406 1339 ἑορτῆς
1423 1266 1870 1340 καρπωσὼμεθα,
1901 1269 2036 1324 πάν-

453 1369 523 1408 τα
555 1354 651 1424 μέν
679 1351 748 1405 τά
776 1350 996 1426 ῥυπαρὰ
1023 1351 1122 1422 τῆς
1148 1352 1325 1422 ψυχῆς
1355 1352 1696 1422 περιέλωμεν
1735 1351 2032 1422 ἐνδύματα,

458 1437 694 1507 μάλιστα
747 1435 842 1490 τοῦ
891 1435 1084 1505 φθόνου
1116 1435 1176 1488 τὺ
1235 1435 1580 1504 περιϐόλαιον
1613 1436 2032 1506 ἀποδυσώμεθα.

455 1520 578 1576 Κᾶν
617 1519 726 1592 γὰρ
763 1519 932 1592 μυρία
965 1518 1262 1591 κατορθοῦν
1309 1517 1580 1589 δόξωμεν,
1633 1521 1849 1574 πάντων
1873 1523 2036 1574 ἐκπε-

459 1602 718 1674 σούμεθα,
750 1605 849 1676 τῆς
874 1605 1075 1674 πικρᾶς
1105 1605 1237 1673 ἡμῖν
1269 1603 1363 1654 καὶ
1388 1603 1545 1672 ὠμῆς
1567 1603 1768 1674 ταύτης
1798 1603 2038 1674 ἐνοχλού-

461 1703 560 1758 σης
583 1687 786 1758 λύμηςο
817 1687 884 1755 ἢν
913 1687 1122 1752 πάντας
1150 1686 1296 1756 ἡμᾶς
1321 1683 1605 1754 διαφυγεῖν
1652 1687 1883 1754 γένοιτο,
1941 1688 2034 1742 καὶ

1113 313 1170 368 S.
1210 313 1498 370 JOANNIS
1535 315 2030 373 CHRYSOSTOMI
2066 315 2388 376 ARCHIEP.
2422 318 2967 376 CONSTANTINOP.

3599 325 3724 380 47ον

2131 432 2365 501 μάλιστα
2395 436 2521 498 τοὺς
2545 435 2786 506 τήμερον
2812 435 2900 487 διά
2947 433 3050 504 τῆς
3074 435 3166 488 τοῦ
3193 435 3418 506 λουτροῦ
3465 436 3705 510 χάριτος,

2125 517 2187 568 τὸ
2220 517 2447 571 παλαιὸν
2485 518 2594 571 τῶν
2627 518 3038 590 ἁμαρτημάτων
3065 517 3269 590 ἔνδυμα
3315 519 3707 590 ἀποθεμένους,

2127 600 2221 651 καὶ
2255 599 2391 673 πρὸς
2437 601 2534 664 τὰς
2571 601 2802 672 ἡλιακὰς
2835 602 3060 665 ἀκτῖνας
3096 601 3457 673 ἀντιλάμπειν
3477 602 3711 673 δυναμέ-

2128 698 2270 744 νους.
2311 683 2497 753 Ὑμεῖς
2535 683 2633 754 μὲν
2661 680 2776 749 οὖν,
2814 683 3136 756 παρακαλῶ,
3165 686 3216 738 οἱ
3247 687 3485 756 σήμερον
3511 687 3592 749 εἰς
3611 684 3711 756 τὴν

2128 766 2400 820 υἱοθεσίαν
2431 767 2820 838 ἐγγραφέντες,
2856 769 2905 820 οἱ
2932 767 2992 820 τὸ
3021 768 3274 840 λαμπρὸν
3293 768 3454 824 τοῦτο
3489 769 3712 840 περιϐό-

2129 849 2279 902 λαιον
2307 849 2678 921 ἐνδυσάμενοι,
2711 850 2860 921 πάσῃ
2904 850 3116 922 φυλακῇ
3149 851 3248 922 τὴν
3295 852 3626 924 φαιδρότητα
3649 853 3712 906 ὲν

2130 929 2165 1008 ᾖ
2203 933 2298 988 νῦν
2329 937 2452 988 ἐστε
2481 935 2869 1006 διατηρήσατε,
2899 935 3239 1005 πανταχόθεν
3265 936 3711 1007 ἀποτειχίσαντες

2129 1016 2208 1088 τῷ
2239 1017 2469 1088 διαϐόλῳ
2512 1018 2614 1088 τὴν
2645 1016 2869 1082 εἴσοδον,
2908 1018 2994 1070 ἵνα
3046 1017 3714 1090 δαψιλεστέραςίάπολαύ-

2135 1117 2326 1164 σαντες
2379 1100 2478 1169 τῆς
2527 1097 2620 1152 τοῦ
2652 1098 2966 1169 Πνεύματος
3012 1101 3254 1172 χάριτος,
3291 1089 3715 1172 καρποφορῆσαι

2131 1181 2394 1253 δυνηθῆτε
2424 1181 2482 1235 ἓν
2511 1181 2826 1256 τριάκοντα,
2857 1183 2954 1234 καὶ
2985 1181 3042 1235 ἓν
3066 1183 3350 1254 ἐξήκοντα,
3373 1183 3468 1236 καὶ
3497 1184 3555 1236 ἓν
3585 1183 3717 1235 ἐκα-

2131 1265 2244 1329 τὸν,
2273 1265 2368 1318 καὶ
2399 1265 2538 1336 μετά
2571 1265 2884 1337 παρρησίας
2917 1266 3227 1337 ἀπαντῆσαι
3273 1266 3592 1338 ἁξιωθείητε
3633 1264 3717 1336 τῷ

2137 1349 2347 1418 βασιλεῖ
2365 1348 2472 1403 τῶν
2499 1349 2762 1420 οὐρανῶν,
2785 1350 2915 1402 ὃταν
2943 1348 3345 1420 παραγίνεσθαι
3389 1348 3580 1422 μέλλῃ,
3621 1348 3716 1402 καὶ

2133 1431 2203 1484 τὰ
2230 1432 2517 1503 ἀπόρρητα
2545 1431 2726 1500 ἀγαθά
2749 1431 3025 1503 διανέμειν
3057 1434 3170 1495 τοῖς
3221 1435 3338 1503 μετ’
3375 1433 3578 1504 ἀρετῆς
3623 1432 3718 1484 τὸν

2137 1515 2383 1587 παρόντα
2413 1515 2524 1586 βίον
2561 1514 2872 1569 διανύσασιν
2891 1555 2906 1579 ,
2936 1517 2994 1569 ἐν
3021 1515 3243 1586 Χριστῷ
3279 1514 3456 1587 Ἰησοῦ
3495 1515 3572 1586 τῷ
3601 1515 3718 1566 Κυ-

2143 1602 2240 1673 ρίῳ
2263 1599 2440 1671 ἡμῶν,
2465 1593 2508 1667 ᾧ
2532 1603 2564 1671 ἡ
2593 1600 2722 1664 δόξα
2748 1601 2844 1652 καὶ
2875 1599 2936 1653 τὸ
2968 1599 3168 1671 κράτος
3191 1599 3288 1653 νῦν
3312 1601 3408 1654 καὶ
3445 1599 3531 1652 ἀεὶ
3559 1637 3574 1664 ,
3621 1595 3719 1650 καὶ

2142 1686 2221 1748 εἰς
2251 1684 2377 1746 τοὺς
2396 1683 2594 1746 αἰῶνας
2625 1683 2732 1736 τῶν
2759 1681 2990 1737 αἰώνων.
3037 1683 3228 1754 Ἀμήν.
