4038 6204
267 226 373 283 “9

258 350 487 408 opennn
514 334 746 389 fructum
783 345 877 401 per
903 343 1128 401 operum
1169 324 1471 385 mercedem
1513 330 1752 401 recepit,
1800 339 1856 385 et

260 441 490 500 gemens
519 434 864 494 tremensque
890 422 1053 476 vitam
1098 420 1149 475 in
1184 421 1339 477 terris
1380 419 1630 476 traduxit.
1674 421 1743 475 At
1774 419 1859 474 hic

263 518 583 574 interfectus
611 525 667 571 et
688 514 875 585 iacens
914 513 968 567 in
997 522 1156 578 terra,
1188 523 1307 581 post
1326 512 1527 568 obitum
1556 511 1716 569 etiam
1744 528 1862 567 ma-

267 616 386 681 iore
441 623 565 664 cum
622 607 814 661 fiducia
874 606 1123 675 loquendi
1185 604 1489 661 facultatem
1540 605 1861 662 ostentabat.

270 702 343 758 Et
376 698 822 772 quemadmodum
862 698 1009 751 illum
1053 698 1131 752 sic
1155 695 1420 752 afﬁciebat
1450 705 1720 766 peccatum
1747 738 1761 763 ,
1808 704 1865 750 nt

274 796 570 850 etiamnum
610 790 797 845 vivens
842 788 1107 844 infelicius
1151 786 1375 842 mortuis
1401 788 1562 841 vitam
1605 786 1862 858 degeret:

278 885 358 940 sic
386 892 443 939 et
482 882 641 937 istum
683 888 803 950 post
847 888 1075 935 mortem
1118 878 1279 935 etiam
1320 878 1489 933 virtus
1518 878 1865 933 illustriorem

278 976 531 1032 reddidit.
557 973 817 1041 Quocirca
848 985 947 1027 nos
970 984 1185 1042 quoque
1212 978 1271 1026 ut
1306 970 1563 1041 majorem
1603 978 1656 1025 et
1694 969 1781 1024 hic
1816 977 1871 1023 ct

278 1069 387 1123 illic
408 1066 657 1123 ﬁduciam
685 1064 839 1120 nobis
864 1062 1233 1131 conciliemus,
1260 1071 1317 1117 ut
1344 1063 1655 1134 ampliorem
1678 1078 1742 1117 ex
1769 1061 1869 1117 hac

278 1159 573 1215 festivitate
602 1156 839 1211 latitiam
882 1154 1253 1224 decerpamus,
1286 1154 1464 1209 omnia
1508 1154 1720 1225 quidem
1748 1155 1868 1209 ani-

280 1267 383 1307 mm
425 1249 641 1307 sordida
690 1249 1006 1305 vestimenta
1051 1247 1389 1318 rejiciamus,
1436 1248 1704 1318 prmcipue
1742 1262 1872 1304 vero

281 1360 381 1400 nos
407 1342 621 1398 invidia:
642 1348 790 1398 veste
810 1341 1122 1411 spoliemus.
1149 1339 1299 1395 Licet
1319 1340 1462 1395 enim
1487 1350 1867 1395 sexcentarum

280 1442 431 1489 recte
453 1433 711 1487 factorum
736 1431 983 1487 meritum
1007 1430 1308 1486 cumulasse
1328 1430 1620 1497 videamur,
1647 1431 1691 1487 si
1719 1448 1752 1485 n
1774 1431 1874 1487 ibis

283 1523 402 1578 hac
429 1522 624 1577 acerba
652 1531 893 1591 tetraque
917 1520 1031 1575 lues
1060 1522 1332 1592 negotium
1370 1521 1625 1588 facessat,
1657 1522 1709 1576 in
1733 1521 1872 1577 nhi-

286 1612 397 1667 lnm
440 1622 630 1668 cuncta
676 1612 934 1668 recident.
982 1611 1136 1667 Faxit
1160 1612 1302 1667 Deus
1328 1620 1384 1667 ut
1415 1612 1531 1683 ejus
1561 1628 1659 1666 nos
1687 1627 1875 1669 omi'cs

285 1713 538 1775 expertes
578 1705 768 1772 simus,
810 1711 970 1774 atque
994 1702 1073 1759 illi
1116 1703 1348 1760 maxime
1388 1707 1476 1775 qui
1511 1702 1763 1761 hodierna
1789 1702 1876 1759 die

1274 216 1359 271 DE
1392 215 1656 273 SANCTA
1689 215 2165 275 PENTECOSTE.
2197 210 2429 268 llOMIL.
2461 210 2524 265 ll.

3442 212 3548 269 470

1966 344 2062 400 per
2103 331 2326 400 gratiam
2386 329 2581 385 lavacri
2624 336 2858 385 veterem
2918 337 3255 398 peccatorum
3297 325 3549 383 amictum

1967 422 2294 493 abiecerunt,
2324 430 2377 477 et
2404 422 2569 491 ipsius
2595 420 2724 476 solis
2746 418 2907 475 radiis
2929 418 3177 473 mmulum
3194 417 3303 489 jam
3330 428 3553 487 possunt

1967 514 2145 568 lumen
2189 511 2482 568 effundere.
2531 512 2636 567 Vos
2683 510 2843 580 igitur
2888 510 3112 575 hortor,
3161 508 3267 579 qui
3298 508 3455 563 hodie
3502 510 3553 561 in

1968 604 2308 675 adoptionem
2350 602 2651 673 transcripti
2697 602 2862 667 estis,
2910 593 3000 673 qui
3044 600 3382 671 splendidum
3415 598 3555 653 hunc

1970 698 2219 752 amictum
2248 696 2512 763 induistis,
2543 694 2688 749 omni
2721 692 2980 758 custodia,
3024 708 3128 763 quo
3168 706 3309 746 nunc
3350 689 3556 760 prcediti

1970 790 2129 856 estis,
2160 788 2497 859 splendorem
2536 796 2883 853 conservato,
2913 795 3072 857 atque
3111 784 3255 840 omni
3300 800 3364 838 ex
3413 792 3559 851 parte

1972 881 2191 937 diabolo
2230 880 2430 936 aditum
2494 878 2867 945 intercludite,
2918 888 2976 933 ut
3017 876 3301 947 copiosiori
3360 876 3558 946 Spiritu

1974 976 2145 1046 gratia
2174 983 2419 1046 percepta
2450 972 2773 1027 fructificare
2804 971 3017 1040 possitis
3050 985 3209 1039 unum
3242 968 3475 1040 triginta,
3507 976 3562 1021 et

1974 1085 2138 1126 unum
2182 1069 2487 1139 sexaginta,
2537 1075 2592 1122 et
2636 1081 2795 1120 unum
2842 1056 3053 1121 centum
3098 1080 3110 1117 :
3154 1072 3211 1117 ut
3254 1060 3560 1118 efficiamini

1974 1160 2118 1232 digni
2145 1140 2232 1229 nni
2263 1174 2381 1214 cum
2412 1158 2601 1213 fiducia
2632 1157 2761 1227 Regi
2800 1156 3051 1211 omlorum
3090 1153 3405 1219 occurratis,
3438 1168 3559 1207 cum

1973 1262 2228 1310 venturus
2272 1250 2462 1315 fuerit,
2507 1249 2758 1319 omnique
2786 1262 3035 1303 sermone
3075 1246 3381 1300 sublimiora
3424 1244 3561 1298 bona

1974 1343 2353 1399 dislributurus
2388 1341 2523 1408 illis,
2555 1341 2642 1411 qui
2673 1348 2986 1410 praesentem
3018 1338 3177 1392 vitam
3217 1352 3336 1392 eum
3372 1335 3566 1390 virtute

1979 1434 2371 1504 transegerint,
2413 1434 2465 1487 in
2515 1432 2727 1487 Christo
2772 1430 2897 1487 Jesu
2946 1430 3170 1485 Domino
3217 1432 3435 1494 nostro;
3481 1426 3563 1479 cui

1976 1526 2144 1597 gloria
2167 1534 2220 1581 et
2251 1533 2485 1593 potestas
2509 1539 2649 1580 nunc
2676 1531 2728 1579 et
2752 1537 2985 1597 semper.
3012 1532 3065 1578 et
3102 1521 3155 1577 in
3182 1520 3372 1577 smcula
3395 1534 3559 1576 saccu-

1982 1618 2177 1673 lorum.
2206 1617 2393 1671 Amen.
