4038 6204
451 253 552 309 ΠΙ
1143 251 1201 305 S.
1243 247 1528 306 JOANNIS
1567 243 2053 330 CHRYSOSTOMI
2095 246 2415 304 AKCIIIEP.
2456 249 2998 308 CONSTANTINOP.
3595 257 3709 314 £72

465 382 2771 413 64m

3286 407 3653 421 ﬁ—ﬂ

1077 623 1199 711 IN
1275 621 1626 712 PAULI
1707 623 2256 716 ENCOM'IA’
2321 628 3057 726 ADMONITIO.

518 866 628 924 Has
650 866 719 924 de
742 866 886 925 beati
918 867 1070 924 Pauli
1096 868 1350 924 laudibus
1371 869 1666 926 conciones
1697 885 2004 928 memorare
2051 875 2267 930 videtur
2296 875 2727 948 Chrysostomus
2748 893 2913 950 supra
2943 879 2994 934 in
3023 879 3247 936 homilia
3287 880 3370 937 De
3412 879 3695 949 Kalendis,

447 959 540 1017 ubi
561 959 642 1016 sic
667 958 832 1015 habet
851 958 954 1015 sub
983 959 1198 1015 initium
1224 959 1289 1016 Τ.
1342 959 1384 1025 1,
1411 976 1465 1031 p.
1491 958 1598 1037 698
1623 976 1637 1014 :
1665 961 1866 1033 Πρῴην
1898 963 2028 1031 γοῦν

2108 965 2235 1036 ιμῶν
2283 967 2738 1039 ἐγκωμιαζόντων
2784 970 2876 1024 τὸν
2933 971 3198 1043 μακάριον
3248 972 3480 1040 Παῦλον,
3529 975 3703 1040 οὕτως

449 1053 831 1124 ἑσκιρτήσατε,
870 1053 947 1117 ὡς
969 1051 1133 1108 αὑτὸν
1160 1051 1394 1122 ὁρῶντες
1423 1053 1734 1124 παρόντα...
1769 1053 1864 1107 καὶ
1900 1053 2202 1128 ἐϐουλόμην
2233 1057 2332 1128 μὲν
2359 1059 2440 1121 εις
2469 1059 2568 1129 τὴν
2593 1060 2763 1131 αὐτὴν
2795 1059 3046 1115 ὑπόθεσιν
3083 1060 3382 1132 καταϐῆναι
3413 1062 3508 1115 καὶ
3533 1064 3706 1134 τήμε-

461 1159 576 1214 ρον,
605 1143 744 1198 ἀλλὰ
776 1142 912 1215 πρὸς
952 1143 1118 1214 ἔτερα
1141 1143 1534 1213 κατεπείγοντα
1564 1145 1695 1214 ἡμῖν
1748 1145 1776 1198 ὁ
1814 1143 1970 1213 λόγος
1995 1145 2270 1218 ὥρμηται,
2303 1147 2374 1201 τὰ
2413 1149 2652 1220 σήμερον
2703 1150 2806 1202 ὑπὸ
2834 1151 2932 1222 τῆς
2960 1151 3166 1216 πόλεως
3199 1151 3415 1222 ἁπάσης
3449 1152 3701 1223 ἁμαρτη-

367 1238 373 1244 ’
451 1234 634 1290 Θὲντα.
672 1236 812 1302 Τοὺς
839 1235 949 1308 γὰρ
986 1237 1280 1300 ἀκούοντας
1299 1236 1409 1291 τῶν
1442 1237 1732 1308 ἐγκωμίων
1778 1236 2017 1305 Παύλου,
2041 1239 2307 1312 πρότερον
2347 1241 2445 1312 τῆς
2473 1241 2676 1313 ἀρετῆς
2702 1242 2797 1296 τοῦ
2849 1242 3062 1296 Παύλου
3123 1243 3369 1314 ζηλωτὰς
3399 1240 3537 1298 εἶναι
3568 1245 3704 1314 χρὴ,

449 1330 545 1384 καὶ
565 1329 822 1400 τοιαύτης
846 1329 1164 1402 ἀκροάσεως
1191 1330 1396 1398 ἀξίους.
1435 1329 1493 1385 ld
1533 1341 1636 1396 est,
1673 1329 1859 1401 Nuper
1889 1331 2044 1401 igitur

2106 1348 2204 1385 tum
2235 1332 2444 1387 beatum
2496 1333 2730 1388 Paulum
2779 1336 3028 1390 eucomiis
3061 1334 3464 1402 relebraremus,
3506 1337 3582 1390 ita
3608 1352 3701 1390 ea:-

451 1423 767 1487 sultavistis,
796 1425 947 1492 quasi
972 1425 1144 1495 ipsum
1172 1435 1481 1496 prwsentem
1527 1425 1859 1481 vidissetis...
1898 1426 2147 1481 Volebam
2176 1436 2350 1482 autem
2379 1429 2434 1482 in
2467 1429 2606 1483 idem
2629 1445 2832 1500 quoque
2871 1439 3240 1500 argumentum
3288 1431 3440 1484 hodie
3483 1432 3702 1484 descen-

451 1515 572 1568 dere
601 1530 620 1568 :
651 1516 750 1590 sed
783 1514 850 1569 ad
877 1515 985 1569 alia
1009 1514 1270 1586 quedam,
1297 1533 1415 1587 qua:
1441 1518 1610 1587 magis
1638 1527 1844 1586 urgent,
1885 1519 2057 1572 oratio
2089 1529 2274 1573 nostra
2317 1520 2642 1588 provehitur,
2657 1523 2727 1576 ‘in
2756 1521 2944 1592 quibus
2974 1539 3007 1576 a
3036 1531 3148 1576 tota
3169 1521 3560 1577 hodie-civitate
3586 1539 3706 1591 pec-

451 1615 626 1660 catur.
669 1605 776 1660 Eos
809 1606 949 1660 enim
985 1607 1076 1676 qui
1101 1609 1338 1662 encomia
1370 1605 1533 1662 Pauli
1559 1609 1746 1662 audire
1793 1609 2032 1678 cupiunt,
2062 1612 2208 1680 prius
2231 1613 2439 1666 virtutis
2469 1610 2634 1666 Pauli
2665 1616 2881 1668 temulos
2911 1629 3021 1668 esse
3049 1622 3273 1683 oportet,
3312 1624 3360 1669 et
3392 1615 3701 1684 hujusmodi

453 1703 699 1756 concione
725 1704 930 1774 dignos.
964 1701 1063 1758 Hic
1092 1694 1243 1758 vides
1269 1702 1561 1758 conciones
1586 1711 1698 1758 tum
1733 1703 1845 1774 jam
1871 1703 2107 1770 habitas,
2137 1715 2249 1760 tum
2280 1715 2402 1776 post
2443 1705 2717 1762 habendas
2741 1708 3055 1775 memorari,
3106 1722 3337 1776 quarum
3368 1708 3621 1774 ὑπόθεσις
3649 1719 3712 1764 et

454 1806 834 1867 argumentum
857 1805 1014 1852 erant
1043 1799 1292 1852 encomia
1321 1795 1496 1852 Pauli.
1523 1797 1588 1851 Et
1629 1806 1810 1854 tamen
1836 1797 2188 1856 liermantius
2219 1801 2475 1870 opinatus
2503 1809 2610 1863 est,
2667 1801 2798 1856 illud
2828 1799 2980 1856 Pauli
3003 1801 3310 1857 eneomium
3373 1803 3428 1856 in
3478 1804 3702 1858 homilia

457 1889 533 1944 De
558 1889 813 1946 Kalendis
835 1899 1194 1946 memoratum
1218 1892 1406 1948 haberi
1435 1893 1488 1947 in
1526 1893 1754 1947 homilia
1786 1892 1860 1948 De
1888 1893 2150 1964 petitione
2174 1893 2407 1948 filiorum
2431 1893 2700 1959 Zebedzei,
2728 1910 2878 1948 num.
2912 1893 2966 1961 '5,
3001 1894 3093 1949 ubi
3123 1895 3302 1950 obiter
3328 1893 3481 1950 Pauli
3515 1896 3704 1952 laudes

452 1979 1136 2054 attingitChrysostomus.
1169 1982 1554 2039 Tillemontius
1586 1999 1740 2052 vero,
1803 1985 2006 2055 rejecta
2063 1983 2366 2040 llermantii
2399 1985 2676 2056 Opinione,
2734 1995 2884 2056 putat
2910 1986 3192 2042 homiliam
3239 1986 3294 2041 in
3322 1988 3583 2043 concione
3628 1986 3706 2044 De

453 2069 712 2134 Kalendis
745 2089 1108 2135 memoratam
1131 2095 1250 2136 eam
1273 2095 1418 2145 esse,
1443 2080 1530 2135 cui
1559 2079 1774 2147 titulus,
1805 2081 2001 2146 Quales
2025 2080 2277 2135 ducenda:
2327 2080 2434 2134 sint
2466 2097 2678 2145 uxores,
2708 2081 2797 2136 tibi
2848 2080 3050 2136 Paulus
3078 2080 3373 2136 identidem
3415 2079 3690 2136 laudatur.

453 2171 680 2238 Verum,
712 2183 772 2228 ut
793 2189 857 2228 ex
885 2173 1139 2242 superius
1173 2173 1351 2228 allatis
1380 2171 1562 2228 verbis
1583 2172 1852 2242 liquidum
1875 2181 1976 2240 est,
2009 2187 2118 2226 non
2150 2173 2330 2243 agitur
2355 2171 2426 2226 ibi
2452 2173 2519 2228 de
2549 2172 2802 2228 laudibus
2828 2170 3001 2236 Pauli,
3023 2187 3159 2242 quas
3180 2171 3535 2228 concionibus
3560 2172 3702 2235 suis,

452 2268 748 2338 cujuslibet
777 2268 996 2323 tandem
1031 2267 1336 2337 argumenti
1366 2268 1495 2333 sint,
1521 2268 1724 2338 passim
1749 2267 2031 2337 obiterque
2057 2267 2330 2322 interserit
2351 2267 2800 2340 Chrysostomus,
2824 2265 2970 2336 quod
3001 2266 3302 2336 saepissime
3332 2281 3463 2322 sane
3492 2267 3707 2321 contiu-

455 2364 572 2431 git;
601 2362 694 2417 sed
727 2361 794 2417 de
827 2361 1181 2417 concionibus
1232 2361 1500 2430 plurimis,
1531 2377 1764 2432 quarum
1793 2371 2175 2431 argumentum
2222 2370 2376 2416 erant
2425 2361 2673 2416 encomia
2705 2359 2857 2416 Pauli
2893 2380 2906 2416 :
2941 2363 3010 2415 ad
3034 2362 3290 2427 eamdem,
3343 2362 3540 2433 inquit,
3578 2378 3708 2417 rur-

454 2471 544 2508 sus
567 2452 877 2523 hypothesin
905 2450 1212 2506 descendere
1240 2451 1476 2506 volebam
1499 2471 1518 2520 ;
1553 2453 1708 2526 [475]
1739 2455 1842 2510 hoc
1864 2463 1967 2519 est,
1992 2471 2186 2511 rursus
2213 2455 2280 2510 de
2303 2455 2455 2510 Pauli
2481 2454 2732 2510 laudibus
2766 2455 3081 2510 concionari
3116 2456 3364 2512 volebam
3393 2471 3406 2508 :
3441 2471 3550 2526 quo
3570 2455 3708 2529 quid

456 2544 630 2610 aliud,
665 2557 872 2613 quzeso,
908 2542 1139 2597 indicari
1171 2544 1366 2613 possit,
1398 2559 1560 2613 quam
1598 2543 1833 2599 homiliae
1858 2545 1922 2599 de
1950 2543 2119 2600 Paulo
2142 2546 2408 2614 apostolo,
2439 2545 2505 2600 de
2527 2545 2726 2614 quibus
2758 2560 2904 2599 nunc
2929 2543 3184 2616 agimus?
3353 2601 3358 2606 ,

528 2634 597 2691 Ut
626 2646 831 2691 ccrtmn
858 2644 943 2690 est
973 2635 1070 2690 has
1099 2635 1391 2690 conciones
1420 2637 1724 2692 Antiochiae
1759 2637 1972 2692 habitas
2006 2636 2213 2704 fuisse;
2247 2653 2370 2691 nam
2405 2636 2456 2690 id
2511 2647 2695 2707 aperte
2737 2637 2941 2693 indicat
2993 2637 3420 2708 Chrysostomus
3469 2631 3696 2688 homilia

460 2735 656 2798 quarta
687 2727 752 2783 de
778 2726 931 2782 Pauli
959 2727 1230 2794 laudibus,
1255 2728 1346 2783 urbi
1376 2728 1444 2784 de
1477 2731 1676 2800 templo
1697 2729 1964 2801 Apollinis
1988 2731 2044 2784 in
2071 2731 2335 2787 suburbio
2380 2731 2630 2801 Daphnes
2655 2747 2685 2786 a
2718 2730 2944 2785 fulmine
2975 2739 3116 2785 tacto
3148 2730 3309 2784 verba
3335 2728 3464 2782 facit
3493 2744 3508 2780 :
3533 2728 3606 2780 ita
3630 2724 3703 2781 de

459 2838 626 2888 anno,
654 2837 763 2892 quo
793 2822 906 2876 haec
934 2821 1293 2878 concionatus
1317 2833 1420 2889 est,
1451 2824 1586 2878 nihil
1615 2824 1694 2879 vel
1721 2835 1930 2880 certum
1956 2826 2041 2880 vel
2077 2825 2371 2880 admodum
2401 2825 2681 2895 probabile
2729 2825 2893 2880 statui
2923 2833 3116 2894 potest.
3146 2823 3203 2876 Si
3227 2829 3397 2878 staret
3446 2818 3692 2874 calculus

459 2913 811 2978 Tilletnontii,
841 2929 950 2983 quo
982 2915 1264 2970 homiliam
1291 2915 1358 2969 de
1389 2914 1646 2972 Kalendis
1677 2915 1844 2971 refert
1865 2915 1919 2969 in
1957 2932 2160 2971 annum
2189 2917 2314 2983 587,
2362 2917 2489 2971 hinc
2518 2925 2702 2971 notam
2733 2917 2859 2969 anni
2883 2930 3076 2985 eruere
3127 2913 3332 2968 liceret.
3368 2909 3601 2973 Etenim,
3638 2913 3704 2962 ut

461 3016 586 3062 ante
611 3007 869 3072 diximus,
905 3006 1128 3060 homilia
1153 3007 1240 3061 illa
1278 3006 1352 3062 De
1385 3007 1642 3061 Kalendis
1680 3017 1803 3076 post
1847 3009 2085 3079 aliquam
2111 3023 2178 3063 ex
2203 3007 2286 3062 his
2309 3020 2513 3076 septem
2545 3007 2611 3061 de
2664 3005 2832 3061 Paulo
2891 3005 3247 3060 concionibus
3297 3003 3479 3057 habita
3529 2999 3700 3056 fuisse

462 3099 698 3164 videtur,
727 3115 958 3170 eamque
980 3111 1186 3156 caetera:
1213 3111 1399 3171 postea
1427 3101 1494 3156 de
1525 3100 1694 3164 Paulo
1724 3101 1958 3156 homiliae
2005 3103 2310 3158 subsecuta:
2351 3108 2478 3154 sunt
2538 3097 2742 3154 Verum
2773 3098 2864 3152 illa
2894 3096 3224 3152 Tillemontii
3249 3093 3576 3163 computatio
3604 3089 3690 3144 vel

461 3193 762 3259 levissimo,
788 3192 872 3247 vel
899 3192 1080 3261 potius
1114 3193 1266 3247 nullo
1297 3193 1489 3247 nititur
1517 3204 1860 3263 argumento,
1896 3201 1956 3248 ut
1993 3197 2048 3247 in
2083 3193 2284 3248 Monilo
2313 3192 2377 3247 ad
2401 3206 2522 3246 eam
2550 3190 2625 3245 De
2681 3189 2933 3244 Kalendis
2961 3187 3238 3242 homiliam
3270 3186 3552 3252 probatum
3584 3189 3691 3235 est.

464 3285 577 3340 Hoc
608 3300 777 3338 unum
809 3284 1081 3353 cxpiscari
1113 3301 1424 3356 possumus,
1459 3302 1583 3341 cum
1610 3287 1831 3342 homilia
1861 3288 1948 3341 illa
1983 3286 2240 3342 Kalendis
2279 3285 2525 3341 Januarii
2554 3285 2736 3338 habita
2761 3283 2940 3343 fuerit.
2972 3297 3037 3336 ex
3061 3279 3420 3335 concionibus
3471 3276 3524 3328 in
3555 3273 3702 3327 Pau-

462 3376 578 3432 lum
613 3391 728 3438 eas,
753 3390 874 3446 quae
904 3376 1182 3429 homiliam
1216 3377 1282 3429 de
1303 3375 1557 3431 Kalendis
1584 3392 1930 3447 praecessere,
1955 3389 2080 3433 ante
2109 3376 2426 3433 Januatium
2451 3394 2466 3443 ;
2499 3391 2594 3431 eas
2616 3390 2743 3430 vero
2783 3389 2904 3442 qua:
2934 3372 3238 3428 subsecuta:
3272 3376 3424 3434 sunt,
3456 3376 3576 3438 post
3601 3364 3709 3419 Ka-

464 3465 656 3523 lendas
683 3465 928 3521 Januarii
953 3467 1126 3522 dictas
1155 3465 1346 3522 fuisse.

537 3557 728 3614 Restat
757 3565 816 3611 ut
842 3557 909 3613 de
935 3557 1168 3620 Arriano,
1201 3559 1315 3612 sive
1341 3557 1609 3621 Anniane,
1649 3559 1740 3628 qui
1781 3559 2033 3614 homilias
2063 3562 2226 3616 hasce
2267 3559 2456 3614 Latine
2489 3559 2878 3627 interpretatus
2918 3563 3022 3618 est,
3055 3569 3223 3625 pauca
3247 3551 3516 3607 dicamus.
3542 3545 3703 3604 Hunc

466 3664 588 3705 esse
619 3647 970 3703 Celedensem
1004 3647 1153 3701 illum
1179 3649 1468 3703 diaconum
1494 3647 1867 3717 Pelagianum,
1901 3651 1993 3720 qui
2023 3651 2404 3720 Diospolitanre
2429 3649 2638 3719 synodo
2683 3645 2948 3710 interfuit,
2975 3645 3252 3712 librosque
3273 3655 3372 3710 pro
3403 3638 3698 3693 asserenda

467 3740 754 3807 Pelagiana
773 3739 970 3793 haeresi
995 3740 1239 3808 scripsit,
1269 3739 1493 3792 minime
1531 3739 1868 3802 dubitamus,
1900 3741 2046 3809 quod
2099 3741 2400 3794 luculenter
2427 3738 2675 3809 probavit
2713 3734 2952 3790 Joannes
2993 3731 3310 3795 Garnerins,
3367 3729 3586 3784 Dissert.
3649 3729 3706 3792 1.

467 3840 590 3900 post
610 3829 840 3884 Marium
871 3829 1245 3897 Mercatorem,
1273 3845 1394 3900 cap.
1419 3831 1472 3884 7.
1508 3831 1612 3885 Pro
1643 3833 1742 3885 hac
1767 3832 1965 3901 quippe
1989 3833 2246 3901 opinione
2277 3841 2521 3901 pugnant
2543 3830 2870 3884 documenta
2899 3827 3080 3881 omnia
3115 3843 3130 3880 :
3165 3823 3416 3879 nimirum
3445 3819 3699 3891 epistola,

467 3936 633 3991 quam
663 3922 1007 3991 subjicimus,
1040 3921 1108 3976 ad
1142 3921 1472 3991 Evangelum
1503 3923 1674 3986 illum,
1711 3923 2012 3993 Pelagiana:
2037 3934 2198 3980 secta:
2230 3923 2642 3994 presbyterum;
2679 3923 2844 3974 altera
2877 3920 3002 3974 item
3035 3917 3261 3988 epistola
3287 3915 3404 3984 ejus
3436 3913 3504 3967 ad
3529 3911 3712 3968 Oron-

467 4014 604 4070 tium
629 4017 969 4086 episcopum,
998 4015 1287 4087 Pelagiano
1309 4019 1482 4072 errori
1508 4018 1804 4082 addictum,
1831 4033 2003 4087 eaque
2031 4019 2099 4072 de
2130 4033 2295 4072 causa
2325 4026 2380 4071 et
2408 4017 2536 4071 sede
2565 4015 2804 4084 pulsum,
2837 4027 2956 4081 quae
2978 4011 3202 4080 epistola
3233 4008 3373 4062 infra
3408 4004 3706 4059 Commen-

467 4106 610 4162 tario
644 4105 702 4161 S.
735 4106 960 4163 Joannis
987 4105 1368 4179 Cbrysostomi
1429 4110 1482 4162 in
1516 4107 1826 4163 Matthzeum
1858 4109 2173 4178 prmtigitur,
2208 4109 2335 4177 quia
2363 4114 2489 4161 octo
2521 4105 2728 4175 priores
2757 4103 3000 4172 ejusdem
3051 4098 3440 4155 Commentarii
3470 4094 3711 4151 homilia

469 4197 540 4252 ab
567 4198 686 4267 ipso
717 4199 934 4253 Aniano
967 4198 1158 4256 Latine
1186 4215 1466 4256 conversae
1499 4212 1647 4267 sunt,
1676 4209 1734 4254 ut
1764 4201 1816 4253 in
1847 4201 2034 4255 eadem
2067 4198 2307 4268 Epistula
2363 4197 2578 4252 dicitur.
2617 4195 2754 4250 llinc
2790 4195 2978 4248 odiosa
3025 4191 3448 4245 Manichaeorum
3496 4185 3711 4239 Tradu-

469 4289 863 4358 cianorumque
888 4293 1130 4356 nomina,
1162 4294 1361 4361 quibus
1396 4292 1456 4346 S.
1486 4292 1872 4362 Augustinum,
1934 4291 2035 4345 etsi
2076 4307 2185 4346 non
2219 4291 2486 4352 nominet,
2523 4300 2576 4343 et
2605 4287 2913 4343 Catholicos
2947 4275 3134 4356 grati-ai
3162 4281 3364 4337 Christi
3394 4278 3712 4334 defensores

468 4376 726 4446 appellat.
756 4376 999 4446 Denique
1022 4394 1086 4431 ex
1123 4379 1254 4447 ipsis
1284 4380 1517 4433 Anniani
1544 4381 1747 4443 verbis,
1776 4396 1901 4433 eum
1947 4380 2048 4436 has
2077 4380 2367 4434 conciones
2397 4377 2589 4432 Latine
2621 4377 2741 4431 ideo
2772 4375 3114 4431 transtulisse
3135 4373 3401 4442 arguitur,
3424 4368 3568 4439 quod
3601 4382 3707 4436 pu-

469 4473 614 4522 taret
641 4465 933 4535 Pelagiano
968 4468 1168 4520 tuendo
1190 4467 1365 4521 errori
1401 4477 1756 4539 opportunas.
1790 4488 1808 4520 ι
1835 4467 1989 4534 Quod
2025 4469 2248 4538 quidem
2309 4483 2468 4536 Opus,
2499 4467 2695 4537 inquit,
2726 4481 2792 4520 eo
2818 4481 2938 4520 esse
2963 4466 3103 4534 apud
3126 4473 3176 4518 te
3211 4461 3499 4516 amabilius
3549 4459 3715 4512 debet

468 4570 524 4632 et
551 4557 784 4629 gratius,
813 4556 959 4626 quod
988 4556 1054 4611 de
1083 4565 1395 4611 sanctarum
1425 4557 1832 4627 Scripturarum
1864 4561 1983 4614 luce
2016 4561 2266 4624 rutilans,
2301 4559 2594 4615 clarissimi
2629 4559 2826 4613 sideris
2856 4558 2973 4611 vice
3006 4566 3217 4611 noctem
3243 4552 3522 4606 Maniebzei
3549 4567 3709 4606 erro-

469 4653 548 4709 ris
581 4653 840 4723 exagitat.
875 4651 1149 4717 Quantum
1177 4666 1306 4705 vero
1336 4651 1496 4707 nobis
1525 4652 1915 4708 consolationis
1942 4655 2206 4721 exoritur,
2233 4670 2354 4708 cum
2379 4655 2652 4709 cernimus
2687 4660 2794 4704 tam
2812 4650 3026 4704 erudito
3049 4658 3266 4716 tamque
3296 4645 3490 4700 illustri
3517 4641 3715 4697 Orien-

468 4745 542 4800 tis
575 4745 835 4814 magistro
856 4759 996 4810 eam,
1032 4759 1195 4812 quam
1225 4743 1279 4796 in
1307 4742 1463 4798 nobis
1492 4743 1534 4796 Τ
1540 4744 1864 4799 raducianus
1895 4754 2190 4815 oppugnat,
2215 4745 2387 4800 astrui
2418 4745 2719 4806 veritatem,
2747 4755 2908 4811 quam
2933 4747 3079 4794 certe
3096 4738 3284 4792 beatus
3299 4733 3555 4796 Joatrnes,
3583 4733 3716 4786 utin

470 4840 728 4896 omnibus
751 4838 903 4894 libris
919 4839 1054 4899 suis,
1073 4838 1147 4892 ita
1175 4837 1264 4891 bic
1289 4851 1508 4907 quoque
1542 4839 1609 4892 ab
1635 4838 1783 4892 omni
1817 4839 2080 4892 munitam
2115 4840 2280 4893 latere
2303 4839 2559 4903 custodit,
2584 4845 2782 4902 armat,
2810 4833 3083 4898 accendit,
3115 4843 3172 4886 ut
3195 4833 3440 4886 videatur
3465 4846 3570 4882 ιιυη
3601 4840 3715 4882 tam

467 4942 767 5003 praisean
795 4933 1119 4987 informasse
1143 4930 1458 5000 discipulos,
1476 4947 1638 5002 quam
1673 4915 1831 4987 n‘obis
1854 4941 2043 4986 contra
2065 4947 2204 4986 vera:
2231 4932 2350 4984 fidei
2382 4930 2834 5000 Oppugnationem
2861 4927 3062 4980 auxilia
3091 4937 3440 4994 praeparasse.
3467 4921 3718 4985 Quantus

469 5026 618 5082 enim
645 5027 736 5082 ille
768 5026 1029 5080 adversus
1055 5024 1462 5090 necessitatem,
1487 5034 1723 5094 quantus
1746 5041 1842 5094 pro
1883 5025 2052 5078 libero
2095 5026 2268 5094 surgit
2301 5025 2562 5089 arbitrio;
2593 5037 2755 5092 quam
2813 5030 3129 5076 nostrorum
3158 5017 3309 5070 libris
3342 5015 3542 5083 ubique
3573 5028 3706 5066 con-

471 5119 682 5182 cinens,
706 5116 1002 5171 voluntatis
1027 5114 1152 5184 jure
1184 5125 1400 5174 servato
1443 5115 1642 5169 divinae
1674 5115 1860 5183 gratim
1895 5114 2144 5182 praesidia
2193 5113 2603 5168 commendat...
2663 5111 2847 5164 Primo
2895 5111 3112 5164 beatum
3163 5105 3391 5160 Paulum
3427 5103 3606 5157 libello
3654 5113 3714 5158 et

441 5280 445 5284 _
473 5212 728 5269 omnibus
751 5209 1084 5279 praeferendo
1112 5209 1337 5273 sanctis,
1365 5219 1414 5263 et
1451 5208 1654 5276 angelis
1705 5207 2058 5262 conferendo.
2093 5207 2365 5273 Secundo,
2394 5223 2458 5262 ex
2489 5205 2782 5260 virtutibus
2825 5207 2944 5272 ejus
2993 5218 3155 5274 atque
3185 5201 3468 5255 sententiis
3499 5198 3702 5251 bonum

478 5301 765 5358 asserenda
795 5309 1022 5364 natum,
1055 5307 1157 5354 etc.
1194 5319 1213 5352 ›
1253 5297 1385 5365 Quae
1405 5314 1536 5352 sane
1569 5297 1750 5360 verba,
1795 5297 1897 5352 etsi
1931 5296 2277 5365 Pelagianum
2317 5297 2460 5350 circa
2489 5296 2800 5350 interiorem
2828 5295 3030 5350 Christi
3065 5294 3294 5364 gratiam
3317 5305 3561 5346 errorem
3597 5304 3711 5342 non

479 5403 660 5463 aperte
683 5408 792 5463 prae
822 5407 881 5447 se
909 5389 1084 5445 ferant
1112 5389 1379 5457 (solebant
1408 5389 1605 5458 quippe
1635 5388 1906 5458 Pelagiani
1959 5389 2151 5441 callide
2193 5386 2497 5456 fucatisque
2556 5387 2735 5441 verbis
2771 5388 2921 5440 virus
2961 5385 3184 5440 haeresis
3242 5399 3355 5438 suae
3398 5379 3696 5450 obtegere),

477 5493 706 5538 attamen
739 5481 878 5552 quod
906 5480 981 5536 illi
1013 5489 1198 5534 contra
1233 5479 1594 5550 Augustinum
1623 5487 1677 5532 et
1703 5476 2014 5533 Catholicos
2044 5485 2304 5544 perpetuo
2331 5477 2649 5531 occinebant
2676 5496 2687 5532 :
2711 5492 2900 5545 nempe
2930 5477 3052 5532 illos
3083 5475 3458 5531 necessitatem
3513 5468 3719 5528 inferte
