4038 6204
281 289 417 347 471⁶
1334 283 1423 341 DE
1458 282 1802 342 LAUDIBUS
1834 284 1872 341 S

1934 283 2136 342 PAULI
2172 284 2528 343 APOSTOLF.
3404 291 3529 348 472⁸

284 403 582 468 voluntati,
617 411 672 458 et
707 401 933 456 liberum
965 397 1248 454 arbitrium
1276 400 1483 465 tollere,
1516 399 1604 454 hic
1634 413 1954 468 expressum
1994 399 2281 468 videmus;
2330 403 2404 457 ita
2460 410 2517 457 ut
2548 401 2682 456 nihil
2714 400 2890 458 subsit
2911 401 3083 468 dubii,
3140 402 3268 473 quin
3299 403 3386 462 hic
3415 407 3529 479 ipse

277 498 354 553 sit
382 498 634 551 Anianus
661 496 756 566 qui
787 510 887 565 pro
912 494 1200 564 Pelagiana
1231 493 1424 548 haeresi
1459 493 1600 547 inter
1618 493 1984 562 primipilares
2016 494 2326 549 dimicabat.

342 588 742 659 interpretatio
761 589 882 658 ejus
910 587 1123 652 Latina,
1149 601 1313 656 quam
1342 586 1577 651 edimus,
1601 602 1702 641 nec
1729 587 2003 656 inelegans
2024 597 2127 653 est,
2164 604 2264 643 nec
2291 589 2639 646 accuratione
2659 600 2810 646 caret
2843 609 2858 644 ε
2889 590 3166 660 fateorque
3197 607 3282 647 me
3305 593 3358 646 in
3392 609 3529 663 pau-

283 698 386 738 cos
412 682 606 752 prisca:
630 681 777 735 illius
806 679 1095 735 vetustatis
1129 680 1449 748 interpretes
1477 679 1735 734 incidisse
1767 677 1860 747 qui
1887 678 2202 747 diligentius
2223 689 2516 735 verterent.
2542 681 2599 734 In
2634 683 2910 737 nonnullis
2933 691 3112 738 tamen
3142 683 3278 738 locis
3305 699 3527 739 sensum

285 790 402 829 non
435 783 519 828 est
543 781 829 828 assecutus
860 772 1140 839 Aniauus;
1175 774 1318 843 quod
1378 775 1468 829 ubi
1499 775 1713 839 accidit,
1767 776 1818 829 in
1852 777 2114 846 margine,
2160 792 2286 830 vera
2322 778 2617 832 substituta
2650 779 3116 848 interpretatione,
3143 795 3365 834 monere
3418 794 3528 834 non

287 864 523 933 neglexi.
554 862 741 935 Neque
770 865 983 935 uspiam
1010 865 1342 938 deprehendi
1374 867 1552 935 illum,
1576 877 1634 923 ut
1661 867 1965 939 Pelagianae
2024 868 2229 925 faveret
2253 868 2466 938 hmresi,
2504 884 2726 925 sensum
2770 869 2878 925 alio
2906 869 3224 927 detorsisse.
3256 869 3385 941 Ejus
3415 870 3529 939 epi-

285 964 480 1018 stolam
515 962 605 1018 hic
633 961 1040 1032 subjungimus.

1057 1431 1345 1494 DOMINO
1400 1431 1684 1493 SANCTO
1731 1430 2196 1505 EVANGELIO,
2237 1430 2758 1504 PRESBYTERO,

1601 1549 1875 1596 ANIANUS
1914 1550 2218 1595 SALUTEM.

353 1680 576 1739 Recenti
598 1683 970 1755 experimento
991 1683 1178 1750 didici,
1214 1698 1376 1753 quam
1412 1683 1521 1740 sint
1548 1683 1702 1738 utilia
1747 1681 2172 1752 obsequentibus
2211 1680 2438 1752 imperia
2467 1681 2760 1746 bonorum,
2797 1681 2889 1751 qui
2923 1682 3154 1738 rectiore
3177 1682 3412 1752 quadam
3440 1683 3528 1737 iu-

280 1780 584 1849 gredientes
606 1781 958 1851 benignitatis
983 1781 1092 1846 via,
1123 1781 1385 1835 beneﬁcia
1407 1779 1664 1834 deferunt
1709 1779 1812 1834 sub
1839 1777 2020 1848 specie
2044 1777 2332 1846 jussionis.
2369 1776 2508 1843 Quid
2532 1779 2676 1832 enim
2710 1777 2840 1832 mihi
2867 1776 3188 1848 jucundius,
3225 1779 3354 1849 quid
3402 1777 3530 1832 fru—

282 1872 530 1927 ctuosius
562 1874 831 1943 imperare
861 1873 1107 1943 potuisti,
1133 1887 1296 1943 quam
1327 1881 1387 1927 ut
1419 1888 1482 1928 ex
1509 1873 1649 1928 beati
1672 1871 1774 1926 viri
1815 1871 1990 1927 sancti
2017 1869 2245 1926 Joannis
2268 1871 2522 1940 operibus
2549 1871 2602 1925 in
2629 1880 2869 1925 nostram
2898 1872 3135 1941 linguam
3173 1870 3323 1944 [478]
3346 1873 3528 1942 aliqua

283 1962 658 2028 transferrem,
702 1965 755 2019 id
791 1973 894 2030 est,
931 1963 1022 2019 Vll
1053 1964 1296 2034 ejusdem
1324 1964 1557 2031 libellos,
1615 1964 1818 2033 quibus
1870 1978 2035 2032 super
2080 1961 2234 2016 Pauli
2286 1962 2520 2032 apostoli
2557 1961 2810 2016 laudibus
2840 1962 2894 2016 in
2934 1960 3177 2016 Ecclesia
3229 1961 3528 2032 aliquando

278 2055 578 2110 disseruit?
615 2055 671 2110 ln
701 2071 810 2126 quo
839 2057 994 2121 mihi,
1024 2061 1127 2112 etsi
1153 2058 1206 2111 in
1241 2071 1493 2113 sermone
1523 2056 1812 2126 peregrino
1859 2055 2150 2110 admodum
2193 2055 2338 2118 rudi,
2375 2055 2495 2123 plus
2529 2056 2710 2108 evenit
2759 2062 2939 2108 tamen
2965 2053 3258 2124 voluptatis
3286 2061 3340 2108 et
3371 2069 3526 2108 com-

282 2145 455 2209 modi,
481 2161 646 2215 quam
680 2147 907 2202 laboris.
942 2148 1198 2204 Secutum
1220 2157 1306 2204 est
1334 2147 1479 2203 enim
1505 2156 1567 2201 ut
1598 2160 1745 2211 cum,
1789 2144 1919 2200 dum
1951 2146 2049 2200 tibi
2086 2153 2296 2201 vertere
2326 2159 2497 2200 conor
2527 2159 2556 2198 e
2584 2143 2794 2207 Graeco,
2821 2144 3064 2214 pressius
3103 2143 3219 2213 ipse
3243 2145 3522 2200 combibe-

281 2253 421 2304 rem,
452 2238 779 2309 pleniusque
805 2249 914 2293 tam
943 2240 1176 2311 insignis
1197 2241 1459 2296 doctrina:
1486 2241 1717 2297 veritate
1744 2239 2079 2310 perfruerer,
2106 2240 2349 2294 maxime
2371 2254 2495 2294 cum
2522 2237 2722 2307 ubique
2737 2237 2889 2292 dives
2907 2237 3184 2308 ingenium
3218 2238 3271 2292 in
3294 2240 3524 2295 materia

277 2330 637 2401 lorupletiore.
694 2343 965 2389 versetur.
993 2334 1194 2390 Beatus
1213 2335 1358 2390 enim
1395 2335 1484 2391 hic
1515 2334 1716 2390 Paulus
1765 2335 2112 2404 exprimitur,
2144 2349 2253 2389 non
2285 2332 2482 2388 fucatas
2511 2331 2746 2401 alicujus
2778 2332 2955 2388 laudis
2984 2332 3342 2386 adumbratus
3378 2333 3530 2387 colo-

279 2425 455 2488 ribus,
497 2427 592 2480 sed
629 2426 926 2482 inviolabili
954 2429 1214 2484 virtutum
1241 2444 1467 2486 suarum
1499 2430 1727 2485 veritate
1748 2429 2034 2493 formatus,
2066 2445 2229 2499 quem
2265 2438 2372 2483 tam
2411 2429 2618 2498 integre
2652 2427 2874 2498 ubique,
2905 2436 3016 2482 tam
3059 2428 3250 2494 solide,
3276 2442 3424 2482 nunc
3452 2443 3519 2482 ex

279 2517 653 2584 magnitudine
688 2533 937 2588 operum,
964 2536 1110 2576 nunc
1133 2537 1203 2576 ex
1225 2521 1657 2589 _illuminatione
1685 2521 1980 2586 dictorum,
2015 2521 2180 2576 modo
2207 2536 2270 2575 ex
2308 2519 2540 2576 consilio
2564 2519 2740 2585 vario,
2777 2520 2938 2575 modo
2959 2534 3024 2574 ex
3057 2519 3526 2589 dispensationum

274 2606 577 2674 profundo,
611 2618 725 2663 tum
767 2626 833 2664 ex
869 2612 1156 2667 tolerantia
1180 2614 1521 2683 passionum.
1553 2623 1666 2668 tum
1693 2629 1758 2668 cx
1781 2613 2028 2668 claritate
2047 2607 2329 2684 signorum
2355 2613 2589 2667 eximius
2617 2611 2867 2667 laudator
2894 2611 3149 2677 asseruit,
3179 2620 3236 2665 ut
3259 2627 3384 2666 eum
3415 2626 3524 2664 non

273 2697 597 2766 depinxisse
625 2702 821 2765 solum,
855 2717 1046 2757 verum
1083 2705 1241 2774 quasi
1280 2705 1348 2760 ad
1387 2705 1738 2779 praebendum
1789 2721 1981 2760 rursus
2007 2704 2354 2775 perfectionis
2374 2706 2685 2774 exemplum
2719 2704 3078 2759 resuscitasse
3109 2704 3516 2772 quodammodo

271 2790 542 2846 videatur.
576 2792 712 2848 Nam
741 2810 863 2848 cum
889 2797 958 2851 ab
993 2799 1115 2853 aliis
1135 2805 1463 2854 cazterorum
1496 2799 1689 2853 merita
1718 2799 2027 2862 laudantur,
2074 2799 2334 2852 usitatum
2385 2797 2642 2867 quiddam
2677 2797 2814 2852 solet
2845 2804 3006 2865 atque
3035 2795 3174 2848 exile
3229 2810 3514 2860 resonare,

271 2891 323 2934 et
355 2882 514 2937 velut
542 2883 597 2937 in
623 2887 910 2956 superficie
941 2890 1385 2959 circumvagante
1417 2905 1693 2955 sermone,
1725 2890 1955 2945 virtutes
1986 2890 2116 2959 ipsze
2143 2889 2461 2944 nominibus
2489 2888 2660 2958 magis
2690 2887 2806 2942 suis
2836 2887 2902 2940 ad
2942 2887 3524 2962 commemorationem

270 2976 530 3030 videntur
563 2978 769 3040 venire,
803 2996 967 3048 quam
999 2980 1182 3035 rebus.
1210 2981 1410 3036 Beatus
1439 2996 1568 3036 vero
1596 2979 1837 3036 Joannes
1866 2980 2103 3035 Paulum
2143 2980 2310 3035 altius
2337 2980 2620 3044 intuendo,
2657 2977 3002 3046 dilucideque
3033 2979 3086 3032 in
3118 2978 3356 3032 medium
3390 2994 3516 3047 pro-

273 3060 522 3132 ferendo,
561 3067 708 3136 ipsas
731 3069 865 3123 mihi
892 3070 1105 3125 videtur
1139 3071 1447 3141 inspexisse
1480 3087 1645 3127 venas
1677 3087 1743 3128 ac
1790 3073 2056 3127 medullas
2091 3071 2428 3140 expressisse
2458 3070 2738 3124 virtutum.
2793 3067 2925 3132 Quae
2957 3068 3027 3120 ita
3086 3083 3276 3121 onmes
3333 3066 3386 3120 in
3420 3066 3523 3121 ista

274 3153 588 3212 laudatione
614 3158 819 3224 vivunt,
851 3169 904 3214 et
934 3160 1008 3214 ita
1045 3160 1273 3216 ﬂoribus
1304 3161 1418 3217 suis
1445 3161 1774 3216 decorantur
1805 3170 1858 3215 et
1886 3160 2176 3226 fructibus,
2204 3169 2263 3213 ιιι
2295 3174 2389 3213 eas
2419 3173 2586 3228 prope
2616 3173 2725 3212 non
2757 3160 2944 3211 minus
2977 3156 3044 3211 ab
3085 3156 3187 3210 hoc
3215 3157 3524 3212 sublimiter

271 3251 589 3318 eXpiicatas,
617 3269 780 3322 quam
807 3256 875 3308 ab
900 3256 1154 3324 apostolo
1177 3255 1415 3312 fortasse
1436 3258 1718 3311 miremur.
1756 3255 1914 3322 Quod
1968 3256 2186 3324 quidem
2212 3271 2350 3324 opus
2383 3269 2448 3310 eo
2476 3269 2599 3309 esse
2648 3254 2791 3323 apud
2840 3262 2890 3308 te
2922 3254 3211 3308 amabilius
3267 3253 3428 3308 debet
3466 3263 3523 3308 et

271 3343 502 3410 gratius,
538 3348 687 3413 quod
717 3347 786 3400 de
817 3354 1131 3402 sanctarum
1153 3345 1560 3418 Scripturarum
1587 3347 1708 3402 luce
1735 3347 1988 3410 rutilaus,
2027 3347 2316 3401 clarissimi
2347 3346 2546 3402 sideris
2580 3346 2716 3411 vice,
2748 3357 2962 3399 noctem
2996 3345 3278 3400 Manichzei
3312 3348 3520 3404 erroris

275 3435 532 3504 exagitat.
559 3435 838 3502 Quantum
861 3453 992 3493 vero
1025 3441 1180 3494 nobis
1209 3441 1603 3496 consolationis
1624 3440 1887 3502 exoritur,
1923 3453 2048 3493 cum
2077 3439 2376 3504 cernimus,
2409 3447 2519 3494 tam
2554 3439 2771 3494 erudito
2805 3447 3028 3509 tamque
3052 3440 3250 3494 illustri
3283 3440 3520 3496 Orientis

277 3529 564 3596 magistro,
602 3543 744 3593 eam,
781 3543 946 3598 quam
970 3529 1024 3583 in
1050 3531 1209 3585 nobis
1245 3529 1622 3587 Traducianus
1661 3540 1958 3602 oppugnat,
2009 3532 2184 3587 astrui
2228 3530 2538 3595 veritatem,
2566 3545 2732 3600 quam
2759 3542 2906 3586 certe
2939 3532 3132 3588 beatus
3161 3530 3422 3600 Joannes,
3459 3547 3517 3592 ut

278 3619 332 3672 iu
365 3619 627 3675 omnibus
665 3620 820 3674 libris
849 3620 984 3685 suis,
1031 3621 1104 3676 ita
1137 3622 1224 3677 hic
1255 3637 1472 3693 quoque
1492 3625 1560 3678 ab
1592 3625 1743 3678 omni
1779 3624 2045 3678 munitam
2103 3624 2272 3676 latere
2296 3622 2553 3686 custodit,
2603 3631 2800 3690 armat,
2849 3625 3120 3693 accendit,
3155 3635 3214 3682 ut
3268 3627 3519 3684 videatur

271 3728 378 3764 non
419 3720 529 3764 tam
562 3721 860 3780 prasentes
894 3712 1222 3773 informasse
1253 3715 1574 3784 discipulos,
1616 3730 1780 3784 quam
1811 3715 1972 3770 nobis
2003 3722 2192 3770 contra
2237 3729 2379 3769 verae
2408 3714 2534 3769 fidei
2566 3715 3026 3784 oppugnationem
3059 3717 3262 3772 auxilia
3307 3733 3518 3789 praepa-

269 3815 442 3857 rasse.
480 3800 730 3868 Quantus
761 3804 906 3857 enim
937 3803 1025 3859 ille
1047 3805 1310 3861 adversus
1345 3807 1744 3870 necessitatem,
1770 3815 2010 3875 quantus
2042 3821 2140 3874 pro
2161 3806 2333 3862 libero
2364 3806 2543 3877 surgit
2563 3805 2814 3876 arbitrio,
2841 3823 3005 3879 quam
3025 3817 3335 3865 nostrorum
3363 3812 3518 3868 libris

273 3894 475 3966 ubique
502 3897 824 3961 concinens,
858 3897 1154 3954 voluntatis
1180 3898 1306 3969 jure
1331 3909 1545 3954 servato
1567 3899 1763 3954 divina:
1784 3899 1973 3968 gratiae
1997 3900 2252 3969 praesidia
2277 3901 2642 3965 commendat,
2673 3886 2838 3972 quam
2873 3911 3063 3959 contra
3090 3904 3330 3959 omnium
3355 3904 3516 3959 vitio-

270 4001 388 4041 rum
429 3990 706 4054 tcnebras,
738 4007 900 4060 quam
926 4008 1024 4063 pro
1052 4005 1375 4050 cunctarum
1412 3997 1636 4066 speculo
1685 3996 1952 4050 virtutum
2006 3995 2509 4066 splendidissimum
2561 4011 2658 4052 vas
2687 3996 2970 4052 electionis
3016 3999 3272 4067 opponit!
3331 3997 3515 4052 Primo

269 4078 482 4133 beatum
509 4080 742 4136 Paulum
776 4084 958 4141 libello
996 4094 1049 4142 et
1083 4088 1337 4143 omnibus
1366 4083 1704 4158 praeferendo
1728 4089 1956 4155 sanctis,
1987 4095 2044 4142 et
2069 4088 2277 4157 angelis
2300 4089 2653 4144 conferendo.
2685 4089 2958 4154 Secundo,
2985 4105 3052 4144 ex
3085 4091 3372 4145 virtutibus
3391 4091 3513 4160 ejus

269 4177 429 4236 atque
465 4171 756 4227 sententiis
785 4174 987 4229 bonum
1017 4177 1312 4233 asserendo
1335 4187 1561 4233 naturte.
1596 4177 1808 4244 Tertio,
1854 4179 2174 4234 charitatem
2201 4179 2321 4248 ejus
2350 4193 2450 4248 pro
2475 4189 2798 4235 cunctorum
2854 4180 3032 4234 salute
3053 4179 3510 4236 ferventissimam

269 4264 704 4331 cromprobando.
743 4264 950 4332 Quarto
979 4271 1044 4324 de
1073 4272 1356 4327 vocatione
1383 4274 1503 4341 ejus
1525 4281 1579 4327 et
1631 4273 1948 4328 confirmata
1980 4273 2181 4343 ubique
2206 4273 2278 4327 ab
2309 4274 2427 4342 ipso
2451 4271 2726 4344 Evangelii
2755 4274 2981 4331 veritate
3008 4275 3256 4331 dicendo.
3287 4274 3510 4341 Quinto,

268 4353 330 4406 de
354 4355 710 4423 passionibus
741 4359 857 4428 ejus
881 4369 936 4414 et
962 4362 1430 4431 dispensationum
1461 4364 1814 4419 varietatibus
1858 4365 2197 4420 disserendo.
2246 4363 2432 4432 Sexto,
2463 4366 2728 4421 solvendo
2757 4382 2948 4422 omnes
3003 4368 3124 4422 illas
3157 4367 3510 4438 qurestiones,

267 4449 467 4516 quibus
497 4450 879 4510 Traducianus
903 4457 1160 4522 innitens,
1190 4459 1406 4514 beatum
1433 4458 1660 4513 Paulum
1692 4460 1948 4516 vitiorum
1973 4461 2356 4517 obfuscatione
2379 4462 2768 4530 commaculat,
2796 4472 2854 4517 ut
2882 4464 3092 4518 scilicet
3122 4465 3369 4520 fidelibus
3395 4464 3512 4519 suis

269 4543 570 4609 apostolico
595 4545 848 4614 exemplo
899 4557 1116 4616 peccata
1146 4551 1418 4606 conciliet.
1458 4549 1723 4622 Septimo,
1763 4553 1942 4624 ignem
1975 4554 2079 4608 zeli
2108 4554 2227 4624 ejus
2259 4555 2313 4608 in
2343 4553 2565 4610 Christo
2593 4561 2648 4608 et
2669 4563 2796 4609 ante
2823 4555 3084 4610 honorem
3113 4571 3331 4625 quoque
3375 4571 3510 4625 apo-

267 4636 504 4689 stolatus
533 4634 810 4691 fervorem
839 4637 1070 4694 docendi
1103 4655 1268 4710 supra
1317 4652 1543 4699 caeteros
1577 4643 1872 4710 efferendo,
1903 4653 1966 4700 ut
1995 4647 2130 4702 satis
2191 4647 2400 4716 liquith
2453 4646 2660 4702 clareat
2707 4647 3031 4703 exstinctam
3089 4663 3209 4703 esse
3244 4650 3506 4718 peccandi

273 4727 678 4790 necessitatem,
705 4744 870 4798 quam
903 4736 1168 4788 adversus
1199 4733 1526 4790 Manichaeos
1569 4747 1624 4791 et
1679 4738 1928 4793 doctrina
1968 4739 2202 4807 apostoli
2231 4740 2578 4809 deprarliatur
2625 4749 2680 4794 et
2699 4740 2830 4795 vita.
2883 4737 3084 4794 Verum
3147 4755 3248 4795 nos
3295 4741 3349 4795 in
3396 4750 3508 4796 tam

267 4821 464 4889 egregii
491 4823 944 4893 interpretatione
969 4829 1168 4897 operis,
1197 4831 1298 4885 etsi
1329 4831 1465 4884 nihil
1501 4841 1560 4886 ut
1597 4842 1730 4902 puto
1762 4833 1830 4888 de
1858 4849 2119 4889 sensuum
2152 4836 2396 4900 veritate,
2428 4851 2534 4890 non
2566 4844 2745 4890 tamen
2777 4850 2971 4905 parum
3002 4835 3068 4890 de
3099 4835 3302 4906 eloquii
3335 4853 3508 4892 venu-

269 4921 404 4965 state
424 4914 790 4982 perdidimus,
827 4919 1170 4986 splendorem
1212 4931 1320 4977 tam
1355 4924 1557 4979 nobilis
1583 4925 1707 4995 styli
1759 4933 1813 4980 et
1843 4926 2216 4982 elocutionum
2241 4927 2471 4996 gratiam
2507 4928 2810 4998 exprimere
2843 4943 2954 4982 non
2994 4928 3234 4984 valentes
3267 4946 3282 4984 :
3313 4930 3406 4986 sed
3438 4947 3507 4985 ne

269 5002 344 5056 sic
367 5005 590 5072 quidem
623 5017 675 5061 te
705 5009 850 5063 istud
882 5010 1184 5080 imperasse
1211 5015 1489 5082 poeniteat.
1526 5014 1712 5086 Neque
1739 5017 1886 5071 enim
1916 5018 2212 5073 verendum
2245 5019 2338 5074 tibi
2385 5027 2469 5074 est
2508 5034 2578 5073 ne
2623 5018 2764 5074 forte
2810 5020 3102 5088 asperitate
3133 5021 3507 5076 translationis

275 5093 532 5159 oﬂensus,
585 5099 837 5158 lectionis
873 5103 1036 5174 hujus
1069 5120 1260 5161 careas
1310 5107 1606 5176 voluptate,
1663 5123 1786 5163 cum
1821 5109 2086 5180 quidquid
2131 5110 2289 5165 nobis
2336 5126 2403 5166 ex
2434 5110 2582 5166 cultu
2621 5110 2795 5165 defuit
2824 5120 3130 5181 ornatuque
3185 5113 3496 5180 verborum,

274 5188 324 5242 id
381 5201 557 5247 totum
624 5194 795 5261 illius,
830 5214 991 5268 quem
1027 5201 1428 5265 transtulimus,
1493 5203 1780 5272 magnifica
1819 5203 2036 5259 inventa
2086 5215 2462 5275 compensent.
2518 5206 2614 5262 Est
2643 5207 2788 5262 enim
2829 5216 3054 5262 sanctus
3101 5206 3339 5264 Joannes
3392 5219 3500 5262 tam

269 5286 442 5340 clarus
467 5296 619 5342 totus
653 5306 717 5345 ac
748 5290 1007 5362 fulgidus,
1042 5304 1103 5348 ut
1133 5293 1290 5351 facile
1324 5297 1498 5364 possit
1527 5297 1922 5352 sententiarum
1948 5312 2178 5353 suarum
2211 5299 2416 5356 lumine
2443 5299 2606 5357 etiam
2640 5299 2782 5356 inter
2815 5300 2988 5357 nostri
3020 5302 3293 5358 sermonis
3313 5301 3500 5358 nubila

266 5394 572 5440 coruscare.
3475 5415 3478 5418 ’

1724 5527 2040 5543 ..ω-.-
