4038 6204
527 282 629 343 475

523 396 645 452 fecit
671 401 946 460 columbas
970 404 1068 478 (α),
1096 417 1149 463 et
1175 413 1464 471 cxcludens
1493 432 1703 478 omnem
1722 424 2095 485 irrationabili-

525 497 689 545 tatem
719 501 876 565 atque
903 495 1254 568 ferocitatem,
1281 509 1736 566 mansuetudinem
1766 513 1993 584 Spiritus
2014 519 2094 573 iu-

524 580 762 635 troduxit
790 601 804 637 :
837 595 1118 656 manetque
1145 589 1303 648 hodie
1329 595 1444 652 haec
1471 613 1664 655 arcana
1686 580 1968 674 navigans,
1999 623 2096 663 nec

523 676 699 725 tamen
725 673 1007 743 aliquando
1033 678 1378 751 dissolvitur,
1407 703 1507 743 nec
1551 690 1692 746 valet
1733 673 1936 750 tabulas
1984 699 2098 766 ejus

523 757 629 811 ulla
658 761 875 817 malitia:
909 764 1088 822 laxare
1114 777 1433 841 tempestas:
1467 778 1590 847 quin
1617 782 1790 848 potius
1823 784 1933 853 ipsa
1962 757 2098 840 tein-

523 853 744 920 pestatis
771 865 943 911 motus
963 863 1255 930 navigando
1281 874 1626 938 compescuit,
1654 876 1792 944 quod
1814 877 1941 932 satis
1967 895 2097 933 con-

524 952 808 1038 sequenter
835 947 1076 1004 effectum
1103 964 1203 1009 est.
1235 957 1351 1012 Non
1380 961 1523 1014 enim
1549 962 1809 1022 bitumine
1829 978 1918 1022 aut
1945 971 2092 1038 pice,

521 1032 617 1126 sed
660 1047 846 1126 sancto
876 1039 1079 1110 Spiritu
1128 1048 1244 1117 ejus
1275 1051 1465 1107 tabula:
1513 1065 1630 1112 sunt
1662 1032 1959 1126 perunctae.-

523 1122 795 1180 Abraham
826 1130 1086 1188 mirantur
1114 1151 1321 1204 omnes,
1351 1143 1472 1211 quia
1493 1159 1613 1199 cum
1643 1122 1909 1204 audisset:
1933 1151 2096 1204 Abrao

521 1214 664 1312 hanc,
687 1220 769 1271 exi
789 1220 851 1272 de
876 1231 1008 1312 terra
1029 1234 1134 1294 tua,
1163 1239 1208 1282 et
1234 1230 1297 1284 de
1320 1236 1614 1304 cognatione
1627 1246 1714 1292 tua
1733 1238 1883 1309 (Gen.
1907 1241 1992 1296 12.
2018 1243 2094 1312 l):

521 1311 579 1357 et
601 1304 817 1362 domum
839 1311 1053 1380 reliquit
1075 1325 1129 1370 et
1157 1321 1404 1390 patriam,
1427 1333 1480 1378 et
1503 1327 1702 1381 amicos
1723 1304 1879 1398 atque
1899 1304 2096 1402 cogna-

525 1399 630 1460 tos,
657 1410 882 1464 quorum
909 1404 1144 1459 omnium
1167 1408 1427 1476 jacturam
1475 1415 1588 1468 solo
1629 1416 1795 1472 divini
1843 1399 2098 1490 praecepti

523 1496 708 1540 amore
727 1493 1106 1578 compensabat
1133 1513 1147 1549 :
1187 1513 1306 1552 nam
1337 1510 1392 1554 et
1417 1518 1516 1558 nos
1540 1519 1662 1559 eum
1686 1518 1961 1578 propterea
2001 1511 2099 1565 mi-

523 1585 722 1629 ramur.
751 1574 854 1632 Sed
879 1580 1004 1649 quid
1033 1583 1196 1639 Paulo
1218 1590 1384 1657 possit
1419 1595 1620 1662 aequari
1645 1574 1908 1665 iquivnon
1937 1600 2096 1656 modo

523 1667 772 1760 patriam,
796 1686 1069 1743 cognatos,
1083 1693 1146 1732 ac
1170 1679 1408 1750 domum,
1424 1685 1517 1740 sed
1537 1687 1706 1756 ipsum
1719 1704 1928 1760 quoque
1946 1707 2097 1746 mun-

521 1754 649 1846 dum
689 1761 940 1831 reliquit:
983 1766 1090 1821 imo
1115 1770 1276 1824 etiam
1298 1773 1520 1841 cadum,
1553 1754 1607 1831 et
1643 1754 2008 1846 emtum-caeli,
2045 1789 2099 1836 et

521 1844 640 1900 hac
658 1851 832 1904 omnia
854 1851 1120 1910 Christum
1144 1860 1483 1928 suSpieiendo
1509 1865 1750 1934 despexit
1774 1887 1786 1922 :
1817 1885 1978 1922 unum
1994 1844 2097 1939 pro

520 1940 728 2030 cunctis
751 1949 804 1996 et
826 1944 997 1999 solum
1017 1989 1032 2014 ,
1053 1947 1106 2002 id
1135 1959 1217 2005 est
1235 1992 1249 2015 ,
1277 1951 1469 2008 Christi
1494 1957 1766 2013 caritatem
1797 1963 2092 2030 requirens,

516 2027 707 2097 Neque
733 2039 1030 2104 prasentia,
1065 2040 1230 2111 inquit
1248 2083 1263 2108 ,
1286 2061 1441 2114 neque
1467 2051 1658 2117 futura,
1682 2067 1837 2120 neque
1860 2027 2094 2122 altitudo,

521 2135 680 2190 neque
705 2129 1033 2196 profundum,
1063 2149 1222 2202 neque
1249 2136 1353 2189 alia
1380 2149 1610 2191 creatura
1631 2141 1810 2209 poterit
1841 2159 1931 2195 nos
1951 2159 2098 2213 sepa-

519 2225 636 2264 rare
652 2228 684 2264 a
707 2215 912 2269 caritate
933 2216 1046 2285 Dei,
1069 2237 1180 2288 quw
1203 2231 1276 2276 est
1307 2225 1360 2277 in
1385 2225 1579 2280 Christo
1605 2227 1731 2281 Iesu
1761 2228 1976 2284 Domino
1999 2249 2093 2285 no-

516 2310 626 2356 stra
647 2301 666 2372 (
690 2301 840 2358 Rom.
869 2307 930 2361 8.’
950 2309 1036 2364 38.
1057 2312 1170 2380 39).
1197 2313 1298 2369 Sed
1322 2317 1587 2371 Abraham
1616 2321 1849 2389 seipsum
1880 2323 1932 2376 in
1958 2324 2096 2392 peri-

517 2392 698 2482 culum
739 2397 983 2466 tradens,
1039 2399 1279 2458 hostibus
1325 2406 1489 2462 ﬁlium
1541 2408 1720 2465 fratris
1771 2413 1992 2482 eripuit;
2040 2425 2095 2469 at

519 2481 717 2571 Paulus
740 2500 844 2540 non
865 2487 1042 2544 fratris
1066 2491 1230 2546 filium
1247 2535 1262 2560 ,
1291 2511 1464 2565 neque
1497 2507 1603 2554 tres
1629 2510 1718 2554 aut
1743 2481 1973 2571 quinque
1999 2499 2098 2558 ur?

519 2570 645 2638 bes,
693 2573 788 2629 sed
833 2576 1018 2632 orbem
1063 2581 1364 2638 universum
1420 2586 1488 2642 de
1543 2587 1655 2656 ipsa
1709 2570 2092 2647 daemoniorum

511 2664 740 2718 extorsit
761 2679 952 2732 manu,
981 2669 1386 2730 innumerabilia
1424 2691 1518 2746 per
1537 2678 1652 2734 dies
1684 2681 1918 2750 singulos
1947 2684 2090 2751 peri-

517 2751 634 2806 cula
660 2755 971 2812 sustinendo
993 2799 1010 2824 ,
1044 2763 1376 2833 propriisque
1400 2767 1660 2822 mortibus
1689 2771 1969 2824 maximam
2000 2787 2089 2826 se-

517 2843 792 2898 curitatem
822 2845 939 2900 aliis
966 2853 1340 2919 comparando.
1366 2854 1536 2924 Caput
1581 2858 1840 2914 bonorum
1871 2861 2090 2930 ejusque

513 2930 724 2986 culmen
755 2935 1100 3006 philosophia:
1121 2951 1221 3006 est,
1249 2943 1414 2998 filium
1438 2947 1853 3016 sacrificavisse;
1881 2952 1974 3006 sed
2004 2953 2091 3007 hic

514 3033 726 3092 quoque
756 3025 1080 3084 inveniemus
1110 3030 1328 3088 Paulum
1355 3036 1551 3106 primas
1580 3048 1754 3107 partes
1785 3049 2087 3110 tenentem,

516 3111 603 3177 qui
629 3128 734 3167 non
762 3115 946 3185 lilium,
969 3119 1063 3174 sed
1092 3126 1455 3194 semetipsum,
1486 3137 1542 3182 ut
1573 3129 1715 3197 dixi,
1763 3132 1956 3187 millies
1979 3134 2082 3187 im-

519 3203 753 3259 molavit.
777 3206 836 3261 in
857 3208 1000 3266 Isaac
1014 3213 1224 3281 quidem
1249 3217 1436 3287 aliquis
1457 3220 1762 3287 admiratur,
1787 3233 1836 3279 et
1859 3223 1960 3278 alia
1976 3225 2092 3293 qui-

519 3293 641 3348 dem
665 3296 907 3365 plurima,
937 3303 1028 3356 sed
1055 3307 1319 3374 praecipue
1349 3311 1649 3377 patientiam
1680 3330 1694 3367 :
1719 3316 1965 3384 quoniam
1987 3331 2089 3385 pu-

511 3393 631 3476 teos
651 3387 876 3457 fodiens,
894 3399 948 3445 et
963 3396 1190 3464 propriis
1209 3399 1496 3467 exagitatus
1519 3402 1783 3459 laboribus
1823 3406 1896 3476 (ὁ)
1933 3405 2084 3476 (Gen.

518 3475 632 3548 26),
665 3478 882 3534 minime
917 3483 1226 3540 resistebat:
1249 3486 1342 3541 sed
1390 3490 1554 3546 factos
1586 3507 1613 3546 a
1635 3508 1695 3550 se
1721 3475 1909 3562 puteos
1933 3495 2085 3552 obrui

516 3565 830 3635 patiebatur,
857 3580 1015 3640 atque
1057 3573 1122 3627 ad
1164 3575 1324 3634 alium
1372 3591 1582 3648 semper
1608 3581 1864 3651 migrabat
1890 3584 2084 3639 locum.

518 3655 698 3725 Neque
723 3659 941 3715 collecta
968 3677 1182 3718 suorum
1204 3680 1362 3722 manu
1393 3667 1443 3721 in
1469 3669 1801 3727 adversarios
1826 3674 2079 3743 irruebat,

517 3744 610 3800 sed
638 3749 845 3814 propria
868 3753 1203 3818 possessione
1233 3755 1426 3826 ubique
1465 3759 1716 3826 cedebat,
1745 3763 2087 3834 quoadusque

517 3835 900 3905 iniquissimam
927 3842 1134 3899 illorum
1160 3847 1396 3914 expleret
1419 3851 1775 3920 cupiditatem.
1802 3857 1872 3910 At
1894 3856 2086 3914 Paulus

520 3943 626 3982 non
669 3941 855 4000 puteos
879 3950 1102 3992 cernens
1146 3939 1400 4008 lapidibus
1424 3943 1641 3999 obrutos
1658 3986 1674 4012 ,
1697 3946 1791 4000 sed
1816 3949 2085 4018 proprium

516 4035 706 4091 corpus
723 4064 741 4089 ,
765 4041 868 4081 non
892 4028 1062 4084 solum
1089 4030 1223 4084 sicut
1249 4031 1336 4086 ille
1355 4034 1596 4103 cedebat,
1625 4036 1716 4092 sed
1739 4038 1896 4094 etiam
1923 4055 2016 4096 eos
2053 4055 2083 4094 a

516 4113 705 4182 quibus
753 4115 1116 4187 lapidabatur,
1172 4122 1224 4176 in
1279 4124 1464 4180 caelum
1525 4127 1770 4184 studebat
1836 4130 2080 4186 evehere.

485 4201 724 4268 -Quanto
767 4208 908 4262 enim
956 4211 1182 4278 amplius
1226 4213 1546 4270 obruebatur
1593 4217 1709 4274 fons
1755 4221 1888 4287 iste,
1938 4231 2084 4280 tanto

518 4294 822 4362 erumpebat
849 4298 1034 4366 magis,
1056 4314 1118 4354 ac
1138 4301 1315 4368 plures
1334 4319 1399 4358 ex
1428 4321 1486 4360 se
1513 4305 1699 4363 ﬂuvios
1730 4310 2047 4366 etl‘undendo
2064 4353 2080 4379 ,

521 4381 784 4435 manabat.
815 4384 891 4438 De
916 4386 1312 4457 longanimitate
1349 4407 1412 4448 ac
1455 4397 1704 4463 patientia
1737 4399 1890 4467 hujus
1917 4400 2081 4457 tilium

519 4469 681 4526 Iacob
726 4472 1016 4530 admiratur
1055 4477 1348 4548 Scriptura.
1391 4483 1456 4538 Et
1482 4501 1720 4554 qumnatn
1752 4488 1839 4542 illa
1865 4499 1948 4544 est
1978 4501 2082 4547 tam

518 4560 853 4617 adamantina
876 4579 1090 4633 prorsus
1109 4570 1304 4637 anima,
1323 4588 1440 4642 qua:
1465 4573 1607 4628 Pauli
1627 4577 1929 4645 patientiam
1957 4596 2083 4651 pos-

516 4650 584 4704 sit
609 4651 802 4708 imitari
827 4655 850 4708 l
877 4654 1057 4726 Neque
1078 4658 1218 4712 enim
1245 4660 1323 4716 bis
1343 4671 1544 4730 septem
1570 4679 1849 4734 annorum,
1879 4650 1972 4726 sed
1999 4680 2082 4727 to-

518 4742 621 4796 tius
670 4744 790 4799 vitae
837 4750 1104 4803 servitium
1135 4765 1231 4818 pro
1256 4765 1448 4822 Sponsa
1473 4757 1687 4824 pertulit
1715 4759 1947 4828 Christi,
1975 4781 2082 4822 non

516 4832 732 4888 adustus
755 4835 924 4890 solum
946 4846 1079 4892 :estu
1101 4839 1202 4895 diei
1217 4851 1269 4896 et
1294 4844 1464 4900 noctis
1482 4847 1620 4915 gelu,
1650 4848 1743 4904 sed
1767 4854 2080 4911 tentationes

519 4922 661 4977 mille
707 4928 1010 4996 perpetiens
1039 4947 1052 4983 :
1085 4938 1140 4984 et
1162 4947 1300 4987 nunc
1318 4935 1528 5004 quidem
1557 4937 1895 5008 verberibus,
1943 4959 2083 5001 nunc

519 5029 643 5069 vero
673 5015 932 5086 lapidibus
956 5023 1151 5077 scissus
1175 5034 1331 5096 atque
1355 5029 1591 5096 collisus,
1622 5042 1676 5088 et
1702 5049 1841 5090 nunc
1866 5036 2080 5105 quidem

516 5120 636 5158 eum
681 5105 896 5176 bestiis,
946 5111 1106 5167 modo
1142 5124 1318 5170 autem
1345 5117 1588 5175 ﬂuctibus
1615 5139 1849 5194 pugnans
1879 5143 1892 5180 :
1924 5127 2081 5183 modo

519 5195 680 5249 etiam
719 5197 894 5253 nimiae
918 5209 1076 5272 atque
1126 5208 1388 5264 continua:
1431 5195 1694 5268 reluctans
1740 5214 1863 5270 fami
1893 5216 2082 5280 diebus

516 5295 671 5356 atque
696 5290 935 5346 noctibus
956 5333 972 5359 ,
1002 5302 1056 5350 et
1094 5295 1232 5352 inter
1261 5303 1546 5358 certamina
1573 5305 1764 5374 ubique
1802 5308 2080 5376 prosiliens

517 5377 590 5448 (2.
621 5378 738 5434 Cor.
767 5380 900 5455 1L),
922 5397 1100 5455 captas
1124 5405 1250 5445 oves
1275 5406 1340 5446 ex
1365 5392 1554 5450 diaboli
1581 5396 1813 5453 faucibus
1835 5403 2084 5458 extrahe-

575 5468 794 5553 fomlam
809 5473 1057 5553 habentur
1079 5481 1127 5528 in
1147 5482 1307 5553 aliqua
1339 5483 1641 5536 Homiliarum
1680 5488 1745 5537 de
1777 5479 2078 5553 Paenitentia,

511 5543 625 5612 qua:
635 5531 763 5612 olim
782 5538 921 5612 tertia
946 5531 1312 5604 numerabatur;
1337 5531 1467 5595 nunc
1483 5531 1645 5598 autem
1668 5531 1746 5600 est

513 5595 676 5652 quin:a
704 5595 766 5643 de
790 5602 972 5648 Laure.

574 5650 648 5714 (bl
680 5661 838 5706 tsraeca
856 5663 1018 5711 versio
1041 5661 1205 5726 habet,
1231 5668 1423 5730 proprie
1439 5675 1636 5721 exactus
1669 5668 1863 5734 ﬁnibus.

1284 301 1342 358 8.
1382 303 1657 364 ΙΟΛΝΝΙΞ
1686 312 2150 375 CllRYSUSTUMl
2189 321 2507 381 ARClllEP.
2547 328 3083 391 CONSTANTINOP.

3675 338 3778 396 ιτε

2203 435 2312 492 bat.
2357 439 2460 496 Sed
2503 454 2555 499 et
2601 445 2795 515 Joseph
2847 449 3110 516 pudicitia}
3138 450 3330 505 virtute
3371 448 3650 509 decoratus
3693 465 3775 509 est

2205 529 2356 600 (Gen.
2385 533 2474 603 39)
2507 551 2522 598 ;
2554 545 2606 588 at
2628 551 2728 605 ego
2762 553 2951 592 vereor
2981 555 3046 594 ne
3067 540 3174 609 jam
3217 541 3495 596 ridiculum
3546 545 3612 597 sit
3652 546 3777 600 hinc

2200 623 2421 680 Paulum
2450 628 2584 682 velle
2614 629 2848 697 laudare,
2873 632 2960 701 qui
2987 642 3153 686 semet
3179 633 3349 702 ipsum
3375 634 3572 688 mundo
3597 637 3775 690 cruci-

2201 714 2365 786 figens
2405 717 2599 787 (Colat.
2634 721 2665 776 6
2692 722 2732 789 )·,
2767 738 2870 778 non
2914 725 3086 778 solum
3117 725 3463 781 humanorum
3491 743 3774 797 corporum
3855 797 3857 799 ι

2203 809 2652 876 pulchritudines,
2680 813 2775 867 sed
2800 815 2973 867 omnia
3004 815 3072 869 ita
3102 816 3380 883 cernebat,
3425 817 3774 888 quemadmo-

2201 899 2325 953 dum
2354 917 2450 956 nos
2493 901 2723 958 favillam
2751 905 3090 976 cineremque
3119 907 3441 976 despicimus
3461 951 3477 977 ,
3505 910 3596 979 qui
3621 910 3779 979 quasi

2199 1003 2440 1048 mortuus
2461 1010 2676 1063 prorsus
2702 998 2766 1050 ad
2791 1008 3055 1053 mortuum
3095 1000 3379 1056 immobilis
3409 1002 3774 1071 permanebat.

2201 1082 2380 1153 Itaque
2406 1100 2527 1139 cum
2553 1096 2692 1140 tanta
2717 1089 2876 1142 animi
2915 1104 3041 1143 cura
3088 1092 3462 1160 comprimeret
3510 1094 3776 1146 incentiva

2199 1173 2445 1228 vitiorum
2473 1187 2528 1230 et
2570 1186 2807 1244 naturae,
2854 1180 2983 1234 nihil
3030 1180 3319 1237 humanum
3347 1182 3414 1237 ab
3455 1183 3633 1254 aliquo
3676 1183 3773 1238 ali-

2200 1265 2411 1334 quando
2438 1282 2718 1336 perpessus
2739 1279 2836 1324 est.

2269 1355 2466 1411 Paulus
2508 1375 2622 1412 cum
2670 1358 2770 1415 Job
2809 1365 3081 1433 confertur.
3105 1392 3178 1404 —
3221 1363 3445 1434 Stupent
3481 1371 3628 1419 certe
3669 1362 3773 1419 Job

2200 1464 2384 1504 omnes
2433 1451 2703 1515 homines,
2733 1459 2786 1507 et
2827 1453 2980 1508 valde
3026 1455 3206 1524 utique
3256 1455 3649 1509 convenienter.
3679 1455 3777 1510 Est

2200 1542 2341 1594 enim
2372 1541 2458 1594 ille
2484 1541 2681 1597 athleta
2715 1543 2969 1597 mirabilis
2996 1563 3010 1598 :
3034 1553 3082 1599 et
3106 1546 3194 1614 qui
3217 1545 3432 1598 Paulum
3466 1546 3636 1615 ipsum
3663 1545 3776 1599 vel-

2198 1640 2257 1685 ut
2285 1647 2349 1685 ex
2395 1632 2619 1688 adverso
2655 1634 2821 1702 possit
2862 1636 3101 1704 aspicere
3143 1636 3211 1689 ob
3235 1636 3536 1706 patientiam
3569 1636 3774 1704 purita-

2201 1729 2414 1790 temque
2443 1723 2586 1789 vitae,
2618 1722 2687 1776 ob
2715 1724 3072 1780 testimonium
3100 1726 3216 1792 Dei,
3250 1733 3458 1795 propter
3480 1725 3621 1778 illam
3650 1741 3771 1780 cum

2199 1811 2412 1867 diabolo
2450 1813 2791 1867 fortissimam
2831 1829 3079 1885 pugnam,
3112 1825 3328 1885 propter
3352 1817 3624 1870 victoriam
3652 1830 3774 1885 qua:

2200 1906 2428 1972 pugnam
2454 1912 2672 1972 sequuta
2700 1914 2814 1970 est;
2842 1914 2896 1957 at
2911 1904 3103 1959 Paulus
3126 1921 3230 1959 non
3261 1906 3530 1961 mensibus
3543 1913 3770 1967 tantum,

2198 1993 2291 2048 sed
2321 1993 2473 2047 annis
2501 1993 2740 2062 plurimis
2786 1995 2840 2048 in
2897 2009 3065 2062 agone
3091 1994 3417 2064 perdurans,
3461 2003 3566 2074 tam
3594 1994 3774 2048 clarus

2198 2085 2432 2152 emicuit,
2466 2100 2572 2139 non
2597 2095 2750 2140 terra:
2782 2085 2934 2154 gleba
2955 2085 3157 2138 saniem
3179 2085 3356 2139 carnis
3381 2084 3605 2139 eradens
3627 2125 3642 2148 ,
3673 2083 3770 2136 sed

2198 2176 2252 2230 in
2284 2175 2446 2246 ipsius
2475 2175 2817 2244 iutelligibilis
2840 2189 2901 2230 os
2931 2175 3100 2229 leonis
3135 2174 3436 2244 frequenter
3468 2174 3768 2236 incurrens,

2197 2276 2251 2320 et
2298 2281 2535 2336 pugnans
2585 2266 2841 2320 adversus
2883 2266 3202 2320 tentationes
3252 2265 3592 2331 innumeras,
3621 2257 3771 2318 omni

2198 2367 2316 2413 erat
2349 2357 2520 2426 lapide
2551 2356 2877 2422 tolerantior,
2908 2356 2996 2426 qui
3028 2371 3130 2410 non
3174 2369 3204 2409 a
3234 2355 3400 2410 tribus
3427 2364 3515 2408 aut
3543 2364 3772 2423 quatuor

2197 2449 2403 2513 amicis,
2432 2448 2525 2502 sed
2551 2463 2581 2502 a
2602 2448 2807 2503 cunctis
2835 2447 3156 2512 infidelibus,
3186 2462 3216 2501 a
3238 2446 3382 2500 falsis
3402 2449 3557 2501 etiam
3586 2445 3772 2499 fratri-

2195 2541 2294 2596 bus
2319 2540 2602 2611 opprobria
2640 2540 2969 2606 sustinebat,
3001 2547 3343 2609 consputatus
3389 2539 3456 2592 ab
3481 2539 3728 2592 omnibus
3749 2578 3768 2603 ,

2194 2644 2351 2703 atque
2381 2631 2710 2687 maledictus.
2734 2632 2838 2687 Sed
2865 2632 3002 2686 illius
3041 2641 3156 2686 erat
3184 2645 3369 2699 magna
3397 2629 3724 2698 hospitalitas
3748 2669 3766 2692 ,

2197 2733 2251 2779 et
2279 2739 2404 2778 cura
2428 2738 2753 2793 pauperum:
2796 2737 2894 2777 nec
2920 2737 3015 2776 nos
3049 2722 3260 2790 quidem
3306 2721 3443 2776 istud
3473 2733 3764 2790 negamus;

2192 2816 2284 2870 sed
2310 2815 2453 2870 Pauli
2478 2830 2594 2870 eam
2623 2813 2931 2869 liberalitate
2954 2813 3254 2867 inferiorem
3275 2799 3545 2877 docemus,
3568 2819 3622 2863 et
3643 2819 3767 2862 tan-

2194 2918 2247 2962 to
2273 2907 2594 2970 inferiorem,
2615 2915 2807 2975 quanto
2823 2906 2995 2958 anima
3025 2913 3106 2959 est
3128 2918 3320 2972 corpus
3336 2902 3569 2956 inferius.
3591 2901 3763 2968 Quam

2191 3001 2330 3053 enim
2358 2999 2445 3053 ille
2471 3013 2649 3052 curam
2673 2995 3009 3065 impendebat
3036 3011 3194 3050 carne
3219 2992 3766 3049 debilibushanciste

2191 3092 2365 3145 anima
2386 3089 2637 3144 morbidis
2657 3089 2957 3151 exhibebat,
2980 3084 3120 3143 nunc
3142 3087 3336 3141 mentis
3351 3086 3593 3141 sensibus
3613 3085 3764 3138 clau-

2191 3182 2430 3236 dicantes
2457 3179 2732 3250 dirigendo
2770 3179 2822 3234 in
2855 3181 2984 3234 recti
3032 3178 3236 3233 itineris
3284 3177 3545 3230 incessum
3576 3217 3589 3241 ,
3620 3189 3763 3228 nunc

2190 3271 2428 3326 nuditate
2487 3271 2754 3325 deformes
2816 3268 2951 3324 stola
3000 3269 3228 3323 caelestis
3270 3266 3617 3336 philosophia:
3667 3280 3763 3318 ve-

2190 3361 2418 3416 sticndo.
2452 3361 2508 3415 ln
2541 3360 2908 3429 corporalibus
2953 3373 3163 3428 quoque
3188 3357 3456 3412 beneficiis
3484 3367 3628 3410 tanto
3668 3356 3763 3410 ille

2189 3451 2491 3521 superabat,
2517 3459 2712 3521 quanto
2741 3459 2822 3504 est
2848 3447 3072 3519 amplius
3099 3449 3150 3502 in
3177 3446 3312 3502 fame
3341 3455 3395 3499 et
3417 3454 3649 3517 egestate
3673 3446 3758 3498 v1-

2189 3554 2398 3598 ventem
2425 3543 2776 3613 indigentibus
2798 3543 2934 3597 ferre
2965 3541 3284 3611 praesidium,
3311 3556 3468 3610 quam
3501 3536 3554 3593 id
3582 3540 3758 3608 ipsum

2189 3635 2253 3688 de
2279 3634 2575 3687 divitiarum
2601 3633 2867 3688 afﬂuentia
2891 3633 3206 3686 ministrare.
3229 3630 3358 3684 Nam
3387 3630 3523 3684 illius
3543 3628 3760 3698 quidem

2189 3727 2333 3780 omni
2362 3724 2660 3780 advenienti
2698 3721 3268 3794 aperiebatur-domus,
3299 3719 3453 3789 hujus
3491 3734 3617 3772 vero
3641 3718 3760 3770 ani-

2193 3834 2277 3872 ma
2301 3819 2549 3872 universo
2577 3817 2787 3887 patebat
2808 3815 2924 3869 orbi
2950 3855 2965 3881 ,
2997 3829 3058 3868 ac
3088 3813 3319 3867 fidelium
3353 3811 3572 3881 populos
3603 3809 3758 3863 beni-

2187 3926 2304 3980 gn:e
2343 3909 2534 3965 mentis
2563 3909 2850 3978 recipiebat
2878 3907 3139 3975 hospitio,
3163 3905 3346 3960 dicens
3379 3921 3392 3956 :
3433 3903 3553 3956 Non
3591 3919 3760 3972 angu-

2187 4003 2410 4057 stiumim’
2433 4002 2486 4054 in
2513 4002 2652 4054 nobis
2676 4041 2691 4065 ,
2733 3997 3088 4070 angustiamiui
3115 4007 3279 4049 autem
3308 3997 3359 4048 in
3386 3993 3652 4048 uisceribus
3676 4009 3762 4046 ve-

2186 4093 2325 4164 stris(
2347 4092 2402 4145 2.
2436 4091 2554 4145 Cor.
2587 4091 2638 4144 6.
2670 4088 2779 4159 122).
2817 4090 2883 4143 Et
2909 4087 2998 4142 ille
3035 4086 3246 4157 quidem
3274 4100 3393 4139 cum
3423 4097 3549 4138 oves
3573 4091 3630 4136 et
3655 4081 3757 4134 bo-

2187 4201 2278 4240 ves
2335 4183 2551 4238 haberet
2593 4182 2925 4244 innumeras,
2956 4187 3069 4234 erat
3115 4178 3167 4231 in
3201 4189 3456 4246 pauperes
3499 4172 3753 4235 liberalis;

2187 4277 2272 4330 hic
2301 4289 2428 4329 vero
2449 4273 2578 4327 nihil
2607 4271 2832 4342 amplius
2859 4285 3083 4339 corpore
3109 4284 3207 4323 suo
3235 4266 3528 4337 possidens,
3560 4263 3628 4317 de
3652 4262 3759 4316 hoc

2186 4367 2301 4435 ipso
2327 4365 2650 4419 sufficienter
2693 4357 3043 4432 indigentibus
3087 4359 3412 4413 ministrabat
3444 4375 3456 4410 :
3488 4355 3629 4425 quod
3654 4354 3758 4407 ali-

2185 4457 2304 4511 cubi
2333 4456 2444 4527 ipse
2469 4468 2909 4519 conunemoraus,
2939 4451 3346 4514 Neceuitatibus,
3381 4449 3568 4517 inquit,
3607 4447 3754 4512 meis,

2185 4559 2229 4604 et
2255 4550 2330 4602 his
2357 4551 2442 4619 qui
2462 4565 2650 4602 mecum
2675 4555 2815 4601 erant
2853 4546 3254 4599 ministraverunt
3277 4558 3453 4594 manus
3479 4541 3589 4593 ista:
3618 4540 3756 4609 (Act.

2185 4642 2273 4697 20.
2305 4643 2372 4696 54
2400 4643 2439 4712 ).
2471 4640 2720 4710 Corporis
2746 4640 2887 4694 enim
2915 4640 2997 4693 sui
3026 4653 3240 4706 operam
3267 4636 3410 4690 velut
3436 4650 3498 4688 ex
3525 4633 3759 4702 quadam

2187 4737 2521 4806 possessione
2546 4734 2745 4789 fructus
2772 4733 3127 4789 esurientibus
3150 4729 3458 4798 deputabat.
3501 4723 3607 4780 Sed
3637 4741 3756 4778 ver-

2185 4841 2297 4882 mes
2319 4825 2576 4891 videlicet,
2595 4835 2750 4896 atque
2776 4827 3012 4887 vulnera,
3037 4837 3205 4877 saavos
3226 4824 3381 4890 atque
3396 4816 3762 4873 intolerabiles

2187 4925 2372 4971 sancto
2399 4916 2499 4971 Job
2525 4916 2819 4972 inferebant
2845 4915 3056 4970 dolores
3089 4930 3103 4966 :
3132 4921 3186 4968 et
3223 4928 3320 4983 ego
3349 4912 3553 4974 fateor;
3592 4909 3688 4963 sed
3715 4909 3760 4962 si

2185 5022 2279 5076 per
2319 5018 2424 5061 tam
2473 5008 2668 5062 multos
2713 5023 2880 5062 annos
2918 5006 3065 5062 Pauli
3093 5007 3313 5061 verbera
3341 5045 3355 5068 ,
3399 5010 3453 5058 et
3498 5016 3618 5056 cum
3645 4999 3761 5068 jugi

2184 5097 2325 5154 fame
2357 5100 2516 5153 etiam
2561 5099 2870 5164 nuditatem,
2898 5110 3131 5163 catenas,
3160 5112 3429 5153 carcerem
3449 5139 3465 5164 ,
3498 5095 3720 5149 insidias
3747 5135 3763 5158 ,

2186 5191 2525 5262 periculaque
2549 5191 2875 5258 consideres,
2905 5207 3022 5260 quae
3048 5205 3077 5243 a
3107 5189 3410 5244 domesticis
3427 5229 3442 5253 ,
3483 5186 3550 5240 ab
3573 5194 3764 5240 extra-

2185 5281 2318 5346 neis,
2352 5295 2379 5334 a
2409 5280 2682 5350 tyrannis,
2710 5295 2740 5334 a
2790 5289 2900 5335 toto
2929 5289 3200 5350 postremo
3246 5278 3540 5348 patiebatur
3587 5275 3764 5329 orbe:

2185 5371 2346 5426 addas
2400 5370 2502 5425 huc
2545 5371 2704 5425 etiam
2733 5371 2815 5424 his
2865 5370 3103 5440 profecto
3146 5369 3426 5432 amariora,
3455 5365 3503 5420 id
3531 5374 3634 5430 est,
3664 5380 3765 5434 pro

2185 5465 2265 5520 eis
2291 5463 2380 5535 qui
2429 5465 2739 5521 labebantur
2760 5504 2775 5530 ,
2821 5464 3032 5518 dolores
3055 5505 3070 5530 ,
3108 5461 3516 5517 sollicitudinem
3547 5499 3561 5525 ,
3604 5472 3764 5526 quam

2187 5569 2284 5624 pro
2311 5555 2562 5610 Ecclesiis
2591 5556 2854 5618 omnibus,
2886 5557 3174 5617 ustionem,
3209 5567 3366 5623 quam
3412 5559 3510 5620 pro
3535 5549 3766 5603 scanda-

2187 5647 2356 5704 lizatis
2383 5648 2602 5720 singulis
2628 5647 2945 5718 perferebat,
2971 5646 3171 5703 videbis
3187 5645 3306 5716 quia
3328 5643 3471 5700 omni
3491 5650 3606 5698 erat
3633 5655 3771 5698 saxo
