4038 6204
275 263 392 318 ΠΗ

270 381 491 436 δτέλεσε
514 422 530 446 ,
567 384 662 435 καὶ
709 381 888 434 πᾶσαν
922 378 1146 448 ἀλογίαν
1182 378 1276 432 καὶ
1303 377 1592 449 θηριωδίαν
1621 377 1720 448 τῆς
1755 373 1864 428 τῶν

270 482 586 555 ἀνθρώπων
643 478 858 548 φύσεως
911 478 1156 533 ἐκϐαλὼν
1181 519 1198 544 ,
1245 478 1346 548 τὴν
1401 475 1496 530 τοῦ
1551 475 1867 546 Πνεύματος

271 582 647 652 ἐπεισήγαγεν
669 577 1004 648 ἡμερότητα,
1027 575 1122 629 καὶ
1150 574 1310 644 μέχρι
1337 571 1431 626 νῦν
1457 573 1606 644 μένει
1631 573 1906 652 πλέουσα(

270 682 308 750 ὴ
346 642 584 738 κιϐῶτὸς
612 642 755 744 αὕτη
771 642 799 736 ,1
827 642 920 727 καῖ
941 674 1002 726 οὑ
1027 642 1322 727 διαλύεται.
1349 642 1482 725 Οὑδέ
1508 671 1617 742 γὰρ
1650 642 1902 740 ίσχυσενκ

272 777 454 846 αὐτῆς
479 775 575 838 τὰς
606 774 828 837 σανίδας
875 773 1152 845 χαυνῶσαι
1203 772 1305 842 τῆς
1334 775 1530 837 κακίας
1578 775 1606 826 ό
1639 774 1861 843 χειμὼν,

275 873 400 927 ἀλλ’
427 871 810 942 ὑπερπλέουσα
841 871 1042 941 μᾶλλον
1073 871 1172 925 τοῦ
1211 872 1480 943 χειμῶνος
1501 914 1516 939 ,
1548 875 1646 945 τὴν
1697 873 1865 946 ζάλην

274 971 545 1025 κατέλυσε
567 987 582 1000 ·
625 971 720 1024 καὶ
751 969 896 1040 μάλα
923 970 1150 1034 εἰκότως
1172 983 1186 1000 °
1238 971 1298 1024 οὑ
1341 971 1450 1042 γὰρ
1488 971 1744 1042 ἀσφάλτῳ
1772 973 1866 1025 καὶ

274 1067 446 1138 πίσσῃ
468 1107 483 1130 ,
511 1066 649 1120 ἀλλά
678 1066 955 1137 Πνεύματι
982 1066 1122 1138 ἀγίῳ
1165 1067 1521 1140 κεχρισμέναι
1552 1068 1607 1121 αἱ
1658 1067 1867 1131 σανίδες

271 1158 439 1219 αὗταί
475 1165 635 1218 εἰσιν.
683 1164 844 1219 Ἀλλά
875 1165 965 1220 τὸν
1003 1164 1256 1236 Ἀϐραὰμ
1290 1165 1658 1237 θαυμάζουσιν
1693 1165 1868 1219 ἃπαν-

272 1278 365 1324 τες
390 1303 405 1326 ,
439 1262 524 1314 ὅτι
550 1260 820 1325 ἀκούσας,
853 1260 1098 1325 Ἔξελθε
1123 1261 1193 1314 ἐκ
1231 1261 1343 1330 τῆς
1379 1261 1492 1332 γῆς
1522 1279 1639 1316 σου
1672 1261 1772 1316 καὶ
1798 1262 1867 1315 ἐκ

273 1357 387 1425 τῆς
417 1357 777 1427 συγγενείας
825 1373 942 1412 σου
967 1399 983 1423 ,
1025 1359 1204 1431 ἀφῆκε
1247 1359 1514 1431 πατρίδα,
1541 1361 1636 1414 καὶ
1667 1361 1862 1426 οἰκίαν,

276 1457 371 1510 καὶ
411 1455 600 1523 φίλους
635 1455 729 1508 καὶ
771 1459 1094 1525 συγγενεῖς,
1126 1459 1221 1512 καί⁵
1275 1458 1454 1512 πάντα
1496 1454 1564 1530 ἦν
1610 1458 1758 1530 αὑτῷ
1806 1457 1868 1511 τὸ

275 1554 562 1624 ἐπίταγμα
595 1552 690 1607 τοῦ
735 1553 907 1620 Θεοῦ;
937 1555 1051 1608 Καὶ
1077 1555 1188 1628 γὰρ
1232 1557 1327 1610 καὶ
1350 1558 1513 1626 ἡμεῖς
1542 1556 1700 1610 τοῦτο
1733 1555 1866 1609 θαυ-

282 1651 552 1721 μάζομεν.
595 1649 758 1705 Ἀλλά
803 1651 856 1705 τί
907 1650 1122 1705 Παύλου
1161 1651 1356 1721 γένοιτ’
1387 1652 1454 1706 ἂν
1491 1653 1632 1716 ῐσον;
1675 1655 1770 1717 Ὃς
1801 1654 1862 1706 οὑ

281 1749 522 1820 πατρίδα
543 1748 636 1802 καὶ
662 1747 841 1801 οἰκίαν
874 1749 968 1803 καὶ
1004 1751 1285 1818 συγγενεῖς
1308 1750 1543 1821 ἀφῆκεν,
1570 1750 1685 1804 ἀλλ’
1705 1749 1866 1804 αὑτὸν

279 1845 373 1898 τὸν
402 1845 606 1916 κόσμον
637 1843 727 1899 διά
749 1846 842 1900 τὸν
875 1845 1083 1917 Ἰησοῦν
1103 1887 1116 1908 ,
1153 1847 1353 1917 μᾶλλον
1386 1847 1442 1900 δὲ
1471 1846 1632 1901 αὑτὸν
1663 1847 1753 1900 τὸν
1779 1847 1871 1899 οὑ-

285 1941 466 2011 ρανὸν,
499 1942 592 1995 καὶ
611 1941 703 1995 τὸν
735 1942 963 2013 οὐρανὸν
994 1942 1090 1996 τοῦ
1117 1944 1347 2015 ούρανοῦ
1381 1944 1652 2016 ὑπερεῖδε,
1688 1944 1780 1998 καὶ
1810 1943 1870 1999 ἓν

287 2039 448 2108 μόνον
478 2040 685 2110 ἐζήτει,
709 2037 803 2091 τοῦ
835 2037 1012 2111 Ἰησοῦ
1043 2040 1145 2113 τὴν
1169 2041 1408 2110 ἀγάπην.
1445 2042 1556 2095 Καὶ
1583 2041 1744 2095 ἄκουε
1775 2041 1871 2104 αύ-

281 2136 378 2188 τοῦ
407 2135 566 2188 τοῦτο
600 2134 888 2205 δηλοῦντος
923 2136 1017 2190 καὶ
1051 2135 1299 2207 λέγοντος
1325 2154 1338 2168 ·
1371 2137 1519 2192 Οὔτε
1549 2136 1867 2204 ἐνεστῶτα,

283 2236 424 2288 οὔτε
460 2234 795 2304 μέλλοντα,
825 2234 974 2308 [479]
1011 2236 1148 2290 οὔτε
1191 2237 1441 2307 ὕψωμα,
1497 2237 1635 2292 οὔτε
1677 2237 1872 2303 βάθος

282 2332 617 2400 δυνήσεται
671 2331 830 2402 ἡμᾶς
858 2333 1111 2402 χωρίσαι
1165 2333 1282 2388 ἀπὸ
1335 2332 1445 2402 τῆς
1489 2333 1726 2402 ἀγάπης
1763 2333 1870 2387 τοῦ

285 2430 455 2485 Θεοῦ.
502 2429 637 2483 Ἀλλ’
669 2430 876 2493 ἐκεῖνος
897 2431 976 2494 εἰς
999 2429 1274 2494 κινδύνους
1298 2429 1504 2501 ῥίπτων
1532 2431 1745 2498 ἑαυτὸν,
1780 2430 1871 2484 τὸν

282 2526 602 2594 ἀδελφιδοῦν
632 2525 908 2598 ἐξήρπασε
932 2526 1041 2580 τῶν
1075 2526 1400 2599 βαρϐάρων;
1444 2528 1582 2582 Ἀλλ’
1611 2522 1766 2591 οὗτος
1809 2529 1868 2581 οὑ

281 2625 376 2676 τὸν
406 2623 760 2693 ἀδελφιδοῦν,
794 2623 915 2676 οὐδὲ
942 2627 1090 2696 τρεῖς
1138 2625 1234 2679 καὶ
1272 2625 1434 2680 πέντε
1481 2625 1666 2688 πόλεις
1686 2665 1700 2688 ,
1734 2625 1872 2679 ἀλλά

280 2721 383 2792 τὴν
411 2721 742 2792 οἰκουμένην
773 2722 972 2788 πᾶσαν,
1014 2722 1114 2775 οὐκ
1146 2721 1256 2775 ἀπὸ
1288 2721 1597 2794 βαρϐάρων,
1633 2722 1747 2775 ἀλλ’
1775 2722 1870 2774 ἀπ’

283 2819 458 2889 αὐτῆς
498 2819 596 2889 τῆς
648 2819 756 2872 τῶν
787 2819 1056 2889 δαιμόνων
1092 2819 1369 2892 ἐξήρπασε
1401 2821 1580 2892 χειρὸς
1601 2860 1616 2884 ,
1647 2820 1871 2892 μυρίους

284 2917 409 2970 καθ’
438 2917 679 2987 ἑκάστην
709 2917 994 2988 ὑπομένων
1022 2915 1333 2982 κινδύνους,
1366 2917 1459 2971 καὶ
1499 2919 1612 2981 τοῖς
1653 2917 1872 2980 οἰκείοις

287 3012 541 3076 θανάτοις
582 3013 788 3085 ἐτέροις
825 3013 1025 3085 πολλὴν
1057 3014 1356 3084 ἀσφάλειαν
1395 3013 1690 3085 κτώμενος.
1733 3012 1874 3068 Ἀλλ’

286 3106 404 3157 ἐκεῖ
432 3103 497 3156 τὸ
528 3104 820 3172 κεφάλαιον
858 3104 966 3158 τῶν
1007 3104 1228 3174 ἀγαθῶν
1263 3105 1380 3158 ἐστι
1421 3104 1515 3159 καὶ
1564 3106 1598 3174 ἠ
1647 3105 1874 3176 κορωνὶς

287 3198 384 3266 τῆς
424 3196 780 3266 φτλοσοφίας,
810 3196 872 3250 τὸ
907 3196 1001 3251 τὸν
1049 3197 1163 3251 υἱὸν
1206 3197 1543 3264 καταθῦσαι;
1586 3196 1748 3250 Ἀλλά
1781 3197 1875 3250 καὶ

287 3287 524 3340 ἐνταῦθα
574 3288 644 3341 τά
675 3290 919 3359 πρωτεῖα
948 3289 1101 3358 παρά
1133 3289 1211 3361 τῷ
1239 3289 1438 3358 Παύλῳ
1480 3289 1608 3343 ὅντα
1649 3289 1876 3360 εὑρήσο-

293 3395 420 3450 μενο
451 3381 514 3434 ού
546 3379 657 3451 γάρ
689 3381 832 3444 υίδν,
872 3381 987 3434 ἀλλ’
1029 3381 1220 3435 ἐαυτὸν
1259 3382 1514 3455 μυριάκις
1553 3382 1874 3450 κατέθυσεν,

288 3473 426 3545 ὅπερ
453 3473 626 3544 ἔφθην
665 3473 855 3528 εἰπών.
888 3475 955 3528 Τί
993 3475 1060 3530 ἀν
1088 3493 1173 3540 τις
1207 3477 1504 3550 Θαυμάσειε
1529 3479 1624 3534 τοῦ
1668 3481 1874 3547 ’1σαάκ;

291 3565 471 3618 Πολλά
511 3565 612 3635 μὲν
643 3567 738 3620 καὶ⁵
775 3567 911 3622 ἀλλα
935 3607 950 3631 ,
991 3567 1223 3639 μάλιστα
1273 3569 1330 3622 δέ
1377 3569 1476 3642 τὴν
1503 3571 1873 3638 ἀνεξικακίαν,

291 3654 371 3707 ὅτι
411 3655 625 3727 φρέατα
678 3656 955 3728 ὀρύττων,
995 3660 1090 3713 καὶ
1119 3658 1228 3712 τῶν
1255 3661 1469 3715 οίκείων
1522 3662 1877 3733 ἐλαυνόμενος

293 3750 469 3817 δέων,
509 3750 610 3802 οὑκ
643 3750 899 3822 ἐπεξῄει,
933 3751 1068 3806 ἀλλά
1109 3755 1204 3808 καὶ
1245 3755 1706 3826 καταχωννύμενα
1733 3757 1875 3830 ὀρῶν

296 3841 543 3912 ἠνείχετο
561 3883 580 3909 ,
611 3841 708 3896 καὶ
739 3843 877 3914 πρὸς
904 3844 1089 3916 ἕτερον
1121 3846 1208 3900 ἀεὶ
1240 3847 1529 3917 μεθίστατο
1552 3848 1716 3902 τόπον
1735 3889 1750 3914 ,
1781 3850 1879 3921 ούχ

295 3933 458 4004 ὁμόσε
479 3932 614 4006 [ἀεὶ]
643 3937 755 3998 τοῖς
779 3934 1009 3989 λυποῦσι
1031 3937 1245 4009 χωρῶν,
1270 3939 1384 3992 ἀλλ’
1403 3938 1754 4012 ἐξιστάμενος
1783 3942 1878 3996 καὶ

298 4027 646 4098 παραχωρῶν
699 4028 974 4099 πανταχοῦ
1017 4029 1126 4082 τῶν
1175 4031 1389 4084 οἰκείων
1423 4031 1745 4102 κτημάτων,
1773 4032 1880 4098 ἐως

297 4120 473 4172 αὐτῶν
516 4119 618 4190 τὴν
653 4120 837 4176 ἀδικον
869 4122 1123 4193 ἐκόρεσεν
1153 4122 1468 4194 ἐπιθυμίαν.
1509 4123 1644 4176 Ἀλλ’
1676 4126 1704 4178 ό
1732 4125 1880 4178 Παῦ-

298 4210 383 4274 λος
406 4211 470 4264 ού
500 4211 715 4284 φρέατα
739 4212 908 4277 λίθοις
948 4214 1406 4287 καταχωννύμενα
1439 4215 1580 4287 ὁρῶν
1603 4258 1617 4276 ,
1659 4215 1792 4270 ἀλλά
1819 4216 1881 4270 τὸ

299 4303 492 4356 ἑαυτοῦ
523 4303 717 4375 σῶμα,
771 4305 829 4358 οὑ
861 4307 1211 4378 παρεχώρει,
1245 4308 1495 4380 καθάπερ
1518 4309 1724 4372 ἐκεῖνος
1746 4351 1762 4375 ,
1794 4310 1882 4382 μό-

299 4414 405 4460 νον,
438 4397 558 4450 ἀλλ’
599 4397 781 4451 εἰσιὼν
812 4401 936 4463 τοὺς
969 4400 1136 4464 λίθοις
1173 4400 1463 4470 βάλλοντας
1504 4403 1666 4456 αὑτὸν
1692 4405 1770 4466 εἰς
1791 4404 1882 4457 τὸν

299 4491 524 4561 οὐρανὸν
554 4492 776 4558 ἀνάγειν
792 4491 1110 4560 ἐφιλονείκει
1139 4510 1153 4524 ο
1179 4494 1288 4565 ὅσῳ
1311 4493 1420 4566 γὰρ
1451 4495 1822 4566 κατεχώννυτο
1847 4497 1882 4567 ή

301 4581 470 4652 τηγὴ,
500 4583 743 4654 τοσούτῳ
779 4584 976 4654 μᾶλλον
1025 4585 1406 4657 ἐξερῤήγνυτο,
1437 4587 1530 4640 καὶ
1559 4587 1774 4651 πλείους
1799 4586 1884 4654 ἐξ·

302 4674 416 4744 ἐχεε
447 4676 732 4745 ποταμοὺς
757 4677 836 4739 εἰς
866 4677 1164 4748 ὑπομονήν.
1183 4678 1340 4731 Ἀλλά
1365 4679 1456 4732 τὸν
1472 4679 1634 4733 παῖδα
1656 4679 1746 4733 τὸν
1764 4679 1885 4732 τού-

302 4783 390 4819 του
424 4768 701 4836 θαυμάζει
751 4769 852 4838 τῆς
886 4771 1181 4842 καρτερίας
1224 4774 1258 4842 ή
1309 4773 1538 4843 Γραφή;
1594 4773 1704 4824 Καὶ
1753 4772 1882 4824 ποία

300 4858 637 4930 ἀδαμαντίνη
662 4860 804 4933 ψυχὴ
832 4862 930 4933 τὴν
955 4864 1166 4917 Παύλου
1188 4862 1390 4916 δύναιτ’
1417 4866 1480 4918 ἂν
1513 4863 1881 4930 ἐπιδείξασθαι

302 4951 615 5024 ὑπομονὴ-ις
653 4954 784 5006 Ούδέ
814 4955 924 5027 γὰρ
955 4957 1034 5019 δὶς
1069 4958 1208 5010 ἐπτά
1247 4957 1339 5028 ἐτη
1382 4958 1720 5022 ἐδούλευσεν,
1749 4958 1884 5012 ἀλλά

300 5043 387 5096 τὸν
417 5045 596 5097 πάντα
633 5044 748 5114 βίον
782 5047 922 5118 ὑπὲρ
960 5049 1056 5118 τῆς
1092 5049 1186 5102 τοῦ
1238 5049 1473 5121 Χριστοῦ
1521 5049 1738 5121 νύμφης
1761 5091 1776 5116 ,
1821 5052 1882 5104 οὑ

305 5137 699 5208 συγκαιόμενος
737 5139 896 5209 μόνον
933 5140 1011 5210 τῷ
1043 5141 1281 5212 καύματι
1332 5143 1434 5214 τῆς
1489 5144 1702 5217 ἡμέρας
1726 5185 1742 5212 ,
1792 5145 1886 5198 καὶ

303 5224 377 5295 τῷ
404 5227 631 5298 παγετῷ
656 5229 753 5298 τῆς
786 5231 1006 5296 νυκτὸς,
1039 5232 1188 5310 ἀλλά.
1207 5235 1408 5305 μυρίας
1432 5236 1658 5304 νιφάδας
1691 5255 1885 5308 πειρα-

305 5318 455 5386 σμῶν
501 5320 828 5390 ὑπομένων,
878 5323 972 5376 νῦν
1013 5325 1111 5394 μὲν
1149 5326 1415 5396 μάστιγας
1446 5327 1757 5400 λαμϐάνων,
1791 5329 1886 5384 νῦν

301 5407 361 5462 δέ
392 5410 563 5476 λίθοις
593 5413 654 5466 τὸ
705 5413 862 5484 σῶμα
895 5415 1216 5488 βαλλόμενος
1236 5460 1250 5484 ,
1302 5421 1395 5474 καί
1423 5419 1518 5474 νῦν
1551 5422 1649 5492 μὲν
1679 5421 1887 5494 θηρίοις

308 5501 636 5572 μαχόμενος,
652 5503 747 5557 νῦν
772 5505 826 5558 δὲ
850 5507 1075 5577 πελάγει
1103 5510 1406 5577 πυκτεύων,
1425 5513 1520 5565 καὶ
1547 5513 1689 5584 λιμῷ
1712 5514 1888 5583 διηνε-

306 5594 394 5645 κεῖ
425 5595 641 5666 ἡμέρας
688 5598 780 5650 καὶ
810 5601 1000 5664 νυκτὸς
1022 5640 1036 5664 ,
1067 5602 1162 5655 καὶ
1191 5603 1418 5675 κρυμῷ,
1465 5605 1558 5658 καὶ
1608 5603 1885 5677 πανταχοῦ

306 5686 440 5757 ὑπὲρ
494 5689 564 5742 τὰ
619 5693 916 5767 σκάμματα
957 5697 1174 5768 πηδῶν,
1226 5701 1319 5755 καὶ⁸
1371 5700 1439 5752 τά
1480 5698 1723 5772 πρόϐατα
1778 5699 1886 5754 ἀπὸ

1101 245 1190 302 DE
1236 243 1581 302 LAUDIBLTS
1619 245 1677 300 S.
1720 244 1926 302 PAULI
1965 249 2328 308 APOS‘I'OLI.
2371 252 2604 314 HOMIL.
2645 257 2715 312 ll.

3437 266 3542 323 476

1967 379 2069 448 τῆς
2115 383 2209 438 τοῦ
2251 386 2494 441 διαϐόλου
2549 388 2829 458 φάρυγγος
2860 385 3218 457 ἀφαρπάζων.
3245 389 3404 443 Ἀλλὰ
3437 396 3542 444 σώ-

1969 497 2120 550 φρων
2141 481 2170 532 ό
2206 480 2442 552 Ἰωσήφ;
2477 479 2636 533 Ἀλλά
2659 481 2869 534 δέδοικα
2906 482 2979 551 μὴ
3011 481 3183 549 γέλως
3281 485 3373 536 τὸν
3394 485 3544 538 Παῦο

1966 573 2056 626 λον
2097 571 2344 625 ἐντεῦθεν
2374 574 2760 643 ἐγκωμιάζειν,
2793 574 2851 635 ὃς
2881 575 3226 645 ἐσταύρωσεν
3257 575 3446 629 ἑαυτὸν
3471 576 3546 648 τῷ

1967 666 2192 737 κόσμῳ,
2223 667 2318 720 καὶ
2364 665 2425 718 ού
2458 665 2527 718 τά
2567 665 2795 736 λαμπρά
2848 668 2904 719 ἐν
2947 671 3057 731 τοῖς
3111 665 3323 738 σώμασι
3363 669 3543 738 μόνον,

1967 759 2103 812 ἀλλὰ
2141 760 2316 812 πάντα
2346 759 2417 812 τά
2447 759 2746 830 πράγματα
2775 760 2944 822 οὕτως
2973 759 3139 832 ἐώρα,
3163 761 3237 823 ὼς
3271 763 3425 832 ἡμεῖς
3450 761 3545 832 τὴν

1968 851 2112 904 κόνιν
2140 853 2232 904 καὶ
2258 851 2356 921 τὴν
2388 851 2595 923 τέφραν
2619 894 2632 917 ,
2657 851 2750 906 καὶ
2781 853 2855 916 ὡς
2880 851 2945 906 ἂν
2973 853 3162 924 νεκρὸς
3188 854 3323 925 πρὸς
3355 855 3546 926 νεκρὸν

1967 943 2221 1014 ἀκίνητος
2249 943 2476 1011 γένοιτο.
2511 943 2664 997 Οὕτω
2706 945 2842 1014 μετά
2873 946 3156 1016 ἀκριϐείας
3181 948 3278 1018 τῆς
3331 947 3547 1015 φύσεως

1968 1036 2036 1090 τὰ
2066 1037 2411 1108 σκιρτήματα
2443 1037 2804 1100 κατευνάζων,
2832 1039 2984 1092 οὐδὲν
3017 1039 3269 1092 οὐδέποτε
3297 1040 3431 1112 πρὸς
3452 1041 3546 1093 οὑο

1968 1128 2057 1181 δέν
2085 1125 2421 1195 ἀνθρώπινον
2450 1126 2621 1192 πάθος
2642 1128 2858 1182 ἔπαθεν.

2052 1221 2474 1292 Ἐκπλήττονται
2517 1221 2606 1275 τὸν
2651 1219 2772 1273 Ἰὼϐ
2811 1221 3052 1288 ἅπαντες
3086 1220 3394 1292 ἀνθρωποι;
3439 1222 3547 1274 Καὶ

1972 1313 2118 1384 μάλα
2140 1313 2394 1377 εἰκότως⁶
2424 1314 2520 1367 καὶ
2543 1314 2652 1384 γάρ
2679 1313 2850 1383 μέγας
2876 1313 3112 1384 ἀθλητὴς
3131 1353 3146 1378 ,
3173 1315 3267 1367 καὶ
3294 1314 3426 1384 πρὸς
3451 1323 3548 1366 ao-

1967 1407 2058 1460 τὸν
2087 1407 2177 1461 τὸν
2201 1405 2414 1460 Παῦλον
2442 1407 2802 1478 παρισοῦσθαι
2837 1407 3160 1477 δυνάμενος,
3188 1405 3277 1460 διὰ
3302 1407 3400 1476 τὴν
3427 1409 3549 1460 ὑποο

1972 1499 2158 1571 μονὴν,
2188 1500 2274 1554 διά
2298 1501 2397 1570 τὴν
2419 1500 2511 1553 τοῦ
2536 1500 2649 1570 βίου
2675 1500 3042 1573 καθαρότητα,
3071 1501 3158 1554 διὰ
3178 1500 3275 1572 τὴν
3301 1501 3391 1554 τοῦ
3413 1501 3551 1554 Θεου

1973 1591 2312 1662 μαρτυρίαν,
2345 1590 2433 1644 διὰ
2481 1591 2576 1662 τὴν
2632 1593 2904 1663 καρτερὰν
2956 1594 3135 1663 μάχην
3173 1593 3385 1662 ἐκείνην
3409 1633 3424 1653 ,
3459 1591 3549 1646 διὰ

1968 1685 2068 1754 τὴν
2106 1683 2425 1755 θαυμαστὴν
2471 1683 2626 1754 νίκην
2665 1684 2762 1754 τὴν
2813 1685 2952 1754 μετά
2998 1685 3096 1755 τὴν
3140 1686 3339 1756 μάχην.
3389 1685 3551 1738 Ἀλλά

1970 1777 2179 1841 Παῦλος
2207 1778 2326 1847 οὐχὶ
2357 1777 2532 1847 μῆνας
2560 1776 2788 1840 πολλοὺς
2841 1779 3238 1848 ἀγωνιζόμενος
3275 1779 3417 1833 οῦτω
3467 1779 3548 1832 δι-

1970 1869 2105 1938 ῆγεν
2132 1907 2147 1930 ,
2179 1868 2292 1921 ἀλλ’
2331 1867 2424 1938 ετη
2457 1867 2644 1931 πολλὰ,
2665 1868 2784 1938 οὐχ).
2812 1869 2992 1936 τήκων
3025 1868 3274 1938 βώλακας
3312 1870 3416 1940 γῆς
3441 1869 3550 1924 ἀπὸ

1975 1959 2169 2030 ἰχῶρος
2207 1960 2300 2012 καί¹
2349 1958 2441 2012 ἐπὶ
2489 1957 2722 2028 κοπρίας
2753 1959 3093 2030 καθήμενος,
3125 1961 3239 2013 ἀλλ’
3289 1963 3371 2023 εἰς
3418 1961 3549 2014 αὑτὸ

1969 2049 2064 2104 τοῦ
2089 2051 2303 2113 λέοντος
2333 2049 2394 2102 τὸ
2426 2049 2614 2121 νοητὸν
2645 2050 2818 2119 στόμα
2844 2049 3080 2120 συνεχῶς
3107 2051 3424 2121 ἐμπίπτων,
3456 2055 3550 2106 καὶ

1975 2140 2187 2211 μυρίοις
2242 2139 2487 2194 παλαίων
2525 2143 2879 2210 πειρασμοῖς,
2934 2140 3084 2213 [480]
3131 2144 3311 2212 πάσης
3343 2143 3550 2214 πέτρας

1974 2233 2323 2304 στερρότερος
2357 2228 2424 2302 ἦν
2449 2248 2461 2261 ·
2502 2233 2621 2302 οὑχ).
2671 2233 2819 2302 παρά
2855 2234 3024 2303 τριῶν
3064 2234 3262 2302 φίλων,
3294 2235 3326 2305 ἦ
3355 2237 3551 2290 τεσσά-

1977 2341 2106 2395 ρων,
2134 2324 2268 2378 ἀλλά
2293 2324 2443 2396 παρά
2467 2325 2684 2378 πάντων
2710 2323 3098 2395 ὀνειδιζόμενος
3125 2326 3230 2379 τῶν
3263 2327 3552 2380 ἀπιστούν-

1969 2417 2078 2472 των
2104 2418 2502 2488 ψευδαδέλφων,
2533 2418 2938 2488 ἐμπτυόμενος,
2965 2418 3391 2490 λοιδορούμενος.
3411 2421 3549 2474 Ἀλλ’

1972 2516 2006 2584 ή
2048 2511 2320 2581 φιλοξενία
2346 2511 2441 2565 τοῦ
2481 2513 2599 2565 Ἰὼϐ
2651 2511 2891 2582 μεγάλη,
2926 2512 3020 2566 καὶ
3049 2513 3081 2582 ή
3109 2513 3244 2582 πρὸς
3281 2514 3408 2576 τοὺς
3439 2513 3554 2566 δεο-

1930 2597 1934 2606 :
1976 2605 2169 2676 μένους
2190 2605 2518 2676 κηδεμονία;
2545 2605 2678 2658 Οὑδὲ
2704 2607 2867 2674 ἡμεῖς
2891 2605 3221 2677 ἀντεροῦμεν
3241 2623 3254 2636 ο
3291 2605 3430 2658 ἀλλά
3456 2609 3552 2674 τῆς

1973 2695 2186 2748 Παύλου
2210 2694 2462 2750 τοσοῦτον
2485 2695 2911 2764 καταδεεστέραν
2939 2695 3244 2766 εὑρήσομεν
3265 2738 3279 2758 ,
3303 2696 3426 2749 ὅσον
3449 2697 3552 2766 Qu»

1972 2789 2071 2856 χῆς
2107 2786 2264 2856 σῶμα
2291 2785 2616 2856 ἀφέστηκεν.
2655 2787 2721 2837 Ἀ
2760 2785 2868 2854 γὰρ
2895 2787 3101 2845 ἐκεῖνος
3135 2787 3264 2857 περὶ
3299 2787 3425 2851 τοὺς
3451 2789 3553 2858 τὴν

1975 2878 2155 2948 σάρκα
2183 2876 2612 2947 πεπηρωμένους
2639 2877 2982 2930 ἐπεδείκνυτο
3003 2917 3017 2939 ,
3047 2877 3216 2930 ταῦτα
3241 2873 3393 2942 οὗτος
3423 2883 3552 2952 περὶ

1972 2968 2099 3030 τοὺς
2129 2967 2228 3038 τὴν
2254 2965 2428 3037 ψυχὴν
2468 2965 2878 3036 λελωϐημένους
2907 2965 3162 3037 ἔπραττε,
3195 2969 3402 3033 πάντας
3426 2971 3554 3035 τοὺς

1973 3060 2182 3132 χωλοὺς
2215 3060 2308 3114 καὶ
2334 3059 2650 3131 ἀναπήρους
2701 3059 2792 3112 τὸν
2837 3059 3094 3131 λογισμὸν
3137 3061 3551 3134 διορθούμενος,

1975 3150 2069 3204 καὶ
2101 3151 2226 3212 τοὺς
2249 3149 2488 3220 γυμνοὺς
2521 3150 2616 3202 καὶ
2645 3147 3088 3219 ἀσχημονοῦντας
3111 3150 3451 3222 περιϐάλλων
3486 3156 3554 3226 τῇ

1975 3241 2074 3312 τῆς
2094 3239 2409 3310 φιλοσοφίας
2435 3239 2593 3311 στολῇ
2621 3257 2636 3274 ·
2675 3241 2767 3295 καί
2789 3243 2847 3294 ἐν
2885 3245 2997 3306 τοῖς
3026 3248 3356 3314 σωματικοῖς
3379 3247 3434 3302 δέ
3468 3265 3558 3303 το-

1979 3332 2166 3386 σοῦτον
2204 3331 2369 3386 αὑτοῦ
2402 3333 2626 3404 περιῆν,
2656 3333 2766 3404 ὅσῳ
2807 3333 2985 3404 πολλῷ
3027 3335 3212 3406 μεῖζον
3255 3337 3348 3391 τὸν
3395 3341 3556 3412 πενίᾳ

1979 3425 2226 3490 συζῶντα
2254 3437 2280 3466 ι
2327 3424 2422 3478 καὶ
2461 3424 2604 3496 λιμῷ
2636 3425 2849 3498 βοηθεῖν
2894 3429 3004 3492 τοῖς
3034 3428 3304 3500 δεομένοις
3324 3471 3342 3498 ,
3369 3431 3463 3486 τοῦ
3493 3436 3558 3488 ἐκ

1979 3517 2298 3590 περιουσίας
2327 3515 2486 3571 τοῦτο
2514 3519 2688 3570 ποιεῖν
2711 3536 2724 3548 ·
2755 3519 2850 3572 καὶ
2877 3517 2972 3572 τοῦ
3009 3519 3107 3589 μέν
3154 3521 3186 3591 ἡ
3224 3522 3369 3575 οἰκία
3395 3525 3559 3578 παντὶ

1978 3610 2186 3664 ἐλθόντι
2221 3611 2482 3682 ἀνέῳκτο,
2517 3609 2612 3663 τοῦ
2639 3609 2696 3663 δέ
2729 3611 2763 3681 ἡ
2785 3609 2933 3682 ψυχὴ
2963 3610 3116 3685 πάσῃ
3167 3615 3235 3684 τῇ
3266 3615 3557 3686 οἰκουμένῃ

1976 3701 2228 3772 ήπλωτο,
2262 3703 2358 3754 καὶ
2401 3699 2728 3772 ὁλοκλήρους
2775 3700 2979 3773 δήμους
3007 3703 3312 3775 ὑπεδέχετο.
3349 3706 3438 3760 Διὸ
3467 3709 3560 3763 καὶ

1979 3795 2163 3863 ἔλεγεν
2181 3807 2197 3823 ⁸
2241 3795 2324 3848 Οὐ
2347 3793 2815 3863 στενοχωρεῖσθε
2858 3795 2928 3848 ἐν
2954 3794 3098 3864 ἡμῖν
3116 3836 3132 3861 ,
3172 3799 3559 3868 στενοχωρεῖ-

1979 3890 2090 3941 σθε
2107 3885 2178 3940 δὲ
2208 3885 2279 3940 ἐν
2304 3885 2427 3953 τοῖς
2448 3885 2826 3956 σπλάγχνοις
2853 3886 3038 3956 ὑμῶν.
3073 3890 3182 3943 Καὶ
3207 3891 3236 3944 ό
3269 3891 3386 3962 μὲν,
3422 3909 3559 3964 προ-

1981 3978 2160 4032 ϐάτων
2190 3976 2337 4047 αὑτῷ
2366 3978 2459 4030 καὶ
2481 3976 2622 4046 βοῶν
2649 3977 2817 4031 ὅντων
2843 3977 3102 4048 ἀπείρων,
3129 3980 3408 4052 φιλότιμος
3431 3982 3560 4053 περὶ

1980 4071 2105 4134 τοὺς
2142 4070 2426 4140 δεομένους
2468 4065 2566 4140 ἦν⁹
2595 4064 2749 4135 οὗτος
2789 4071 2874 4138 δέ,
2904 4071 3054 4125 οὑδέν
3105 4071 3265 4128 πλέον
3292 4075 3561 4144 κεκτημέο

1980 4178 2070 4224 νος
2099 4159 2195 4214 τοῦ
2238 4158 2487 4230 σώματος
2509 4200 2524 4225 ,
2571 4161 2666 4213 ἀπ’
2709 4159 2874 4213 αὑτοῦ
2918 4159 3108 4214 τούτου
3134 4163 3245 4226 τοῖς
3289 4161 3561 4234 δεομένοις

1982 4254 2242 4325 ἐπήρκει,
2273 4252 2368 4307 καὶ
2396 4253 2495 4326 βοᾷ
2517 4252 2722 4322 λέγων’
2757 4251 2891 4320 Ταῖς
2911 4254 3138 4322 χρείαις
3159 4271 3279 4323 μου
3305 4256 3403 4310 καί
3438 4256 3562 4322 τοῖς

1982 4346 2121 4401 οὖσι
2153 4347 2279 4416 μετ’
2308 4346 2454 4415 ἐμοῦ
2489 4343 2885 4414 ὑπηρέτησαν
2912 4347 2970 4398 αἱ
2999 4345 3193 4415 χεζοες
3222 4343 3432 4415 αὗται,
3464 4349 3562 4418 τὴν

1982 4441 2089 4494 ἀπὸ
2115 4441 2208 4494 τοῦ
2240 4439 2490 4511 σώματος
2511 4440 2770 4512 ἐργασίαν
2793 4440 3052 4511 πρόσοδον
3076 4442 3188 4505 τοῖς
3222 4443 3447 4496 πεινῶσι
3470 4445 3564 4498 καὶ

1983 4531 2310 4604 λιμώττουσι
2343 4532 2702 4603 κεκτημένος.
2759 4532 2918 4586 Ἀλλὰ
2965 4535 3014 4587 οἰ
3057 4534 3335 4606 σκώληκες
3369 4537 3462 4591 καὶ
3492 4538 3561 4591 τά

1984 4625 2272 4696 τραύματα
2302 4624 2543 4693 χαλεπὰς
2596 4624 2690 4677 καὶ
2731 4623 3138 4696 ἀκαρτερήτους
3189 4630 3448 4699 παρεῖχον
3483 4629 3563 4700 τῷ

1997 4716 2118 4770 Ἰὼϐ
2142 4716 2239 4781 τάς
2278 4716 2506 4780 όδύνας;
2543 4715 2820 4785 Ὀμολογῶ
2868 4719 3024 4785 κάγώ
3048 4735 3060 4749 ·
3100 4717 3214 4774 ἀλλ’
3254 4719 3348 4773 ἐὰν
3381 4723 3479 4784 τὰς
3505 4723 3564 4777 ἐν

1983 4808 2258 4872 τοσούτοις
2281 4809 2424 4862 ἔτεσι
2445 4808 2538 4861 τοῦ
2570 4807 2783 4862 Παύλου
2815 4809 3115 4878 μάστιγας,
3149 4811 3242 4865 καὶ
3279 4813 3370 4866 τὸν
3405 4814 3564 4885 λιμὺι

1985 4900 2074 4953 τὸν
2102 4898 2325 4969 διηνεκῆ
2347 4939 2362 4963 ,
2393 4898 2488 4952 καὶ
2526 4897 2623 4968 τὴν
2668 4899 3010 4968 γυμνότητα,
3057 4901 3154 4953 καὶ
3183 4900 3282 4965 τάς
3322 4903 3562 4970 ἁλύσεις,

1986 4992 2080 5044 καὶ
2124 4990 2186 5043 τὸ
2219 4990 2622 5060 δεσμωτήριον,
2656 4990 2749 5041 καὶ
2799 4991 2926 5053 τοὺς
2972 4990 3252 5056 κινδύνους
3277 5033 3292 5055 ,
3338 4996 3428 5048 καὶ
3467 4998 3565 5060 τὰς

1985 5082 2312 5146 ἐπιϐουλὰς,
2364 5081 2463 5146 τὰς
2513 5082 2658 5154 παρά
2691 5083 2798 5136 τῶν
2849 5083 3096 5148 οἰκείων,
3129 5085 3229 5149 τὰς
3259 5088 3412 5159 παρά
3460 5088 3564 5140 τῶν

1985 5174 2298 5246 ἀλλοτρίων,
2330 5173 2427 5238 τὰς
2455 5174 2605 5245 παρά
2638 5175 2746 5228 τῶν
2778 5177 3058 5246 τυράννων
3083 5218 3098 5241 ,
3148 5177 3248 5242 τάς
3287 5179 3438 5250 παρά
3466 5180 3564 5248 τῆς

1985 5267 2310 5338 οῠιουμένης
2355 5267 2576 5336 ἀπάσης
2624 5267 2884 5338 ἀντιθῇς,
2922 5270 3016 5322 καὶ
3074 5269 3212 5340 μετά
3264 5269 3464 5322 τούτων
3493 5269 3563 5322 τὰ

1984 5355 2188 5410 τούτων
2215 5355 2535 5426 πικρότεροι,
2565 5354 2707 5424 λέγω
2740 5357 2802 5429 δὴ
2834 5359 2934 5421 τάς
2957 5358 3095 5428 ὑπὲρ
3117 5358 3225 5412 τῶν
3257 5356 3564 5410 πιπτόντων

1984 5449 2175 5510 ὀδύνας
2195 5490 2210 5515 ,
2239 5447 2336 5517 τὴν
2385 5447 2641 5520 φροντίδα
2671 5449 2779 5502 τῶν
2839 5449 3171 5520 Ἐκκλησιῶν
3216 5447 3431 5510 πασῶν,
3464 5447 3563 5516 τὴν

1988 5539 2270 5612 πύρωσιν,
2303 5539 2370 5610 ἢν
2418 5539 2558 5610 ὑπὲρ
2612 5539 2840 5594 ἑκάστου
2897 5540 3005 5595 τῶν
3065 5537 3562 5609 σκανδαλιζομένων

2050 5708 2066 5730 ⁸
2096 5708 2217 5772 Reg.
2242 5708 2309 5773 τῷ
2330 5705 2463 5766 πενία
2483 5707 2697 5761 συζῶντι.
