4038 6204
478 257 587 312 δτι

484 365 772 438 ὑπέμενεν,
805 366 926 437 ὄψει
957 367 1072 432 πῶς
1104 368 1310 439 πέτρας
1349 368 1679 438 στερροτέρα
1701 363 1769 437 ἦν
1805 369 1839 437 ή
1887 365 2060 422 ταῦτα

485 450 722 522 φέρουσα
751 449 902 532 ψυχὴ
927 491 942 516 ,
984 451 1081 505 καὶ
1130 451 1348 521 σίδηρον
1400 453 1493 504 καὶ
1542 451 1824 532 ἀδάμαντα
1881 450 2055 503 ἐνίκα.

482 533 662 605 Ἀπερ
716 530 810 588 οὖν
862 537 1068 597 ἐκεῖνος
1105 533 1340 603 ἔπασχεν
1396 534 1455 587 ἐν
1497 533 1575 603 τῷ
1610 530 1822 604 σώματι
1846 573 1860 598 ,
1887 533 2061 586 ταῦτα

477 612 631 680 οὗτος
662 618 719 669 ἐν
742 620 807 688 τῇ
833 617 1000 688 ψυχῇ,
1027 619 1122 670 καὶ
1155 616 1434 687 σκώληκος
1463 617 1660 682 παντὸς
1683 617 2060 689 χαλεπώτερον

475 700 511 768 ἡ
542 698 664 753 καθ’
693 699 922 754 ἕκαστον
951 701 1060 753 τῶν
1090 700 1588 771 σκανδαλιζομένων
1612 701 1818 771 ἀθυμία
1841 700 2062 770 διέτρω-

475 798 570 849 γεν
597 781 761 834 αὐτοῦ
785 782 882 853 τὴν
905 783 1102 853 ψυχήν.
1129 782 1291 836 Ὅθεν
1312 784 1406 836 καὶ
1429 782 1611 854 πηγὰς
1633 783 1884 854 δακρύων
1909 781 2059 852 ἠφίει

475 864 782 934 διηνεκεῖς,
834 866 895 917 06
954 866 1052 930 τάς
1117 867 1331 936 ἡμέρας
1385 866 1582 935 μόνον,
1634 866 1769 920 ἀλλά
1819 867 1913 920 καὶ
1960 863 2060 928 τὰς

474 948 674 1008 νύκτας
699 989 712 1010 ,
746 947 839 1000 καὶ
893 947 1073 1017 πάσης
1119 949 1376 1017 γυναικὸς
1407 948 1702 1019 ὠδινούσης
1739 949 2060 1020 δριμύτερον

472 1029 733 1082 διεσπᾶτο
786 1030 878 1084 καὶ
932 1031 1054 1085 καθ’
1103 1032 1334 1084 ἕκαστον
1367 1032 1566 1085 αὐτῶν.
1596 1032 1687 1086 Διὸ
1737 1033 1831 1086 καὶ
1881 1031 2056 1099 ἐλεγεο

480 1114 690 1166 Τεκνία
709 1132 850 1182 μου.
881 1115 990 1180 οὒς
1017 1113 1206 1168 πάλιν
1244 1114 1452 1170 ὠδίνω.
1493 1115 1628 1169 Τίνα
1672 1115 1739 1169 ἄν
1791 1133 1876 1178 τις
1921 1112 2059 1184 μετά

470 1195 562 1248 τὸν
603 1195 723 1248 Ἰὼϐ
774 1197 1115 1268 ἐκπλαγείη;
1157 1198 1260 1252 Τὸν
1307 1199 1545 1252 Μωῦσέα
1601 1200 1838 1263 πάντως.
1900 1198 2060 1252 Ἀλλά

471 1279 568 1332 καὶ
595 1279 785 1333 τοῦτον
831 1282 894 1333 ἐκ
924 1280 1118 1337 πολλοῦ
1174 1282 1266 1336 τοῦ
1307 1283 1586 1355 περιόντος
1617 1283 2012 1355 ὑπερηκόντισε
2042 1300 2056 1314 ·

474 1361 686 1429 μεγάλα
716 1363 813 1432 μὲν
835 1363 944 1435 γάρ
972 1364 1136 1418 αὐτοῦ
1166 1367 1260 1420 καὶ
1287 1364 1357 1420 τὰ
1388 1366 1546 1426 ἀλλα.
1578 1367 1640 1420 τὸ
1681 1367 1738 1420 δέ
1765 1366 2059 1435 κεφάλαιον

474 1445 568 1496 καὶ
621 1446 654 1514 ὴ
697 1448 924 1517 κορωνὶς
975 1448 1076 1518 τῆς
1108 1449 1270 1517 ἁγίας
1309 1449 1492 1521 ψυχῆς
1537 1451 1793 1521 ἐκείνης,
1835 1451 1920 1504 δτι
1971 1450 2060 1517 ἐξ·-

473 1527 794 1600 αλειφθῆναι
815 1532 988 1584 εἵλετο
1011 1533 1109 1603 τῆς
1121 1532 1214 1586 τοῦ
1238 1532 1373 1587 Θεοῦ
1405 1547 1429 1574 ι
1451 1533 1633 1604 βίϐλου
1664 1534 1801 1606 ύπέρ
1823 1535 1920 1606 τῆς
1951 1553 2057 1588 σω-

472 1611 667 1681 τηρίας
705 1613 811 1666 τῶν
854 1612 1140 1669 Ἰουδαίων.
1178 1616 1319 1668 Ἀλλ’
1345 1611 1498 1680 οὗτος
1539 1617 1638 1687 μὲν
1668 1617 2060 1670 συναπολέσθαι

471 1695 677 1764 ἐτέροις
707 1699 891 1766 ᾑρεῖτο
915 1713 930 1727 ο
978 1699 1007 1751 6
1054 1698 1111 1751 δὲ
1139 1697 1350 1762 Παῦλος
1377 1699 1438 1752 οὐ
1471 1699 1886 1762 συναπολέσθαι,
1921 1697 2056 1763 ἀλλ’,

471 1779 675 1849 ἐτέρων
721 1780 1086 1851 σωζομένων,
1129 1781 1293 1846 αὐτὸς
1337 1784 1590 1836 ἐκπεσεῖν
1622 1784 1720 1852 τῆς
1765 1782 1923 1852 δόξης
1957 1782 2058 1853 τῆς

468 1861 801 1933 ἀπεράντου.
835 1865 943 1917 Καὶ
974 1867 1003 1917 6
1052 1866 1149 1935 μὲν
1181 1866 1260 1936 τῷ
1291 1865 1494 1937 Φαραὼ
1521 1906 1536 1931 ,
1562 1867 1591 1919 6
1635 1866 1692 1919 δὲ
1720 1867 1798 1938 τῷ
1830 1866 2059 1936 διαϐόλῳ

469 1943 594 1998 καθ’
625 1946 842 2017 ἡμέραν
874 1945 1026 2019 [481]
1067 1947 1331 2002 ἐπύκτευε
1355 1967 1370 1980 ·
1406 1951 1500 2003 καὶ
1538 1953 1566 2004 6
1601 1950 1698 2019 μὲν
1751 1950 1890 2021 ὑπὲρ
1941 1950 2058 2013 ἐνὸς

470 2027 657 2092 ἔθνους
680 2069 695 2092 ,
726 2031 756 2082 6
793 2029 851 2082 δὲ
895 2031 1175 2102 ύπέριτῆς
1219 2034 1546 2105 οἰκουμένης
1582 2033 1802 2105 ἀπάσης
1829 2034 2054 2104 ἔκαμεν,

468 2111 568 2180 οὐχ
595 2111 778 2182 ἱδρῶτι
804 2153 820 2172 .
847 2113 985 2167 ἀλλά
1014 2116 1109 2168 καὶ
1138 2116 1330 2186 αἵματι
1356 2117 1480 2170 ἀντί⁸
1528 2116 1749 2188 ἱδρῶτος
1796 2117 2057 2171 πάντοθεν

469 2195 931 2266 περιρῤεόμενος,
964 2198 1086 2269 οὐχὶ
1111 2199 1208 2268 τὴν
1235 2200 1559 2270 οἰκουμένην
1595 2199 1774 2270 μόνον,
1802 2199 1936 2254 ἀλλά
1965 2203 2057 2254 καὶ

469 2277 568 2347 τὴν
599 2279 854 2349 ἀοίκητον
881 2280 1262 2352 διορθούμενος
1282 2320 1298 2348 ,
1331 2284 1452 2352 οὐχὶ
1484 2284 1582 2354 τὴν
1622 2283 1847 2337 Ἐλλάδα
1872 2286 2052 2356 μόνον,

469 2360 605 2414 ἀλλά
635 2361 728 2414 καὶ
759 2362 858 2434 τὴν
884 2362 1178 2436 βάρϐαρον.

551 2442 712 2512 Ἐνῆν
740 2445 836 2496 καὶ
876 2445 967 2499 τὸν
1005 2445 1214 2517 Ἰησοῦν
1235 2447 1329 2514 ,είς
1359 2447 1524 2518 μέσον
1552 2451 1926 2519 παραγαγεῖν,
1959 2451 2056 2505 καὶ

469 2524 561 2578 τὸν
599 2525 853 2598 Σαμουὴλ
874 2528 970 2582 καὶ
995 2529 1122 2592 τοὺς
1146 2529 1339 2593 ἀλλους
1359 2532 1644 2602 προφήτας
1666 2549 1680 2563 ο
1711 2532 1826 2584 ἀλλ’
1860 2533 1946 2585 ῖνα
1977 2533 2052 2604 μὴ

473 2610 812 2680 μακρότερον
841 2611 1085 2683 ποιῶμεν
1105 2611 1198 2665 τὸν
1220 2612 1397 2681 λόγον,
1431 2615 1524 2666 ἐπὶ
1564 2613 1693 2677 τοὺς
1725 2615 2054 2685 κορυφαίους

467 2691 648 2745 αὐτῶν
677 2692 983 2767 βαδίσωμεν
1009 2711 1023 2726 ·
1059 2697 1190 2750 ὅταν
1222 2697 1332 2769 γὰρ
1361 2696 1566 2751 τούτων
1593 2701 1734 2770 φανῇ
1764 2701 2048 2770 κρείττων,

466 2775 692 2846 οὐδεμία
723 2779 852 2848 περὶ
889 2779 998 2833 τῶν
1030 2779 1205 2835 ἀλλων
1228 2779 1639 2852 ἀμφισϐήτησις
1666 2783 1928 2836 λείπεται.
1955 2783 2052 2836 Τί-

469 2876 558 2923 νες
583 2857 680 2914 οὖν
706 2863 756 2915 οί
781 2866 1068 2934 κορυφαῖοι
1093 2881 1108 2931 ;

538 2942 696 3009 Τίνες
741 2945 798 2998 δὲ
829 2946 977 3001 ἄλλοι
1031 2947 1168 3018 μετά
1202 2947 1457 3014 τούτους,
1507 2950 1562 3021 ἢ.
1589 2951 1618 3003 6
1663 2950 1825 3004 Δαυῒδ
1847 2993 1863 3018 ,
1898 2953 1990 3006 καὶ
2024 2955 2052 3007 6

481 3024 664 3089 Ἠλίας
684 3065 700 3092 ,
735 3028 828 3082 καὶ
857 3031 887 3084 6
931 3031 1219 3103 Ἰωάννηςς
1249 3029 1326 3087 ὧν
1351 3033 1381 3086 6
1412 3033 1512 3100 μέν
1531 3032 1632 3104 τῆς
1675 3033 1980 3106 προτέρας,
2024 3037 2053 3088 6

466 3107 526 3162 δέ
553 3108 657 3180 τῆς
689 3111 950 3186 δευτέρας
984 3111 1292 3188 πρόδρομος
1343 3115 1438 3170 τοῦ
1469 3118 1676 3189 Κυρίου
1711 3119 2014 3190 παρουσίας
2035 3137 2050 3152 ο

466 3191 548 3275 διὸ
571 3193 666 3248 καὶ
713 3195 816 3266 τῆς
859 3201 1231 3274 προσηγορίας
1269 3200 1518 3273 ἀλλήλοις
1573 3200 1958 3275 ἐκοινώνησαν.
1989 3205 2053 3258 Τί

467 3270 562 3328 οὖν
589 3277 652 3329 τὸ
671 3278 946 3350 ἐξαίρετον
971 3270 1066 3336 τοῦ
1099 3270 1262 3337 Ᾱαυῖδ
1297 3302 1313 3352 ;
1354 3270 1420 3337 Ἦ
1452 3270 1922 3358 ταπεινοφροσύνη
1961 3289 2055 3341 καὶ

466 3359 501 3440 6
527 3358 662 3431 πρὸς
690 3361 824 3416 Θεὸν
849 3362 1010 3434 ἔρως.
1044 3365 1154 3419 Καὶ
1179 3367 1266 3430 τίς
1310 3367 1409 3438 μὲν
1454 3365 1691 3438 μᾶλλον,
1724 3369 1808 3433 τίς
1853 3369 1910 3422 δὲ
1956 3371 2054 3440 οὐχ

463 3436 631 3514 ἧττον
661 3444 762 3515 τῆς
790 3445 1003 3500 Παύλου
1049 3447 1227 3520 ψυχῆς
1265 3436 1557 3520 ἀμφότερα
1610 3451 1784 3505 ταῦτα
1839 3436 2055 3525 κατώρζ

467 3525 639 3592 θωσε;
671 3528 736 3581 Τί
761 3528 818 3582 δὲ
848 3529 909 3582 τὸ
938 3530 1252 3603 θαυμαστὸν
1279 3531 1374 3586 τοῦ
1422 3533 1637 3602 Ἢλίου;
1671 3530 1819 3605 *Αρα
1860 3536 1940 3589 ὅτι
1963 3535 2056 3590 τὸν

465 3611 696 3683 οὐρανὸν
733 3611 968 3681 ἔκλεισε,
998 3616 1093 3669 καὶ
1130 3615 1285 3687 λιμὸν
1321 3616 1566 3688 ἐπήγαγε
1597 3657 1612 3681 ,
1647 3619 1739 3672 καὶ
1765 3617 1878 3690 πῦρ
1925 3636 2057 3673 κατ-

468 3697 714 3767 ήγαγεν;
750 3697 866 3751 Οὐκ
899 3698 1076 3768 ἔγωγε
1103 3695 1257 3771 οἶμαι
1282 3717 1296 3730 ·
1333 3700 1450 3755 ἀλλ’
1483 3702 1565 3755 ὅτι
1618 3701 1889 3774 ἐζήλωσεν
1916 3702 2056 3774 ὑπὲρ

467 3779 563 3832 τοῦ
601 3781 875 3836 Δεσπότου
898 3825 914 3849 ,
953 3785 1050 3838 καὶ
1077 3785 1249 3858 πυρὸς
1287 3786 1642 3858 σφοδρότερος
1685 3783 1774 3860 ἦν.
1821 3787 1957 3840 Ἀλλ’
2007 3789 2055 3842 εἰ

467 3863 561 3916 τὸν
592 3865 804 3920 Παύλου
851 3867 1015 3938 ζῆλον
1047 3869 1210 3936 ίδοις,
1266 3871 1519 3924 τοσοῦτον
1551 3870 1672 3938 ὄψει
1726 3871 2053 3942 κρατοῦντα,

468 3948 593 4000 ὅσον
639 3950 846 4015 ἐκεῖνος
899 3951 1010 4006 τῶν
1051 3952 1227 4006 ἀλλων
1263 3953 1562 4026 προφητῶν
1601 3954 1821 4027 περιῆν.
1854 3957 1919 4010 Τί
1947 3957 2056 4028 γάρ

467 4030 533 4084 ἂν
565 4033 772 4102 γένοιτο
788 4036 897 4088 τῶν
929 4038 1193 4108 ῥημάτων
1219 4037 1441 4093 ἐκείνων
1467 4039 1601 4105 ῖσον,
1631 4038 1776 4111 ἀπερ
1799 4039 1937 4108 ὑπὲρ
1959 4041 2056 4111 τῆς

467 4115 561 4169 τοῦ
615 4119 884 4173 Δεσπότου
923 4119 1079 4194 δόξης
1127 4121 1307 4191 ζηλῶν
1355 4121 1575 4191 ἔλεγεν,
1627 4123 1708 4176 ὃτι
1763 4123 2052 4194 Ηὺχόμην

467 4199 732 4269 ἀνάθεμα
758 4198 911 4256 εἶναι
943 4205 1096 4272 ὑπὲρ
1127 4204 1246 4259 τῶν
1277 4204 1556 4274 ἀδελφῶν
1576 4225 1716 4276 μου,
1747 4204 1866 4260 τῶν
1902 4221 2051 4276 συγ-

468 4282 658 4349 γενῶν
683 4301 802 4351 μου
844 4287 993 4340 κατὰ
1044 4287 1282 4357 σάρκα;
1328 4287 1426 4340 Διά
1458 4288 1617 4342 τοῦτο
1667 4287 1776 4341 τῶν
1806 4288 2050 4360 οὐρανῶν

468 4364 618 4433 αὐτῷ
669 4368 1045 4436 προκειμένων
1070 4407 1086 4431 ,
1145 4371 1240 4423 καὶ
1291 4371 1401 4423 τῶν
1457 4371 1734 4439 στεφάνων
1789 4371 1885 4423 καὶ
1940 4370 2050 4424 τῶν

468 4447 738 4512 ἐπάθλων,
769 4448 960 4519 ἔμελλε
999 4451 1095 4503 καὶ
1124 4451 1384 4522 ἐϐράδυνε
1415 4451 1609 4519 λέγων’
1655 4452 1726 4505 Τὸ
1756 4452 2049 4522 ἐπιμεῖναι

467 4528 544 4598 τῇ
589 4533 767 4599 σαρκί
806 4532 1270 4602 ἀναγκαιότερον
1296 4533 1372 4588 δι’
1414 4533 1571 4605 ὑμᾶς
1600 4551 1613 4565 ·
1631 4533 1724 4588 διά
1749 4533 1907 4589 τοῦτο
1927 4537 2049 4591 οὐδὲ

527 4716 559 4746 ⁸
579 4711 630 4761 In
653 4707 777 4772 Reg.
803 4709 949 4760 deest
962 4709 1050 4760 τοῦ
1072 4709 1214 4760 θεοῦ.

1205 265 1262 316 S.
1300 259 1583 318 JOANNIS
1615 259 2110 318 CHRYSOSTOMI
2145 261 2466 320 ARCHIEP.
2512 262 3064 321 CONSTAN'I‘INOP.

3626 253 3740 310 ιη

2158 364 2262 434 τὴν
2289 365 2464 418 κτίσιν
2491 363 2695 434 ταύτην
2723 364 2825 435 τὴν
2856 361 3162 434 ὁρωμένην,
3192 359 3307 414 ἀλλ’
3335 360 3457 415 οὐδὲ
3485 363 3584 436 τὴν
3615 384 3749 439 νοη-

2159 446 2256 518 τὴν
2295 446 2547 517 ἐνόμισεν
2575 448 2765 517 ἀρκεῖν
2801 446 2882 509 είς
2911 446 3253 519 παράστασιν
3275 444 3375 514 τῆς
3406 446 3627 518 ἀγάπης
3652 451 3751 505 καὶ

2158 529 2250 582 τοῦ
2289 529 2450 600 ζήλου
2475 568 2490 593 ,
2519 529 2656 582 ἀλλά
2685 530 2776 582 καὶ
2801 528 2992 599 ἑτέραν
3021 526 3122 579 οὐκ
3153 521 3318 580 οὖσαν
3353 525 3572 598 ἐζήτει,
3605 530 3749 586 ὥστε

2159 611 2497 679 ἐνδείξασθαι
2528 612 2663 683 ὅπερ
2693 611 2850 682 ἧθελε
2885 610 2980 663 καὶ
3009 607 3291 679 ἐπεθύμει.
3330 609 3470 663 Ἀλλ’
3492 611 3522 665 6
3567 612 3751 666 Ἰωάν-

2159 712 2258 766 νης
2288 695 2516 766 ἀκρίδας
2546 695 2702 766 ήσθιε
2748 693 2842 747 καὶ
2894 691 3014 762 μέλι
3057 693 3282 768 ἀγριον;
3333 688 3658 758 Ἀλλόῦτος
3691 697 3751 749 ἐν

2163 778 2304 850 μέσῃ
2337 782 2404 850 τῇ
2449 777 2777 851 οἰκουμένη,
2811 777 3062 846 καθάπερ
3090 776 3299 838 ἐκεῖνος
3329 777 3387 829 ἐν
3428 777 3496 847 τῇ
3533 777 3750 848 ἐρήμῳ,

2157 861 2424 934 διέτριϐεν
2451 901 2466 926 ,
2499 861 2730 932 ἀκρίδας
2763 861 2869 932 μὲν
2891 859 2985 914 καὶ
3023 857 3147 928 μέλι
3186 857 3376 930 ἄγριον
3407 860 3468 912 οὐ
3501 862 3753 932 σιτούμε-

2159 963 2290 1011 νος,
2336 946 2470 1000 πολὺ
2521 946 2578 999 δὲ
2628 943 3017 1014 εὐτελεστέραν
3063 942 3266 1013 ταύτης
3318 944 3753 1017 παρατιθέμενος

2159 1030 2439 1102 τράπεζαν
2460 1070 2476 1092 ,
2509 1029 2604 1084 καὶ
2635 1028 2754 1082 οὐδέ
2802 1027 2901 1096 τῆς
2930 1025 3232 1094 ἀναγκαίας
3263 1026 3511 1096 εὐπορῶν
3541 1029 3751 1100 τροφῆς

2158 1111 2247 1167 διὰ
2287 1114 2385 1184 τὴν
2426 1113 2568 1183 ὑπὲρ
2600 1109 2696 1165 τοῦ
2725 1109 3081 1182 κηρύγματος
3115 1107 3373 1178 σπουδήν.
3415 1109 3574 1162 Ἀλλά
3618 1113 3754 1165 πολ-

2159 1196 2258 1268 λὴν
2285 1196 2420 1267 πρὸς
2447 1196 2538 1250 τὸν
2571 1194 2816 1266 Ἡρώδην
2856 1187 3012 1256 οὗτος
3055 1192 3369 1264 παρρησίαν
3395 1194 3752 1263 ἐπεδείξατος

2171 1280 2310 1334 Ἀλλ’
2337 1276 2490 1344 οὗτος
2519 1281 2617 1349 οὐχ
2654 1279 2752 1332 ἕνα
2775 1276 2868 1330 καὶ
2899 1275 2992 1329 δύο
3023 1276 3117 1328 καὶ
3137 1277 3285 1346 τρεῖς
3308 1316 3324 1340 ,
3353 1275 3496 1330 ἀλλά
3521 1277 3754 1347 μυρίους

2160 1363 2279 1418 κατ’
2301 1363 2508 1417 ἐκεῖνον
2544 1361 2894 1431 ἐπεστόμισε,
2928 1357 3128 1428 μᾶλλον
3153 1357 3210 1411 δὲ
3248 1358 3342 1412 καὶ
3371 1359 3551 1430 πολλῷ
3588 1360 3753 1431 χαλε-

2160 1447 2439 1517 πωτέρους
2469 1443 2680 1500 ἐκείνου
2704 1442 2798 1496 τοῦ
2830 1441 3118 1514 τυράννου.
3147 1441 3411 1495 Λείπεται
3453 1442 3591 1512 πρὸς
3620 1445 3753 1508 τοὺς

2159 1531 2423 1600 ἀγγέλους
2446 1529 2607 1584 αὐτὸν
2643 1527 2894 1595 ἐξετάσαι
2928 1526 3143 1606 λοιπόν*
3181 1525 3368 1598 διόπερ
3396 1527 3626 1598 ἀφέντες
3649 1530 3752 1600 τὴν

2160 1615 2300 1684 γῆν,
2333 1614 2469 1685 πρὸς
2515 1613 2613 1676 τὰς
2646 1612 2753 1665 τῶν
2793 1611 3035 1683 οὐρανῶν
3076 1609 3482 1682 ἀναϐησώμεθα
3507 1612 3704 1682 ἀψῖδας
3734 1630 3748 1641 ·

2160 1697 2296 1751 ἀλλὰ
2327 1697 2516 1768 μηδεὶς
2564 1696 2770 1766 τόλμαν
2819 1692 3280 1764 καταγινωσκέτω
3317 1695 3412 1749 τοῦ
3449 1697 3633 1766 λόγου.
3685 1697 3751 1750 Εἰ

2159 1781 2268 1852 γὰρ
2319 1782 2413 1834 καὶ
2461 1781 2555 1834 τὸν
2601 1780 2853 1850 Ἰωάννην
2885 1778 3113 1847 ἄγγελον
3150 1769 3410 1832 ἐκάλεσεν
3454 1781 3488 1851 ἡ
3530 1781 3749 1854 Γραφὴ,

2159 1863 2252 1917 καὶ
2298 1865 2422 1927 τοὺς
2479 1863 2699 1935 ἱερέας,
2741 1863 2794 1915 τί
2849 1861 3196 1933 θαυμαστὸν,
3247 1864 3298 1916 εί
3353 1863 3447 1919 τὸν
3491 1865 3752 1919 ἁπάντων

2155 1945 2366 2017 ἀμείνω
2392 1949 2508 2010 ταῖς
2534 1946 2796 2017 δυνάμεσι
2826 1945 3246 2017 παραϐάλλομεν
3267 1946 3537 2014 ἐκείναις;
3560 1947 3626 2000 Τί
3653 1944 3752 2002 οὖν

2157 2031 2309 2084 ἐστιν
2342 2030 2566 2086 ἐκείνων
2605 2031 2665 2082 τὸ
2699 2029 2871 2100 μέγα;
2909 2031 3031 2083 Ὅτι
3067 2029 3204 2100 μετὰ
3250 2031 3427 2102 πάσης
3463 2031 3752 2102 ἀκριϐείας

2159 2113 2492 2168 ὑπακούουσι
2523 2113 2600 2184 τῷ
2626 2113 2747 2184 Θεῷ
2771 2131 2784 2145 ο
2814 2114 2952 2184 ὅπερ
2982 2114 3076 2166 καὶ
3109 2114 3138 2165 6
3163 2113 3331 2168 Δαυῖδ
3370 2116 3751 2185 ἐκπληττόμε-

2157 2214 2245 2260 νος
2277 2197 2463 2266 ἐλεγε·
2508 2196 2759 2252 Δυνατοὶ
2790 2197 2989 2266 ἰσχύϊ,
3046 2197 3364 2264 ποιοῦντες
3412 2198 3519 2251 τὸν
3560 2199 3752 2267 λόγον

2155 2280 2363 2334 αὑτοῦ.
2389 2279 2591 2332 Τούτου
2639 2278 2749 2349 γάρ
2796 2282 2910 2333 ῖσον
2950 2279 3102 2332 οὐδὲν
3127 2319 3140 2344 ,
3170 2277 3272 2332 κᾶν
3307 2281 3565 2350 μυριάκις
3611 2275 3750 2334 ὦσιν

2155 2362 2471 2432 ἀσώματοι·
2514 2362 2575 2415 τὸ
2617 2363 2726 2434 γάρ
2776 2361 3010 2431 μάλιστα
3059 2360 3248 2414 ποιοῦν
3292 2363 3514 2424 τούτους
3565 2361 3751 2433 μα’κα-

2157 2445 2338 2517 ρίους,
2388 2444 2546 2498 τοῦτό
2595 2447 2762 2508 ἐστιν,
2803 2445 2883 2497 ὅτι
2916 2444 3066 2517 [682]
3105 2445 3379 2499 πείθονται
3436 2450 3548 2510 τοῖς
3582 2465 3752 2517 προσ-

2152 2529 2583 2599 τάγμασιν,,ὃτι
2621 2529 2859 2599 οὐδαμοῦ
2922 2527 3318 2600 παρακούουσι.
3357 2529 3530 2582 Τοῦτο
3566 2533 3748 2584 τοίνυν

2153 2612 2247 2664 καὶ
2275 2612 2379 2665 61:6
2411 2611 2505 2664 τοῦ
2543 2610 2756 2665 Παύλου
2793 2611 2932 2681 μετὰ
2979 2611 3266 2682 ἀκριϐείας
3296 2613 3444 2666 ἐστιν
3493 2613 3620 2666 ίδεῖν
3644 2633 3748 2684 φυ-

2153 2694 2478 2764 λαττόμενον
2503 2711 2515 2725 ·
2541 2695 2603 2747 06
2648 2693 2758 2765 γὰρ
2781 2695 2845 2766 δὴ
2883 2694 2973 2748 τὸν
3005 2695 3164 2764 λόγον
3203 2696 3366 2750 αὐτοῦ
3388 2693 3607 2768 ἐποίησε
3644 2699 3748 2770 μό-

2152 2799 2275 2849 νον,
2305 2781 2439 2835 ma:
2467 2781 2557 2836 καὶ
2581 2782 2648 2835 τά
2675 2782 3102 2854 προστάγματα,
3138 2785 3231 2837 καὶ
3282 2785 3422 2855 ὺπέρ
3464 2785 3534 2838 τά
3573 2802 3760 2856 προσ-ί

2151 2865 2442 2937 τάγματα,
2485 2867 2582 2920 καὶ
2626 2865 2786 2919 τοῦτο
2831 2865 3007 2935 δηλῶν
3057 2867 3212 2934 ἔλεγε
3264 2883 3278 2896 ·
3341 2869 3439 2934 Τίς
3486 2863 3600 2923 οὖν
3641 2869 3752 2938 μοί

2151 2950 2321 3004 ἐστιν
2351 2954 2384 3005 ό
2423 2950 2639 3021 μισθὸς
2667 2991 2682 3016 ,
2726 2950 2827 3003 ἵνα
2851 2948 3376 3020 εὐαγγελιζόμενος
3432 2952 3752 3008 ἀδάπανον

2153 3035 2321 3103 θήσω
2353 3036 2418 3088 τὸ
2452 3032 2826 3104 Εὐαγγέλιον
2858 3033 2965 3088 τοῦ
2979 3034 3273 3102 Χίπιστοῦς
3307 3035 3372 3089 Τί
3395 3035 3579 3108 ἓτερον
3609 3037 3748 3090 θαυ-

2157 3118 2345 3189 μάζων
2388 3118 2585 3179 αὐτοὺς
2633 3119 2662 3171 6
2695 3117 2980 3188 προφήτης
3025 3116 3242 3186 ἔλεγεν
3288 3119 3342 3171 '0
3387 3118 3573 3173 ποιῶν
3602 3120 3750 3186 τοὺς

2153 3199 2448 3271 ἀγγέλους
2485 3200 2672 3254 αὑτοῦ
2711 3201 3054 3268 πνεύματα,
3099 3201 3268 3271 φησὶ,
3310 3201 3409 3255 καὶ
3444 3203 3585 3268 τοὺς
3619 3201 3749 3257 Lis:-

2155 3289 2445 3358 τοιφγοὺς
2475 3288 2661 3343 αὐτοῦ
2701 3287 2822 3356 πῦρ
2852 3288 3081 3358 φλέγον
3098 3305 3118 3353 ;
3160 3288 3324 3344 Ἀλλά
3347 3291 3441 3344 καὶ
3465 3291 3620 3344 τοῦτο
3650 3292 3747 3346 ἐπὶ

2155 3381 2368 3435 Παύλου
2402 3381 2551 3435 ἐστιν
2581 3381 2739 3434 ίδεῖνο
2787 3380 3036 3451 καθάπερ
3089 3380 3197 3453 γὰρ
3236 3381 3454 3452 πνεῦμα
3482 3383 3572 3436 καὶ
3606 3382 3744 3454 πῦρ,

2153 3473 2296 3527 οὕτω
2343 3474 2442 3544 τὴν
2490 3473 2815 3544 οἰκουμένην
2867 3473 3157 3544 διέδραμεν
3205 3473 3424 3529 ἃπασαν
3449 3514 3466 3540 ,
3501 3476 3595 3529 καὶ
3643 3475 3747 3547 τὴν

2139 3567 2259 3637 ,γῆν
2296 3564 2644 3635 ἐξεκάθηρεν.
2695 3566 2832 3618 ’Δλλ’
2875 3565 3028 3619 οὐπω
3053 3567 3146 3619 τὸν
3179 3566 3406 3638 οὐρανὸν
3435 3566 3632 3637 ἔλαχες
3666 3568 3748 3622 T6

2155 3651 2265 3721 γὰρ
2293 3648 2604 3720 θαυμαστὸν
2629 3649 2808 3716 τοῦτο,
2834 3649 2915 3703 ὅτι
2957 3651 3017 3703 ἐν
3039 3652 3105 3720 τῇ
3135 3651 3204 3720 γῇ
3242 3649 3480 3712 τοιοῦτος
3516 3647 3606 3722 ἦν,
3646 3653 3748 3705 καὶ

2158 3742 2318 3812 σῶμα
2369 3739 2561 3809 θνητὸν
2598 3741 3017 3812 περικείμενος,
3073 3741 3210 3812 πρὸς
3257 3739 3356 3806 τὰς
3408 3743 3747 3813 ἀσωμάτους

2156 3834 2418 3905 ήμιλλᾶτο
2451 3833 2730 3904 δυνάμεις.
2760 3833 2941 3904 Πόσης
2975 3829 3070 3888 οὖν
3119 3834 3219 3887 οὐκ
3249 3832 3316 3887 ἀν
3343 3832 3534 3905 εἴημεν
3565 3852 3747 3889 κατα-

2155 3923 2408 3994 γνώσεως
2429 3924 2590 3988 ἀξιοι,
2619 3926 2746 3978 ὅταν
2782 3925 2904 3988 ἐνὸς
2939 3925 3229 3997 ἀνθρώπου
3270 3926 3445 3980 πάντα
3497 3927 3748 3998 συνειλη-

2155 4019 2310 4088 χότος
2339 4017 2516 4089 ἑαυτῷ
2547 4017 2620 4071 τὰ
2641 4017 2802 4084 καλά,
2828 4019 2990 4089 ἡμεῖς
3023 4019 3144 4072 οὐδὲ
3167 4019 3228 4073 τὸ
3254 4019 3540 4074 πολλοστὸν
3573 4020 3744 4092 μέρος

2159 4111 2500 4184 μιμήσασθαι
2547 4112 2709 4166 αὐτὸν
2755 4113 3188 4185 σπουδάζωμεν;
3225 4113 3390 4168 Ταῦτ’
3418 4113 3510 4170 οὖν
3555 4119 3744 4188 ἐννοή-

2157 4220 2378 4269 σαντες,
2428 4205 2522 4258 καὶ
2563 4205 2660 4274 τῆς
2695 4205 3030 4276 κατηγορίας
3063 4207 3289 4270 ἐαυτοὺς
3315 4206 3740 4278 ἀπαλλάξωμεν,

2155 4296 2250 4349 καὶ
2285 4297 2672 4367 σπουδάσωμεν
2697 4297 2835 4368 πρὸς
2856 4297 2947 4352 τὸν
2985 4299 3195 4352 ἐκείνου
3231 4299 3389 4370 ζῆλον
3415 4299 3588 4352 ἐλθεῖν
3608 4339 3623 4361 ,
3651 4301 3743 4354 ἵνα

2154 4386 2473 4458 δυνηθῶμεν
2505 4388 2730 4442 καὶτῶν
2759 4388 2938 4442 αὐτῶν
2957 4389 3182 4458 ἀγαθῶν
3216 4392 3493 4462 ἐπιτυχεῖν
3511 4431 3525 4453 ,
3555 4391 3742 4462 χάριτι

2157 4479 2251 4534 καὶ
2276 4479 2656 4553 φιλανθρωπίᾳ
2701 4481 2797 4534 τοῦ
2834 4481 3042 4552 Κυρίου
3084 4481 3242 4552 ἡμῶν
3280 4483 3452 4554 Ἰησοῦ
3475 4483 3738 4555 Χριστοῦ,

2153 4563 2200 4638 ᾧ
2231 4571 2264 4641 ἡ
2294 4569 2421 4637 δόξα
2463 4571 2557 4624 καὶ
2589 4571 2650 4625 τὸ
2679 4573 2914 4643 κράτος,
2939 4571 3034 4626 νῦν
3079 4574 3175 4628 καὶ
3203 4574 3324 4642 ἀεὶ,
3362 4576 3458 4628 καὶ
3495 4577 3576 4640 εἰς
3609 4577 3741 4640 τοὺς

2155 4662 2359 4728 αἰῶνας
2395 4663 2505 4718 τῶν
2529 4662 2763 4718 αἰώνων.
2807 4665 3002 4737 Ἀμήν.

1440 5177 1550 5233 ΕΙΣ
1585 5177 1726 5233 ΤΟΝ
1765 5175 1970 5234 APION
2008 5178 2422 5234 ΔΠΟΣΤΟΛΟΝ
2441 5179 2752 5235 ΠΔΥΛΟΝ.

2055 5476 2130 5494 ’ς

1087 5599 1312 5656 Ὀιιιλία
1342 5597 1425 5656 .B'.

1087 5599 1142 5651 Ὀ
1167 5599 1312 5654 ulla
1391 5599 1425 5656 '.

528 5693 590 5745 τί
624 5688 746 5746 ποτέ
788 5694 932 5745 ἐστιν
957 5618 1263 5755 ἀνθρωξτος,
1295 5599 1390 5744 κάξ
1415 5689 1516 5758 ὅση
1554 5687 1652 5757 τῆς
1699 5686 1917 5758 φύσεως
1939 5689 2039 5757 τῆς

2147 5603 2422 5674 ἡμετέρας
2448 5603 2481 5673 ή
2521 5601 2793 5672 εὐγένεια,
2823 5601 2919 5656 καὶ
2948 5601 3078 5672 ὅσης
3101 5601 3220 5654 ἐστὶ
3253 5600 3501 5656 δεκτ.κὸν
3529 5599 3736 5674 ἀρετῆς

2146 5694 2296 5747 τουτὶ
2331 5693 2392 5747 τὸ
2420 5693 2578 5758 ζῶον,
2623 5693 2788 5757 ἔδειξε
2824 5692 3060 5754 μάλιστα
3102 5694 3322 5748 πάντων
3366 5693 3673 5766 ἀνθρώπων
3701 5694 3736 5748 6
