4038 6204
453 263 557 321 479

446 376 840 435 criminationes
885 376 1131 431 humanae
1161 383 1435 436 creaturze,
1464 369 1753 423 clarissima
1782 380 1879 435 pro
1905 366 2013 418 Do-

448 469 593 523 mino
634 483 764 521 voce
790 467 1135 536 respondens,
1166 464 1453 517 cohortans
1482 460 1547 513 ad
1586 458 1755 513 studia
1786 457 2014 522 virtutis,

449 570 503 613 et
528 557 978 628 impudentissima
1011 554 1481 623 blasphemantiuin
1512 567 1603 604 ora
1647 548 1969 602 concludens
2002 563 2015 597 :

447 649 647 703 docens
672 662 878 717 quoque
906 645 1046 714 quod
1100 646 1237 697 inter
1280 643 1495 711 angelos
1523 640 1870 706 hominesque
1912 652 2016 691 non

447 738 645 806 grande
673 738 742 791 sit
768 735 1014 799 medium,
1044 734 1087 787 si
1119 744 1291 786 tamen
1310 748 1405 786 nos
1435 732 1576 800 ipsos
1597 730 1899 799 diligentius
1922 743 2017 781 ex-

448 831 705 885 colamus.
737 828 849 881 Non
878 829 1019 881 enim
1064 826 1218 879 aliam
1262 826 1348 879 ille
1372 832 1452 879 est
1487 824 1705 877 sortitus
1751 832 2011 885 naturam,

451 935 546 973 nec
576 919 883 973 dissimilem
914 925 1100 970 nactus
1145 915 1394 979 animam,
1439 929 1610 983 neque
1649 913 1871 965 alterum
1919 911 2015 963 ha~

450 1011 621 1064 bitaus
663 1008 936 1067 mundum.
983 1006 1073 1061 sed
1103 1008 1152 1059 in
1183 1005 1371 1060 eadem
1417 1012 1574 1068 terra,
1606 1002 1895 1071 eademque
1934 1015 2020 1055 rc-

450 1102 627 1171 gione,
656 1100 755 1155 sub
782 1099 981 1153 eisdem
1011 1098 1168 1150 etiam
1196 1096 1396 1165 legibus
1426 1096 1652 1148 nutritus
1681 1102 1735 1147 et
1760 1092 2013 1156 moribus,

449 1203 668 1246 cunctos
692 1191 778 1260 qui
805 1192 883 1244 vel
910 1204 1048 1243 nunc
1074 1197 1195 1242 sunt
1218 1187 1475 1251 homines,
1495 1186 1574 1239 vel
1607 1184 1834 1246 fuerunt,
1861 1182 2018 1235 altius

451 1284 645 1337 virtute
672 1282 1013 1336 transcendit.
1047 1281 1145 1335 Ubi
1169 1280 1324 1350 igitur
1352 1279 1427 1331 illi
1460 1292 1599 1332 nunc
1626 1287 1746 1331 sunt
1777 1276 1865 1344 qui
1892 1275 2016 1327 vitia

452 1375 773 1444 inproelivi,
802 1375 1051 1427 virtutem
1082 1373 1132 1425 in
1173 1372 1337 1425 arduo
1361 1367 1728 1425 collocarunt?
1755 1367 1851 1421 llic
1874 1366 2016 1420 enim

454 1467 623 1535 palam
651 1466 753 1518 illis
782 1472 1058 1533 repugnat,
1088 1462 1270 1516 dicens
1298 1478 1313 1514 :
1345 1460 1492 1525 Quod
1528 1460 1659 1525 enim
1691 1460 1742 1511 in
1788 1457 2017 1527 presenti

454 1566 854 1608 momentaneum
892 1564 963 1607 est
1008 1569 1068 1605 ac
1115 1551 1216 1605 leve
1256 1551 1585 1603 tribulationis
1616 1558 1815 1613 nostrte,
1865 1563 2019 1616 supra

452 1649 654 1698 modum
680 1645 733 1697 in
770 1644 1073 1698 sublimitate
1096 1653 1339 1696 a'ternum
1365 1641 1419 1693 in
1462 1640 1601 1693 nobis
1629 1639 1803 1707 gloria:
1823 1637 2020 1707 pondus

452 1746 687 1807 operatur
731 1736 801 1806 (2
850 1732 1136 1789 Cons.”
1162 1734 1201 1803 ).
1228 1732 1283 1788 Si
1310 1742 1485 1787 autem
1529 1728 2019 1799 hujusmoditribu-

452 1828 672 1881 lationes
702 1826 1039 1881 inveniuntur
1065 1824 1229 1889 leves,
1254 1832 1448 1894 quanto
1475 1821 1642 1891 magis
1663 1819 1744 1874 hac
1757 1835 1877 1890 qua:
1898 1827 2021 1874 sunt

452 1918 505 1971 in
534 1919 685 1971 nobis
707 1918 1003 1986 voluptates
1025 1917 1051 1969 .9

519 2007 708 2077 Ingens
735 2005 890 2060 Pauli
920 2006 1357 2077 [ervom—Neque
1374 2020 1501 2060 vero
1529 2003 1631 2058 hoc
1659 2003 1827 2058 solum
1850 2004 1902 2056 in
1930 2002 2020 2056 illo

453 2099 690 2152 mirabile
736 2106 839 2162 est,
885 2097 1027 2166 quod
1078 2113 1187 2166 prae
1215 2095 1535 2150 abundantia
1564 2093 1860 2147 devotionis
1889 2106 2020 2161 quo-

452 2190 733 2243 daminodo
774 2204 878 2242 non
909 2188 1076 2242 sensit
1104 2188 1317 2242 dolores
1340 2201 1436 2255 pro
1479 2187 1671 2239 virtute
1709 2193 2018 2252 susceptos;

452 2278 546 2332 sed
568 2280 725 2332 etiam
754 2278 891 2347 quod
912 2280 1158 2332 virtutem
1190 2278 1355 2346 ipsam
1385 2291 1482 2345 pro
1510 2275 1755 2329 mercede
1777 2290 1880 2327 non
1905 2289 2021 2327 sus-

452 2371 611 2438 cepit.
661 2369 792 2423 Nam
820 2384 915 2423 nos
932 2369 1141 2438 quidem
1168 2384 1260 2436 pro
1286 2383 1346 2421 ea
1370 2382 1467 2421 nec
1486 2367 1748 2435 proposita
1777 2364 2022 2419 mercede

453 2470 735 2527 certamus,
766 2476 921 2531 quam
969 2460 1057 2513 ille
1083 2460 1438 2527 complectens
1458 2458 1613 2511 etiam
1658 2456 1772 2510 sine
1803 2456 2020 2524 prmmio

452 2551 721 2621 diligebat,
748 2560 935 2605 cuncta
966 2552 1054 2604 illa
1076 2567 1193 2620 quae
1218 2549 1500 2618 asperitate
1528 2548 1608 2601 sui
1656 2547 1901 2600 videntur
1924 2547 2021 2600 im-

455 2643 634 2711 pedire
656 2644 917 2705 virtutem,
934 2657 1053 2695 cum
1075 2638 1658 2709 omnimagnanimitate
1684 2637 1981 2705 perpetiens
2004 2653 2018 2689 :

426 2734 541 2803 _qui
566 2749 733 2802 neque
761 2732 1118 2786 inﬁrmitatem
1144 2731 1405 2798 corporis,
1438 2744 1608 2798 neque
1634 2726 2020 2781 multitudinem

452 2825 901 2879 circumstantiqu
949 2822 1181 2891 nudique
1212 2821 1561 2890 negotiorum,
1593 2834 1761 2888 neque
1789 2818 2024 2889 tyranni-

453 2916 575 2970 dem
606 2925 830 2980 naturaa,
858 2930 1029 2987 neque
1048 2913 1334 2983 quidquam
1364 2910 1505 2965 aliud
1534 2912 1750 2964 omnino
1780 2920 2024 2963 causatus

453 3016 539 3063 est
562 3023 575 3059 :
601 3021 722 3060 cum
754 3007 933 3075 utique
952 2986 1145 3074 [major
1174 3004 1272 3067 illi,
1301 3018 1458 3073 quam
1507 3002 1711 3056 cunctis
1740 3010 1793 3055 et
1821 3000 2025 3054 militia:

452 3096 778 3165 principibus
829 3104 885 3150 et
920 3095 1133 3165 regibus
1186 3103 1343 3148 terra:
1375 3100 1517 3147 esset
1546 3106 1669 3145 cura
1716 3091 2022 3146 commissa.

455 3191 561 3245 Sed
582 3190 815 3261 quotidie
833 3190 1045 3254 celsior,
1065 3187 1299 3259 quotidie
1325 3185 1633 3255 assurgebat
1655 3184 1941 3249 ardentior,
1970 3191 2027 3238 et

456 3283 673 3336 intentis
693 3282 792 3335 sibi
811 3282 1057 3350 periculis
1073 3296 1207 3334 nova
1222 3294 1433 3348 semper
1447 3278 1720 3332 alacritate
1738 3276 2022 3346 pugnabat,

455 3372 613 3443 idque
635 3372 936 3441 signiﬁcans
959 3371 1200 3425 dicebat:
1222 3369 1415 3423 Eorum
1432 3384 1543 3438 qua:
1568 3377 1699 3421 retro
1714 3368 2021 3433 obliviscens,

456 3465 511 3517 in
554 3480 613 3517 ea
649 3479 785 3529 vero,
820 3478 934 3531 quae
952 3462 1124 3531 priora
1147 3472 1261 3515 sunt
1286 3460 1554 3514 extendens
1579 3457 1935 3530 me(Philipp.
1968 3461 2022 3514 5.

457 3555 527 3609 15
564 3555 608 3625 ),
628 3554 718 3624 qui
744 3568 864 3608 cum
883 3554 981 3607 sibi
1006 3553 1115 3622 jam
1152 3562 1379 3606 mortem
1403 3551 1766 3613 imminentem
1796 3550 2021 3616 videret,

452 3644 521 3698 ad
547 3644 972 3700 communionem
993 3643 1504 3710 delectationemque
1532 3641 1710 3711 gaudii
1734 3641 1865 3695 alios
1893 3655 2022 3709 pro-

455 3737 696 3802 vocabat,
724 3736 943 3791 dicens:
971 3735 1213 3800 Gaudete,
1236 3742 1281 3787 et
1303 3732 1720 3802 congratulamini
1736 3732 1853 3784 mihi
1874 3730 2027 3803 (Phi-

456 3830 583 3898 (ipp.
599 3829 653 3883 2.
676 3830 737 3883 l8
776 3827 795 3896 )
823 3842 918 3881 :ac
937 3826 1202 3896 periculis,
1228 3824 1449 3893 injuriis,
1474 3823 1877 3893 Opprobriisque
1905 3837 2027 3892 pro—

458 3920 667 3990 positis,
709 3933 894 3972 rursus
942 3917 1189 3989 e}sultat,
1220 3925 1271 3970 et
1298 3914 1584 3970 Corinthiis
1616 3915 1873 3979 scribens,
1904 3914 1979 3968 ait
2007 3932 2021 3968 :

453 4011 639 4065 Placeo
664 4010 789 4063 mihi
825 4009 878 4063 in
902 4008 1298 4073 inﬁrmitatibus,
1346 4007 1399 4061 in
1425 4008 1757 4071 contumeliis,
1784 4008 1836 4059 in
1860 4022 2027 4076 perse-

454 4098 886 4172 quutionibus(2.
941 4099 1059 4154 Cor.
1090 4100 1175 4154 l2.
1211 4098 1309 4167 l0)
1338 4115 1351 4151 :
1390 4113 1510 4153 cum
1540 4099 1719 4168 utique
1756 4097 1870 4153 haec
1911 4098 2026 4167 ipsa

455 4202 575 4244 esse
596 4191 797 4245 diceret
819 4205 962 4243 arma
991 4190 1230 4259 justitite,
1266 4189 1554 4244 ostendens
1602 4189 1727 4245 hinc
1764 4190 1863 4245 sibi
1914 4189 2027 4244 fru-

455 4289 599 4335 etum
625 4282 910 4334 maximum
954 4281 1253 4348 provenire.
1286 4280 1464 4349 Itaque
1493 4296 1612 4335 cum
1649 4282 1786 4336 inter
1823 4281 2027 4337 medias

459 4371 793 4425 inimicorum
854 4379 1157 4424 versaretur
1207 4371 1464 4435 insidias,
1513 4385 1677 4425 ovans
1728 4381 1905 4426 tamen
1959 4373 2027 4427 de

458 4462 604 4517 omni
654 4476 840 4515 eorum
890 4458 1155 4513 referebat
1195 4460 1591 4530 impugnatione
1640 4463 1922 4530 victorias,
1972 4472 2026 4518 et

458 4551 654 4621 ubique
688 4564 859 4605 census
883 4550 1211 4614 verberibus,
1238 4550 1459 4604 aﬂ‘ectus
1488 4550 1699 4620 injuriis
1724 4561 1883 4621 atque
1906 4567 2023 4607 ma-

455 4643 681 4705 ledictis,
734 4641 881 4711 quasi
930 4640 1274 4709 triumphales
1318 4655 1536 4710 pompas
1582 4651 1794 4711 ageret,
1839 4642 2023 4698 crebra

456 4745 652 4805 trepaea
674 4743 922 4795 strueret,
943 4732 1285 4802 gloriabatur,
1298 4733 1599 4802 gratiasque
1617 4731 1878 4787 referebat
1893 4734 2019 4799 Deo,

455 4828 677 4880 dicens:
709 4824 815 4878 Deo
841 4835 1006 4878 autem
1030 4824 1241 4894 gratias,
1280 4824 1366 4893 qui
1402 4840 1601 4893 semper
1633 4824 1907 4893 triumphat
1932 4841 2022 4880 nos

459 4916 549 4987 (2.
579 4916 694 4969 Cor.
721 4915 775 4967 2.
808 4915 937 4986 Η).

536 5005 671 5070 Quid
702 5006 972 5058 timendum
1016 5004 1100 5070 sit,
1131 5006 1252 5075 quid
1280 5005 1549 5075 optandum
1574 5019 1593 5067 ;
1620 5004 1811 5059 Caritas
1837 5006 2021 5061 Christi

453 5097 614 5148 instar
639 5097 860 5147 omnium
892 5095 1152 5148 bonorum.
1182 5125 1254 5135 —
1274 5095 1452 5164 Itaque
1483 5094 1548 5149 ad
1577 5095 1938 5152 confusionem
1966 5106 2020 5153 et

455 5188 694 5257 injurias,
717 5201 846 5256 quas
861 5187 930 5242 ob
946 5187 1261 5257 prmdicandi
1278 5187 1505 5242 studium
1519 5188 1830 5255 sustinebat,
1852 5192 2019 5261 magis

455 5295 611 5348 quam
665 5293 761 5333 nos
813 5278 881 5333 ad
930 5278 1190 5332 honorum
1238 5279 1625 5335 oblectamenta
1663 5283 2015 5351 properabat,

454 5380 677 5425 mortem
716 5369 909 5440 potius,
938 5384 1094 5439 quam
1143 5384 1239 5424 nos
1261 5370 1421 5423 vitam
1464 5380 1720 5440 appetens
1751 5391 1763 5426 :
1795 5388 2019 5444 pauper-

455 5470 809 5532 tatem,quam
834 5460 1154 5532 opulentiam
1180 5477 1196 5516 :
1227 5470 1281 5515 et
1306 5461 1472 5516 multo
1499 5464 1727 5533 amplius
1778 5464 2015 5519 laborem

457 5552 784 5621 desiderans,
810 5572 966 5628 quam
992 5556 1079 5611 alii
1101 5556 1331 5626 requiem
1358 5566 1478 5627 post
1502 5557 1733 5613 laborem
1760 5576 1775 5613 :
1802 5574 1865 5615 ac
1894 5573 2020 5616 ma:-

455 5663 627 5703 rorem
651 5650 814 5723 magis
831 5650 1049 5723 eligens,
1067 5665 1222 5722 quam
1245 5650 1331 5706 alii
1348 5650 1665 5723 voluptatem
1691 5670 1703 5707 :
1728 5652 2014 5709 studiosius

1182 260 1240 316 S.
1270 258 1547 316 JOANNIS
1583 248 2059 341 CIIRYSOSTOMI
2094 248 2414 309 ARCIIIEP.
2453 252 2983 310 CONSTANTINOP.

3585 259 3692 318 480

2124 378 2222 432 pro
2252 364 2478 421 inimicis
2498 380 2673 431 orans,
2702 382 2859 437 quam
2879 367 2967 421 alii
2993 366 3523 426 adversuslnimlcos.
3552 370 3695 427 Con-

2123 462 2353 508 verterat
2381 456 2522 509 enim
2573 457 2815 512 ordinem
2862 472 3041 512 rerum
3075 476 3089 511 :
3119 458 3225 511 imo
3273 473 3373 513 nos
3400 475 3523 514 eum
3570 477 3697 517 vere

2124 546 2495 613 pervertimus.
2528 548 2606 601 Ab
2629 548 2720 601 illo
2747 560 2923 602 autem
2948 550 3025 602 sic
3053 550 3348 604 custoditus
3377 560 3482 618 est,
3508 568 3697 621 quem-

2123 636 2405 690 admodum
2436 652 2465 691 a
2508 638 2620 693 Deo
2652 639 2824 693 fuerat
2860 639 3153 693 institutus.
3202 640 3295 694 Illa
3336 642 3477 695 enim
3517 643 3697 695 omnia

2124 741 2241 794 qua:
2278 727 2662 796 appetebnntur
2706 745 2734 782 a
2804 729 2985 793 Paulo,
3020 739 3223 783 natura:
3265 745 3531 801 congrua;
3585 731 3699 786 h:cc

2123 832 2271 882 vero,
2297 833 2415 885 quae
2446 818 2584 873 idem
2626 819 2715 872 ille
2759 818 3008 888 fugiebat,
3058 821 3323 874 contraria
3366 821 3692 889 judicantur.

2125 908 2277 964 Unde
2315 909 2453 963 istud
2486 910 2696 979 probari
2754 912 2973 979 potest?
3004 911 3173 964 llomo
3199 911 3343 965 enim
3388 927 3509 966 cum
3554 922 3699 967 esset

2123 998 2336 1062 Paulus,
2389 1000 2455 1053 ad
2495 1001 2579 1054 illa
2608 1010 2783 1055 tamen
2828 1002 3012 1069 magis,
3044 1016 3200 1071 quam
3230 1001 3413 1057 adista
3428 1002 3695 1057 currebat.

2125 1089 2297 1144 Unum
2325 1091 2465 1144 enim
2497 1091 2571 1145 illi
2601 1091 2989 1146 formidandum
3017 1101 3302 1161 eratatque
3327 1094 3694 1161 metuendum,

2124 1181 2325 1236 otl‘ensa
2370 1183 2619 1237 nimirum
2651 1183 2767 1249 Dei,
2802 1198 2901 1237 nec
2942 1183 3230 1252 quidquam
3275 1183 3418 1238 aliud
3448 1185 3673 1238 omnino

2125 1274 2265 1344 Ergo
2321 1289 2427 1329 nec
2467 1275 2819 1329 desiderabile
2862 1276 2937 1330 illi
2993 1275 3133 1328 aliud
3173 1285 3308 1339 erat,
3355 1276 3454 1331 nisi
3486 1274 3696 1346 placere

2123 1378 2337 1433 semper
2366 1365 2498 1418 Deo.
2529 1364 2644 1419 Non
2676 1363 2795 1418 dico
2813 1364 2931 1432 quia
2962 1364 3089 1418 nihil
3120 1365 3457 1433 praesentium
3485 1365 3695 1421 deside-

2124 1454 2424 1519 rabat,’sed
2454 1469 2553 1509 nec
2577 1455 2811 1523 ipsorum
2841 1454 3039 1524 aliquid
3064 1453 3381 1508 futurorum.
3410 1454 3524 1508 Non
3550 1456 3695 1509 enim

2122 1547 2253 1601 mihi
2300 1547 2447 1601 dicas
2477 1546 2638 1601 urbes
2678 1558 2731 1601 et
2762 1558 2983 1616 gentes,
3022 1547 3309 1608 exercitus,
3354 1546 3693 1615 provincias,

2125 1639 2394 1707 pecunias,
2427 1648 2759 1708 potestates:
2790 1638 2903 1693 hare
2928 1640 3068 1692 enim
3107 1638 3195 1692 ille
3238 1652 3552 1692 aranearum
3604 1637 3696 1692 ﬁla

2124 1732 2426 1799 reputavit:
2475 1729 2569 1785 sed
2610 1746 2670 1785 ea
2722 1731 2834 1800 ipsa
2882 1744 3038 1799 pone,
3070 1744 3186 1798 qua:
3231 1729 3607 1797 promittuntur
3640 1728 3693 1781 in

2123 1823 2288 1887 cmlis,
2334 1830 2388 1876 et
2414 1830 2539 1876 tunc
2579 1822 2695 1891 ejus
2737 1822 3008 1876 ardentem
3038 1821 3089 1874 in
3116 1820 3325 1874 Christo
3349 1834 3583 1873 amorem
3610 1819 3695 1872 vi-

2123 1914 2291 1970 debis.
2322 1914 2420 1969 llic
2447 1913 2708 1984 siquidem
2736 1930 2842 1984 pra:
2872 1914 3014 1967 illius
3055 1912 3356 1978 dulcedine,
3398 1927 3504 1966 non
3530 1926 3695 1982 ange-

2123 2007 2314 2074 lorum,
2342 2024 2449 2062 non
2474 2008 2906 2078 arehangelorum
2935 2006 3224 2060 admiratus
3249 2015 3331 2060 est
3355 2005 3689 2075 dignitatem,

2124 2112 2224 2153 nec
2273 2099 2554 2168 quidquam
2602 2098 2787 2152 horum
2816 2097 2987 2151 simile
3014 2096 3330 2163 concupivit.
3374 2095 3525 2162 Quod
3549 2096 3690 2151 enim

2124 2198 2239 2243 erat
2278 2191 2449 2259 majus
2486 2190 2753 2255 omnibus,
2783 2189 2981 2243 Christi
3018 2203 3199 2243 amore
3242 2186 3540 2251 fruebatur;
3570 2203 3692 2243 cum

2125 2279 2228 2335 hoc
2268 2280 2557 2335 beatiorem
2610 2296 2669 2335 se
2696 2281 2901 2334 cunctis
2928 2281 3185 2348 putabat;
3220 2279 3337 2333 sine
3364 2278 3464 2332 hoc
3515 2288 3690 2333 autem

2126 2384 2295 2438 neque
2320 2370 2702 2435 dominatuum,
2755 2386 2926 2440 neque
2961 2371 3345 2440 principatuum
3373 2370 3547 2424 socius
3573 2384 3695 2425 esse

2124 2460 2367 2529 cupiebat
2385 2478 2397 2513 :
2417 2460 2506 2515 sed
2532 2476 2650 2515 cum
2680 2462 2780 2516 hac
2800 2461 3079 2515 dilectione
3099 2461 3262 2529 magis
3286 2475 3403 2514 esse
3422 2470 3695 2516 extremus

2125 2553 2357 2620 Optabat,
2387 2552 2492 2605 imo
2521 2552 2677 2605 etiam
2703 2568 2767 2606 ex
2793 2567 3013 2606 numero
3042 2552 3366 2620 punitorum,
3395 2566 3550 2620 quam
3577 2552 3695 2606 sine

2126 2640 2225 2695 hac
2263 2642 2398 2695 inter
2418 2657 2652 2696 summos
2677 2641 2946 2697 ethonore
2972 2642 3244 2697 sublimes.
3276 2641 3387 2695 Hoc
3408 2641 3550 2696 enim
3577 2632 3697 2696 erat

2125 2733 2196 2787 illi
2228 2734 2512 2789 maximum
2538 2742 2592 2789 et
2614 2734 2877 2804 singulare
2897 2742 3234 2800 tormentum,
3259 2734 3325 2787 ab
3350 2733 3449 2788 hac
3472 2734 3695 2789 caritate

2126 2824 2397 2879 discedere
2419 2844 2429 2877 :
2451 2825 2484 2879 h
2504 2841 2562 2879 cc
2588 2825 2662 2879 illi
2688 2833 2802 2880 erat
2824 2825 3083 2893 gehenna,
3112 2824 3226 2878 hrec
3246 2824 3354 2877 sola
3372 2839 3548 2893 poena,
3578 2824 3697 2879 ha‘c

2127 2916 2328 2971 inﬁnita
2359 2926 2414 2971 et
2454 2916 2781 2971 intoleranda
2828 2916 3102 2986 supplicia.
3131 2916 3278 2970 Sient
3301 2916 3457 2971 etiam
3487 2917 3692 2985 perfrui

2125 3008 2341 3061 caritate
2362 3006 2577 3071 Christi,
2597 3008 2696 3061 hoc
2712 3006 2785 3061 illi
2803 3007 2928 3073 vita,
2943 3006 3044 3061 hoc
3059 3006 3305 3075 mundus,
3335 3006 3435 3061 hoc
3452 3006 3693 3077 angelus,

2128 3097 2229 3152 hoc
2255 3098 2554 3168 prasentia,
2586 3098 2686 3151 hoc
2711 3096 2905 3163 futura,
2935 3096 3037 3152 hoc
3063 3112 3306 3167 regnum,
3336 3098 3437 3154 hoc
3464 3098 3695 3167 promis-

2128 3189 2228 3251 sio,
2263 3188 2362 3242 hoc
2384 3188 2519 3243 bona
2549 3188 2825 3243 videbatur
2866 3189 3141 3244 innumera
3170 3200 3399 3259 :prteter
3440 3189 3541 3244 hoc
3565 3204 3696 3244 vero

2127 3280 2256 3334 nihil
2299 3280 2350 3334 in
2379 3281 2602 3334 tristium
2632 3280 2719 3335 vel
2743 3279 3097 3350 jucundorum
3126 3290 3275 3350 parte
3311 3282 3559 3349 ponebat.
3586 3281 3699 3336 Ho-

2127 3386 2243 3425 rum
2289 3372 2431 3425 enim
2472 3387 2590 3441 qua:
2618 3371 2703 3427 hic
2741 3372 3021 3439 habentur,
3061 3373 3191 3427 nihil
3245 3388 3513 3443 asperum,
3563 3374 3697 3429 nihil

2127 3462 2285 3516 etiam
2311 3478 2478 3517 suave
2514 3463 2810 3531 reputabat.
2837 3462 2925 3517 Sic
2948 3463 3277 3532 despiciebat
3304 3464 3547 3520 universa
3573 3479 3696 3534 qua:

2126 3552 2409 3614 cernimus,
2426 3561 2486 3606 ut
2508 3553 2640 3607 solet
2670 3553 2826 3607 herba
2843 3552 2949 3622 jam
2973 3552 3257 3621 putrefacta
3279 3554 3563 3608 contemni.
3591 3553 3698 3625 Ty-

2126 3657 2322 3696 rannos
2335 3658 2461 3697 vero
2482 3645 2645 3711 ipsos,
2673 3657 2734 3697 ac
2754 3643 2977 3712 populos
2997 3642 3255 3712 spirantes
3273 3641 3528 3710 furorem,
3551 3645 3699 3700 velut

2126 3732 2382 3803 quosdam
2410 3746 2529 3787 esse
2556 3732 2752 3787 culices
2794 3732 3147 3786 existimabat.
3197 3731 3415 3787 Mortem
3465 3747 3598 3788 vero
3642 3744 3699 3790 et

2127 3826 2392 3881 cruciatus
2412 3833 2466 3880 et
2493 3824 2637 3880 mille
2664 3825 2937 3894 supplicia,
2966 3824 3113 3895 quasi
3136 3823 3312 3879 ludum
3334 3824 3549 3894 putabat
3574 3840 3697 3881 esse

2127 3933 2433 3988 puerorum.
2465 3917 2748 3972 dummodo
2776 3927 2990 3987 propter
3016 3916 3282 3971 Christum
3332 3915 3531 3985 aliquid
3570 3931 3693 3971 sus—

2129 4009 2339 4064 tineret.
2372 4008 2519 4063 Tunc
2566 4008 2706 4062 enim
2751 4008 2861 4077 ipsa
2912 4007 3325 4077 amplectebatur
3365 4006 3611 4075 libenter,
3641 4018 3699 4064 et

2128 4102 2476 4158 decorabatur
2502 4101 2709 4155 vinctus
2733 4112 2921 4156 eatena
2948 4102 3133 4171 magis,
3156 4114 3313 4169 quam
3341 4098 3481 4155 Nero
3507 4100 3699 4156 diade-

2129 4206 2269 4251 mate
2296 4202 2600 4250 coronatus.
2630 4193 2841 4249 Etenim
2870 4202 3165 4248 coarctatus
3184 4207 3400 4248 carcere
3428 4192 3699 4248 habitabat

2128 4289 2333 4351 ctelum,
2384 4300 2446 4339 ac
2491 4284 2738 4339 libentius
2777 4283 2995 4338 verbera
3040 4283 3337 4352 excipiebat
3377 4291 3430 4338 et
3454 4282 3693 4350 vulnera,

2127 4392 2284 4447 quam
2323 4376 2411 4430 alii
2452 4376 2632 4430 bravia
2668 4375 2923 4444 diripiunt
2949 4392 2962 4428 :
2988 4382 3042 4429 et
3087 4373 3298 4429 dolores
3346 4388 3450 4428 non
3498 4374 3697 4440 minus,

2127 4482 2283 4537 quam
2309 4468 2525 4537 prmmia
2544 4465 2812 4535 diligebat,
2838 4480 2957 4519 cum
2979 4466 3120 4534 ipsos
3144 4465 3325 4534 utique
3345 4464 3557 4519 dolores
3574 4464 3697 4519 loco

2127 4560 2345 4615 duceret
2364 4558 2697 4627 prmmiorum
2722 4576 2735 4610 :
2763 4566 3041 4628 propterea
3069 4557 3211 4612 enim
3249 4557 3368 4611 illos
3394 4566 3446 4612 et
3470 4557 3695 4626 gratiam

2128 4651 2453 4707 nominabat.
2482 4650 2647 4718 Quem
2696 4664 2910 4704 sensum
2939 4648 3222 4718 diligenter
3245 4649 3503 4715 expende.
3544 4646 3695 4701 Prae-

2127 4742 2290 4797 mium
2319 4754 2465 4797 certe
2485 4749 2599 4796 erat
2624 4740 2859 4802 dissolvi,
2892 4747 3083 4794 etesse
3120 4753 3239 4793 cum
3272 4737 3485 4793 Christo
3516 4738 3534 4807 (
3567 4737 3698 4793 Plui.

2127 4836 2256 4905 lipp.
2291 4836 2338 4889 l.
2361 4834 2451 4889 25.
2478 4835 2547 4889 24
2570 4833 2589 4903 )
2613 4850 2626 4886 :
2659 4846 2978 4902 permanere
3004 4840 3183 4885 autem
3218 4831 3271 4884 in
3298 4845 3478 4896 carne,
3517 4840 3697 4884 certa-

2125 4940 2245 4981 men
2270 4943 2285 4991 ;
2312 4926 2405 4980 sed
2426 4935 2599 4979 tamen
2641 4934 2857 4993 propter
2888 4919 3089 4977 Christi
3112 4922 3432 4976 desiderium
3474 4923 3695 4990 prtemia

2125 5017 2400 5073 dilferebat
2418 5016 2705 5086 cupiditate
2720 5014 3045 5079 certaminis,
3074 5012 3231 5082 idque
3260 5013 3426 5082 magis
3444 5027 3698 5067 necessa-

2124 5109 2259 5163 rium
2280 5122 2396 5161 esse
2415 5106 2659 5161 ducebat.
2691 5103 2735 5157 E
2758 5103 2971 5173 regione
2988 5117 3113 5157 vero
3129 5102 3406 5156 anathema
3432 5117 3462 5155 a
3483 5101 3699 5156 Christo

2125 5199 2235 5252 ﬁeri
2265 5206 2531 5251 certamen
2582 5204 2696 5249 erat
2740 5203 2794 5249 et
2828 5195 2997 5257 dolor,
3030 5194 3195 5262 magis
3232 5200 3408 5246 autem
3445 5199 3499 5246 et
3532 5205 3699 5260 supra

2121 5299 2411 5352 certamen,
2460 5302 2724 5357 supraque
2773 5301 2985 5341 omnem
3013 5285 3276 5339 dolorem.
3309 5286 3378 5339 At
3398 5298 3526 5339 vero
3571 5299 3698 5339 esse

2109 5397 2242 5457 eum
2275 5380 2488 5435 Christo
2515 5390 2629 5435 erat
2654 5380 2927 5451 prmmium
2966 5379 3265 5448 singulare;
3299 5377 3499 5455 Paulus
3514 5385 3697 5433 tamen

2074 5457 2338 5535 “propter
2356 5470 2623 5525 Christum
2653 5469 2778 5523 illud
2804 5469 3157 5538 maluitquam
3179 5466 3316 5521 istud
3340 5466 3555 5535 eligere.
3584 5465 3697 5521 Sed

2121 5565 2358 5633 profecm
2375 5561 2514 5618 dicat
2541 5562 2626 5615 hic
2644 5560 2852 5629 aliquis,
2871 5558 3115 5630 quoniam
3142 5557 3257 5611 hmo
3280 5556 3456 5609 omnia
3479 5565 3696 5625 propter

2125 5655 2389 5714 Christum
2421 5651 2602 5709 suavia
2639 5667 2758 5710 esse
2800 5650 3025 5707 dicebat.
3062 5648 3174 5703 Hoc
3204 5647 3357 5711 plano
3384 5648 3541 5704 etiam
3577 5648 3694 5718 ipse
