4038 6204
253 260 363 315 479

246 379 483 445 Παῦλος·
505 374 599 432 καὶ
623 373 718 430 νῦν
787 371 1040 443 ἕστηκεν,
1077 371 1138 438 ἐξ
1167 364 1234 426 οὗ
1262 371 1476 441 γέγονε,
1507 372 1737 445 λαμπρᾷ
1773 372 1839 442 τῇ

244 479 403 547 φωνῇ
449 475 588 546 πρὸς
640 476 890 540 ἅπαντας
948 475 1077 540 τοὺς
1137 474 1506 545 ἐγκαλοῦντας
1562 474 1721 548 ἡμῶν
1770 479 1838 549 τῇ

243 576 570 645 κατασκευῇ
601 572 1041 646 ἀπολογούμενος
1079 574 1222 648 ὑπὲρ
1275 575 1372 630 τοῦ
1402 577 1699 642 Δεσπότου,
1727 576 1841 630 ’καὶ

220 658 581 752 Ϊπροτρέπων
610 674 698 729 ἐπ’
723 675 917 747 ἀρετῇ,
949 675 1046 730 καὶ
1074 675 1146 730 τὰ
1173 675 1510 748 ἀναίσχυντα
1553 677 1662 732 τῶν
1715 675 1841 748 βλα-

249 783 494 853 σφὴμων
536 767 869 852 ἐμφράττων
915 780 1182 850 στόματα,
1223 780 1318 834 καὶ
1350 780 1564 844 δεικνὺς
1609 779 1691 834 ὅτι
1736 779 1840 850 ἀγ·-

248 881 431 950 γέλων
458 880 552 934 καὶ
583 877 888 951 ἀνθρώπιον
915 879 977 932 o6
1014 879 1151 935 πολὺ
1193 880 1256 934 τὸ
1302 880 1484 952 μέσον,
1512 879 1607 933 ἐὰν
1640 880 1839 934 ἐθέλω-

252 1001 358 1056 μεν
382 983 674 1056 προσέχειν
712 983 950 1048 ἐαυτοῖς.
977 982 1054 1036 Οὐ
1089 983 1199 1056 γὰρ
1233 983 1398 1056 ἄλλην
1429 983 1592 1055 φύσιν
1632 984 1834 1056 λαχὼν,

245 1086 370 1140 οὐδὲ
405 1084 600 1156 ἐτέρας
638 1073 980 1156 κοινωνήσας
1013 1082 1216 1154 ψυχῆς,
1259 1083 1380 1138 ούδέ
1422 1084 1581 1139 ἄλλον
1609 1085 1838 1156 οἰκήσας

245 1187 478 1257 κόσμον,
501 1185 614 1239 ἀλλ’
639 1185 698 1238 ἐν
722 1187 791 1256 τῇ
821 1183 958 1256 αὐτῇ
987 1186 1058 1255 γῇ
1090 1185 1185 1237 καὶ
1216 1184 1370 1256 χώρᾳ
1405 1186 1500 1238 καὶ⁹
1525 1185 1713 1257 νόμοις
1743 1189 1837 1241 καὶ

245 1286 393 1340 ἐθεσι
423 1284 677 1357 τραφεὶς,
703 1283 914 1348 πάντας
942 1282 1263 1356 ἀνθρώπους
1287 1285 1683 1356 ὐπερηκόντισε
1709 1289 1838 1352 τοὺς

244 1385 306 1450 ἐξ
331 1379 397 1440 οῦ
443 1385 736 1454 γεγόνασιν
761 1384 1008 1458 άθρωποι
1046 1383 1392 1456 γενομένους.
1436 1368 1548 1439 Ποῦ
1581 1387 1762 1441 τοίνυν
1787 1390 1835 1442 οί

243 1486 520 1554 λέγοντες,
539 1486 622 1539 ὃτι
647 1483 907 1540 δύσκολον
933 1485 968 1557 ἡ
994 1484 1184 1558 ἀρετὴ,
1213 1486 1306 1540 καὶ
1331 1484 1554 1541 εὔκολον
1575 1489 1609 1559 ἡ
1637 1488 1833 1554 κακίας

245 1581 416 1650 Οὗτος
447 1585 560 1658 γάρ
607 1584 1034 1657 ἀντιφθέγγεται
1067 1585 1300 1652 τούτοις,
1328 1587 1502 1656 λέγων
1522 1605 1536 1620 ·
1573 1588 1649 1643 Τό
1682 1605 1834 1660 παρ-

243 1688 466 1742 αυτίκα
509 1686 776 1757 ἐλαφρὸν
823 1685 935 1756 τῆς
978 1687 1270 1756 θλίψεως,
1319 1693 1448 1744 καθ’
1489 1692 1836 1761 ὑπερϐολὴν

245 1790 334 1855 είς
380 1787 730 1856 ὑπερϐολὴν
777 1787 1022 1842 αἰώνιον
1065 1789 1260 1859 βάρος
1310 1789 1497 1858 δόξης
1545 1792 1831 1862 κατεργά-

247 1891 420 1952 ζεται.
450 1891 515 1943 El
543 1889 600 1943 δέ
623 1889 871 1945 τοιαῦται
900 1889 1109 1962 θλίψεις
1136 1891 1392 1966 ἐλαφραὶ,
1422 1892 1601 1966 πολλῷ
1630 1895 1832 1966 μᾶλλον

135 1977 152 1984 λ
246 1992 301 2045 αἱ
333 1991 547 2045 οἴκοθεν
581 1991 790 2062 ἡδοναί.

315 2119 429 2172 Καὶ
464 2118 525 2170 06
572 2117 732 2173 τοῦτο
777 2117 938 2190 μόνον
989 2118 1136 2173 ἐστὶν
1175 2118 1340 2174 αὐτοῦ
1387 2118 1450 2174 τὸ
1492 2120 1827 2193 θαυμαστὸν,

242 2219 326 2271 ὅτι
379 2219 668 2290 περιουσίᾳ
716 2219 818 2290 τῆς
872 2219 1182 2291 προθυμίας
1227 2221 1350 2276 οὐδὲ
1408 2223 1676 2293 ᾐσθάνετο
1721 2224 1831 2279 τῶν

241 2320 425 2374 πόνων
448 2319 556 2373 τῶν
585 2320 726 2390 ὑπὲρ
749 2320 851 2391 τῆς
874 2321 1098 2392 ἀρετῆς,
1126 2322 1243 2375 ἀλλ’
1270 2323 1352 2376 ὅτι
1375 2323 1500 2377 οὐδὲ
1530 2325 1624 2378 ἐπὶ
1654 2325 1832 2396 μισθῷ

240 2424 449 2495 ταύτην
497 2423 708 2494 μετῄει.
750 2423 948 2494 Ἡμεῖς
989 2424 1087 2496 μὲν
1128 2424 1239 2498 γὰρ
1277 2425 1400 2479 ούδέ
1449 2427 1655 2498 μισθῶν
1695 2447 1831 2500 προ-

241 2525 512 2597 κειμένων
540 2523 850 2595 ἀνεχόμεθα
874 2525 984 2578 τῶν
1014 2525 1153 2598 ὑπὲρ
1184 2526 1354 2598 αὐτῆς
1384 2527 1658 2601 ἱδρώτωνε
1688 2531 1832 2583 ἐκεῖ·

239 2644 329 2690 νος
373 2623 525 2699 [4851
569 2625 626 2678 δὲ
656 2625 750 2678 καὶ
792 2625 960 2696 χωρὶς
1002 2627 1112 2680 τῶν
1157 2626 1408 2682 ἐπάθλων
1442 2630 1610 2703 αὐτὴν
1652 2632 1831 2702 ἠσπά-

238 2725 364 2790 ζετο
389 2727 491 2779 καὶ
519 2725 713 2795 ἐφίλει,
746 2726 840 2779 καὶ
876 2725 946 2778 τὰ
973 2725 1233 2781 δοκοῦντα
1268 2728 1442 2801 αὐτῆς
1480 2727 1620 2795 εἶναι
1651 2731 1829 2786 κωλύ-

240 2847 388 2899 ματα
420 2827 564 2899 μετά
593 2829 773 2900 πάσης
808 2828 1118 2901 ὑπερήλατο
1144 2830 1243 2902 τῆς
1273 2831 1554 2897 εὐκολίας·
1585 2834 1680 2888 καὶ
1704 2833 1828 2889 οὔτε

239 2929 496 3002 σώματος
532 2928 838 2995 ἀσθένειαν,
875 2931 936 2984 06
985 2930 1329 3002 πραγμάτων
1378 2933 1721 3005 περίστασιν,
1765 2938 1827 2990 o6

238 3031 456 3100 φύσεως
499 3032 814 3103 τυραννίδα,
845 3032 947 3086 ούκ
978 3031 1108 3086 ἄλλο
1136 3033 1288 3087 οὐδὲν
1314 3035 1578 3106 ᾐτιάσατο
1601 3053 1614 3067 ·
1651 3037 1828 3092 καίτοι

238 3134 331 3187 καὶ
373 3133 702 3204 στρατηγῶν
755 3133 850 3187 καὶ
900 3132 1166 3204 βασιλέων
1216 3135 1471 3190 ἁπάντων
1503 3137 1611 3191 τῶν
1657 3140 1828 3195 ὄντων

239 3232 329 3286 ἐπὶ
373 3234 481 3304 γῆς
533 3231 757 3304 μείζονα
794 3233 1052 3306 φροντίδα
1095 3236 1491 3308 ἐγχειρισθεὶς,
1532 3239 1648 3292 ἀλλ’
1678 3241 1827 3312 ὅμως

238 3333 358 3389 καθ’
389 3333 634 3404 ἑκάστην
682 3333 901 3406 ἡκμαζε
933 3335 1037 3406 τὴν
1065 3335 1306 3408 ἡμέραν,
1351 3338 1449 3391 καὶ
1485 3338 1595 3392 τῶν
1641 3340 1823 3395 κινδύ-

241 3455 345 3491 νων
378 3436 802 3506 ἐπιτεινομένων
830 3435 1000 3507 αύτῷ,
1029 3437 1232 3510 νεαρὰν
1271 3439 1537 3512 ἐκέκτητο
1572 3442 1671 3514 τὴν
1699 3462 1826 3516 προ-

239 3535 467 3607 θυμίαν·
503 3536 600 3589 καὶ
637 3537 796 3590 τοῦτο
843 3537 1021 3608 δηλῶν
1074 3539 1251 3609 ἔλεγε·
1306 3541 1431 3596 Τῶν
1477 3545 1595 3614 μὲν
1631 3547 1824 3602 ὀπίσω

237 3636 808 3706 ἐπιλανθανόμενος,
846 3637 974 3740 τρῖς
1000 3638 1069 3692 δὲ
1113 3639 1455 3711 ἔμπροσθεν
1490 3645 1825 3702 ἐπεκτεινό-

235 3753 448 3806 μενος·
483 3737 581 3791 καὶ
624 3735 858 3791 θανάτου
879 3735 1374 3812 ⁷τιψοσδοκωμένου,
1413 3747 1502 3830 είς
1535 3748 1823 3802 κοινωνίαν

239 3840 334 3910 τῆς
360 3839 558 3910 ἡδονῆς
585 3838 790 3911 ταύτης
821 3839 1007 3894 ἐκάλει
1034 3841 1212 3911 λέγων
1231 3861 1244 3876 ·
1281 3846 1524 3914 Χαίρετε
1549 3848 1648 3902 καὶ
1677 3864 1824 3921 συγ·

239 3939 473 4008 χαίρετέ
496 3956 601 4009 μοι
619 3956 634 3970 ·
660 3938 756 3993 καὶ
781 3939 1044 3996 κινδύνων
1068 3943 1433 4016 ἐπικειμένων
1457 3948 1554 4002 καὶ
1587 3949 1819 4020 ὓὸρεων,

238 4042 329 4094 καὶ
349 4041 582 4112 ἀτιμίας
610 4041 852 4116 ἀπάσης,
885 4043 1114 4116 ἐσκίρτα
1147 4045 1338 4101 πάλιν·
1371 4048 1467 4102 καὶ
1508 4051 1823 4124 Κορινθίοις

240 4140 568 4196 ἐπιστέλλων
599 4141 776 4211 ἐλεγε·
814 4144 914 4198 Διὸ
949 4145 1050 4199 καὶ
1091 4146 1320 4202 εὐδοκῶ
1363 4149 1434 4204 ἐν
1455 4150 1817 4222 ἀσθενείαις,

236 4242 304 4296 ἐν
332 4243 602 4313 ὕϐρεσιν,
629 4245 701 4299 ἐν
731 4245 1041 4317 διωγμοῖς·
1073 4249 1169 4304 καὶ
1198 4250 1340 4305 ὅπλα
1367 4251 1424 4306 δέ
1449 4254 1590 4309 αὐτὰ
1616 4255 1822 4312 δικαιο-

239 4344 397 4416 σύνης
428 4345 684 4412 ἐκάλεσε,
715 4345 932 4410 δεικνὺς
962 4347 1046 4402 ὅτι
1077 4349 1170 4404 καὶ
1198 4352 1451 4409 ἐντεῦθεν
1478 4354 1550 4409 τά
1588 4357 1820 4427 μέγιστα

235 4446 560 4518 ἐκαρποῦτο,
585 4447 682 4500 καὶ
708 4449 819 4512 τοῖς
847 4447 1066 4521 ἐχθροῖς
1095 4452 1361 4508 πάντοθεν
1389 4456 1690 4528 ἀχείρωτος
1715 4454 1814 4532 ἦν·

233 4547 324 4600 καὶ
353 4546 636 4618 πανταχοῦ
669 4548 1084 4622 μαστιζόμενος,
1126 4552 1501 4627 ὑϐριζόμενος,
1550 4558 1818 4632 λοιδορού-

236 4663 423 4714 μενος,
478 4647 670 4721 ῶσπερ
714 4651 775 4706 ἐν
827 4649 1118 4724 θριάμϐοις
1160 4655 1555 4728 ὲμπομπεύων,
1604 4662 1699 4716 καὶ
1749 4661 1819 4717 τά

231 4750 466 4816 τρόπαια.
501 4751 703 4821 συνεχῆ
729 4751 1008 4823 πανταχοῦ
1035 4755 1140 4825 γῆς
1173 4755 1345 4822 ἱστὰς,
1371 4756 1546 4824 οὕτως
1577 4761 1816 4816 ἐκαλλω-

230 4850 431 4919 πίζετο,
469 4852 566 4906 καὶ
602 4852 764 4924 χάριν
802 4853 1070 4925 ὡμολόγει
1114 4855 1194 4928 τῷ
1228 4857 1347 4930 Θεῷ
1381 4859 1590 4929 λέγων·
1631 4863 1815 4934 Χάρις

228 4949 295 5002 δὲ
323 4951 402 5017 τῷ
438 4951 564 5018 Θεῷ
591 4950 674 5018 τῷ
704 4953 962 5009 πάντοτε
993 4959 1404 5028 θριαμϐεύοντι
1434 4962 1615 5032 ἡμᾶς.

298 5052 406 5104 Καὶ
451 5052 556 5124 τὴν
600 5053 993 5130 ἀσχημοσύνην
1024 5059 1118 5113 καὶ
1149 5059 1251 5132 τὴν
1300 5061 1457 5134 ὓϐριν
1486 5064 1585 5136 τὴν
1630 5067 1720 5123 διά
1753 5070 1813 5123 τὸ

227 5151 487 5223 κήρυγμα
533 5154 820 5227 μᾶλλον,ἡ
860 5159 1024 5229 ἡμεῖς
1061 5160 1160 5231 τὴν
1210 5164 1399 5234 τιμὴν,
1454 5165 1669 5235 ἐδίωκε,
1719 5171 1814 5226 καὶ

226 5249 318 5304 τὸν
354 5253 608 5320 θάνατον,
644 5255 870 5327 ἢὴμεῖς
907 5257 1008 5331 τὴν
1047 5260 1213 5332 ζωὴν,
1258 5264 1350 5317 καὶ
1389 5265 1486 5338 τὴν
1524 5269 1730 5335 πενίαν,
1776 5274 1808 5344 ἡ

227 5352 316 5404 τὸν
358 5354 588 5408 πλοῦτον
632 5357 817 5428 ἡμεῖς,
855 5359 950 5412 καὶ
990 5362 1117 5426 τοὺς
1163 5364 1360 5430 πόνους
1398 5370 1621 5439 μᾶλλον,
1648 5373 1682 5444 ἢ
1712 5374 1812 5438 τὰς

223 5454 435 5519 ἀνέσεις
470 5458 668 5528 ἕτεροι,
703 5461 798 5514 καὶ
833 5462 931 5533 ούχ
963 5463 1149 5528 ἁπλῶς
1198 5467 1422 5538 μᾶλλον,
1462 5471 1596 5526 ἀλλά
1629 5476 1812 5547 πολλῷ

223 5556 452 5624 μᾶλλον,
493 5559 675 5612 καὶτὸ
721 5561 1007 5618 λυπεῖσθαι
1044 5567 1226 5633 πλέον,
1263 5571 1296 5644 ἡ
1331 5573 1397 5628 τὸ
1435 5576 1647 5648 χαίρειν
1693 5580 1810 5632 ἓτε-

222 5672 333 5727 ςμοι,
364 5658 424 5712 τὸ
453 5659 850 5732 ύπερεύχεσθαι
889 5665 998 5719 τῶν
1025 5667 1235 5737 ἐχθρῶν
1263 5673 1486 5744 μᾶλλον,
1522 5677 1556 5748 ἡ
1582 5679 1642 5733 τὸ
1675 5699 1808 5736 κατ-

229 5803 262 5812 ι
543 5767 812 5829 [Ἀτιιοι.
860 5772 975 5835 Gn.
1031 5775 1095 5838 L.
1141 5747 1144 5756 Ι

1058 258 1148 313 DE
1181 258 1529 320 LAUDIBUS
1568 261 1626 318 S.
1665 260 1874 318 PAULI
1920 259 2282 319 APOSTOLI.
2322 263 2558 320 HOMIL.
2605 267 2670 321 ll.

3409 274 3512 330 ζεῦ

1951 369 2206 443 εύχεσθαι
2257 375 2454 448 ἐτεροι.
2494 379 2605 434 Καὶ
2647 378 2980 453 ἀντέστρεφε
3034 383 3146 439 τῶν
3191 391 3532 461 πραγμάτων

1948 477 2049 551 τὴν
2080 481 2253 549 τάξιν,
2296 484 2496 555 μᾶλλον
2528 485 2586 539 δέ
2635 488 2797 558 ἡμεῖς
2838 487 3272 562 ἀνεστρέψαμεν,
3323 492 3533 560 ἐκεῖνος

1948 582 2025 650 δέ,
2059 585 2249 659 ῶσπερ
2275 589 2303 642 ό
2343 589 2476 653 Θεὸς
2521 591 2930 662 ἐνομοθέτησεν,
2967 592 3141 658 οὕτως
3187 595 3358 667 αὐτὴν
3397 597 3534 666 ἐφύ-

1948 686 2128 743 λαττε.
2157 691 2343 747 Ταῦτα
2385 693 2483 765 μὲν
2527 693 2636 766 γάρ
2683 696 2824 750 κατά
2864 697 3025 766 φύσιν
3063 698 3302 764 ᾶπαντα,
3347 702 3534 756 ἐκεῖνα

1947 789 2005 844 δέ
2035 791 2368 848 τούναντίον.
2415 794 2512 859 Τίς
2552 796 2758 851 τούτων
2806 798 3116 864 ἀπόδειξιςς
3173 801 3408 867 Παῦλος,
3440 803 3533 858 ἄν·

1947 888 2164 960 θρωπος
2209 894 2304 959 ὢν,
2346 896 2439 949 καὶ
2483 895 2693 962 τούτοις
2739 899 3041 970 ἐπιτρέχων
3078 900 3341 974 μᾶλλονῆ
3388 889 3533 957 ἐκεί-

1946 1005 2075 1054 νοις.
2107 992 2202 1046 Ἓν
2247 993 2419 1066 τούτῳ
2461 997 2691 1068 φοϐερὸν
2727 994 2796 1071 ἦν
2839 1001 2999 1070 μόνον
3043 1004 3136 1055 καὶ
3176 1003 3430 1072 φευκτὸν,
3471 1004 3534 1057 τὸ

1948 1094 2319 1165 προσκροῦσαι
2350 1097 2490 1169 Θεῷ,
2524 1099 2710 1170 ἕτερον
2749 1101 2805 1155 δέ
2835 1103 2988 1155 οὐδέν
3011 1120 3024 1133 ·
3059 1102 3249 1174 ῶσπερ
3278 1099 3373 1158 οὖν
3413 1105 3530 1158 οὐδὲ

1946 1195 2196 1252 ποθεινὸν
2228 1199 2356 1253 ἄλλο
2393 1219 2466 1265 τι,
2511 1201 2587 1265 ὡς
2621 1203 2683 1256 τὸ
2721 1204 2916 1274 ἀρέσαι
2959 1205 3110 1277 Θεῷ·
3155 1208 3250 1261 καὶ
3293 1208 3354 1260 06
3386 1208 3532 1277 λέγω

1945 1295 2052 1348 τῶν
2090 1298 2371 1368 παρόντων
2400 1301 2572 1366 οὐδὲν,
2616 1304 2734 1356 ἀλλ’
2758 1305 2880 1357 ούδέ
2926 1305 3034 1358 τῶν
3058 1287 3408 1377 Ιμελλόντων.
3437 1309 3529 1380 Μὴ

1943 1395 2053 1467 γάρ
2107 1415 2198 1468 μοι
2244 1400 2430 1465 πόλεις
2474 1402 2636 1476 εἴπῃς
2685 1406 2779 1458 καὶ
2817 1406 2944 1478 ἔθνη
2998 1408 3094 1461 καὶ
3146 1409 3387 1479 βασιλεῖς
3435 1409 3531 1463 καὶ

1945 1498 2280 1569 στρατόπεδα
2324 1502 2419 1555 καὶ
2445 1504 2584 1558 ὅπλα
2622 1505 2716 1558 καὶ
2751 1508 3012 1579 χρήματα
3059 1509 3155 1562 καὶ
3193 1511 3532 1581 σατραπείας

1942 1599 2037 1653 καὶ
2061 1600 2408 1666 δυναστείας·
2441 1605 2562 1657 οὐδὲ
2593 1607 2702 1676 γάρ
2735 1609 2984 1681 ἀράχνην
3027 1610 3201 1666 ταῦτα
3232 1610 3375 1669 εἶναι
3411 1616 3532 1671 ἐνό-

1944 1718 2131 1773 μισεν·
2180 1703 2294 1757 ἀλλ’
2346 1707 2487 1761 αύτά
2543 1708 2612 1762 τὰ
2663 1711 2720 1763 ἐν
2767 1715 2881 1775 τοῖς
2929 1713 3176 1786 οὐρανοῖς
3216 1717 3388 1784 τίθει,
3435 1721 3530 1774 καὶ

1939 1804 2063 1858 τότε
2094 1805 2259 1860 αὐτοῦ
2305 1806 2425 1877 ὄψει
2474 1809 2564 1863 τὸν
2597 1813 2826 1885 σφοδρὸν
2876 1815 3056 1887 ἔρωτα
3098 1818 3190 1873 τὸν
3242 1822 3381 1893 πρὸς
3435 1823 3530 1878 τὸν

1939 1909 2192 1980 Χριστόν.
2221 1902 2389 1974 Οὗτος
2417 1911 2527 1984 γὰρ
2557 1915 2694 1982 πρὸς
2722 1917 2900 1970 ἐκεῖνο
2925 1917 2985 1970 τὸ
3020 1919 3264 1993 φίλτρον,
3293 1924 3393 1977 οὐκ
3424 1925 3524 1994 ἀγ-

1938 2009 2114 2078 γέλων
2143 2010 2301 2076 ἀξίαν
2332 2013 2664 2084 ἐθαύμασεν,
2705 2016 2806 2070 οὐκ
2857 2018 3233 2090 άρχαγγέλων,
3269 2023 3370 2078 οὐκ
3401 2025 3529 2079 ἄλλο

1939 2110 2178 2164 τοιοῦτον
2211 2112 2385 2167 οὐδέν.
2438 2113 2511 2168 Τδ
2564 2115 2676 2188 γάρ
2729 2117 2988 2173 ἁπάντων
3050 2122 3237 2190 μεῖζον
3286 2121 3430 2195 εἶχεν
3468 2125 3528 2180 ἐν

1939 2212 2137 2284 ἐαυτῷ,
2181 2215 2274 2269 τὸν
2325 2215 2418 2270 τοῦ
2464 2218 2702 2289 Χριστοῦ
2743 2219 2958 2292 ἔρωτα,
3006 2223 3100 2278 καὶ
3151 2225 3290 2295 μετά
3335 2226 3526 2281 τούτου

1938 2313 2156 2370 πάντων
2198 2317 2390 2373 ἐαυτὸν
2451 2319 2867 2394 μακαριώτερον
2918 2317 3059 2378 εἶναι
3123 2325 3381 2398 ἐνόμισε·
3432 2333 3528 2384 καὶ

1937 2413 2126 2469 τούτου
2155 2417 2343 2489 χωρὶς,
2373 2419 2495 2473 ούδέ
2524 2421 2633 2474 τῶν
2663 2424 3025 2495 κυριοτὴτων,
3057 2425 3178 2479 οὐδὲ
3205 2427 3313 2481 τῶν
3344 2429 3528 2502 ἀρχῶν

1938 2517 2032 2568 καὶ
2061 2517 2168 2570 τῶν
2196 2518 2456 2582 ἐξουσιῶν
2499 2522 2751 2591 γενέσθαι
2779 2523 2930 2598 [484]
2959 2525 3178 2598 ηὔχετο,
3213 2529 3352 2583 ἀλλά
3385 2533 3527 2601 μετά

1937 2621 2036 2689 τῆς
2097 2619 2318 2692 ἀγάπης
2379 2623 2584 2696 ταύτης
2647 2630 2724 2687 ἐν,
2766 2627 3019 2698 ἐσχάτοις
3071 2627 3213 2685 εἷναι
3273 2632 3528 2688 ἐϐούλετο

1941 2721 2140 2793 μᾶλλον
2170 2724 2264 2776 καὶ
2303 2723 2410 2778 τῶν
2441 2725 2844 2800 κολαζομένων,
2875 2732 2907 2803 ἢ
2940 2731 3146 2804 ταύτης
3189 2734 3381 2805 χωρἰς,
3413 2735 3526 2792 τῶν

1936 2822 2122 2895 ἄκρων
2181 2825 2275 2879 καὶ
2325 2825 2436 2881 τῶν
2489 2830 2847 2902 τιμωμένων·
2895 2833 3119 2898 κόλασις
3170 2835 3282 2907 γάρ
3331 2837 3526 2909 ἐκείνῳ

1939 2923 2057 2995 μία.
2085 2925 2145 2980 τὸ
2179 2927 2282 2998 τῆς
2315 2929 2536 3002 ἀγάπης
2568 2931 2772 3003 ταύτης
2813 2934 3128 3006 ἀποτυχεῖν.
3171 2935 3344 2992 Τοῦτο
3374 2939 3525 3011 αὐτῷ

1935 3023 2148 3092 γέεννα,
2188 3028 2348 3082 τοῦτο
2393 3031 2658 3102 τιμωρία,
2701 3033 2861 3088 τοῦτο
2909 3035 3080 3107 μυρία
3124 3037 3302 3092 κακά·
3333 3029 3524 3112 ὥσπερ

1935 3131 2028 3184 καὶ
2068 3131 2398 3198 ἀπόλαυσις,
2443 3134 2507 3188 τὸ
2552 3136 2756 3208 ταύτης
2808 3140 3115 3211 ἐπιτυχεῖν·
3169 3143 3328 3199 τοῦτο
3384 3145 3520 3218 ζωὴ,

1934 3233 2090 3287 τοῦτο
2130 3234 2354 3306 κόσμος,
2385 3236 2542 3292 τοῦτο
2580 3239 2829 3309 ἄγγελος,
2858 3244 3018 3297 τοῦτο
3063 3247 3328 3318 παρόντα,
3359 3249 3524 3309 τοῦτο

1937 3334 2220 3406 μέλλοντα,
2269 3337 2426 3392 τοῦτο
2474 3338 2753 3409 βασιλεία,
2794 3343 2954 3398 τοῦτο
3006 3325 3328 3418 ἐπαγγελία,
3363 3351 3521 3404 τοῦτο

1931 3436 2000 3490 τὰ
2032 3437 2200 3509 μυρία
2235 3439 2449 3510 ἀγαθά·
2481 3441 2670 3516 ἕτερον
2699 3445 2758 3499 δὲ
2793 3446 2946 3500 οὐδὲν
2977 3449 3087 3502 τῶν
3122 3450 3198 3523 μὴ
3243 3453 3520 3524 φερόντων

1931 3537 2186 3605 ἐνταῦθα,
2235 3541 2354 3595 ούδέ
2412 3543 2678 3616 λυπηρὸν,
2726 3547 2847 3601 οὐδὲ
2897 3549 2997 3620 ἡδὺ
3050 3549 3188 3604 εἶναι
3237 3553 3519 3625 ἐνόμιζεν·

1930 3637 2046 3692 ἀλλ’
2089 3640 2232 3696 οὔτω
2275 3646 2601 3718 κατεφρόνει
2649 3648 2759 3703 τῶν
2801 3651 3099 3722 ὁρωμένων
3152 3654 3391 3721 πάντων,
3440 3656 3518 3721 ώς

1929 3739 2030 3810 τῆς
2068 3747 2528 3818 κατασηπομένης
2568 3747 2825 3821 βοτάνης·
2855 3751 3188 3823 τύραννοιδέ
3220 3755 3390 3828 αὐτῷ,
3423 3759 3518 3811 καὶ¹

1929 3841 2091 3913 δῆμοι
2137 3843 2310 3917 θυμοῦ
2345 3847 2618 3916 πνέοντες,
2663 3851 2927 3918 κώνωπες
2957 3850 3096 3911 εἴναι
3127 3857 3376 3913 ἐδόκουν·
3423 3858 3518 3913 θά-

1930 3960 2088 4008 νατος
2119 3946 2176 3999 δὲ
2207 3948 2357 4019 αὑτῷ
2405 3951 2498 4005 καὶ
2543 3953 2806 4024 τιμωρίαι
2841 3955 2936 4008 καὶ
2987 3958 3176 4029 μυρίαι
3227 3960 3512 4025 κολάσεις,

1930 4045 2136 4133 παίδων
2182 4047 2509 4121 ἀθύρματα·
2547 4052 2688 4124 πλὴν
2733 4055 2787 4109 εί
2833 4073 2964 4110 ποτε
3013 4057 3103 4112 διά
3143 4059 3234 4113 τὸν
3278 4063 3515 4133 Χριστὸν

1928 4127 2190 4218 ὑπέμενε.
2217 4149 2350 4203 Τότε
2384 4151 2494 4222 γάρ
2520 4153 2613 4206 καὶ
2640 4154 2810 4210 ταῦτα
2847 4158 3144 4228 ἠσπάζετο,
3175 4163 3270 4217 καὶ
3303 4127 3385 4229 είς
3413 4166 3514 4238 τὴν

1929 4248 2118 4303 ἅλυσιν
2167 4249 2340 4316 οὕτως
2389 4253 2811 4324 ἐκαλλωπίζετο,
2867 4259 2944 4324 ὡς
2980 4261 3104 4316 ούδέ
3159 4263 3220 4317 τὸ
3276 4265 3514 4338 διάδημα

1926 4348 2117 4423 Νέρων
2149 4352 2242 4404 ἐπὶ
2289 4352 2390 4423 τῆς
2424 4355 2665 4428 κεφαλῆς
2708 4359 2848 4430 ἔχων
2869 4377 2883 4390 ·
2923 4362 3018 4416 καὶ
3048 4363 3110 4417 τὸ
3142 4365 3515 4438 δεσμωτήριον

1925 4453 1982 4508 δέ
2014 4453 2168 4525 ᾤκει,
2205 4455 2282 4520 ὡς
2309 4457 2472 4512 αὐτὸν
2513 4460 2604 4514 τὸν
2642 4463 2894 4534 οὐρανὸν,
2941 4467 3035 4521 καὶ
3079 4469 3372 4541 τραύματα
3419 4474 3514 4527 καὶ

1929 4557 2200 4626 μάστιγας
2244 4558 2459 4631 ἐδέχετο
2484 4561 2632 4632 ἥδιον
2659 4565 2865 4620 τούτων
2895 4566 3004 4622 τῶν
3034 4569 3104 4623 τὰ
3153 4571 3381 4642 βραδεῖα
3412 4575 3514 4647 ἀρ-

1925 4656 2241 4722 παζόντων·
2275 4661 2367 4714 καὶ
2400 4663 2530 4726 τοὺς
2562 4664 2760 4730 πόνους
2787 4667 2962 4737 ἐφίλει
2989 4671 3100 4724 τῶν
3132 4672 3382 4729 ἐπάθλων
3411 4678 3511 4750 οὐχ

1924 4755 2104 4831 ἦττον,
2131 4760 2362 4818 ἔπαθλον
2392 4765 2522 4831 τοὺς
2547 4767 2742 4834 πόνους
2771 4766 2910 4825 εῖναι
2941 4774 3180 4844 νομίζων
3201 4794 3214 4807 ·
3241 4777 3330 4832 διά
3353 4779 3512 4836 τοῦτο

1923 4861 2016 4915 καὶ
2060 4863 2218 4934 χάριν
2263 4865 2462 4932 αὐτοὺς
2508 4869 2712 4926 ἐκάλει.
2762 4872 2965 4927 Σκόπει
2995 4873 3074 4928 δέ·
3108 4877 3384 4934 Ἔπαθλον
3415 4877 3508 4953 ἦν,

1921 4960 1982 5014 τὸ
2011 4962 2275 5018 ἀναλῦσαι
2314 4967 2408 5020 καὶ
2451 4968 2549 5022 σὺν
2592 4971 2814 5042 Χριστῷ
2841 4969 3002 5038 εἷναι,
3035 4975 3097 5030 τὸ
3125 4978 3182 5031 δὲ
3227 4981 3508 5053 ἐπιμεῖναι

1920 5062 1986 5131 τῇ
2024 5062 2204 5133 σαρκὶ,
2250 5067 2279 5119 ό
2314 5065 2463 5136 άγὼν
2505 5060 2689 5133 οὗτος·
2729 5072 2845 5126 ἀλλ’
2884 5076 3030 5146 ὅμως
3093 5078 3252 5133 τοῦτο
3306 5084 3506 5154 μᾶλλον

1920 5161 2153 5234 αἱρεῖται
2222 5167 2430 5222 ἐκείνου
2451 5209 2468 5234 ,
2523 5173 2617 5226 καὶ
2664 5175 3092 5251 ἀναγκαιότερον
3147 5183 3298 5255 αὐτῷ
3366 5180 3506 5240 εἷναί

1921 5281 2088 5333 φησι·
2123 5267 2183 5320 τὸ
2214 5269 2461 5342 ἀνάθεμα
2508 5275 2616 5329 ἀπὸ
2657 5279 2894 5350 Χριστοῦ
2933 5284 3208 5353 γενέσθαι,
3242 5288 3389 5356 ἀγὼν
3435 5286 3504 5358 ἦν

1921 5364 2014 5418 καὶ
2053 5367 2239 5433 πόνος,
2284 5371 2485 5442 μᾶλλον
2531 5374 2588 5429 δέ
2637 5381 2728 5433 καὶ
2767 5382 2906 5448 ὑπὲρ
2940 5385 3126 5440 άνῶνα
3161 5391 3254 5441 καὶ
3302 5390 3462 5441 πόνον
3483 5407 3495 5420 ·

1848 5522 1861 5533 .
1917 5455 1978 5540 τὸ
2010 5491 2126 5560 μετ’
2158 5493 2344 5560 αὐτοῦ,
2375 5496 2628 5556 ἔπαθλον.
2669 5503 2829 5558 Ἀλλά
2855 5505 3013 5561 τοῦτο
3041 5509 3239 5579 μᾶλλον
3264 5511 3498 5582 αἱρεῖται

1917 5587 2123 5644 ἐκείνου
2149 5593 2238 5648 διὰ
2265 5596 2356 5651 τὸν
2386 5599 2638 5671 Χριστόν.
2681 5605 2820 5658 Ἀλλ’
2849 5608 2976 5670 ίσως
3015 5611 3158 5664 εἴποι
3187 5628 3270 5674 τις
3301 5611 3384 5673 ἂν,
3415 5614 3498 5668 ὅτι

1916 5691 2086 5746 ταῦτα
2127 5696 2303 5751 πάντα
2346 5699 2436 5756 διὰ
2464 5703 2552 5758 τὸν
2585 5704 2816 5776 Χριστὸν
2854 5707 2980 5776 ἡδέα
3029 5711 3178 5782 αὐτῷ
3211 5710 3296 5784 ἦν.
3331 5713 3501 5767 Τοῦτο
3569 5747 3578 5751 -

3115 5803 3153 5865 5
