4038 6204
460 265 554 324 481

461 383 569 456 γάρ
603 381 697 435 καὶ
748 376 857 446 ἐγώ
898 393 1072 447 φημι,
1111 373 1192 427 ὅτι
1239 372 1382 442 ἆπερ
1427 371 1662 442 ἀθυμίας
1699 372 1830 441 ἡμῖν
1864 372 2030 438 αἴτια,

460 481 632 536 ταῦτα
676 476 868 546 ἐκείνῳ
908 472 1150 545 μεγάλην
1184 469 1392 522 ἔτικτεν
1421 469 1632 538 ἡδονήν.
1671 467 1780 521 Kal
1815 468 1867 521 τί
1897 466 2040 536 λέγω

462 573 740 636 κινδύνους
785 571 880 624 καὶ
910 568 1008 636 τάς
1046 567 1212 628 ἄλλας
1260 563 1664 628 ταλαιπωρίας;
1694 559 1805 616 Καὶ
1832 563 1940 634 7&9
1982 565 2041 616 ἐν

463 671 674 743 ἀθυμίᾳ.
723 667 962 738 διηνεκεῖ
985 660 1082 736 ἦν·
1134 662 1214 716 διὸ
1256 662 1351 715 καὶ
1399 661 1578 728 ἐλεγε-
1639 660 1734 726 Τίς
1769 657 2038 724 ἀσθενεῖ,

465 771 562 825 καί
597 770 708 822 οὐκ
737 761 972 820 ἀσθενῶ
983 777 1003 826 ;
1037 762 1127 826 τίς
1161 756 1640 822 σκανδαλίζεται,
1668 756 1765 810 καὶ
1794 757 1905 810 οὐκ
1927 751 2043 824 ἐγὼ

465 865 794 934 πυροῦμαι;
840 860 986 930 Πλὴν
1031 859 1080 910 εἰ
1114 858 1207 911 καὶ
1248 857 1347 926 τὴν
1391 854 1626 925 ἀθυμίαν
1674 852 1861 925 ἡδονὴν
1898 850 2042 920 ἔχειν

466 966 610 1016 εἴποι
645 976 728 1022 τις
774 957 859 1012 ἄν.
892 955 1083 1010 Πολλοὶ
1111 954 1217 1023 7&9
1248 952 1338 1006 καὶ
1385 951 1494 1005 τῶν
1523 949 1689 1004 τέκνα
1738 947 2041 1003 ἀποϐαλόν-

465 1077 597 1121 των,
635 1054 1073 1126 συγχωρούμενοι
1107 1052 1203 1122 μὲν
1235 1049 1472 1120 θρηνεῖν,
1512 1046 1864 1119 παραμυθίαν
1905 1047 2046 1117 λαμ-

469 1156 721 1209 ϐάνουσι·
754 1151 1085 1222 κωλυόμενοι
1118 1148 1198 1214 δὲ,
1241 1145 1496 1215 ἀλγοῦσι·
1535 1145 1784 1214 καθάπερ
1816 1140 1908 1198 οὖν
1951 1144 2046 1197 καὶ

469 1255 498 1306 ὁ
521 1250 752 1314 Παῦλος,
786 1245 977 1310 νυκτδς
1011 1245 1106 1299 καὶ
1134 1243 1346 1316 ἡμέρας
1370 1241 1642 1312 δακρύων,
1691 1240 2043 1312 παραμυθίαν

470 1347 808 1418 ἐλάμϐανεν·
859 1344 1030 1408 οὐδεὶς
1086 1340 1195 1413 γάρ
1245 1338 1388 1394 οὕτω
1432 1340 1500 1393 τὰ
1552 1340 1730 1392 οἰκεῖα
1777 1336 2045 1406 ἐπένθησε

471 1444 639 1508 κακὰ,
663 1444 738 1507 ώς
763 1442 831 1497 τά
861 1440 1114 1512 ἀλλότρια
1146 1439 1370 1499 ἐκεῖνος.
1410 1434 1536 1498 Πῶς
1566 1435 1674 1506 γὰρ
1706 1435 1808 1487 οίει
1847 1433 2047 1487 διακεῖ-

474 1547 598 1600 σθαι
639 1545 798 1598 αὐτὸν
844 1541 1110 1596 Ἰουδαίων
1158 1539 1220 1592 οὐ
1267 1535 1609 1606 σωζομένων,
1646 1535 1732 1587 ἵνα
1777 1532 2045 1598 σωθῶσιν,

473 1646 765 1718 εὐχόμενον
805 1645 1054 1696 ἐκπεσεῖν
1096 1639 1197 1710 τῆς
1220 1640 1331 1694 ἀνω
1355 1637 1548 1707 δόξηςς
1589 1636 1750 1690 Ὅθεν
1779 1634 1933 1705 δῆλον
1967 1634 2049 1688 ὅτι

475 1749 536 1802 τὸ
573 1750 646 1818 μὴ
681 1743 947 1808 σώζεσθαι
1001 1743 1197 1804 αὐτοῦς
1231 1739 1410 1810 πολλῷ
1449 1737 1822 1810 χαλεπώτερον
1869 1731 1957 1806 ἦν.
1988 1736 2051 1788 Εἰ

474 1849 584 1919 7&9
620 1847 694 1918 μὴ
722 1843 1120 1914 χαλεπώτερον,
1148 1841 1246 1894 οὐκ
1277 1840 1338 1894 ἂν
1382 1839 1583 1910 ηὐξατο
1611 1840 1812 1892 ἐκεῖνο·
1842 1837 1918 1901 ὡς
1944 1837 2054 1908 γάρ

477 1947 807 2018 κουφότερον
854 1944 1045 2006 είλετο,
1089 1941 1184 1996 καὶ
1221 1939 1419 2012 μᾶλλον
1450 1937 1600 2012 [485]
1643 1937 1768 2009 ἔχον
1800 1955 2054 2009 παραμυ·

477 2044 625 2098 θίαν·
674 2043 767 2096 καὶ
812 2040 911 2110 οὐχ
946 2037 1129 2100 ἁπλῶς
1173 2036 1444 2099 ἐϐούλετο,
1491 2033 1625 2088 ἀλλά
1673 2033 1768 2088 καὶ
1808 2033 1937 2086 ἐϐόα
1967 2032 2055 2110 λέ-

477 2159 617 2208 γων·
659 2145 793 2194 "0n
826 2141 990 2206 λύπη
1021 2138 1126 2207 μοί
1170 2137 1324 2200 ἐστι,
1370 2135 1466 2189 καί
1499 2133 1685 2202 ὀδύνη
1726 2133 1802 2202 τῇ
1845 2132 2056 2203 καρδίᾳ

476 2257 615 2310 μου.
667 2236 770 2290 Τὸν
809 2230 901 2288 οῦν
954 2233 1073 2286 καθ’
1122 2231 1379 2301 ἑκάστην.
1430 2228 1505 2293 ώς
1550 2231 1742 2295 εἰπεῖν,
1775 2228 1914 2298 ὑπὲρ
1949 2227 2055 2280 τῶν

479 2339 579 2410 τὴν
607 2334 935 2404 οἰκουμένην
959 2331 1249 2385 οἰκούντων
1279 2329 1568 2398 ἀλγοῦντα,
1604 2330 1694 2382 καὶ
1722 2329 1861 2399 ὑπὲρ
1892 2327 2058 2382 ἀπάν-

480 2409 589 2492 των
637 2436 811 2506 κοινῇ,
846 2432 940 2486 καὶ
980 2430 1170 2494 ἐθνῶν,
1211 2409 1581 2493 καῖ’πόλεων,
1630 2430 1720 2482 καὶ
1755 2428 1895 2500 ὑπὲρ
1941 2428 2058 2492 ἐνὸς

481 2537 736 2602 ἑκάστου,
764 2534 871 2588 τίνι
900 2533 966 2588 ἀν
999 2550 1083 2596 τις
1111 2530 1366 2604 δυνηθείη
1402 2529 1768 2601 παραϐαλεῖνς
1814 2531 1950 2600 ποίῳ
1979 2547 2054 2582 σι-

482 2640 662 2712 δήρῳς
704 2636 842 2706 ποίῳ
888 2634 1190 2704 ἀδάμαντι;
1225 2631 1290 2684 Τί
1325 2632 1388 2686 ἄν
1432 2648 1515 2694 τις
1553 2631 1764 2702 ἐκείνην
1811 2632 2057 2686 καλέσειε

482 2740 581 2813 τὴν
624 2737 837 2809 ψυχήν;
873 2734 1101 2807 χρυσῆν,
1149 2732 1184 2804 ἢ
1214 2730 1617 2804 ἀδαμαντίνηνς
1655 2733 1748 2785 καὶ
1795 2729 1904 2802 7&9
1934 2731 2061 2786 ἀδά-

489 2857 685 2913 μαντος
711 2833 779 2910 ἦν
811 2835 1012 2898 παντὸς
1041 2833 1392 2906 στερροτέρα,
1422 2833 1514 2885 καὶ
1544 2831 1744 2904 χρυσοῦ
1777 2833 1870 2886 καὶ
1898 2832 2061 2886 λίθων

485 2939 681 3012 τιμίων
727 2935 1057 3009 τιμιωτέρα·
1101 2933 1360 3004 κάκείνης
1395 2931 1492 3002 μὲν
1523 2919 1615 2984 οὖν
1658 2933 1756 3003 τῆς
1787 2931 1917 3004 ὐλης
1962 2932 2060 3003 τὴν

483 3041 730 3096 εὐτονίαν
783 3036 1111 3111 παρελάσει,
1167 3034 1372 3106 ταύτης
1425 3033 1482 3088 δέ
1540 3033 1638 3106 τὴν
1692 3034 2058 3090 πολυτέλειαν.

487 3145 605 3198 Τίνι
635 3144 700 3197 ἂν
745 3139 839 3196 οῦν
875 3157 957 3204 τις
996 3138 1166 3208 αὐτὴν
1209 3136 1546 3210 παραϐάλοι;
1589 3136 1711 3190 Τῶν
1746 3137 1844 3208 μὲν
1887 3137 2063 3204 οὐσῶν

485 3246 728 3316 οὐδεμιᾷ.

557 3349 620 3400 EE
648 3346 706 3400 δέ
741 3345 942 3416 χρυσὸς
968 3343 1183 3414 ἀδάμας
1217 3343 1449 3410 γένοιτο.
1479 3344 1574 3396 καὶ
1600 3343 1809 3413 ἀδάμας
1839 3343 2060 3415 χρυσὸς,

487 3452 608 3505 τότε
640 3447 890 3504 ὁπωσοῦν
919 3446 1098 3501 αὐτῶν
1130 3444 1379 3512 τεύξεται
1408 3444 1508 3515 τῆς
1548 3445 1772 3509 εἰκόνος,
1813 3445 1972 3500 Ἀλλά
2009 3447 2063 3499 τί

493 3577 581 3614 ua.
620 3553 988 3627 παραϐάλλειν
1034 3551 1299 3622 ἀδάμαντι
1334 3550 1428 3603 καὶ
1471 3549 1683 3621 χρυσῷ;
1724 3550 1828 3602 Τὸν
1863 3550 2062 3621 κόσμον

488 3657 705 3721 ἀντίθες
754 3655 1004 3717 ἅπαντα,
1059 3651 1156 3706 καὶ
1210 3651 1329 3704 τότε
1380 3649 1498 3720 ὄψει
1549 3649 1920 3704 καθέλκουσαν
1966 3651 2062 3704 τοῦ

490 3761 703 3817 Παύλου
741 3758 840 3830 τὴν
883 3757 1082 3828 ψυχήν.
1118 3755 1182 3808 Et
1227 3753 1336 3824 7&9
1365 3754 1496 3824 περὶ
1534 3751 1642 3805 τῶν
1686 3753 1743 3805 ἐν
1792 3752 2064 3824 μηλωταῖς

489 3862 587 3915 καὶ
625 3859 909 3932 σπηλαίοις
948 3857 1042 3910 καὶ
1073 3856 1131 3909 ὲν
1182 3852 1364 3925 μικρῷ
1413 3853 1568 3925 μέρει
1599 3853 1698 3924 τῆς
1742 3852 2066 3927 οἰκουμένης

488 3959 908 4033 διαπρεψάντων
956 3956 1115 4010 τοῦτό
1170 3971 1333 4026 φησιν
1385 3955 1622 4018 ἐκεῖνος,
1657 3953 1833 4026 πολλῷ
1865 3955 2064 4026 μᾶλλον

489 4046 620 4117 περὶ
657 4043 821 4099 αὐτοῦ
859 4042 925 4096 ἂν
957 4040 1209 4109 εῖποιμεν
1245 4039 1429 4108 ἡμεῖς,
1458 4037 1534 4100 ώς
1562 4037 1644 4091 ὅτι
1675 4038 1891 4093 πάντων
1934 4039 2064 4092 ἀντ-

490 4148 638 4212 άξιος
683 4143 771 4217 ἦν.
817 4147 879 4198 El
910 4143 1091 4196 τοίνυν
1129 4143 1157 4194 ό
1189 4141 1391 4210 κόσμος
1437 4139 1602 4194 αὐτοῦ
1643 4142 1742 4194 οὐκ
1770 4141 1938 4209 ἄξιος,
1981 4142 2064 4207 τίς

491 4247 670 4311 dicm;
714 4245 856 4314 τάχα
895 4245 924 4296 ό
955 4241 1215 4314 οὐρανόςς
1265 4241 1424 4294 Ἀλλά
1464 4243 1558 4296 καὶ
1601 4241 1762 4296 τοῦτο
1810 4245 2060 4315 σμικρόν.

493 4351 554 4403 Et
599 4350 708 4419 7&9
741 4347 901 4409 αὐτὸς
952 4344 1182 4415 οὐρανοῦ
1233 4345 1370 4414 μετά
1414 4346 1523 4398 τῶν
1565 4348 1624 4398 ἐν
1655 4349 1768 4411 τοῖς
1816 4348 2064 4419 οὐρανοῖς

493 4449 828 4522 προετίμησε
873 4446 967 4500 τοῦ
1000 4445 1269 4498 Δεσπότου
1303 4444 1402 4515 τὴν
1430 4445 1674 4515 ἀγάπην,
1704 4447 1884 4518 ⁸πολλῷ
1927 4450 2064 4520 μᾶλ-

490 4548 637 4602 λονὸ
669 4545 944 4615 Δεσπότης
969 4547 996 4599 ό
1028 4543 1280 4598 τοσοῦτον
1319 4545 1484 4599 αὐτοῦ
1528 4547 1896 4620 άγαθώτερος,
1939 4551 2062 4604 ὅσον

493 4649 760 4720 πονηρίας
808 4645 1098 4716 ἀγαθότης,
1135 4645 1342 4718 μυρίων
1384 4645 1543 4700 αὐτὸν
1586 4649 1832 4720 οὐρανῶν
1877 4667 2062 4722 προτι-

497 4754 680 4824 μήσει.
727 4753 800 4805 Οὐ
841 4750 950 4822 γάρ
983 4751 1185 4822 ὁμοίως
1235 4751 1382 4822 ἡμᾶς
1415 4750 1590 4820 φιλεῖ,
1624 4751 1874 4826 καθάπερ
1905 4756 2064 4825 ἡμεῖς

492 4853 676 4917 αὐτὸν,
708 4852 844 4906 ἀλλά
877 4845 1143 4906 ’τοσοῦτον
1174 4851 1355 4918 πλέον,
1389 4851 1513 4905 ὅσον
1557 4853 1676 4907 οὐδὲ
1709 4853 1851 4925 λόγῳ
1883 4873 2062 4929 παρα-

493 4954 690 5023 στῆσαι
725 4952 824 5006 ενι.
857 4952 1057 5034 Σκόπει
1097 4951 1230 5020 γοῦν
1263 4952 1465 5024 ἡλίκων
1496 4953 1658 5008 αὐτὸν
1688 4956 1782 5009 καὶ
1823 4957 1926 5028 πρὸ
1963 4958 2062 5028 τῆς

497 5053 796 5126 μελλούσης
820 5053 1052 5124 ἠξίωσεν
1078 5054 1446 5118 ἀναστάσεως.
1487 5055 1581 5118 Είς
1608 5056 1933 5128 παράδεισον
1965 5060 2064 5131 ἦρ-

493 5171 689 5220 πασεν,
732 5153 813 5216 είς
867 5153 1050 5224 τρίτον
1104 5154 1381 5224 ἀνήγαγεν
1431 5155 1680 5227 οὐρανὸν,
1737 5159 2063 5234 ἀπορρήτων

495 5256 719 5328 ἐποίησε
760 5252 1017 5308 κοινωνὸν
1061 5253 1338 5320 τοιούτων,
1387 5255 1423 5308 ἃ,
1467 5257 1660 5325 μηδενὶ
1689 5259 1796 5314 τῶν
1841 5261 1938 5333 τὴν
1971 5265 2064 5318 ἀν-

495 5355 772 5426 θρωπίνην
822 5353 1093 5424 λαχόντων
1141 5354 1303 5423 φύσιν
1338 5355 1496 5423 θέμις
1541 5359 1733 5413 εἰπεῖν.
1768 5363 1876 5415 Kal
1921 5364 2064 5432 μάλα

495 5458 716 5521 εἰκότως
740 5474 754 5488 ·
788 5459 882 5509 καλ.
909 5453 1016 5525 γάρ
1047 5457 1103 5507 ὲν
1137 5457 1206 5526 γῇ
1249 5453 1495 5524 βαδίζων,
1523 5457 1598 5521 ώς
1642 5461 1780 5529 μετά
1819 5462 2063 5531 ἀγγέλων

497 5558 824 5630 περιπολῶν,
875 5556 1043 5619 οὓτως
1093 5555 1359 5625 ἔπραττεν
1410 5557 1660 5615 ἅπαντα·
1709 5563 1802 5616 καῖ
1851 5562 2063 5634 σώματι

497 5658 673 5727 θνντῴ
733 5657 1130 5729 συνδεδεμένος,
1174 5656 1272 5726 τὴν
1315 5656 1536 5728 ἐκείνων
1575 5660 1920 5735 καθαρότητα
1968 5668 2063 5719 ἐπ-

1154 255 1212 307 3.
1253 236 1536 310 JOANNIS
1570 249 2057 314 cmn's'osmm
2098 261 2413 313 Alwllllﬂ’.
2445 261 2990 321 υυινείΑινΤιΝοΡ.

3600 262 3713 320 £82

2141 370 2430 438 εδείκνυτο,
2467 373 2561 426 καὶ
2588 373 2856 444 ἀνάγκαις
2885 371 3178 435 τοσαύταις
3199 370 3575 444 ὑποκείμενος,
3601 377 3716 446 ἐφι-

2139 479 2367 533 λονείκει
2398 479 2510 534 τῶν
2539 479 2651 534 ἀνω
2675 480 2955 552 δυνάμεων
2988 480 3152 552 μηδὲν
3197 477 3418 535 ἔλαττον
3460 484 3717 552 φανῆναι.

2140 590 2250 646 Καὶ
2282 589 2391 662 γὰρ
2434 589 2509 654 ὡς
2555 589 2757 662 πτηνὸς
2795 589 2895 662 τὴν
2927 588 3252 661 οἰκουμένην
3285 589 3573 663 διέδραμε,
3621 597 3720 648 καὶ

2140 699 2217 764 ὡς
2245 698 2534 770 ἀσώματος
2560 700 2737 755 πόνων
2761 699 3054 773 ὑπερεώρα
3083 701 3178 758 καὶ
3205 700 3485 767 κινδύνων,
3513 703 3608 758 καὶ
3643 705 3721 771 ὡς

2141 807 2232 862 τὸν
2274 807 2502 880 οὐρανὸν
2529 807 2629 880 ήδη
2679 805 2880 878 λαχὼν,
2925 806 3254 880 κατεφρόνει
3297 807 3407 863 τῶν
3445 811 3538 865 ἐπὶ
3580 812 3719 882 γῆς,

2141 916 2238 972 καὶ
2265 917 2342 982 ὼς
2377 919 2492 990 μετ’
2534 917 2714 972 αὐτῶν
2753 917 3242 990 ἀναστρεφόμενος.
3268 919 3377 974 τῶν
3411 921 3722 992 ἀσωμάτων

2141 1023 2444 1095 δυνάμεων,
2474 1022 2618 1078 οὕτω
2651 1023 2915 1096 διηνεκῶς
2957 1023 3276 1096 ἐγρηγορικ
3321 1018 3412 1097 ἦν.
3439 1023 3626 1081 Καίτοι
3655 1046 3722 1097 γε

2143 1127 2364 1198 ἄγγελοι
2393 1127 2652 1192 πολλάκις
2682 1127 3128 1199 ἐνεχειρίσθησαν
3156 1127 3286 1200 ἔθνη
3310 1129 3573 1202 διάφορα·
3605 1132 3722 1186 ἀλλ’

2144 1216 2264 1291 οὐδὲ
2294 1230 2375 1302 εἷς
2409 1236 2586 1293 αὐτῶν
2612 1237 2674 1290 τὸ
2708 1236 2876 1300 ἔθνος,
2905 1236 2934 1290 ὃ
2967 1237 3354 1310 ἐνεπιστεύθη,
3386 1239 3560 1305 οὕτως
3591 1243 3726 1312 ᾠκο-

2147 1345 2405 1418 νόμησεν,
2446 1331 2520 1410 ώς
2557 1344 2772 1409 Παῦλος
2809 1345 2910 1417 τὴν
2953 1346 3282 1418 οἰκουμένην
3325 1347 3563 1404 ἃπασαν.
3610 1350 3726 1404 Καὶ

2151 1455 2226 1526 μή
2263 1471 2352 1526 μοι
2387 1455 2515 1524 λέγε
2544 1457 2628 1508 ὅτι
2661 1454 2874 1520 Παῦλος
2905 1454 3006 1508 οὐκ
3031 1449 3100 1526 ἧν
3127 1456 3159 1509 ό
3187 1455 3360 1510 ταῦτα
3389 1458 3722 1529 οἰκονομῶν·

2149 1567 2244 1621 καὶ
2283 1565 2392 1638 γὰρ
2438 1567 2532 1620 καὶ
2562 1565 2722 1630 αὐτὸς
2759 1566 3027 1637 ὁμολογῶ.
3076 1567 3140 1621 Et
3168 1566 3278 1639 7&9
3313 1568 3406 1622 καὶ
3459 1569 3535 1642 μὴ
3563 1570 3728 1636 αὐτὸς

2150 1667 2218 1743 ἦν
2241 1671 2271 1725 ό
2295 1669 2470 1724 ταῦτα
2497 1670 2693 1736 ἀνύων,
2716 1670 2831 1724 ἀλλ’
2855 1670 2976 1725 οὐδὲ
3007 1670 3178 1736 οὕτως
3212 1672 3368 1736 ἐκτὸς
3403 1667 3471 1746 ἦν
3497 1668 3606 1728 τῶν
3631 1675 3728 1729 ἐπὶ

2151 1776 2359 1842 τούτοις
2399 1776 2654 1842 ἐπαίνων,
2702 1775 2888 1849 ἐπειδὴ
2925 1777 3115 1830 ἐαυτὸν
3145 1775 3288 1830 οὕτω
3323 1779 3727 1832 κατεσκεύασεν

2152 1880 2302 1949 ἀξιον
2342 1881 2442 1949 τῆς
2471 1880 2738 1954 τοσαύτης
2763 1882 3000 1954 χάριτος.
3033 1881 3093 1935 '0
3124 1881 3342 1954 Μιχαὴλ
3368 1883 3428 1936 τὸ
3457 1883 3564 1936 τῶν
3596 1883 3731 1938 ’ἰου-

2151 1983 2316 2039 δαίων
2344 1983 2494 2047 ἔθνος
2541 1982 2698 2056 [486]
2737 1983 3102 2054 ἐνεχειρίσθη·
3147 1971 3356 2048 Παῦλος
3397 1985 3455 2038 δὲ
3487 1985 3593 2056 γῆν
3633 1989 3730 2042 καὶ

2155 2086 2444 2153 θάλατταν,
2491 2087 2587 2140 καὶ
2622 2084 2722 2156 τὴν
2770 2085 3118 2156 οἰκουμένην,
3171 2087 3267 2142 καὶ
3305 2086 3403 2158 τὴν
3447 2088 3728 2158 ἀοίκητον.

2156 2191 2266 2246 Kal
2291 2190 2464 2244 ταῦτα
2487 2190 2588 2244 οὐκ
2621 2189 2890 2259 ἀγγέλους
2927 2189 3162 2262 ὑϐρίζων
3195 2189 3359 2260 λέγω,
3397 2191 3471 2263 μὴ
3495 2192 3730 2260 γένοιτο,

2157 2297 2294 2353 ἀλλά
2319 2297 2557 2360 δεικνὺς,
2583 2295 2666 2349 ὅτι
2691 2294 2916 2349 δυνατὸν
2947 2293 3234 2366 ἄνθρωπον
3262 2295 3392 2350 ὄντα
3442 2298 3558 2367 μετ’
3588 2297 3737 2350 ἐκεί-

2157 2421 2263 2457 νων
2312 2398 2486 2467 εἶναι,
2540 2401 2636 2456 καὶ
2687 2401 2858 2470 ἐγγὺς
2895 2401 3076 2454 αὐτῶν
3131 2400 3372 2454 ἑστάναι.
3423 2402 3533 2454 Kal
3587 2401 3738 2466 τίνος

2157 2513 2341 2566 ἕνεκεν
2373 2513 2475 2566 οὐκ
2504 2511 2726 2580 ἄγγελοι
2755 2511 2928 2565 ταῦτα
2971 2512 3447 2584 ἐνεχειρίσθησανς
3487 2515 3601 2568 Ἵνα
3637 2532 3739 2586 μη-

2158 2621 2350 2692 δεμίαν
2381 2619 2678 2690 ἀπολογίαν
2719 2619 2849 2691 ἔχῃς
2879 2619 3158 2692 ῥᾳθυμῶν,
3198 2620 3331 2692 μηδὲ
3361 2623 3440 2685 εἰς
3482 2622 3579 2692 τὴν
3609 2622 3735 2675 δια-

2159 2730 2330 2801 φοράν
2356 2729 2458 2800 τῆς
2495 2727 2710 2799 φύσεως
2740 2728 3092 2800 καταφεύγῃς
3127 2727 3402 2783 καθεύδων
3421 2745 3435 2760 ·
3473 2729 3647 2794 άλλως
3679 2732 3738 2786 δέ

2161 2838 2257 2892 καὶ
2282 2839 2342 2890 τὸ
2366 2836 2552 2908 θαῦμα
2587 2836 2769 2908 μεῖζον
2798 2836 3027 2904 ἐγίνετο.
3054 2835 3178 2898 Πῶς
3207 2835 3314 2908 γάρ
3336 2835 3394 2888 ού
3423 2835 3738 2907 θαυμαστὸν

2163 2947 2257 3003 καὶ
2291 2945 2612 3019 παράδοξον,
2661 2943 2769 2998 ἀπὸ
2820 2933 3069 3015 γλώττης
3121 2943 3355 3014 πηλίνης
3409 2945 3735 3016 ἐκπηδῶντα

2161 3052 2338 3122 λόγον,
2376 3050 2604 3106 θάνατον
2648 3047 2992 3120 φυγαδεύειν,
3024 3049 3398 3119 ἁμαρτήματα
3439 3048 3610 3117 λύειν,
3639 3067 3740 3103 περ

2163 3157 2496 3230 πηρωμένην
2525 3153 2770 3228 διορθοῦν
2803 3153 2985 3225 φύσιν,
3018 3153 3112 3206 καὶ
3140 3152 3238 3224 τὴν
3276 3156 3380 3225 γῆν
3410 3154 3739 3227 ἐργάζεσθαι

2161 3261 2415 3333 ούρανόν;
2455 3260 2554 3314 Διά
2581 3259 2738 3313 τοῦτο
2785 3259 3159 3330 ἐκπλήττομαι
3203 3258 3298 3312 τοῦ
3347 3257 3480 3313 Θεοῦ
3509 3259 3606 3332 τὴν
3646 3260 3736 3314 δύο

2162 3383 2348 3436 ναμιν,
2375 3363 2463 3418 διά
2489 3361 2661 3418 ταῦτα
2696 3363 2965 3434 θαυμάζω
3008 3363 3101 3418 τοῦ
3149 3363 3363 3418 Παύλου
3393 3364 3492 3438 τὴν
3534 3365 3732 3436 προθυ-

2169 3467 2315 3538 μίαν,
2357 3465 2438 3519 ὅτι
2485 3465 2756 3536 τοσαύτην
2801 3465 3094 3531 ὑπεδέξατο
3138 3467 3321 3540 χάριν,
3370 3468 3452 3522 ὅτι
3499 3468 3746 3524 τοιοῦτον

2167 3576 2580 3649 παρεσκεύασεν
2613 3577 2822 3632 ἑαυτόν.
2854 3578 2964 3631 Καὶ
2999 3578 3144 3650 ὑμᾶς
3176 3579 3478 3648 παρακαλῶ
3507 3581 3583 3652 μὴ
3615 3580 3740 3636 Bau-

2168 3687 2363 3758 μάζειν
2400 3686 2581 3758 μόνον,
2626 3684 2764 3740 ἀλλά
2813 3687 2907 3739 καὶ
2968 3686 3252 3758 μιμεῖσθαι
3309 3685 3373 3740 τὸ
3431 3685 3742 3756 ἀρχέτυπον

2163 3789 2320 3844 τοῦτο
2348 3789 2448 3861 τῆς
2476 3789 2677 3861 ἀρετῆς
2696 3807 2710 3821 ·
2738 3787 2883 3844 οῦτω
2909 3790 3016 3860 γάρ
3047 3788 3386 3862 δυνησόμεθα
3415 3789 3524 3842 τῶν
3558 3790 3733 3844 αὐτῶι

2167 3895 2447 3966 στεφάνων
2516 3896 2845 3966 κοινωνῆσαι
2909 3895 3121 3967 ἐκείνῳ.
3199 3894 3261 3950 El
3319 3894 3380 3950 δὲ
3437 3895 3740 3966 θαυμάζεις

2165 4000 2399 4069 ἀκούων,
2432 4001 2536 4066 ὅτι,
2575 4001 2643 4055 τὰ
2670 4001 2811 4055 αὐτά
2849 3999 3224 4072 κατορθώσας,
3249 4001 3357 4055 τῶν
3398 4000 3576 4053 αὐτῶν
3620 4000 3742 4054 ἐπι-

2164 4109 2348 4182 τεύξῃ,
2387 4107 2618 4163 ἄκουσον
2647 4107 2813 4161 αὐτοῦ
2855 4106 3031 4162 ταῦτα
3073 4106 3355 4175 λέγοντος·
3393 4105 3505 4160 Τὸν
3534 4103 3740 4175 ἀγῶνα

2163 4213 2273 4268 τὸν
2310 4211 2503 4268 καλὸν
2532 4211 2885 4282 ἠγώνισμαι,
2918 4211 3026 4265 τὸν
3051 4210 3274 4280 δρόμον
3299 4209 3599 4274 τετέλεκα,
3623 4208 3742 4278 τὴν

2165 4319 2374 4372 πίστιν
2401 4317 2727 4387 τετήρηκα·
2753 4317 2972 4372 λοιπὸν
2993 4317 3303 4373 ἀπόκειταί
3324 4331 3425 4387 μοι
3449 4319 3484 4371 ό
3518 4315 3630 4384 τῆς
3659 4315 3744 4370 δι-

2165 4422 2496 4489 καιοσύνης
2531 4419 2852 4490 στέφανος,
2883 4420 2956 4474 ὃν
2981 4419 3282 4475 ἀποδώσει
3318 4437 3420 4490 μοι
3464 4420 3680 4487 Κύριος
3709 4421 3743 4473 ό

2163 4524 2391 4591 δίκαιος
2429 4525 2636 4594 κριτὴς
2661 4526 2731 4580 ἐν
2757 4525 2961 4593 ἐκείνῃ
2991 4523 3065 4593 τῇ
3093 4524 3316 4595 ἡμέρᾳ·
3351 4526 3425 4579 οὐ
3452 4524 3646 4593 μόνον
3673 4523 3744 4576 δὲ

2163 4628 2314 4698 ἐμοὶ,
2348 4628 2508 4684 ἀλλὰ
2542 4630 2642 4684 καὶ
2677 4627 2828 4685 πᾶσι
2860 4628 2984 4694 τοῖς
3015 4629 3361 4698 ἠγαπηκόσι
3393 4626 3510 4694 τὴν
3528 4626 3745 4695 ἐπιφά-

2163 4749 2331 4788 νειαν
2353 4732 2561 4788 αὐτοῦ.
2599 4734 2765 4805 Ὁρᾷς
2794 4734 2912 4797 πῶς
2943 4733 3154 4798 πάντας
3187 4734 3268 4797 εἰς
3299 4733 3398 4806 τὴν
3429 4731 3600 4801 αὐτὴν
3627 4748 3744 4785 κοι-

2163 4836 2360 4892 νωνίαν
2387 4838 2568 4904 καλεῖς
2610 4838 2763 4891 Ἐπεὶ
2800 4834 2893 4892 οῦν
2931 4837 3103 4892 ἀπασι
3148 4837 3432 4910 πρόκειται
3468 4836 3537 4890 τά
3576 4837 3742 4900 αὐτά,

2164 4941 2364 5004 πάντες
2402 4939 2792 5010 σπουδάσωμεν
2820 4939 2960 5005 ἄξιοι
3010 4939 3259 5009 γενέσθαι
3310 4939 3418 4994 τῶν
3465 4940 3740 5011 ἐπηγγελ-

2167 5046 2342 5116 μένων
2389 5044 2640 5115 ἀγαθῶν·
2673 5045 2767 5098 καῖ
2813 5044 2888 5117 μὴ
2933 5045 3095 5116 μόνον
3133 5045 3195 5099 τδ
3245 5043 3471 5116 μέγεθος
3513 5044 3606 5097 καὶ
3649 5045 3744 5098 τὸν

2163 5149 2324 5218 ὄγκον
2357 5149 2465 5202 τῶν
2497 5149 2935 5220 κατορθωμάτων
2965 5149 3183 5220 ἴδωμεν,
3219 5148 3354 5202 ἀλλά
3393 5147 3486 5202 καὶ
3523 5148 3616 5201 τὸν
3647 5150 3743 5202 τό·

2165 5272 2253 5308 νον
2279 5254 2378 5326 τῆς
2406 5253 2730 5331 προθυμίας,
2763 5253 2830 5306 δι’
2850 5249 2919 5326 ἦς
2957 5254 3224 5325 τοσαύτην
3255 5253 3603 5308 ἐπεσπάσατο
3643 5253 3745 5326 χά-

2169 5380 2271 5434 ριν,
2309 5363 2402 5416 καὶ
2438 5363 2499 5415 τὸ
2526 5361 2628 5432 τῆς
2673 5361 2885 5432 φύσεως
2918 5362 3209 5431 συγγενές·
3248 5361 3358 5415 τῶν
3401 5361 3507 5434 γάρ
3561 5362 3744 5416 αὐτῶν

2162 5469 2295 5537 ἡμῖν
2326 5466 2680 5538 ἐκοινώνησεν
2703 5466 2975 5520 ἁπάντων.
3005 5465 3114 5519 Kal
3140 5464 3283 5520 οὕτω
3314 5465 3408 5519 καὶ
3436 5465 3504 5518 τά
3537 5464 3748 5537 σφόδρα

2163 5570 2603 5640 δυσκατόρθωτα,
2647 5571 2808 5643 ῥᾴδια
2835 5571 2966 5642 ἡμῖν
2995 5570 3246 5640 φανεῖται
3277 5569 3371 5624 καὶ
3419 5566 3618 5639 κοῦφα,
3649 5570 3741 5622 καὶ

2169 5675 2260 5730 τὸν
2289 5672 2495 5746 βραχὺν
2521 5674 2708 5730 τοῦτον
2746 5674 3018 5745 καμόντες
3051 5673 3259 5746 χρόνον,
3290 5673 3381 5730 τὸν
3411 5674 3606 5745 ἀγήρω
3648 5682 3744 5733 καὶ
