4038 6204
349 327 354 336 ’
384 336 483 392 ﬂ!

382 451 675 519 confiteor;
719 451 967 524 quoniam
1015 470 1131 528 qua:
1175 457 1329 514 nobis
1375 467 1498 514 sunt
1520 467 1678 514 causa
1713 458 1959 526 tristitiaa,

383 548 497 600 haec
530 544 606 600 illi
634 544 911 615 pariebant
939 547 1222 604 maximam
1250 551 1597 620 voluptatem.
1625 550 1692 606 Et
1719 549 1843 621 quid
1865 565 1964 621 ego

341 683 347 698 ,
385 636 617 705 pericula
647 653 1021 709 mrumnasquc
1043 642 1447 696 commemoro?
1475 641 1532 697 ln
1562 656 1792 698 maerore
1821 644 1961 698 enim

335 725 343 734 '
385 729 617 782 maximo
661 729 750 784 ille
768 729 1102 798 versabatur,
1143 741 1360 802 promer
1391 733 1532 804 quod
1562 733 1802 789 dicebat:
1836 734 1961 802 Quis

382 820 687 888 inﬁrmatur,
718 830 766 875 et
792 837 884 892 ego
909 839 1010 878 non
1046 823 1277 892 inﬁrmor
1296 825 1322 878 .7
1343 826 1454 895 quis
1494 826 1884 893 scandalizatur,
1912 836 1961 881 et

379 927 468 982 ego
496 929 599 966 non
623 914 857 988 υτον-(2.
887 915 1006 970 Cor.
1039 917 1125 972 ll.
1150 916 1220 974 29
1250 918 1312 988 )2
1337 918 1449 973 Etsi
1478 919 1529 973 in
1560 935 1789 975 maerore
1817 920 1957 977 dicat

374 1019 587 1074 quoque
610 1005 729 1075 quis
755 1006 935 1062 inesse
979 1008 1208 1079 aliquam
1234 1010 1562 1080 voluptatem
1588 1030 1602 1066 :
1633 1013 1780 1068 multi
1813 1014 1951 1068 enim

373 1093 583 1150 illorum
628 1097 716 1165 qui
766 1097 994 1153 ﬁliorum
1033 1101 1296 1156 mortibus
1345 1103 1709 1170 vulnerantur,
1754 1106 1951 1176 aliquid

369 1187 750 1244 consolationis
801 1189 1090 1262 accipiunt,
1139 1192 1185 1246 si
1220 1207 1340 1248 cum
1387 1195 1498 1249 suis
1539 1195 1749 1251 fletibus
1784 1197 1950 1252 relin-

367 1287 633 1346 quuntur;
678 1281 948 1352 magisque
974 1282 1173 1352 dolent,
1207 1300 1326 1340 cum
1355 1286 1536 1343 dolere
1577 1289 1944 1360 prohibentur.

365 1369 452 1426 Sic
483 1371 640 1441 igitur
669 1379 723 1427 et
748 1372 943 1428 Paulus
971 1383 1128 1430 nocte
1150 1384 1206 1431 et
1227 1375 1316 1432 die
1339 1379 1754 1435 consolationem
1797 1381 1948 1437 exci-

364 1459 544 1527 piebat
601 1476 666 1515 ex
718 1461 969 1534 lacrymis
998 1481 1011 1516 :
1042 1465 1219 1520 nullus
1252 1467 1532 1536 siquidem.
1566 1478 1712 1524 tanto
1752 1469 1944 1526 all'ectu

361 1549 500 1603 mala
526 1551 760 1620 propria,
789 1569 946 1624 quam
973 1554 1064 1610 ille
1090 1555 1319 1611 deﬂebat
1343 1557 1536 1613 aliena.
1579 1559 1938 1628 Quemadmo—

359 1639 484 1693 dum
515 1642 658 1695 enim
689 1643 836 1698 illum
865 1645 1098 1715 opinaris
1118 1645 1394 1716 afﬂictum,
1423 1663 1543 1703 cum
1590 1650 1936 1720 perditionem

357 1728 665 1786 Judaaorum
695 1733 858 1800 dolet,
888 1736 998 1806 qui,
1024 1745 1082 1791 ut
1122 1736 1198 1791 illi
1228 1738 1362 1793 salvi
1403 1739 1613 1808 ﬁerent,
1653 1743 1884 1812 seipsum
1906 1757 1936 1798 a

357 1824 606 1878 catlorum
651 1826 820 1896 gloria
864 1829 1107 1898 cupiebat
1141 1829 1352 1885 excludi
1381 1830 1400 1902 (
1430 1831 1581 1886 Rom.
1613 1833 1668 1889 9.
1698 1833 1731 1888 5
1764 1834 1822 1904 )‘l
1867 1834 1936 1890 Et

355 1914 480 1969 inde
501 1916 601 1970 hoc
627 1917 964 1974 manifestum
990 1922 1227 1992 est,quia
1243 1923 1444 1978 scilicet
1470 1939 1574 1982 non
1596 1926 1785 1998 salvari
1813 1926 1934 1982 illos

353 2009 594 2063 acerbius
619 2011 935 2080 aestimabat,
963 2029 1122 2084 quam
1149 2015 1382 2086 seipsum
1407 2017 1581 2085 perire
1605 2035 1619 2072 :
1642 2027 1732 2072 aut
1758 2019 1800 2072 si
1827 2035 1930 2075 non

351 2100 612 2165 acerbius,
645 2118 932 2174 numquam
958 2105 1102 2161 aliud
1127 2116 1362 2177 optasset
1385 2125 1398 2161 :
1421 2109 1560 2179 quod
1583 2111 1759 2180 utique
1779 2111 1927 2181 quasi

353 2190 680 2248 tolerabilius
708 2195 889 2265 elegit.
920 2195 1020 2262 Qui
1049 2211 1169 2252 cum
1201 2207 1344 2253 certe
1382 2213 1476 2268 spe
1498 2201 1725 2256 maxima
1767 2201 1928 2258 futuri

349 2282 552 2348 praemii
583 2295 909 2352 pasceretur,
962 2302 1066 2342 non
1117 2287 1477 2358 perfunctorie
1527 2290 1656 2345 illud
1687 2293 1923 2362 optabat,

345 2369 441 2424 sed
467 2371 724 2427 clamabat
741 2373 959 2430 dicens:
988 2375 1239 2444 Quoniam
1265 2379 1468 2434 tristitia
1487 2391 1557 2434 cst
1578 2381 1701 2434 mihi
1719 2399 1924 2452 magna,

344 2469 393 2513 et
423 2463 686 2518 continuus
718 2464 865 2519 dolor
894 2467 1037 2520 cordi
1065 2484 1174 2522 meo
1225 2469 1387 2537 (Ibid.
1416 2487 1464 2524 υ.
1495 2471 1531 2524 2
1553 2470 1593 2542 ).
1627 2473 1776 2528 Hunc
1796 2489 1923 2545 ergo

344 2551 413 2606 dc
438 2553 680 2623 singulis,
730 2565 786 2610 ut
815 2557 884 2610 ita
923 2557 1170 2623 dixerim,
1203 2560 1584 2617 habitatoribus
1608 2563 1785 2618 mundi
1816 2573 1922 2620 tam

340 2643 688 2700 vehementer
705 2646 995 2716 dolentem,
1020 2659 1072 2704 et
1093 2651 1145 2704 in
1175 2666 1460 2708 commune
1499 2670 1593 2724 pro
1619 2658 1842 2720 cunctis,
1869 2667 1923 2713 et

337 2735 584 2801 gentibus
608 2744 663 2790 et
701 2737 940 2802 urbibus,
969 2755 1064 2809 pro
1111 2757 1426 2814 unoquoque
1471 2747 1809 2814 peculiariter
1855 2749 1923 2804 la-

337 2813 691 2892 mentantem,
721 2830 928 2884 cuinam
949 2847 1124 2887 rerum
1143 2833 1334 2905 aliquis
1359 2840 1555 2903 poterit
1582 2854 1915 2911 comparare,

333 2917 418 2970 cui
477 2917 636 2985 ferro,
665 2922 748 2974 cui
793 2922 1103 2979 adamanti?
1133 2925 1392 2992 Quidnam
1419 2930 1609 3000 aliquis
1638 2933 1779 2988 illam
1820 2950 1919 3005 ap-

336 3009 496 3077 pellet
543 3011 800 3081 animam,
829 3029 1115 3071 aureamne
1159 3019 1345 3088 magis,
1379 3035 1447 3074 an
1479 3021 1917 3081 adamantinam?

333 3098 465 3153 Nam
496 3110 549 3155 et
577 3111 692 3157 erat
718 3105 862 3158 omni
891 3105 1172 3164 adamante
1198 3108 1404 3178 fortior,
1431 3120 1486 3166 et
1513 3128 1642 3167 auro
1665 3118 1926 3188 gemmis-g

333 3207 436 3262 que
457 3193 773 3262 pretiosior:
797 3204 851 3251 et
870 3197 1090 3253 alteram
1109 3200 1322 3271 quidem
1347 3205 1621 3258 materiam
1647 3206 1913 3274 firmitate,

333 3283 553 3338 alteram
580 3300 711 3340 vero
738 3288 1069 3356 pretiositate
1089 3293 1392 3360 superabat.
1423 3293 1516 3348 Cui
1544 3310 1670 3366 ergo
1693 3298 1772 3352 rei
1802 3299 1916 3354 haec

331 3373 398 3428 ab
438 3374 615 3443 aliquo
663 3375 840 3432 anima
889 3382 1270 3450 comparetur?
1297 3383 1496 3440 Earum
1543 3387 1758 3458 quidem
1796 3404 1914 3459 quae

330 3474 454 3520 sunt
477 3466 696 3522 omnino
722 3467 878 3522 nulli.

399 3597 597 3654 Paulus
623 3617 752 3656 auro
770 3615 818 3658 et
844 3605 1114 3663 adamante
1137 3611 1581 3682 faniam—Quod
1601 3618 1646 3672 si
1670 3621 1755 3675 vel
1780 3635 1914 3678 auro

328 3690 625 3748 adamantis
646 3694 916 3766 fortitudo,
945 3700 1027 3755 vel
1051 3702 1318 3759 adamanti
1338 3705 1509 3762 honor
1530 3709 1747 3767 daretur
1771 3717 1906 3781 auri,

331 3793 438 3838 tum
478 3787 616 3841 forte
653 3787 833 3858 aliquo
859 3790 1024 3846 modo
1047 3798 1375 3864 comparatio
1402 3799 1520 3868 ejus
1546 3800 1692 3857 Pauli
1731 3817 1912 3874 posset

327 3875 514 3933 animm
533 3881 839 3935 convenite.
857 3879 962 3936 Sed
981 3883 1107 3953 quid
1127 3900 1226 3956 ego
1240 3886 1598 3960 adamantem,
1621 3895 1700 3950 vel
1722 3910 1908 3952 aurum

327 3964 392 4018 ad
424 3965 827 4026 similitudinem
851 3971 1056 4028 adduco
1080 3974 1263 4031 Pauli?
1286 3978 1536 4036 Mundam
1566 3984 1611 4039 si
1638 3999 1669 4040 e
1697 3987 1910 4045 diverso

325 4056 592 4126 appendas
618 4073 831 4115 omnem
849 4102 866 4126 ,
895 4071 1022 4120 tunc
1051 4066 1252 4124 videbis
1294 4082 1477 4141 aperte
1507 4074 1651 4132 Pauli
1689 4093 1909 4152 vergere

327 4147 529 4214 pondus
567 4151 844 4206 examinis.
891 4153 944 4209 Si
970 4156 1110 4211 enim
1141 4158 1206 4213 de
1250 4160 1350 4224 iis,
1385 4164 1474 4233 qui
1523 4165 1574 4220 in
1619 4147 1827 4226 melotis
1853 4184 1920 4230 et

324 4241 602 4306 specubus,
624 4251 680 4296 et
705 4242 758 4296 in
782 4245 974 4315 exigua
997 4249 1142 4305 orbis
1169 4262 1317 4321 parte
1344 4257 1690 4317 Versabantttr
1717 4263 1904 4334 (Hebr.

326 4329 378 4380 ll
439 4329 544 4399 38)
565 4368 583 4395 ,
611 4330 714 4386 hoc
738 4332 937 4390 dictum
967 4347 1048 4391 est
1079 4356 1094 4392 :
1121 4350 1320 4410 quanto
1349 4347 1515 4416 magis
1541 4365 1638 4404 nos
1665 4329 1905 4412 dicemus

324 4416 540 4474 Paulum
570 4423 768 4477 mundo
791 4463 806 4489 ,
835 4435 889 4482 et
922 4431 1171 4489 omnibus
1196 4450 1316 4504 qua:
1344 4438 1399 4492 in
1437 4441 1635 4496 mundo
1673 4454 1795 4500 sunt
1822 4446 1903 4502 di-

319 4512 601 4577 gniorem?
629 4511 686 4568 Si
730 4515 887 4586 igitur
925 4534 994 4575 eo
1031 4523 1258 4581 mundus
1301 4527 1493 4598 dignus
1523 4546 1627 4588 non
1673 4544 1790 4602 est,
1834 4539 1904 4593 sit

319 4600 450 4658 forte
478 4605 561 4659 vel
581 4607 769 4662 caelum
793 4627 807 4674 ;
838 4613 932 4667 sed
959 4614 1098 4670 istud
1127 4632 1340 4690 quoque
1369 4621 1632 4682 invenitur
1658 4600 1900 4687 inferius.

317 4693 368 4747 Si
399 4695 543 4749 cnim
569 4695 673 4752 iste
711 4715 814 4754 non
841 4704 1010 4759 solum
1036 4707 1222 4764 caelum
1246 4750 1262 4776 ,
1285 4711 1380 4766 sed
1407 4729 1526 4783 quas
1556 4716 1818 4776 habentur
1847 4723 1900 4778 in

317 4787 457 4841 erlis
479 4787 577 4842 Dei
605 4795 900 4861 postposuit
919 4797 1124 4854 caritati
1149 4818 1164 4855 :
1191 4805 1460 4872 quomodo
1486 4823 1590 4863 non
1613 4814 1779 4883 magis
1801 4814 1902 4869 Do.

316 4878 523 4945 minus,
555 4881 646 4950 qui
689 4891 835 4941 tanto
866 4897 948 4942 est
972 4889 1249 4962 benignior
1276 4896 1475 4966 Paulo,
1517 4878 1725 4972 quanto
1743 4910 1898 4963 mali-

317 4965 436 5021 tiam
465 4968 677 5025 bonitas
702 4977 1007 5044 antecellit,
1059 4980 1349 5040 innumeris
1386 4965 1507 5045 eum
1532 4965 1676 5047 caelis
1699 4995 1899 5065 judicat
1953 5017 1966 5022 ·

313 5054 607 5123 digniorem
630 5060 654 5114 ἱ)
678 5061 789 5117 Non
819 5067 960 5122 enim
988 5081 1243 5139 quantum
1276 5090 1372 5132 nos
1399 5078 1568 5151 diligit
1597 5054 1753 5152 Deus,
1788 5095 1898 5141 tan-

316 5153 420 5201 tum
435 5161 468 5202 a
488 5149 647 5204 nobis
660 5151 893 5223 diligitur
920 5157 1031 5227 ipse
1049 5176 1064 5224 ;
1093 5162 1186 5219 sed
1207 5171 1354 5222 tanto
1372 5149 1612 5240 eﬂ‘usius,
1644 5149 1896 5246 quantum

314 5251 408 5292 nec
434 5254 616 5296 sermo
644 5245 858 5314 quidem
880 5251 1076 5309 sufﬁcit
1097 5257 1382 5326 explicare.

383 5369 574 5436 Quibus
611 5378 835 5444 prandia
878 5383 930 5435 in
958 5383 1055 5437 hac
1099 5385 1198 5439 rita
1245 5389 1441 5447 Paulus
1479 5395 1694 5452 donatus
1721 5402 1801 5455 sit.
1823 5435 1894 5445 ——

305 5457 720 5522 Cousideremus
739 5483 866 5540 ergo
884 5476 1094 5542 quantis
1117 5478 1262 5535 illum
1284 5480 1570 5543 honoribus
1586 5493 1743 5546 etiam
1769 5506 1892 5554 ante

303 5559 516 5622 tempus
549 5561 952 5620 resurrectionis
977 5567 1245 5625 extulerit.
1290 5572 1346 5630 In
1367 5578 1668 5646 paradisum
1697 5588 1902 5655 rapuit,"

297 5652 361 5696 et
386 5644 438 5700 in
463 5649 652 5706 celum
669 5655 882 5710 tertium
909 5658 1223 5731 sublevavit,
1250 5644 1531 5726 ineffabilis
1559 5677 1734 5730 arcani
1757 5644 1889 5738 iecit

1212 337 1302 395 DE
1342 339 1679 400 LAUDlBUS
1713 337 1771 396 S.
1812 339 2016 400 PAULI
2055 343 2409 406 APOSTOLI.
2449 351 2678 412 l-lOMlL.
2718 357 2782 413 ll.

3281 293 3285 296 “
3302 303 3343 316 νη

2073 473 2192 517 esse
2220 465 2526 537 participem
2551 509 2566 536 ,
2617 473 2905 546 taliumque
2935 483 3304 552 mysteriorum
3343 496 3611 551 conscium
3640 542 3651 563 ,

2071 565 2190 621 quae
2217 545 2343 610 nulli
2372 555 2645 616 hominum
2677 563 2754 619 fas
2780 545 2939 624 fuerit
2964 545 3206 631 confiteri
3246 579 3337 651 (ρ.
3365 545 3646 659 Cannis"):

2068 639 2177 698 Nec
2204 644 2470 705 immerito
2499 668 2512 705 :
2543 653 2802 724 siquidem
2827 659 3021 720 Paulus
3041 666 3093 720 in
3121 676 3257 724 terra
3283 675 3548 745 gradiens,
3577 639 3654 735 sic

2067 745 2126 787 se
2148 736 2337 804 agebat
2362 740 2415 793 in
2441 744 2643 799 cunctis
2665 787 2680 812 ,
2711 751 2858 817 quasi
2887 755 3192 824 angelorum
3225 736 3480 823 societate
3506 736 3648 826 frue-

2069 832 2233 879 retur.
2267 825 2398 883 Nam
2427 833 2661 900 passibili
2685 838 2858 896 adhuc
2882 845 3159 916 colligatus
3179 857 3409 924 corpori,
3439 825 3647 916 illorum

2063 917 2386 985 perfectione
2405 927 2683 998 gaudebat,
2709 937 2972 1006 tantisque
2995 917 3360 1012 fragilitatibus
3381 917 3646 1021 subditus,

2063 1006 2114 1062 in
2133 1010 2278 1066 nullo
2299 1014 2518 1072 inferior
2540 1025 2786 1090 supernis
2807 1029 3090 1088 virtutibus
3110 1050 3365 1105 apparere
3385 1047 3644 1100 certabat.

2056 1097 2188 1156 Nam
2229 1113 2283 1158 et
2307 1112 2573 1178 tamquam
2601 1126 2860 1183 pennatus
2897 1130 3062 1178 totum
3084 1125 3322 1185 docendo
3353 1139 3643 1203 pervolavit

2055 1194 2262 1263 orbem,
2293 1209 2346 1254 et
2377 1203 2520 1259 velut
2547 1207 2886 1281 incorporeus
2912 1215 3123 1276 labores
3154 1225 3488 1300 periculaque
3509 1249 3638 1294 con-

2055 1287 2267 1355 tempsit
2290 1331 2304 1355 ,
2328 1300 2380 1346 et
2399 1295 2547 1364 quasi
2562 1298 2671 1367 jam
2695 1303 2878 1358 caelum
2902 1287 3196 1383 possidens,
3215 1287 3641 1394 cuncta.prorstts

2053 1380 2259 1431 terrena
2285 1379 2544 1454 despexit,
2578 1399 2629 1443 et
2656 1398 2917 1464 tamquam
2948 1415 3066 1456 cum
3095 1379 3221 1474 ipsis
3253 1409 3361 1478 jam
3390 1379 3639 1488 incorpo-

2048 1465 2158 1521 reis
2180 1469 2464 1530 virtutibus
2488 1478 2735 1551 degeret,
2769 1486 2838 1541 ita
2860 1489 2971 1561 jugi
3001 1465 3193 1552 mentis
3233 1465 3525 1564 intentione
3542 1465 3638 1564 rvi-

2044 1557 2313 1627 gilavit.Et
2328 1569 2528 1636 angelis
2541 1573 2750 1641 quidem
2766 1557 2905 1650 smpe
2919 1583 3243 1645 diversarum
3260 1597 3490 1664 gentium
3509 1615 3634 1657 cura

2043 1651 2324 1709 commissa
2341 1665 2440 1721 est,
2461 1660 2553 1715 sed
2572 1665 2745 1720 nullus
2759 1668 2964 1728 illorum
2982 1675 3051 1729 ita
3071 1651 3328 1738 credituvm
3343 1685 3442 1740 sibi
3462 1705 3632 1760 popu-

2043 1737 2143 1760 ιμ
2172 1759 2179 1760 κ
2233 1745 2245 1760 ι
2432 1751 2444 1760 -
2579 1754 2607 1760 -
2691 1759 2701 1760 κ

3299 1737 3325 1738 η
3462 1737 3599 1760 τη...

2041 1737 2148 1794 lum
2163 1745 2490 1820 gubernavit,
2507 1762 2564 1807 ut
2579 1754 2771 1814 Paulus
2789 1764 3088 1823 universum
3101 1774 3604 1841 gubernavitorbem
3615 1823 3628 1838 .

2039 1827 2220 1903 Neque
2236 1850 2364 1892 vero
2380 1839 2544 1911 dicas,
2567 1847 2686 1914 quia
2705 1848 2818 1905 hate
2842 1869 2948 1910 non
2976 1860 3423 1927 perficiebantura
3444 1872 3627 1930 Paulo:

2040 1921 2141 1978 hoc
2159 1927 2299 1982 enim
2322 1931 2478 1986 etiam
2503 1949 2601 2006 ego
2624 1937 2810 1997 fateor.
2845 1945 2949 2001 Sed
2976 1951 3075 2005 etsi
3103 1953 3215 2024 ipse
3246 1975 3348 2014 non
3379 1973 3493 2018 erat
3535 1970 3625 2036 qui

2035 2024 2220 2070 cuncta
2239 2022 2557 2091 complebat,
2582 2044 2910 2104 nequaquam
2932 2048 3102 2096 tamen
3126 2022 3192 2101 ab
3208 2063 3390 2106 eorum
3407 2070 3626 2123 operum

2033 2107 2276 2165 laudibus
2292 2119 2631 2184 separabatur
2651 2141 2664 2178 :
2685 2127 2804 2195 quia
2827 2131 3001 2202 utique
3021 2135 3234 2208 dignum
3255 2123 3410 2200 tanta:
3427 2107 3484 2204 se
3499 2166 3625 2220 gra—

2034 2197 2119 2254 tia:
2151 2208 2467 2274 prarparavit
2499 2209 2635 2282 [per
2662 2232 2818 2286 quam
2867 2230 2970 2276 tam
3004 2231 3276 2299 magniﬁca
3301 2247 3354 2290 et
3382 2197 3610 2308 glorioosa

2031 2291 2374 2369 perliceret].
2409 2298 2647 2359 Micltaeli
2676 2323 2806 2377 gens
2835 2291 3118 2374 commissa
3148 2332 3229 2378 est
3276 2291 3577 2387 Judmorunt
3606 2354 3619 2388 :

2030 2378 2194 2438 Paulo
2223 2401 2351 2440 vero
2377 2397 2537 2459 terra,
2568 2409 2629 2450 ac
2657 2405 2821 2455 maria
2856 2414 3012 2476 atque
3042 2411 3270 2469 universi
3301 2419 3448 2475 orbis
3473 2424 3622 2479 habi-

2030 2471 2157 2527 tatio
2184 2514 2198 2540 ,
2227 2477 2505 2551 ipsumque
2529 2484 2797 2545 desertum
2825 2535 2839 2558 ,
2886 2505 2940 2549 et
2968 2497 3069 2553 hoc
3097 2517 3200 2557 non
3231 2506 3297 2561 ad
3327 2509 3574 2580 injuriam
3603 2556 3618 2578 .

2027 2563 2165 2631 quod
2187 2567 2340 2634 absit,
2366 2573 2672 2643 angelorum
2703 2597 2717 2645 ;
2747 2584 2842 2638 sed
2868 2590 3198 2648 ostendimus
3223 2611 3342 2653 esse
3363 2604 3617 2668 possibile

2027 2651 2130 2706 illis
2158 2653 2426 2714 hominem
2459 2669 2718 2735 capulari,
2747 2672 3002 2748 juxtaque
3028 2682 3236 2739 illorum
3271 2692 3456 2747 merita
3486 2709 3615 2751 con-

2023 2741 2232 2801 sistere.
2264 2749 2424 2820 Cujus
2452 2765 2628 2812 autem
2657 2762 2731 2815 rei
2759 2767 2927 2833 gratia
2952 2785 3055 2824 non
3077 2777 3278 2844 angelis
3302 2781 3475 2848 potius
3501 2784 3614 2842 haec

2024 2835 2411 2904 praedicationis
2440 2859 2564 2902 cura
2605 2855 2882 2910 commissa
2914 2863 3038 2915 est?
3067 2835 3360 2926 Ut'nullu'm
3407 2877 3611 2936 scilicet

2021 2929 2380 2986 excusationis
2423 2937 2654 2994 colorem
2699 2947 2970 3018 negligens
3015 2954 3284 3025 invenias,
3337 2980 3398 3020 ac
3442 2983 3508 3023 ne
3557 2980 3612 3026 ttt
3691 3018 3695 3022 .

2020 3017 2086 3070 ad
2109 3019 2467 3082 diversitatem
2491 3041 2691 3089 natura:
2715 3039 3029 3111 confugeres
3049 3047 3394 3110 dormienda:
3420 3059 3611 3118 deinde

2021 3117 2078 3162 ut
2107 3119 2254 3168 tanto
2282 3118 2439 3174 etiam
2467 3123 2637 3192 major
2677 3144 2894 3198 operum
2935 3138 3218 3198 admiratio
3256 3163 3564 3210 nasceretur
3589 3198 3605 3220 .

2020 3214 2216 3272 quanto
2260 3208 2327 3264 de
2385 3223 2569 3270 natura
2619 3219 2867 3303 inferiore
2917 3234 3282 3298 procederent.
3333 3243 3610 3311 Quomodo

2018 3295 2159 3349 enim
2186 3311 2290 3352 non
2310 3300 2621 3364 admirabile
2644 3295 2743 3367 hoc
2767 3326 2925 3386 atque
2946 3321 3288 3392 improvisum
3313 3335 3600 3406 videretur,

2017 3399 2135 3440 cum
2157 3403 2220 3443 ex
2245 3399 2449 3449 terrena
2473 3396 2649 3468 lingua
2673 3418 2848 3460 sermo
2870 3414 3167 3486 prosiliens,
3195 3433 3417 3481 mortem
3439 3427 3608 3500 fugat,
3636 3464 3641 3468 -

2018 3490 2229 3548 peccata
2253 3483 2510 3557 dissolvit,
2543 3495 2788 3554 tenebras
2817 3505 3068 3563 cmcitatis
3097 3483 3378 3581 illuminat,
3407 3529 3460 3574 et
3481 3483 3600 3578 mu-

2017 3572 2216 3628 tatione
2257 3577 2478 3635 miriﬁca
2515 3591 2708 3641 terram
2737 3596 2996 3651 convertit
3039 3599 3090 3654 in
3120 3604 3352 3661 caelum?
3382 3609 3606 3683 Propter

2017 3659 2114 3683 ι.--
2145 3663 2231 3683 μ’·
2275 3682 2296 3683 η
2332 3678 2368 3683 κ-
2586 3675 2598 3683 ι

2015 3659 2117 3717 hoc
2144 3663 2300 3734 igitur
2323 3678 2512 3740 stupeo
2551 3675 2798 3736 virtutem
2825 3683 2916 3739 Dei
2939 3728 2953 3752 ,
2990 3701 3204 3761 propter
3231 3695 3330 3752 hoc
3369 3659 3605 3759 admiror

2016 3763 2313 3824 promptum
2340 3760 2574 3818 animum
2603 3765 2746 3823 Pauli
2770 3813 2785 3838 ,
2813 3760 3166 3844 quomodoise
3212 3787 3370 3842 talem
3400 3792 3601 3848 studuit

2015 3843 2294 3914 exhibere,
2327 3855 2594 3920 quomodo
2619 3873 2677 3915 se
2707 3870 2866 3920 tanta:
2895 3870 3077 3938 gratim
3103 3889 3349 3946 capacem
3378 3886 3597 3950 paravit.

2015 3935 2120 3992 Vos
2146 3950 2321 3997 autem
2350 3960 2498 4017 rogo,
2523 3958 2580 4004 ut
2601 3967 2706 4007 non
2729 3957 2993 4015 miremini
3015 3966 3206 4034 solum,
3229 3986 3412 4027 verum
3435 3978 3594 4032 etiam

2013 4029 2289 4090 imitemini
2337 4037 2438 4094 hoc
2481 4049 2584 4097 tam
2625 4046 2826 4104 clarum
2871 4053 3079 4112 virtutis
3129 4065 3479 4134 exemplum:
3520 4071 3599 4126 sic

2011 4136 2239 4192 namque
2269 4129 2560 4195 poterimus
2610 4149 2926 4194 coronarum
2974 4144 3090 4214 ejus
3127 4163 3246 4205 esse
3288 4129 3593 4227 participes.

2010 4213 2161 4281 Quod
2191 4219 2234 4272 si
2261 4219 2450 4292 aliquis
2493 4240 2589 4281 nos
2613 4227 2809 4286 dixisse
2835 4234 3092 4305 miratur,
3123 4243 3242 4312 quia
3271 4247 3593 4321 quicumque

2011 4305 2252 4362 habuerit
2273 4309 2414 4366 Pauli
2439 4316 2647 4385 merita,
2671 4321 2856 4378 eadem
2881 4325 2951 4380 sit
2969 4305 3438 4394 etiam'babiiurus
3458 4305 3597 4411 prta:-

2007 4396 2112 4451 mia
2136 4440 2150 4466 ,
2180 4399 2350 4472 ipsum
2391 4405 2568 4462 audiat
2598 4409 2666 4463 ita
2697 4411 2961 4472 dicentem
2987 4436 3001 4472 :
3032 4418 3292 4480 Certamen
3318 4469 3332 4492 ,
3382 4396 3551 4501 inquit
3575 4473 3590 4498 ,

2006 4486 2187 4544 bonum
2208 4497 2389 4550 certavi
2407 4540 2422 4564 ,
2454 4515 2654 4555 cursum
2696 4512 3035 4564 consummavi
3051 4554 3065 4578 ,
3091 4514 3243 4582 ﬁdem
3268 4522 3457 4574 seruaui
3481 4541 3500 4588 ;
3531 4526 3596 4578 de
3647 4559 3654 4564 ς

2005 4591 2184 4637 caetero
2227 4589 2443 4656 reposita
2472 4601 2544 4644 est
2569 4593 2692 4648 mihi
2720 4611 2906 4653 corona
2937 4598 3153 4670 iustitia:
3177 4647 3192 4671 ,
3234 4624 3385 4676 quam
3423 4613 3593 4667 reddet

2004 4674 2128 4729 mihi
2155 4675 2398 4733 Dominus
2425 4681 2476 4735 in
2496 4682 2578 4736 die
2601 4684 2690 4738 illa
2701 4687 2872 4756 justus
2894 4691 3054 4759 iudex
3078 4711 3096 4747 :
3117 4713 3216 4751 non
3244 4674 3406 4754 solum
3425 4715 3593 4759 autem

2003 4765 2129 4820 mihi
2144 4807 2158 4831 ,
2182 4770 2272 4822 sed
2297 4780 2344 4823 et
2382 4771 2443 4826 iis
2467 4774 2556 4843 qui
2579 4776 2796 4848 diligunt
2829 4781 3097 4839 adventum
3123 4789 3231 4857 ejus
3263 4790 3338 4862 (2.
3370 4791 3500 4848 Tim.
3534 4799 3590 4853 4.

2004 4855 2056 4908 7.
2083 4855 2175 4927 8).
2207 4857 2364 4915 Vides
2394 4872 2539 4919 certe
2577 4869 2845 4936 quomodo
2875 4883 3094 4930 cunctos
3117 4855 3170 4932 in
3197 4855 3439 4938 eamdem
3464 4887 3580 4957 glo-

2002 4947 2094 5002 riae
2122 4953 2543 5010 communionem
2575 4961 2767 5014 vocet?
2792 4962 2922 5031 Quia
2947 4965 3104 5036 igitur
3129 4971 3374 5029 omnibus
3399 4976 3585 5033 eadem

2002 5055 2192 5096 corona
2211 5044 2390 5112 gloria:
2408 5050 2671 5118 proposita
2685 5061 2782 5115 est,
2804 5053 3110 5113 Studeamus
3121 5075 3307 5119 omnes
3319 5064 3430 5121 fieri
3444 5067 3587 5140 digni

2001 5132 2103 5188 illis
2127 5134 2278 5190 bonis
2302 5178 2317 5203 ,
2339 5151 2455 5208 quae
2483 5144 2736 5210 promissa
2763 5156 2902 5202 sunt.
2930 5148 3110 5222 Neque
3129 5155 3300 5211 solum
3326 5161 3587 5229 magnitu-

1999 5225 2174 5281 dinem
2201 5236 2358 5298 atque
2385 5231 2722 5290 eminentiam
2755 5237 2805 5292 in
2839 5239 2927 5294 illo
2953 5241 3208 5301 debemus
3248 5225 3585 5304 considerare

1998 5318 2248 5372 virtutum
2266 5330 2315 5375 et
2332 5333 2630 5394 promptum
2651 5327 2776 5382 illud
2797 5332 2956 5387 animi
2978 5333 3112 5405 ejus,
3137 5345 3292 5406 atque
3308 5338 3584 5396 robustum

1999 5412 2346 5488 propositum,
2379 5431 2473 5485 per
2499 5419 2638 5489 quod
2663 5421 2728 5475 ad
2757 5431 2953 5479 tantam
2988 5429 3179 5481 meruit
3207 5429 3429 5498 gratiam
3465 5448 3584 5500 pcr-

1999 5503 2177 5557 venire
2207 5521 2221 5558 :
2253 5505 2345 5560 sed
2375 5517 2427 5562 et
2458 5519 2656 5565 naturrc
2685 5513 3013 5580 societatem,
3045 5533 3140 5588 per
3165 5533 3320 5588 quam
3349 5530 3401 5574 et
3426 5524 3580 5576 nobis

1997 5597 2050 5654 in
2082 5598 2286 5652 cunctis
2308 5597 2396 5654 ille
2423 5603 2698 5673 participat
2728 5623 2740 5658 :
2771 5615 2824 5661 et
2849 5605 2925 5661 sic
2950 5608 3108 5664 etiam
3135 5625 3252 5680 qua:
3282 5610 3436 5667 valde
3457 5627 3581 5670 sunt

1997 5690 2190 5758 ardua,
2220 5689 2370 5748 nobis
2399 5691 2569 5753 facilia
2595 5697 2914 5774 videbuntur;
2937 5709 2990 5755 et
3017 5701 3175 5771 levia,
3202 5704 3456 5777 brevique
3482 5707 3584 5766 hoc

3715 306 3758 342 ’,ί

3549 357 3698 438 δεῖ
