4038 6204
353 345 459 404 ι83

355 468 594 528 tempore
624 452 926 509 laborantes
956 443 1406 516 incorruptibilem
1450 440 1592 495 illam
1620 436 1941 508 gestabimus

358 527 518 618 atque
559 543 916 600 immortalem
952 552 1238 603 coronam,
1266 532 1435 607 gratia
1475 540 1530 587 et
1574 527 1934 584 misericordia

1067 331 1126 388 S.
1163 327 1442 388 JOANNIS
1477 318 1949 380 CllRYSOSTOMI
1988 317 2306 376 ABClllEP.
2345 311 2882 372 CONSTA‘NTINOP.

3527 311 3628 369 £85

2053 433 2261 489 Domini
2286 433 2454 488 nostri
2473 431 2598 487 .lesu
2620 429 2837 514 Christi,
2865 429 2949 485 cui
2973 438 3055 484 est
3082 427 3247 500 gloria
3273 437 3329 483 et
3349 427 3634 498 imperium

2043 539 2186 580 nunc
2215 533 2269 579 et
2295 538 2509 594 semper
2529 533 2582 578 et
2610 521 2663 577 in
2687 522 2881 578 saecula
2907 521 3248 576 saeculorum.
3276 521 3468 574 Amen.

361 678 3630 723 MM

1210 806 1360 875 .DE
1413 796 1931 874 LAUDIBUS
1982 797 2356 872 SANCTI
2413 795 2730 869 PAULI

1839 991 2139 1037 ΑΡοετοιι
2145 1021 2159 1036 .

1708 1116 1942 1126 --

995 1211 1210 1254 ιιοιιιιιιι
1241 1210 1316 1249 HI.

435 1361 631 1416 Beatus
654 1357 850 1414 Paulus
869 1397 884 1422 ,
914 1353 1002 1425 qui
1031 1359 1231 1408 tantam
1252 1350 1359 1404 vim
1387 1347 1632 1403 humanae
1658 1345 1949 1401 alacritatis

365 1453 596 1509 ostendit
616 1493 632 1520 ,
672 1459 731 1505 ut
759 1449 825 1504 ad
851 1448 1040 1504 exulum
1066 1457 1278 1516 quoque
1316 1442 1487 1513 ipsum
1513 1439 1719 1495 valeret
1755 1439 1950 1494 subvo-

367 1545 500 1606 lare,
533 1541 944 1613 praetermittens
968 1536 1186 1606 angelos
1211 1543 1265 1589 et
1290 1530 1638 1602 archangelos
1663 1572 1679 1597 ,
1711 1529 1950 1599 aliasque

364 1637 588 1690 virtutes
613 1675 628 1699 ,
660 1629 941 1703 aliquando
970 1628 1181 1699 quidem
1210 1640 1308 1680 suo
1334 1620 1824 1692 exemplo'Christi
1852 1634 1952 1676 nos

369 1727 486 1782 fieri
515 1726 806 1779 imitatores
830 1722 1000 1792 jubet,
1028 1717 1256 1774 dicendo
1288 1713 1619 1770 :lmitatores
1647 1713 1746 1769 mei
1773 1721 1947 1781 estote,

365 1820 491 1874 sicut
510 1826 557 1872 et
577 1833 667 1888 ego
683 1814 877 1870 Christi
900 1813 983 1883 (1.
1011 1809 1245 1868 Comi].
1272 1809 1296 1863 i
1326 1809 1343 1877 )
1378 1825 1390 1861 :
1421 1805 1706 1888 aliquando
1731 1819 1859 1861 vero
1884 1804 1954 1860 de

368 1925 428 1965 se
455 1908 687 1964 reticens
710 1948 725 1973 ,
749 1905 814 1960 ad
843 1904 1007 1975 ipsius
1035 1916 1134 1957 nos
1163 1877 1521 1956 imitationem
1545 1898 1636 1953 Dei
1667 1896 1948 1962 extendit,

366 2001 552 2056 dicens
576 2016 590 2054 :
621 1998 795 2052 Estote
820 2012 938 2068 ergo
967 1995 1236 2049 imitatores
1254 1986 1358 2046 ‘Dei
1381 2031 1398 2059 ,
1434 1989 1680 2058 sicutﬁlii
1707 1986 1955 2043 carissimi

372 2091 599 2165 (Epirus.
628 2092 680 2147 5.
714 2090 788 2160 l).
818 2089 936 2145 Jam
968 2101 1097 2143 vero
1125 2085 1517 2148 demonSlrans,
1549 2080 1690 2157 quod
1718 2079 1854 2134 nihil
1884 2079 1956 2133 ita

371 2187 510 2239 hanc
536 2181 885 2237 imitationem
919 2179 1106 2249 pariat,
1135 2191 1292 2247 quam
1323 2175 1367 2230 si
1398 2176 1465 2228 ita
1491 2173 1632 2227 vivat
1658 2170 1870 2241 aliquis,
1901 2177 1958 2224 ut

374 2277 572 2330 bonum
602 2272 719 2342 ejus
747 2272 798 2325 in
838 2283 1124 2325 commune
1169 2265 1449 2336 proliciat,
1493 2272 1654 2334 atque
1693 2260 1957 2317 universis

374 2365 522 2420 utilia
552 2362 827 2435 provideat
853 2402 868 2426 ,
898 2359 1140 2428 adjunxit
1173 2376 1186 2412 :
1220 2356 1485 2410 Ambulate
1509 2357 1562 2409 in
1590 2355 1797 2409 caritate
1825 2351 1949 2424 (Ib.

372 2472 420 2510 υ.
447 2454 524 2522 2)
552 2472 565 2508 :
602 2453 720 2506 ideo
748 2466 866 2506 eum
896 2447 1138 2514 dixisset,
1167 2445 1454 2500 Imitatores
1484 2445 1580 2500 mei
1610 2454 1784 2511 estote,
1815 2458 1950 2498 con-

377 2547 525 2601 tiuno
551 2544 619 2599 de
648 2543 867 2598 caritate
888 2539 1138 2595 disseruit
1165 2580 1180 2604 ,
1203 2537 1323 2607 quia
1354 2535 1468 2590 haec
1496 2535 1762 2606 praecipue
1791 2535 1958 2589 virtus

376 2636 621 2691 homines
667 2634 776 2689 Deo
817 2631 1093 2703 proximos
1138 2629 1279 2683 facit.
1321 2627 1774 2696 Quantteeumque
1816 2626 1959 2682 enim

377 2729 483 2784 sint
512 2727 630 2782 alite
654 2767 671 2794 ,
697 2724 1006 2780 inferiorem
1039 2728 1288 2776 tenentes
1320 2718 1533 2787 locum,
1584 2727 1791 2774 cunctas
1813 2717 1961 2774 circa

382 2818 655 2874 hominum
685 2815 856 2872 studia
885 2820 1186 2874 versantur,
1219 2820 1276 2864 ut
1305 2817 1388 2864 est
1405 2823 1589 2880 pugna
1618 2817 1801 2862 contra
1828 2821 1960 2862 cou-

379 2907 782 2981 cupiseentiam,
799 2914 858 2960 ut
881 2903 1022 2975 quod
1043 2902 1300 2958 adversus
1315 2900 1492 2972 gulam
1515 2898 1718 2970 geritur
1743 2897 1962 2964 bellum,

383 3002 519 3056 utin
550 2998 783 3053 avaritiae
819 2995 1088 3051 interitum
1129 2993 1272 3048 acies
1305 2990 1548 3046 ordinata
1573 3030 1590 3056 ,
1624 2997 1680 3044 ut
1706 3002 1827 3042 cum
1857 2989 1964 3042 ira-

382 3093 591 3149 cundia:
621 3091 800 3146 furore
827 3085 1137 3152 conﬂictus;
1169 3085 1388 3156 diligere
1413 3097 1540 3137 vero
1569 3081 1723 3136 nobis
1751 3079 1968 3150 Deoque

381 3197 666 3241 commune
695 3190 795 3236 est.
826 3180 1116 3250 Propterea
1133 3185 1186 3233 et
1201 3176 1445 3232 Christus
1474 3173 1797 3245 imperabat:
1819 3169 1973 3226 Orate

382 3294 474 3350 pro
513 3273 933 3331 calumniantibus
969 3281 1014 3325 et
1054 3269 1456 3342 persequentibus
1487 3283 1572 3321 vos
1601 3308 1617 3334 ,
1656 3274 1709 3320 ut
1735 3265 1849 3319 sitis
1876 3261 1972 3332 ﬁlii

385 3369 559 3425 Patris
583 3366 731 3422 vestri
750 3407 766 3432 ,
795 3365 880 3436 qui
902 3364 954 3416 in
981 3362 1117 3417 cazlis
1146 3369 1216 3416 est
1240 3357 1468 3432 (Matth.
1493 3359 1546 3414 5.
1575 3357 1664 3411 44.
1696 3355 1766 3412 45
1786 3354 1828 3425 ).
1858 3353 1973 3409 Hoc

384 3463 544 3534 igitur
567 3469 620 3518 et
637 3455 1173 3526 'Paulusintelligens
1199 3459 1511 3507 cunctorum
1540 3463 1659 3504 esse
1687 3454 1846 3516 caput
1872 3446 1972 3501 bo-

387 3568 578 3609 norum
607 3592 622 3617 ,
661 3549 807 3605 omni
842 3549 894 3602 in
934 3561 994 3602 se
1020 3543 1195 3600 studio
1219 3541 1521 3610 exprimere
1548 3537 1776 3593 curavit.
1806 3534 1974 3590 Nemo

383 3647 523 3701 enim
547 3646 616 3698 ita
643 3642 826 3696 dilexit
851 3638 1095 3693 inimicos
1114 3675 1129 3701 ,
1159 3648 1315 3688 nemo
1341 3646 1465 3701 erga
1491 3627 1829 3684 insidiatores
1868 3635 1975 3680 tam

389 3738 660 3793 beneficus
687 3735 784 3788 fuit
805 3775 818 3798 ,
847 3731 1022 3786 nullus
1055 3743 1149 3799 pro
1175 3723 1523 3780 afﬂictoribus
1546 3721 1656 3776 suis
1682 3728 1827 3774 tanta
1839 3732 1976 3790 per-

389 3845 577 3900 pessus
595 3838 694 3884 est.
719 3827 832 3882 Non
855 3825 996 3880 enim
1025 3821 1134 3884 ille,
1161 3818 1284 3890 quid
1309 3816 1624 3888 patiebatur,
1655 3812 1750 3868 sed
1771 3821 1975 3867 natura}

385 3922 629 3992 capulain
655 3917 941 3989 cogitabat,
969 3922 1273 3985 quantoque
1299 3909 1466 3979 magis
1488 3904 1847 3962 ellerebautur
1875 3902 1976 3957 ini-

391 3990 512 4068 mici
539 4054 554 4078 ,
590 4019 736 4066 tanto
775 4022 960 4063 eorum
1002 4003 1169 4074 magis
1215 3998 1569 4056 miserabatur
1597 3994 1877 4050 insaniam.
1909 3990 1982 4048 Ut

391 4106 532 4160 enim
573 4103 761 4173 aliquis
806 4107 953 4170 pater
996 4095 1300 4150 afﬁceretur
1343 4105 1470 4161 erga
1522 4087 1687 4143 lilium
1728 4083 1980 4172 phrenesi

390 4167 875 4266 comprehensum,
919 4190 1070 4259 cujus
1111 4196 1308 4258 quanto
1351 4181 1520 4254 magis
1567 4167 1979 4236 conviciis'icti-

393 4289 597 4356 hosque
628 4285 900 4354 pulsatur,
943 4289 1091 4334 tanto
1132 4277 1299 4350 magis
1338 4290 1458 4330 eum
1506 4273 1794 4328 miseratur
1822 4281 1981 4339 atque

392 4378 554 4434 tlellet
582 4392 595 4428 :
629 4375 700 4430 ita
729 4382 782 4428 ct
811 4372 902 4425 ille
931 4371 1017 4440 qui
1046 4385 1113 4424 ex
1143 4369 1252 4437 ipsa
1283 4364 1647 4436 magnitudine
1672 4361 1980 4432 passionum

394 4482 581 4525 eorum
607 4507 622 4529 ,
670 4480 700 4518 a
745 4461 936 4533 quibus
978 4459 1329 4530 alﬂigebatur,
1353 4455 1598 4511 morbum
1641 4452 1980 4522 conjiciebat,

398 4561 598 4627 majora
625 4554 731 4610 illis
761 4551 1045 4606 adhibebat
1075 4549 1304 4603 fomenta
1333 4545 1564 4616 pietatis.

470 4648 666 4703 Caritas
704 4655 750 4701 et
781 4640 1107 4697 mansuetudo
1138 4636 1314 4692 Pauli.
1343 4667 1416 4676 -—
1443 4636 1580 4692 Audi
1610 4635 1792 4706 igitur,
1823 4649 1982 4704 quam

397 4743 695 4814 patienter,
727 4751 884 4808 quam
930 4740 1205 4789 mansuete
1236 4729 1388 4785 nobis
1426 4744 1527 4800 pro
1570 4729 1676 4784 illis
1707 4729 1984 4798 loquatur,

398 4837 486 4907 qui
517 4849 638 4888 eum
666 4829 948 4903 quinquies
977 4825 1388 4881 verberaverant
1407 4865 1421 4889 ,
1453 4824 1539 4895 qui
1569 4839 1690 4878 eum
1716 4822 1987 4908 lapidave-

399 4936 541 4992 rant,
565 4925 654 4996 qui
677 4925 976 4983 vinxerant,
999 4919 1090 4990 qui
1113 4918 1228 4988 ejus
1249 4917 1420 4988 ipsmn
1445 4915 1696 4970 sitiebant
1716 4931 1986 4981 cruorem,

403 5020 600 5090 quique
628 5017 774 5070 illum
805 5011 1042 5084 quotidie
1067 5011 1372 5080 discerpere
1395 5007 1708 5079 gestiebant.
1742 5005 1984 5062 Testimo-

403 5111 565 5171 nium,
600 5108 789 5177 inquit,
821 5105 923 5158 illis
955 5101 1208 5174 perhibco,
1237 5101 1473 5170 quoniam
1496 5098 1866 5154 tenttilationent
1894 5095 1992 5152 Dei

407 5201 608 5266 habent,
639 5197 726 5252 sed
757 5213 857 5250 non
895 5194 1169 5249 secundum
1209 5193 1467 5248 scientiam
1507 5192 1526 5259 (
1559 5191 1709 5245 Rom.
1755 5190 1842 5246 10.
1886 5188 1921 5244 2
1948 5191 1984 5260 ).

410 5293 477 5347 Ει
512 5303 696 5345 rursus
733 5302 826 5343 eos
853 5329 866 5351 ,
895 5285 982 5356 qui
1015 5299 1073 5338 se
1103 5298 1260 5352 supra
1309 5281 1425 5336 illos
1481 5280 1760 5350 superbius
1806 5279 1994 5335 cll‘ere-

411 5385 536 5436 bant
561 5423 576 5447 ,
609 5380 899 5436 reirecnans
929 5395 942 5430 :
973 5375 1130 5441 Noli,
1166 5374 1259 5440 ait,
1287 5373 1446 5426 altum
1476 5387 1652 5441 sapere
1674 5413 1689 5438 ,
1731 5369 1820 5424 sed
1844 5370 1994 5423 time:

413 5475 456 5529 si
494 5474 624 5528 enim
652 5471 788 5526 Deus
825 5467 1141 5524 naturalibus
1176 5465 1330 5517 ramis
1371 5479 1468 5516 non
1498 5462 1748 5532 pepercit,
1779 5477 1841 5514 ne
1868 5464 1998 5532 forte

409 5579 504 5618 nec
525 5563 611 5617 tibi
640 5570 813 5634 pareat
838 5559 1016 5632 (Rom.
1037 5558 1122 5613 ll.
1153 5555 1243 5610 20.
1264 5555 1380 5622 Ἥ).
1408 5553 1538 5620 Quia
1561 5553 1704 5608 enim
1731 5565 1997 5622 cognove-

415 5665 520 5716 rat,
567 5652 888 5710 dominicam
922 5649 1122 5713 inillos
1147 5647 1257 5719 jam
1285 5645 1607 5717 prOCessisse
1635 5652 1956 5700 sententiam
1983 5684 1997 5710 ,

421 5735 559 5810 qltod
586 5758 745 5798 unum
778 5750 828 5797 et
853 5743 1025 5798 solum
1047 5749 1159 5798 erat
1183 5739 1236 5797 in
1261 5753 1354 5796 sua
1381 5743 1660 5809 potestate,
1692 5723 1996 5808 prtestabat.

2051 1119 2282 1130 ...ι-.-

2056 1211 2214 1283 Saepe
2260 1212 2648 1286 lacrymabatnr
2678 1215 3027 1272 vehementer
3073 1231 3166 1286 pro
3212 1218 3315 1274 illis
3343 1261 3358 1287 ,
3390 1217 3637 1287 dolebat,

2053 1308 2292 1363 volentes
2319 1309 2421 1362 illis
2451 1309 2703 1364 insultare
2732 1309 3067 1379 prohibebat,
3092 1321 3272 1382 atque,
3304 1314 3356 1366 iu
3381 1322 3635 1383 quantum

2053 1408 2261 1470 poterat
2287 1441 2301 1466 ,
2335 1399 2610 1455 laborabat
2639 1401 2878 1455 umbram
2910 1403 2988 1456 eis
3014 1402 3244 1472 aliquam
3276 1403 3642 1460 excusationis

2053 1491 2364 1547 obtendere.
2390 1491 2453 1546 Et
2470 1494 2590 1562 quia
2621 1503 2836 1564 propter
2856 1497 3242 1550 contumaciam
3264 1511 3448 1551 eorum
3479 1507 3639 1567 atque

2053 1583 2301 1640 duritiam
2326 1627 2341 1650 ,
2383 1585 2707 1655 persuadere
2744 1586 2849 1640 illis
2889 1586 3046 1641 ﬁdem
3076 1602 3323 1643 sermone
3351 1605 3454 1643 non
3482 1601 3638 1660 pote—

2056 1685 2174 1745 rat,
2207 1675 2275 1732 ad
2320 1677 2590 1732 orationes
2639 1677 3048 1733 convertebatur
3097 1679 3360 1735 assiduas.
3409 1679 3638 1744 Fratres,

2055 1765 2264 1838 inquit,
2318 1767 2551 1822 uoluntas
2591 1767 2790 1836 quidem
2836 1767 3005 1822 cordis
3042 1770 3139 1822 mei
3178 1777 3223 1823 et
3261 1769 3533 1823 obsecratio
3572 1769 3642 1822 ad

2055 1856 2224 1912 Deum
2249 1860 2307 1928 ﬁt
2336 1874 2427 1928 pro
2447 1858 2622 1913 illi‘s‘in
2647 1859 2860 1913 salutem
2879 1859 3051 1929 (Rom.
3088 1859 3172 1915 ιο.
3200 1862 3278 1931 1).
3304 1861 3408 1930 Spe
3427 1876 3642 1932 quoque

2059 1950 2280 2005 meliore
2313 1949 2434 2005 illos
2461 1951 2706 2006 sollicitat
2727 1992 2743 2014 ,
2771 1951 2956 2008 dicens
2981 1969 2993 2006 :
3025 1952 3153 2008 Sine
3193 1954 3479 2024 pwnitentia
3504 1954 3639 2008 enim

2058 2049 2173 2095 sunt
2200 2041 2334 2095 dona
2358 2051 2404 2095 et
2431 2042 2622 2095 vacatio
2647 2040 2741 2096 Dei
2767 2042 2788 2113 (
2813 2043 2963 2097 Rom.
2990 2043 3074 2098 ll.
3108 2043 3179 2098 29
3199 2043 3245 2114 ),
3278 2058 3346 2098 ne
3375 2058 3470 2114 spe
3493 2044 3645 2098 exci-

2059 2131 2189 2188 dant
2212 2142 2266 2188 et
2294 2144 2532 2203 pereant.
2560 2133 2687 2202 Qua:
2719 2135 2898 2205 utique
2925 2140 3101 2189 omnia
3129 2147 3254 2190 sunt
3275 2137 3434 2190 verba
3458 2151 3647 2191 aman-

2062 2225 2150 2291 tis,
2193 2234 2246 2279 et
2287 2224 2440 2280 valde
2477 2239 2659 2280 eorum
2685 2225 3001 2281 utilitatibus
3043 2226 3366 2296 providentis
3396 2239 3492 2281 :ut
3519 2242 3643 2282 eum

2061 2315 2210 2384 dicit,
2237 2315 2418 2371 'Veniet
2437 2333 2499 2372 ea:
2515 2318 2664 2385 Sion,
2686 2319 2775 2390 qui
2793 2321 2992 2392 eripiat,
3021 2330 3066 2374 et
3093 2330 3285 2373 avertat
3307 2321 3585 2389 impietates
3612 2336 3646 2372 ιι

2061 2407 2220 2464 Iacob
2247 2408 2399 2481 (Isai.
2423 2409 2510 2466 59.
2528 2411 2641 2480 20).
2670 2411 3005 2467 Morde‘batur
3028 2413 3169 2466 enim
3195 2413 3558 2477 vehementer,
3584 2427 3650 2468 ac

2064 2503 2276 2573 penitus
2318 2502 2720 2570 dissecabatur,
2768 2519 2888 2559 cum
2935 2519 3026 2559 eos
3077 2515 3359 2574 pereuntes
3403 2505 3648 2569 videret,

2063 2606 2283 2669 propter
2302 2597 2441 2668 quod
2469 2606 2523 2652 et
2560 2597 2724 2652 multa
2765 2597 2948 2653 solatia
2975 2597 3096 2652 huic
3122 2596 3407 2652 adhibebat
3433 2596 3602 2651 dolori
3629 2637 3649 2664 ,

2065 2688 2350 2760 aliquando
2370 2688 2582 2759 quidem
2609 2688 2793 2744 dicens
2822 2707 2836 2743 :
2869 2687 3049 2744 Veniet
3078 2706 3138 2743 ex
3160 2689 3309 2752 Sion,
3338 2689 3424 2759 qui
3443 2687 3648 2758 eripiat,

2067 2790 2116 2837 et
2139 2790 2329 2836 avertat
2354 2782 2634 2850 impietates
2661 2798 2692 2835 a
2717 2779 2877 2835 Iacob
2906 2779 3080 2855 (Rom.
3100 2783 3190 2836 il.
3223 2781 3337 2850 26);
3369 2765 3654 2852 aliquando

2068 2887 2218 2941 vero,
2245 2871 2312 2927 Et
2333 2873 2416 2927 isti
2442 2890 2541 2927 non
2564 2873 2884 2928 crediderunt
2907 2873 2960 2927 in
2985 2881 3198 2926 vestram
3229 2871 3652 2940 misericordiam,

2069 2973 2126 3020 ut
2151 2975 2198 3020 et
2223 2964 2318 3054 ἱρὶ
2358 2965 2751 3021 misericordiam
2782 2973 3148 3036 consequantur
3175 2962 3364 3034 (Rom.
3397 2964 3482 3018 ll.
3509 2962 3577 3018 31
3607 2962 3650 3032 ).

2070 3057 2220 3114 Facit
2247 3053 2424 3112 autem
2456 3058 2556 3112 hoc
2583 3058 2741 3112 etiam
2767 3055 3047 3122 Jcremias,
3080 3055 3185 3110 rim
3209 3054 3490 3124 quamdam
3516 3053 3653 3106 inle-

2072 3162 2217 3215 rens,
2241 3159 2401 3218 atque
2429 3149 2756 3204 contendens
2775 3148 3170 3203 excusationem
3199 3145 3427 3216 aliquam
3446 3160 3543 3215 pro
3565 3143 3655 3200 de-

2074 3239 2436 3311 linquentibus
2457 3240 2718 3306 invenire,
2745 3248 2797 3293 et
2821 3253 2961 3294 nunc
2980 3237 3191 3308 quidem
3213 3236 3428 3291 dicens:
3452 3233 3514 3290 Si
3546 3250 3656 3304 peo-

2077 3341 2192 3386 cata
2209 3341 2382 3386 nostra
2399 3333 2679 3386 restiterunt
2699 3332 2861 3396 nobis,
2887 3332 2969 3401 {ac
2990 3341 3195 3401 propter
3229 3338 3276 3383 te
3305 3327 3435 3400 (Jer.
3461 3327 3546 3382 η.
3563 3327 3655 3394 7):

2077 3434 2130 3481 et
2157 3438 2373 3480 rursus:
2398 3422 2515 3478 Non
2538 3425 2679 3480 estin
2702 3421 2904 3478 homine
2925 3424 3005 3477 via
3025 3423 3135 3484 eius
3156 3429 3225 3483 et,
3245 3437 3334 3474 nec
3360 3421 3506 3474 Immo
3527 3419 3614 3472 ibit
3637 3461 3654 3486 ,

2077 3527 2125 3573 et
2150 3517 2329 3589 diriget
2354 3518 2448 3570 iter
2472 3532 2618 3571 suum
2651 3515 2669 3583 (
2687 3514 2876 3569 Jerem.
2907 3514 2998 3570 10.
3032 3513 3103 3568 23
3124 3512 3164 3584 ).
3192 3513 3263 3568 Et
3286 3525 3467 3567 rursus
3495 3529 3510 3565 :
3550 3509 3664 3565 Me-

2078 3621 2245 3667 mento
2259 3611 2498 3682 quoniam
2516 3610 2678 3680 pulvis
2695 3625 2868 3664 sumus
2887 3607 3055 3678 (Psal.
3075 3604 3310 3677 ΚΕΗ).
3329 3604 3440 3658 Mos
3460 3603 3663 3658 eteuim

2079 3714 2164 3760 est
2189 3705 2408 3760 omnino
2482 3704 2864 3758 celeberrimus
2927 3712 2985 3756 ut
3017 3703 3083 3767 ii,
3114 3700 3201 3771 qui
3231 3711 3324 3769 pro
3348 3697 3666 3768 delinquen-

2082 3798 2222 3854 tibus
2247 3797 2623 3869 deprecantur,
2639 3796 2746 3852 etsi
2773 3796 2904 3850 nihil
2941 3794 3187 3850 idoneum
3229 3790 3452 3846 atl‘erant
3475 3790 3543 3844 ad
3569 3804 3665 3845 ro-

2081 3889 2313 3961 gandum
2339 3929 2355 3956 ,
2377 3889 2567 3945 saltem
2595 3888 2839 3943 umbram
2868 3885 3151 3958 quamdam
3180 3883 3538 3939 excusationis
3565 3897 3668 3951 pro

2081 3981 2163 4037 eis
2189 3989 2498 4052 opponant,
2529 3993 2634 4034 non
2661 3987 2806 4034 certa
2831 3978 3116 4033 verborum
3144 3974 3470 4046 proprietate
3494 3973 3670 4028 muni-

2086 4081 2213 4141 tam,
2236 4086 2334 4127 nec
2357 4087 2475 4142 qua:
2500 4070 2634 4125 trahi
2653 4070 2827 4140 possit
2853 4069 2902 4123 in
2925 4067 3194 4139 dogmata,
3222 4066 3318 4123 sed
3344 4081 3463 4138 quae
3489 4075 3669 4121 tamen

2083 4167 2390 4222 consoletur
2404 4178 2501 4235 pro
2523 4162 2867 4235 pereuntibus
2891 4161 3152 4216 dolentes.
3185 4159 3300 4214 Non
3329 4173 3457 4230 ergo
3484 4157 3673 4228 hujus~

2085 4257 2228 4312 modi
2251 4256 2628 4312 excusationes
2652 4252 3014 4324 scrupulosius
3040 4250 3398 4322 ponderemus
3421 4291 3436 4317 ,
3462 4249 3557 4305 sed
3585 4249 3664 4303 in.

2087 4348 2406 4419 telligamus,
2429 4361 2549 4401 esse
2573 4347 2692 4401 illas
2708 4344 2938 4400 dolentis
2957 4343 3171 4411 animae,
3195 4349 3249 4397 et
3267 4341 3447 4397 dicere
3472 4338 3670 4410 aliquid

2087 4455 2186 4512 pro
2214 4438 2580 4510 peccatoribus
2611 4435 2932 4508 requirentis
2953 4476 2970 4503 ,
2998 4435 3257 4506 juxtaque
3285 4437 3425 4489 hunc
3455 4431 3672 4488 modum

2089 4532 2204 4587 haec
2229 4547 2346 4601 qua:
2381 4531 2624 4601 superius
2665 4531 2804 4586 dicta
2849 4537 2974 4585 sunt
3011 4541 3327 4584 censeamus
3357 4544 3370 4581 :
3403 4527 3488 4581 An
3516 4525 3679 4596 igitur

2088 4641 2212 4697 erga
2243 4626 2387 4681 solos
2416 4624 2630 4681 Judteos
2659 4624 2776 4680 talis
2797 4624 3080 4688 exstiterit,
3111 4638 3236 4694 erga
3261 4630 3546 4678 extraneos
3583 4635 3684 4674 au-

2090 4727 2234 4785 tem,
2275 4731 2383 4772 non
2425 4717 2540 4772 ita?
2567 4717 2804 4773 omnium
2843 4715 3157 4771 mitissimus
3181 4723 3297 4770 erat
3333 4719 3389 4768 et
3413 4727 3538 4783 erga
3576 4711 3682 4767 do—

2091 4809 2343 4864 mestieos
2367 4818 2423 4864 et
2457 4823 2581 4879 erga
2609 4818 2912 4866 extraneos.
2953 4806 3092 4862 Audi
3131 4806 3290 4877 igitur
3321 4804 3446 4876 quid
3489 4803 3556 4858 ad
3585 4804 3685 4859 Ti-

2094 4901 2367 4957 motheum
2415 4901 2484 4956 sit
2526 4901 2736 4957 loeutus
2787 4918 2805 4955 :
2861 4900 3119 4967 Servum,
3169 4899 3381 4970 inquit,
3435 4897 3531 4953 Dei
3581 4916 3689 4952 non

2093 5003 2286 5065 Oportet
2329 4994 2529 5066 litigare
2549 5035 2564 5060 ,
2618 4991 2707 5047 sed
2759 5001 3078 5046 mansuetum
3130 5007 3238 5046 esse
3285 5006 3404 5061 erga
3471 5005 3642 5043 omnes
3669 5033 3684 5055 ,

2095 5086 2349 5140 doctorem
2401 5085 2468 5138 ad
2521 5084 2849 5148 docendum,
2899 5083 3169 5153 patientem
3199 5123 3214 5149 ,
3271 5097 3384 5136 cum
3443 5081 3693 5136 modestia

2097 5177 2448 5248 corripientem
2474 5192 2578 5240 eos,
2609 5176 2696 5246 qui
2720 5175 2956 5231 resistunt
2985 5215 3001 5242 ,
3030 5175 3076 5229 si
3105 5173 3308 5243 quando
3336 5174 3418 5226 det
3441 5172 3518 5226 illi
3549 5170 3695 5225 Deus

2100 5269 2441 5339 paenitentiam
2466 5269 2533 5322 ad
2561 5269 2958 5341 cognoscendam
2987 5269 3242 5322 veritatem
3265 5308 3279 5332 ,
3309 5273 3362 5320 ut
3392 5265 3696 5337 resipiscam

2099 5377 2131 5414 a
2157 5361 2342 5416 diaboli
2367 5361 2576 5431 laqueis,
2605 5377 2635 5415 a
2660 5378 2758 5433 quo
2782 5361 2918 5430 capti
2933 5369 3159 5414 tenentur
3186 5359 3255 5412 ad
3278 5357 3439 5429 ipsius
3459 5358 3694 5431 volunta-

2102 5464 2202 5508 tem
2224 5453 2312 5525 (2.
2339 5452 2471 5509 Tim.
2503 5453 2558 5508 2.
2587 5452 2925 5524 24ο26).νὶε
2949 5461 3127 5507 autem
3155 5450 3356 5516 videre,
3387 5464 3549 5520 quam
3579 5462 3695 5502 mo~

2103 5546 2252 5602 deste
2273 5547 2432 5602 etiam
2459 5561 2581 5602 eum
2613 5545 2715 5600 illis
2746 5545 3011 5623 loquatur,
3038 5541 3130 5620 qui
3153 5543 3204 5621 in
3231 5550 3451 5612 peccata
3477 5555 3701 5596 eorrue—
3740 5548 3743 5549 '

2107 5640 2265 5696 rant?
2294 5640 2429 5696 Audi
2459 5639 2586 5711 quid
2605 5621 2896 5720 Corinthiis
2925 5621 3118 5713 dixerit.
3143 5653 3157 5690 :
3189 5634 3383 5703 Timeo,
3410 5633 3603 5703 inquit,
3635 5648 3702 5686 ne

2109 5740 2258 5806 forte,
2288 5751 2396 5790 cum
2416 5751 2608 5806 venero,
2636 5753 2736 5794 non
2758 5735 2930 5808 quales
2945 5730 3060 5789 volo
3082 5731 3332 5786 inveniam
3359 5743 3446 5784 vos
3473 5727 3530 5800 (2
3573 5724 3703 5782 Cor.
