4038 6204
280 254 382 310 £33

279 369 444 436 οἵους
471 366 642 432 θέλω,
673 364 824 432 εὕρω
851 362 1006 432 ὑμᾶς
1027 380 1039 394 ·
1066 363 1164 418 καὶ
1191 363 1308 434 μετ’
1335 361 1511 430 ὀλίγα,
1541 360 1636 430 Μὴ
1665 360 1854 416 πάλιν

279 441 536 514 ελᾰόντα
551 474 630 528 με
655 454 991 523 ταπεινώσῃ
1022 456 1054 508 ό
1078 454 1221 519 Θεὸς
1247 469 1366 522 μου
1385 451 1533 520 πρὸς
1559 450 1740 520 ὑμᾶς,
1758 451 1858 504 καὶ

281 549 562 615 πενθήσω
596 545 866 612 πολλοὺς
885 545 1002 600 τῶν
1031 544 1592 613 προημαρτηκότων,
1645 542 1742 596 καί
1768 542 1854 611 μὴ

279 640 780 710 μετανοησάντων
815 636 912 690 ἐπὶ
947 633 1020 703 τῇ
1048 636 1332 703 ἀσελγείᾳ
1377 634 1474 688 καὶ
1520 634 1858 702 ἀκαθαρσίᾳ

283 728 322 804 ᾖ
355 730 644 799 ἔπραξαν.
677 729 785 782 Kal
805 725 1076 789 Γαλάταις
1095 725 1152 778 δέ
1182 725 1408 796 γράφων
1430 725 1582 793 ἔλεγε
1603 743 1616 756 ·
1650 725 1856 779 Τεκνία

279 841 420 893 μου,
455 823 563 887 οὒς
610 818 795 872 πάλιν
832 817 1041 882 ὠδίνω,
1076 816 1246 886 ἄχρις
1289 812 1361 872 οὗ
1397 814 1682 886 μορφωθῇ
1728 817 1858 883 Χρι-

283 915 431 980 στὸς
468 915 536 965 ἐν
559 911 719 980 ὑμῖν.
752 910 864 963 Kal
899 909 1037 981 ὑπὲρ
1081 907 1175 961 τοῦ
1209 909 1640 980 πεπορνευκότος
1690 907 1855 961 ἄκου-

285 1024 376 1058 σον
411 1003 596 1066 αὐτοῦ,
629 1002 745 1066 πῶς
772 1003 870 1074 οὐχ
913 997 1074 1072 ἦττον
1103 999 1308 1054 ἐκείνου
1347 1000 1440 1054 καὶ
1474 999 1722 1052 ὀδυνᾶται
1766 1001 1859 1052 καὶ

283 1096 595 1167 παρακαλεῖ
635 1095 842 1163 λέγων·
883 1092 1204 1160 Κιιρώσατε
1240 1094 1328 1157 είς
1371 1091 1560 1146 αὑτὸν
1595 1091 1856 1160 ἀγάπην.

287 1188 398 1241 Kal
428 1185 587 1257 ἡνίκα
613 1185 670 1239 δέ
701 1184 863 1238 αὑτὸν
883 1181 1166 1249 ἐξέκοπτε,
1195 1182 1332 1254 μετὰ
1367 1181 1577 1244 πολλῶν
1607 1180 1858 1253 δακρύων

285 1278 441 1330 τοῦτο
469 1275 662 1330 ἐποίει.
709 1277 810 1331 Ἐκ
845 1274 952 1346 γάρ
982 1273 1223 1342 πολλῆς
1255 1273 1536 1342 θλίψεως,
1567 1273 1718 1344 φησὶ,
1760 1271 1858 1326 καί

285 1369 560 1440 συνοχῆς
605 1368 855 1436 καρδίας
893 1367 1130 1437 ἔγραψα
1175 1365 1342 1435 ὑμῖν,
1384 1367 1497 1434 οὐχ
1533 1365 1633 1419 ἵνα
1666 1367 1860 1432 λυπη-

287 1461 450 1530 θῆτε,
485 1459 650 1514 ἀλλὰ
689 1459 790 1512 ἵνα
831 1456 1018 1526 γνῶτε
1047 1455 1163 1524 τὴν
1203 1454 1462 1524 ἀγάπην,
1495 1453 1575 1522 ἣν
1602 1455 1719 1524 ἔχω
1755 1471 1860 1506 πε-

285 1552 649 1622 ρισσοτέρως
675 1554 762 1618 είς
797 1549 980 1619 ὑμᾶς·
1018 1550 1111 1602 καὶ
1152 1549 1340 1602 πάλιν·
1381 1547 1708 1618 Ἐγενόμην
1740 1545 1862 1612 τοῖς

299 1645 610 1709 Ἰουδαίοις
629 1643 710 1708 ὡς
757 1641 1068 1706 Ἰουδαῖος,
1111 1639 1239 1706 τοῖς
1273 1639 1391 1693 ὑπὸ
1421 1639 1610 1708 νόμον
1629 1638 1709 1704 ὡς
1743 1633 1863 1693 ὕπὸ

287 1737 496 1804 νόμον,
541 1733 666 1798 τοῖς
713 1731 1080 1786 ἀσθενοῦσιν
1107 1731 1186 1796 ὡς
1213 1728 1502 1796 ἀσθενὴς,
1545 1727 1668 1794 τοῖς
1712 1726 1860 1782 πᾶσι

287 1827 502 1898 γέγονα
530 1825 600 1878 τὰ
645 1824 862 1888 πάντα,
899 1824 1000 1876 ἵνα
1049 1822 1287 1888 πάντως
1320 1821 1486 1887 τινὰς
1517 1819 1696 1874 σώσω
1711 1835 1724 1849 ·
1769 1818 1863 1874 xal

288 1914 524 1986 ἀλλαχοῦ
556 1915 746 1968 πάλιν·
784 1916 907 1970 Ἵνα
939 1913 1312 1983 παραστήσω
1333 1913 1530 1968 πάντα
1551 1911 1866 1980 ἄνθρωπον

289 2007 524 2062 τέλειον
552 2008 623 2062 ὲν
663 2004 897 2075 Χριστῷ
943 2005 1160 2074 Ἰησοῦ.
1183 1999 1339 2066 Εἶδες
1381 2003 1558 2075 ψυχὴν
1603 2002 1867 2075 ὑπερϐαίη-

290 2117 484 2154 νουσαν
521 2101 702 2152 πᾶσαν
719 2097 870 2172 [489]
892 2098 990 2169 τὴν
1015 2099 1153 2168 γῆνς
1179 2098 1362 2152 Πάντα
1390 2095 1676 2168 ἄνθρωπον
1705 2111 1868 2166 προσ-

291 2192 516 2262 εδόκησε
548 2190 920 2262 παραστῆσαι,
954 2189 1050 2244 καὶ
1074 2189 1134 2242 τό
1161 2206 1225 2258 γε
1261 2187 1423 2242 αὑτοῦ
1456 2187 1639 2260 μέρος,
1661 2186 1866 2250 πάντας

291 2283 626 2354 παρέστησε.
653 2283 764 2336 Kal
783 2281 890 2351 γὰρ
929 2281 1115 2352 ὥσπερ
1160 2279 1259 2352 τὴν
1296 2281 1617 2350 οἰκουμένην
1648 2278 1866 2342 ἅπασαν

291 2376 559 2446 γεννήσας
595 2372 780 2437 αὐτὸς,
805 2371 978 2434 οὕτως
1025 2371 1357 2442 ἐθορυϐεῖτο,
1399 2370 1569 2434 οὕτως
1611 2369 1864 2441 ἔτρεχεν,

291 2464 433 2518 οὓτω
465 2465 669 2527 πάντας
725 2462 1054 2527 ἐσπούδαζεν
1099 2463 1413 2531 εἰσαγαγεῖν
1454 2462 1534 2524 είς
1579 2462 1676 2530 τὴν
1711 2459 1882 2530 βασιε

293 2557 462 2618 λείαν,
497 2555 834 2626 θεραπεύων,
862 2553 1215 2626 παρακαλῶν,
1241 2552 1688 2624 ὑπισχνούμενος,
1717 2551 1870 2621 εὐχό-

297 2665 480 2718 μενος,
518 2647 794 2712 ἱκετεύων,
822 2646 948 2710 τοὺς
965 2645 1226 2717 δαίμονας
1247 2645 1450 2715 φοϐῶν,
1480 2645 1605 2708 τοὺς
1629 2641 1868 2712 διαφθεί-

299 2755 488 2807 ροντας
523 2736 784 2803 ἐλαύνων,
812 2736 900 2790 διὰ
929 2735 1252 2808 παρουσίας,
1282 2734 1370 2788 διὰ
1397 2734 1760 2806 γραμμάτων,
1783 2732 1873 2786 διὰ

296 2833 579 2902 ῥημάτων,
615 2829 704 2884 διὰ
750 2807 1114 2901 πραγμάτων,
1146 2807 1236 2882 δίὰ
1265 2826 1544 2900 μαθητῶν,
1573 2825 1639 2879 δι’
1676 2824 1870 2879 ἐαυτοῦ

294 2923 419 2986 τοὺς
468 2921 767 2983 πίπτοντας
805 2918 1070 2990 ἀνορθῶν,
1117 2919 1244 2982 τοὺς
1293 2916 1534 2980 ἐστῶτας
1579 2914 1870 2986 στηρίζων,

293 3014 574 3084 διεγείρων
629 3013 753 3077 τοὺς
809 3011 983 3083 χαμαὶ
1036 3011 1357 3082 κειμένους,
1391 3007 1709 3080 θεραπεύων
1745 3007 1872 3070 τοὺς

297 3105 808 3178 συντετριμμένους,
845 3104 1081 3174 ἀλείφων
1111 3103 1238 3167 τοὺς
1280 3099 1675 3174 ῥᾳθυμοῦντας,
1708 3098 1872 3167 φοϐε-

299 3197 393 3267 ρὸν
417 3196 632 3267 ἐμϐοῶν
671 3198 762 3249 ἐπὶ
795 3199 906 3260 τοῖς
943 3195 1176 3267 ἐχθροῖς,
1211 3195 1375 3266 δριμὺ
1403 3193 1614 3264 βλέπων
1640 3190 1734 3244 ἐπὶ
1761 3193 1872 3256 τοῖς

297 3288 577 3359 πολεμίοις
597 3306 611 3319 ⁸
643 3289 890 3360 καθάπερ
916 3305 1000 3351 τις
1022 3287 1322 3358 στρατηγὸς
1355 3287 1388 3358 ἢ
1417 3287 1635 3358 ἄριστος
1667 3282 1870 3354 ἰατρὸς,

297 3379 460 3444 αὐτὸς
505 3381 854 3449 σκευοφόρος,
901 3379 1062 3442 αὐτὸς
1096 3377 1463 3448 ὑπασπιστὴς,
1503 3376 1666 3438 αὐτὸς
1702 3376 1872 3446 ὑπερ-

297 3471 588 3540 ασπιστὴς,
611 3470 773 3534 αὐτὸς
798 3471 1173 3542 παραστάτης,
1203 3469 1364 3534 αὐτὸς
1389 3469 1566 3522 πάντα
1592 3467 1872 3537 γινόμενος

296 3560 376 3632 τῷ
419 3561 766 3634 στρατοπέδῳ
789 3547 942 3630 ’ἷέκαὶ
971 3561 1071 3614 οὐκ
1100 3561 1157 3612 ἐν
1205 3563 1320 3624 τοῖς
1353 3559 1741 3628 πνευματικοῖς
1779 3557 1872 3627 μό·

297 3669 407 3718 νον,
431 3651 572 3706 ’ἀλλὰ
593 3653 686 3706 καὶ
714 3637 772 3706 ἐν
805 3655 916 3717 τοῖς
947 3654 1228 3724 σαρκικοῖς
1255 3649 1454 3722 πολλὴν
1483 3650 1584 3721 τὴν
1619 3649 1870 3719 πρόνοιαν

298 3742 644 3797 ἐπεδείκνυτο
663 3784 679 3810 ,
729 3742 928 3814 πολλὴν
983 3743 1086 3814 τὴν
1129 3741 1386 3810 σπουδήν.
1433 3742 1696 3796 ’Λκουσον
1740 3738 1871 3808 γοῦν

297 3833 486 3896 αὐτοῦ,
511 3832 628 3895 πῶς
657 3833 798 3904 ὑπὲρ
823 3835 952 3902 μιᾶς
984 3832 1242 3901 γυναικὸς
1263 3832 1399 3904 πρὸς
1433 3832 1725 3904 ὀλόκληρον
1753 3833 1872 3885 ἐπι-

301 3922 510 3976 στέλλει
550 3923 720 3994 δῆμον
749 3923 922 3992 λέγων
943 3941 956 3955 ·
997 3924 1330 3994 Συνίστημι
1357 3923 1424 3976 δὲ
1452 3923 1595 3993 ὑμῖν
1629 3924 1872 3992 Φοίϐην,

297 4014 412 4082 τὴν
439 4015 714 4084 ἀδελφὴν
739 4015 926 4086 ἡμῶν,
951 4015 1234 4070 διάκονον
1268 4014 1465 4070 οὖσαν
1489 4014 1597 4084 τῆς
1624 4016 1874 4083 Ἐκκλη-

297 4107 438 4172 σίας
467 4106 578 4176 τῆς
615 4109 686 4162 ἐν
711 4107 1053 4178 Κεγχρεαῖς,
1089 4108 1190 4160 ἵνα
1228 4105 1645 4174 προσδέξησθε
1678 4107 1875 4174 αὐτὴν

296 4195 367 4248 ἐν
395 4197 590 4263 Κυρίῳ
615 4195 797 4261 ἀξίως
821 4195 937 4248 τῶν
959 4195 1160 4264 ἁγίων,
1195 4196 1294 4250 καί
1325 4195 1671 4264 παραστῆτε
1693 4195 1870 4264 αὐτῇ,

295 4287 368 4340 ἐν
392 4279 440 4352 ᾧ
467 4285 546 4339 ἂν
563 4286 729 4354 ὑμῶν
754 4286 1048 4356 πράγματι
1069 4288 1258 4357 χρήζῃ
1281 4300 1294 4314 ³
1331 4289 1425 4341 καὶ
1446 4288 1608 4342 πάλιν
1623 4305 1636 4318 ·
1663 4287 1874 4342 Οἴδατε

298 4377 413 4445 τὴν
439 4377 637 4431 οὶκίαν
657 4377 929 4446 Στεφανᾶ
947 4395 960 4407 ·
983 4379 1084 4430 ἵνα
1111 4377 1211 4432 καί
1240 4380 1411 4446 ὑμεῖς
1441 4379 1874 4447 ὑποτάσσησθε

297 4469 423 4536 τοῖς
473 4471 795 4534 τοιούτοις·
844 4469 940 4522 καὶ
986 4467 1150 4526 πάλιν
1171 4486 1186 4501 ο
1237 4469 1692 4540 Ἑπιγινώσκετε
1733 4471 1875 4536 τοὺς

299 4561 626 4627 τοιούτους.
664 4559 770 4614 Καὶ
806 4559 915 4632 γάρ
945 4561 1039 4614 καὶ
1089 4559 1246 4615 τοῦτο
1290 4560 1418 4615 ἴδιον
1451 4562 1548 4634 τῆς
1589 4562 1874 4634 φιλοστορ-

297 4653 422 4721 γίας
460 4653 568 4706 τῶν
617 4653 810 4722 ἁγίων,
843 4653 904 4706 τὸ
950 4653 1046 4707 καὶ
1075 4653 1132 4708 ἐν
1182 4653 1390 4718 τούτοις
1437 4654 1671 4726 βοηθεῖν.
1717 4655 1874 4710 Οῦτω

299 4746 393 4798 καὶ
425 4747 454 4798 ό
499 4743 797 4810 Ἐλισσαῖος
837 4745 938 4816 τὴν
977 4745 1382 4818 ὑποδεξαμένην
1419 4747 1582 4801 αὐτὸν
1616 4751 1872 4817 γυναῖκα,

298 4838 399 4889 οὐκ
428 4837 486 4890 ἐν
515 4838 627 4900 τοῖς
655 4839 1043 4908 πνευματικοῖς
1079 4836 1238 4907 μόνον
1271 4837 1488 4907 ὠφέλει,
1515 4835 1650 4892 ἀλλὰ
1689 4839 1784 4894 καὶ
1815 4841 1873 4894 ἐν

181 4961 186 4968 -
300 4929 413 4988 τοῖς
459 4931 739 4998 σαρκικοῖς
767 4927 1097 4992 ἐσπούδαζεν
1122 4928 1445 5000 ἀμείϐεσθαι
1464 4946 1478 4961 ·
1509 4930 1590 4984 διὸ
1624 4932 1718 4986 καὶ
1759 4932 1874 4986 ἐλε-

299 5031 425 5085 γεν’
467 5018 538 5069 El
565 5017 656 5083 τίς
679 5017 816 5071 ἐστί
841 5035 937 5072 σοι
971 5021 1153 5090 λόγος
1191 5019 1339 5090 πρὸς
1373 5021 1482 5076 τὸν
1511 5021 1796 5088 βασιλέα,
1833 5023 1870 5092 ἢ

299 5113 450 5182 πρὸς
482 5113 588 5167 τὸν
623 5112 924 5184 ἅρχοντα;
950 5116 1060 5168 Kal
1095 5116 1148 5168 τί
1189 5114 1508 5187 θαυμάζεις,
1549 5119 1598 5170 εἰ
1637 5118 1735 5189 τὴν
1767 5117 1874 5170 ἀπὸ

298 5205 409 5259 τῶν
437 5205 782 5278 γραμμάτων
835 5209 1062 5277 παρεῖχε
1106 5208 1360 5262 σύστασιν
1392 5210 1421 5262 ὁ
1465 5209 1696 5276 Παῦλος,
1736 5211 1871 5264 ὅπου

300 5314 365 5366 γε
392 5299 488 5352 καὶ
516 5297 696 5354 καλῶν
726 5315 877 5361 τινας
901 5297 1036 5368 πρὸς
1067 5299 1283 5364 ἐαυτὸν,
1313 5298 1431 5352 ούδέ
1469 5297 1624 5352 τοῦτο
1658 5299 1872 5363 ἀνάξιον

301 5386 440 5444 εἶναι
475 5391 715 5462 ἐνόμισε,
743 5391 804 5446 τὸ
833 5391 926 5444 καὶ
955 5389 1084 5462 περὶ
1113 5391 1336 5460 ἐφοδίων
1364 5389 1546 5444 αὐτῶν
1569 5391 1870 5462 φροντίσαι,

303 5485 396 5536 καὶ
441 5483 774 5538 καταθέσθαι
815 5483 947 5536 αὐτὸ
985 5484 1044 5536 ἐν
1096 5483 1394 5554 ἐπιστολῇ;
1441 5483 1551 5536 Kal
1597 5483 1706 5554 γὰρ
1757 5484 1875 5534 ἐπι-

304 5571 536 5626 στέλλων
559 5573 703 5644 Τίτῳ
725 5573 859 5644 φησί
874 5589 886 5602 ·
911 5571 1116 5640 Ζηνᾶν
1141 5570 1249 5625 τὸν
1273 5570 1521 5641 νομικὸν
1547 5569 1647 5626 καὶ
1672 5571 1872 5626 Ἀπολ-

303 5663 390 5716 λὼ
441 5665 786 5732 σπουδαίως
841 5653 1199 5732 πρόπεμψον
1217 5703 1232 5732 ,
1285 5663 1386 5720 ἵνα
1431 5663 1622 5734 μηδὲν
1669 5662 1874 5730 αὐτοῖς

965 251 1021 309 S.
1062 249 1348 309 JOANNIS
1387 245 1867 304 οιιιιγεοετοκι

1969 243 2236 302 RCHIEP.
2279 236 2823 298 CONSTANTI‘NOP.

3417 245 3526 301 ιευ

1959 365 2160 433 λείπῃ.
2215 364 2277 418 El
2324 365 2380 418 δέ
2429 363 2860 436 παρατιθέμενος
2903 361 3044 415 οὕτω
3075 357 3380 425 σπουδαίως
3437 361 3528 428 ἐξα

1958 455 2197 526 ἔπεμπε,
2245 455 2425 527 πολλῷ
2469 455 2690 526 μᾶλλον,
2721 453 2774 506 εί
2799 469 2900 506 που
2946 449 3350 514 κινδυνεύοντας
3398 448 3526 516 εἶδε,

1959 545 2134 598 πάντα
2153 543 2218 598 ἂν
2245 543 2500 616 ἔπραξεν.
2523 545 2664 615 Ὅρα
2691 541 2821 612 γοῦν
2845 543 2940 596 καὶ
2969 541 3104 612 πρὸς
3137 541 3226 594 τὸν
3253 540 3526 611 Φιλήμονα

1957 635 2306 702 ἐπιστέλλων,
2339 636 2514 708 πόσην
2556 637 2786 689 ποιεῖται
2821 631 3052 704 σπουδὴν
3079 631 3168 686 διὰ
3219 631 3528 702 Ὀνήσιμον,

1959 728 2189 791 καὶπῶς
2220 728 2476 792 συνετῶς,
2504 726 2620 790 πῶς
2643 724 3013 796 κηδεμονικῶς
3041 722 3362 777 ἐπιστέλλει.
3395 721 3454 775 ὐ
3473 721 3529 774 δὲ

1959 821 2100 892 ὑπὲρ
2129 819 2248 884 ἐνὸς
2275 819 2508 885 οἰκέτου,
2542 819 2638 872 καὶ
2663 816 2838 871 ταῦτα
2871 814 3108 885 φυγάδος
3138 813 3528 885 γεγενημένου,

1958 913 2054 966 καὶ
2078 911 2407 982 ύφελομένου
2461 910 2632 964 πολλὰ
2680 907 2790 962 τῶν
2833 906 3164 961 δεσποτικῶν
3187 946 3203 968 ,
3242 905 3530 976 ὁλόκληρον

1963 1004 2035 1074 μὴ
2083 1001 2560 1074 παραιτησάμενος
2598 1000 2870 1056 συνθεῖναι
2917 997 3222 1068 ἐπιστολὴν,
3283 998 3530 1068 ἐννόησον

1964 1097 2144 1167 ἡλίκος
2173 1113 2236 1148 πε
2247 1097 2298 1167 pl
2313 1095 2438 1159 τοὺς
2465 1094 2658 1158 ἄλλους
2685 1090 2774 1161 ἦν.
2797 1093 2910 1148 Kal
2931 1090 3038 1164 γάρ
3065 1091 3123 1144 ἐν
3151 1091 3310 1161 μόνον
3339 1091 3530 1162 αἰσχύ-

1961 1206 2057 1260 νης
2096 1188 2244 1252 ἄξιον
2284 1185 2530 1258 ἐνόμιζεν
2564 1181 2724 1250 εἶναι,
2751 1185 2832 1249 τδ,
2856 1185 2974 1238 δέον
3014 1183 3264 1252 γενέσθαι
3294 1199 3350 1236 τι
3397 1182 3530 1253 πρὸς

1963 1281 2259 1352 σωτηρίαν,
2299 1279 2566 1350 παριδεῖν.
2589 1277 2689 1332 Διὰ
2711 1277 2870 1332 τοῦτο
2904 1275 3084 1330 πάντα
3109 1276 3300 1339 ἐκίνει,
3322 1275 3415 1330 καὶ
3442 1275 3530 1328 οὺ-

1961 1374 2050 1427 δὲν
2068 1371 2233 1426 ὤκνει
2255 1370 2498 1442 δαπανᾷν
2519 1370 2659 1441 ὺπέρ
2689 1369 2798 1422 τῶν
2831 1367 3172 1438 σωζομένων,
3197 1367 3258 1420 ού
3293 1367 3532 1437 ῥήματα,

1963 1465 2022 1516 οὐ
2055 1462 2330 1533 χρήματα,
2351 1461 2412 1514 ού
2441 1460 2602 1530 σῶμα
2621 1476 2636 1492 ο
2668 1460 2697 1511 δ
2729 1459 2840 1530 γάρ
2863 1457 3122 1531 μυριάκις
3149 1457 3342 1512 ἐαυτὸν
3370 1457 3534 1510 θανάο

1961 1569 2075 1616 τοις
2103 1551 2312 1614 ἐκδοὺς,
2343 1548 2523 1619 πολλῷ
2565 1549 2766 1620 μᾶλλον
2783 1548 2904 1601 οὺδέ
2938 1546 3234 1620 χρημάτων
3259 1545 3532 1616 ἐφείσατο,

1964 1641 2018 1694 εί
2040 1657 2102 1710 γε
2128 1639 2329 1710 παρῆν.
2345 1638 2454 1692 Kal
2473 1637 2526 1690 τί
2548 1637 2714 1707 λέγω,
2735 1637 2788 1690 εί
2808 1653 2872 1706 γε
2899 1637 3111 1708 παρῆν;
3133 1637 3244 1692 Kal
3261 1637 3368 1708 γὰρ
3385 1636 3534 1709 μου]

1969 1731 2044 1804 μὴ
2071 1731 2354 1802 παρόντων
2382 1729 2606 1784 δυνατὸν
2646 1729 2838 1796 δεῖξαι,
2865 1729 2947 1783 ὅτι
2979 1729 3080 1783 ούκ
3123 1729 3393 1798 ἐφείσατο.
3427 1730 3534 1784 Kal

1969 1823 2044 1896 μὴ
2073 1825 2302 1895 νομίσῃς
2331 1823 2562 1894 αἴνιγμα
2593 1819 2734 1878 εἶναι
2756 1824 2818 1877 τὸ
2855 1826 3026 1896 ῥῆμα,
3050 1823 3165 1878 ἀλλ’
3193 1823 3354 1878 αὑτοῦ
3378 1825 3536 1878 πάλιν

1966 1918 2196 1972 ἄκουσον
2223 1915 2473 1984 λέγοντος
2489 1933 2504 1946 ’
2532 1917 2616 1969 ὅτι
2637 1917 2865 1970 ’Ἥδιστα
2907 1916 3226 1988 δαπανήσω,
3261 1918 3356 1971 καὶ
3383 1919 3528 1971 ἐκδα·

1967 2005 2358 2077 πανηθήσομαι
2381 2005 2522 2078 ὑπὲρ
2547 2005 2656 2059 τῶν
2692 2006 2880 2077 ψυχῶν
2925 2007 3098 2078 ὑμῶν.
3129 2007 3240 2062 Καὶ
3271 2007 3536 2078 Ἐφεσίοις

1967 2097 2294 2170 δημηγορῶν
2315 2095 2500 2165 ἔλεγεν
2521 2113 2536 2126 ·
2561 2097 2726 2150 Αὐτοὶ
2753 2097 2928 2152 οίδατε
2953 2099 3032 2153 ὅτι
3058 2102 3180 2162 ταῖς
3201 2099 3410 2172 χρείαις
3439 2115 3537 2170 μου
3641 2169 3650 2176 _

1969 2190 2062 2242 καὶ
2087 2191 2200 2252 τοῖς
2217 2183 2336 2242 οὖσι
2363 2188 2481 2260 μετ’
2505 2187 2640 2260 ἐμοῦ
2665 2189 3012 2260 ὑπηρέτησαν
3047 2192 3104 2243 αἱ
3149 2192 3331 2262 χεῖρες
3357 2183 3538 2245 αὗται.

1969 2280 2077 2334 Kal
2119 2279 2194 2332 ὢν
2245 2279 2446 2349 μέγας,
2491 2280 2550 2331 ἐν
2581 2279 2660 2350 τῷ
2707 2279 2983 2351 κεφαλαίῳ
3031 2280 3141 2334 τῶν
3185 2281 3436 2351 ἀγαθῶν,
3471 2285 3538 2352 τῇ

1969 2369 2182 2443 ἀγάπῃ,
2227 2369 2422 2439 φλογὸς
2457 2369 2637 2440 πάσης
2660 2369 3012 2441 σφοδράτερος
3034 2365 3102 2442 ἦν
3121 2387 3134 2401 '
3171 2372 3266 2424 καὶ
3295 2370 3538 2441 καθάπερ

1973 2461 2190 2532 σίδηρος
2238 2462 2317 2524 είς
2360 2459 2470 2531 πῦρ
2505 2459 2798 2531 ἐμπεσὼν,
2838 2461 2959 2524 ὅλος
2983 2462 3190 2530 γίνεται
3230 2461 3372 2534 πῦρ,
3400 2460 3538 2514 οὕτω

1972 2555 2066 2606 καὶ
2099 2552 2259 2616 αὐτὸς
2295 2551 2371 2622 τῷ
2393 2552 2526 2622 πυρὶ
2551 2552 2651 2622 τῆς
2679 2552 2898 2623 ἀγάπης
2930 2553 3208 2623 άναφθεὶς,
3241 2553 3363 2617 ὅλος
3388 2554 3536 2623 γέγο-

1971 2663 2058 2702 νεν
2081 2648 2267 2718 ἀγάπη
2288 2665 2300 2677 ·
2331 2647 2424 2700 καὶ
2453 2647 2644 2718 ὥσπερ
2676 2647 2852 2709 κοινὸς
2891 2646 3072 2717 πατὴρ
3093 2647 3191 2717 τῆς
3219 2647 3540 2718 οἰκουμένης

1974 2736 2190 2806 ἁπάσης
2211 2735 2308 2800 ῶν,
2325 2735 2467 2790 οὕτω
2485 2737 2610 2799 τοὺς
2635 2736 3030 2807 γεγεννηκότας
3045 2737 3242 2800 αὐτοὺς
3263 2737 3541 2809 ἐμιμεῖτο·

1977 2829 2176 2900 μᾶλλον
2205 2827 2261 2881 δὲ
2300 2829 2394 2882 καὶ
2443 2829 2652 2892 πάντας
2702 2827 3096 2898 ὑπερηκόντισε
3137 2829 3411 2900 πατέρας,
3451 2833 3544 2887 καὶ

1976 2920 2304 2992 σωματικῶν
2331 2921 2424 2974 καὶ
2468 2919 2854 2990 πνευματικῶν
2892 2919 3076 2973 ἐνεκεν
3107 2919 3423 2991 φροντίδων,
3453 2918 3547 2973 καὶ

1973 3013 2252 3082 χρήματα,
2284 3011 2378 3062 καὶ
2429 3011 2650 3081 ῥήματα
2673 3047 2688 3071 ,
2719 3009 2812 3062 καὶ
2861 3008 3041 3081 σῶμα,
3081 3011 3174 3063 καὶ
3213 3009 3410 3081 ψυχὴν,
3451 3003 3549 3064 καὶ

1975 3101 2151 3154 πάντα
2179 3099 2446 3164 ἐπιδιδοὺς
2467 3099 2608 3170 ὺπέρ
2632 3099 2738 3154 τῶν
2770 3099 3164 3172 ἡγαπημένων.

2045 3193 2146 3246 Διὰ
2179 3191 2336 3246 τοῦτο
2381 3193 2474 3246 καὶ
2505 3192 2782 3264 πλήρωμα
2814 3191 2983 3262 αὐτὴν
3025 3191 3210 3246 ἐκάλει
3236 3192 3423 3263 νόμου,
3455 3197 3548 3248 καὶ

1977 3285 2270 3355 σύνδεσμον
2291 3283 2645 3354 τελειότητος,
2669 3284 2764 3337 καὶ
2795 3285 3008 3356 μητέρα
3027 3285 3146 3338 τῶν
3164 3284 3382 3354 ἀγαθῶν
3413 3285 3550 3339 πάν-

1973 3391 2099 3438 των,
2135 3375 2230 3428 καὶ
2269 3373 2444 3446 ἀρχὴν
2469 3377 2562 3428 καὶ
2583 3375 2736 3440 τέλος
2770 3376 2999 3447 ἀρετῆς·
3035 3376 3118 3430 διὸ
3141 3378 3236 3430 καὶ
3260 3375 3444 3446 ἐλεγε-
3477 3377 3546 3432 Τύ

1974 3467 2044 3521 δὲ
2067 3467 2246 3532 τέλος
2275 3467 2382 3536 τῆς
2407 3469 2766 3538 ἐπαγγελίας
2794 3466 2994 3537 ἀγάπη
3023 3469 3092 3522 ἐκ
3113 3470 3374 3538 καθαρᾶς
3410 3487 3546 3539 καρ-

1975 3556 2134 3624 δίας,
2161 3557 2257 3610 καὶ
2285 3556 2696 3623 συνειδήσεως
2709 3557 2938 3626 ἀγαθῆς
2961 3574 2976 3588 ⁶
3001 3559 3094 3612 καὶ
3119 3559 3298 3624 πάλιῆ
3325 3552 3396 3606 Τὸ
3411 3553 3522 3625 MP
3532 3599 3545 3622 '

1975 3657 2060 3708 Οὐ
2093 3655 2465 3724 μοιχεύσεις,
2523 3659 2596 3708 οὐ
2633 3656 2971 3723 φονεύσεις,
3011 3655 3108 3709 καί
3149 3657 3208 3709 ετ
3249 3673 3341 3721 τις
3376 3655 3546 3723 ἑτέρα

1972 3754 2212 3824 ἐντολὴ,
2237 3755 2307 3808 ὲν
2350 3753 2429 3820 τῷ
2455 3733 2616 3824 λόγῳ
2641 3755 2828 3822 τούτῳ
2865 3755 3405 3840 ἀνακεφαλαιοῦται
3426 3795 3442 3820 ,
3475 3757 3548 3811 ἐν

1971 3857 2076 3926 τῷ,
2107 3856 2456 3928 Ἀγαπήσεις
2473 3856 2579 3911 τὸν
2589 3859 2856 3926 πλησίον
2867 3873 2984 3913 σου
3005 3857 3084 3924 ὡς
3097 3861 3376 3914 σεαυτόν.
3394 3859 3550 3914 Ἐπεὶ

1973 3955 2064 4014 οῦν
2085 3959 2225 4034 ἀρχὴ
2264 3961 2356 4016 καὶ
2376 3961 2528 4026 τέλος
2555 3961 2648 4014 καὶ
2674 3961 2850 4015 πάντα
2873 3959 2942 4014 τὰ
2965 3959 3146 4030 ἀγαθὰ
3161 3963 3196 4032 ἡ
3217 3960 3428 4034 ἀγάπη,
3447 3964 3544 4018 καὶ

1972 4061 2146 4135 ταύτῃ
2195 4063 2286 4115 τὸν
2327 4061 2538 4116 Παῦλον
2577 4061 2941 4134 ζηλώσωμεν·
2977 4061 3072 4116 καὶ
3104 4060 3211 4135 γάρ
3259 4057 3414 4126 οὗτος
3463 4065 3550 4116 ἐν-

1973 4159 2161 4214 τεῦθεν
2214 4160 2455 4224 τοιοῦτος
2500 4159 2736 4230 ἐγένετο.
2759 4160 2850 4232 Μὴ
2881 4159 2989 4232 γάρ
3025 4178 3118 4232 μοι
3163 4162 3292 4228 τοὺς
3321 4163 3552 4233 νεκροὺς

1974 4261 2154 4333 εἴπῃς,
2177 4260 2271 4326 οὓς
2303 4261 2589 4333 ἀνέστησε,
2619 4261 2754 4332 μηδέ
2787 4264 2913 4326 τοὺς
2941 4262 3197 4334 λεπροὺς,
3223 4262 3318 4326 οὓς
3349 4263 3551 4335 ἐκάθηι

1977 4374 2070 4428 ρεν
2084 4374 2098 4387 ·
2125 4357 2278 4411 οὐδὲν
2301 4358 2504 4412 τούτων
2529 4360 2560 4411 ὁ
2579 4357 2714 4422 Θεὸς
2735 4357 3057 4430 ἐπιζητήσει
3083 4357 3236 4431 παρὰ
3257 4357 3373 4415 σοῦ.
3395 4361 3550 4433 Κτῆ-

1977 4475 2067 4512 σαι
2093 4458 2191 4529 τὴν
2222 4457 2442 4532 ἀγάπην
2467 4459 2570 4531 τὴν
2603 4459 2840 4525 Παύλου,
2871 4460 2968 4536 καὶ
3005 4459 3098 4514 τὸν
3127 4459 3388 4530 στέφανον
3407 4459 3551 4526 ἐξεις

1974 4559 2399 4630 άπηρτισμένον.
2437 4561 2534 4624 Τίς
2558 4560 2734 4615 ταῦτά
2773 4577 2978 4634 φησιν;
3013 4561 3184 4625 Αὐτὸς
3215 4563 3246 4615 δ
3279 4561 3378 4632 τῆς
3411 4561 3551 4630 ἁγά-

1975 4675 2084 4729 πης
2122 4659 2378 4730 τροφεὺς,
2407 4654 2560 4725 οὗτος
2595 4662 2626 4713 ὁ
2671 4661 2764 4714 καὶ
2796 4660 3058 4732 σημείων,
3099 4661 3196 4714 καὶ
3227 4659 3548 4732 θαυμάτων,

1975 4758 2068 4812 καὶ
2091 4757 2300 4830 μυρίων
2331 4760 2500 4830 αὐτὴν
2522 4759 2725 4832 ἐτέρων
2748 4759 2990 4832 προθείς.
3023 4755 3242 4832 Ἐπειδὴ
3274 4759 3383 4832 γὰρ
3414 4759 3550 4829 σφό-

1972 4861 2075 4932 δρα
2111 4858 2282 4932 αὑτὴν
2320 4859 2708 4933 κατωρθῶκει,
2737 4860 2829 4915 διά
2876 4857 3034 4914 τοῦτο
3077 4859 3171 4914 καὶ
3207 4859 3345 4932 μετὰ
3395 4859 3555 4930 ἀκρι-

1973 4963 2126 5027 ϐείας
2176 4963 2344 5036 αὐτῆς
2395 4959 2502 5018 οἶδε
2548 4961 2647 5036 τὴν
2686 4963 2856 5034 ἰσχύν.
2918 4961 3198 5016 Ἐντεῦθεν
3253 4961 3345 5017 καὶ
3375 4960 3554 5040 ⁸αὐτὸς

1973 5061 2212 5128 τοιοῦτος
2251 5061 2465 5131 ἐγένετο
2491 5103 2503 5124 ,
2553 5063 2648 5116 καὶ
2678 5061 2828 5118 οὐδὲν
2866 5061 3039 5126 οὕτως
3088 5061 3252 5118 αὑτὸν
3296 5059 3555 5130 ἐποίησεν

1974 5163 2142 5229 ἀξιον,
2172 5161 2246 5227 ὡς
2290 5164 2323 5234 ἡ
2372 5163 2471 5234 τῆς
2519 5163 2744 5234 ἀγάπης
2795 5164 3058 5236 δύναμις·
3109 5163 3190 5217 διδ
3235 5163 3329 5216 καὶ
3360 5161 3550 5230 ἐλεγεο

1975 5263 2237 5331 Ζηλοῦτε
2290 5263 2361 5318 τὰ
2402 5263 2738 5334 χαρίσματα
2790 5264 2864 5318 τὰ
2910 5264 3255 5332 κρείττονα·
3299 5261 3398 5316 καὶ
3463 5261 3556 5314 ἐτι

1975 5358 2101 5410 καθ’
2121 5355 2467 5425 ὑπερϐολὴν
2497 5355 2642 5412 ὁδὸν
2669 5355 2815 5425 ὑμῖν
2851 5355 3147 5425 δείκνυμι,
3195 5353 3296 5423 τὴν
3325 5351 3554 5424 ἀγάπην

1975 5453 2167 5524 λέγων,
2197 5455 2297 5524 τὴν
2345 5453 2638 5526 καλλίστην
2667 5453 2785 5510 ὁδὸν
2823 5455 2917 5509 καὶ
2957 5454 3164 5528 ῥᾳδίαν.
3203 5452 3422 5524 Ταύτην
3451 5449 3554 5504 τοί.

1975 5572 2068 5610 νυν
2109 5557 2200 5610 καὶ
2229 5557 2389 5625 ἡμεῖς
2420 5554 2724 5627 βαδίζωμεν
2755 5554 3044 5625 διηνεκῶς,
3091 5554 3178 5607 ἵνα
3211 5553 3304 5606 καὶ
3339 5549 3554 5604 Παῦλον

1979 5659 2195 5730 ἴδωμεν,
2239 5657 2437 5729 μᾶλλον
2468 5657 2526 5710 δέ
2574 5657 2665 5710 τὸν
2696 5656 2908 5712 Παύλου
2953 5656 3251 5720 Δεσπότην,
3299 5656 3392 5710 καὶ
3442 5653 3552 5708 τῶν
