4038 6204
337 263 440 321 435
1191 264 1280 320 DE
1318 262 1657 324 LAUDIBUS
1692 265 1752 324 S.
1793 267 1997 326 PAULI
2036 270 2390 332 APOSTOLI.
2432 278 2658 337 llOMlL.
2702 282 2792 338 Ill.
3500 297 3607 357 486

334 380 417 434 12.
447 375 574 447 90),
603 384 657 433 et
670 375 828 451 paulo
850 386 992 449 post,
1020 376 1121 447 Ne,
1144 396 1257 434 cum
1281 380 1459 435 iterum
1477 381 1923 450 υεηετο,1ιιιηιὶιίεε

329 487 411 525 me
447 469 585 524 Deus
612 469 754 540 apud
780 486 866 523 vos
888 510 903 537 ,
933 480 979 524 et
1017 471 1216 541 lugeam
1245 471 1432 527 multos
1458 488 1520 526 e.c
1546 471 1624 525 his
1647 513 1662 537 ,
1694 472 1780 541 qui
1804 480 1921 527 ante

329 570 691 632 peccaverunt,
724 571 771 614 et
797 577 897 614 non
922 571 1126 631 egerunt
1156 562 1495 630 paenitentiam
1520 578 1674 633 super
1703 564 1917 616 immun-

336 655 497 719 ditia,
531 662 577 707 et
608 654 974 721 fornicatione,
1012 664 1057 707 et
1096 654 1410 724 impudicitia
1435 696 1449 721 ,
1486 672 1636 725 quam
1661 664 1917 725 gesserunt

334 743 411 815 (ἓ.
437 740 557 798 Cor.
588 738 676 795 12.
698 737 814 808 21).
840 741 906 796 Et
931 742 997 798 ad
1027 742 1240 799 Galatas
1261 785 1275 808 ,
1310 742 1487 799 Filioli
1509 787 1523 813 ,
1556 744 1726 815 inquit
1750 786 1762 810 ,
1795 747 1913 815 mei,

332 850 456 904 quos
483 835 659 888 iterum
692 835 919 905 parturio
942 874 957 899 ,
989 834 1147 887 donec
1171 834 1401 889 Christus
1431 835 1675 899 formetur
1701 837 1753 890 in
1779 838 1916 891 vobis

337 923 478 992 (Gal.
506 926 561 979 4.
587 924 699 994 19).
733 925 803 978 Ει
831 925 885 979 in
905 940 1064 979 causa
1093 925 1209 994 ejus
1228 965 1241 989 ,
1273 925 1363 994 qui
1394 924 1567 980 fuerat
1596 926 1908 993 fornicatus,

330 1032 434 1069 non
463 1016 637 1071 minus
660 1032 725 1073 eo
747 1015 885 1086 ipso,
908 1016 995 1086 qui
1021 1031 1115 1086 pro
1138 1030 1355 1087 peccato
1375 1033 1472 1072 suo
1503 1019 1908 1085 lamentabatur,

324 1105 491 1172 dolet,
517 1122 720 1177 proque
744 1106 836 1162 illo
858 1108 994 1163 alios
1014 1106 1331 1176 deprecatur
1354 1109 1537 1165 dicens
1564 1128 1575 1163 :
1607 1109 1913 1181 Conﬁrmate

322 1199 376 1251 in
402 1199 549 1251 illum
568 1198 827 1250 caritatem
853 1197 870 1264 (
894 1197 948 1250 2.
976 1196 1094 1252 Cor.
1127 1197 1180 1251 2.
1212 1198 1245 1253 8
1266 1201 1305 1268 ).
1338 1199 1442 1253 Sed
1474 1202 1632 1255 etiam
1653 1241 1669 1266 ,
1698 1204 1910 1271 quando

324 1289 474 1345 illum
498 1288 570 1343 ab
595 1287 853 1343 Ecclesiae
878 1302 1102 1357 corpore
1132 1290 1433 1358 separabat,
1463 1306 1584 1344 cum
1607 1293 1785 1347 tmtltis
1809 1293 1909 1350 hoc

321 1381 582 1452 lacrymis
602 1381 909 1451 gemituque
937 1379 1184 1436 faciebat.
1216 1381 1300 1435 Ex
1318 1383 1497 1451 multa,
1528 1384 1720 1457 inquit,
1744 1386 1906 1441 tribu-

319 1473 513 1528 latione
544 1481 593 1526 et
621 1472 855 1543 angustia
893 1472 1060 1527 cordis
1102 1474 1283 1542 scripsi
1319 1474 1453 1528 vobis
1483 1492 1572 1544 per
1599 1478 1785 1532 nmltas
1823 1479 1904 1532 la-

319 1580 521 1633 crgmas
543 1603 559 1629 ,
602 1579 701 1617 non
743 1571 797 1616 ut
834 1563 1197 1618 contristemiui
1220 1606 1237 1630 ,
1278 1565 1368 1618 sed
1395 1574 1448 1618 ut
1475 1566 1644 1621 sciatis
1668 1570 1904 1638 quoniam

320 1656 579 1708 caritatem
594 1654 800 1709 habeam
817 1654 1153 1709 abundantius
1168 1656 1220 1709 in
1235 1672 1317 1710 vos
1333 1654 1438 1725 (Ib.
1458 1672 1505 1711 υ.
1523 1658 1599 1729 4).
1616 1658 1681 1713 Et
1694 1675 1901 1715 rursus:

326 1746 517 1803 Factus
535 1765 645 1802 sum
664 1746 860 1803 Juda’is
887 1758 1141 1820 tamquam
1160 1748 1372 1803 Iudaeus
1397 1790 1412 1814 ,
1454 1751 1550 1816 his,
1581 1752 1665 1821 qui
1684 1752 1775 1806 sub
1796 1753 1903 1825 lege

317 1850 482 1904 erant,
519 1841 659 1910 quasi
689 1839 779 1893 sub
818 1839 927 1910 lege
951 1855 1151 1904 essem;
1190 1840 1354 1909 factus
1394 1858 1509 1895 sum
1548 1843 1782 1910 inﬁrmus
1816 1846 1896 1898 in-

318 1934 480 2003 ﬁrmis
500 1974 515 1999 ,
548 1932 781 1987 omnibus
808 1932 978 1985 omnia
1004 1931 1168 2001 factus
1193 1949 1326 1998 sum,
1357 1943 1411 1987 ut
1434 1950 1603 1988 omnes
1632 1938 1796 1991 sulcos
1820 1942 1903 2007 fa-

313 2040 477 2078 cerem
503 2024 579 2093 (1.
605 2022 722 2077 Cor.
747 2024 801 2079 9.
823 2014 1033 2093 20-22).
1076 2023 1140 2077 Et
1158 2022 1279 2077 alibi
1306 2039 1490 2079 rursus
1513 2043 1524 2076 :
1554 2024 1618 2081 Ut
1639 2028 1900 2081 exhibeam

316 2132 515 2170 omnem
540 2116 792 2170 hominem
819 2114 1097 2186 perfectum
1122 2115 1175 2169 in
1199 2112 1395 2170 Christo
1421 2114 1544 2169 Jesu
1561 2116 1695 2186 (Col.
1714 2119 1762 2171 l.
1780 2118 1894 2187 ⁶28).

322 2207 564 2262 Vidistin’
584 2208 815 2261 animam
842 2206 1019 2261 omnia
1042 2214 1252 2260 terrena
1276 2208 1652 2275 superantem?
1672 2207 1898 2263 Omnem

309 2302 453 2355 enim
492 2314 711 2370 prorsus
758 2299 1028 2354 hominem
1066 2299 1179 2354 Deo
1212 2298 1465 2354 exhibere
1506 2300 1795 2369 cupiebat,
1842 2311 1896 2356 et

308 2408 518 2460 omnes,
553 2399 805 2462 quantum
839 2391 891 2444 in
922 2391 1038 2459 ipso
1067 2398 1231 2459 esset,
1260 2390 1517 2446 exhibuit.
1563 2391 1722 2457 Quasi
1752 2393 1893 2448 enim

310 2486 612 2541 universum
642 2484 895 2539 mundum
924 2484 1194 2554 genuisset
1213 2526 1228 2548 .
1256 2483 1335 2539 sic
1362 2482 1787 2554 perturbabatur,
1816 2484 1893 2540 sic

306 2576 574 2639 currebat,
596 2575 675 2631 sic
690 2589 877 2630 omnes
897 2575 949 2629 in
977 2589 1200 2645 regnum
1223 2574 1317 2629 Dei
1336 2573 1621 2629 festinabat
1640 2574 1893 2630 inducere

306 2666 658 2721 ministerium
702 2673 963 2735 praestans
984 2705 999 2730 ,
1044 2678 1269 2719 monens
1296 2706 1311 2731 ,
1355 2665 1609 2734 pollicens
1634 2705 1648 2729 ,
1689 2680 1847 2721 orans
1870 2707 1886 2732 ,

304 2758 630 2828 supplicans,
664 2756 936 2811 daemones
966 2755 1283 2823 terriﬁcans,
1316 2765 1659 2825 corruptores
1682 2756 1887 2809 anima-

302 2864 418 2902 rum
452 2848 675 2918 fugane,
726 2863 821 2917 per
859 2847 1343 2914 commorationes,
1387 2860 1479 2915 per
1500 2847 1742 2913 litteras,
1788 2860 1884 2915 per

301 2954 613 3003 sermones;
648 2955 739 3007 per
762 2953 847 2993 res
876 2947 1073 3009 gestas,
1107 2953 1204 3009 per
1228 2937 1538 3008 discipulos,
1574 2952 1667 3007 per
1690 2948 1887 2993 semet~

302 3031 472 3099 ipsum
499 3029 793 3084 conabatur
813 3032 1019 3099 erigere
1042 3030 1302 3095 labantes,
1323 3037 1525 3084 stantes
1550 3044 1676 3084 vero
1703 3028 1883 3083 ﬁrma-

302 3140 377 3188 re,
410 3124 557 3177 humi
584 3122 824 3192 jacentcs
848 3123 1112 3189 attollere,
1137 3138 1328 3177 sanare
1357 3122 1635 3187 contritus,
1658 3131 1878 3192 torpen-

300 3225 378 3271 tes
425 3215 550 3269 oleo
600 3216 991 3270 exhortationis
1038 3215 1298 3281 animare,
1355 3215 1584 3293 inimicis
1626 3216 1879 3271 insonare

302 3306 625 3370 terribiliter,
647 3306 829 3361 hostes
847 3306 1124 3363 minaciter
1143 3290 1553 3381 inliteri,’instar
1572 3308 1759 3379 optimi
1783 3324 1879 3364 cu-

294 3400 502 3471 jusdam
528 3401 682 3456 ducis
706 3416 769 3456 ac
796 3400 986 3456 medici
1016 3400 1144 3456 artis
1161 3416 1271 3455 sua:
1296 3402 1638 3455 instrumenta
1662 3412 1877 3471 gestan-

297 3496 384 3559 tis,
423 3500 695 3563 protector
722 3492 835 3560 ipse
865 3491 1169 3546 bellantium
1197 3533 1212 3557 ,
1246 3490 1359 3559 ipse
1401 3490 1615 3545 sedulus
1644 3500 1875 3561 aegroto-

290 3601 404 3640 rum
433 3585 699 3648 minister,
742 3595 796 3639 et
832 3598 966 3638 unus
1009 3583 1243 3637 omnium
1287 3581 1583 3636 officiorum
1616 3596 1873 3650 personas

289 3676 527 3747 gerebat,
558 3672 856 3730 exercitum
888 3674 1084 3743 ultique
1128 3666 1598 3743 custodiens.Nec
1622 3673 1673 3725 in
1708 3672 1872 3741 spiri-

289 3768 521 3823 tualihus
545 3768 741 3828 solum,
796 3766 888 3821 sed
938 3766 989 3820 in
1038 3762 1339 3847 carnalibus
1389 3779 1601 3833 quoque
1644 3764 1867 3833 plurima

298 3858 539 3929 provida
550 3872 676 3929 erga
688 3871 881 3913 omnes
892 3870 1039 3911 curre
1054 3863 1110 3911 et
1127 3855 1291 3911 studii
1310 3854 1626 3910 documenta
1656 3866 1868 3925 prasta-

286 3947 393 4001 bat.
424 3945 566 4000 Audi
599 3946 775 4015 itaque
815 3942 1262 4016 quemadmodum
1305 3959 1401 4014 pro
1428 3960 1527 3999 una
1557 3946 1715 3999 etiam
1747 3962 1867 4000 mu-

283 4039 415 4094 liere
444 4038 511 4093 ad
545 4039 849 4093 universum
894 4038 1091 4092 scribat
1134 4036 1383 4107 populum
1404 4078 1420 4103 ,
1460 4037 1645 4093 dicens
1677 4030 1864 4093 :Com-

282 4130 468 4183 mendo
490 4138 660 4184 autem
680 4128 817 4183 vobis
850 4128 1070 4182 Phoeben
1099 4143 1322 4181 sororem
1364 4136 1585 4183 nostram
1601 4170 1615 4192 ,
1653 4145 1766 4199 qum
1793 4140 1865 4184 est

282 4225 334 4275 in
362 4222 639 4276 ministerio
665 4221 923 4286 Ecclesia,
946 4236 1058 4290 qua:
1077 4230 1149 4274 est
1167 4218 1452 4285 Cenchreis,
1478 4230 1532 4274 ut
1558 4237 1668 4275 eam
1706 4224 1867 4276 susci-

282 4314 436 4383 piatis
456 4315 508 4366 in
541 4312 759 4365 Domino
784 4312 935 4382 digne
962 4311 1170 4377 sanctis,
1216 4321 1262 4364 et
1286 4312 1532 4365 assistatis
1555 4311 1621 4377 ei,
1650 4312 1704 4365 in
1733 4329 1862 4382 quo-

280 4422 492 4477 cumque
532 4406 732 4473 negotio
784 4404 933 4459 uestri
977 4404 1248 4475 indiguerit
1296 4403 1472 4473 (Rom.
1529 4405 1616 4459 16.
1670 4405 1745 4475 1).
1800 4405 1869 4460 Et

281 4498 474 4552 iterum
502 4515 515 4549 :
551 4495 748 4560 Nostis,
778 4496 873 4561 ait,
918 4496 1125 4550 domum
1154 4494 1447 4565 Stephants,
1473 4505 1526 4549 ut
1553 4506 1601 4550 et
1629 4512 1715 4550 vos
1743 4495 1865 4550 sub-

277 4590 371 4641 diti
397 4589 513 4641 sitis
536 4587 785 4652 ciusmodi
810 4587 886 4657 (ι.
916 4584 1033 4641 Cor.
1064 4585 1151 4641 16.
1183 4588 1249 4642 15
1293 4597 1340 4641 et
1368 4587 1480 4656 16).
1529 4588 1594 4642 Et
1629 4603 1813 4643 rursus
1846 4606 1860 4642 :

277 4678 582 4751 Cognoscite
608 4680 694 4747 qui
718 4679 1010 4748 huiusmodi
1028 4688 1146 4733 sunt
1190 4679 1209 4748 (
1240 4677 1323 4732 Ib.
1345 4694 1392 4732 υ.
1423 4678 1490 4733 18
1522 4678 1562 4749 ).
1605 4678 1697 4734 Est
1721 4680 1863 4734 enim

276 4770 379 4826 hoc
404 4784 624 4841 quoque
644 4772 914 4839 proprium
943 4779 997 4824 et
1023 4768 1284 4824 familiare
1323 4770 1377 4824 in
1413 4769 1696 4825 dilectione
1736 4786 1865 4825 san-

273 4872 519 4927 ctorum,
572 4861 710 4915 utin
741 4860 828 4916 bis
873 4875 1086 4931 quoque
1133 4869 1466 4915 succurrant.
1500 4861 1589 4916 Sic
1630 4860 1771 4915 enim
1812 4870 1867 4915 et

274 4952 506 5007 Elimus
528 4950 811 5006 mulierem
842 4951 1007 5015 illam,
1034 4951 1414 5021 susceplricem
1445 4966 1595 5006 suam
1626 4965 1729 5005 non
1756 4951 1866 5020 spi-

273 5042 560 5097 ritualibus
607 5042 815 5107 solunr,
866 5043 963 5098 sed
1019 5043 1177 5097 etiam
1224 5043 1525 5098 carnalibus
1584 5042 1859 5098 beneficiis

276 5140 588 5187 remanent
624 5132 699 5202 (4.
723 5130 851 5204 Reg.
886 5132 941 5187 4.
975 5131 1063 5187 12.
1107 5131 1258 5203 sqq);
1290 5140 1506 5202 propter
1545 5131 1707 5203 quod,
1739 5147 1860 5188 cum

275 5223 439 5278 multa
463 5222 825 5279 sollicitudine
848 5238 1079 5293 curaque
1106 5222 1315 5279 dicebat
1343 5241 1356 5278 ε
1390 5221 1548 5278 Estne
1590 5224 1677 5278 tibi
1702 5241 1866 5279 sermo

272 5314 343 5365 ad
370 5330 542 5386 regem
583 5314 662 5369 uel
705 5314 774 5368 ad
804 5314 1082 5385 principem
1111 5313 1293 5387 (Ibid.
1338 5330 1388 5367 υ.
1433 5315 1582 5385 i5)?
1626 5316 1692 5370 Et
1734 5315 1862 5387 quid

276 5405 494 5469 mirum,
524 5406 570 5461 si
598 5405 1090 5461 commendationes
1118 5420 1214 5475 per
1242 5405 1422 5461 literas
1451 5407 1696 5475 praestitit
1720 5407 1860 5461 Pau-

276 5497 380 5560 lus,
408 5496 499 5567 qui
517 5496 587 5552 ad
613 5512 671 5551 se
694 5497 900 5567 aliquos
931 5512 1207 5564 revocans,
1233 5512 1331 5552 nec
1349 5496 1417 5553 de
1441 5498 1630 5553 viatico
1651 5498 1862 5555 illorum

274 5603 460 5641 curam
485 5602 675 5658 gerere
697 5588 1012 5659 dedignatus
1035 5598 1135 5654 est,
1169 5588 1323 5660 idque
1346 5589 1517 5657 ipsum
1546 5590 1599 5645 in
1632 5591 1854 5660 epistola

265 5694 367 5734 sua
398 5682 674 5739 scribere?
728 5682 1003 5760 Siquidem
1056 5683 1292 5742 scribens
1340 5683 1460 5741 Tito
1488 5682 1561 5739 ait
1593 5701 1606 5739 :
1640 5682 1853 5757 Zenam,

2029 384 2153 454 legis
2175 390 2409 455 peritum,
2438 403 2483 446 et
2508 393 2834 463 Apollonium
2863 399 3073 453 sollicite
3103 405 3363 471 prtentittc,
3398 419 3450 461 ut
3477 412 3606 469 nihil

2024 475 2127 529 illis
2147 478 2272 533 desit
2301 481 2318 551 (
2345 480 2444 535 Tit.
2470 486 2521 539 5.
2551 487 2615 539 15
2639 488 2677 556 ).
2707 487 2805 554 Qui
2834 492 3215 547 commendans
3262 496 3466 566 aliquos
3494 511 3599 556 tam

2022 566 2261 624 studiose
2284 572 2493 641 scripsit
2518 584 2677 645 atque
2706 578 2957 646 sollicite,
3006 582 3173 637 multo
3220 587 3389 655 magis
3431 590 3600 646 sicubi

2021 656 2241 713 vidisset
2268 663 2643 733 perit-litantes,
2666 680 2851 723 cuncta
2877 670 3109 729 fecisset.
3139 675 3219 729 Ad
3237 676 3599 734 Philemonem

2020 761 2231 838 quoque
2260 763 2474 820 pmpter
2508 753 2815 812 Onesimum
2864 761 3124 829 scribens,
3177 765 3296 822 vide
3341 782 3595 838 quantum

2019 837 2277 907 impendit
2302 844 2554 913 studium,
2582 862 2741 918 quam
2768 851 2971 908 intente
2992 870 3055 912 ac
3082 857 3313 914 sollicite
3338 837 3595 931 deprece-

2019 937 2119 984 tur.
2151 932 2251 998 Qui
2278 945 2451 991 autem
2484 954 2580 1008 pro
2621 958 2726 997 uno
2805 948 3024 1001 servulo
3050 986 3065 1011 ,
3156 964 3332 1021 eoque
3404 954 3594 1027 fugiti-

2018 1040 2083 1079 vo
2104 1068 2118 1092 ,
2171 1035 2226 1079 et
2261 1026 2348 1094 qui
2377 1042 2441 1081 ex
2473 1029 2631 1085 rebus
2657 1032 2856 1088 domini
2888 1037 3047 1091 multa
3072 1040 3425 1108 subtraxerat,
3459 1026 3568 1100 inte

2012 1123 2183 1179 gram,
2213 1116 2460 1187 omnique
2486 1119 2675 1175 affectu
2706 1124 2913 1191 plenam
2936 1129 3212 1196 epistolam
3235 1133 3350 1187 sine
3374 1146 3561 1190 cuncta
3579 1168 3595 1177 -

2017 1203 2158 1294 tione
2182 1211 2501 1276 composuit,
2527 1213 2698 1281 qualis
2726 1216 2867 1271 circa
2908 1218 3042 1273 alios
3086 1220 3260 1287 fuerit,
3298 1227 3586 1294 perpende.

2012 1293 2187 1350 Unum
2211 1300 2351 1354 enim
2397 1301 2496 1357 hoc
2540 1305 2626 1359 ille
2657 1306 2857 1375 pudore
2897 1308 3115 1380 dignum
3138 1316 3358 1382 putavit,
3396 1293 3591 1388 aliquid

2010 1390 2212 1446 scilicet
2240 1408 2338 1463 pro
2383 1396 2669 1466 cujuslibet
2704 1401 2873 1455 salute
2916 1404 3202 1475 negligere.
3236 1406 3459 1477 Propter
3490 1410 3590 1465 hoc

2008 1480 2198 1551 agebat
2226 1486 2425 1553 omnia,
2460 1497 2513 1543 et
2561 1493 2977 1557 commovebat;
3026 1510 3123 1550 nec
3172 1498 3391 1554 omnino
3436 1502 3590 1570 quid-

2007 1586 2165 1641 quam
2194 1589 2290 1643 pro
2319 1576 2423 1644 his,
2454 1581 2543 1648 qui
2573 1580 2822 1636 servandi
2868 1594 3041 1650 erant,
3088 1588 3438 1643 cunctabatur
3484 1593 3588 1644 im-

2008 1664 2260 1733 pendere,
2291 1682 2394 1724 non
2422 1672 2601 1737 verba,
2632 1689 2737 1728 non
2763 1678 3036 1743 pecunias,
3062 1695 3168 1734 non
3198 1681 3429 1751 denique
3468 1699 3586 1737 coro

2006 1770 2107 1826 pus
2151 1759 2342 1828 ipsum.
2390 1762 2491 1830 Qui
2521 1765 2665 1819 enim
2695 1766 2886 1823 millies
2929 1770 3166 1840 seipsum
3215 1773 3503 1829 tradiderat
3530 1777 3589 1830 in

2006 1860 2258 1921 mortem,
2282 1856 2450 1911 multo
2470 1858 2636 1927 magis
2661 1859 2708 1914 si
2750 1858 3043 1926 habuisset,
3088 1880 3186 1919 nec
3227 1867 3463 1934 pecuniis
3495 1883 3584 1937 pe-

2006 1944 2281 2010 percisset.
2314 1945 2383 2000 Et
2424 1948 2549 2016 quid
2578 1948 2732 2015 dico,
2779 1950 2823 2005 si
2852 1950 3124 2009 habuisset
3146 1995 3159 2019 ,
3208 1970 3327 2010 cum
3360 1958 3584 2026 probare

2007 2035 2225 2101 possim,
2274 2052 2379 2091 non
2430 2040 2732 2108 pepercisse
2779 2056 2901 2097 eum
2950 2044 3210 2112 pecuniis,
3241 2045 3401 2100 etiam
3452 2047 3585 2103 nihil

2006 2123 2334 2181 habentem?
2364 2128 2428 2184 Et
2477 2145 2544 2183 ne
2589 2132 2895 2201 ambiguum
2924 2144 3077 2203 putes
3104 2151 3245 2203 esse,
3269 2138 3408 2206 quod
3451 2138 3585 2194 dici-

2004 2230 2144 2283 mus,
2171 2217 2293 2272 andi
2311 2222 2480 2288 ipsum
2506 2236 2691 2276 rursus
2711 2222 3015 2293 loquentem
3041 2243 3055 2280 :
3083 2225 3357 2294 Quoniam,
3388 2229 3577 2299 inquit,

2001 2308 2229 2375 libenter,
2256 2312 2567 2383 impendam,
2596 2324 2641 2368 et
2671 2317 3090 2385 superimpendur
3130 2319 3237 2389 ipse
3256 2336 3347 2390 pro
3377 2322 3578 2375 anima-

2000 2401 2089 2454 bus
2117 2402 2292 2456 vestris
2321 2402 2341 2475 (
2370 2404 2423 2457 2.
2452 2403 2571 2459 Cor.
2601 2404 2689 2461 l2.
2718 2407 2785 2462 15
2811 2407 2830 2478 )
2865 2424 2879 2459 :
2906 2418 2960 2463 et
2984 2408 3248 2478 Ephesios
3275 2412 3575 2483 alloquens.

1998 2494 2072 2547 ait
2101 2512 2113 2547 :
2145 2493 2257 2564 Ipsi
2274 2497 2432 2563 scitis,
2455 2498 2694 2567 quoniam
2724 2500 3099 2555 necessitatibus
3123 2504 3267 2569 meis,
3291 2512 3337 2559 et
3377 2504 3456 2560 his
3493 2507 3579 2576 qui

1995 2602 2188 2640 mecum
2217 2598 2376 2652 erant,
2403 2590 2812 2646 ministraverunt
2833 2609 3012 2647 manus
3031 2594 3142 2649 ista:
3168 2595 3304 2664 (Act.
3336 2596 3425 2652 20.
3462 2600 3574 2665 51).

1998 2677 2200 2734 Etcum
2224 2681 2399 2738 celsus
2428 2682 2479 2736 in
2510 2684 2746 2739 omnium
2781 2685 3032 2739 virtutum
3074 2701 3198 2741 arce
3223 2729 3237 2754 ,
3272 2704 3463 2758 nempe
3488 2706 3576 2745 ca-

1993 2769 2149 2825 ritate
2196 2774 2529 2838 consisteret,
2586 2776 2731 2829 omni
2782 2775 2991 2831 flamma
3021 2787 3136 2833 erat
3171 2779 3464 2836 ardentior.
3507 2782 3577 2839 Ut

1990 2861 2132 2916 enim
2158 2864 2375 2919 missum
2418 2867 2471 2920 in
2498 2867 2674 2936 ignem
2703 2866 2925 2933 ferrum,
2973 2877 3142 2924 totum
3170 2869 3409 2940 profecto
3436 2872 3576 2943 ignis

1989 2952 2217 3008 efficitur
2258 2973 2271 3009 :
2303 2956 2383 3011 sic
2406 2957 2600 3014 Paulus
2624 2958 2845 3014 caritate
2875 2974 3185 3027 succensus,
3231 2970 3373 3019 totus
3400 2964 3571 3021 factus

1988 3057 2069 3101 est
2094 3048 2305 3114 caritas,
2334 3052 2422 3120 qui
2453 3051 2603 3120 quasi
2644 3053 2944 3109 communis
2990 3054 3152 3108 totius
3194 3055 3376 3110 mundi
3417 3065 3561 3113 esset

1987 3148 2156 3206 pater,
2206 3140 2277 3194 ita
2305 3142 2357 3196 in
2382 3156 2565 3197 amore
2592 3144 2829 3198 omnium
2861 3145 3007 3214 ipsos
3048 3159 3233 3200 eorum
3263 3146 3569 3204 imitabatur

1985 3238 2234 3295 parentes
2268 3245 2282 3282 :
2314 3230 2421 3285 imo
2450 3242 2690 3298 cunctos,
2722 3247 2826 3288 non
2877 3232 3080 3288 carnali
3160 3238 3555 3304 tantummodo,

1983 3330 2169 3371 verum
2197 3317 2359 3373 etiam
2388 3321 2651 3390 spirituali
2734 3330 2911 3391 patres
2950 3322 3310 3380 sollicitudine
3355 3342 3418 3382 ac
3444 3328 3564 3397 pie-

1981 3414 2088 3461 tate
2111 3409 2412 3477 superabat,
2453 3420 2508 3465 et
2554 3410 2806 3480 pecunias
2826 3452 2843 3475 ,
2884 3419 2937 3467 et
2966 3411 3147 3478 verba,
3180 3421 3237 3470 et
3262 3430 3477 3486 corpus,
3508 3428 3568 3474 et

1979 3495 2209 3550 animam
2249 3513 2344 3565 pro
2372 3500 2455 3567 iis,
2482 3515 2615 3569 quos
2643 3500 2913 3570 diligebat,
2940 3498 3274 3570 impendens.

2056 3579 2285 3647 Propter
2318 3581 2421 3633 hoc
2457 3580 2644 3648 itaque
2669 3581 2953 3634 caritatem
2990 3584 3151 3636 etiam
3178 3585 3569 3653 plenitudinem

1984 3669 2117 3740 legis
2143 3671 2393 3736 vocabat,
2428 3681 2481 3727 et
2521 3672 2795 3727 vinculum
2826 3672 3203 3742 perfectionis,
3238 3686 3291 3730 et
3323 3678 3568 3735 omnium

1983 3770 2210 3816 matrem
2254 3762 2543 3827 bonorum,
2574 3772 2628 3817 et
2678 3762 2892 3816 initium
2941 3763 3215 3833 ﬁnemque
3255 3766 3516 3822 virtutum
3553 3789 3566 3824 :

1980 3865 2372 3927 proptereaque
2423 3856 2638 3911 dicebat
2684 3874 2699 3911 :
2754 3856 2907 3911 Finis
2953 3866 3129 3911 autem
3187 3860 3433 3928 prmeepti
3492 3871 3570 3914 est

1976 3947 2176 3999 caritas
2220 3946 2285 3999 de
2325 3945 2481 4001 corde
2512 3960 2666 4015 puro,
2688 3953 2738 3999 et
2776 3946 3094 3999 conscientia
3146 3946 3279 4000 bona
3324 3946 3397 4012 (l.
3428 3947 3566 4002 Tim.

1978 4040 2029 4095 1.
2058 4039 2133 4106 5).
2173 4038 2241 4093 Et
2278 4054 2471 4094 rursus
2503 4057 2518 4093 :
2554 4035 2675 4091 Non
2713 4038 3063 4103 adulterabis,
3098 4054 3198 4092 non
3240 4040 3460 4106 occides,
3492 4053 3565 4110 et,

1974 4132 2021 4186 si
2048 4131 2186 4201 quod
2218 4128 2365 4184 aliud
2406 4140 2481 4183 est
2526 4128 2871 4193 mandatum,
2909 4128 2967 4181 in
3006 4129 3102 4181 hoc
3134 4129 3285 4184 verba
3329 4147 3566 4201 compre-

1974 4220 2216 4275 henditur
2257 4235 2277 4274 :
2341 4219 2545 4290 Diliges
2595 4220 2896 4290 proximum
2953 4228 3103 4275 tuum
3150 4221 3287 4275 sicut
3340 4225 3561 4294 teipsum

1974 4312 2151 4384 (Rom.
2182 4313 2269 4369 15.
2302 4312 2379 4381 9.)
2410 4309 2550 4378 Quia
2577 4311 2743 4383 igitur
2768 4320 2823 4367 et
2842 4312 3058 4368 initium
3102 4323 3155 4368 et
3193 4312 3346 4378 linis,
3382 4325 3437 4370 et
3466 4316 3563 4372 bo-

1973 4419 2168 4459 norum
2214 4403 2459 4459 omnium
2514 4403 2833 4472 complexus
2873 4404 3092 4460 dilectio
3130 4416 3247 4472 est,
3295 4407 3450 4481 etin
3497 4423 3561 4463 ea

1973 4497 2293 4553 Studeamus
2326 4496 2553 4551 Paulum
2604 4496 2845 4562 imitari,
2886 4497 3088 4552 etenim
3129 4497 3219 4552 hic
3262 4498 3408 4555 illius
3458 4515 3561 4572 ope

1972 4590 2094 4647 talis
2120 4589 2344 4647 effectus
2372 4598 2474 4646 est.
2502 4587 2620 4645 Non
2650 4589 2794 4645 enim
2825 4605 3099 4661 proponas
3128 4592 3258 4647 mihi
3288 4605 3556 4661 mortuos,

1970 4698 2110 4754 quos
2152 4682 2473 4747 suscitavit,
2524 4696 2702 4752 neque
2742 4682 3007 4753 leprosos,
3056 4698 3194 4751 quos
3237 4684 3556 4754 mandavit;

1971 4774 2104 4829 nihil
2138 4775 2333 4830 borum
2366 4773 2609 4844 requiret
2639 4789 2671 4829 a
2720 4782 2775 4829 te
2805 4772 2966 4831 Deus.
3009 4775 3243 4845 Acquire
3276 4778 3556 4833 caritatem

1969 4862 2155 4925 Pauli,
2189 4854 2258 4917 ‘et
2300 4862 2591 4931 perfectam
2644 4863 2873 4919 habebis
2915 4879 3200 4920 coronam.
3247 4866 3381 4934 Quis
3443 4870 3559 4926 haec

1969 4953 2141 5010 dixit?
2172 4952 2287 5025 Ipse
2311 4954 2546 5009 nutritor
2572 4955 2836 5018 caritatis,
2872 4956 2961 5011 ille
2992 4956 3087 5026 qui
3112 4972 3229 5011 eam
3274 4968 3329 5013 et
3361 4960 3555 5030 signis,

1968 5056 2024 5101 et
2050 5046 2350 5111 miraculis,
2396 5058 2451 5101 et
2495 5047 2642 5102 mille
2687 5049 2807 5102 aliis
2854 5046 3011 5103 bonis
3058 5051 3370 5119 praeposuit.
3418 5053 3554 5119 Quia

1967 5138 2112 5193 enim
2164 5137 2281 5208 ipse
2320 5153 2511 5193 omnes
2542 5139 2705 5206 hujus
2746 5138 2908 5195 ofﬁcii
2956 5153 3137 5211 partes
3176 5154 3286 5197 tam
3338 5154 3559 5199 strenue

1970 5230 2305 5300 impleverat,
2359 5229 2563 5284 idcirco
2606 5230 2778 5299 ipsius
2809 5232 2914 5285 vim
2969 5233 3239 5302 exquisite
3281 5233 3554 5303 intelligit.

1968 5322 2106 5380 Hinc
2152 5324 2242 5379 ille
2286 5323 2408 5378 talis
2454 5323 2704 5385 exsistit.
2756 5325 3000 5395 nihilque
3049 5343 3175 5382 eum
3218 5327 3289 5380 ita
3333 5326 3555 5393 dignum

1969 5415 2110 5480 Deo,
2146 5426 2205 5472 ut
2239 5416 2412 5472 virtus
2448 5417 2698 5487 praestitit
2733 5418 2978 5473 caritatis
3012 5436 3025 5472 :
3060 5428 3113 5473 et
3147 5418 3265 5473 ideo
3309 5418 3556 5481 dicebat,

1969 5508 2199 5574 Quazritc
2232 5509 2367 5563 dona
2398 5510 2771 5577 prmstantiora
2800 5526 2819 5565 :
2849 5520 2899 5565 et
2933 5509 3105 5563 adhuc
3137 5506 3554 5563 excellentiorem

1971 5597 2103 5649 trium
2146 5598 2285 5650 vobis
2326 5598 2626 5652 demonstro
2657 5598 2732 5670 (Ι.
2764 5598 2885 5653 Cor.
2922 5599 3006 5652 ιε.
3039 5599 3131 5669 5);
3168 5599 3552 5655 caritatemdi-

1967 5701 2132 5755 cens,
2172 5688 2317 5744 illam
2362 5690 2786 5760 pulcherrimam
2820 5699 2875 5747 et
2914 5689 3227 5748 facillimam
3279 5694 3441 5749 viam.
3494 5690 3551 5749 ln

3814 164 3887 389 ᾖ,

3816 396 3819 453 l
3836 426 3849 433 η
