4038 6204
424 262 525 318 487

425 382 515 437 illa
542 379 706 450 igitur
749 385 804 433 et
846 392 947 434 nos
984 377 1185 449 jugiter
1228 378 1607 442 ambulemus,
1656 388 1717 433 ut
1766 387 1819 434 et
1864 378 2010 434 Pau-

426 476 563 541 lum,
600 476 710 527 imo
740 480 795 526 et
832 470 1123 527 Dominum
1171 469 1325 525 Pauli
1358 472 1543 526 videre
1586 487 1917 535 mereamur,
1958 482 2013 529 et

426 563 865 634 incorruptibiles
897 576 1300 632 consequamur
1327 575 1584 627 coronas,
1617 563 1790 633 gratia
1822 573 1875 620 et
1905 566 2009 649 mi-

1145 256 1202 313 S.
1241 256 1530 315 JOANNIS
1566 256 2061 315 CHRYSOSTOMI
2102 257 2423 316 ARCHIEP.
2469 258 3015 316 CONSTANTINOP.

3604 268 3710 323 488

2118 379 2417 434 sericordia
2445 379 2655 433 Domini
2682 379 2854 434 nostri
2885 377 3015 435 Jesu
3046 376 3275 444 Christi,
3306 380 3397 435 cui
3426 388 3511 436 est
3536 382 3709 454 gloria

2118 479 2173 526 et
2204 470 2529 541 imperium,
2568 485 2716 527 nunc
2752 479 2807 526 et
2847 486 3085 541 semper,
3114 472 3250 527 etin
3287 473 3486 528 saecula
3532 491 3707 531 saecu»

2121 563 2321 618 lorum.
2354 564 2550 618 Amen.

458 715 3686 743 “mm

1208 820 1316 881 DE
1381 820 1774 883 LAUDIBUS
1830 821 2117 884 SANCTI
2176 821 2416 884 PAULI
2483 822 2912 886 APOSTOLI.

1038 1123 1251 1163 HOMILIA
1278 1121 1352 1161 IV.

503 1201 711 1256 C(vcitas
740 1198 895 1253 Pauli
926 1215 1015 1253 nas
1040 1198 1312 1251 illuminat.
1349 1196 1554 1252 Vocatio
1577 1196 1727 1251 Pauli
1754 1197 2014 1270 qualis.—

434 1293 626 1345 llcatus
656 1291 850 1345 Paulus
876 1291 963 1360 qui
994 1303 1092 1344 nos
1122 1288 1279 1343 hodie
1300 1290 1659 1360 congregavit,
1690 1290 1884 1359 quique
1908 1298 2014 1344 ter-

432 1399 607 1437 rarum
632 1384 791 1437 ctiam
821 1382 1133 1436 illuminavit
1156 1381 1363 1443 orbem,
1396 1380 1690 1434 vocationis
1718 1396 1828 1434 sua:
1873 1389 2010 1433 tem-

432 1490 562 1543 pore
592 1474 878 1544 aliquando
904 1482 1134 1528 emeatus
1159 1480 1241 1526 est
1266 1490 1278 1526 :
1303 1471 1397 1526 sed
1425 1470 1787 1525 illiusctecitas
1814 1471 2010 1523 illumi-

433 1566 576 1618 natio
615 1564 773 1617 totius
795 1563 938 1618 orbis
965 1562 1153 1617 cﬁ‘ecta
1198 1570 1297 1615 est.
1328 1560 1588 1627 Quoniam
1619 1560 1760 1615 enim
1801 1559 2013 1613 videbat

430 1655 589 1717 male,
614 1653 747 1708 bene
775 1668 896 1706 cum
922 1652 1206 1705 exc-.ecavit
1239 1650 1399 1716 Deus,
1432 1658 1488 1704 ut
1514 1650 1715 1703 utiliter
1736 1650 1846 1718 jam
1875 1649 2014 1703 vide-

430 1756 508 1800 ret
527 1746 806 1813 reliquum.
838 1743 1005 1798 Simul
1026 1742 1167 1796 enim
1188 1750 1242 1795 et
1286 1741 1664 1795 documentum
1706 1740 1755 1794 ei
1803 1739 2011 1794 virtutis

429 1856 539 1894 sum
566 1838 809 1909 praebuit,
842 1845 895 1892 et
921 1837 975 1890 in
998 1836 1246 1905 passione
1274 1834 1390 1905 ejus
1419 1833 1664 1904 ﬁguravit
1692 1831 1866 1887 futura
1888 1873 1901 1895 ,
1956 1843 2012 1886 et

432 1932 649 1987 modum
704 1930 818 1999 ejus
880 1927 1270 1998 praedicationis
1321 1925 1568 1990 edocuit,
1621 1923 1762 1994 quod
1813 1922 2010 1977 scilicet

430 2030 715 2093 Oporteret
748 2035 867 2076 eum
922 2020 1096 2089 priora
1139 2016 1310 2072 studia
1350 2016 1559 2086 penitus
1607 2013 1923 2079 excludere,
1956 2022 2012 2068 et

428 2112 579 2183 quasi
608 2112 982 2166 conniventem
1006 2109 1176 2163 oculis
1201 2108 1547 2178 semetipsum
1576 2106 1808 2177 undique
1850 2120 2007 2161 coer-

428 2219 551 2258 cere
570 2203 585 2234 ¹
618 2220 631 2257 :
661 2209 876 2271 propter
906 2200 1045 2269 quod
1075 2200 1188 2269 ipse
1216 2199 1355 2253 idem
1388 2199 1524 2252 istud
1546 2196 1873 2267 signiﬁcans,
1902 2195 2007 2251 cla-

429 2303 538 2348 mat
563 2312 575 2347 :
612 2294 671 2346 Si
694 2294 802 2363 quis
830 2292 1023 2345 videtur
1041 2297 1169 2345 inter
1196 2307 1281 2345 vos
1306 2291 1523 2361 sapiens,
1562 2290 1742 2344 stultus
1770 2290 1861 2357 ﬁat
1884 2330 1898 2353 ,
1954 2298 2008 2342 ut

430 2385 493 2439 sit
521 2384 722 2454 sapiens
745 2382 820 2455 (1.
855 2381 973 2436 Cor.
1005 2381 1057 2436 5.
1087 2379 1197 2451 18).
1226 2380 1571 2450 Nequaquam
1599 2395 1726 2449 ergo
1753 2378 2010 2448 potuisset

430 2488 640 2530 rursum
692 2474 829 2528 bene
856 2472 1071 2539 videre,
1116 2472 1214 2526 nisi
1259 2472 1405 2541 prius
1445 2479 1741 2525 excaecatus
1792 2469 2004 2533 fuisset;

430 2566 570 2620 unde
590 2573 644 2620 et
660 2565 924 2635 propriam
954 2564 1289 2633 sapientiam,
1313 2577 1415 2632 qua
1442 2561 1852 2632 perturbabatur
1875 2602 1890 2624 ,
1913 2577 2008 2614 ex-

427 2658 669 2723 cludens,
694 2655 814 2710 ﬁdei
842 2670 901 2710 se
926 2670 1022 2725 per
1046 2663 1235 2709 cuncta
1274 2654 1651 2709 committeret.
1677 2651 1783 2707 Sed
1831 2651 2005 2706 nullus

429 2742 529 2806 hoc
551 2748 790 2816 audiens,
819 2748 1149 2803 vocationem
1201 2747 1355 2801 istam
1405 2745 1781 2801 necessitatem
1833 2751 2004 2814 putet,

427 2842 687 2913 siquidem
714 2841 884 2911 potuit
912 2840 1085 2894 redire
1111 2839 1250 2893 unde
1276 2838 1622 2893 discesserat.
1671 2836 1816 2891 Multi
1862 2837 2005 2891 enim

430 2936 482 2989 in
500 2947 637 2987 novo
660 2942 713 2986 et
742 2933 794 2985 in
812 2930 975 2986 veteri
989 2930 1347 2992 Testamento,
1370 2943 1491 2983 cum
1510 2927 1708 2998 majora
1737 2944 1880 2997 saepe
1908 2930 2008 2982 mi-

430 3026 612 3081 rabilia
626 3024 898 3091 vidissent,
922 3032 1082 3087 retro,
1108 3030 1165 3075 ut
1186 3020 1430 3089 legimus,
1449 3019 1784 3074 suntreversi
1802 3035 1814 3071 :
1831 3018 2004 3072 ntNa-

431 3115 856 3179 buchodonosor,
879 3112 1133 3180 utJudas,
1167 3121 1223 3166 ut
1244 3111 1459 3182 Elymus
1487 3126 1691 3182 magus,
1720 3122 1779 3165 ut
1800 3110 2002 3174 Simon,

430 3216 487 3261 ut
517 3206 745 3261 Ananias
797 3215 851 3260 ct
866 3204 1153 3275 Sapphira,
1176 3212 1234 3258 ut
1260 3205 1537 3258 universus
1552 3204 1777 3273 populus
1793 3202 2003 3258 Judaeu-

434 3313 549 3352 rum
582 3315 597 3352 :
629 3297 723 3352 sed
767 3311 870 3351 non
917 3298 986 3351 ita
1030 3296 1244 3350 Paulus.
1304 3296 1572 3350 lllustrato
1624 3295 1765 3349 enim
1814 3297 2004 3350 mentis

433 3396 649 3458 aSpcctu
674 3386 740 3442 ad
758 3386 1172 3442 sincerissimum
1203 3385 1334 3440 illud
1364 3386 1543 3440 lumen
1572 3400 1731 3441 cursu
1759 3386 1999 3452 tetendit,

429 3490 588 3551 atque
602 3479 667 3534 ad
693 3478 879 3534 canum
899 3477 1185 3548 perniciter
1211 3477 1529 3532 subvolavit.
1559 3477 1711 3545 Quod
1736 3477 1781 3532 si
1832 3478 1999 3533 inter-

429 3588 603 3644 roges,
633 3572 783 3643 cujus
809 3569 889 3626 rei
917 3570 1084 3639 gratia
1106 3569 1174 3625 sit
1198 3578 1447 3633 executus,
1490 3570 1673 3639 accipe
1716 3570 1884 3638 ipsum
1927 3570 2003 3624 lo-

429 3672 678 3735 quentem
709 3679 722 3717 :
756 3661 1001 3730 Audistis,
1028 3661 1217 3731 inquit,
1246 3662 1668 3715 conversationem
1696 3678 1857 3715 aream
1899 3662 2001 3714 ali-

427 3757 628 3826 quando
648 3756 701 3809 in
724 3753 1024 3820 Judaismo,
1054 3754 1292 3821 quoniam
1319 3769 1476 3824 supra
1512 3753 1717 3807 modum
1742 3768 2002 3821 perseque-

426 3849 515 3901 bar
532 3846 809 3900 Ecclesium
838 3844 952 3910 Dei,
979 3853 1026 3898 et
1048 3843 1397 3915 expugnabam
1421 3843 1581 3909 illam,
1615 3852 1663 3898 et
1680 3843 2002 3913 proﬁciebant

425 3942 477 3994 in
504 3938 773 3992 Judaismo
798 3952 953 4008 supra
973 3936 1159 3991 multos
1178 3944 1457 3991 coaetaneos
1498 3951 1631 3989 meos
1652 3975 1668 3999 ,
1726 3936 1779 3989 in
1824 3950 2003 4005 genere

424 4044 533 4084 meo
543 4028 882 4084 abundantius
901 4026 1168 4083 muulator
1179 4028 1419 4082 exsistens
1432 4036 1756 4098 paternarum
1774 4042 2002 4081 mearum

424 4123 751 4177 traditionum
774 4121 915 4195 (Gal.
948 4122 1000 4176 1.
1027 4121 1113 4177 15.
1133 4120 1245 4191 14).
1259 4119 1389 4189 Quia
1409 4121 1549 4175 enim
1567 4118 1854 4175 vehemens
1866 4116 2002 4173 adeo

425 4222 539 4269 erat
566 4223 620 4269 et
640 4214 868 4280 fervens,
899 4211 1063 4268 frenis
1083 4226 1296 4282 quoque
1331 4211 1819 4267 vehementioribus
1863 4210 2002 4265 indi-

424 4303 603 4373 gebat,
630 4318 698 4359 ne
726 4302 929 4357 scilicet
973 4302 1175 4372 impetu
1210 4303 1324 4371 ipso
1351 4302 1498 4371 ejus,
1543 4317 1646 4371 qua
1690 4300 1956 4356 ferebatur
1980 4341 1999 4369 ,

426 4393 717 4449 alacritatis
732 4399 996 4461 arreptus,
1026 4392 1231 4461 prolata
1257 4390 1324 4446 ad
1350 4407 1410 4446 se
1430 4391 1587 4446 verba
1609 4400 1994 4447 contemneret.

428 4487 713 4555 Propterea
744 4481 901 4553 igitur
929 4479 1165 4536 furorem
1192 4482 1307 4551 ejus
1329 4480 1641 4536 indomitum
1672 4483 1818 4550 prius
1846 4496 1997 4536 com-

425 4578 649 4651 primit,
676 4575 971 4631 concitatos
996 4581 1051 4629 et
1078 4574 1376 4645 prmcipites
1402 4573 1539 4628 illius
1586 4574 1869 4629 iracundiae
1894 4573 1998 4629 ﬁu-

425 4678 565 4736 ctus,
594 4666 850 4723 caecitatis
873 4664 1134 4721 beneficio
1167 4665 1359 4735 redigit
1405 4665 1458 4719 in
1489 4665 1751 4735 quietem,
1782 4674 1837 4719 et
1874 4673 1999 4721 tunc

427 4761 639 4814 demum
665 4758 861 4814 caalesti
886 4772 1007 4813 eum
1037 4754 1202 4811 donat
1219 4755 1402 4823 aifatu,
1454 4754 1742 4812 ostendens
1785 4758 1997 4827 pr0prie

426 4850 843 4906 inaccessibilem
869 4847 1205 4917 sapientiam,
1236 4856 1291 4902 et
1319 4847 1800 4917 supereminentem
1824 4848 1993 4903 omni-

427 4943 522 4997 bus
544 4941 734 4996 divinae
754 4942 986 4996 scicntia:
1008 4940 1317 5007 bonitatem,
1344 4948 1401 4995 ut
1428 4940 1657 4997 disceret
1682 4983 1697 5007 ,
1755 4941 1838 4997 cui
1885 4940 1993 5011 jam

424 5032 729 5086 adversario
757 5040 1103 5102 repugnaret:
1129 5047 1286 5103 quem
1313 5042 1457 5088 certe
1482 5048 1587 5087 non
1637 5033 1796 5088 modo
1844 5035 1996 5103 puni-

424 5134 599 5179 entem
626 5122 770 5178 ferre
789 5139 894 5177 non
920 5134 1118 5193 posset,
1147 5124 1240 5180 sed
1266 5138 1365 5180 nec
1408 5123 1667 5179 beneﬁcia
1708 5124 1991 5180 conferen-

425 5228 552 5269 tem.
580 5214 694 5269 Non
722 5213 862 5268 enim
891 5215 978 5270 ille
995 5216 1317 5270 obscuritate
1342 5215 1700 5283 tenebrarum,
1725 5216 1818 5271 sed
1836 5216 1994 5270 lumi-

424 5307 505 5361 nis
529 5304 802 5363 nimietate
821 5315 1046 5360 c:ccatus
1066 5314 1166 5360 est.
1196 5304 1264 5359 Et
1294 5320 1390 5360 cur
1417 5346 1433 5373 ,
1464 5306 1637 5376 inquis
1659 5346 1677 5373 ,
1731 5306 1834 5361 hoc
1884 5321 1989 5361 non

423 5407 543 5452 ante
573 5397 771 5452 factum
800 5396 920 5453 est?
948 5395 1024 5451 Ne
1048 5411 1254 5466 quaeras
1294 5396 1455 5463 istud,
1490 5412 1660 5467 neque
1701 5398 1834 5453 velis
1873 5413 1993 5454 esse

423 5490 699 5555 rttriosior,
720 5490 813 5546 sed
825 5488 1059 5545 concede
1071 5488 1587 5558 incomprehensibili
1608 5490 1697 5547 Dei
1712 5490 1993 5561 providen-

489 5671 503 5703 t
540 5669 589 5711 tn
611 5672 788 5723 Greco,
812 5671 857 5717 et
882 5666 1057 5718 clausis
1079 5664 1226 5718 oculis
1248 5666 1404 5731 ipsum
1427 5666 1583 5732 sequi.

2128 1108 2215 1162 tia:
2239 1107 2440 1163 salutes
2465 1106 2741 1162 hominum
2770 1107 2910 1163 notis
2938 1107 3041 1163 sibi
3068 1117 3364 1180 temporum
3394 1115 3702 1182 opportuni-

2121 1200 2318 1255 tatibus
2346 1199 2613 1256 ordinare.
2639 1200 2730 1255 Sic
2749 1201 2890 1255 enim
2917 1203 3077 1256 etiam
3123 1203 3237 1273 ipse
3285 1203 3567 1273 fatebatur,
3616 1207 3700 1263 di-

2119 1307 2287 1347 cens:
2321 1290 2448 1348 Cum
2478 1306 2644 1347 autem
2678 1293 2869 1364 placuit
2915 1295 2989 1360 ei,
3041 1296 3129 1366 qui
3176 1312 3255 1350 me
3305 1298 3581 1369 segregavit
3626 1300 3695 1353 de

2120 1395 2260 1437 utero
2287 1386 2463 1437 matris
2479 1399 2621 1448 mete,
2650 1393 2696 1438 et
2728 1385 2919 1439 vaeavit
2946 1402 3035 1455 per
3054 1402 3197 1440 suam
3227 1387 3441 1456 gratiam
3471 1429 3487 1453 ,
3538 1397 3593 1441 ut
3620 1404 3702 1443 re-

2117 1474 2302 1529 uelaret
2324 1473 2518 1529 Filium
2544 1490 2691 1529 suum
2720 1476 2771 1528 in
2789 1490 2867 1528 me
2892 1474 3035 1545 (Gal.
3067 1477 3118 1530 1.
3152 1476 3238 1531 15.
3292 1475 3405 1547 16).
3452 1477 3594 1532 Nihil
3644 1487 3703 1534 tu

2118 1565 2277 1634 igitur
2301 1565 2553 1620 scruteris
2578 1565 2824 1635 amplius,
2845 1566 3058 1635 quando
3083 1566 3197 1622 lucc
3224 1568 3354 1623 dicit
3382 1578 3437 1623 et
3479 1570 3698 1627 Paulus.

2117 1655 2263 1711 Istud
2293 1656 2435 1711 enim
2462 1665 2587 1711 tunc
2616 1657 2799 1727 utique
2826 1657 2939 1711 ﬁeri
2962 1659 3215 1727 oportuit,
3243 1674 3362 1713 cum
3402 1659 3510 1728 jam
3544 1674 3701 1715 scan-

2118 1747 2236 1801 dala
2267 1747 2461 1817 ubique
2475 1747 2684 1801 sublata
2714 1757 2914 1801 essent.
2943 1748 3025 1802 Ab
3053 1748 3168 1818 ipso
3190 1748 3365 1818 itaque
3385 1750 3651 1804 discamus
3679 1792 3696 1815 ,

2116 1839 2366 1907 quoniam
2396 1838 2571 1892 nullus
2597 1846 2721 1892 ante
2747 1838 2992 1905 Paulum,
3024 1853 3199 1908 neque
3242 1839 3357 1909 ipse
3382 1839 3579 1895 Paulus
3629 1856 3700 1896 ex

2117 1941 2177 1981 se
2208 1927 2571 1981 tantummodo
2600 1942 2723 1982 eum
2757 1927 2984 1992 invenit,
3026 1928 3121 1983 sed
3182 1929 3297 2001 ipse
3343 1944 3403 1985 se
3456 1928 3701 1986 Christus

2116 2016 2371 2083 ostendit,
2392 2028 2446 2072 et
2475 2017 2673 2073 idcirco
2702 2017 2910 2072 dicebat
2939 2035 2953 2071 :
2983 2016 3103 2072 Non
3127 2034 3213 2072 vos
3236 2036 3316 2074 me
3338 2020 3571 2091 elegistis,
3610 2021 3700 2075 sed

2115 2125 2206 2179 ego
2226 2108 2349 2178 elegi
2370 2124 2454 2163 vos
2480 2107 2660 2178 (Joan.
2692 2109 2778 2164 15.
2824 2108 2934 2180 16).
2964 2110 3229 2165 Caeterum
3276 2126 3371 2166 cur
3414 2121 3539 2167 ante
3581 2128 3689 2166 non

2115 2199 2361 2265 credidit,
2413 2213 2535 2253 cum
2566 2199 2772 2254 videret
2816 2200 2869 2253 in
2922 2200 3086 2269 ipsius
3154 2202 3366 2256 nomine
3416 2217 3699 2271 resurgere

2114 2299 2372 2354 mortuos,
2406 2288 2677 2343 ambulare
2706 2289 2946 2355 claudos,
2972 2291 3287 2361 paralyticos
3308 2292 3569 2356 roborari,
3586 2292 3699 2346 da:-

2114 2394 2303 2434 mones
2327 2377 2590 2448 eﬁ‘ugari?
2618 2378 2827 2433 Nullum
2855 2381 2997 2434 enim
3026 2381 3250 2435 fructum
3268 2382 3354 2436 ille
3377 2397 3441 2436 ex
3466 2382 3546 2435 his
3572 2397 3696 2435 om-

2112 2470 2270 2523 nibus
2295 2479 2653 2539 consequutus
2682 2480 2783 2536 est,
2810 2486 2929 2525 cum
2959 2479 3136 2526 tamen
3159 2487 3263 2525 non
3288 2472 3553 2541 ignoraret
3569 2473 3697 2539 ista,

2112 2559 2325 2628 quitam
2348 2568 2461 2613 erat
2484 2575 2607 2629 erga
2638 2561 2907 2629 apostolos
2935 2561 3198 2626 curiosus,
3246 2563 3335 2633 qui
3381 2571 3527 2617 certe
3570 2578 3697 2617 cum

2111 2651 2437 2721 lapidaretur
2463 2650 2761 2719 Stephanus
2780 2651 3051 2715 adstabat;
3078 2661 3135 2707 et
3162 2652 3351 2706 faciem
3384 2651 3499 2721 ejus
3546 2651 3701 2707 vide-

2110 2741 2200 2795 bat
2228 2743 2466 2811 angelico
2497 2742 2701 2812 fulgore
2731 2743 3024 2797 radiantem
3047 2744 3188 2815 (Act.
3220 2746 3273 2797 7.
3299 2745 3388 2798 57.
3413 2744 3530 2815 59).
3579 2745 3696 2799 Cur

2111 2847 2237 2902 ergo
2259 2833 2388 2888 nihil
2418 2832 2539 2886 inde
2561 2833 2794 2888 lucratus
2815 2832 2927 2889 est?
2950 2829 3092 2902 Quia
3115 2834 3340 2890 necdum
3367 2835 3551 2906 utique
3596 2851 3697 2891 vo-

2110 2931 2259 2977 catus
2290 2922 2459 2978 fuerat
2486 2938 2516 2977 a
2538 2923 2774 2979 Christo.

2194 3015 2401 3071 Vocatio
2430 3033 2529 3071 non
2551 3019 2889 3073 necessitatem
2913 3018 3084 3089 infert.
3113 3018 3215 3073 Cur
3230 3037 3258 3078 ε
3283 3019 3408 3075 αιἰο
3426 3037 3517 3077 nos
3550 3020 3694 3076 Deus

2113 3123 2212 3161 non
2232 3108 2543 3162 vocet.—Tu
2564 3123 2688 3164 vero
2710 3110 2808 3164 hoc
2827 3110 3047 3167 audiens
3064 3111 3172 3165 noli
3188 3112 3515 3168 vocationem
3535 3113 3694 3169 istam

2111 3200 2481 3255 necessitatem
2514 3209 2718 3271 putare.
2741 3202 2855 3256 Non
2897 3204 3041 3258 enim
3091 3205 3232 3260 Deus
3262 3204 3503 3261 homines
3546 3208 3694 3277 cogit

2109 3291 2370 3355 vocando,
2410 3292 2503 3347 sed
2532 3301 2651 3362 post
2675 3292 3007 3348 vocationem
3043 3310 3254 3364 quoque
3297 3296 3555 3365 permittit
3593 3312 3693 3352 eos

2110 3384 2440 3453 propriarum
2465 3398 2585 3438 esse
2614 3383 2859 3439 dominos
2877 3386 3229 3440 voluntatum.
3260 3386 3391 3441 Nam
3415 3396 3470 3443 et
3488 3386 3691 3443 Judzcis

2109 3474 2341 3543 seipsum
2371 3474 2584 3544 quando
2610 3475 2848 3545 Oportuit
2877 3476 3170 3531 revelavit:
3199 3478 3295 3532 sed
3341 3478 3418 3533 illi
3470 3487 3690 3549 propter

2108 3565 2355 3635 gloriam,
2392 3580 2548 3634 quam
2571 3566 2639 3620 ab
2669 3566 2972 3621 hominibus
3016 3568 3394 3638 requirebant,
3441 3570 3583 3624 ultro
3626 3584 3694 3626 se

2108 3655 2419 3710 oll‘erentem
2440 3656 2711 3725 suscipere
2740 3657 3046 3713 noluerunt.
3082 3658 3271 3714 Verum
3294 3660 3393 3714 hoc
3414 3660 3531 3715 loco
3560 3659 3694 3717 inli-

2106 3745 2275 3801 delior
2303 3747 2423 3816 quis
2445 3755 2698 3816 opponat,
2721 3756 2880 3818 atque
2900 3748 3082 3823 dicat:
3110 3748 3217 3803 Cur
3249 3764 3336 3804 me
3370 3750 3694 3809 etiamJton

2107 3841 2317 3895 vocavit
2345 3855 2375 3894 e
2396 3840 2566 3894 cado?
2592 3838 2744 3896 Unde
2767 3849 2943 3895 autem
2962 3840 3296 3896 manifestum
3313 3849 3415 3907 est,
3444 3857 3477 3897 ο
3494 3842 3685 3911 homo,

2106 3935 2227 4004 quia
2255 3932 2476 3988 Paulum
2504 3933 2711 3988 vocavit
2734 3932 2802 3987 de
2824 3933 3000 3987 caelo?
3027 3933 3121 3989 sed
3145 3933 3322 3989 credis
3346 3933 3521 3988 istud?
3541 3934 3693 4004 Ergo

2107 4023 2151 4078 si
2171 4022 2367 4088 credis,
2396 4023 2497 4078 hoc
2522 4024 2691 4093 ipsum
2717 4022 2783 4077 ad
2813 4023 3021 4092 signum
3053 4024 3149 4078 tibi
3175 4025 3306 4079 satis
3327 4032 3429 4079 est.
3458 4024 3513 4079 Si
3556 4039 3694 4081 vero

2107 4128 2211 4168 non
2236 4113 2408 4169 credis
2432 4114 2553 4183 quia
2582 4128 2613 4168 e
2637 4113 2770 4167 caelo
2785 4112 3006 4168 Paulum
3033 4116 3259 4180 vocavit,
3287 4114 3554 4185 quomodo
3592 4115 3689 4169 di-

2105 4207 2203 4276 cis,
2232 4224 2329 4264 cur
2352 4222 2438 4262 me
2460 4208 2618 4263 etiam
2638 4222 2742 4262 non
2760 4207 3005 4264 vocavit?
3039 4208 3248 4272 Credis,
3274 4210 3396 4279 quia
3418 4209 3505 4264 ille
3521 4223 3688 4263 voca.

2106 4300 2217 4364 vit;
2250 4299 2350 4353 hoc
2398 4299 2570 4368 ipsum
2617 4298 2748 4366 tibi,
2799 4308 2856 4354 ut
2875 4298 3017 4365 dixi,
3061 4299 3293 4354 abundat
3332 4300 3399 4354 ad
3448 4300 3687 4370 signum.

2104 4391 2275 4447 Crede
2303 4392 2491 4461 igitur;
2523 4407 2643 4446 nam
2669 4402 2720 4447 te
2749 4407 2959 4463 quoque
3002 4407 3035 4447 e
3085 4392 3216 4446 caelo
3243 4401 3396 4447 vocat
3437 4392 3608 4460 Deus,
3638 4395 3688 4449 si

2106 4482 2268 4538 habes
2298 4483 2527 4538 animam
2556 4484 2623 4538 ad
2648 4483 3000 4539 obediendum
3028 4492 3286 4553 paratam.
3314 4482 3466 4551 Quod
3509 4485 3555 4538 si
3595 4485 3687 4539 in-

2104 4572 2360 4629 obediens
2389 4574 2461 4627 sis
2481 4615 2495 4640 ,
2545 4582 2598 4629 et
2624 4583 2888 4644 corrupta:
2912 4574 3324 4645 depravatzeque
3350 4576 3633 4630 sententia:
3667 4618 3686 4639 ,

2104 4677 2172 4717 ne
2197 4661 2264 4716 de
2288 4662 2419 4716 caelo
2446 4662 2660 4732 quidem
2686 4663 2753 4718 ad
2783 4674 2833 4719 te
2860 4680 2959 4719 vos
2988 4664 3220 4719 demissa
3243 4664 3336 4719 tibi
3376 4664 3572 4719 sufﬁcit
3613 4665 3688 4720 ad

2102 4754 2344 4809 salutem.
2363 4754 2580 4822 Quoties
2593 4764 2767 4811 autem
2784 4765 2838 4811 et
2853 4756 3019 4811 Judazi
3040 4771 3224 4811 vocem
3251 4756 3466 4812 audiere
3481 4756 3549 4812 de
3575 4771 3689 4812 ca:-

2104 4846 2176 4913 lo,
2204 4847 2255 4900 in
2279 4862 2437 4913 novo,
2461 4857 2516 4904 et
2542 4847 2593 4901 in
2609 4849 2774 4903 veteri
2798 4848 3160 4916 Testamento,
3189 4864 3288 4904 nec
3332 4859 3504 4905 tamen
3554 4849 3686 4906 facti

2102 4948 2226 4995 sunt
2244 4930 2452 4995 idcirco
2482 4940 2771 4996 meliores?
2790 4940 2922 4995 Nam
2950 4941 3001 4995 in
3033 4942 3199 4996 veteri
3212 4941 3379 4996 Judrei
3398 4950 3517 5011 post
3533 4942 3689 4999 mille

2102 5032 2356 5087 miracula
2382 5047 2478 5103 pro
2501 5033 2609 5087 Deo
2630 5033 2874 5099 vitulum,
2906 5048 3065 5103 quem
3096 5033 3365 5100 fecerant,
3420 5034 3687 5091 adorare-

2102 5132 2245 5177 runt.
2271 5124 2340 5176 At
2363 5137 2490 5177 vero
2515 5122 2879 5179 Jerichontina
2909 5124 3184 5188 meretrix,
3216 5139 3335 5194 quae
3383 5116 3513 5178 nihil
3563 5141 3691 5178 om-

2101 5213 2229 5268 nino
2254 5228 2319 5268 ex
2346 5213 2676 5268 mirabllibus
2696 5214 2922 5281 viderat,
2954 5215 3189 5269 ostendit
3212 5224 3388 5269 tamen
3438 5214 3597 5269 ﬁdem
3628 5221 3684 5271 in

2100 5303 2495 5372 exploratorum
2522 5304 2860 5374 susceptione
2885 5304 3202 5359 mirabilem.
3227 5305 3282 5359 In
3307 5313 3447 5358 terra
3465 5320 3687 5373 quoque

2101 5392 2526 5463 repromissionis
2555 5394 2722 5449 Judzei
2747 5395 2893 5465 signa
2937 5404 3239 5463 cernentes,
3292 5396 3685 5465 permanebant

2101 5483 2364 5553 lapidibus
2390 5483 2952 5541 duriores:Ninivit:c
2972 5501 3098 5541 vero
3142 5486 3330 5541 Jonam
3377 5486 3549 5540 solum
3597 5488 3687 5540 vi-

2100 5575 2285 5629 dentes
2296 5574 2650 5641 crediderunt,
2675 5586 2731 5631 et
2755 5587 2979 5648 egerunt
3003 5576 3365 5647 pmnitcntiam
3392 5575 3563 5645 (J0me
3591 5578 3683 5645 5),

2102 5679 2153 5719 et
2181 5674 2451 5721 venturam
2502 5682 2660 5738 super
2686 5683 2747 5724 se
2773 5668 2905 5724 iram
2935 5668 3027 5724 Dei
3070 5667 3419 5725 conversione
3456 5668 3682 5740 populo»
