4038 6204
282 283 387 341 487

1133 301 1220 355 DE
1259 263 1608 356 LAUDiBUS
1646 297 1704 354 s.
1746 297 1954 354 PAULI
1992 302 2350 366 APOSTOIJ.
2392 313 2626 388 "031",.
2662 315 2746 369 IV.

277 400 576 471 ἀκηράτων
620 398 968 472 ἐπιτύχωμεν
997 399 1298 471 στεφάνων,
1322 406 1506 474 χάριτι
1551 406 1645 458 καὶ⁸
1672 404 1861 474 φιλαν-

3419 303 3528 362 488

1965 407 2060 460 καὶ
2088 405 2151 459 τὺ
2181 407 2400 479 κράτος,
2432 409 2528 464 νῦν
2557 411 2651 464 καὶ
2674 411 2780 478 ἀεὶ,
2813 411 2908 466 καὶ
2939 413 3018 478 είς
3049 414 3174 478 τοὺς
3198 414 3399 484 αίῶνας
3421 420 3533 474 τῶν

277 492 498 566 θρωπίᾳ
531 491 628 546 τοῦ
662 492 868 565 Κυρίου
897 491 1058 565 ἡμῶν
1092 492 1267 565 Ἰησοῦ
1294 493 1554 567 Χριστοῦ,
1585 489 1687 568 ᾧή
1731 497 1862 564 δόξα
1964 494 2196 551 αἰώνων.
2239 497 2431 568 Ἀμήν.

1250 928 1361 982 ΕΙΣ
1391 927 1528 982 ΤΟΝ
1559 928 1765 985 APION
1804 931 2214 987 ΑΠΟΣΤΟΛΟΝ
2253 930 2556 992 ΠΑΥΛΟΝ.

904 1332 1136 1403 Ὀμιλία
1173 1330 1246 1388 δ’.

361 1427 422 1481 '0
457 1427 726 1498 μακάριος
756 1424 986 1489 Παῦλος,
1019 1425 1048 1476 6
1071 1426 1310 1495 τήμερον
1343 1423 1488 1494 ἡμᾶς
1512 1422 1856 1492 συναγαγὼν,

278 1521 374 1574 καὶ
397 1518 498 1590 τὴν
523 1519 854 1587 οἰκουμένην
885 1515 1148 1584 φωτίσας,
1186 1509 1340 1579 οὗτος
1367 1516 1424 1568 ἐν
1449 1513 1528 1584 τῷ
1558 1513 1733 1586 καιρῷ
1755 1514 1856 1585 τῆς

280 1613 523 1682 κλήσεως
556 1606 838 1677 ἐτυφλώθη
861 1605 1010 1660 ποτέ·
1031 1605 1145 1660 ἀλλ’
1169 1608 1202 1677 ἡ
1223 1607 1470 1676 πήρωσις
1485 1606 1692 1659 ἐκείνου
1708 1605 1859 1678 [491]

281 1701 561 1774 φωτισμδς
588 1700 778 1769 γέγονε
807 1698 910 1767 τῆς
946 1697 1289 1768 οἰκουμένης.
1307 1695 1522 1767 Ἐπειδὴ
1541 1697 1648 1767 γὰρ
1664 1695 1858 1749 ἐϐλεπε

283 1793 492 1854 κακῶς,
514 1791 804 1861 ἐπήρωσεν
830 1789 991 1843 αὑτὸν
1010 1787 1190 1850 καλῶς
1219 1789 1247 1840 ό
1264 1785 1420 1850 Θεὸς,
1450 1785 1593 1839 ὥστε
1631 1785 1860 1840 ἀναϐλέ-

281 1883 382 1952 ψαι
402 1881 712 1954 χρησίμως,
756 1877 890 1950 ὁμοῦ
923 1878 1022 1949 μὲν
1050 1877 1152 1948 τῆς
1193 1875 1387 1930 ἐαυτοῦ
1419 1875 1702 1947 δυνάμεως
1728 1874 1861 1928 ἀπό-

282 1975 448 2040 δειξιν
480 1972 632 2044 αὑτῷ
665 1970 1061 2043 παρεχόμενος,
1110 1969 1246 2040 ὁμοῦ
1272 1969 1329 2022 δέ
1355 1969 1414 2022 ἐν
1459 1967 1536 2039 τῷ
1582 1967 1744 2022 πάθει
1791 1967 1862 2021 τὰ

284 2067 546 2137 μέλλοντα
575 2062 978 2137 προδιατυπῶν,
1018 2061 1226 2116 καὶτοῦ
1257 2059 1610 2132 κηρύγματος
1639 2058 1862 2131 τοντρό-

284 2177 388 2212 nov
420 2158 704 2220 διδάσκων,
747 2155 841 2208 καὶ
878 2157 959 2208 ὅτι
995 2153 1170 2207 ταῦτα
1207 2153 1380 2206 πάντα
1407 2151 1616 2205 οἴκοθεν
1655 2150 1863 2204 ἀποϐα-

283 2251 471 2312 λόντα,
499 2250 594 2302 καὶ
629 2245 875 2320 μύσαντα
906 2247 1000 2301 καὶ
1033 2247 1159 2310 τοὺς
1189 2244 1521 2316 ὀφθαλμοὺς,
1553 2243 1703 2314 αὑτῷ
1737 2244 1864 2297 ἒπε-

286 2341 414 2393 σθαι
444 2341 571 2410 χρή.
605 2338 695 2390 Διδ
729 2339 823 2391 καὶ
857 2337 1016 2400 αὑτὸς
1045 2336 1175 2388 ἐϐόα
1211 2334 1368 2388 τοῦτο
1395 2333 1526 2387 αὑτὸ
1560 2331 1756 2403 δηλῶν·
1789 2333 1863 2387 El

286 2447 375 2495 τις
413 2427 584 2482 δοκεῖ
606 2428 798 2496 σοφός
817 2423 969 2480 εἶναι
997 2426 1066 2478 ἐν
1084 2423 1242 2493 ὑμῖν,
1267 2423 1530 2494 γενέσθω
1540 2422 1757 2492 μωρὸς,
1774 2422 1862 2474 ἵνα

283 2521 512 2591 γένηιται
557 2519 738 2587 σοφός·
790 2518 866 2581 ὡς
907 2517 1008 2572 οὑκ
1061 2515 1180 2568 ἐνὸν
1221 2513 1517 2585 ἀναϐλέψαι
1549 2512 1750 2577 καλῶς,
1786 2514 1860 2584 μὴ

283 2609 552 2679 πρότερον
601 2605 923 2678 πηρωθέντα
966 2605 1167 2668 καλῶς,
1196 2606 1290 2658 καὶ
1325 2605 1452 2668 τοὺς
1504 2603 1734 2666 οἰκείους
1769 2603 1865 2656 καὶ

280 2698 656 2768 ταράττοντας
689 2697 851 2750 αὑτὸν
879 2694 1178 2748 ἐκϐαλόντα
1216 2695 1528 2765 λογισμοὺς,
1565 2693 1660 2748 καὶ
1680 2696 1745 2764 τῇ
1779 2691 1866 2745 πί-

283 2808 400 2844 στει
437 2790 500 2842 τὸ
516 2791 622 2843 πᾶν
649 2787 1037 2860 ἐπιτρέψαντα.
1057 2786 1216 2840 Ἀλλά
1244 2787 1432 2857 μηδεὶς
1463 2777 1635 2840 ταῦτα
1651 2786 1865 2839 ἁκούων

285 2881 713 2955 ὴναγκασμένην
745 2878 1013 2949 νομιζέτω
1054 2872 1192 2930 εἶναι
1241 2876 1445 2948 ταύτην
1497 2878 1596 2949 τὴν
1652 2877 1862 2948 κλῆσινο

287 2975 381 3028 καὶ
412 2974 525 3045 γάρ
549 2971 768 3026 ἐδύνατο
783 2971 945 3024 πάλιν
961 2968 1301 3035 ἐπανελθεῖν,
1331 2969 1453 3023 ὅθεν
1479 2969 1657 3041 ἐξέϐη.
1674 2969 1865 3022 Πολλοὶ

285 3067 414 3137 γοῦν
444 3067 610 3136 ἔτερα
657 3063 877 3135 μείζονα
933 3062 1185 3134 θαύματα
1238 3061 1456 3126 ἰδόντες,
1519 3061 1866 3132 ὑπέστρεψαν

287 3158 470 3220 πάλιν,
503 3156 599 3210 καὶ
627 3157 686 3208 ἐν
715 3157 782 3226 τῇ
837 3155 1031 3225 Καινῇ,
1079 3155 1172 3207 καὶ
1220 3155 1277 3206 ἐν
1318 3155 1384 3226 τῇ
1417 3153 1646 3224 Παλαιᾷ’
1677 3148 1789 3207 οἷον
1835 3154 1865 3205 6

298 3251 519 3315 Ἰούδας,
539 3250 569 3301 6
601 3247 1090 3319 Ναϐουχοδονόσορ,
1121 3249 1150 3300 6
1189 3246 1425 3317 Ἐλύμας
1452 3247 1480 3300 ὁ
1507 3246 1699 3317 μάγος,
1729 3245 1864 3299 ὁΣί-

291 3361 427 3412 μων,
458 3343 488 3394 6
534 3339 785 3403 ’Δνανίας
809 3339 902 3391 καὶ
935 3339 968 3409 ἡ
1005 3339 1310 3408 Σάπφειρα,
1345 3337 1463 3400 ὅλος
1476 3336 1584 3391 τῶν
1599 3336 1866 3389 Ἰουδαίων

286 3436 315 3488 ό
337 3436 532 3507 δῆμος·
563 3434 678 3487 ἀλλ’
695 3433 793 3503 οὑχ
815 3434 842 3485 6
867 3432 1100 3494 Παῦλος.
1140 3431 1301 3485 Ἀλλὰ
1328 3430 1619 3500 διαϐλέψας
1641 3431 1776 3502 πρὸς
1807 3429 1868 3483 τὺ

288 3528 569 3595 ἀκήρατον
624 3521 743 3591 φῶς
807 3521 900 3574 τὸν
969 3521 1168 3592 δρόμον
1229 3521 1506 3585 ἐπέτεινε,
1567 3521 1660 3574 καὶ
1730 3519 1869 3593 πρὸς

287 3616 378 3667 τὸν
395 3612 624 3686 οὐρανὸν
641 3613 855 3664 ἵπτατο.
878 3611 941 3664 Εἰ
966 3611 1022 3664 δέ
1045 3610 1318 3676 ἐξετάζεις
1350 3609 1492 3674 τίνος
1520 3611 1705 3665 ἐνεκεν
1733 3613 1868 3684 ἐπη-

291 3705 462 3778 ρττιθη,
503 3705 669 3757 άκουε
714 3703 877 3755 αὑτοῦ
925 3702 1191 3770 λέγοντοςο
1236 3702 1563 3756 Ἠκούσατε
1606 3703 1716 3773 γὰρ
1755 3703 1870 3772 τὴν

289 3796 444 3866 ἐμὴν
485 3792 878 3862 ἀναστροφήν
925 3807 1071 3846 ποτε
1112 3792 1182 3845 ἐν
1230 3790 1309 3857 τῷ
1359 3791 1729 3862 Ἰουδαϊσμῷ,
1779 3793 1869 3846 ὄτι

291 3887 416 3940 καθ’
470 3885 815 3953 ὑπερϐολὴν
869 3882 1120 3937 ἐδίωκον
1161 3881 1278 3950 τὴν
1330 3883 1714 3950 Ἐκκλησίαν,
1770 3883 1868 3938 καὶ

289 3979 588 4046 ἐπόρθουν
617 3975 833 4042 αὐτὴν,
864 3974 960 4028 καί
995 3973 1370 4042 προέκοπτον
1398 3975 1467 4028 ἐν
1510 3973 1590 4040 τῷ
1631 3975 1869 4030 Ἰουδαῖ-

291 4071 420 4141 σμῷ
450 4074 601 4140 ὑπερ
619 4069 890 4135 πολλοὺς
909 4068 1352 4136 συνηλικιώτας
1374 4069 1444 4121 ἐν
1461 4067 1537 4134 τῷ
1556 4067 1713 4137 γένει
1730 4085 1868 4137 μου,

291 4163 731 4232 περισσοτέρως
762 4159 1025 4230 ζηλωτὴς
1077 4159 1364 4230 ὑπάρχων
1400 4158 1519 4213 τῶν
1573 4158 1873 4227 πατρικῶν

292 4273 405 4325 μου
437 4253 854 4322 παραδόσεως.
902 4252 1055 4305 Ἐπεὶ
1103 4247 1195 4304 οὖν
1223 4251 1365 4304 οὑτω
1419 4251 1645 4322 σφοδρὸς
1671 4245 1738 4322 ἦν
1781 4250 1874 4304 καὶ

293 4347 608 4418 ἀπρόσιτος,
655 4343 1013 4415 σφοδροτέρου
1070 4343 1242 4396 ἐδεῖτο
1298 4341 1538 4412 χαλινοῦ,
1569 4343 1657 4396 ἴνα
1686 4344 1761 4416 μὴ
1803 4345 1870 4415 τῇ

297 4439 442 4509 ῥύμῃ
477 4437 578 4506 τῆς
612 4435 920 4506 προθυμίας
961 4434 1249 4505 ἀγόμενος,
1291 4434 1386 4486 καὶ
1417 4433 1739 4506 παρακούσῃ
1766 4433 1873 4488 τῶν

295 4528 627 4599 λεγομένων.
653 4526 750 4577 Διὰ
777 4525 842 4595 δὴ
870 4524 1028 4578 τοῦτο
1057 4523 1430 4578 καταστέλλων
1454 4523 1618 4578 αὑτοῦ
1647 4525 1746 4596 τὴν
1770 4541 1874 4597 μα-

294 4622 411 4676 νίαν
469 4619 710 4688 ἐκείνην,
770 4616 987 4689 πρῶτον
1035 4617 1355 4681 κατευνάζει
1399 4617 1467 4670 τὰ
1500 4617 1718 4688 κύματα
1773 4618 1874 4689 τῆς

298 4713 560 4784 ραγδαίας
586 4710 756 4781 ὀργῆς
795 4709 1010 4779 ἐκείνης
1036 4708 1124 4762 διὰ
1151 4709 1251 4778 τῆς
1284 4706 1603 4779 πηρώσεως,
1633 4709 1729 4762 καὶ
1751 4709 1873 4762 τότε

296 4803 444 4873 αὑτῷ
491 4801 821 4868 διαλέγεται,
888 4799 1102 4864 δεικνὺς
1174 4799 1272 4869 τῆς
1342 4800 1536 4868 σοφίας
1592 4800 1757 4855 αὑτοῦ
1815 4801 1874 4854 τὸ

297 4893 608 4961 ἀπρόσιτον.
643 4889 737 4942 καὶ
763 4888 822 4940 τὸ
845 4890 941 4960 τῆς
957 4887 1209 4957 γνώσεως
1233 4887 1518 4958 ὑπερέχον,
1543 4890 1634 4943 καὶ
1657 4889 1743 4942 ἴνα
1773 4890 1875 4961 μά·

300 4982 367 5054 θη
386 4982 509 5035 τίνα
530 4978 779 5048 πολεμεῖ,
822 4977 880 5030 6v
923 4978 982 5029 οὑ
1036 4978 1196 5047 μόνον
1242 4976 1556 5044 κολάζοντα,
1591 4978 1704 5032 ἀλλ’
1753 4980 1874 5033 ούδέ

299 5071 690 5144 εὐεργετοῦντα
718 5067 939 5122 δύναται
962 5070 1222 5136 ἐνεγκεῖν.
1255 5069 1330 5121 Οὑ
1354 5069 1461 5140 γὰρ
1496 5069 1683 5133 σκότος
1711 5071 1874 5124 αὑτὸν

302 5164 606 5232 ἐπήρωσεν,
634 5159 747 5212 ἀλλ’
768 5157 1042 5229 ὑπερϐολὴ
1063 5157 1240 5226 φωτὸς
1277 5157 1438 5212 αὑτὸν
1465 5159 1732 5212 ἐσκότισε.
1765 5160 1874 5213 Καὶ

301 5254 353 5304 τί
379 5253 576 5321 δήποτε
606 5248 682 5321 μὴ
708 5250 767 5314 ἐξ
791 5248 967 5318 ἀρχῆς
995 5247 1152 5300 τοῦτο
1193 5249 1426 5317 ἐγένετο,
1461 5251 1594 5320 φησί
1615 5268 1629 5316 ;
1653 5250 1744 5323 Μὴ
1776 5253 1875 5323 ζὴ..

302 5360 381 5396 τει
406 5342 593 5407 τοῦτο,
633 5341 768 5410 μηδὲ
825 5339 1206 5410 περιεργάζου,
1253 5339 1389 5393 ἀλλὰ
1435 5341 1753 5414 παραχώρει
1796 5343 1875 5414 τῷ

302 5433 669 5504 ἁκαταλήπτῳ
713 5431 812 5501 τῆς
840 5428 932 5482 τοῦ
961 5429 1096 5483 θεοῦ
1138 5431 1393 5501 προνοίας
1441 5433 1532 5486 τοῦ
1563 5433 1754 5505 καιροῦ
1777 5436 1875 5507 τὴν

302 5525 732 5596 ἐπιτηδειότητα.
760 5524 871 5577 Καὶ
886 5522 995 5594 γὰρ
1023 5523 1114 5576 καλ⁵
1139 5523 1300 5588 αὑτὸς
1325 5523 1482 5578 τοῦτο
1513 5529 1656 5578 ποιεί
1681 5526 1873 5595 λέγων·

306 5617 435 5672 Ὅτε
450 5617 516 5671 δὲ
540 5617 876 5686 εὐδόκησεν
905 5618 938 5671 ό
979 5615 1273 5688 ἀφορίσας
1314 5635 1390 5688 με
1421 5618 1489 5673 ἐκ
1516 5620 1747 5688 κοιλίας
1763 5639 1880 5692 μη.

1965 1335 2103 1403 τρός
2149 1353 2290 1405 μου,
2342 1336 2442 1390 καὶ
2489 1337 2756 1406 καλέσας
2785 1337 2882 1394 διὰ
2930 1336 3038 1408 τῆς
3081 1339 3323 1410 χάριτος
3353 1342 3545 1399 αὐτοῦ

1965 1432 2354 1505 ἀποκαλύψαι
2397 1437 2507 1492 τὸν
2552 1438 2690 1492 Υίὸν
2711 1437 2897 1493 αὐτοῦ
2925 1439 2995 1492 ἐν
3022 1437 3173 1508 ἐμοι.
3210 1439 3420 1496 Οὐκοῦν
3447 1441 3544 1495 καὶ

1967 1534 2032 1588 σὺ
2069 1535 2235 1605 μηδὲν
2288 1536 2651 1608 περιεργάζου
2693 1537 2875 1605 πλέον,
2907 1539 3033 1593 ὅταν
3068 1541 3097 1592 6
3122 1539 3334 1604 Παῦλος
3384 1539 3548 1594 τοῦτο

1965 1637 2118 1709 λέγῃ.
2155 1637 2288 1692 Τότε
2325 1639 2452 1710 γὰρ,
2491 1640 2614 1693 τότε
2658 1641 2917 1712 συνέφερε
2957 1640 3064 1694 τῶν
3101 1641 3412 1695 σκανδάλων
3444 1641 3544 1712 ἀρ-

1967 1737 2166 1791 θέντων
2199 1739 2262 1791 ἐκ
2295 1738 2482 1808 μέσου.
2519 1739 2717 1794 Λοιπὸν
2750 1739 2857 1792 ἀπὸ
2893 1739 3082 1793 τούτου
3124 1740 3404 1812 μάθωμεν,
3457 1741 3544 1795 ὅτι

1965 1836 2139 1900 οὐδεὶς
2152 1836 2400 1906 οὐδαμῶς
2417 1837 2536 1890 οὑδὲ
2555 1836 2664 1890 τῶν
2682 1838 2788 1910 πρὸ
2805 1838 2989 1905 αὑτοῦ,
3014 1839 3133 1893 οὑδὲ
3155 1839 3316 1903 αὑτὸς
3332 1839 3547 1894 οἴκοθεν

1965 1935 2128 1989 αὑτὸν
2156 1928 2335 2006 εὗρεν,
2363 1936 2479 1990 ἀλλ’
2507 1939 2536 1990 6
2572 1938 2805 2009 Χριστὸς
2839 1939 3030 1992 ἐαυτὸν
3082 1937 3419 2009 ἐφανέρωσε.
3451 1936 3547 1992 Διὸ

1967 2034 2062 2088 καὶ
2096 2034 2300 2102 ἔλεγεν·
2333 2037 2456 2104 Οὐχ
2495 2036 2660 2106 ὑμεῖς
2705 2053 2783 2106 με
2821 2036 3203 2102 ἐξελέξασθε,
3237 2036 3376 2091 ἀλλ’
3427 2035 3548 2106 ἐγὼ

1966 2133 2336 2203 ἐξελεξάμην
2360 2134 2533 2204 ὑμᾶς’
2575 2136 2698 2189 ἐπεὶ
2727 2137 2872 2198 τίνος
2924 2136 3109 2190 ἐνεκεν
3143 2133 3284 2207 δρῶν
3316 2134 3395 2205 τῷ
3421 2135 3541 2189 ὀνό-

1971 2245 2101 2298 ματι
2129 2230 2293 2283 αὑτοῦ
2324 2233 2715 2303 ἀνισταμένους
2737 2233 2887 2305 [492]
2913 2235 3159 2306 νεκροὺς,
3185 2234 3285 2287 οὑκ
3301 2234 3547 2286 ἐπίστευ-

1969 2346 2094 2396 σεν;
2135 2331 2307 2402 Ὁρῶν
2332 2332 2441 2402 γὰρ
2474 2333 2645 2404 χωλὸν
2673 2334 2977 2404 βαδίζοντα,
3013 2336 3107 2388 καὶ
3136 2335 3395 2405 δαίμονας
3418 2334 3546 2405 δρα-

1969 2428 2312 2496 πετεύοντας,
2343 2433 2437 2485 καὶ
2482 2432 2884 2504 παραλυτικοὺς
2933 2435 3354 2505 σφιγγομένους,
3395 2434 3549 2487 οὐδὲν

1968 2529 2291 2600 ἐκαρποῦτο·
2316 2532 2434 2585 οὑδέ
2473 2532 2582 2604 γὰρ
2617 2533 2803 2604 ἠγνόει
2833 2533 3004 2588 ταῦτα
3035 2535 3065 2587 ό
3089 2533 3232 2587 οὑτω
3256 2551 3548 2605 περιεργα-

1964 2633 2190 2705 ζόμενος
2209 2635 2335 2698 τοὺς
2361 2635 2710 2698 ἀποστόλους.
2746 2636 2856 2689 Καὶ
2882 2635 3155 2706 Στεφάνου
3174 2637 3230 2689 66
3255 2635 3546 2706 λιθαζομέ-

1963 2751 2075 2798 νου,
2105 2732 2294 2806 παρὼν
2319 2735 2413 2788 καὶ
2441 2734 2565 2789 ίδὼν
2591 2735 2652 2789 τὸ
2667 2735 2955 2806 πρόσωπον
2969 2735 3133 2789 αὑτοῦ
3157 2735 3233 2798 ώς
3246 2735 3545 2806 πρόσωπον

1964 2833 2218 2903 ἀγγέλου,
2253 2833 2403 2888 οὐδὲν
2432 2834 2680 2888 ἐντεῦθεν
2712 2834 2803 2888 ἐκέ
2814 2836 2992 2906 ρδανε.
3023 2835 3147 2898 Πῶς
3167 2830 3260 2888 οῦν
3286 2835 3437 2888 οὐδὲν
3459 2837 3547 2888 ἐν·

1962 2935 2138 2990 ταῦθα
2165 2935 2483 3006 ἐκέρδανεν;
2507 2936 2630 2989 Ὀτι
2663 2935 2874 2990 οὐδέπω
2903 2931 2972 3007 ἦν
3009 2935 3367 3007 κεκλημένος.

2035 3034 2108 3086 Σὺ
2147 3031 2204 3086 δὲ
2252 3032 2465 3088 ἀκούων
2497 3032 2692 3096 ταῦτα,
2733 3033 2809 3104 μὴ
2854 3033 3201 3104 ἀναγκαστὴν
3227 3033 3326 3104 τὴν
3355 3033 3549 3105 κλῆσιν

1965 3128 2105 3188 εἶναι
2126 3132 2334 3202 νόμιζεο
2358 3132 2482 3186 οὑδέ
2509 3133 2618 3203 γὰρ
2641 3132 2940 3201 ἀναγκάζει
2959 3135 2988 3186 ό
3020 3131 3170 3196 Θεὸς,
3208 3131 3324 3184 ἀλλ’
3353 3131 3548 3201 ἀφίησι

1967 3233 2188 3306 κυρίους
2204 3228 2344 3287 εἶναι
2376 3232 2751 3304 προαιρέσεων
2776 3231 2872 3286 καὶ⁸
2911 3231 3048 3302 μετὰ
3074 3231 3171 3302 τὴν
3191 3231 3402 3302 κλῆσιν.
3437 3231 3549 3284 Καὶ

1967 3332 2076 3404 γὰρ
2104 3332 2376 3397 Ἰουδαίοις
2401 3331 2750 3401 ἀπεκάλυψεν
2778 3332 2972 3386 ἑαυτὸν
2999 3333 3092 3385 καὶ
3124 3332 3211 3385 ὅτε
3227 3332 3414 3403 ἐχρῆν,
3431 3331 3546 3385 ἀλλ’

1965 3434 2065 3488 οὑκ
2085 3434 2354 3506 ἠθέλησαν
2380 3432 2637 3497 δέξασθαι
2673 3432 2760 3486 διὰ
2786 3432 2884 3503 τὴν
2922 3431 3080 3499 δόξαν
3119 3431 3219 3503 τὴν
3251 3431 3404 3502 παρὰ
3434 3430 3546 3484 τῶν

1967 3531 2288 3604 ἀνθρώπων.
2316 3532 2381 3585 Εἰ
2408 3531 2464 3584 66
2485 3531 2632 3600 λέγοι
2654 3548 2737 3595 τις
2765 3531 2876 3584 τῶν
2909 3531 3172 3596 ἀπίστων,
3198 3531 3359 3584 πόθεν
3387 3529 3548 3600 δῆλον

1967 3633 2050 3686 ὅτι
2091 3632 2301 3685 Παῦλον
2341 3631 2599 3686 ἐκάλεσεν
2652 3631 2713 3695 ἐξ
2743 3631 2994 3700 ούρανοῦ,
3037 3631 3129 3684 καὶ
3157 3631 3414 3702 ἐπείσθη;
3458 3631 3547 3684 διὰ

1966 3733 2020 3786 τί
2045 3732 2154 3804 γὰρ
2185 3733 2259 3805 μὴ
2285 3734 2378 3787 καὶ
2404 3733 2503 3804 ἐμὲ
2533 3733 2790 3788 ἐκάλεσεν
2811 3750 2825 3802 ;
2851 3734 3027 3787 ἐκεῖνο
3048 3734 3184 3804 πρὸς
3205 3731 3367 3786 αὑτὸν
3388 3731 3547 3804 ἐροῦο

1973 3859 2091 3914 μεν⁹
2114 3842 2386 3904 πιστεύεις
2418 3842 2593 3910 τοῦτο,
2622 3843 2744 3896 είπέ
2776 3861 2888 3914 μοι,
2915 3837 2962 3896 ὦ
3000 3842 3290 3913 ἄνθρωπες
3331 3841 3546 3896 Οὐκοῦν

1970 3947 2020 3999 εἰ
2054 3944 2346 4009 πιστεύεις,
2375 3946 2536 4016 ἀρκεῖ
2555 3962 2636 3998 σοι
2665 3946 2744 4008 είς
2777 3947 3021 4015 σημεῖον.
3048 3945 3112 3997 El
3163 3945 3263 4014 μὲν
3285 3943 3394 4013 γὰρ
3418 3945 3548 3996 ἁπι-

1971 4047 2116 4108 στεῐς
2146 4045 2228 4098 ὅτι
2255 4044 2508 4098 ἐκάλεσεν
2541 4044 2600 4108 ἐξ
2634 4041 2888 4112 ούρανοῦ,
2923 4043 3040 4106 πῶς
3056 4042 3254 4110 λέγεις,
3275 4041 3362 4095 διὰ
3386 4041 3438 4095 τί

1971 4151 2065 4205 καὶ
2080 4151 2179 4221 ἐμὲ
2197 4149 2489 4216 ἐκάλεσεν;
2519 4151 2568 4202 εί
2587 4149 2643 4202 δὲ
2666 4147 2941 4211 πιστεύεις
2972 4149 3056 4202 ὅτι
3079 4147 3354 4211 ἐκάλεσεν,
3388 4148 3550 4219 ἀρκεῖ

1972 4272 2055 4309 σοι
2100 4254 2259 4308 τοῦτο
2296 4255 2375 4318 εἰς
2405 4256 2650 4325 σημεῖον.
2682 4253 2912 4307 Πίστευε
2942 4252 3142 4308 τοίνυν·
3187 4253 3283 4306 καλ⁸
3316 4253 3427 4324 γὰρ
3452 4255 3548 4307 καὶ

1973 4361 2034 4416 σὲ
2064 4361 2216 4415 καλεῖ
2239 4360 2298 4427 ἐξ
2322 4359 2574 4431 ούρανοῦ,
2597 4359 2692 4413 ἐὰν
2723 4359 2900 4430 ψυχὴν
2933 4358 3249 4430 εὐγνώμονα
3275 4359 3423 4430 ἔχῃς’
3447 4356 3545 4425 ὡς,

1972 4461 2066 4515 ἐὰν
2080 4459 2347 4531 ἀγνώμων
2367 4458 2434 4534 ᾖς
2447 4462 2539 4513 καὶ
2553 4460 2999 4532 διεστραμμένος,
3025 4458 3222 4513 οὐδὲτὸ
3248 4456 3545 4528 ἐνεχθῆναι

1974 4583 2056 4620 σοι
2086 4566 2268 4638 φωνὴν
2317 4565 2524 4620 ἄνωθεν
2576 4567 2799 4637 ἀρκέσει
2842 4567 2922 4630 είς
2971 4565 3267 4636 σωτηρίαν.
3311 4563 3548 4628 Ποσάκις

1973 4672 2103 4741 γοῦν
2129 4671 2368 4742 ἡκουσαν
2391 4671 2442 4723 οί
2469 4669 2715 4723 ’1ουδαῖοι
2745 4669 2932 4740 φωνῆς
2957 4669 3017 4734 ἐξ
3046 4669 3275 4741 ούρανοῦ
3313 4669 3527 4740 φερομά

1973 4796 2092 4850 νης,
2121 4778 2213 4832 καὶ
2237 4778 2336 4831 οὑκ
2369 4776 2728 4842 ἐπίστευσαν;
2765 4776 2905 4830 πόσα
2932 4770 3070 4830 εἶδον
3103 4779 3323 4847 σημεῖα,
3367 4777 3462 4829 καὶ
3491 4777 3543 4829 ἐν

1973 4885 2040 4954 τῇ
2063 4884 2260 4953 Καινῇ,
2307 4882 2402 4934 καὶ
2430 4881 2487 4933 ἐν
2516 4882 2583 4951 τῇ
2615 4881 2846 4952 Παλαιᾷ,
2873 4881 2968 4934 καὶ
3005 4880 3106 4934 οὑκ
3147 4881 3393 4948 ἐγένοντο
3427 4879 3551 4949 βελ-

1973 4985 2154 5049 τίους;
2208 4983 2347 5037 ’Δλλ’
2401 4985 2459 5036 ἐν
2497 4983 2595 5054 μὲν
2647 4986 2712 5055 τῇ
2755 4983 2984 5054 Παλαιᾷ,
3013 4975 3160 5037 οῦτοι
3203 4984 3341 5054 μετὰ
3381 4985 3551 5056 μυρία

1979 5089 2231 5161 θαύματα
2257 5089 2760 5160 ἐμοσχοποίησανοί]
2781 5089 2837 5143 δέ
2869 5089 3215 5160 Ἱεριχουντία
3247 5089 3418 5162 πόρνη
3448 5108 3553 5160 μη-

1980 5193 2069 5248 δὲν
2101 5192 2302 5246 τούτων
2335 5192 2661 5264 θεασαμένη,
2694 5193 2874 5247 πίστιν
2894 5193 3203 5258 ἐπεδείξατο
3235 5193 3550 5265 θαυμαστὴν

1981 5297 2109 5368 περὶ
2134 5299 2258 5362 τοὺς
2286 5299 2681 5362 κατασκόπους.
2699 5299 2810 5351 Καὶ
2831 5299 2888 5352 ἐν
2914 5301 2980 5371 τῇ
3003 5301 3071 5371 γῇ
3110 5299 3166 5352 66
3189 5299 3284 5370 τῆς
3312 5300 3548 5366 ἐπαγγεο

1981 5403 2098 5468 λίας
2115 5398 2259 5458 οῦτοι
2293 5403 2410 5474 μὲν,
2438 5402 2545 5456 τῶν
2565 5403 2801 5474 σημείων
2830 5405 3146 5476 γινομένων,
3171 5402 3360 5473 ἔμενον
3388 5400 3553 5456 λίθων

1983 5509 2444 5582 όιναισθητότεροι⁹
2477 5510 2526 5563 οἱ
2551 5511 2608 5564 δὲ
2635 5509 2910 5563 Νινευῖται
2944 5510 3033 5564 τὸν
3065 5509 3245 5561 Ἰωνᾶν
3279 5506 3550 5577 θεασάμεη

1985 5637 2063 5676 νοι
2089 5619 2266 5692 μόνον,
2284 5619 2605 5677 ἐπίστευσαν
2632 5621 2726 5676 καὶ
2754 5617 3211 5694 μετενόησαν,καὶ
3240 5617 3334 5687 τὴν
3364 5615 3554 5685 θεήλα-
