2022 3103
230 132 282 162 ‘39

228 199 276 217 τον
295 191 379 226 ὀργὴν
392 190 602 227 ἀπεκρούσαντο.
624 193 667 219 Ἐν
675 192 702 218 δὲ
713 194 745 229 τῇ
760 192 914 228 Καινῇ,άπ”
927 190 1013 226 αὐτῆς

217 353 463 465 1

221 386 314 411 -ς,-λ
364 390 396 408 λ.-
443 391 454 404 1

225 391 405 447 ατ·

224 438 250 451 .“
304 438 308 441 Δ
338 453 350 459 ’-
379 438 465 465 ’ῶιι

230 243 474 284 nimeng
489 243 649 278 παρουσίας,
664 245 678 271 6
697 244 746 279 μὲν
765 244 866 281 λῃστὴς
881 243 1013 280 σταυροὺ-

295 281 616 344 Ἤσεκύνησεν·
627 293 702 323 οῦτοι
714 296 742 323 δὲ
749 297 863 333 νεκροὺς
874 296 1014 333 ἐγείροντα

475 349 571 384 ἔδησαν
586 348 825 386 καὶὲσταύρωσαν.

304 434 530 475 κθῖῷτμῶικ
544 441 610 476 Οὐχὶ
621 440 676 476 πῦρ
693 441 725 468 ὲκ
744 440 791 467 τοῦ
812 440 888 474 ναοῦ,
910 441 943 468 ὲκ
961 440 1016 467 τῶν

231 491 363 526 θεμελίων
379 492 432 519 τῶν
452 493 481 520 ὲν
505 493 698 530 Ἰεροσολύμοις
720 494 875 530 ἐκπηδῆσαν
899 494 1017 530 ὲφήλατο

229 544 285 575 τοῖς
308 543 491 580 οἰκοδομοῦσι,
513 546 561 573 καὶ
575 545 661 579 οὕτως
681 547 780 579 αὐτοὺς
803 547 940 582 ἀπέστησε
966 547 1017 582 τῆς

230 596 391 631 παρανόμου
420 597 481 624 τότε
500 598 711 635 ὲπιχειρήσεως;
731 599 788 626 ἀλλ’
802 600 876 635 ὅμως
896 599 926 626 οὐ
954 608 1018 635 μετ-

229 649 383 682 εϐάλλοντο,
400 650 460 677 οὐδὲ
469 651 600 680 ἀπέθεντο
618 652 667 689 τὴν
680 652 818 689 πώρωσιν.
832 653 907 681 Πόσα
916 652 944 679 δὲ
957 652 1016 680 ἓτε-

232 710 267 737 ρα
283 701 378 737 γέγονε
397 705 455 738 μετ’
469 704 557 731 ἐκεῖνο
565 704 691 741 θαύματα
702 705 772 738 τότε,
781 706 828 733 καὶ
840 706 915 733 οὐδὲν
931 705 1019 732 ἐντεῦ-

230 754 275 781 θεν
288 754 453 791 ἑκέρδαναν;
468 754 524 784 οἷον
548 758 562 785 ὸ
581 759 713 795 κεραυνὸς
730 760 745 785 6
759 759 830 787 κατὰ
843 759 893 793 τῆς
914 759 1018 795 ὀροφῆς

232 808 278 834 τοῦ
299 809 363 835 ναοῦ
378 809 425 836 τοῦ
446 811 613 844 ’Λπόλλωνος
629 812 810 849 κατενεχθείς’
829 814 844 839 ὁ
858 813 904 840 τοῦ
923 812 1017 849 δαίμο-

232 868 277 891 νος
291 860 375 887 αὐτοῦ
391 861 486 888 τούτου
508 863 642 899 χρησμὸς,
661 864 692 895 ὃς
703 864 748 891 τδν
762 865 821 892 τότε
842 864 1017 900 βασιλεύοντα

230 913 372 947 ἠνάγκαζε
384 916 541 950 μετακινεῖν
556 916 600 943 τὸν
614 916 727 953 πλησίον
742 918 867 952 κείμενον
879 918 1016 955 μάρτυρα,

228 963 326 999 λέγων·
345 965 383 1001 μὴ
396 966 526 994 δύνασθαι
534 968 711 1003 φθέγγεσθαι,
725 970 777 1002 ἕως
785 970 818 998 ἂν
833 970 882 1007 τὴν
895 971 1017 1007 λάρνακα

227 1016 277 1052 τὴν
292 1017 396 1045 ἐκείνου
408 1018 494 1056 βλέπῃ
510 1020 633 1056 πλησίον·
654 1022 701 1049 καὶ
715 1022 769 1058 γὰρ
788 1022 820 1050 ὲκ
835 1024 963 1058 γειτόνων
982 1022 1018 1060 ἦν

228 1070 354 1105 κειμένη.
371 1071 449 1099 Μετὰ
457 1072 551 1101 τοῦτον
569 1073 660 1105 πάλιν,
677 1075 691 1101 6
701 1075 772 1107 θεῖος
787 1077 801 1102 6
817 1076 913 1103 τούτου
928 1077 968 1108 εἰς
983 1077 1017 1105 τά

227 1122 291 1158 ἱερὰ
328 1125 412 1160 σκεύη
448 1126 605 1162 ἐνυϐρίσας,
636 1128 867 1165 σκωληκόϐρωτος
898 1131 1017 1166 γεγονὼς

226 1173 351 1206 δξέψυξε·
368 1174 416 1201 καὶ
432 1176 447 1202 6
468 1177 571 1212 ταμίας
587 1177 615 1204 δὲ
630 1178 684 1205 τῶν
705 1177 851 1213 βασιλικῶν
868 1181 1021 1216 χρημάτων

229 1223 263 1249 δι’
278 1224 377 1259 ἑτέραν
389 1227 562 1262 παρανομίαν
576 1227 617 1259 εἰς
630 1227 679 1264 τὴν
695 1228 859 1265 Ἐκκλησίαν
877 1231 923 1257 ὑπ’
934 1232 1016 1259 αὐτοῦ

228 1274 391 1311 γενομένην,
409 1276 492 1311 μέσον
506 1276 630 1313 λακήσας
642 1277 775 1306 ἀπώλετο.
788 1280 874 1308 Πάλιν
886 1281 913 1308 αἱ
928 1282 1017 1317 πηγαὶ

229 1323 260 1350 αἰ
275 1325 341 1360 παρ’
354 1326 465 1361 ήμῖν,αἰ
473 1327 587 1354 νικῶσαι
600 1327 721 1365 τῷμθὸ]
732 1330 847 1365 ῥεύματι
860 1332 924 1363 τοὺς
932 1340 1017 1359 ποτα-

229 1374 307 1409 μοὺς,
318 1375 417 1411 ἁθρόον
425 1376 525 1411 ἔφυγον
533 1378 580 1405 καὶ
592 1377 783 1416 ἀπεπήδησαν,
797 1381 931 1417 μηδέποτε
938 1381 1018 1409 τοῦτο

228 1424 364 1453 παθοῦσαι
380 1426 523 1463 πρότερονζ
538 1429 596 1456 ἀλλ’
612 1430 657 1456 ὅτε
666 1430 775 1463 θυσίαις
787 1432 833 1459 καὶ
845 1433 971 1465 σπονδαῖς
986 1433 1017 1460 τὺ

228 1475 328 1510 χωρίον
342 1477 472 1511 ἑμόλυνεν
492 1479 507 1505 6
528 1478 667 1514 βασιλεύς.
681 1480 714 1507 Τί
729 1482 761 1508 ἄν
774 1490 817 1514 τις
831 1483 902 1509 εῖποι
920 1483 965 1510 τὸν
977 1483 1017 1510 λι-

228 1524 280 1559 μὺν
291 1525 338 1552 τὸν
354 1528 493 1563 πανταχοῦ
500 1529 550 1564 τῆς
561 1530 724 1567 οἰκουμένης
742 1532 812 1568 μετὰ
824 1533 870 1559 τοῦ
887 1533 1017 1568 βασιλέως

226 1576 288 1607 ταῖς
304 1576 397 1603 πόλεσι
415 1580 629 1613 συνεμπεσόντα,
653 1582 735 1609 αὐτοῦ
751 1582 798 1609 τοῦ
821 1582 952 1618 βασιλέως
970 1584 1016 1611 τὸν

228 1624 352 1658 θάνατον,
367 1627 412 1654 τδν
429 1629 458 1655 ὲν
476 1631 509 1665 τῇ
521 1630 633 1666 Περσῶν
647 1631 734 1668 χώρᾳ,
749 1633 798 1669 τὴν
810 1633 862 1669 πρὸ
877 1634 923 1660 τοῦ
936 1634 1017 1661 θανά-

227 1681 273 1701 του
286 1675 403 1711 ἀπάτην,
419 1678 449 1704 τὺ
461 1680 641 1713 στρατόπεδον
659 1681 688 1708 τὸ
706 1682 736 1708 ἐν
749 1683 844 1717 μέσοις
860 1684 1015 1719 ἀποληφθὲν

226 1726 284 1756 τοῖς
292 1725 448 1761 βαρϐάροις,
463 1729 588 1765 καθάπερ
601 1731 630 1757 ὲν
645 1732 748 1768 σαγήνῃ
762 1734 815 1759 τινὶ
827 1730 876 1757 καὶ
887 1733 1014 1766 δικτύοις,

227 1775 277 1811 τὴν
292 1776 385 1804 ἄνοδον
405 1777 509 1806 ἐκεῖθεν
526 1779 574 1815 τὴν
603 1780 761 1820 θαυμαστήν
781 1792 828 1809 και
845 1786 1012 1820 παράδοξονς

234 1826 343 1863 Ἐπειδὴ
359 1828 414 1864 γὰρ
425 1830 439 1856 6
452 1829 503 1864 μὲν
515 1830 617 1866 ἀσεϐὴς
632 1819 760 1867 βασιλεὺς
771 1833 867 1861 ἔπεσεν
880 1819 1014 1871 ἐλεεινῶς,

225 1875 323 1912 ιτερος
339 1877 367 1905 δὲ
379 1878 494 1915 εὐσεϐὴς
508 1879 653 1914 διεδέξατο,
663 1882 752 1910 πάντα
763 1883 862 1916 εὐθέως
879 1885 971 1913 ἐλύετο
981 1888 1015 1916 τὰ

225 1925 311 1953 δεινά·
323 1928 371 1954 καὶ
386 1929 411 1958 οἱ
423 1929 452 1955 ὲν
466 1929 558 1965 μέσοις
580 1931 741 1967 εἰλημμένοι
760 1933 889 1966 δικτύοις.
906 1936 952 1963 καὶ
968 1937 1014 1963 οὺ-

224 1976 325 2011 ιῦεμίαν
341 1978 489 2014 οὐδαμόθεν
508 1980 624 2014 διέξοδον
649 1982 758 2017 ἔχοντες
779 1984 953 2019 στρατιῶται,
966 1987 1013 2014 τοῦ

224 2027 295 2054 Θεοῦ
309 2027 401 2056 λοιπὸν
416 2030 570 2063 νεύσαντος,
579 2031 633 2059 τῶν
650 2031 796 2068 βαρϐάρων
812 2035 1014 2070 ἀπαλλαγέντες

227 2078 298 2112 μετὰ
314 2079 464 2114 ἀσφαλείας
479 2082 632 2118 ἐπανῄεσαν
649 2084 767 2119 ἁπάσης.
787 2083 878 2112 Ταῦτα
890 2086 952 2114 τίνα
964 2087 1013 2123 οὐχ

227 2128 308 2155 ίκανὰ
322 2130 524 2164 ἑφελκύσασθαι
539 2133 607 2168 πρὸς
623 2133 671 2169 τὴν
684 2134 839 2168 εὐσέϐειαν;
853 2136 894 2163 Τὰ
906 2136 934 2163 δὲ
945 2146 1014 2173 παρ-

223 2180 291 2207 όντα
306 2180 336 2206 οὐ
345 2181 433 2216 πολλῷ
445 2182 548 2209 τούτων
559 2184 782 2221 θαυμαστότερας
797 2186 828 2213 οὗ
840 2187 955 2223 σταυρὸς
968 2198 1014 2224 κη-

225 2228 364 2265 ρύττεται,
381 2230 428 2257 καὶ
444 2232 462 2267 ὴ
487 2232 633 2268 οἰκουμένη
661 2235 838 2270 προστρέχει;
853 2237 883 2263 οὐ
900 2236 1013 2271 θάνατος

226 2279 441 2313 καταγγέλλεται
453 2280 643 2314 ἐπονείδιστος,
668 2283 714 2310 καὶ
727 2284 828 2317 πάντες
842 2286 1010 2323 ὲπιπηδῶσις

228 2328 266 2364 μὴ
277 2328 331 2364 γὰρ
342 2329 392 2356 οὐκ
405 2330 617 2367 ὲσταυρώθησαν
631 2331 738 2369 poples;
757 2334 794 2370 μὴ
820 2335 874 2372 γὰρ
887 2338 947 2372 μετ’
963 2339 1012 2365 αὺ-

225 2378 272 2408 ςοῦ
283 2379 329 2406 τοῦ
342 2380 460 2416 Χριστοῦ
480 2381 541 2417 οὺχί
555 2381 602 2408 δύο
618 2382 715 2418 λῃσταὶ
728 2384 1010 2423 ἀνεσκολοπίσθησαν;

225 2429 265 2464 μὴ
279 2429 331 2466 γὰρ
350 2431 400 2458 οὐκ
413 2431 537 2465 ἐγένοντο
552 2432 645 2459 πολλοὶ
659 2434 735 2468 σοφοί
746 2443 752 2467 ;
768 2435 805 2471 μὴ
822 2436 876 2471 γὰρ
887 2436 938 2464 οὐκ
951 2438 1012 2472 ὲγέ-

223 2487 300 2507 νοντο
310 2480 400 2508 πολλοὶ
414 2480 537 2515 δυνατοί;
553 2482 623 2515 τίνος
638 2483 723 2519 δνομά
738 2493 803 2512 ποτε
824 2485 909 2519 οὕτως
929 2488 1012 2524 ἐκρά-

224 2537 309 2565 suae;
325 2531 372 2558 καὶ
389 2530 415 2557 τί
433 2531 504 2566 λέγω
520 2530 618 2567 σοφοὺς
635 2534 680 2560 καὶ
691 2533 819 2567 δυνατούς
829 2544 835 2568 ;
846 2535 883 2572 μὴ
895 2537 949 2573 γὰρ
961 2538 1011 2567 οὐκ

224 2578 349 2612 ἐγένοντο
362 2579 481 2614 βασιλεῖς
489 2581 604 2614 ἐπίδοξοι
614 2591 621 2615 ;
633 2583 674 2615 τίς
687 2583 758 2611 οὕτω
774 2586 948 2621 περιεγένετο
961 2589 1011 2624 τῆς

224 2629 387 2665 οἰκουμένης
400 2630 429 2657 ἐν
448 2631 546 2667 βραχεῖ
560 2633 598 2668 τῷ
623 2634 729 2670 χρόνῳ;
747 2635 791 2671 Μὴ
815 2636 868 2670 γάρ
884 2645 929 2672 μοι
948 2637 1010 2668 λέγε

226 2679 274 2712 τὰς
290 2680 410 2716 αἱρέσεις
430 2682 480 2713 τὰς
497 2683 621 2714 ποικίλας
646 2685 693 2711 καὶ
710 2685 890 2718 παντοδαπάς·
910 2687 1010 2721 πάντες

228 2730 279 2765 γὰρ
292 2731 337 2757 τὸν
351 2731 431 2758 αὑτὸν
444 2732 560 2768 Χριστὸν
577 2734 768 2770 κηρύττουσιν,
785 2736 808 2762 εἰ
818 2737 864 2763 καὶ
876 2737 913 2772 μὴ
927 2738 1010 2772 ὑγιῶς

225 2779 335 2812 πάντες,
355 2780 412 2807 ἀλλ’
422 2782 525 2809 ἐκεῖνον
541 2783 586 2809 τὸν
595 2783 623 2809 ἐν
636 2783 799 2821 Παλαιστίνῃ
815 2786 914 2819 πάντες
924 2797 1009 2824 προσ-

224 2829 335 2859 κυνοῦσι
363 2832 563 2869 σταυρωθέντα,
592 2833 637 2862 τὸν
665 2834 712 2861 ἐπὶ
739 2836 852 2864 Ποντίου
882 2837 1008 2866 Πιλάτου.

578 136 608 164 5.
625 135 768 163 JOANNIS
786 133 1014 163 CHRYSOSTON

1064 132 1212 158 IHCIIIEP.
1233 132 1340 159 (ιυριδί
1348 132 1505 159 ANTINOP.

1796 133 1848 162 ιοο

1066 189 1159 217 Ταῦτα
1177 186 1223 217 οὗν
1234 189 1265 216 οῦ
1279 189 1354 216 δοκεῖ
1365 189 1415 225 τῆς
1426 189 1567 225 δυνάμεως
1581 188 1664 217 αὐτοῦ
1682 189 1850 226 σαφεστέραν

1064 231 1136 281 ἔχειν
1149 244 1287 278 ἀπόδειξιν
1306 244 1356 280 τῆς
1384 245 1476 279 φωνῆς
1496 243 1602 279 ἐκείνης
1626 243 1675 279 τῆς
1691 244 1720 277 ὲξ
1735 243 1850 279 οὐρανοῦ

1065 298 1286 333 κατενεχθείσης;
1305 297 1355 324 Διὰ
1368 297 1395 323 τί
1411 297 1467 332 γὰρ
1482 296 1575 332 μηδεὶς
1592 296 1664 323 οὕτω
1677 305 1851 332 περιεγενετο

1065 352 1190 388 βασιλεὺς
1205 353 1242 384 ὡς
1258 349 1334 384 οὗτος
1350 352 1497 388 ἐκράτησε,
1513 351 1560 378 καὶ
1576 350 1662 378 ταῦτα
1680 352 1785 386 μυρζων
1805 351 1851 378 δν-

1065 415 1118 433 των
1129 406 1184 433 τῶν
1201 406 1369 441 κωλυμάτων
1381 413 1387 438 ;
1407 405 1454 432 καὶ
1466 404 1521 439 γὰρ
1535 404 1654 439 βασιλεῖς
1667 404 1850 440 ἐπολέμησαν,

1065 462 1114 488 καὶ
1128 461 1256 498 τύραννοι
1275 460 1472 497 παρετάξαντο,
1484 460 1531 487 καὶ
1548 459 1627 495 δῆμοι
1641 459 1740 491 πάντες
1757 468 1820 486 κατε
1826 459 1852 491 ξ-

1066 516 1228 552 ανέστησαν,
1260 517 1307 544 καὶ
1324 516 1357 543 τὰ
1381 516 1503 552 ἡμέτερα
1526 516 1601 551 ὅμως
1625 516 1675 542 οὐκ
1693 515 1853 550 ἠλαττοῦτο,

1066 571 1133 598 ἀλλὰ
1145 571 1193 598 καὶ
1211 571 1311 607 μᾶλλον
1321 571 1499 607 λαμπρότερα
1510 570 1623 605 ἐγίνετο.

1101 638 1187 665 Πόθεν
1199 637 1256 670 οὖν,
1272 638 1368 665 είπατέ
1393 647 1448 674 μοι,
1470 639 1487 673 ἡ
1507 636 1625 672 τοσαύτη
1651 636 1743 672 ἰσχύς;
1758 636 1853 670 Μάγος

1066 688 1110 726 ἦν,
1124 690 1200 726 φησί.
1219 690 1307 722 Μόνος
1323 689 1369 717 οὖν
1390 687 1467 721 οὗτος
1483 689 1570 725 μάγος
1596 688 1716 720 τοιοῦτος
1729 688 1854 722 ὲγένετο;

1067 740 1179 772 Πάντως
1190 739 1334 775 ἠκούσατε.
1346 740 1386 766 ὅτι
1401 740 1448 767 καὶ
1470 740 1545 775 παρὰ
1564 740 1684 775 Πέρσαις
1697 738 1744 766 καὶ
1764 738 1855 770 Ἰνδοῖς

1068 790 1159 816 πολλοὶ
1170 790 1296 825 γεγόνασι
1310 791 1402 826 μάγοι,
1415 791 1462 818 καὶ
1474 791 1542 818 εἰσὶν
1555 791 1595 818 ἐτι
1609 791 1656 818 καὶ
1664 791 1722 818 νῦν·
1740 791 1795 817 ἀλλ’
1810 790 1856 817 οὐ-
1892 812 1899 820 ,

1066 842 1095 869 δὲ
1113 843 1197 878 δνομα
1211 843 1300 870 αὐτῶν
1317 844 1390 870 ἐστιν
1411 844 1539 880 οὐδαμοῦ.
1561 844 1630 871 Ἀλλ’
1645 846 1659 871 6
1682 845 1716 870 ὲκ
1731 844 1854 876 Τυάνων,

1067 896 1160 930 φησὶν,
1174 895 1310 928 ἀπατεὼν,
1321 897 1425 929 ἐκεῖνος
1436 897 1484 924 καὶ
1495 897 1572 932 γόης,
1585 884 1634 924 καὶ
1644 896 1726 928 αὐτὸς
1736 896 1852 932 ἔλαμψε.

1067 946 1124 974 Ποῦ
1132 948 1179 974 καί
1188 949 1273 980 πότε;
1299 949 1343 976 Ἐν
1358 949 1449 985 μικρῷ
1464 949 1540 985 μέρει
1552 949 1601 984 τῆς
1617 949 1790 985 οἰκουμένης,
1807 950 1855 976 καὶ

1068 998 1136 1034 πρὸς
1155 998 1258 1034 βραχὺν
1279 999 1384 1035 χρόνον,
1410 999 1458 1026 καί
1479 999 1597 1034 ἐσϐέσθη
1617 1000 1723 1034 ταχέως
1738 999 1786 1025 καὶ
1801 999 1856 1024 άπ-

1067 1049 1159 1082 ώλετο,
1171 1051 1221 1078 οὐκ
1244 1051 1405 1087 Ἐκκλησίαν
1416 1051 1583 1084 καταλιπὼν,
1592 1052 1621 1078 οὐ
1637 1051 1711 1082 λαὸν,
1726 1051 1775 1078 οὐκ
1791 1050 1856 1078 ἄλλο

1067 1113 1093 1130 τι
1115 1104 1235 1131 τοιοῦτον
1258 1104 1345 1132 οὐδὲν.
1362 1105 1418 1131 Καὶ
1434 1105 1461 1132 τί
1478 1105 1549 1139 λέγω
1566 1105 1669 1140 μάγους
1690 1104 1737 1130 καὶ
1753 1103 1856 1138 γόητας

1066 1156 1130 1187 τοὺς
1147 1155 1326 1190 σϐεσθένταςς
1340 1156 1421 1183 πόθεν
1435 1156 1470 1183 τὰ
1482 1156 1536 1183 τῶν
1547 1156 1616 1183 θεῶν
1633 1156 1737 1192 ἐπαύθη
1753 1155 1854 1189 πάντα,

1067 1207 1115 1234 καὶ
1125 1208 1139 1234 ὁ
1154 1208 1320 1240 Δωδωναῖος,
1334 1208 1381 1235 καὶ
1391 1208 1405 1235 6
1421 1209 1549 1244 Κλάριος,
1559 1208 1606 1235 καὶ
1620 1208 1710 1235 πάντα
1723 1208 1756 1235 τὰ
1769 1216 1856 1242 πονη-

1068 1258 1104 1294 ρὰ
1117 1258 1203 1286 ταῦτα
1213 1260 1382 1296 ἐργαστήρια
1400 1262 1464 1296 σιγᾷ
1482 1263 1530 1290 καὶ
1549 1259 1856 1296 ἐπεστόμισταιςΠόθεν

1067 1308 1113 1337 οῦν
1128 1311 1158 1337 οὐ
1172 1311 1267 1338 τοῦτον
1289 1311 1369 1347 μόνον
1383 1312 1430 1339 τὸν
1447 1312 1649 1347 σταυρωθέντα,
1667 1312 1736 1339 ἀλλὰ
1753 1312 1801 1338 καὶ
1820 1311 1856 1349 τὰ

1067 1361 1142 1399 [494]
1149 1364 1215 1390 ὀστᾶ
1225 1364 1279 1390 τῶν
1294 1364 1364 1399 ὑπὲρ
1378 1363 1460 1391 αὐτοῦ
1469 1364 1625 1399 σφαγέντων
1641 1364 1790 1399 πεφρίκασι
1799 1363 1855 1390 δαί-

1069 1423 1148 1450 μονες
1157 1424 1163 1448 ;
1173 1416 1246 1447 τίνος
1262 1415 1290 1442 δὲ
1302 1416 1396 1443 ἕνεκεν
1404 1417 1451 1443 καὶ
1464 1416 1579 1452 σταυρὸν
1593 1416 1736 1448 ἀκούοντες
1746 1417 1856 1453 ἀποπη-

1067 1467 1132 1494 δῶσι
1143 1477 1150 1501 ;
1162 1468 1217 1494 Καὶ
1232 1468 1286 1505 μὴν
1303 1469 1456 1505 καταγελᾷν
1465 1469 1528 1496 ἕδει-
1548 1469 1586 1505 μὴ
1601 1470 1655 1506 γὰρ
1671 1470 1795 1505 λαμπρὸν
1806 1470 1854 1497 καὶ

1066 1520 1200 1556 ἐπίσημον
1222 1521 1236 1548 6
1258 1521 1390 1557 σταυρόςς
1410 1522 1571 1549 Τοὺναντίον
1597 1522 1646 1557 μὲν
1661 1520 1719 1555 οῦν,
1738 1522 1852 1558 αἰσχρὸν

1066 1573 1113 1599 καὶ
1125 1573 1315 1601 ἐπονείδιστον.
1329 1574 1448 1607 Θάνατος
1467 1574 1521 1611 γάρ
1535 1575 1592 1601 ἐστι
1607 1575 1762 1602 καταδίκου·
1772 1574 1855 1602 θάνα-

1065 1624 1111 1656 τός
1122 1625 1196 1651 ἐστιν
1211 1626 1225 1652 6
1239 1625 1333 1653 κακῶν
1346 1626 1474 1663 ἔσχατος,
1486 1628 1533 1654 καὶ
1548 1628 1624 1664 παρὰ
1643 1627 1779 1659 Ἰουδαίοις
1804 1628 1855 1654 ἐπ-

1066 1676 1176 1710 άρατος,
1193 1677 1239 1704 καί
1254 1678 1329 1714 παρὰ
1338 1679 1450 1715 Ἕλλησι
1459 1679 1611 1714 βδελυκτός.
1625 1680 1710 1707 Πόθεν
1720 1677 1765 1707 οὖν
1772 1679 1853 1707 αὐτὸν

1065 1729 1251 1760 ἐδεδοίκεισαν,
1259 1731 1401 1767 δαίμονες;
1413 1729 1457 1767 ἄρ’
1469 1731 1518 1758 οὐκ
1530 1732 1583 1758 ἀπὸ
1596 1734 1646 1768 τῆς
1658 1732 1705 1758 τοῦ
1729 1741 1850 1767 σταυρω⁴

1066 1780 1156 1812 θέντος
1167 1780 1324 1816 δυνάμεως;
1340 1782 1370 1807 Εί
1382 1784 1435 1820 γὰρ
1448 1785 1514 1812 αὐτὸ
1525 1785 1586 1811 καθ’
1599 1785 1679 1811 ἑαυτὸ
1693 1784 1723 1811 τὸ
1737 1785 1853 1819 πρᾶγμα

1066 1831 1256 1867 ἐδεδοίκεισαν,
1279 1833 1396 1869 μάλιστα
1420 1834 1469 1870 μὲν
1499 1832 1545 1861 οὖν
1566 1835 1613 1862 καὶ
1638 1834 1716 1861 τοῦτο
1741 1835 1853 1868 ἀνάξιον

1065 1884 1144 1912 θεῶν·
1167 1885 1238 1922 πλὴν
1252 1886 1344 1913 πολλοὶ
1363 1887 1410 1914 καὶ
1429 1887 1482 1922 πρὸ
1504 1886 1596 1919 αὐτοῦ,
1622 1887 1669 1914 καὶ
1688 1887 1746 1922 μετ’
1768 1888 1852 1916 αὑτὸν

1064 1939 1287 1975 ὲσταυρώθησαν,
1299 1940 1346 1967 καὶ
1362 1940 1420 1976 μετ’
1429 1940 1511 1967 αὐτοῦ
1521 1940 1550 1967 δὲ
1561 1939 1617 1967 δύο.
1632 1939 1664 1966 Τί
1672 1938 1728 1972 οῦν,
1744 1941 1768 1967 εἰ
1777 1940 1852 1969 είποι

1063 2000 1116 2025 τις,
1131 1992 1161 2018 ἐν
1180 1991 1292 2027 ὀνόματι
1306 1991 1353 2019 τοῦ
1371 1991 1469 2027 λῃστοῦ
1479 1992 1527 2018 τοῦ
1540 1992 1751 2028 σταυρωθέντος,
1768 1992 1786 2029 ἢ
1801 1992 1850 2021 τοῦ

1063 2045 1158 2078 δεῖνος,
1172 2045 1188 2080 ἢ
1210 2044 1258 2072 τοῦ
1275 2045 1371 2078 δεῖνος,
1387 2044 1513 2080 φεύξεται
1530 2046 1545 2072 ὁ
1566 2046 1688 2082 δαίμων;
1706 2047 1851 2082 Οὐδαμῶς,

1064 2097 1132 2124 ἀλλὰ
1142 2098 1188 2124 καὶ
1195 2097 1348 2132 γελάσεται.
1366 2097 1430 2124 Ἐὰν
1445 2098 1473 2124 δὲ
1484 2097 1531 2125 τδν
1549 2098 1653 2133 Ἰησοῦν
1670 2099 1790 2135 προσθῇς
1802 2099 1850 2127 τὸν

1063 2150 1233 2186 Ναζωραῖον,
1241 2150 1366 2187 καθάπερ
1376 2150 1430 2178 ἀπὸ
1442 2150 1526 2186 πυρός
1535 2159 1607 2183 τινος
1615 2152 1753 2187 φεύγουσι.
1762 2153 1794 2179 Τί
1801 2150 1850 2180 οὖν

1063 2201 1097 2228 ἂν
1112 2202 1213 2236 εἷποις;
1226 2202 1308 2229 πόθεν
1322 2203 1488 2239 ὲκράτησεν;
1503 2205 1544 2232 ὃτι
1556 2204 1656 2237 πλάνος
1667 2203 1716 2240 ἦν;
1734 2204 1804 2231 Ἀλλ’
1817 2206 1849 2233 οὺ

1062 2253 1174 2281 τοιαῦτα
1187 2254 1268 2281 αὐτοῦ
1278 2255 1312 2281 τὰ
1321 2256 1546 2291 παραγγέλματα·
1553 2256 1640 2289 άλλως
1651 2257 1689 2289 δὲ,
1698 2257 1745 2283 καὶ
1752 2255 1850 2284 πλάνοι

1063 2306 1154 2333 πολλοὶ
1178 2307 1331 2341 γεγόνασιν.
1361 2307 1430 2334 Ἀλλ’
1443 2308 1483 2335 ὅτι
1502 2309 1603 2344 μάγος,
1629 2308 1698 2335 Ἀλλ’
1715 2309 1745 2335 οὺ
1769 2308 1851 2337 τοῦτ)

1064 2360 1199 2394 μαρτυρεῖ
1206 2360 1240 2387 τὰ
1247 2360 1380 2396 δόγματα·
1392 2361 1440 2388 καὶ
1455 2362 1549 2397 μάγων
1558 2361 1643 2398 πολλὴ
1655 2361 1783 2393 πολλάκις
1791 2361 1851 2396 ὲγέ-

1061 2420 1121 2439 νετο
1134 2412 1215 2447 φορά.
1223 2412 1292 2439 Ἀλλ’
1303 2413 1344 2439 δτι
1359 2413 1453 2448 σοφός;
1469 2414 1548 2441 Ἀλλὰ
1563 2414 1640 2449 σοφοὶ
1648 2414 1737 2441 πολλοὶ
1748 2413 1849 2441 πολλά-

1061 2473 1105 2496 κις
1118 2464 1251 2499 ἐγένοντο,
1263 2465 1310 2497 Τίς
1323 2463 1370 2493 οῦν
1380 2465 1466 2498 οὕτως
1480 2467 1647 2502 ἐκράτησεν;
1662 2466 1753 2498 Οὐδεὶς
1772 2467 1849 2494 οὐδέ-

1061 2518 1198 2551 ποτε,οὑδὲ
1204 2519 1273 2546 κατὰ
1280 2519 1374 2555 μικρὸν
1384 2520 1559 2555 ὲγγύς.”Οθεν
1564 2520 1695 2555 δῆλον,ὅτι
1701 2521 1750 2547 οὐκ
1755 2520 1849 2556 ἐπειδὴ

1062 2571 1147 2606 μάγος
1169 2569 1213 2607 ἦν,
1232 2571 1291 2598 οὐδὲ
1309 2572 1350 2598 ὅτι
1373 2571 1473 2605 πλάνος
1493 2570 1537 2609 ἦν,
1557 2572 1615 2600 ἀλλ’
1634 2574 1727 2609 ἐπειδὴ
1743 2573 1848 2601 τούτων

1060 2623 1215 2660 διορθωτὴς,
1236 2624 1284 2651 καὶ
1306 2624 1365 2652 θεία
1385 2625 1498 2660 δύναμίς
1523 2634 1565 2658 τις
1587 2626 1634 2653 καὶ
1661 2625 1776 2661 ἄμαχος,
1801 2626 1848 2653 διὰ

1059 2676 1138 2703 τοῦτο
1159 2677 1206 2704 καὶ
1225 2677 1305 2709 αὐτὸς
1327 2678 1435 2705 πάντων
1454 2679 1636 2714 περιεγένετο,
1657 2680 1703 2706 καὶ
1721 2679 1759 2714 τῷ
1778 2687 1847 2716 σκη-

1060 2728 1157 2764 νοποιῷ
1168 2730 1254 2766 τούτῳ
1268 2730 1400 2767 τοσαύτην
1410 2731 1687 2767 ἐνέπνευσεδύναμιν,
1700 2733 1765 2768 ὅσην
1775 2732 1847 2759 αὐτὰ

1059 2783 1094 2809 τὰ
1111 2783 1258 2819 πράγματα
1278 2786 1419 2821 μαρτυρεῖ.
1437 2785 1594 2821 ’Λνθρωπος
1608 2786 1660 2822 γὰρ
1681 2787 1723 2813 ἐπ’
1742 2786 1847 2822 ἀγορᾶς

1062 2836 1194 2873 ἑστηκὼς,
1214 2837 1278 2874 περὶ
1298 2837 1418 2873 δέρματα
1443 2838 1490 2874 τὴν
1512 2839 1607 2875 τέχνην
1625 2839 1703 2874 ἔχων,
1722 2839 1850 2867 τοσοῦτον
