4044 6206
186 306 280 362 489

182 430 318 479 runt.
345 416 400 473 In
419 430 562 473 novo
588 412 751 470 etiam
774 408 1122 465 Testamento
1145 401 1244 459 sub
1278 398 1561 472 prmsaitia
1599 397 1767 468 ipsius

184 514 400 577 Christi,
453 511 589 565 latro
614 504 831 578 quidem
868 515 990 557 eum
1024 496 1335 555 crucifixum
1368 500 1634 554 cerneret.
1676 489 1771 545 ad-

183 606 384 669 oravit;
408 601 578 657 Judaei
602 611 730 653 vero
755 597 845 666 qui
864 604 986 651 eum
1007 596 1376 662 spectaverant
1395 593 1636 641 mortuos
1655 597 1774 639 sus-

184 701 462 759 citautem,
486 691 858 753 etvinxerunt,
880 694 934 740 et
955 681 1241 737 afﬁxerunt
1256 676 1422 735 cruci.

245 786 452 858 Templi
461 783 491 837 J
498 777 868 851 erosolymitani
880 772 1178 829 instauratio
1191 770 1406 835 irrita,et
1421 768 1524 822 alia
1535 764 1771 836 quaedam

184 884 351 953 signa.
383 854 660 931 Exercitus
683 869 885 924 Iuliani
927 866 1153 921 obsessus
1192 880 1224 917 a
1252 860 1513 915 Barbaris.
1543 888 1613 898 —
1637 854 1776 924 Quid

185 947 365 1027 autem
394 976 568 1023 nostra
595 977 808 1035 quoque
839 967 995 1014 actate
1022 955 1141 1028 (a)?
1164 952 1352 1008 Nonne
1374 965 1438 1005 ex
1466 947 1779 1002 fundamen-

189 1067 253 1119 tis
281 1060 493 1131 templi,
520 1056 663 1128 quod
691 1050 1039 1122 Jerosolymis
1077 1047 1193 1112 fuit,
1222 1044 1362 1114 ignis
1402 1042 1652 1098 exsiliens
1678 1054 1783 1094 au-

190 1158 382 1211 dentes
428 1152 559 1207 illud
599 1148 863 1205 aediﬁcare
891 1139 1259 1211 consumpsit?
1288 1138 1468 1208 sicque
1496 1134 1684 1205 reliqui
1712 1133 1781 1190 ab

191 1248 384 1320 iniquis
408 1242 695 1301 conatibus
722 1239 1062 1297 destiterunt,
1091 1246 1191 1287 nec
1213 1240 1391 1285 tamen
1419 1229 1486 1283 ab
1512 1224 1782 1296 impietate

191 1317 290 1396 δυτι-
308 1348 476 1408 atque
505 1334 747 1391 caecitate
770 1326 1013 1385 conversi
1053 1331 1194 1379 sunt.
1223 1324 1430 1389 Quanta
1457 1334 1583 1374 vero
1622 1317 1782 1373 etiam

194 1439 307 1502 post
346 1430 464 1483 haec
493 1426 593 1480 alia
635 1423 772 1477 facta
816 1427 941 1475 sunt
981 1413 1236 1471 miracula
1267 1412 1330 1466 ‘?
1384 1420 1443 1466 ut
1478 1425 1599 1465 eum
1624 1421 1786 1476 super

198 1519 381 1591 templi
419 1514 682 1587 Apollinis
709 1519 906 1567 tectum
935 1507 1133 1563 fulmen
1162 1504 1403 1573 illapsum
1427 1509 1508 1555 est
1536 1517 1550 1554 :
1580 1510 1640 1554 ut
1663 1512 1785 1552 cum

197 1589 359 1681 ipsius
408 1620 665 1676 responsa
702 1600 960 1658 daemonis
1002 1593 1280 1652 transferri
1306 1607 1337 1647 a
1366 1606 1491 1661 rege
1515 1589 1779 1659 sepultum

193 1680 338 1774 juxta
387 1716 446 1756 se
475 1707 765 1769 martyrem
810 1690 1181 1762 compulerunt
1201 1729 1217 1754 ,
1248 1684 1475 1741 dicentis
1501 1698 1559 1738 se
1595 1680 1788 1750 alloqui

204 1795 423 1849 omnino
466 1805 572 1845 non
601 1801 780 1859 posse,
810 1780 1062 1854 quamdiu
1102 1779 1397 1848 proximam
1436 1774 1576 1828 illius
1612 1784 1790 1826 arcam

204 1886 403 1939 rideret
430 1898 447 1940 :
476 1890 594 1935 erat
622 1891 852 1946 namque
892 1872 1087 1927 vicina.
1131 1869 1260 1924 Post
1299 1880 1419 1937 quae
1446 1863 1613 1933 ipsius
1648 1860 1792 1931 regis

200 1974 513 2037 avunculus,
561 1970 649 2040 qui
698 1966 922 2038 profano
951 1970 1149 2018 attactu
1193 1964 1504 2014 consecrata
1531 1954 1641 2009 Deo
1666 1965 1793 2006 vasa

206 2070 601 2125 temeraverat,
648 2056 917 2114 vermibus
963 2066 1155 2109 exesus
1207 2048 1426 2103 interiit.
1473 2043 1795 2113 Pracpositus

207 2169 422 2226 quoque
447 2152 639 2223 regalis
664 2147 839 2205 aerarii
863 2145 933 2201 ob
958 2144 1115 2198 aliam
1141 2182 1155 2206 ,
1185 2154 1345 2210 quam
1378 2134 1628 2190 Ecclesiae
1657 2133 1796 2186 intu-

206 2249 366 2311 lerat,
418 2244 664 2314 injuriam
717 2239 924 2295 medius
973 2242 1193 2305 repente
1231 2230 1471 2299 diruptus
1520 2233 1602 2280 est
1630 2241 1644 2280 :
1674 2232 1799 2278 tunc

199 2340 366 2394 etiam
411 2313 645 2405 regionis
670 2339 869 2386 nostrae
911 2325 1120 2389 fontes,
1150 2322 1238 2391 qui
1270 2320 1415 2391 prius
1439 2315 1655 2371 flumina
1686 2313 1797 2382 ipsa

198 2443 360 2483 mrsu
409 2403 704 2481 inundante
741 2418 1058 2483 vincebant,
1102 2412 1280 2469 subito
1324 2410 1375 2464 in
1415 2422 1475 2464 se
1512 2403 1802 2461 resiliendo

199 2525 478 2592 Iugerum,
507 2528 797 2587 numquam
824 2511 927 2566 hoc
958 2516 1083 2563 ante
1110 2501 1369 2575 perpessi,
1396 2499 1498 2592 nisi
1523 2504 1800 2592 postquam

200 2584 317 2665 ιοέι
347 2588 438 2663 in:
482 2623 578 2662 rex
622 2584 897 2660 sacriﬁciis
926 2614 989 2653 ac
1020 2594 1252 2653 victimis
1294 2587 1605 2661 inquinavit.
1662 2584 1801 2651 Quid

203 2718 340 2758 rem
366 2702 479 2771 jam
520 2710 814 2752 memorem
860 2691 1052 2746 famem
1100 2695 1210 2742 toto
1236 2697 1454 2755 prorsus
1478 2679 1609 2734 orbe
1635 2687 1805 2732 terra-

205 2812 329 2851 rum
373 2810 502 2849 cum
546 2791 712 2860 impio
738 2803 864 2857 rege
889 2785 1236 2847 dominatam,
1280 2779 1418 2849 regis
1457 2776 1724 2832 interitqu
1752 2774 1806 2826 in

198 2889 425 2957 regione
456 2887 746 2940 Persarum
774 2895 790 2935 :
820 2887 941 2934 ante
968 2884 1194 2931 mortem
1213 2888 1338 2927 vero
1357 2868 1551 2925 mentis
1571 2877 1806 2921 errorem

201 2956 549 3048 perpessum,
575 2974 871 3029 exercitum
894 2970 946 3024 in
972 2964 1149 3022 medio
1170 2962 1515 3018 barbarorum
1538 2956 1805 3015 relictum.

197 3043 255 3126 et
290 3043 530 3137 undique
576 3066 720 3120 velut
767 3059 997 3137 quodam
1047 3062 1159 3111 rete
1185 3052 1513 3113 conclusum,
1578 3043 1809 3101 reditum

200 3178 274 3216 ex
311 3161 421 3215 illis
446 3135 583 3213 locis
620 3136 962 3224 improvisum
988 3159 1148 3218 atque
1172 3140 1499 3198 mirabilem?
1516 3136 1647 3192 Cum
1669 3135 1811 3190 enim

203 3268 340 3323 rege
388 3252 553 3320 impio
602 3242 977 3301 miserabiliter
1022 3240 1372 3305 interempto,
1421 3230 1558 3284 alter
1600 3226 1720 3323 pius
1760 3225 1812 3278 in

203 3345 338 3412 ejus
366 3317 715 3397 successisset
759 3334 1063 3405 imperium,
1092 3328 1313 3382 adversa
1343 3321 1520 3377 omnia
1561 3317 1816 3374 continuo

205 3410 482 3489 dissoluta
513 3440 655 3494 sunt,
685 3436 739 3482 et
767 3426 1033 3482 exercitus
1060 3420 1152 3490 qui
1196 3416 1341 3471 \elut
1375 3414 1429 3468 in
1471 3410 1662 3466 mediis
1704 3413 1819 3462 erat

204 3528 430 3581 retibus
461 3524 751 3585 involutus,
781 3532 877 3573 nec
901 3516 1066 3571 ullum
1106 3511 1307 3567 exitum
1332 3503 1615 3575 aliquando
1642 3515 1701 3557 se
1738 3500 1821 3554 in-

207 3628 507 3671 venturum
551 3628 672 3668 esse
719 3608 991 3672 credebat,
1037 3603 1132 3658 Dei
1180 3604 1288 3671 jam
1321 3605 1453 3653 nutu
1486 3595 1553 3649 ab
1580 3590 1820 3647 hostibus

201 3713 504 3767 liberatus.
530 3704 675 3760 omni
702 3716 823 3756 cum
846 3697 1129 3755 securitate
1154 3689 1429 3748 remeavit.
1456 3687 1523 3741 Et
1547 3684 1664 3739 haec
1698 3682 1823 3752 qui-

203 3803 351 3856 dem
384 3814 543 3869 quem
571 3813 675 3852 non
702 3794 911 3848 valeant
938 3788 1004 3844 ad
1048 3797 1252 3859 partem
1284 3781 1492 3853 pietatis
1516 3775 1825 3869 aurelium?

204 3892 385 3959 Quid
406 3867 534 3943 vero
560 3883 879 3955 praesentia?
908 3893 1087 3935 nonne
1124 3877 1283 3931 etiam
1312 3873 1480 3928 multo
1505 3867 1825 3924 mirabiliora

206 3956 463 4039 dicenda
507 3978 678 4034 sunt?
716 3988 894 4030 nonne
933 3986 1066 4027 crux
1111 3966 1463 4039 praedicatur,
1488 3970 1543 4016 et
1581 3968 1723 4015 totus
1759 3956 1827 4013 ad

204 4072 565 4133 credendum
591 4068 824 4125 mundus
843 4061 1116 4119 accurrit?
1147 4072 1324 4114 nonne
1351 4071 1498 4111 mors
1522 4051 1833 4124 ignominio-

207 4184 279 4220 sa
340 4164 639 4225 nuntiatur,
678 4170 734 4213 et
755 4168 945 4212 omnes
968 4150 1295 4209 convolant?
1333 4145 1590 4216 numquid
1618 4158 1721 4199 non
1752 4142 1833 4196 in-

207 4253 458 4312 numeri
506 4249 746 4306 cruciﬁxi
791 4246 957 4303 sunt?
996 4241 1251 4313 numquid
1300 4255 1406 4295 non
1453 4238 1560 4293 duo
1600 4236 1834 4291 latrones

205 4363 369 4404 arm
427 4345 648 4399 Domino
691 4337 1093 4412 pependerunt?
1122 4332 1374 4403 numquid
1405 4346 1510 4385 non
1548 4328 1701 4383 multi
1744 4341 1837 4381 sa-

206 4437 495 4511 pientes?
540 4432 795 4503 numquid
846 4445 951 4486 non
1000 4427 1151 4484 multi
1188 4424 1509 4481 exstiterunt
1550 4419 1837 4492 potentes?

201 4510 404 4600 ennius
446 4528 603 4598 igitur
644 4522 931 4594 aliquando
961 4522 1039 4576 sic
1084 4532 1277 4573 nomen
1321 4512 1676 4571 obtinuit?et
1711 4510 1839 4581 quid

203 4626 371 4679 dico
398 4627 646 4690 potentes
682 4627 843 4686 atque
871 4612 1183 4684 sapientes?
1214 4605 1467 4677 numquid
1497 4620 1603 4661 non
1630 4607 1841 4658 ﬁlerunt

202 4728 408 4785 rcges
432 4709 650 4781 inclyti?
676 4708 796 4778 quis
822 4705 895 4760 ita
923 4703 1024 4759 sibi
1048 4710 1315 4757 terrarum
1339 4697 1527 4753 orbem
1553 4704 1661 4750 tam
1691 4691 1842 4748 brevi

206 4820 498 4876 turpare
546 4797 889 4872 subiugavit?
935 4796 1050 4851 Non
1097 4794 1239 4849 enim
1284 4792 1457 4847 varias
1511 4788 1642 4843 mihi
1685 4794 1844 4856 atque

196 4901 496 4955 diversas
520 4904 761 4962 Opponas
790 4889 1043 4943 haereses.
1071 4884 1269 4940 Omnes
1295 4880 1555 4951 siquidem
1595 4877 1843 4945 eumdem

200 4987 551 5062 pradicant
569 4984 864 5043 Christum,
891 4980 992 5036 etsi
1034 4993 1139 5033 non
1177 4991 1364 5032 omnes
1404 4989 1533 5029 sane
1558 4971 1849 5042 praedicent

194 5061 418 5151 amne
445 5076 698 5146 legitime.
743 5072 895 5127 Illum
925 5072 1069 5127 enim
1093 5082 1281 5124 omnes
1316 5065 1622 5137 praedicant,
1666 5062 1755 5133 qui
1793 5061 1847 5116 in

194 5172 545 5234 Palaestina
585 5178 764 5230 natus,
793 5176 850 5222 et
874 5179 1083 5236 passus,
1114 5163 1204 5232 qui
1234 5159 1426 5216 Pontio
1467 5158 1634 5214 Pilato
1658 5154 1850 5226 dijudi-

182 5276 419 5328 cante
446 5261 733 5317 cruciﬁxus
750 5268 851 5315 est.
880 5258 1005 5314 Haec
1028 5258 1185 5328 igitur
1200 5262 1411 5320 cuneta,
1432 5267 1552 5322 quae
1576 5246 1847 5319 proposui,

188 5375 357 5416 non
372 5368 447 5408 ne
470 5353 632 5409 etiam
656 5351 837 5422 majus
873 5349 1086 5405 virtutis
1111 5348 1228 5418 ejus
1266 5345 1512 5402 videntur
1537 5342 1732 5398 habere
1754 5339 1854 5395 do-

174 5456 591 5513 gma-cntum,
618 5459 781 5515 quam
822 5443 914 5500 illa
957 5456 1058 5498 vox
1102 5441 1258 5496 allata
1283 5438 1352 5495 de
1378 5437 1553 5495 caelo?
1577 5435 1687 5491 Cur
1708 5433 1852 5490 enim

282 5620 306 5648 ι
372 5618 540 5658 (rm
564 5610 725 5657 versiu
748 5608 894 5661 addit.
921 5613 965 5656 et
988 5603 1108 5656 nihil
1132 5604 1244 5655 inde
1268 5601 1442 5659 lucrati
1464 5607 1587 5653 sunt.

276 5673 401 5743 (α)
428 5670 727 5743 (uidentem
748 5676 911 5743 nostra
928 5681 1109 5743 lyraeque
1128 5672 1270 5743 aetate
1291 5666 1314 5715 ζ)
1337 5673 1445 5743 llam:
1465 5676 1574 5741 quae
1598 5673 1688 5743 sua
1710 5667 1854 5743 amate

161 5764 247 5800 α
268 5720 573 5797 eligi-ram
590 5732 742 5783 fusura
764 5728 917 5783 refert
932 5720 1167 5795 (:hrjsost.
1193 5726 1316 5779 infra
1340 5726 1460 5779 libro
1480 5720 1528 5777 in
1549 5732 1593 5774 s.
1615 5720 1849 5785 Baliylam.

1028 288 1117 345 nr;
1155 282 1491 344 LAUDlBUS
1526 266 1828 340 suum
1866 263 2220 341 Aposrou.
2262 280 2491 338 llOMlL.
2542 282 2630 339 iv.

3344 289 3375 343 ι
3385 287 3453 343 90

1882 397 2060 454 nullus
2084 413 2266 470 regum
2300 397 2372 454 ita
2422 400 2566 463 vicit,
2592 407 2648 454 ut
2692 399 2781 455 hic
2818 384 3105 471 Superavit,
3134 401 3294 473 idque
3331 419 3453 463 cum

1876 489 2155 546 innumera
2198 505 2261 545 ex
2301 490 2526 547 adverso
2552 490 2924 561 impedimenta
2954 497 3287 566 pugnarent?
3322 496 3453 555 Nam

1879 591 1933 638 et
1953 597 2103 652 reges
2128 592 2311 637 contra
2354 582 2697 653 Evangelium
2745 587 2962 654 praeliati
2991 598 3133 652 sunt,
3166 599 3219 645 et
3247 593 3456 661 tyranni

1880 672 2018 730 bella
2058 683 2358 745 gesserunt,
2406 683 2460 729 ct
2499 674 2678 745 populi
2711 693 2895 733 omnes
2943 678 3363 746 insurrexerunt,
3404 691 3457 738 et

1880 771 2061 818 nostra
2105 778 2273 834 usque
2315 762 2449 819 adeo
2486 766 2662 820 attrita
2702 781 2806 821 non
2849 778 2988 834 sunt,
3036 779 3092 826 ut
3122 770 3244 828 inde
3270 772 3460 830 ﬁerent

1881 856 2128 912 clariora.
2142 912 2159 925 κ

1957 946 2099 1019 Magi
2122 964 2301 1004 nomen
2344 948 2542 1006 Christo
2567 951 2831 1021 objectum.
2861 950 3114 1023 Reliquias
3157 954 3461 1011 Sanctorum

1884 1039 2057 1093 timent
2096 1041 2366 1099 daemones.
2402 1042 2646 1099 —Unde
2695 1044 2851 1114 igitur
2901 1045 3014 1101 haec
3061 1055 3203 1101 tanta
3248 1057 3462 1119 tamque

1887 1129 2210 1186 admirabilis
2256 1132 2465 1187 virtus?
2505 1133 2683 1203 Magus
2729 1136 2929 1191 scilicet
2955 1138 3102 1191 erat?
3137 1138 3293 1194 Solus
3334 1144 3464 1210 ergo

1890 1220 1990 1275 iste
2017 1235 2202 1291 magus
2246 1231 2352 1277 tam
2382 1234 2571 1293 potens
2599 1224 2736 1278 fuit?
2774 1226 3007 1282 Audistis
3046 1244 3235 1299 nempe
3260 1229 3379 1300 quia
3410 1239 3465 1286 et

1888 1311 2029 1382 apud
2058 1312 2248 1368 Persas
2287 1316 2426 1384 magi
2456 1324 2510 1369 et
2537 1316 2675 1383 apud
2720 1315 2877 1374 Indos
2908 1320 3226 1388 exstiterint,
3258 1323 3466 1393 sintque

1889 1406 2049 1458 etiam
2088 1406 2247 1460 modo
2275 1407 2410 1461 :sed
2452 1423 2518 1463 ne
2546 1424 2737 1464 nomen
2764 1411 2972 1481 quidem
3016 1428 3200 1468 eorum
3243 1430 3462 1486 usquam

1891 1508 2064 1552 sonat.
2087 1497 2153 1553 Et
2182 1499 2270 1554 ille
2300 1500 2508 1569 quidem
2537 1517 2603 1557 ex
2631 1502 2931 1574 Tyanorum
2960 1507 3087 1563 urbe
3110 1507 3183 1579 (ιι)
3215 1508 3463 1581 deceptor

1891 1603 1955 1643 ac
1982 1590 2253 1644 maleﬁcus
2280 1592 2456 1661 aliquo
2482 1592 2582 1647 loci
2626 1597 2903 1664 apparuit,
2937 1613 2998 1653 ac
3027 1599 3172 1655 brevi
3198 1602 3468 1674 aliquanto

1897 1689 2135 1750 tempore
2181 1682 2232 1736 in
2259 1684 2443 1753 exigua
2477 1692 2625 1752 parte
2654 1687 2798 1742 orbis
2823 1690 3026 1745 refulsit
3058 1707 3073 1752 ;
3104 1692 3196 1747 sed
3222 1694 3471 1750 celeriter

1896 1776 2189 1827 exstinctus
2224 1783 2381 1845 atque
2409 1776 2612 1831 deletus
2640 1786 2740 1840 est,
2771 1780 2859 1849 qui
2900 1796 3006 1835 non
3036 1782 3324 1839 Eeclesiam
3350 1800 3469 1840 om-

1898 1862 2057 1941 nino,
2078 1879 2183 1917 non
2210 1865 2482 1935 populum,
2514 1883 2620 1921 non
2646 1869 2843 1938 aliquid
2871 1870 3058 1926 borum
3090 1873 3322 1943 reliquit.
3364 1876 3472 1932 Sed

1898 1953 2031 2023 quid
2066 1954 2186 2010 dico
2228 1972 2411 2028 magos
2439 1968 2597 2030 atque
2624 1962 2891 2018 maleﬁcos
2920 1967 3251 2022 exstinctos?
3294 1969 3433 2025 unde
3453 2009 3472 2035 ,

1900 2063 2100 2117 quaeso,
2145 2051 2382 2105 omnium
2424 2050 2646 2106 deorum
2693 2055 2885 2124 templa
2931 2058 3188 2113 exstincta
3235 2069 3377 2127 sunt,
3421 2071 3476 2117 et

1905 2138 2218 2207 Dodonaeus,
2244 2150 2296 2195 et
2319 2141 2539 2208 Clarius,
2567 2151 2622 2198 et
2650 2160 2834 2201 omnes
2861 2146 2975 2202 ista:
3001 2149 3329 2218 profanitatis
3353 2152 3476 2207 offi-

1901 2230 2037 2285 cinae
2062 2232 2238 2297 silent,
2279 2248 2342 2288 ac
2368 2236 2579 2303 penitus
2621 2237 2906 2293 obstructae
2934 2241 3098 2295 sunt?
3131 2242 3279 2299 Unde
3323 2246 3479 2317 igitur

1906 2341 2008 2379 non
2042 2325 2182 2379 hunc
2210 2328 2381 2381 solum
2406 2328 2736 2395 cruciﬁxum,
2764 2330 2857 2385 sed
2888 2332 3045 2386 etiam
3068 2350 3164 2404 pro
3195 2335 3310 2406 ipso
3335 2340 3479 2393 occi-

1904 2431 2084 2472 sorum
2137 2417 2341 2473 favillas
2390 2418 2660 2475 daemones
2707 2424 3163 2479 contremiscunt?
3210 2427 3359 2495 cujus
3406 2429 3489 2483 rei

1905 2506 2067 2576 gratia
2100 2508 2286 2562 Saltem
2318 2523 2507 2564 nomen
2536 2511 2810 2567 audientes
2839 2514 3031 2581 crucis,
3066 2516 3118 2569 in
3148 2516 3321 2588 fugam
3348 2518 3484 2575 resi-

1908 2598 2083 2652 liunt?
2110 2614 2229 2653 eum
2258 2611 2400 2654 certe
2430 2600 2472 2653 si
2515 2615 2574 2656 se
2616 2614 2702 2656 res
2727 2603 2944 2658 haberet
2971 2604 3143 2671 aliter,
3183 2609 3352 2677 magis
3393 2624 3488 2664 eos

1908 2699 2177 2759 oporteret
2226 2690 2445 2745 irridere
2473 2706 2628 2760 quam
2661 2692 2859 2762 fugere.
2896 2696 2976 2748 An
3021 2694 3156 2750 forte
3206 2712 3334 2751 crux
3362 2700 3486 2766 quid

1910 2780 2108 2835 clarum
2157 2781 2385 2847 videtur,
2435 2798 2499 2837 ac
2531 2783 2750 2839 nobile?
2792 2784 2904 2839 lino
2931 2788 3271 2853 econtrario,
3324 2789 3489 2857 turpis

1912 2880 1965 2927 et
1993 2872 2373 2943 exprobrabilis
2421 2889 2583 2928 mors.
2638 2875 2735 2930 Est
2783 2877 2923 2932 enim
2970 2879 3148 2950 utique
3200 2888 3255 2935 et
3305 2894 3489 2950 paena-

1914 2962 1979 3017 lis
2026 2976 2191 3029 mors,
2248 2974 2301 3019 et
2343 2964 2559 3020 omnino
2619 2966 2924 3033 teterrima,
2983 2977 3038 3023 et
3090 2970 3227 3039 apud
3279 2969 3493 3026 Iudaeos

1915 3052 2230 3120 maledicta,
2283 3062 2337 3108 et
2411 3056 2549 3109 inter
2616 3056 2841 3126 gentiles
2900 3058 3270 3115 abominanda.
3343 3061 3494 3117 Unde

1918 3143 2076 3213 igitur
2126 3144 2266 3199 illam
2319 3144 2589 3200 daemones
2636 3146 3021 3213 reformidant,
3087 3151 3185 3206 nisi
3247 3151 3315 3206 de
3384 3153 3494 3205 vir-

1921 3245 2031 3291 tute
2072 3236 2348 3290 cruciﬁxi?
2374 3236 2427 3292 Si
2474 3237 2615 3292 enim
2645 3238 2786 3292 illam
2815 3255 2908 3309 per
2952 3242 3180 3311 scipsam
3226 3242 3494 3307 timerent,

1920 3342 2236 3397 quamquam
2264 3336 2319 3383 et
2349 3330 2448 3382 hoc
2477 3328 2647 3397 ipsum
2677 3328 2780 3384 diis
2804 3340 2947 3385 esset
2972 3331 3240 3401 indignum
3276 3349 3289 3385 τ
3320 3342 3495 3387 tamen

1921 3429 1975 3475 et
2003 3430 2127 3476 ante
2153 3422 2321 3488 illum,
2354 3430 2407 3476 et
2434 3431 2554 3491 post
2580 3422 2724 3476 illum
2752 3423 2989 3493 plerique
3017 3423 3252 3478 cruciﬁxi
3279 3434 3419 3491 sunt,
3444 3434 3500 3479 et

1921 3530 2041 3570 eum
2070 3517 2186 3586 ipso
2216 3517 2377 3571 etiam
2415 3515 2542 3571 duo.
2585 3516 2719 3583 Quid
2766 3517 2923 3588 igitur
2944 3558 2960 3583 ,
2989 3517 3033 3571 si
3075 3518 3285 3573 invocat
3311 3517 3500 3586 aliquis

1925 3621 2118 3662 nomen
2143 3608 2391 3675 latronis,
2416 3608 2498 3664 vel
2524 3608 2741 3663 alterius
2768 3608 3077 3679 cujusquam
3106 3608 3366 3672 cruciﬁxi,
3390 3607 3503 3662 dae-

1926 3714 2125 3756 monne
2153 3700 2289 3756 forte
2320 3700 2526 3756 timebit
2559 3715 2621 3755 ac
2652 3701 2849 3772 fugiet?
2874 3700 3239 3771 Nequaquam,
3267 3700 3505 3771 quinimo

1928 3790 2142 3848 ridebit.
2168 3792 2224 3849 Si
2253 3807 2381 3848 vero
2400 3792 2580 3847 Jcsum
2609 3790 2877 3847 addideris
2905 3791 3256 3857 Nazarenam,
3281 3792 3423 3846 velut
3440 3792 3510 3846 ab

1929 3886 2051 3955 igne
2081 3894 2299 3956 repente
2323 3883 2617 3955 diﬁ‘ugient.
2644 3883 2778 3951 Quid
2808 3884 2965 3955 igitur
2991 3885 3109 3940 ais?
3138 3884 3277 3939 unde
3301 3900 3510 3956 praeva-

1932 3977 2062 4032 luit?
2087 3976 2257 4050 Quia,
2304 3978 2479 4046 inquis
2502 4019 2517 4043 ,
2561 3976 2809 4031 seductor
2852 3974 2967 4030 fuit.
3007 3978 3074 4032 At
3118 3992 3222 4032 non
3253 3975 3368 4033 haec
3394 3975 3513 4047 ejus

1934 4077 2199 4139 praecepta
2227 4068 2537 4138 loquuntur.
2571 4066 2770 4121 Deinde
2791 4066 3038 4137 quoniam
3062 4066 3367 4121 seductores
3393 4064 3512 4125 itio-

1936 4168 2061 4216 runt
2088 4159 2260 4226 multi,
2288 4168 2341 4213 et
2367 4168 2543 4212 tamen
2570 4157 2745 4212 nullus
2774 4155 3020 4211 obtinuit.
3047 4155 3152 4212 Sed
3179 4156 3299 4226 quia
3326 4171 3515 4226 magus

1938 4254 2075 4309 fuit?
2104 4252 2302 4307 Verum
2338 4250 2495 4320 longe
2535 4249 2675 4305 aliud
2709 4249 2824 4319 ejus
2857 4248 3100 4320 dogmata
3130 4256 3513 4308 contestantur,

1940 4345 2045 4401 Sed
2065 4353 2122 4400 et
2156 4358 2429 4414 magorum
2469 4342 2631 4396 multa
2658 4356 2799 4411 saepe
2836 4339 2933 4396 fuit
2957 4342 3106 4411 copia
3128 4383 3141 4406 ,
3173 4340 3246 4415 (ὁ)
3277 4338 3410 4416 [nec
3442 4350 3511 4395 ta.

1941 4453 2064 4495 men
2093 4437 2259 4492 ullum
2289 4434 2590 4504 hujusmodi
2620 4435 2868 4504 potentiae
2895 4449 3088 4489 nomen
3125 4434 3360 4488 auditum
3389 4431 3515 4504 est].

1944 4529 2051 4587 Sed
2080 4530 2200 4601 quia
2227 4529 2440 4598 sapiens
2470 4525 2611 4581 fuit?
2638 4528 2704 4579 At
2731 4525 2879 4579 multi
2911 4524 3122 4579 fuerunt
3148 4538 3291 4591 saepe
3312 4522 3521 4592 sapien-

1946 4630 2046 4678 tes.
2074 4621 2203 4689 Quis
2241 4621 2418 4691 itaque
2454 4618 2699 4673 similiter
2730 4616 3022 4673 obtinuisse
3062 4613 3304 4670 dicetur?
3338 4612 3526 4669 Nullus

1946 4712 2087 4769 enim
2115 4711 2400 4781 aliquando
2437 4709 2621 4764 saltem
2662 4724 2725 4764 ex
2753 4717 2902 4778 parte
2925 4706 3096 4778 aliqua
3128 4705 3250 4761 huic
3275 4705 3525 4777 potentiae

1947 4802 2407 4875 appropinquavit.
2431 4800 2586 4857 Unde
2605 4800 2806 4870 liquido
2832 4806 2993 4869 patet,
3015 4799 3263 4869 quoniam
3279 4796 3527 4852 Christus

1950 4913 2056 4952 non
2084 4896 2239 4950 fuerit
2272 4909 2456 4965 magus
2481 4936 2495 4960 ,
2518 4909 2625 4949 non
2652 4892 2899 4948 seductor
2918 4934 2933 4961 ,
2965 4891 3058 4948 sed
3089 4892 3177 4961 qui
3203 4906 3233 4946 e
3259 4890 3530 4947 contrario

1953 4990 2142 5046 borum
2170 4988 2370 5043 exstitit
2399 4986 2727 5049 emendator,
2760 4993 2814 5039 et
2840 5000 2963 5039 vere
2992 4983 3169 5039 divina
3194 4984 3363 5039 virtus
3386 5025 3404 5052 ,
3432 4997 3533 5039 nec

1954 5082 2044 5136 ulli
2072 5080 2291 5135 omnino
2317 5077 2635 5148 superabilis
2654 5119 2669 5143 ,
2701 5076 2900 5132 idcirco
2925 5084 2978 5130 et
3013 5076 3124 5145 ipse
3150 5084 3338 5131 cuncta
3366 5075 3491 5131 vicit
3515 5117 3532 5141 ,

1955 5184 2114 5243 atque
2139 5172 2457 5243 perdomuit,
2487 5180 2538 5225 et
2564 5170 2728 5225 Paulo
2756 5168 3099 5224 tentoriorum
3131 5169 3302 5239 epilici
3334 5178 3533 5222 tantam

1958 5265 2128 5336 potuit
2152 5264 2410 5332 inspirare
2438 5261 2713 5326 virtutem,
2745 5268 2995 5330 quantam
3029 5261 3141 5329 ipse
3168 5274 3344 5315 rerum
3374 5266 3535 5312 testa-

1959 5364 2044 5412 tur
2071 5354 2310 5410 effectus.
2340 5353 2511 5408 llomo
2536 5350 2730 5408 etenim
2771 5349 3018 5422 ignobilis
3036 5391 3051 5417 ,
3083 5349 3320 5419 abjectus
3349 5354 3402 5402 et
3426 5346 3535 5400 eir-

1960 5446 2349 5510 cumforanens,
2379 5445 2468 5515 qui
2489 5453 2656 5500 artem
2678 5443 2958 5500 exercebat
2986 5442 3035 5497 in
3056 5440 3302 5511 pellibus,
3332 5439 3383 5494 in
3416 5448 3537 5492 tan-

1964 5548 2073 5595 tum
2099 5540 2292 5593 virtute
2321 5550 2630 5608 progressus
2671 5544 2753 5591 est
2776 5578 2791 5602 ,
2823 5544 2881 5590 ut
2908 5534 2994 5588 vix
3035 5532 3247 5603 triginta
3276 5547 3536 5587 annorum

2027 5650 2099 5712 (η)
2137 5651 2407 5714 Apollonius
2422 5655 2666 5714 fl‘yagnens.

2035 5707 2104 5779 ib)
2139 5707 2249 5776 Quae
2274 5707 2763 5765 uncinis'clauduntur
2781 5708 2956 5761 desunt
2976 5707 3023 5755 in
3042 5707 3228 5755 Graeco.

3442 5791 3489 5801 -σι
