4044 6206
538 288 631 342 ιθι
1241 273 1299 329 S.
1340 268 1621 329 JOANNIS
1657 256 2142 324 CHRYSOSTOMI
2176 253 2497 313 ARCHIEP.
2537 250 3073 310 CONS'I'ANTINOP.

540 398 712 468 spatio
736 404 789 451 et
814 395 1116 455 Romanos,
1144 396 1197 444 et
1225 387 1439 450 Persas,
1466 391 1522 438 et
1559 380 1806 445 Parthos,
1837 387 1892 433 et
1916 373 2117 436 Medos,

538 501 593 544 et
622 487 795 552 ludos,
820 494 873 541 et
901 481 1146 555 Scythas,
1173 488 1228 533 et
1256 474 1538 543 EthiOpes
1559 512 1574 537 ,
1601 479 1656 527 et
1680 469 2042 527 Sauromatas,
2067 472 2123 518 et

539 581 850 643 Saracenos,
878 587 931 633 et
968 589 1129 632 omne
1167 584 1382 642 prorsus
1411 568 1698 622 humanum
1727 575 1895 633 genus
1916 559 2015 614 sub
2038 557 2122 627 ju-

538 687 660 741 gum
685 669 915 723 mitteret
935 663 1194 720 veritatis.
1219 657 1505 729 RcSponde
1527 655 1705 726 igitur,
1729 650 1869 706 unde
1890 650 1988 703 iste
2008 647 2123 741 Opi-

542 740 625 816 lex
656 760 775 814 vilis
803 774 864 813 ac
894 756 1132 827 publicus
1158 763 1305 807 stans
1332 753 1384 805 in
1424 750 1543 804 loco
1571 746 1702 801 artis
1723 760 1832 800 sua:
1852 784 1867 808 ,
1896 756 1960 796 ac
1979 740 2121 795 scal-

542 851 741 919 pellum
770 849 821 903 in
852 862 1011 901 manu
1038 860 1251 914 gerens,
1275 844 1345 896 ita
1375 840 1561 909 etipse
1589 834 1991 908 philosophatus
2016 831 2119 897 sit,

539 950 595 994 et
618 939 750 994 alios
777 937 1018 993 docuerit
1047 932 1411 1006 phiIOSOphari
1431 973 1447 997 ,
1479 938 1663 1001 gentes
1692 927 1898 983 scilicet
1921 966 1935 989 ,
1963 923 2125 979 urbes

540 1042 701 1102 atque
727 1030 992 1100 regiones,
1023 1026 1251 1081 maxime
1276 1021 1553 1093 imperitus
1580 1035 1680 1075 nec
1709 1019 1814 1072 vim
1845 1017 1897 1071 in
1928 1029 1985 1070 se
2011 1028 2126 1068 ser-

542 1117 718 1179 monis
739 1120 1071 1179 ostendens?
1112 1117 1245 1172 Audi
1274 1116 1415 1172 enim
1443 1114 1615 1183 ipsum
1651 1112 1986 1181 loquentem:
2010 1102 2126 1159 Etsi

542 1217 801 1287 imperitus
830 1230 1055 1269 sermone
1078 1211 1161 1283 (2.
1195 1209 1312 1265 Cor.
1345 1210 1430 1264 11.
1458 1207 1550 1276 6).
1588 1204 1700 1260 Nec
1729 1201 1979 1274 pecunias
2004 1213 2128 1269 pos-

545 1311 725 1365 sidens
762 1326 775 1362 :
822 1323 942 1362 nam
987 1306 1089 1361 hoc
1133 1318 1345 1375 quoque
1391 1302 1507 1370 ipse
1552 1305 1815 1355 testatur:
1849 1293 2019 1365 Usque
2058 1290 2127 1345 ad

546 1403 710 1469 hanc,
743 1399 945 1470 inquit,
978 1398 1154 1451 horam
1181 1405 1228 1450 et
1266 1396 1511 1449 esurimus
1530 1434 1545 1456 ,
1578 1400 1623 1443 et
1651 1390 1847 1444 sitimus
1871 1428 1887 1451 ,
1918 1393 1966 1440 et
2003 1381 2128 1438 nudi

544 1510 715 1547 sumus
738 1534 754 1558 ,
782 1501 827 1546 et
866 1490 1092 1559 colaphis
1121 1486 1362 1541 credimur
1394 1482 1483 1554 (1.
1518 1480 1635 1536 Cor.
1667 1481 1723 1535 4.
1755 1478 1812 1532 11
1838 1476 1879 1548 ).
1909 1475 1976 1529 Et
2002 1471 2126 1544 quid

545 1583 664 1637 dico
693 1580 968 1653 pecunias,
997 1594 1117 1633 cum
1150 1576 1238 1631 ille
1267 1588 1408 1643 srcpe
1434 1587 1502 1627 ne
1532 1568 1889 1625 necessarium
1916 1564 2127 1635 quidem

547 1672 765 1727 haberet
785 1672 962 1726 cibum
984 1711 998 1735 ,
1034 1683 1133 1723 nec
1152 1680 1255 1736 quo
1277 1680 1336 1720 se
1361 1660 1718 1719 circumdaret
1741 1658 2127 1713 indumentum.

544 1764 676 1831 Quia
701 1779 827 1819 vero
856 1777 955 1815 nec
978 1759 1047 1815 de
1078 1756 1405 1830 professione
1439 1754 1614 1809 clarus
1648 1749 1828 1813 fuerit,
1860 1748 2025 1818 ipsius
2049 1744 2130 1800 di-

544 1855 781 1922 scipulus
824 1851 1092 1918 ostendit,
1131 1850 1315 1904 dicens
1358 1865 1371 1902 :
1420 1845 1673 1914 Quoniam
1715 1841 1946 1895 manebat
1987 1836 2128 1908 apud

549 1945 787 2015 Aquilam
826 1952 871 1997 et
914 1941 1239 2007 Priscillam,
1276 1946 1538 2009 propterea
1583 1934 1716 2005 quod
1756 1931 1981 2003 ejusdem
2008 1930 2132 1984 artis

544 2043 705 2088 essent
742 2051 761 2088 :
803 2042 943 2087 erant
980 2028 1123 2086 enim
1152 2028 1525 2100 scenofactoria:
1566 2025 1689 2079 artis
1719 2023 1867 2094 (Act.
1914 2021 2002 2077 18.
2032 2019 2129 2089 ὃ).

545 2126 659 2181 Non
686 2126 888 2196 igitura
910 2124 1123 2196 proavis
1144 2122 1357 2188 nobilis,
1385 2121 1580 2191 quippe
1594 2119 1683 2190 qui
1705 2127 1810 2171 tam
1832 2115 1951 2169 vilis
1972 2113 2133 2169 fuiSse

542 2217 674 2271 artis
694 2214 988 2269 ostenditur
1011 2232 1023 2266 :
1048 2229 1151 2268 non
1174 2229 1200 2264 a
1224 2211 1414 2282 patria,
1437 2225 1540 2264 non
1557 2223 1586 2261 a
1607 2216 1785 2277 gente,
1808 2216 1980 2259 tamen
2002 2218 2131 2272 pro-

544 2323 764 2379 gressus
792 2309 844 2362 in
878 2306 1108 2362 medium
1133 2346 1147 2369 ,
1174 2319 1236 2359 ac
1264 2300 1629 2357 tantummodo
1667 2312 1927 2367 apparens
1957 2293 2131 2349 inimi-

545 2415 729 2453 corum
750 2407 937 2453 cuncta
967 2395 1216 2458 turbavit,
1251 2393 1497 2448 universa
1527 2389 1764 2445 confudit
1791 2405 1805 2441 :
1836 2396 1889 2442 ct
1918 2387 2052 2440 sicut
2075 2386 2127 2439 in

545 2489 769 2558 stipulas
798 2498 889 2544 aut
920 2489 971 2542 in
1004 2487 1203 2542 lienam
1233 2485 1369 2556 ignis
1399 2483 1688 2545 immissus,
1721 2479 1898 2533 omnia
1925 2477 2127 2531 dcemo-

545 2596 670 2634 nnm
699 2595 858 2649 opem
899 2577 1247 2645 consumpsit,
1286 2581 1443 2644 atque
1473 2573 1529 2626 in
1551 2570 1690 2641 quod
1720 2569 1919 2633 voluit,
1953 2565 2131 2620 omnia

545 2671 826 2728 convertit.
855 2669 1036 2740 Neque
1064 2683 1192 2723 vero
1220 2667 1321 2721 hoc
1346 2665 1517 2720 solum
1545 2661 1894 2716 admiratione
1914 2658 2130 2727 dignum

545 2775 648 2829 est,
669 2762 809 2834 quod
829 2772 1024 2817 tantam
1048 2742 1335 2831 potentiam
1358 2755 1477 2810 talis
1496 2753 1754 2809 obtinuit:
1773 2751 1867 2806 sed
1884 2750 2130 2821 quoniam

544 2856 923 2926 discipulorum
945 2868 1157 2923 quoque
1186 2851 1328 2906 illius
1350 2848 1558 2919 plurimi
1581 2860 1858 2917 pauperes,
1878 2845 2129 2916 imperiti,

545 2965 609 3004 ac
638 2949 798 3003 totius
831 2957 984 3002 erant
1022 2944 1335 3001 eruditionis
1368 2941 1642 3007 extranei,
1675 2941 1725 2994 in
1755 2939 1894 2994 fame
1921 2947 1976 2993 et
2011 2954 2133 3009 ege-

546 3048 681 3093 state
706 3039 968 3103 viventes,
1006 3036 1280 3106 ignobiles,
1303 3048 1367 3089 ac
1390 3032 1459 3089 de
1485 3032 1802 3102 ignobilibus
1828 3029 2130 3100 procreati:

549 3129 688 3196 quod
720 3137 865 3184 certe
895 3128 1053 3183 etiam
1090 3128 1201 3197 ipse
1229 3124 1554 3197 praedicavit,
1588 3138 1687 3178 nec
1711 3121 1923 3178 erubuit
1945 3136 2131 3176 eorum

547 3235 967 3273 commemorare
994 3220 1299 3288 pauperiem
1319 3259 1334 3284 ,
1364 3218 1472 3271 imo
1499 3230 1567 3272 ne
1592 3216 1892 3271 necessaria
1916 3214 2129 3284 quidem

548 3325 733 3363 eorum
765 3308 923 3361 victui
956 3310 1245 3377 postulare.
1277 3306 1601 3376 Proﬁciscar,
1633 3305 1823 3376 inquit,
1849 3304 2132 3360 Jerusalem

550 3404 829 3457 ministrare
854 3403 1039 3455 sanctis
1066 3400 1247 3472 (Rom.
1277 3401 1363 3455 15.
1406 3400 1533 3469 25).
1567 3400 1635 3455 Et
1674 3414 1861 3455 rursus
1889 3416 1903 3452 :
1937 3397 2133 3454 Secun-

547 3496 668 3548 dum
708 3510 860 3547 unam
888 3491 1078 3546 sabbati
1109 3492 1448 3561 unusquisque
1474 3499 1693 3545 vestrum
1718 3499 1966 3559 reponat,
1997 3490 2131 3559 quod

547 3594 591 3645 ei
618 3594 737 3644 bene
761 3587 1023 3659 placuerit,
1054 3598 1108 3640 ut
1131 3604 1230 3641 non
1257 3603 1369 3640 cum
1394 3602 1589 3650 venero,
1619 3595 1737 3639 tunc
1760 3583 1981 3638 collecta:
2004 3585 2131 3652 ﬁant

549 3684 639 3750 (1.
673 3682 789 3736 Cor.
825 3680 909 3735 16.
941 3679 1034 3751 2).
1078 3679 1209 3745 Quia
1249 3692 1378 3731 vero
1422 3676 1602 3747 plures
1643 3674 2022 3746 discipulorum
2065 3690 2131 3730 ex

553 3776 918 3846 imperitorum
952 3786 1175 3826 numero
1212 3777 1538 3835 constarent,
1570 3767 1637 3822 ad
1666 3767 1967 3823 Corinthios
1996 3765 2131 3821 scri-

551 3866 714 3931 bens,
753 3866 824 3918 ait
856 3881 869 3917 :
911 3863 1083 3917 Videte
1125 3862 1433 3916 vocationem
1470 3868 1719 3928 uestram,
1748 3859 1986 3929 quoniam
2031 3874 2133 3912 non

552 3958 698 4011 multi
722 3957 970 4027 sapientes
1009 3954 1282 4008 secundum
1310 3968 1530 4017 carnem,
1558 3967 1660 4006 non
1696 3951 1841 4005 multi
1885 3958 2129 4022 potentes,

550 4066 649 4102 non
675 4047 819 4101 multi
836 4044 1059 4116 nobiles(
1081 4046 1135 4101 1.
1156 4044 1271 4099 Cor.
1299 4044 1349 4097 1.
1372 4042 1479 4116 26)
1500 4060 1514 4108 ;
1538 4043 1631 4099 sed
1649 4053 1702 4098 et
1722 4042 1876 4099 valde
1894 4042 2127 4109 obscuri,

550 4153 603 4195 et
623 4143 754 4195 viles
797 4136 1221 4213 ῐιιεγιιιιῑί.ίαρῃι
1256 4135 1719 4225 ξθιήηῃανηῃιηάὶ,
1756 4134 1961 4205 inquit,
1987 4133 2135 4205 elegit

556 4232 709 4291 Deus,
736 4242 782 4285 et
808 4247 919 4300 qua:
945 4248 1043 4284 non
1068 4240 1204 4296 sunt,
1235 4237 1292 4282 ut
1314 4232 1371 4282 ea
1391 4245 1505 4300 qua:
1521 4237 1636 4283 sunt
1661 4228 1971 4297 destrueret(
1996 4226 2133 4280 Ibid.

561 4337 607 4374 υ.
636 4321 725 4372 27.
754 4319 885 4390 28).
918 4320 988 4374 At
1017 4318 1213 4374 nobilis
1231 4359 1247 4385 ,
1268 4329 1324 4372 et
1350 4319 1590 4374 eruditus
1614 4328 1727 4373 erat
1754 4318 1891 4373 forte
1919 4333 2137 4388 persua-

554 4428 644 4465 ειη·
671 4412 727 4463 "t
753 4410 860 4465 Nec
890 4409 1029 4464 istud
1056 4410 1270 4480 quidem
1297 4427 1311 4472 ;
1340 4425 1461 4463 nam
1501 4409 1602 4464 hoc
1627 4424 1839 4480 quoque
1867 4410 1980 4480 ipse
2008 4425 2137 4464 con-

556 4504 802 4570 lirrnavit,
835 4503 1019 4558 dicens
1047 4521 1059 4555 :
1092 4502 1157 4556 Et
1178 4519 1268 4573 ego
1300 4502 1410 4555 veni
1438 4502 1506 4555 ad
1528 4517 1614 4555 vos
1634 4502 1808 4556 nonin
1834 4502 2138 4557 sublimitate

553 4595 795 4649 sermonis
815 4637 829 4659 ,
858 4604 945 4647 aut
982 4593 1244 4664 sapientia:
1261 4633 1275 4657 ,
1312 4593 1617 4646 annuntians
1644 4592 1778 4646 vobis
1805 4593 2138 4648 testimonium

556 4687 762 4741 Christi.
800 4685 921 4740 Non
952 4686 1083 4739 enim
1105 4684 1337 4757 judicaai
1374 4700 1453 4738 me
1492 4684 1620 4738 scire
1648 4683 1839 4754 aliquid
1868 4684 1995 4739 inter
2029 4702 2134 4751 vos,

557 4781 655 4834 nisi
689 4779 869 4834 Jesum
905 4777 1197 4844 Christum,
1242 4786 1289 4831 et
1336 4777 1465 4830 hunc
1511 4776 1828 4844 cruciﬁxum.
1873 4776 1939 4831 Et
1975 4794 2137 4831 sermo

560 4891 718 4938 naeus,
740 4884 787 4927 et
807 4871 1098 4944 prwdicatio
1124 4888 1253 4936 mea,
1280 4887 1379 4925 non
1396 4870 1447 4923 in
1461 4869 1866 4939 persuasibilibus
1880 4871 2140 4940 sapientiw

558 4967 713 5023 verbis
764 4960 851 5034 (1.
892 4960 1016 5017 Cor.
1056 4962 1111 5016 2.
1172 4965 1220 5019 1.
1249 4963 1302 5018 2.
1326 4964 1417 5034 4).
1445 4963 1550 5019 Sed
1576 4978 1733 5017 causa
1756 4964 2003 5017 nimirum
2028 4963 2138 5033 ipsa

559 5057 946 5128 pnedicationis
967 5066 1082 5110 erat
1107 5054 1295 5110 idonea
1321 5096 1336 5120 ,
1369 5070 1486 5125 quae
1514 5053 1579 5108 ad
1609 5068 1666 5108 se
1691 5055 2022 5122 pertraheret
2045 5068 2141 5107 au-

557 5150 782 5205 dientes.
814 5148 1010 5216 Accipe
1049 5146 1174 5216 quid
1216 5147 1376 5201 etiam
1416 5160 1579 5212 super
1618 5144 1717 5199 hac
1760 5160 1818 5198 re
1864 5144 1976 5214 ipse
2020 5160 2141 5214 pro-

561 5241 787 5295 nuntiet.
815 5238 1085 5304 Quoniam,
1111 5238 1298 5308 inqttit,
1324 5236 1495 5291 Judaei
1522 5235 1666 5305 signa
1688 5245 1877 5307 petunt,
1904 5246 1949 5290 et
1977 5235 2140 5290 Graeci

558 5335 859 5400 sapientiam
885 5339 1113 5402 quaerunt
1139 5347 1158 5385 :
1191 5347 1281 5384 nos
1309 5339 1476 5383 autem
1512 5328 1845 5399 praedicamus
1884 5328 2138 5382 Christum

558 5429 855 5495 cruciﬁxum
878 5466 893 5488 ,
922 5423 1120 5479 Judtcis
1156 5422 1358 5496 quidem
1395 5420 1724 5484 scandalum,
1758 5419 1946 5475 ercis
1974 5432 2141 5473 autem

559 5523 822 5577 stultitiam
860 5512 945 5586 (1.
1005 5511 1130 5570 Cor.
1178 5518 1231 5572 1.
1253 5516 1343 5569 22.
1372 5514 1488 5584 2'5).
1522 5512 1627 5569 Sed
1656 5512 1961 5577 securitate,
1990 5526 2051 5566 ac
2075 5511 2140 5566 li-

624 5637 638 5665 ι
676 5642 843 5689 ΘΗΜ..
882 5635 934 5679 .4t
955 5628 1103 5693 idiota
1125 5626 1320 5693 quidem
1342 5630 1389 5678 et
1412 5622 1700 5687 ineruditus,
1740 5622 1825 5674 sed
1854 5622 1920 5675 ad
1944 5636 2142 5687 persua-

560 5695 777 5746 dendum
792 5699 929 5756 aptus
947 5689 974 5742 .’

3707 246 3810 304 192

2228 368 2451 431 bertate,
2473 366 2669 437 inquis,
2693 364 2885 420 fruitus
2903 374 3005 421 est.
3021 364 3318 420 Atomnino
3337 377 3366 417 a
3390 362 3642 434 periculis
3659 381 3812 419 num-

2226 474 2383 528 quam
2407 458 2708 527 respiravit.
2730 456 2799 511 Et
2825 474 2936 529 ego,
2961 457 3152 528 inquit,
3184 457 3236 511 in
3255 457 3549 523 inﬁrmitate
3570 467 3617 511 et
3637 460 3814 513 timore

2226 559 2273 604 et
2303 560 2516 604 tremore
2554 550 2711 604 multo
2754 550 2831 620 fui
2859 549 2998 620 apud
3040 566 3126 604 vos
3156 549 3239 619 (1.
3268 548 3386 605 Cor.
3416 549 3473 605 2.
3503 550 3579 621 5)
3602 568 3614 603 :
3641 567 3813 620 neque

2226 654 2355 695 vero
2384 640 2499 710 ipse
2525 639 2720 705 solum,
2746 640 2841 696 sed
2870 640 3027 695 etiam
3060 640 3304 711 discipuli
3334 640 3449 711 ejus
3478 642 3813 711 passionibus

2226 733 2573 803 subjacebant
2611 750 2623 787 :
2657 733 2982 799 Mementote,
3015 733 3221 803 inquit,
3253 734 3445 788 dierum
3478 734 3727 802 priorum,
3760 736 3811 788 in

2225 826 2401 896 quibus
2424 827 2695 881 illuminati
2731 842 2971 897 magnum
3000 833 3248 879 certamen
3274 825 3582 880 sustinuistis
3610 829 3810 897 passio-

2227 937 2370 975 num.
2400 918 2466 973 In
2490 920 2649 973 altero
2671 917 2869 989 quidem
2895 917 3181 988 opprobriis
3207 927 3253 971 et
3281 917 3684 972 tribulationibus
3697 935 3813 986 spe-

2228 1010 2477 1064 ctaculum
2505 1009 2626 1081 facti
2650 1050 2665 1076 ,
2692 1009 2745 1063 in
2781 1010 2943 1063 altera
2970 1009 3120 1063 etiam
3157 1008 3285 1062 socii
3323 1008 3489 1061 taliter
3514 1006 3810 1061 cohrersan-

2228 1099 2351 1154 tium
2389 1099 2508 1170 [acti
2532 1115 2550 1153 :
2578 1115 2698 1152 nam
2727 1108 2773 1153 et
2816 1099 2990 1153 vinctis
3033 1098 3285 1168 compassi
3325 1098 3441 1152 estis
3460 1137 3476 1165 ,
3504 1107 3551 1151 et
3578 1099 3813 1167 rapinam

2232 1192 2474 1246 bonorum
2501 1198 2776 1244 vestrorum
2802 1205 2918 1243 cum
2957 1190 3141 1260 gaudio
3168 1175 3455 1258 suscepistis
3485 1188 3503 1256 (
3528 1188 3687 1243 Hebr.
3723 1189 3809 1244 10.

2230 1281 2457 1354 δεδι).
2490 1284 2555 1338 Et
2580 1298 2766 1339 rursus
2788 1282 2857 1337 ad
2887 1282 3388 1337 Thessalonicenses
3407 1283 3665 1344 scribens,
3694 1282 3770 1336 ait
3794 1299 3810 1337 :

2240 1372 2339 1429 Vos
2359 1375 2490 1428 enim
2517 1375 2688 1427 eadem
2716 1374 2849 1443 passi
2880 1374 2996 1427 estis
3020 1390 3050 1425 a
3080 1372 3440 1426 contribulibus
3464 1373 3656 1433 vestris,
3684 1373 3813 1425 sicut

2231 1475 2276 1521 et
2296 1466 2394 1538 ipsi
2414 1483 2443 1518 a
2462 1465 2679 1530 Judwis,
2706 1465 2793 1535 qui
2817 1473 2862 1518 et
2889 1464 3168 1518 Dominum
3193 1474 3416 1518 nostrum
3438 1463 3747 1525 occiderunt,
3767 1472 3814 1515 et

2234 1555 2505 1627 prophetas
2526 1572 2645 1609 suos
2672 1554 2955 1626 persequuti
2992 1563 3110 1607 sunt
3137 1555 3153 1584 ¹
3183 1552 3258 1623 (1.
3290 1552 3468 1607 Thess.
3497 1552 3551 1606 2.
3578 1553 3663 1607 11.
3696 1553 3811 1621 15).

2234 1648 2438 1703 Rursus
2458 1646 2526 1703 ad
2545 1646 2851 1702 Corinthios
2870 1646 3129 1713 scribens,
3154 1646 3321 1712 Sicut,
3350 1645 3538 1715 inquit,
3556 1644 3815 1698 abundant

2233 1742 2490 1812 passiones
2520 1740 2709 1796 Christi
2734 1741 2785 1793 in
2815 1740 2951 1795 vobis
2977 1783 2994 1808 ,
3021 1750 3069 1794 et
3096 1738 3517 1810 quemadmodum
3543 1739 3664 1792 socii
3698 1739 3815 1793 estis

2234 1834 2525 1903 passionum
2549 1874 2566 1900 ,
2594 1833 2665 1885 ita
2705 1832 2840 1886 eritis
2881 1840 2929 1887 et
2970 1831 3332 1885 consolationis
3363 1831 3457 1902 (1.
3496 1829 3615 1886 Cor.
3646 1832 3697 1885 1.
3725 1830 3813 1901 5).

2235 1923 2301 1979 Et
2326 1923 2393 1978 ad
2421 1922 2634 1979 Galatas
2662 1939 2677 1976 :
2713 1922 2875 1976 Tanta
2897 1962 2914 1987 ,
2941 1922 3112 1992 inquit
3136 1963 3149 1984 .
3182 1922 3318 1992 passi
3346 1922 3463 1976 estis
3489 1923 3597 1976 sine
3620 1938 3775 1975 causa
3794 1963 3813 1987 ,
3868 1928 3871 1929 ⁷

2233 2016 2279 2071 si
2306 2025 2473 2079 tamen
2496 2017 2603 2073 sine
2627 2032 2780 2070 causa
2810 2014 2968 2086 (Gal.
3003 2016 3055 2068 ὅ.
3079 2015 3111 2069 4
3130 2014 3171 2085 ).
3440 2080 3443 2083 Α

2304 2107 2628 2180 Comparatio
2675 2107 2939 2178 Evangelii
2984 2124 3100 2160 cum
3155 2107 3325 2171 bella;
3371 2108 3660 2163 seductores
3698 2116 3817 2161 ante

2234 2198 2487 2256 Christum
2512 2217 2602 2253 cur
2624 2199 2903 2270 permiserit
2933 2198 3090 2254 Deus.
3119 2228 3191 2239 —
3218 2199 3351 2254 Cum
3379 2199 3534 2268 igitur
3561 2198 3822 2268 prtedicao

2235 2300 2319 2348 tor
2348 2293 2644 2363 imperitus,
2674 2307 2795 2347 cum
2840 2292 3000 2348 etiam
3051 2308 3251 2361 pauper
3291 2301 3463 2353 esset.
3502 2300 3557 2346 et
3596 2305 3820 2361 prorsus

2234 2385 2501 2456 ignobilis,
2531 2396 2586 2441 et
2610 2384 2753 2455 quod
2780 2385 3181 2456 prmdicabatur,
3213 2400 3318 2439 non
3347 2383 3507 2439 modo
3535 2399 3819 2439 commen-

2234 2475 2448 2530 datione
2471 2475 2553 2531 sui
2580 2487 2725 2531 esset
2753 2490 2995 2538 vacuum,
3019 2474 3367 2529 verumetiam
3389 2473 3683 2529 oll'ensione
3704 2473 3818 2543 ple-

2234 2568 2536 2632 nissimum,
2566 2576 2621 2624 et
2646 2568 2917 2623 auditores
2947 2567 3044 2638 ipsi
3076 2568 3281 2637 inopes,
3313 2566 3625 2630 imbecilles,
3656 2576 3820 2636 atque

2234 2661 2455 2715 omnino
2484 2660 2634 2725 nulli,
2660 2669 2717 2715 et
2747 2659 2977 2729 pericula
3007 2667 3112 2713 tam
3138 2658 3345 2723 crebra,
3379 2666 3485 2712 tam
3509 2659 3679 2724 varia,
3711 2672 3818 2711 non

2234 2750 2542 2806 doctoribus
2580 2751 2783 2818 solum,
2814 2751 2906 2807 sed
2936 2750 3097 2806 etiam
3142 2750 3414 2819 discipulis
3454 2751 3819 2812 imminerent.

2234 2851 2289 2899 et
2317 2843 2601 2899 cruciﬁxus
2629 2852 2792 2909 esset,
2814 2842 2906 2914 qui
2936 2842 3280 2898 annuntiatur
3302 2843 3604 2899 adorandus
3626 2861 3641 2900 :
3664 2844 3822 2914 quid-

2234 2950 2358 2990 nam
2388 2934 2518 2990 illud
2560 2944 2662 3001 est,
2695 2935 2837 3005 quod
2881 2935 3038 3006 hujus
3078 2936 3388 3006 pricdicatio
3415 2937 3645 3007 potuerit
3672 2938 3819 2993 obti-

2237 3027 2404 3081 nere?
2448 3024 2634 3081 Nonne
2673 3025 2999 3081 lucidissime
3023 3026 3190 3082 claret
3213 3026 3391 3082 divina
3422 3027 3524 3084 hoc
3549 3038 3604 3083 et
3633 3029 3821 3084 ineffa-

2235 3117 2328 3172 bili
2376 3116 2605 3187 quadam
2652 3118 2844 3173 virtute
2891 3115 3229 3187 perfectum?
3269 3118 3422 3186 Quod
3469 3128 3615 3174 certe
3656 3121 3817 3175 etiam

2237 3208 2571 3264 inimicorum
2603 3209 3004 3276 comparatione
3032 3217 3205 3278 potest
3229 3209 3432 3279 liquido
3459 3210 3825 3278 comprobari.

2234 3299 2366 3356 Cum
2409 3301 2551 3356 enim
2577 3300 2775 3355 videris
2799 3302 3063 3356 contraria
3094 3300 3282 3356 horum
3316 3302 3560 3357 universa
3588 3317 3820 3357 concur—

2234 3407 2356 3447 rere
2386 3392 2437 3445 in
2469 3407 2631 3446 unum
2658 3410 2674 3447 :
2706 3391 2757 3446 id
2782 3401 2881 3457 est,
2913 3402 2967 3448 et
2993 3407 3144 3462 opes,
3175 3402 3229 3448 et
3258 3392 3612 3458 nobilitatem,
3640 3403 3695 3448 et
3723 3409 3821 3464 pa-

2236 3482 2351 3538 tria:
2375 3482 2767 3549 claritudinem,
2789 3490 2844 3537 et
2862 3484 3108 3538 oratorias
3133 3484 3264 3538 artis
3291 3499 3563 3554 pompam,
3592 3496 3646 3540 et
3670 3489 3817 3555 pacis

2236 3574 2600 3640 securitatem,
2626 3583 2679 3629 et
2708 3574 2987 3645 plurimam
3020 3575 3075 3629 in
3102 3576 3214 3645 ipsa
3243 3576 3621 3645 superstitione
3642 3578 3824 3631 cultu-

2236 3682 2369 3731 ram,
2389 3665 2643 3721 continuo
2666 3675 2839 3720 tamen
2866 3681 3067 3721 morem
3097 3665 3428 3736 profanitatis
3452 3668 3776 3722 exstinctum
3802 3686 3816 3733 ;

2235 3759 2336 3815 hos
2367 3775 2495 3815 vero
2520 3760 2610 3829 qui
2646 3766 2769 3813 sunt
2807 3775 2872 3814 ex
2909 3758 3130 3814 adversa
3177 3768 3325 3829 parte
3369 3773 3626 3828 superare
3659 3776 3825 3829 :qua:

2237 3853 2425 3913 borum
2451 3866 2608 3907 causa
2631 3852 2722 3917 sit,
2745 3851 3024 3921 responde.
3052 3851 3181 3907 Tale
3203 3858 3287 3907 est
3309 3852 3472 3916 enim,
3496 3860 3553 3906 ut
3576 3866 3700 3905 cum
3727 3867 3821 3905 rex

2236 3946 2500 4017 quispiam
2533 3946 2820 4001 instructus
2848 3945 3033 4010 armis,
3062 3942 3225 3999 fretus
3251 3945 3489 3998 exercitu
3514 3984 3528 4007 ,
3560 3944 3818 4012 potentis-

2237 4036 2401 4093 simas
2423 4037 2475 4090 in
2502 4035 2643 4090 bello
2669 4022 2811 4090 acies
2836 4034 3106 4089 instruens
3138 4036 3318 4088 hostes
3350 4048 3604 4101 superare
3627 4033 3823 4102 nequi-

2238 4128 2394 4193 verit,
2427 4126 2600 4182 nudus
2622 4125 2835 4196 aliquis,
2853 4134 2908 4181 et
2934 4140 3151 4196 pauper,
3177 4134 3232 4180 et
3250 4126 3417 4191 solus,
3438 4141 3505 4180 ne
3534 4123 3677 4179 brevi
3700 4125 3828 4193 qui-

2237 4218 2358 4275 dem
2386 4217 2565 4288 jaculo
2592 4225 2848 4282 armatus,
2871 4226 2961 4271 aut
2981 4217 3206 4286 simplici
3234 4217 3421 4272 saltem
3450 4226 3598 4270 veste
3624 4225 3823 4281 tectus,

2238 4321 2509 4367 certamen
2532 4311 2693 4376 ineat,
2716 4324 2885 4379 eaque
2910 4318 3124 4379 peragat
3146 4325 3264 4379 quae
3292 4309 3380 4364 alii
3405 4324 3502 4363 nec
3524 4323 3645 4362 cum
3678 4309 3831 4365 mille

2239 4404 2453 4475 quidem
2479 4404 2862 4459 munitionibus
2886 4413 3093 4472 patrare
3116 4411 3418 4471 potuerunt.
3445 4400 3559 4455 Noli
3590 4402 3752 4470 igitur
3773 4403 3829 4456 in

2242 4513 2401 4569 prava
2448 4511 2761 4566 permanere
2812 4498 3095 4560 sententia,
3143 4495 3235 4549 sed
3281 4494 3528 4549 virtutem
3566 4510 3832 4550 venerare

2240 4589 2500 4644 cruciﬁxi.
2530 4588 2716 4658 Neque
2740 4589 2881 4644 enim
2909 4588 2955 4643 si
2982 4603 3160 4659 regem
3190 4588 3420 4658 aliquem
3442 4587 3621 4643 videas
3648 4588 3834 4642 civita-

2241 4690 2323 4736 tes
2365 4681 2466 4736 sibi
2510 4680 2752 4735 excelsas
2795 4688 3094 4749 parantem,
3138 4679 3585 4749 circumagentem
3627 4677 3829 4746 fossas,

2243 4774 2411 4829 muris
2453 4772 2725 4828 machinas
2775 4772 3183 4837 admoventem,
3230 4771 3564 4827 innumeram
3612 4787 3836 4843 quoque

2245 4865 2527 4920 habentem
2557 4865 2782 4918 militum
2812 4864 3224 4926 multitudinem,
3252 4880 3401 4919 arma
3427 4864 3701 4935 fulgentia,
3736 4880 3839 4934 pe-

2243 4957 2426 5013 cunias
2445 4956 2696 5019 inﬁnitas,
2718 4970 2984 5025 unamque
3008 4954 3239 5010 hostium
3260 4955 3527 5010 civitatem
3549 4954 3843 5010 destruere

2245 5063 2348 5102 non
2383 5047 2648 5102 valentem
2675 5063 2689 5108 ;
2730 5045 2954 5099 alterum
2979 5060 3110 5099 vero
3148 5045 3292 5099 nudo
3317 5060 3545 5116 corpore
3566 5045 3843 5100 dimican-

2246 5148 2375 5204 tem,
2403 5139 2634 5209 solisque
2662 5137 2906 5192 manibus
2934 5146 3193 5203 utentem,
3216 5151 3322 5191 non
3349 5152 3528 5203 unam,
3558 5144 3653 5190 aut
3676 5136 3846 5203 duas,

2244 5241 2336 5286 aut
2364 5246 2579 5301 paucas,
2613 5230 2706 5285 sed
2730 5244 2954 5301 prorsus
2979 5230 3287 5285 innumeras
3316 5238 3535 5299 totoque
3563 5229 3698 5284 orbe
3730 5228 3852 5282 dii-

2246 5324 2391 5379 fusas
2434 5322 2594 5378 urbes
2636 5331 3037 5391 percurrentem
3076 5321 3345 5386 celeriter,
3384 5327 3721 5388 cunctasque
3752 5336 3821 5374 ea

2248 5415 2500 5484 pientem,
2533 5412 2779 5467 humanae
2824 5412 2927 5467 hoc
2969 5411 3139 5481 dicas
3166 5426 3287 5466 esse
3322 5410 3552 5465 virtutis.
3595 5409 3684 5465 Sic
3713 5425 3859 5478 ergo

2250 5506 2435 5578 procul
2463 5505 2625 5560 dubio
2652 5505 2703 5559 in
2736 5504 2985 5574 praesenti
3013 5518 3173 5558 causa
3202 5501 3539 5558 sentiendum
3567 5510 3671 5554 est.
3704 5499 3850 5554 Pro-

2319 5622 2333 5650 ι
2369 5588 2457 5668 cr:
2470 5618 2617 5671 addit.
2655 5625 2700 5668 et
2737 5630 2821 5667 nos
2859 5590 3252 5679 expulerar‘tbbl
3280 5624 3391 5668 .Dco
3427 5627 3519 5665 non
3543 5588 3777 5678 placent,
3800 5626 3856 5665 ct

2252 5680 2471 5733 omnibus
2490 5679 2754 5733 hominibus
2780 5679 3011 5732 contrarii
3026 5685 3162 5753 sunt:
