4044 6206
223 275 329 331 491

203 390 454 458 ἴσχυσεν,
496 385 707 453 ὡς’καὶ
755 389 1079 460 Ῥωμαίους,
1124 397 1220 450 καὶ
1271 398 1506 470 Πέρσας,
1551 402 1648 456 καὶ
1700 399 1798 454 Ἰν-

198 480 353 545 δοὺς,
389 482 488 536 καὶ
531 481 763 547 Σκύθας,
803 487 900 538 καὶ⁸
944 486 1228 552 Αἰθίοπας,
1276 490 1371 543 καὶ
1413 493 1795 564 Σαυρομάτας,

199 573 300 626 καὶ
351 573 624 644 Πάρθους,
681 575 776 627 καὶ
824 577 1066 648 Μήδους,
1120 579 1216 634 καὶ
1272 582 1645 654 Σαρακηνοὺς,
1699 585 1796 638 καί⁵

199 663 354 717 διπαν
382 663 572 728 ἁπλῶς
601 663 665 717 τὸ
696 664 804 719 τῶν
838 665 1140 738 ἀνθρώπων
1168 670 1324 738 γένος
1358 672 1495 744 πρὸς
1526 674 1626 745 τὴν
1659 675 1792 747 ἀλή-

199 755 364 808 θειαν
407 757 775 826 ἐπαναγαγεῖν
823 760 881 811 ἐν
925 759 1100 814 ἐτεσιν
1139 762 1259 817 οὐδέ
1301 763 1441 828 ὅλοις
1476 767 1792 838 τριάκοντα.

197 847 386 900 Πόθεν
416 844 528 912 οὖν,
565 849 683 902 εἰπέ
727 867 839 920 μοι,
875 852 903 903 ὁ
941 852 1217 924 ἀγοραῖος,
1241 856 1348 910 ,καὶ
1385 858 1478 910 ἐπὶ
1523 859 1794 930 ἐργαστη-

199 939 330 1005 ρίου
379 937 647 1010 έστηκὼς,
686 941 780 994 καὶ
815 941 1014 1013 σμίλην
1063 945 1473 1016 μεταχειρίζων,
1506 949 1600 1002 καὶ
1635 949 1794 1014 αὐτὸς

197 1029 432 1082 τοιαῦτα
484 1029 814 1100 ἐφιλοσόφει,
872 1034 967 1086 καὶ⁸
1012 1036 1140 1100 τοὺς
1186 1037 1380 1104 ἄλλους
1435 1042 1638 1106 ἔπεισε,
1699 1044 1794 1097 καὶ

197 1119 356 1192 ἔθνη,
394 1121 491 1174 καὶ
531 1122 736 1187 πόλεις,
781 1125 875 1178 καὶ⁸
916 1125 1118 1198 χώρας,
1155 1131 1215 1182 οὐ
1259 1131 1430 1201 λόγων
1474 1135 1626 1205 ἰσχὺν
1671 1137 1794 1190 ἐπι-

196 1213 574 1282 δεικνύμενος,
609 1215 745 1270 ἀλλά
774 1217 868 1271 καὶ
907 1219 1217 1275 τούναντίον
1242 1223 1409 1288 ἅπαν,
1437 1225 1534 1295 τὴν
1559 1227 1792 1300 ἐσχάτην

198 1306 445 1377 ἀμαθίαν
477 1307 696 1379 ἀμαθὴς
725 1307 830 1376 «Iw;
860 1311 1125 1366 Ἄκουσον
1156 1314 1287 1382 γοῦν
1323 1317 1485 1371 αὐτοῦ
1517 1317 1788 1388 λέγοντος,

199 1398 293 1450 καὶ
331 1397 436 1451 οὐκ
471 1399 858 1471 αἰσχυνομένου
883 1417 898 1433 ’
942 1405 1010 1456 El
1051 1404 1151 1458 καὶ
1205 1405 1436 1475 ἰδιώτης
1483 1408 1564 1475 τῷ
1611 1411 1788 1480 λόγῳ,

200 1491 341 1544 ἀλλ’
377 1491 453 1543 οὐ
488 1488 562 1558 τῇ
597 1489 834 1558 γνώσει.
877 1493 949 1546 Οὐ
985 1495 1244 1566 χρήματα
1285 1501 1640 1570 κεκτημένος.
1681 1501 1791 1555 Καὶ

200 1580 311 1652 γὰρ
351 1581 446 1634 κε’ιί⁵
487 1581 647 1635 τοῦτο
683 1583 846 1647 αὐτός
882 1601 1048 1656 φησι·
1076 1587 1264 1657 Μέχρι
1309 1589 1421 1659 τῆς
1462 1591 1588 1660 ἄρτι
1635 1592 1791 1662 ὥρας

202 1673 296 1724 καί
316 1670 636 1742 πεινῶμεν,
655 1675 752 1727 καὶ
771 1673 1062 1746 διψῶμεν,
1079 1679 1178 1732 καὶ
1204 1684 1672 1752 τυμνητεύομεν,
1694 1680 1794 1737 καί

202 1759 656 1829 κολαφιζόμεθα.
689 1762 799 1816 Καὶ
837 1764 889 1817 τί
922 1765 1066 1834 λέγω
1103 1770 1378 1839 χρήματα,
1411 1772 1547 1825 ὅπου
1579 1790 1642 1842 γε
1671 1774 1789 1827 οὐδὲ

203 1852 298 1919 τῆς
323 1852 628 1920 ἀναγκαίας
657 1853 914 1920 πολλάκις
935 1857 1156 1930 εὐπόρει
1182 1862 1410 1933 τροφῆς,
1435 1864 1555 1917 οὐδὲ
1577 1865 1789 1935 ἱμάτιον

205 1942 598 2014 περιϐαλέσθαι
633 1938 819 2012 εἷχενς
853 1945 972 1999 Ὀτι
1016 1947 1073 2000 δὲ
1106 1950 1225 2003 οὐδὲ
1265 1951 1324 2019 ἐξ
1360 1953 1789 2025 ἐπιτηδεύματος

203 2032 453 2105 λαμπρὸς
489 2028 578 2103 ἦν,
623 2036 719 2088 καὶ
763 2034 919 2090 τοῦτο
961 2039 992 2091 ό
1041 2039 1288 2112 μαθητὴς
1336 2043 1500 2097 αὐτοῦ
1546 2044 1786 2100 δείκνυσι

202 2125 396 2192 λέγων,
426 2127 510 2178 ὅτι
542 2128 779 2196 Ἔμεινε
809 2128 959 2196 πρὸς
1001 2129 1256 2186 Ἀκύλαν
1282 2133 1381 2187 καί
1413 2136 1789 2204 Πρίσκιλλαν

200 2216 294 2272 διὰ
353 2217 421 2270 τὸ
473 2219 798 2286 ὁμότεχνον
823 2235 838 2249 ·
889 2214 1053 2289 ἦσαν
1099 2222 1209 2290 γὰρ
1256 2225 1611 2291 σκηνοποιοὶ
1671 2226 1786 2294 τὴν

202 2307 443 2378 τέχνην.
496 2309 608 2362 Οὐκ
648 2310 756 2363 ἀπὸ
809 2311 1082 2383 προγόνων
1138 2312 1426 2384 ἐπίσημος.
1477 2315 1601 2378 Πῶς
1648 2315 1781 2387 γάρ,

197 2398 440 2452 τοιοῦτον
479 2399 818 2470 ἐπιτήδευμα
855 2399 1025 2470 ἔχων.
1062 2400 1178 2454 Οὐκ
1219 2401 1329 2455 ἀπὸ
1366 2404 1640 2474 πατρίδος,
1686 2406 1786 2460 οὐκ

197 2489 302 2541 ἀπὸ
334 2489 545 2553 ἔθνους.
585 2489 726 2542 Ἀλλ’
760 2492 908 2561 ὅμως
941 2489 1109 2546 ἐλθὼν
1141 2493 1221 2556 εἰς
1257 2493 1439 2563 μέσον,
1473 2495 1566 2548 καὶ
1601 2496 1786 2564 φανεὶς

201 2580 378 2649 μόνον,
408 2579 591 2634 πάντα
618 2578 848 2652 ἐτάραξε
871 2581 939 2635 τὰ
965 2582 1074 2636 τῶν
1113 2583 1390 2650 ἐναντίων,
1419 2585 1597 2638 πάντα
1631 2584 1782 2658 [495]

198 2673 442 2742 συνέχεε,
473 2674 571 2726 καὶ
608 2673 858 2744 καθάπερ
893 2673 1005 2744 πῦρ
1029 2676 1109 2738 εἰς
1138 2675 1392 2746 καλάμην
1423 2677 1660 2748 ἐμπεσὸν
1688 2682 1785 2735 καὶ

196 2763 411 2832 χόρτον,
434 2762 580 2816 οὕτω
599 2762 901 2817 κατέκαυσε
921 2765 990 2817 τά
1008 2764 1116 2818 τῶν
1129 2765 1418 2837 δαιμόνων,
1441 2768 1532 2821 καὶ
1546 2769 1626 2832 εἰς
1641 2768 1783 2841 ἅπερ

199 2853 472 2920 ἐϐούλετο,
530 2854 708 2908 πάντα
769 2855 1086 2926 μετέστησε.
1148 2857 1258 2910 Καὶ
1303 2857 1366 2911 οὐ
1415 2858 1572 2912 τοῦτο
1622 2860 1784 2930 μόνον

197 2946 312 2998 ἐστὶ
348 2947 414 2998 τὸ
456 2945 790 3016 θαυμαστὸν,
829 2947 912 3000 ὅτι
951 2946 1113 3009 αὐτὸς
1149 2947 1388 3012 τοιοῦτος
1431 2947 1506 3002 ὢν
1545 2949 1784 3003 τοσαῦτα

199 3036 438 3106 ίσχυσεν,
473 3036 589 3089 ἀλλ’
617 3037 700 3090 δτι
732 3037 825 3090 καὶ
852 3037 903 3090 οἰ
932 3036 1149 3100 πλείους
1168 3037 1277 3092 τῶν
1307 3038 1780 3110 μαθητευομένων,

196 3127 446 3197 πένητες,
487 3125 714 3191 ἰδιῶται,
754 3126 1089 3194 ἀπαίδευτοι,
1129 3127 1273 3199 λιμῷ
1317 3126 1608 3194 συζῶντες,
1643 3131 1781 3201 άση-

198 3233 286 3286 μοι
316 3217 414 3269 καὶ
445 3215 505 3282 ἐξ
544 3216 793 3286 ἀσήμων.
835 3217 944 3270 Καὶ
975 3217 1148 3271 ταῦτα
1181 3219 1276 3272 καὶ
1314 3219 1476 3282 αὐτὸς
1501 3219 1778 3291 κηρύττει,

195 3307 286 3360 καὶ
321 3307 428 3360 οὐκ
461 3305 778 3376 αἰσχύνεται
818 3307 991 3376 λέγων
1029 3307 1209 3361 αὐτῶν
1243 3308 1344 3380 τὴν
1382 3310 1572 3365 πενίαν
1596 3327 1609 3340 ·
1642 3311 1780 3381 μᾶλ-

195 3397 281 3450 λον
309 3398 369 3451 δὲ
398 3398 522 3450 οὐδὲ
550 3399 863 3469 προσαιτῶν
897 3399 1039 3471 ὑπὲρ
1065 3400 1262 3454 αὐτῶν.
1297 3402 1626 3470 Πορεύομαι
1647 3402 1777 3473 γὰρ,

197 3490 378 3559 φησὶν,
408 3492 497 3554 εἰς
532 3489 926 3559 Ἰερουσαλὴμ
957 3489 1251 3545 διακονῶν
1275 3492 1399 3558 τοῖς
1428 3493 1618 3562 ἁγίοις
1641 3511 1656 3525 ο
1685 3493 1780 3546 καὶ

196 3582 375 3639 πάλιν,
402 3580 566 3635 Κατὰ
592 3582 741 3650 μίαν
766 3580 1079 3636 σαϐϐάτων
1099 3581 1356 3650 ἕκαστος
1380 3583 1546 3653 ὑμῶν
1576 3583 1779 3638 τιθέτω

197 3672 337 3739 παρ’
371 3669 565 3734 ἐαυτῷ
591 3670 980 3739 θησαυρίζων,
1007 3671 1108 3724 ἵνα
1138 3671 1246 3741 μὴ,
1275 3672 1422 3726 ὅταν
1443 3673 1617 3736 ἔλθω,
1646 3675 1780 3727 τότε

193 3761 390 3828 λογίαι
436 3761 733 3830 γίνωνται.
775 3761 895 3815 ’Ότι
935 3762 994 3815 δὲ
1035 3762 1130 3816 καὶ
1173 3752 1236 3816 :6
1284 3763 1465 3817 πλεῖον
1496 3764 1675 3817 αὐτῶν
1718 3762 1778 3829 ἐξ

201 3851 427 3904 ἰδιωτῶν
467 3852 831 3923 συνειστήκει,
877 3845 1185 3925 Κορινθίοις
1213 3855 1567 3920 ἐπιστέλλων,
1603 3857 1774 3928 φησί’

195 3942 462 3996 Βλέπετε
489 3942 609 4010 τὴν
630 3943 858 4011 κλῆσιν
893 3942 1078 4013 ὑμῶν,
1109 3945 1200 3999 ὄτι
1236 3947 1309 4001 οὐ
1350 3947 1568 4001 πολλοὶ
1595 3945 1776 4016 σοφοί

197 4037 347 4088 κατὰ
364 4034 586 4103 σάρκαο
603 4037 701 4090 καὶ
724 4036 817 4091 ὅτι
843 4037 913 4101 ἐξ
927 4036 1198 4107 ἀσήμων,
1219 4040 1303 4093 Οὐ
1323 4041 1562 4102 πολλοὶ,
1587 4041 1771 4111 φησὶν,

196 4127 460 4193 εὐγενεῖς
488 4143 503 4158 ·
554 4129 647 4181 καὶ
693 4129 758 4182 οὐ
815 4128 977 4198 μόνον
1026 4130 1127 4184 οὐκ
1175 4131 1438 4200 εὐγενεῖς,
1493 4131 1630 4186 ἀλλά
1681 4133 1775 4186 καὶ

199 4216 403 4285 σφόδρα
448 4215 699 4280 εὐτελεῖς.
743 4219 852 4271 Καὶ
896 4218 1006 4286 γὰρ
1045 4218 1117 4273 τὰ
1156 4219 1415 4288 ἀσθενῆ,
1463 4221 1630 4292 φησὶ,
1667 4222 1773 4276 τοῦ

196 4307 425 4375 κόσμου
444 4307 761 4372 ἐξελέξατο
785 4311 818 4362 ό
841 4309 1004 4375 Θεὸς,
1039 4309 1139 4364 καί
1166 4310 1238 4363 τὰ
1258 4310 1344 4380 μὴ
1379 4311 1540 4372 ὄντα,
1578 4313 1678 4365 ἵνα
1703 4313 1774 4367 τὰ

197 4397 339 4452 ὄντα
363 4400 735 4468 καταργήσῃ.
774 4400 914 4454 Ἀλλ’
944 4401 1158 4472 ἰδιώτης
1189 4403 1287 4472 μὲν
1312 4405 1403 4458 καὶ
1429 4404 1770 4469 ἀπαίδευτος,

195 4491 417 4555 πιθανὸς
448 4492 505 4545 δέ
539 4491 788 4546 ὁπωσοῦν
825 4495 1034 4561 clm-iv;
1078 4495 1209 4549 Οὐδὲ
1251 4493 1427 4549 τοῦτο.
1476 4497 1584 4548 Καὶ
1614 4493 1772 4549 τοῦτο

194 4582 354 4646 αὐτὸς
407 4584 570 4638 πάλιν
617 4585 860 4639 δείκνυσι
907 4584 1081 4654 λέγων
1102 4603 1118 4617 ·
1159 4585 1332 4656 Κάγὼ
1379 4583 1571 4658 ἦλθον
1622 4589 1774 4656 πρὸς

196 4675 368 4745 ὑμᾶς,
397 4677 474 4731 οὐ
498 4680 628 4735 καθ’
663 4680 972 4749 ὑπεροχὴν
1003 4680 1190 4750 λόγου
1218 4680 1256 4750 ἢ
1286 4682 1528 4750 σοφίας,
1557 4698 1773 4751 καταγη-

192 4768 426 4835 rium:
471 4768 612 4838 ὑμῖν
667 4770 732 4824 τὸ
771 4772 1116 4842 μαρτύριον.
1171 4774 1253 4826 οὐ
1301 4773 1413 4842 γὰρ
1459 4771 1668 4842 ἔκρινά
1717 4790 1772 4826 τι

190 4858 406 4914 ειδέναι
437 4861 510 4914 ἐν
543 4860 705 4930 ὑμῖν,
741 4864 790 4916 εἰ
807 4861 894 4931 μὴ
933 4862 1168 4931 Ἰησοῦν
1195 4864 1468 4932 Χριστὸν,
1500 4865 1596 4919 καί
1631 4864 1771 4919 τοῦ-

192 4966 295 5004 τον
325 4951 783 5022 ἐσταυρωμένον
806 4969 820 4982 ·
858 4952 959 5009 καί
997 4957 1031 5009 ό
1068 4955 1250 5024 λόγος
1279 4973 1398 5024 μου
1437 4956 1533 5010 καὶ
1568 4956 1634 5011 τὸ
1668 4956 1774 5024 κή-

187 5044 381 5111 ρυγμά
436 5061 552 5111 μου
601 5046 712 5098 οὐκ
757 5045 829 5098 ἐν
879 5045 1180 5114 πειθανοῖς
1212 5059 1238 5088 ι
1275 5048 1497 5116 σοφίας
1546 5050 1768 5118 λόγοις.

202 5133 364 5189 Ἀλλά
399 5133 462 5194 τὸ
502 5135 906 5207 κηρυττόμενον
946 5139 1127 5194 ἱκανὸν
1168 5139 1590 5194 ἐπισπάσασθαι.
1632 5141 1770 5194 Ἀλλ’

189 5222 419 5276 ἄκουσον
439 5227 534 5278 καὶ
557 5226 686 5297 περὶ
713 5227 875 5280 αὐτοῦ
895 5227 948 5281 τί
972 5245 1138 5299 φησιν
1158 5246 1171 5260 ο
1191 5230 1344 5284 Ἐ’πεί
1373 5230 1469 5284 καί
1498 5230 1771 5286 Ἰουδαῖοι

188 5315 408 5384 σημεῖα
441 5317 701 5383 αἰτοῦσι,
747 5319 848 5372 καὶ
873 5319 1166 5388 ’Έλληνες
1202 5322 1428 5392 σοφίαν
1458 5319 1768 5390 ζητοῦσιν,

190 5406 360 5474 ἡμεῖς
416 5407 485 5462 δὲ
549 5412 919 5480 κηρύττομεν
979 5416 1236 5483 Χριστὸν
1295 5415 1769 5486 ἐσταυρωμένον,

202 5497 504 5564 Ἰουδαίοις
549 5499 665 5568 μὲν
704 5499 1073 5567 σκάνδαλον,
1119 5503 1382 5571 Ἕλλησι
1414 5503 1482 5559 δὲ
1523 5505 1767 5574 μωρίαν.

263 5681 294 5715 ³
309 5683 461 5735 Sui].
483 5691 538 5736 et
552 5686 678 5737 Bibl.
708 5690 897 5744 πειθοῖς.

1090 283 1179 341 DF.
1219 287 1564 348 LAUDIBUS
1605 291 1664 349 s.
1714 289 1917 350 PAULI
1952 293 2313 356 APOSTOLI.
2357 301 2587 360 HOMIL.
2624 305 2709 362 ιν.
2749 286 2752 292 ’

3379 305 3486 358 49?!

1919 399 2076 456 Ἀλλά
2119 405 2301 471 ἀδείας
2347 408 2692 480 ἀπήλαυσεν;
2742 411 2880 466 Ἀλλ’
2921 411 3043 468 οὐδέ
3083 413 3302 470 ἀνέπνει
3351 431 3479 472 ποτε

1903 501 2012 556 τῶν
2048 507 2325 563 κινδύνων.
2362 509 2469 562 Καὶ
2504 509 2614 580 γὰρ
2645 510 2714 564 ὲν
2757 511 3058 582 ἀσθενείᾳ,
3098 514 3251 585 φησὶ,
3280 516 3378 570 καί
3412 519 3480 570 ἐν

1903 607 2065 674 φόϐῳ
2100 608 2198 663 καί
2235 609 2516 680 ἐντρόμῳ
2554 611 2762 678 πολλῷ
2786 615 3076 684 ἐγενόμην
3101 616 3249 684 πρὸς
3288 617 3472 687 ὑμᾶς-

1902 707 2001 759 οὐκ
2034 707 2195 774 αὐτὸς
2239 709 2295 764 δέ
2341 710 2520 781 μόνον,
2550 711 2682 766 ἀλλά
2725 697 2817 766 καὶ
2859 715 2907 767 οἰ
2952 715 3192 787 μαθηταί
3232 717 3300 771 τά
3339 718 3478 771 αύτά

1903 809 2159 881 ἔπασχον.
2188 812 2506 883 Μέμνησθε
2542 815 2669 886 γὰρ,
2707 816 2860 887 φησὶ,
2886 816 2992 883 τὰς
3023 818 3312 886 πρότερον
3340 820 3476 888 ἡμέ-

1893 929 2028 979 ρας,
2070 913 2141 968 ἐν
2177 909 2271 980 αἶς
2309 917 2720 984 φωτισθέντες,
2763 917 3005 986 πολλὴν
3056 918 3318 986 ἄθλησιν
3371 922 3476 974 ὐπ-

1901 1016 2169 1084 εμείνατε
2200 1016 2557 1086 παθημάτων
2577 1033 2592 1048 ’
2625 1019 2800 1074 τοῦτο
2815 1021 2954 1088 μὲν,
2993 1020 3351 1090 ὀνειδισμοῖς
3374 1021 3472 1076 και

1900 1118 2148 1186 θλίψεσι
2189 1115 2634 1188 θεατριζόμενοι,
2683 1119 2859 1174 τοῦτο
2902 1119 2972 1172 δέ
3011 1120 3303 1184 κοινωνοί,
3354 1119 3457 1173 τῶι

1899 1221 2051 1274 οὕτω
2085 1223 2447 1290 πασχόντων
2459 1220 2976 1289 γεννηθέντες.Καί
3007 1221 3116 1293 γὰρ
3144 1224 3260 1291 τὴν
3287 1225 3467 1292 ἁρπα-

1898 1320 2017 1392 γὴν
2036 1321 2155 1376 τῶν
2179 1324 2571 1392 ὑπαρχόντων
2600 1322 2769 1393 ὑμῶν
2785 1323 2937 1393 μετὰ
2965 1321 3154 1393 χαρᾶς
3181 1324 3461 1392 προσεδέ.

1899 1421 2103 1486 ξασθε.
2152 1423 2262 1476 Καὶ
2306 1422 2466 1476 πάλιν
2513 1419 2961 1476 Θεσσαλονικεῦσι
3008 1421 3234 1493 γράφων
3279 1422 3471 1493 λέγει·

1910 1522 2104 1592 Ὑμεῖς
2140 1522 2250 1592 γὰρ
2277 1521 2347 1576 τὰ
2377 1520 2530 1576 αὐτὰ
2558 1520 2806 1576 ἐπάθετε
2831 1521 2948 1576 ὑπὸ
2978 1521 3098 1576 τῶν
3127 1522 3290 1576 ἰδίων
3317 1538 3465 1594 συμ-

1896 1623 2190 1695 φυλετῶν,
2236 1624 2426 1690 καθὼς
2474 1623 2572 1678 καὶ
2611 1623 2780 1678 αὐτοὶ
2821 1625 2941 1680 ὑπὸ
2979 1624 3098 1680 τῶν
3144 1627 3466 1691 Ἰουδαίων,

1897 1723 2014 1778 τῶν
2063 1725 2160 1778 καὶ
2207 1724 2315 1779 τὸν
2359 1725 2577 1794 Κύριον
2626 1724 3139 1794 ἀποκτεινάντων,
3183 1725 3281 1780 καὶ
3333 1726 3469 1791 τοὺς

1895 1827 2083 1891 ίδίους
2107 1825 2435 1895 προφήτας,
2459 1825 2557 1880 καὶ
2583 1825 2741 1895 ἡμᾶς
2760 1826 3186 1892 ἐκδιωξάντων,
3212 1827 3310 1880 καί
3345 1826 3470 1892 Θεῷ

1889 1925 1977 1996 μὴ
2009 1927 2409 1994 ἀρεσκόντων,
2439 1927 2538 1981 καί
2567 1926 2756 1982 πᾶσιν
2787 1927 3119 1995 ἀνθρώποις
3155 1927 3465 1981 ἐναντίαιν.

1895 2026 2005 2100 Ιςαὶ
2055 2025 2362 2096 Κορινθίοις
2410 2025 2466 2079 δὲ
2509 2025 2671 2080 πάλιν
2724 2026 3053 2080 ἐπιστέλλων
3102 2025 3306 2094 ἔλεγεν,
3343 2026 3468 2079 Ὀτι

1893 2127 2237 2194 περισσεύει
2274 2125 2347 2179 τὰ
2381 2126 2698 2195 παθήματα
2731 2128 2838 2182 τοῦ
2875 2126 3131 2196 Χριστοῦ
3165 2128 3252 2192 εἰς
3286 2125 3464 2195 ὑμᾶς,

1894 2226 1992 2279 καί
2022 2225 2223 2296 ὥσπερ
2261 2228 2534 2281 κοινωνοί
2578 2228 2716 2282 ἐστε
2757 2227 2873 2281 τῶν
2902 2228 3279 2297 παθημάτων,
3315 2227 3469 2281 οὕτω

1893 2328 1990 2382 καὶ
2023 2327 2133 2394 τῆς
2164 2328 2601 2397 παρακλήσεως
2623 2346 2638 2360 ο
2691 2329 2786 2382 καὶ
2835 2329 3100 2398 Γαλάταις
3127 2369 3143 2394 ,
3195 2327 3467 2384 Τοσαῦτα

1892 2428 2138 2483 ἐπάθετε
2165 2426 2318 2496 εικῆ,
2340 2430 2522 2500 φησὶν,
2551 2428 2608 2482 εἴ
2628 2446 2693 2498 γε
2715 2427 2813 2482 καί
2834 2426 2992 2496 ιείκῆ.

1967 2529 2133 2582 Ὅταν
2165 2525 2258 2583 οὖν
2279 2530 2372 2583 καὶ
2395 2531 2422 2582 ὁ
2442 2527 2724 2600 κηρύττων
2753 2527 2965 2598 ἰδιώτης
3055 2527 3147 2580 καὶ
3177 2526 3343 2597 πένης
3374 2525 3467 2579 καὶ

1891 2629 2099 2701 ἄσημος
2120 2670 2134 2690 ,
2171 2630 2264 2684 καὶ
2297 2629 2359 2689 τὸ
2399 2627 2797 2700 κηρυττόμενον
2836 2628 2936 2680 οὐκ
2976 2626 3280 2694 ἐπαγωγὸν,
3327 2624 3467 2678 ἀλλά

1891 2727 1984 2782 καὶ
2019 2728 2312 2782 σκάνδαλον
2353 2727 2494 2798 ἐχον,
2526 2725 2620 2780 καὶ
2658 2727 2708 2778 οἱ
2747 2725 3032 2787 ἀκούοντες
3073 2724 3204 2777 αὐτὸ
3233 2723 3465 2792 πένητες

1890 2829 1985 2882 καὶ
2029 2827 2274 2892 ἀσθενεῖς
2321 2827 2416 2880 καὶ
2461 2825 2695 2890 οὐδένες,
2747 2825 2841 2878 καὶ
2888 2822 3120 2877 κίνδυνοι
3175 2821 3463 2892 ἐπάλληλοι

1890 2930 1983 2982 καὶ
2017 2929 2258 2999 συνεχεῖς
2288 2924 2438 2999 [496]
2477 2926 2571 2979 καὶ
2604 2925 2716 2987 τοῖς
2743 2921 3078 2984 διδασκάλοις
3101 2921 3329 2984 καὶτοῖς
3356 2939 3464 2992 μα-

1889 3026 2099 3100 θηταῖς,
2131 3027 2225 3082 καὶ
2261 3028 2290 3080 ὁ
2327 3024 2820 3094 καταγγελλόμενος
2848 3021 3278 3093 ἐσταυρωμένος,
3309 3020 3363 3072 τί
3403 3020 3466 3073 τὸ

1889 3129 2118 3200 ποιῆσαν
2163 3129 2486 3200 κρατήσειν;
2530 3125 2644 3178 Οὐκ
2685 3123 2902 3194 εὔδηλον
2941 3123 3024 3176 ὃτι
3069 3122 3189 3176 θεία
3232 3137 3317 3185 τις
3366 3120 3463 3174 καὶ

1887 3227 2194 3298 ἀπόρρητος
2217 3226 2478 3296 δύναμις;
2509 3223 2678 3277 Παντί
2711 3241 2811 3276 που
2832 3223 2986 3294 δῆλον
3013 3239 3028 3254 ο
3061 3222 3156 3277 καὶ
3182 3219 3340 3275 τοῦτο
3368 3220 3466 3274 καὶ

1887 3327 1996 3381 ἀπὸ
2025 3327 2134 3381 τῶν
2171 3325 2426 3380 ἐναντίων
2457 3324 2573 3377 ἐστὶ
2609 3323 2865 3378 κατιδεῖν.
2906 3323 3074 3376 Ὅταν
3106 3319 3215 3391 γάρ
3251 3320 3368 3390 ἴδῃς
3395 3317 3466 3371 τά

1887 3427 2104 3481 ἐναντία
2126 3425 2328 3479 τούτων
2359 3423 2752 3496 συνδραμόντα,
2783 3422 2878 3476 καὶ
2905 3419 3155 3485 πλοῦτον,
3187 3418 3281 3472 καὶ
3309 3417 3466 3485 εὐγέ-

1885 3543 2054 3594 νειαν,
2091 3525 2185 3579 καὶ
2221 3523 2478 3596 πατρίδος
2522 3523 2786 3596 μέγεθος,
2828 3523 2924 3577 καὶ
2975 3518 3259 3594 ῥητορείας
3298 3514 3465 3569 δεινό-

1884 3644 2040 3698 τητα,
2072 3625 2167 3680 καὶ
2199 3625 2380 3680 ἄδειαν
2415 3624 2510 3679 καὶ
2549 3623 2844 3696 θεραπείαν
2875 3620 3093 3692 πολλὴν,
3133 3618 3226 3672 καὶ
3260 3615 3462 3676 εὐθέως

1885 3727 2176 3783 σϐεσθέντα
2214 3726 2282 3780 τὰ
2325 3725 2806 3797 καινοτομηθέντα,
2847 3722 3069 3784 τούτους
3110 3720 3166 3772 δέ
3204 3717 3309 3772 ἀπὸ
3351 3719 3462 3770 τῶν

1881 3831 2138 3884 ἐναντίων
2191 3832 2664 3899 περιγενομένους,
2709 3826 2764 3881 τί
2809 3825 2870 3879 τὺ
2915 3825 3108 3886 αἴτιον,
3158 3820 3280 3874 εἰπέ
3329 3835 3459 3887 μοις

1883 3934 2090 3988 Ταύτδν
2119 3934 2228 4003 γάρ
2271 3930 2491 4001 συνέϐη,
2533 3924 2645 3984 οἷον
2692 3930 2759 3984 ἂν
2796 3931 2846 3982 εἰ
2896 3925 3034 3998 μετά
3083 3921 3461 3996 στρατοπέδων

1881 4033 1979 4087 καλ⁸
2033 4032 2212 4104 ὃπλων
2259 4032 2354 4086 καὶ
2407 4028 2765 4101 παρατάξεως
2816 4025 2910 4079 τοῦ
2965 4023 3332 4094 βασιλεύοντος
3382 4019 3457 4088 μὴ

1878 4131 2193 4205 δυνηθέντος
2245 4131 2518 4202 κρατῆσαι
2575 4128 2696 4222 τῶν.
2745 4125 3055 4198 βαρϐάρων,
3112 4120 3324 4192 πτωχός
3373 4135 3458 4181 τις
3571 4117 3585 4138 ’

1879 4232 2085 4303 γυμνὸς
2119 4232 2213 4286 καί⁵
2251 4231 2431 4302 μόνος,
2465 4228 2561 4283 καὶ
2595 4219 2731 4300 μηδέ
2763 4226 3011 4280 ἀκόντιον
3041 4219 3455 4294 μεταχειρίζων,

1883 4339 2018 4412 μηδὲ
2067 4337 2282 4411 ἱμάτιον
2330 4335 2490 4407 ἔχων,
2547 4333 2802 4388 εἰσελθὼν
2851 4329 3198 4403 διαπράξοιτο
3239 4327 3276 4382 ἃ
3320 4326 3458 4396 μετὰ

1877 4445 2056 4500 ὅπλων
2077 4443 2172 4498 καὶ
2191 4441 2545 4514 παρασκευῆς
2567 4440 2668 4494 οὐκ
2695 4439 2921 4510 ἴσχυσαν
2942 4435 3137 4506 ἐτεροι.
3165 4433 3256 4504 Μὴ
3279 4432 3458 4486 τοίνυν

1879 4551 2206 4624 ἀγνωμόνει,
2244 4545 2382 4602 ἀλλά
2417 4545 2536 4601 καθ’
2568 4544 2805 4614 ἐκάστην
2833 4541 2966 4613 φέρε
2995 4540 3094 4610 τὴν
3131 4537 3330 4608 ψῆφον,
3362 4535 3458 4588 καὶ

1878 4655 2172 4729 προσκύνει
2197 4652 2293 4708 τοῦ
2327 4649 2726 4722 σταυρωθέντος
2757 4648 2856 4720 τὴν
2882 4645 3129 4716 δύναμιν.
3166 4642 3302 4696 Οὐδὲ
3323 4641 3454 4711 γὰρ,

1877 4748 1946 4803 ἂν
1994 4747 2111 4818 ἰδῃς
2149 4745 2270 4801 τινὰ
2311 4744 2494 4808 πόλεις
2527 4738 3023 4804 κατασκευάζοντα,
3073 4735 3170 4789 καὶ
3215 4733 3455 4804 τάφρους

1879 4849 2298 4927 περιελαύνοντα
2317 4890 2333 4916 ,
2385 4848 2481 4902 καὶ
2536 4845 2904 4918 μηχανήματα
2956 4841 3297 4912 προσάγοντα
3349 4837 3454 4891 τεί-

1877 4970 2018 5025 χεσι,
2069 4951 2165 5005 καὶ
2212 4947 2354 5004 ὅπλα
2406 4946 2758 5019 χαλκεύοντα,
2816 4944 2912 4998 καὶ
2970 4939 3302 5012 στρατιώτας
3350 4955 3453 4991 κα-

1877 5058 2192 5128 ταλέγοντα,
2257 5055 2353 5110 καὶ
2394 5054 2653 5127 χρήματα
2711 5049 2903 5121 έχοντα
2947 5047 3170 5117 ἄπειρα,
3234 5043 3328 5097 καὶ
3377 5041 3454 5114 μὴ

1877 5163 2173 5236 δυνάμενον
2205 5160 2360 5216 πόλιν
2395 5159 2523 5232 μίαν
2551 5157 2690 5212 ἐλετν
2707 5173 2722 5190 ο
2750 5154 2907 5210 ἄλλον
2933 5151 2992 5206 δέ
3021 5148 3211 5221 γυμνῷ
3241 5147 3452 5218 σώματι

1879 5269 2272 5342 προσϐαλόντα,
2306 5267 2400 5322 καὶ
2426 5267 2581 5338 χερσὶ
2617 5263 2802 5337 μόναις
2833 5258 3131 5332 χρώμενον,
3170 5257 3288 5326 οὐχὶ
3322 5253 3452 5322 μίαν

1879 5373 1973 5426 καὶ
2014 5369 2270 5441 δευτέραν
2314 5369 2408 5423 καὶ
2460 5365 2631 5420 είκοσι
2663 5362 2864 5426 πόλεις,
2905 5359 3041 5414 ἀλλά
3086 5355 3277 5428 μυρίας
3312 5352 3453 5405 κατά

1878 5476 1976 5547 τὴν
2003 5471 2323 5543 οἰκουμένην
2353 5468 2723 5540 ἐπιτρέχοντα,
2755 5465 2848 5520 καὶ
2879 5459 3206 5528 αὐτάνδρους
3235 5450 3450 5521 λαμϐά-

1879 5595 2056 5640 νοντα,
2099 5574 2444 5647 ἀνθρωπίνης
2479 5571 2546 5625 ἂν
2582 5571 2756 5633 είποις
2789 5563 2926 5620 εἶναι
2963 5561 3120 5616 τοῦτο
3146 5555 3448 5626 δυνάμεως.

1881 5684 2036 5740 Οὕτω
2063 5683 2220 5752 δῆλον
2245 5684 2324 5737 δτι
2359 5682 2450 5737 καὶ
2477 5679 2590 5734 νῦν.
2626 5679 2722 5734 Διά
2752 5676 2858 5746 γὰρ
2884 5672 3044 5726 τοῦτο
3076 5665 3448 5741 συνεχώρησεν
