4044 6206
508 336 511 339 .
565 291 669 345 493

560 398 593 449 ὀ
619 395 749 457 Θεὸς
776 392 871 449 καὶ
896 393 1097 469 λῃστάς
1119 394 1515 465 σταυρωθῆναι,
1543 395 1634 447 καὶ
1661 392 1771 463 πρὸ
1798 392 1959 447 αὐτοῦ
1978 408 2131 453 τινας

562 487 883 552 ἀπατεῶνας
932 489 1186 559 φανῆναι,
1224 487 1309 541 ἵνα
1355 487 1448 541 καὶ
1495 487 1603 541 ἀπὸ
1647 487 1981 557 συγκρίσεως
2025 488 2137 549 τοῖς

532 614 535 619 η
564 580 767 651 σφόδρα
792 580 1175 651 ἁναισθητοῦσι
1200 579 1383 651 δειχθῇ
1412 578 1512 649 τῆς
1534 577 1791 651 ἀληθείας
1814 581 1848 649 ή
1872 578 2132 648 ὑπεροχὴ,

564 673 656 725 καὶ
688 674 752 726 σὺ
785 672 980 744 μάθῃς,
1013 673 1097 725 ὅτι
1122 673 1221 726 οὐκ
1258 672 1483 726 ἐκείνων
1512 666 1592 733 εἷς
1622 665 1795 736 οὗτος,
1833 669 1967 723 ἀλλὰ
2002 669 2135 722 πολὺ

565 758 660 811 καὶ
689 758 911 827 ἄπειρον
939 757 1126 811 τούτου
1155 760 1249 813 καὶ
1284 758 1506 813 ἐκείνων
1532 758 1594 812 τὸ
1624 759 1808 830 μέσον.
1838 759 2000 812 Οὐδὲν
2030 758 2137 831 γὰρ

567 849 730 901 αὑτοῦ
756 849 854 919 τὴν
879 849 1033 914 δόξαν
1065 851 1354 905 συσκιάσαι
1386 851 1623 921 ἴσχυσεν,
1651 851 1710 903 οὐ
1738 850 1801 903 τὸ
1826 850 1934 928 τῷν
1960 849 2138 903 αὐτῶν

566 940 887 1007 κοινωνῆσαι
916 940 1124 1006 παθῶν,
1149 942 1211 994 οὐ
1238 941 1301 994 τὸ
1325 944 1437 1004 τοῖς
1471 942 1654 1004 αὐτοῖς
1684 941 1896 1012 χρόνοις
1926 940 2141 1012 συνδραο

572 1030 710 1096 μεῖν.
744 1029 807 1081 Εί
836 1029 933 1098 μὲν
962 1028 1069 1100 γὰρ
1104 1029 1197 1082 τὸν
1235 1031 1465 1103 σταυρὸν
1496 1031 1545 1082 οἱ
1570 1030 1819 1102 δαίμονες
1847 1030 2137 1093 δεδοίκασι,

569 1118 663 1172 καὶ
695 1120 755 1172 οὐ
789 1119 884 1173 τοῦ
917 1121 1317 1192 σταυρωθέντος
1354 1121 1450 1192 τὴν
1480 1122 1654 1191 ἰσχὺν,
1694 1120 1994 1191 ἐμφράττει
2032 1120 2140 1174 τῶν

566 1206 737 1259 ταῦτα
766 1206 1031 1276 λεγόντων
1055 1209 1116 1263 τὸ
1145 1211 1321 1280 στόμα
1345 1209 1455 1262 τῶν
1482 1209 1694 1279 λῃστῶν
1719 1211 1753 1279 ή
1787 1209 2017 1280 ξυνωρίς
2042 1227 2056 1240 σ
2092 1210 2140 1261 εἰ

565 1297 624 1350 δὲ
654 1299 747 1351 καὶ
782 1300 814 1369 ἠ
861 1299 1116 1355 δυσκολία
1145 1301 1252 1354 τῶν
1287 1301 1493 1372 καιρῶν
1525 1300 1585 1352 τὸ
1618 1303 1725 1354 πᾶν
1759 1301 1977 1371 ήνυσεν,
2004 1302 2139 1354 ἀπο-

566 1388 848 1455 λογοῦνται
897 1392 947 1443 οί
996 1393 1124 1462 περὶ
1179 1392 1380 1446 Θευδᾶν
1432 1392 1526 1445 καὶ
1582 1391 1802 1458 Ἰούδαν,
1858 1394 1985 1463 περὶ
2034 1393 2140 1447 τῶν

567 1479 748 1532 αὐτῶν
784 1482 916 1551 ήμῖν
947 1483 1390 1553 ἐπιχειρήσαντες
1421 1481 1559 1554 μετά
1583 1484 1677 1536 καὶ
1704 1484 1907 1553 ἐτέρων
1934 1483 2141 1536 πολλῶν

568 1571 674 1623 τῶν
723 1573 983 1643 σημείων,
1031 1574 1124 1626 καὶ
1164 1572 1568 1643 διαφθαρέντες.
1617 1572 1793 1641 Ὅπερ
1838 1572 1946 1642 γὰρ
1985 1570 2139 1641 ἔφην,

567 1662 655 1715 διὰ
675 1663 834 1716 τοῦτο
860 1665 1030 1731 ταῦτα
1058 1665 1239 1718 εἴασεν
1264 1667 1291 1718 ό
1321 1665 1472 1728 Θεὸς,
1509 1666 1597 1718 ἴνα
1630 1666 1694 1718 ἐκ
1734 1667 2049 1735 περιουσίας
2075 1666 2145 1718 τά

570 1753 734 1807 αὑτοῦ
763 1754 930 1826 δείξῃ.
970 1754 1067 1808 Διά
1107 1756 1262 1809 τοῦτο
1299 1756 1392 1809 καὶ
1426 1756 1870 1827 ψευδοπροφήτας
1901 1758 1992 1809 ἐπὶ
2035 1757 2143 1810 τῶν

570 1847 864 1917 προφητῶν
894 1847 1122 1917 φανῆναι
1156 1846 1520 1919 συνεχώρησε,
1560 1849 1654 1902 καὶ⁵
1683 1847 2145 1917 ψευδαποστόλους

570 1937 665 1990 ἐπὶ
696 1937 807 1990 τῶν
837 1938 1167 2004 ἀποστόλων,
1205 1938 1292 1993 ἵνα
1329 1939 1508 2011 μάθῃς
1543 1940 1626 1993 ὅτι
1660 1941 1810 1993 οὐδὲν
1841 1939 1951 1996 τῶν
1979 1940 2144 1994 αὑτοῦ

574 2027 862 2079 συσκιάσαι
879 2026 1123 2083 δύναται.

642 2118 795 2173 Εἴπω
835 2135 916 2172 σοι
951 2120 1043 2172 καὶ
1077 2120 1339 2190 ἑτέρωθεν
1368 2120 1595 2191 δύναμιν
1625 2119 1976 2192 κηρύγματος
2014 2119 2147 2173 θαυ-

573 2207 785 2279 μαστὴν
850 2210 943 2262 καὶ
995 2210 1295 2280 παράδοξον
1320 2252 1335 2276 ,
1398 2211 1492 2263 καὶ
1555 2210 1712 2274 δείξω
1765 2227 1847 2263 σοι
1910 2210 2004 2263 καὶ
2059 2210 2147 2264 διά

570 2298 680 2351 τῶν
734 2298 1107 2367 πολεμούντων
1151 2300 1437 2371 αἰρόμενον
1487 2300 1646 2353 αὑτὸν
1700 2299 1848 2371 [497]
1906 2302 1999 2354 καὶ
2047 2300 2146 2353 αύ-

572 2390 897 2459 ξανόμενον;
934 2390 1023 2461 Τῷ
1062 2390 1257 2459 Παύλῳ
1299 2390 1473 2461 τούτῳ
1506 2391 1634 2443 ποτέ
1670 2409 1812 2455 τινες
1850 2392 2148 2462 πολεμοῦν-

571 2496 683 2543 τες,
712 2481 1006 2552 ἐκήρυττον
1027 2482 1174 2533 τουτὶ
1198 2481 1258 2533 τὸ
1279 2480 1454 2551 δόγμα
1482 2484 1539 2534 ἐν
1572 2480 1777 2552 Ῥώμῃ.
1826 2483 2147 2553 Βουλόμενοι

572 2568 680 2639 γὰρ
723 2569 810 2622 τὸν
847 2570 1075 2641 Νέρωνα
1115 2569 1411 2638 παροξῦναι
1452 2570 1788 2640 πολεμοῦντα
1820 2572 1899 2641 τῷ
1928 2572 2145 2643 Παύλῳ,

547 2663 917 2737 ,ἀναδέχονται
966 2663 1060 2715 καὶ
1106 2663 1259 2716 αὐτοὶ
1307 2663 1615 2733 κηρύττειν,
1648 2663 1732 2716 ἴνα
1767 2664 1965 2734 μᾶλλον
2012 2666 2148 2720 πλα-

570 2752 856 2815 τυνθέντος
902 2752 994 2807 τοῦ
1044 2752 1226 2821 λόγου,
1259 2754 1350 2806 καὶ
1405 2754 1664 2807 πλειόνων
1702 2756 2004 2827 γινομένων
2046 2776 2148 2828 μα-

572 2845 772 2915 θητῶν,
822 2845 1146 2916 θερμότερος
1194 2848 1222 2898 ὁ
1262 2846 1427 2916 θυμὸς
1471 2846 1566 2898 τοῦ
1609 2848 1871 2919 τυράννου
1899 2848 2145 2918 γένηται,

571 2938 666 2989 καὶ
706 2937 949 3008 ἀγριωθῇ
996 2937 1056 2989 τὸ
1099 2937 1303 3008 θηρίον.
1345 2937 1452 2991 Καὶ
1482 2938 1639 2992 τοῦτο
1671 2939 1831 3003 αὐτὸς
1871 2941 1899 2992 ό
1938 2940 2149 3004 Παῦλος

570 3029 947 3100 Φιλιππησίοις
997 3030 1322 3083 ἐπιστέλλων
1376 3030 1528 3099 ἔλεγε
1554 3047 1567 3061 ο
1616 3030 1947 3085 Γινώσκειν
1994 3030 2149 3100 ὑμᾶς

566 3122 885 3189 βούλομαι,
922 3120 1194 3190 ἀδελφοί,
1236 3120 1326 3175 ὅτι
1367 3122 1439 3175 τὰ
1481 3122 1608 3175 κατ’
1648 3120 1752 3191 ἐμὲ
1784 3120 2027 3190 μᾶλλον
2060 3125 2148 3189 εις

571 3214 883 3279 προκοπὴν
910 3213 1015 3265 τοῦ
1040 3213 1406 3281 Εὐαγγελίου
1439 3213 1742 3281 ἐλήλυθεν
1766 3230 1780 3243 ·
1820 3213 1977 3268 ὥστε
2007 3215 2149 3282 τοὺς

572 3301 859 3371 πλείονας
899 3300 1015 3355 τῶν
1037 3302 1315 3371 ἀδελφῶν
1357 3304 1712 3369 πεποιθότας
1751 3302 1874 3370 τοῖς
1906 3303 2150 3373 δεσμοῖς

567 3408 709 3462 μου,
736 3391 1169 3460 περισσοτέρως
1191 3391 1420 3461 τολμᾷν
1445 3393 1679 3462 ἀφόϐως
1711 3394 1816 3446 τὸν
1840 3394 2025 3462 ,λόγον
2043 3400 2149 3449 λα·

572 3482 724 3536 λεῖν.
758 3483 920 3547 Τινὲς
941 3484 1058 3550 μὲν
1088 3482 1187 3536 καὶ
1219 3482 1315 3536 διὰ
1337 3483 1563 3550 φθόνον
1590 3482 1687 3536 καὶ
1715 3483 1862 3550 ἔριν,
1890 3484 2051 3552 τινὲς
2079 3484 2149 3539 δέ

573 3571 671 3625 καί
716 3571 789 3625 δι’
834 3571 1116 3626 εὐδοκίαν
1153 3572 1261 3626 τὸν
1295 3572 1554 3640 Χριστὸν
1588 3574 2009 3640 κηρύσσουσιν
2040 3593 2055 3606 ο
2094 3580 2149 3631 οἱ

569 3659 685 3731 μὲν
706 3660 776 3725 ἐξ
797 3661 1067 3729 ἐριθείας,
1084 3663 1196 3731 οὐχ
1214 3661 1426 3732 ἁγνῶς,
1451 3663 1705 3731 οἰόμενοι
1727 3663 1936 3731 θλῖψιν
1953 3665 2150 3735 ἐπιφέ-

565 3770 699 3822 ρειν
732 3753 856 3820 τοῖς
889 3752 1131 3822 δεσμοῖς
1158 3772 1277 3824 μου
1303 3770 1317 3784 ο
1353 3756 1407 3807 οἱ
1439 3753 1507 3806 δὲ
1534 3753 1603 3818 ἐξ
1634 3753 1890 3824 ἀγάπης,
1924 3756 2149 3826 εἰδότες

573 3841 661 3895 ὅτι
682 3845 770 3908 εἰς
795 3843 1126 3913 ἀπολογίαν
1152 3842 1257 3896 τοῦ
1286 3843 1657 3912 Εὐαγγελίου
1685 3842 1898 3912 κεῖμαι.
1931 3846 1991 3898 Τί
2014 3844 2148 3915 γάρ;

573 3929 741 3998 πλὴν
775 3929 953 3983 παντὶ
988 3932 1200 3998 τρόπῳ,
1231 3931 1351 3985 εττε
1383 3930 1698 4001 προφάσει,
1725 3932 1846 3986 εἶτε
1872 3934 2144 4005 ἀληθείᾳ,

571 4019 829 4090 Χριστὸς
858 4021 1342 4093 καταγγέλλεται.
1376 4015 1533 4082 Εἶδες
1563 4020 1679 4085 πῶς
1717 4022 1901 4077 πολλοὶ
1939 4024 1998 4092 ἐξ
2030 4028 2145 4096 ἐρι-

573 4111 723 4176 θείας
759 4113 1092 4185 ἐκήρυττον;
1142 4112 1277 4166 Ἀλλ’
1314 4114 1461 4185 ὅμως
1500 4113 1594 4167 καὶ
1623 4112 1714 4169 διὰ
1750 4115 1858 4171 τῶν
1890 4117 2148 4174 ἐναντίων

572 4203 811 4273 ἐκράτει.

641 4290 797 4343 Μετά
838 4290 894 4343 δὲ
937 4291 1161 4356 τούτων,
1208 4293 1301 4347 καὶ
1340 4292 1503 4365 ἕτερα
1542 4289 1610 4365 ἧν
1639 4294 1707 4349 τά
1737 4296 2141 4367 ἀντικρούοντα.

571 4378 681 4431 Καὶ
724 4378 830 4450 γὰρ
882 4380 972 4433 καὶ
1001 4381 1153 4451 νόμοι
1190 4382 1409 4437 παλαιοὶ
1437 4383 1498 4435 οὐ
1536 4383 1692 4453 μόνον
1723 4385 1821 4437 οὐκ
1861 4386 2135 4458 ἐϐοήθουν,

571 4468 704 4525 ἀλλὰ
738 4469 829 4522 καὶ
868 4471 1212 4538 ἠναντιοῦντο
1245 4474 1335 4527 καὶ
1366 4474 1684 4544 ἐπολέμουν,
1724 4478 1815 4529 καὶ
1843 4479 1876 4547 ή
1912 4479 2145 4550 πονηρία

570 4560 665 4616 καὶ
691 4561 723 4629 ἡ
755 4560 944 4627 ἄγνοια
970 4560 1080 4613 τῶν
1102 4561 1492 4617 διαϐαλλόντων
1517 4581 1531 4595 ο
1566 4563 1787 4633 βασιλέα
1809 4567 1935 4639 γὰρ,
1959 4570 2142 4637 φασὶν,

570 4649 752 4720 εχουσι
789 4650 880 4703 τὸν
923 4652 1176 4722 Χριστόν.
1221 4654 1296 4707 Οὐ
1344 4653 1454 4725 γὰρ
1501 4654 1565 4724 δὴ
1621 4655 1838 4725 ᾔδεισαν
1884 4658 1984 4728 τὴν
2032 4660 2146 4714 dun

570 4740 846 4812 βασιλείαν
889 4742 1074 4808 αὑτοῦ,
1109 4741 1208 4813 τὴν
1246 4745 1479 4815 φρικτὴν
1508 4744 1721 4815 ἐκείνην
1761 4747 1855 4801 καὶ
1900 4749 2143 4817 ἀπέραν-

565 4850 677 4897 τον,
712 4834 826 4887 ἀλλ’
865 4834 941 4897 ὼς
980 4834 1269 4904 τυραννίδα
1310 4834 1489 4889 αὐτῶν
1528 4836 1927 4905 ἐπεισαγόντων
1962 4843 2028 4909 τῇ
2068 4842 2144 4894 οἰ-

569 4925 823 4997 κουμένῃ,
852 4925 993 4979 οὕτω
1029 4924 1291 4992 διέϐαλον,
1326 4926 1419 4979 καὶ¹
1458 4929 1609 4998 κοινῇ
1646 4928 1866 4994 πάντες,
1908 4932 2002 4985 καὶ
2038 4932 2147 5004 ὶδιᾳ.

566 5016 794 5081 ικαστος
828 5018 1007 5081 αὐτοῖς
1048 5018 1311 5074 ἐπύκτευε
1336 5035 1352 5051 ⁸
1395 5022 1545 5091 κοινῇ
1586 5020 1702 5090 μὲν,
1748 5020 1821 5085 ὠς
1857 5023 1958 5094 τῆς
1998 5024 2145 5076 πολιο

566 5105 714 5170 τείας
741 5109 1158 5180 ἀναιρουμένης,
1186 5112 1281 5164 καὶ
1310 5110 1418 5165 τῶν
1442 5110 1623 5181 νόμων
1650 5112 2101 5182 ἀνατρεπομένων
2122 5129 2137 5145 ’

571 5201 674 5271 ίδίᾳ
697 5200 773 5265 δὲ,
812 5200 942 5252 ὡσεὶ
973 5201 1207 5275 ἑκάστης
1233 5203 1407 5266 οἰκίας
1436 5202 1817 5273 διασπωμένης
1847 5202 1940 5256 καὶ
1970 5220 2140 5257 κατα-

567 5290 850 5363 λυομένης.
883 5293 989 5345 Καὶ
1022 5290 1128 5363 γάρ
1165 5294 1346 5365 πατὴρ
1390 5293 1645 5363 ἐπολέμει
1675 5293 1825 5346 παιδὶ
1861 5295 2003 5360 τότε,
2047 5296 2141 5349 καὶ

566 5383 683 5446 υίὸς
707 5385 923 5454 ἠρνεῖτο
949 5384 1180 5455 πατέρα,
1206 5386 1298 5439 καὶ
1321 5388 1571 5454 γυναῖκες
1594 5387 1811 5458 ἄνδρας,
1835 5387 1926 5438 καὶ
1950 5386 2140 5459 ἄνδρες

565 5477 849 5546 γυναῖκας,
874 5475 968 5529 καὶ
988 5474 1284 5548 θυγατέρες
1315 5477 1574 5548 μητέρας,
1598 5477 1689 5530 καὶ
1706 5480 1985 5545 συγγενεῖς
2012 5495 2141 5547 συγ-

565 5584 629 5635 γε
646 5571 760 5632 ιεῖς,
797 5570 890 5622 καὶ
920 5568 1061 5637 φίλοι
1087 5569 1290 5637 φίλους,
1325 5570 1417 5622 καὶ
1445 5569 1687 5633 ποικίλος
1720 5586 1803 5634 τις
1826 5565 1893 5640 ἦν
1924 5572 1952 5622 ὁ
1983 5571 2137 5625 πόλει

496 5658 501 5662 ’
569 5678 667 5736 ρης
711 5656 862 5720 οὗτος
908 5665 997 5717 καὶ
1049 5664 1401 5724 παντοδαπὸς,
1454 5664 1532 5725 είς
1574 5666 1671 5725 τὰς
1711 5664 1885 5724 οἰκίας
1927 5668 2130 5741 ἕρπων.

1276 287 1332 342 S.
1358 283 1650 343 JOANMS
1679 284 2169 344 CHRYSOSTOMI
2210 284 2530 342 ARCHIEP.
2572 280 3128 342 CONSTANTINOP.

3710 287 3815 341 ιρι

2245 396 2525 461 συγγενεῖς
2582 393 2844 459 διασπῶν,
2905 393 3257 464 βουλευτήρια
3307 392 3607 461 ταράττων,
3660 393 3817 451 δικα-

2240 497 2436 567 στήρια
2484 495 2748 568 θορυϐῶν,
2798 496 2873 559 ῶς
2918 494 3026 548 τῶν
3069 494 3313 565 πατρίων
3369 493 3505 549 ἐθῶν
3551 498 3815 551 καταλυο-

2243 595 2439 667 μένων,
2493 597 2588 650 καὶ
2626 597 2827 670 ἐορτῶν
2867 598 2962 651 καὶ
3002 595 3296 668 θεραπείας
3330 596 3598 668 δαιμόνων
3639 616 3811 653 κατα-

2237 697 2529 769 λυομένης,
2560 697 2595 751 ἀ
2627 701 2739 762 τοῖς
2778 696 2944 771 πάλαι
2980 696 3300 767 νομοθέταις
3344 697 3450 768 πρὸ
3490 696 3598 750 τῶν
3641 698 3815 753 ἄλλων

2242 798 2496 851 ἁπάντων
2553 799 2993 871 περισπούδαστα
3064 794 3153 869 ἦν.
3228 797 3339 851 Καὶ
3413 798 3555 870 μετά
3610 801 3816 856 τούτων

2240 902 2335 953 καὶ
2400 900 2435 969 ἡ
2491 900 2591 969 τῆς
2647 899 2958 971 τυραννίδος
3022 898 3228 969 ὑποψία
3293 898 3558 953 πάντοθεν
3618 901 3814 962 αὐτοὺς

2242 1002 2558 1057 ἐλαύνεσθαι
2615 1003 2807 1059 ἐποίει.
2862 1000 2972 1055 Καὶ
3028 999 3126 1054 οὐκ
3181 1000 3248 1055 ἂν
3311 1001 3421 1071 ἔχοι
3479 1018 3562 1063 τις
3617 1002 3812 1064 εἰπεῖν,

2241 1106 2323 1158 ότι
2373 1106 2522 1176 παρὰ
2571 1106 2667 1175 μὲν
2709 1105 2932 1175 Ἕλλησι
2982 1102 3175 1165 ταῦτα,
3227 1102 3375 1171 παρά
3428 1100 3481 1153 δέ
3525 1104 3635 1164 τοῖς
3680 1103 3815 1154 Ἰου-

2240 1201 2409 1266 δαίοις
2455 1202 2741 1273 ἡσύχαζεν,
2792 1203 2928 1257 ἀλλά
2969 1202 3060 1256 καὶ
3110 1203 3305 1256 ἐκεῖνοι
3351 1200 3528 1271 πολλῷ
3564 1200 3817 1270 χαλεπιῦ-

2240 1321 2397 1375 τερον
2463 1306 2804 1361 ἐπετίθεντο*
2855 1307 2950 1360 καὶ
3008 1306 3118 1377 γὰρ
3176 1306 3271 1359 καὶ
3330 1304 3479 1358 αὐτοὶ
3543 1303 3818 1366 πολιτείας

2243 1413 2517 1485 ἀναίρεσιν
2555 1416 2802 1485 ᾐτιῶντο.
2844 1416 2925 1469 Οὐ
2962 1415 3210 1470 παύεται
3245 1414 3375 1485 γὰρ,
3415 1413 3567 1483 φησὶ,
3607 1409 3820 1466 λαλῶν

2233 1522 2472 1593 ῥήματα
2515 1524 2855 1594 βλάσφημα
2902 1524 3051 1578 κατὰ
3098 1524 3206 1577 τοῦ
3248 1524 3434 1577 τόπου
3484 1520 3591 1575 τοῦ
3642 1519 3818 1589 ἁγίου

2243 1631 2457 1685 τούτου
2489 1633 2588 1686 καὶ
2631 1632 2738 1686 τοῦ
2778 1634 2986 1700 νόμου.
3038 1630 3178 1683 Ἀλλ’
3221 1629 3371 1699 ὅμως
3416 1626 3675 1681 πάντοθεν
3717 1628 3819 1695 τῆς

2248 1738 2427 1806 πυρᾶς
2457 1736 2855 1807 ἀναπτομένης,
2883 1736 2992 1789 ἀπὸ
3023 1735 3132 1788 τῶν
3181 1734 3386 1796 οἰκιῶν,
3415 1731 3521 1784 ἀπὸ
3563 1730 3670 1784 τῶν
3720 1730 3819 1782 πόα

2243 1842 2401 1905 λεων,
2434 1841 2539 1895 ἀπὸ
2578 1842 2686 1894 τῶν
2724 1842 2931 1912 ἀγρῶν,
2966 1840 3075 1894 ἀπὸ
3120 1840 3220 1909 τῆς
3273 1838 3526 1911 ἐρημίας,
3555 1837 3663 1890 ἀπὸ
3706 1835 3818 1889 τῶν

2246 1942 2398 2016 [498]
2440 1945 2726 2015 Ἑλλήνων,
2762 1945 2868 1998 ἀπὸ
2900 1945 3007 1999 τῶν
3041 1944 3329 2011 Ἰουδαίων,
3355 1943 3463 1997 ἀπὸ
3485 1943 3592 1998 τῶν
3621 1942 3818 2014 ἀρχόν-

2244 2070 2376 2119 των,
2406 2051 2514 2105 ἀπὺ
2555 2051 2664 2105 τῶν
2697 2050 3033 2122 ἀρχομένων,
3068 2050 3176 2103 ἀπὸ
3220 2049 3329 2103 τῶν
3364 2048 3659 2117 συγγενῶν,
3709 2047 3820 2101 ἀπὸ

2243 2158 2346 2227 τῆς
2382 2156 2508 2227 γῆς,
2544 2156 2651 2210 ἀπὸ
2681 2158 2780 2226 τῆς
2811 2154 3100 2227 θαλάττης,
3123 2155 3233 2208 ἀπὸ
3264 2154 3373 2210 τῶν
3402 2154 3816 2225 βασιλευόντων,

2250 2264 2342 2316 καὶ
2375 2264 2589 2318 πάντων
2614 2262 2873 2334 ἀλλήλους
2903 2261 3315 2333 ἐξαγριούντων,
3350 2260 3443 2314 καὶ
3472 2259 3656 2333 θηρίου
3683 2276 3819 2312 παν-

2245 2368 2339 2431 τὸς
2362 2367 2738 2440 χαλεπώτερον
2765 2365 3176 2437 ἐπιτιθεμένων,
3204 2367 3233 2418 ό
3266 2364 3532 2436 μακάριος
3561 2352 3714 2426 οὗτος
3739 2363 3821 2424 είς

2244 2473 2513 2538 τοσαύτας
2566 2472 2828 2544 καμίνους
2880 2471 3159 2541 ἐμπηδῶν,
3199 2472 3293 2523 καὶ
3336 2469 3394 2523 ἐν
3447 2468 3595 2539 μέσῳ
3638 2466 3822 2520 λύκων

2247 2578 2555 2650 ἱστάμενος,
2600 2578 2692 2632 καὶ
2739 2576 3000 2630 πάντοθεν
3049 2574 3397 2645 βαλλόμενος,
3438 2574 3499 2626 οὐ
3547 2572 3709 2644 μόνον
3754 2573 3821 2625 οὗ

2247 2682 2589 2755 κατεχώσθη,
2626 2681 2764 2737 ἀλλὰ
2798 2682 2891 2735 καὶ
2937 2682 3146 2742 πάντας
3181 2680 3376 2743 αὐτοὺς
3415 2680 3495 2742 είς
3541 2678 3641 2749 τὴν
3684 2677 3823 2750 ἀλήρ

2248 2791 2400 2844 θειαν
2438 2790 2765 2861 μετήγαγεν.
2792 2785 2946 2839 Εῐπω
2976 2783 3071 2839 καὶ
3103 2784 3293 2847 ἀλλους
3315 2782 3451 2855 πρὸς
3474 2782 3684 2847 τούτοις
3716 2799 3821 2836 ποι

2244 2892 2447 2968 λέμους
2487 2891 2940 2966 χαλεπωτάτους·
2986 2890 3015 2942 ὀ
3061 2888 3171 2944 τῶν
3223 2887 3665 2959 ψευδαποστόλων
3691 2928 3707 2952 ,
3756 2887 3823 2942 τὺ

2248 3003 2486 3074 μάλιστα
2518 3001 2732 3054 πάντων
2759 2997 2920 3052 αὐτὸν
2949 2995 3172 3059 λυποῦν,
3218 2997 3247 3047 ό
3292 2994 3398 3048 τῶν
3446 2994 3660 3047 οἰκείων
3706 2993 3823 3050 τῶν

2247 3108 2647 3165 ἀσθενούντων
2687 3107 2871 3162 πολλοὶ
2899 3105 3007 3177 γάρ
3041 3103 3384 3167 πιστεύοντες
3411 3102 3779 3172 διεφθείροντο
3803 3118 3819 3131 ο

2246 3216 2387 3273 ἀλλά
2432 3215 2525 3269 καὶ
2570 3214 2703 3285 πρὸς
2750 3212 2921 3268 ταῦτα
2953 3213 3173 3283 ήρκεσε.
3206 3210 3376 3264 Πόθεν
3411 3210 3505 3264 καὶ
3551 3211 3615 3263 ἐκ
3655 3209 3824 3273 ποίας

2258 3322 2480 3392 ίσχύοςςσ
2513 3322 2592 3376 Τὰ
2617 3320 2777 3374 ὅπλα
2816 3318 3005 3389 ἡμῶν,
3033 3317 3218 3389 φησὶν,
3247 3319 3320 3371 οὐ
3351 3315 3627 3385 σαρκικὰ,
3657 3316 3827 3371 ἀλλὰ

2246 3426 2478 3481 δυνατὰ
2526 3425 2605 3491 τῷ
2647 3424 2769 3490 Θεῷ
2812 3424 2962 3493 πρὸς
2998 3423 3348 3491 καθαίρεσιν
3387 3419 3821 3491 ὀχιφωμάτιιν,

2244 3533 2581 3604 λογισμοὺς
2608 3531 3029 3601 καθαιροῦντες
3065 3530 3161 3584 καὶ
3192 3527 3315 3584 πᾶν
3341 3528 3556 3597 ὕψωμα
3582 3526 3823 3597 ἐπαιρόο

2239 3654 2437 3709 μενον
2466 3636 2616 3691 κατά
2666 3635 2775 3705 τῆς
2822 3634 3098 3707 γνώσεως
3140 3634 3245 3689 τοῦ
3296 3632 3463 3686 Θεοῦ.
3510 3632 3611 3685 Διά
3661 3632 3825 3685 τοῦτο

2249 3746 2433 3801 ’πάντα
2456 3742 2831 3816 μετεϐάλλετο,
2857 3741 2953 3796 καὶ
2979 3736 3436 3813 μετεῤῥυθμίζετο
3469 3736 3686 3808 ἀθρόον.
3710 3738 3824 3791 Καὶ

2242 3848 2435 3920 ὥσπερ
2480 3850 2660 3919 πυρᾶς
2688 3847 3039 3918 ἀναφθείσης,
3069 3848 3127 3902 αί
3159 3845 3409 3910 ἄκανθαι,
3443 3845 3585 3899 κατά
3620 3844 3828 3916 μικρὸν

2246 3954 2657 4026 δαπανώμεναι,
2704 3956 2910 4009 εἴκουσι
2952 3953 3048 4008 καὶ
3092 3951 3479 4026 παραχωροῦσι
3525 3953 3589 4021 τῇ
3639 3950 3825 4018 φλογὶ,

2244 4061 2345 4117 καὶ
2374 4059 2615 4131 καθαρὰς
2645 4057 2858 4113 ποιοῦσι
2884 4057 2986 4122 τάς
3012 4056 3283 4129 ἀρούρας·
3318 4056 3458 4109 οὕτω
3483 4054 3544 4125 δὴ
3587 4055 3683 4107 καὶ
3720 4056 3828 4123 τῆς

2245 4163 2463 4224 Παύλου
2489 4162 2733 4235 γλώττης
2755 4162 3150 4234 φθεγγομένης,
3176 4160 3270 4215 καὶ
3292 4160 3467 4213 πάντα
3496 4158 3665 4230 πυρὸς
3689 4173 3827 4227 σφο-

2245 4267 2504 4345 δρότερον
2552 4270 2844 4341 ἐπιούσης,
2897 4265 3040 4323 εἶκεν
3087 4268 3300 4323 ἅπαντα
3349 4267 3439 4321 καὶ
3486 4265 3825 4337 παρεχώρει,

2252 4378 2344 4433 καί
2378 4377 2645 4447 δαιμόνων
2667 4376 2970 4449 θεραπεῖαι,
2999 4375 3092 4429 καὶ
3117 4375 3323 4447 ἐορταὶ,
3347 4374 3438 4427 καὶ
3461 4371 3824 4443 πανηγύρεις,

2247 4483 2345 4538 καὶ
2395 4482 2597 4553 πάτρια
2643 4481 2759 4552 ἐθη,
2794 4480 2889 4534 καὶ
2933 4479 3112 4551 νόμων
3140 4476 3448 4550 διαφθοραὶ,
3484 4475 3579 4529 καὶ
3631 4473 3826 4547 δήμων

2249 4586 2437 4659 θυμοὶ,
2472 4587 2568 4641 καὶ
2592 4586 2867 4657 τυράννων
2897 4584 3137 4653 ἀπειλαὶ,
3163 4584 3255 4640 καὶ
3278 4583 3494 4638 οἰκείων
3513 4581 3825 4648 ἐπιϐουλαὶ,

2244 4696 2345 4749 καὶ
2376 4693 2823 4763 ψευδαποστόλων
2848 4690 3173 4762 κακουργίαι
3188 4707 3204 4721 ο
3241 4689 3441 4760 μᾶλλον
3465 4687 3542 4750 δὲ,
3567 4687 3827 4757 καθάπερ

2244 4800 2348 4871 τῆς
2393 4800 2609 4863 ἀκτῖνος
2645 4798 2990 4870 ἀνισχούσης,
3022 4798 3116 4851 καὶ
3161 4797 3351 4860 σκότος
3384 4795 3687 4857 ἐλαύνεται,
3726 4795 3829 4848 καὶ

2246 4904 2415 4978 θηρία
2468 4904 2793 4958 καταδύεται
2834 4904 2929 4957 καὶ
2972 4902 3201 4973 φωλεύει
3242 4900 3453 4963 λοιπὸν,
3485 4901 3579 4953 καὶ
3622 4898 3827 4971 λῃσταὶ

2243 5004 2656 5078 δραπετεύουσι,
2687 5006 2780 5058 καὶ
2813 5005 3127 5077 ἀνδροφόνοι
3160 5005 3289 5077 περὶ
3325 5005 3392 5059 τά
3435 5002 3676 5075 σπήλαια
3723 5020 3835 5055 κα-

2243 5113 2601 5184 ταφεύγουσι,
2632 5112 2725 5165 καὶ
2755 5113 3010 5185 πειραταὶ
3039 5112 3383 5181 ἀφίστανται,
3408 5100 3506 5163 καὶ
3535 5109 3836 5181 τυμϐωρύο

2241 5240 2325 5293 χοι
2364 5217 2729 5292 ἀναχωροῦσι,
2763 5219 2859 5272 καὶ
2899 5220 3078 5291 μοιχοὶ
3121 5220 3214 5273 καὶ
3256 5198 3483 5285 κλέπται
3531 5215 3627 5270 καὶ¹
3672 5232 3833 5286 τοιχι

2237 5326 2471 5398 ωρύχοι,
2497 5324 2597 5381 ἅτε
2631 5324 2739 5378 ἀπὸ
2774 5324 2876 5392 τῆς
2915 5326 3131 5388 ἀκτῖνος
3158 5321 3474 5395 ἐλέγχεσθαι
3509 5319 3831 5392 μέλλοντες,

2240 5431 2571 5493 ἀπελθόντες
2618 5445 2723 5483 που
2783 5428 3000 5500 μακρὰν
3043 5429 3275 5491 ἐαυτοὺςλ
3317 5425 3659 5495 ἀφανίζουσι,
3722 5425 3837 5480 καὶ

2242 5538 2419 5592 πάντα
2451 5534 2689 5603 διαφανῆ
2713 5533 2808 5587 καὶ
2840 5534 3066 5605 λαμπρά
3099 5534 3330 5603 γίνεται,
3364 5532 3459 5585 καὶ
3486 5530 3579 5602 γῆ,
3610 5532 3705 5586 καὶ
3729 5532 3836 5587 θά-

2238 5648 2425 5707 λαττα.
2458 5647 2556 5712 τῆς
2609 5646 2824 5705 ἀκτῖνος
2873 5641 3078 5696 ἄπωθεν
3128 5642 3306 5697 πάντα
3338 5641 3829 5716 καταυγαζούσης,
