4044 6206
284 298 391 354 893

283 421 465 483 pterea
489 412 635 467 enim
657 412 921 468 concessit
949 408 1088 469 Deus
1118 424 1172 469 et
1200 415 1434 471 latrones
1454 431 1574 471 cum
1596 416 1871 472 Salvatore

282 504 543 574 crucifigi,
578 511 632 559 ct
658 514 785 559 ante
810 504 1102 560 Salvatoris
1127 507 1414 562 adventum
1436 508 1746 563 seductores
1772 508 1873 564 ali-

282 612 421 664 quos
445 609 730 665 apparere,
751 604 808 649 ut
831 597 989 650 etiam
1012 614 1073 652 ex
1095 599 1491 668 Comparatione
1515 615 1692 654 rerum
1714 600 1872 654 nimis

283 687 664 757 insipientibus
715 687 1092 743 ostenderetur
1143 690 1456 746 excellentia
1506 691 1743 747 veritatis
1776 701 1874 746 :et

283 778 559 833 discerent
587 778 708 847 quia
737 777 825 832 hic
859 794 963 832 non
992 795 1127 833 unus
1167 796 1229 834 ex
1276 782 1380 836 illis
1400 824 1416 849 ,
1454 781 1546 838 sed
1577 783 1777 851 grande
1803 783 1873 838 sit

286 871 431 925 inter
456 878 557 922 tam
579 868 837 938 dispares,
854 869 1221 941 infinitumque
1238 872 1545 928 discrimen.
1568 873 1706 927 Nihil
1729 874 1871 929 enim

286 959 484 1016 Christi
510 960 733 1028 gloriam
762 961 934 1031 potuit
961 962 1286 1029 inumbrare,
1322 965 1407 1019 vel
1435 965 1742 1034 corumdem
1779 981 1875 1037 op-

286 1054 585 1124 portunitas
614 1060 910 1123 temporum
934 1096 949 1120 ,
985 1056 1067 1111 vel
1092 1057 1395 1113 communio
1422 1060 1726 1129 passionum
1760 1078 1773 1114 :
1806 1074 1874 1117 ne

283 1152 405 1217 quis
431 1147 575 1201 enim
604 1156 837 1217 putaret,
866 1149 988 1217 quia
1013 1148 1284 1204 daemones
1310 1165 1520 1206 crucem
1548 1161 1601 1206 et
1623 1168 1727 1207 non
1755 1167 1876 1207 eru-

284 1238 430 1292 cifixi
464 1247 719 1308 paverent
742 1238 1010 1305 virtutem,
1051 1241 1311 1297 obstruxit
1336 1257 1430 1297 ora
1460 1244 1556 1298 ista
1586 1244 1872 1299 dicentium
1898 1250 1905 1257 '

284 1343 385 1398 par
413 1328 700 1384 latronum.
730 1328 879 1396 Quod
909 1330 952 1384 si
981 1339 1279 1401 temporum
1300 1334 1665 1402 opportunitas
1682 1345 1873 1390 cuncta

283 1418 481 1475 fecisse
523 1418 752 1485 dicatur,
796 1421 865 1474 ad
907 1422 1273 1490 repellendum
1321 1423 1571 1478 Theudas
1614 1434 1669 1480 et
1712 1425 1873 1481 Judas

284 1513 647 1583 proferentur,
679 1512 767 1583 qui
793 1528 911 1567 cum
933 1514 1133 1568 eisdem
1160 1513 1289 1579 fere,
1313 1515 1504 1586 quibus
1533 1516 1692 1571 etiam
1720 1517 1874 1572 Chri-

284 1611 400 1657 stus
426 1603 755 1672 temporibus
775 1604 1121 1671 exstitissent,
1145 1614 1200 1660 et
1219 1606 1494 1661 veritatem
1518 1621 1613 1677 per
1630 1608 1873 1676 quaedam

285 1692 446 1747 etiam
490 1694 639 1763 signa
681 1694 989 1764 impugnare
1033 1704 1344 1763 tentassent,
1373 1707 1589 1767 repente
1617 1697 1872 1753 destructi

286 1793 430 1839 sunt.
476 1785 627 1852 Quod
669 1784 812 1840 enim
834 1785 943 1854 jam
972 1796 1093 1841 ante
1120 1788 1431 1853 memoravi,
1463 1787 1581 1843 ideo
1607 1789 1870 1844 interdum

289 1876 418 1930 falsa
452 1876 566 1931 fieri
595 1877 735 1931 Deus
764 1878 913 1947 signa
946 1879 1245 1945 concessit,
1274 1887 1333 1932 ut
1368 1879 1722 1935 abundantius
1746 1895 1872 1936 vera

290 1974 629 2021 monstraret.
674 1966 960 2037 Propterea
1007 1976 1062 2023 et
1100 1969 1589 2038 pseudopmphetas
1631 1978 1873 2041 tempore

287 2060 692 2127 prophetarum,
715 2069 769 2113 et
795 2059 1268 2129 pseudoapostolos
1292 2074 1413 2115 cum
1434 2061 1687 2130 apostolis
1707 2075 1873 2131 appa-

288 2164 409 2203 rere
436 2150 691 2218 permisit,
713 2158 768 2204 ut
794 2150 1026 2206 disceres
1042 2151 1160 2222 quia
1179 2151 1516 2221 Splendcntes
1540 2153 1656 2223 ejus
1680 2153 1874 2224 ubique

295 2241 521 2294 virtutes
567 2226 897 2311 nequaquam
938 2241 1225 2297 obscurare
1264 2250 1444 2313 posset
1486 2242 1773 2299 similitudo
1818 2251 1872 2300 et

289 2332 477 2384 umbra
497 2332 735 2401 qumdam
761 2333 1035 2386 virtutum.

363 2421 561 2475 Paulus
590 2422 768 2478 Roma:
794 2432 1021 2477 vexatur.
1042 2454 1114 2464 —
1139 2426 1249 2494 Age
1282 2425 1391 2495 jam
1419 2442 1483 2481 ex
1517 2426 1634 2481 aliis
1660 2441 1871 2498 quoque

288 2514 629 2569 documentis
658 2514 943 2584 probemus
981 2530 1101 2570 esse
1138 2516 1275 2570 hanc
1318 2518 1604 2586 potentiam
1633 2518 1872 2588 singula-

290 2621 403 2659 rem
429 2614 486 2659 et
518 2605 837 2675 praecipuam
862 2613 1021 2676 atque
1045 2606 1705 2663 mirabilemsDocebimus
1729 2609 1869 2664 enim

288 2697 490 2751 Christi
523 2696 746 2766 gloriam
772 2698 882 2768 ipsa
911 2698 1078 2768 magis
1104 2698 1437 2754 inimicorum
1477 2700 1871 2769 impugnatione

286 2790 551 2843 crevisse.
576 2787 708 2843 Cum
731 2789 871 2844 enim
897 2789 1036 2845 hunc
1065 2790 1236 2860 ipsum
1265 2790 1475 2846 beatum
1504 2788 1720 2846 Paulum
1760 2792 1872 2846 Ro-

289 2894 394 2939 mae:
405 2878 621 2948 quidam
635 2888 1098 2949 persequerentur,
1121 2880 1405 2950 aliquando
1427 2882 1530 2938 hoc
1546 2883 1714 2952 ipsum
1740 2882 1875 2954 dog-

290 2984 379 3023 ma
426 2970 717 3039 inquietius
764 2970 1141 3040 prtedicabant.
1184 2970 1468 3041 Cupientes
1521 2973 1663 3027 enim
1703 2972 1873 3029 Nero-

293 3075 415 3115 nem
440 3062 859 3131 impugnatorem
883 3063 1029 3118 Pauli
1046 3064 1220 3119 acrius
1240 3065 1292 3118 in
1312 3064 1428 3134 ejus
1447 3065 1625 3120 odium
1645 3080 1876 3122 commo-

286 3167 453 3217 vere,
482 3154 615 3206 mira
643 3152 869 3223 quadam
910 3161 1025 3209 arte
1069 3154 1291 3209 laedendi
1321 3165 1670 3227 susceperunt
1696 3166 1751 3212 et
1772 3158 1872 3228 ipsi

290 3244 616 3314 evangelica:
660 3244 1050 3314 praedicationis
1077 3244 1332 3311 officium,
1364 3256 1423 3301 ut
1461 3248 1629 3318 magis
1673 3248 1874 3305 scilicet

292 3334 421 3390 ﬁdei
449 3349 699 3389 sermone
728 3335 983 3402 fervente,
1011 3344 1065 3392 et
1090 3336 1468 3405 discipulorum
1483 3348 1757 3395 crescente
1774 3354 1875 3395 nu-

292 3441 471 3492 mero,
502 3426 555 3479 in
582 3426 898 3483 immensum
928 3428 1224 3498 ignesceret
1246 3427 1391 3485 furor
1419 3432 1646 3502 tyranni,
1676 3441 1731 3487 et
1762 3432 1874 3489 fera

291 3515 500 3585 majora
527 3515 701 3570 adhuc
736 3516 1009 3588 colligeret
1045 3516 1375 3574 incrementa
1409 3520 1650 3576 feritatis.
1682 3521 1747 3576 Et
1774 3522 1875 3578 hoc

292 3606 413 3675 ipse
451 3605 519 3660 ad
561 3606 932 3678 Philippenses
957 3609 1152 3664 Paulus
1178 3609 1445 3678 scribens,
1472 3612 1548 3666 ait
1578 3628 1592 3668 :
1623 3610 1768 3667 Scire
1790 3630 1875 3668 vos

292 3704 486 3758 autem,
518 3696 718 3766 inquit,
751 3697 866 3751 volo
886 3739 903 3765 ,
934 3702 1139 3770 fratres,
1165 3700 1300 3769 quod
1322 3716 1435 3770 qua:
1462 3702 1595 3755 circa
1619 3719 1697 3755 me
1720 3716 1835 3758 sunt
1855 3744 1871 3770 ,

295 3788 463 3857 magis
496 3800 730 3843 venerunt
763 3790 831 3842 ad
859 3793 1137 3861 profectum
1163 3790 1448 3863 Evangelii,
1475 3792 1548 3846 ita
1576 3803 1631 3846 ut
1660 3795 1827 3863 plures
1851 3811 1878 3849 e

296 3879 540 3949 fratribus
555 3880 860 3948 conﬁdentes
879 3880 1089 3934 vinculis
1110 3882 1251 3947 meis,
1272 3882 1611 3937 abundantius
1634 3883 1875 3937 auderent

293 3971 406 4023 sine
434 3970 610 4023 timore
630 3972 829 4025 verbum
853 3971 949 4026 Dei
977 3972 1133 4044 loqui.
1158 3972 1379 4038 Quidam
1398 3974 1598 4043 quidem
1618 3974 1768 4027 etiam
1790 3990 1878 4043 per

294 4063 536 4115 invidiam
570 4072 618 4116 et
654 4064 1035 4131 contentionem,
1065 4066 1271 4135 quidam
1295 4067 1441 4120 etiam
1468 4084 1556 4137 per
1580 4066 1762 4121 bonum
1786 4081 1876 4120 vo-

296 4155 541 4207 luntatem
579 4154 835 4209 Christum
874 4157 1149 4225 pradicant
1177 4157 1418 4226 :quidam
1453 4168 1620 4211 autem
1654 4174 1718 4212 ea:
1754 4174 1878 4211 con-

298 4246 519 4299 tentione
542 4243 797 4300 Christum
821 4247 1123 4301 annuntiant
1165 4265 1267 4302 non
1301 4249 1511 4313 sincere,
1539 4250 1877 4305 existimantes

297 4352 587 4405 pressuram
614 4338 860 4401 suscitare
882 4338 1092 4393 vinculis
1111 4341 1231 4394 meis
1252 4340 1495 4407 :qnidam
1520 4350 1686 4395 autem
1706 4357 1768 4395 ex
1794 4357 1879 4394 ca-

294 4429 465 4491 ritate,
483 4429 711 4495 scientes,
732 4429 867 4497 quod
882 4429 935 4483 in
951 4430 1238 4500 defensione
1258 4430 1519 4502 Evangelii
1538 4433 1729 4500 positus
1744 4449 1875 4487 sunt.

300 4516 439 4585 Quid
455 4518 624 4572 enim?
643 4520 689 4573 si
706 4520 837 4573 omni
850 4521 1021 4585 modo,
1038 4522 1140 4574 sive
1155 4537 1242 4589 per
1254 4522 1582 4589 occasionem,
1597 4523 1699 4576 sive
1709 4539 1796 4591 per
1809 4539 1881 4577 ve-

305 4610 511 4665 ritatem
542 4610 769 4666 Christus
793 4614 1117 4668 annuntietur
1145 4612 1403 4685 (Philipp.
1428 4616 1479 4668 1.
1501 4613 1706 4685 l2-18).
1741 4613 1881 4669 Vidi-

286 4701 368 4756 sti
382 4712 550 4768 certe,
562 4702 1010 4771 quemadmodum
1026 4704 1128 4759 etsi
1148 4719 1215 4760 ex
1229 4704 1567 4761 contentione
1579 4704 1738 4774 aliqui
1755 4720 1881 4774 prte-

283 4794 554 4860 dicarent,
587 4803 765 4851 tamen
791 4795 953 4851 etiam
984 4811 1076 4866 per
1100 4795 1342 4852 inimicos
1371 4796 1564 4850 veritas
1588 4796 1876 4853 obtinebat.

366 4886 647 4942 Christiani
666 4888 920 4943 calumnia
937 4889 1168 4961 appetiti.
1193 4918 1267 4930 -—-
1292 4888 1462 4959 Supra
1477 4903 1604 4943 vero
1619 4887 1755 4943 hanc
1782 4888 1880 4942 ini-

280 4980 559 5035 micorum
588 4979 927 5035 calliditatem
968 4980 1071 5034 alia
1110 4995 1319 5051 quoque
1360 4994 1427 5035 ex
1460 4979 1685 5034 adverso
1718 4980 1879 5034 multa

276 5072 604 5128 veniebant.
628 5072 761 5127 Nam
790 5082 845 5129 et
872 5073 1105 5143 antiqua:
1133 5073 1279 5143 leges
1302 5087 1409 5127 non
1438 5071 1598 5151 modo
1627 5087 1730 5131 non
1760 5072 1879 5142 opi-

276 5164 627 5230 tulabantur,
652 5179 836 5219 verum
867 5163 1029 5220 etiam
1070 5162 1489 5219 adversabantur
1530 5180 1544 5217 :
1593 5173 1882 5232 contraque

274 5255 539 5309 veritatis
565 5262 771 5325 partem
797 5269 903 5309 non
928 5254 1102 5309 solum
1132 5253 1331 5309 malitia
1359 5251 1754 5325 obloquentiutn
1782 5252 1879 5307 ini-

267 5345 584 5411 micorum,
612 5346 960 5401 verumetiam
998 5344 1293 5414 ignorantia
1321 5343 1608 5401 dimicabat
1639 5359 1652 5395 :
1684 5342 1880 5413 Regem

263 5443 463 5505 etaim,
498 5440 760 5510 inquiunt,
787 5440 986 5496 habent
1004 5439 1296 5496 Christum.
1316 5438 1433 5495 Non
1453 5439 1597 5495 enim
1626 5447 1884 5494 noverant

262 5538 413 5606 ejus
442 5533 657 5589 cmlcste
706 5548 951 5604 regnum,
995 5531 1233 5588 terribile
1269 5530 1409 5586 istud
1454 5538 1511 5587 et
1545 5530 1746 5600 absque
1772 5530 1883 5584 ullo

263 5628 531 5687 termino
549 5626 841 5697 gloriosum
873 5645 887 5682 :
919 5626 1013 5683 sed
1038 5627 1189 5697 quasi
1218 5625 1551 5696 tyrannidem
1584 5625 1711 5695 ipsis
1747 5624 1881 5681 infe-

260 5722 539 5782 rentibus
566 5735 659 5791 per
685 5720 1003 5776 calumniam
1038 5718 1422 5790 repugnabant,
1450 5717 1578 5776 etin
1598 5731 1880 5774 commune

1103 300 1190 357 DE
1233 302 1573 359 LAUDIBUS
1611 298 1671 358 S.
1713 300 1916 358 PAULI
1958 301 2309 359 APOSTOLI.
2352 303 2580 361 llOMlL.
2623 304 2711 364 ιν.

3456 318 3557 375 ὅθι

1979 431 2189 485 omnes,
2214 427 2266 472 et
2292 418 2591 487 Specialiter
2617 419 2871 475 adversus
2897 435 2989 477 eos
3017 421 3210 495 singuli
3238 426 3557 483 dimicando.
3593 418 3603 449 ⁵

1981 508 2036 562 ln
2058 510 2325 575 communi
2351 509 2584 579 quidem,
2625 510 2774 579 quasi
2819 522 3002 566 contra
3043 528 3156 580 eos,
3201 517 3289 586 qui
3340 517 3561 588 publica:

1980 598 2274 667 disciplinas
2327 608 2381 653 et
2426 600 2599 669 legum
2646 600 2781 655 scita
2832 601 3169 658 destruerent
3215 607 3564 676 :spccialitcr

1978 702 2125 751 vero,
2154 690 2304 759 quasi
2342 689 2669 760 singulorum
2708 691 2896 747 domos
2925 693 3272 752 divisionibus
3295 697 3562 753 divorttis-

1979 793 2082 848 que
2125 779 2495 835 dissolverent.
2550 779 2683 834 Nam
2724 789 2780 835 et
2834 782 3001 837 filium
3052 792 3177 840 tunc
3224 787 3563 859 itnpugnahat

1978 878 2149 941 pater,
2177 880 2227 925 et
2257 870 2395 926 filius
2421 882 2623 942 patrem
2648 873 2893 940 negabat,
2922 885 2973 929 et
2998 879 3245 933 maritum
3269 896 3401 935 uxor
3424 882 3556 937 ode-

1980 972 2082 1027 rat,
2113 972 2168 1017 et
2194 978 2415 1018 uxorem
2459 965 2714 1030 maritus;
2745 964 2865 1019 filiae
2890 981 3101 1038 quoque
3134 983 3255 1024 cum
3302 973 3560 1027 matribus

1979 1053 2342 1121 dissidebant;
2400 1057 2612 1126 cognati
2659 1069 2948 1128 cognatos,
2988 1061 3143 1116 amici
3188 1065 3562 1134 eppugnabzmt

1977 1146 2217 1200 amicos:
2249 1154 2466 1216 eratque
2503 1162 2598 1217 per
2623 1148 2859 1202 omnium
2895 1149 3083 1205 domos
3113 1152 3314 1207 varium
3347 1156 3481 1209 istud
3504 1165 3559 1210 et

1978 1236 2304 1291 multiforme
2334 1237 2554 1307 bellum,
2581 1240 2906 1309 propinquos
2943 1254 3220 1311 separatis,
3248 1243 3560 1317 dispergens

1977 1328 2202 1396 curiam,
2249 1330 2447 1399 judicia
2476 1332 2799 1387 conturbans
2834 1350 2848 1387 :
2880 1348 2999 1388 cum
3032 1335 3214 1405 utique
3242 1352 3421 1392 mores
3462 1353 3549 1407 pa.

1980 1419 2066 1474 trii
2095 1420 2450 1487 solverentur,
2496 1420 2759 1477 festivitas
2796 1431 2847 1477 et
2876 1425 3083 1479 cultura
3111 1425 3411 1480 dtemonum
3442 1428 3547 1496 pel-

1979 1514 2197 1577 leretur,
2229 1529 2347 1584 quae
2370 1514 2568 1584 antiqui
2599 1512 2970 1585 legumlatores
2986 1518 3069 1573 vel
3100 1517 3150 1571 in
3176 1518 3362 1590 primis
3381 1527 3558 1575 custo-

1976 1603 2171 1658 dienda
2198 1603 2578 1669 decreverant;
2608 1620 2727 1660 cum
2771 1606 2854 1661 his
2901 1609 3148 1664 omnibus
3184 1610 3344 1664 etiam
3378 1620 3556 1683 tyran-

1977 1693 2115 1748 nidis
2138 1694 2339 1748 odiosm
2369 1695 2604 1764 suspicio
2645 1696 2879 1766 undique
2928 1696 3154 1755 faciebat
3197 1715 3292 1756 eos
3321 1702 3557 1771 explodi.

1976 1783 2159 1853 Neque
2187 1800 2314 1839 vero
2338 1785 2517 1841 dicere
2546 1786 2808 1856 quispiam
2838 1796 3007 1857 potest
3025 1804 3054 1842 a
3080 1788 3336 1845 Gentibus
3358 1804 3552 1861 quanta

1978 1875 2374 1943 inferebantur,
2421 1893 2450 1932 a
2506 1886 2656 1947 parte
2700 1893 2828 1933 vero
2871 1879 3173 1936 Judteorum
3220 1883 3455 1937 omnium
3504 1883 3563 1939 in

1984 1967 2161 2036 quiete
2183 1976 2354 2033 erant,
2378 1981 2497 2021 cum
2526 1972 2671 2022 certe
2701 1968 2785 2022 isti
2803 1970 2960 2022 etiam
2986 1970 3177 2025 saevius
3201 1972 3563 2038 imminerent,

1977 2070 2204 2127 cumque
2231 2066 2284 2112 et
2314 2058 2413 2127 ipsi
2456 2058 2503 2113 ei
2534 2058 2949 2114 destructionem
2992 2059 3122 2130 legis
3165 2061 3517 2131 impingereut
3540 2082 3557 2116 :

1978 2144 2100 2200 Non
2124 2147 2256 2200 enim
2284 2155 2463 2215 cessat,
2495 2147 2758 2217 inquiunt,
2791 2148 2994 2218 loquens
3019 2156 3193 2203 contra
3221 2151 3376 2222 legem
3402 2161 3447 2206 et
3479 2152 3557 2205 lo-

1976 2252 2092 2290 cum
2119 2246 2346 2292 sanctum
2373 2237 2509 2309 (Act.
2541 2238 2594 2294 6.
2642 2237 2754 2311 15).
2802 2238 3182 2295 Verumtamen
3208 2242 3441 2312 undique
3470 2243 3553 2297 in-

1974 2328 2133 2383 vidite
2188 2328 2307 2398 igne
2343 2343 2635 2395 succenso,
2684 2344 2714 2384 a
2761 2328 3044 2394 domibus,
3098 2332 3167 2387 ab
3204 2332 3451 2401 urbibus,
3491 2334 3565 2388 ab

1975 2417 2137 2489 agris,
2170 2432 2199 2472 a
2226 2416 2529 2486 solitudine,
2557 2433 2586 2473 a
2610 2427 2769 2484 terra,
2806 2434 2837 2473 a
2869 2420 3020 2484 mari,
3048 2434 3078 2473 a
3108 2419 3384 2487 Gentibus,
3412 2438 3440 2475 a
3465 2422 3559 2478 ιιι-

1975 2511 2126 2576 dacis,
2154 2525 2183 2565 a
2216 2512 2564 2581 principibus,
2598 2526 2627 2565 a
2657 2511 2901 2582 plebibus
2927 2512 2968 2577 ί,
2994 2527 3022 2566 a
3052 2513 3286 2583 regibus,
3315 2528 3343 2567 a
3372 2529 3559 2586 regum

1976 2604 2233 2659 ministris
2261 2620 2275 2657 :
2306 2619 2429 2659 cum
2458 2618 2644 2659 omnes
2670 2604 2736 2658 ad
2767 2602 3136 2659 crudelitatem
3167 2619 3226 2659 se
3253 2613 3435 2659 mutuo
3463 2621 3556 2660 co-

1975 2695 2334 2761 hortarentur,
2362 2703 2419 2750 et
2441 2709 2627 2749 omnes
2646 2694 2974 2750 ferocissime
3000 2696 3298 2765 szeviusque
3326 2711 3552 2751 consur-

1974 2792 2161 2857 gerent
2199 2802 2214 2839 :
2242 2783 2429 2840 beatus
2445 2792 2620 2839 tamen
2643 2784 2836 2839 Paulus
2856 2786 2911 2841 in
2931 2792 3104 2839 tantos
3128 2784 3276 2855 ignes
3296 2785 3557 2854 insiliens,

1976 2888 2135 2950 atque
2183 2878 2235 2933 in
2282 2876 2458 2933 medio
2500 2877 2681 2932 talium
2723 2877 2968 2946 luporum
3015 2877 3338 2943 consistens,
3364 2891 3555 2947 quam-

1974 2987 2135 3044 quam
2158 2971 2297 3026 ictus
2325 2971 2560 3025 omnium
2588 2970 2874 3042 exciperet,
2900 2988 3005 3027 non
3031 2967 3190 3023 modo
3212 2976 3384 3023 tamen
3401 2967 3555 3023 obru-

1977 3071 2061 3118 tus
2088 3063 2204 3133 ipse
2232 3076 2338 3116 non
2368 3070 2470 3130 est,
2519 3060 2610 3119 sed
2650 3064 2813 3119 etiam
2861 3077 3048 3118 omnes
3101 3058 3222 3112 illos
3257 3058 3310 3111 in
3352 3066 3554 3128 partem

1977 3152 2248 3210 transtulit
2274 3152 2533 3213 veritatis.
2559 3155 2627 3209 Et
2653 3154 2767 3209 haec
2791 3164 2844 3209 et
2872 3155 2971 3208 alia
2997 3163 3210 3224 quoque
3239 3149 3416 3219 prmlia
3446 3164 3552 3203 non

1981 3244 2159 3300 minus
2182 3259 2321 3300 saeva
2349 3243 2657 3299 memorabo
2684 3261 2697 3297 :
2731 3252 2791 3299 ut
2834 3244 2961 3299 illud
2983 3243 3123 3314 quod
3164 3258 3194 3297 a
3220 3236 3555 3314 pseudoapo-

1978 3339 2132 3393 stolis
2176 3336 2519 3403 inferebatur,
2571 3335 2818 3407 quodque
2865 3351 2989 3391 eum
3035 3350 3198 3406 super
3238 3335 3414 3389 omnia
3452 3333 3554 3389 alia

1976 3431 2298 3501 torquebat,
2343 3429 2755 3485 domesticorum
2800 3429 2974 3496 dolus,
3018 3428 3168 3483 ruina
3207 3428 3504 3483 nutantium
3539 3445 3554 3481 :

1979 3523 2130 3577 multi
2150 3524 2292 3579 enim
2322 3537 2387 3576 ex
2413 3520 2647 3575 fidelium
2670 3535 2894 3575 numero
2919 3519 3250 3583 labebantur,
3273 3518 3365 3574 sed
3386 3518 3549 3573 etiam

1979 3624 2160 3669 contra
2181 3614 2279 3673 ista
2300 3611 2596 3683 prtevaluit.
2628 3610 2794 3675 Unde,
2817 3624 3019 3681 qumso,
3038 3627 3103 3665 ex
3131 3625 3301 3681 quave
3320 3609 3514 3662 virtute
3534 3610 3555 3659 ἲ

1981 3705 2135 3773 Quia,
2179 3704 2552 3774 iuquit,‘llrma
2588 3714 2760 3758 nostra
2806 3719 2906 3757 non
2933 3703 3179 3767 carnalia,
3210 3702 3300 3755 sed
3336 3702 3557 3771 potentia

1979 3805 2095 3857 sunt
2115 3797 2183 3850 ad
2205 3797 2586 3851 destructionem
2634 3795 2989 3862 munitionum,
3015 3794 3227 3849 consilia
3252 3793 3557 3846 destrucntes

1981 3900 2027 3943 et
2065 3901 2263 3943 onmem
2302 3888 2618 3942 altitudinem
2660 3882 2977 3941 extollentem
3027 3903 3079 3941 se
3107 3885 3350 3939 adversus
3393 3883 3557 3938 scien-

1984 3980 2106 4033 tiam
2139 3976 2232 4031 Dei
2259 3975 2334 4048 (9..
2366 3975 2484 4032 Cor.
2513 3975 2600 4031 lO.
2631 3976 2684 4030 4.
2730 3976 2809 4044 5).
2854 3976 3139 4045 Pr0pterca
3182 3974 3341 4044 igitur
3379 3974 3432 4026 in
3469 3972 3555 4026 di-

1981 4084 2191 4124 versum
2218 4068 2395 4123 omnia
2434 4067 2776 4122 vertebantur
2815 4081 2879 4121 ac
2916 4065 3253 4120 mutabantur
3281 4071 3503 4135 repente
3535 4079 3552 4115 :

1980 4176 2044 4215 ac
2072 4161 2209 4215 sicut
2236 4160 2355 4229 igne
2384 4171 2641 4212 succenso
2678 4156 2926 4229 paulatim
2971 4155 3137 4225 spinzn
3172 4160 3558 4207 consumuntur

1983 4264 2037 4308 et
2062 4251 2278 4315 cedunt,
2306 4248 2638 4319 flammisque
2666 4256 3000 4318 superantur.
3028 4261 3092 4301 ac
3119 4245 3298 4299 mundi
3327 4243 3559 4300 reddttn.

1983 4354 2072 4399 tur
2120 4344 2336 4398 novales
2382 4359 2395 4395 :
2446 4342 2521 4396 sic
2556 4341 2714 4395 etiam
2759 4340 2905 4395 Pauli
2956 4340 3235 4393 insonante
3279 4337 3478 4407 lingua,
3505 4346 3559 4393 et

1982 4436 2127 4493 omni
2172 4436 2293 4505 igne
2340 4432 2704 4489 vehementius
2746 4432 3016 4495 irruente,
3063 4428 3323 4484 cedebant
3357 4429 3557 4492 omnia,

1984 4526 2359 4598 fugiebantque
2387 4532 2442 4578 et
2465 4523 2765 4576 daemonum
2806 4522 3000 4586 cultus,
3038 4530 3091 4572 et
3132 4518 3415 4573 celebritas
3444 4532 3561 4571 om-

1984 4621 2087 4684 nis,
2115 4627 2274 4689 atque
2316 4615 2592 4679 festivitas,
2621 4622 2676 4668 et
2712 4628 2889 4667 mores
2927 4611 3079 4681 patrii
3104 4612 3146 4675 ',
3165 4620 3217 4664 et
3248 4609 3558 4677 populorum

1984 4712 2209 4776 furores,
2237 4718 2292 4765 et
2313 4717 2656 4779 tyrannorum
2696 4704 2873 4767 mium,
2910 4712 2961 4756 et
2994 4701 3199 4755 insidia:
3240 4699 3562 4753 domestico.

1984 4820 2137 4870 rum,
2183 4812 2239 4858 et
2290 4797 2861 4872 pseudoapostolorum
2907 4793 3241 4863 operationcs
3292 4791 3557 4861 malignae.

1983 4894 2095 4959 lmo
2118 4907 2245 4948 vero
2278 4892 2417 4947 sicut
2449 4889 2612 4946 radiis
2645 4887 2773 4944 solis
2802 4883 3094 4939 orientibus
3122 4892 3176 4938 et
3202 4881 3434 4936 tenebrte
3471 4881 3558 4939 fu—

1983 4993 2197 5055 gantur,
2242 4989 2295 5037 et
2332 4980 2454 5034 ferae
2490 4978 2718 5039 latitant,
2765 4973 3036 5043 foveisque
3061 4970 3377 5035 conduntur,
3405 4977 3459 5024 et
3486 4969 3564 5024 la-

1986 5084 2165 5131 trones
2190 5070 2463 5134 recedunt,
2494 5077 2548 5124 et
2574 5064 2855 5121 homicidia
2882 5062 2948 5117 ad
2981 5071 3130 5117 antra
3170 5060 3479 5133 suffugium,
3509 5069 3565 5115 et

1985 5174 2300 5223 amoveatur
2336 5163 2543 5232 piratae,
2586 5168 2641 5215 et
2676 5156 3040 5228 sepulcrorum
3064 5153 3351 5209 violatores
3382 5152 3566 5222 fugati-

1987 5268 2091 5322 tur,
2123 5266 2176 5312 et
2201 5252 2427 5309 adulteri
2471 5260 2527 5306 et
2568 5250 2710 5304 fures
2736 5256 2790 5304 et
2812 5245 3141 5317 perfossores
3164 5244 3440 5299 domorum
3468 5241 3563 5295 dc-

1989 5346 2237 5420 prehensi
2266 5359 2294 5398 a
2320 5344 2434 5398 sole
2469 5356 2532 5396 ac
2559 5337 2807 5407 nedargui
2846 5335 3205 5407 periclitantes
3243 5334 3457 5394 abeunt,
3487 5343 3565 5382 se-

1987 5456 2092 5511 que
2139 5436 2336 5493 alicubi
2382 5432 2569 5506 procul
2606 5431 2896 5494 occultant,
2936 5428 3219 5497 omniaque
3250 5423 3418 5479 lucida
3448 5421 3564 5477 effi-

1988 5534 2197 5589 ciuntur
2223 5538 2278 5585 et
2302 5527 2469 5592 clara,
2501 5522 2885 5581 illustrantibus
2910 5520 3137 5591 desuper
3162 5516 3320 5573 radiis
3344 5522 3475 5571 terra
3486 5529 3564 5585 tu,

2054 5668 2068 5697 ί
2104 5666 2181 5712 Gr.
2207 5662 2356 5719 addit,
2380 5673 2411 5709 α
2432 5666 2663 5724 cognam-
2798 5713 2825 5724 Α.

2054 5730 2073 5758 ¹
2106 5734 2180 5774 cr.
2202 5725 2346 5777 addit.
2370 5728 2413 5773 et
2434 5719 2591 5786 locum
2613 5719 2953 5780 corruptio-es.

3593 400 3611 431 ί
