4044 6206
432 274 533 329 495

428 387 666 457 pelagus,
690 397 753 438 ac
784 390 1012 445 montes,
1044 377 1201 434 urbes
1242 377 1400 431 simul
1423 384 1581 445 atque
1609 374 1850 443 regiones
1878 389 1891 425 :
1926 371 2007 426 sic

383 482 386 485 ’
428 487 555 534 tunc
601 474 976 546 prmdieatione
1026 471 1278 539 fulgente,
1319 478 1375 523 et
1424 466 1618 535 ubique
1661 464 2005 534 Evangelium

429 568 810 624 disseminante
847 564 1035 627 Paulo,
1069 561 1343 630 fugabatur
1379 574 1551 623 error,
1594 557 1895 625 veritasque
1934 571 2012 610 re-

433 660 675 724 meabat;
707 656 899 711 favilla:
925 668 1073 717 vero,
1104 651 1384 720 fumusque
1412 649 1753 718 templorum,
1790 657 1845 701 et
1873 661 2012 717 cym-

434 753 555 808 bala
584 751 783 815 omnia,
815 758 870 802 et
910 756 1181 817 tympana,
1211 751 1266 798 et
1302 742 1607 805 ebrietates,
1659 748 1714 793 et
1756 752 2016 792 comessa-

437 847 631 901 tiones.
658 852 712 897 et
736 850 939 911 stupra.
964 848 1018 893 et
1046 835 1325 901 adulteria,
1351 844 1405 887 et
1427 833 1528 887 alia
1551 832 1692 886 dictu
1718 830 1877 894 foeda,
1900 843 2016 898 qua:

440 940 492 994 in
518 936 686 992 sacris
714 933 825 989 suis
848 930 1122 986 celebrare
1150 932 1557 989 consueverant,
1589 922 1922 987 defecerunt,
1947 928 2020 975 at-

440 1045 544 1099 que
574 1033 886 1094 coosumpta
919 1031 1063 1087 sunt,
1096 1022 1263 1075 instar
1278 1032 1418 1072 cera:
1442 1015 1576 1085 ignis
1591 1029 1787 1084 vapore
1802 1027 2015 1083 pereun-

443 1122 533 1183 tis,
561 1128 616 1174 et
642 1118 913 1188 palearum
952 1114 1091 1178 vice,
1127 1126 1246 1181 quae
1285 1109 1462 1163 subito
1485 1114 1898 1162 concremantur
1934 1105 2018 1158 in-

443 1211 655 1267 cendio.
677 1209 830 1264 Clara
852 1222 977 1261 vero
998 1206 1136 1259 inter
1156 1202 1270 1257 haec
1289 1199 1524 1256 veritatis
1545 1199 1759 1253 flamma
1775 1197 2025 1267 surgebat

446 1303 815 1372 resplendens,
858 1309 913 1353 et
959 1298 1131 1367 ipsum
1168 1295 1235 1349 ad
1278 1309 1444 1364 usque
1472 1294 1660 1348 cadum
1702 1290 2027 1346 sublimitate

448 1394 818 1449 conscendens
856 1392 924 1445 ab
963 1392 1027 1445 iis
1071 1388 1402 1460 potissimum
1446 1386 1716 1440 sublevata
1741 1423 1756 1447 ,
1786 1384 1874 1453 qui
1906 1397 2025 1437 eam

451 1485 755 1540 nitebantur
777 1482 1097 1553 opprimere,
1128 1494 1326 1549 perque
1359 1477 1479 1531 illos
1509 1475 1677 1544 magis
1698 1474 2027 1527 incrementa

452 1575 771 1644 suscipiens,
817 1572 907 1643 qui
948 1573 1089 1627 illam
1120 1570 1445 1625 exstinctum
1486 1566 1549 1620 iri
1579 1565 1881 1634 cupiebant.
1923 1562 2032 1618 Nec

454 1668 686 1737 pericula
718 1666 859 1720 enim
889 1678 1225 1734 progressum
1249 1662 1385 1730 ejus,
1414 1668 1504 1713 aut
1530 1658 1759 1727 impetus
1782 1669 2033 1711 coercere

455 1752 761 1827 potueruiit,
807 1771 911 1808 non
946 1753 1184 1825 tyrannis
1212 1751 1455 1821 quamam
1484 1750 1789 1804 inveteratze
1818 1760 2034 1801 consue-

458 1845 675 1911 tudinis,
708 1859 810 1898 non
840 1843 995 1912 patrii
1025 1843 1191 1896 moris
1233 1840 1544 1903 auctoritas,
1586 1855 1693 1894 non
1738 1839 1912 1908 legum
1948 1851 2037 1907 po-

456 1945 643 2003 testas,
676 1950 781 1989 non
812 1934 900 1988 illa
945 1935 1058 2004 ipsa
1087 1931 1425 2007 custodiendi
1458 1931 1573 2000 ejus
1601 1929 1740 2000 quod
1782 1927 2039 1998 prmdica-

457 2029 614 2083 batur
641 2028 899 2097 evangelii
931 2026 1237 2091 difficultas,
1269 2039 1368 2080 nec
1394 2023 1682 2094 quidquam
1711 2036 1894 2075 eorum
1921 2034 2040 2089 qua:

460 2120 896 2187 impedimentum
928 2117 1121 2171 afferre
1165 2125 1408 2186 possunt,
1446 2114 1770 2183 proficientis
1797 2113 2042 2168 celeriter

460 2212 699 2264 veritatis
726 2226 938 2264 cursum
961 2218 1051 2263 aut
1078 2208 1311 2263 incidere
1330 2216 1421 2261 aut
1438 2207 1712 2261 retardare
1734 2214 2039 2274 potuerunt.

461 2304 636 2370 Atque
688 2310 745 2355 ut
794 2310 1047 2370 quantam
1107 2299 1244 2354 istud
1297 2300 1404 2352 vim
1450 2299 1680 2362 habeat,
1726 2313 2040 2368 cognoscas,

462 2393 790 2446 connninare
841 2390 1135 2453 Gentibus,
1178 2405 1285 2443 non
1325 2390 1445 2453 dico
1503 2390 1773 2458 pericula,
1826 2388 2042 2452 famem,

366 2480 371 2491 “’
465 2494 716 2547 mortem,
761 2483 853 2537 sed
888 2483 1141 2536 damnum
1187 2481 1405 2552 aliquod
1450 2481 1730 2550 exiguum,
1762 2490 1815 2534 et
1842 2479 2047 2534 videbis

465 2591 558 2631 eos
585 2582 805 2643 repente
834 2584 1085 2627 mutatos.
1118 2574 1186 2627 At
1216 2589 1320 2627 non
1351 2573 1472 2626 talia
1507 2572 1847 2627 inveniuntur
1871 2582 1925 2627 et
1960 2586 2049 2626 no-

467 2678 601 2732 stra,
630 2667 725 2723 sed
764 2666 993 2721 concisis
1021 2665 1320 2733 occisisque
1345 2664 1613 2727 omnibus,
1650 2672 1705 2716 et
1732 2662 1929 2733 ubique
1950 2663 2049 2717 im-

468 2760 713 2829 pugnatis
736 2758 886 2813 vario
910 2772 1106 2828 genere
1129 2756 1410 2824 bellorum,
1440 2756 1529 2811 illa
1551 2764 1726 2811 tamen
1743 2753 2051 2810 florentiora

468 2865 683 2919 semper
709 2849 897 2904 effecta
918 2856 1061 2903 sunt.

540 2939 704 2993 Error
744 2948 922 3009 suopte
964 2948 1089 2992 nutu
1130 2938 1273 3009 perit.
1314 2967 1387 2977 —
1429 2937 1496 2992 Et
1532 2936 1657 3007 quid
1708 2952 1807 3007 ego
1856 2944 2053 2991 nostrae

472 3031 646 3085 aetatis
695 3044 1059 3084 commemoro
1101 3028 1324 3098 gentiles
1369 3029 1501 3084 viles
1541 3029 1701 3095 istos,
1741 3036 1793 3084 et
1833 3027 2055 3083 omnino

472 3131 778 3191 contemptu
798 3120 1018 3176 faciles?
1041 3121 1107 3175 Et
1133 3120 1308 3190 potius
1334 3121 1423 3192 qui
1449 3119 1589 3190 apud
1619 3120 1739 3175 illos
1762 3128 1917 3174 erant
1952 3120 2055 3175 ali-

474 3211 686 3281 quando
712 3212 983 3267 mirabiles
1006 3213 1059 3265 in
1083 3212 1314 3267 medium
1332 3211 1685 3283 proferamus,
1706 3210 2056 3281 philosophia:

476 3303 684 3357 scilicet
722 3302 927 3357 honore
971 3302 1290 3367 celebratos,
1345 3302 1645 3369 Platonem,
1675 3301 2054 3373 Pythagoram,

475 3394 778 3465 Diagoram,
811 3394 1208 3448 Clazomenium
1238 3391 1335 3467 (α),
1370 3394 1671 3464 multosque
1710 3393 1843 3448 alios
1875 3392 2060 3462 hujus-

478 3486 641 3551 modi,
673 3496 728 3541 et
768 3494 895 3539 tunc
928 3484 1145 3540 demum
1183 3486 1500 3555 evangelica:
1530 3484 1923 3554 praedicationis
1951 3483 2059 3537 vir—

481 3589 645 3634 tutem
680 3578 947 3648 probabis.
977 3577 1107 3632 Nam
1139 3584 1259 3646 post
1285 3577 1522 3631 Socratis
1547 3592 1811 3645 venenum
1834 3575 1920 3629 alii
1946 3574 2064 3645 qui-

478 3672 601 3725 dem
621 3670 827 3740 Megara
855 3670 1236 3734 diseesseruut,
1255 3666 1447 3722 similia
1470 3667 1700 3736 patiendi
1725 3675 1899 3730 metu;
1928 3665 2065 3720 alter

482 3770 658 3816 autem
685 3770 740 3817 et
767 3761 931 3830 patria
959 3770 1012 3816 et
1050 3760 1292 3814 libertate
1329 3760 1566 3828 privatus
1592 3767 1695 3824 est,
1741 3772 1840 3812 nec
1868 3765 2064 3826 praeter

484 3868 644 3906 unam
721 3853 1001 3907 mulierem
1072 3851 1421 3921 phiIOSOphia:
1490 3864 1808 3920 quemquam
1874 3846 2066 3902 studiis

480 3943 817 4013 subjugavit;
865 3942 1015 3997 Plato
1057 3951 1234 3998 autem
1268 3942 1534 4012 depictam
1574 3941 1630 3996 in
1680 3940 1882 4011 paginis
1907 3937 2070 3994 disci-

542 4057 619 4120 (a)
650 4064 976 4119 Anaxagoram
997 4055 1366 4107 clazomenium.

1169 266 1228 322 S.
1266 259 1544 321 JOANNIS
1580 253 2048 318 CHRYSOSTOMI
2085 252 2404 311 ARCIIIEP.
2443 245 2977 311 CONSTANTINOP.

3584 244 3693 300 £96

2109 371 2308 442 plinam
2353 368 2657 438 relinquens
2700 365 2751 418 in
2794 369 3019 416 mortem
3065 356 3273 413 solutus
3314 367 3419 412 est.
3457 357 3521 412 Et
3549 367 3695 414 certe

2111 462 2244 516 nihil
2269 461 2347 516 eis
2382 468 2510 513 tunc
2534 455 2915 526 impedimento
2938 460 3074 517 erat,
3106 465 3213 504 non
3247 449 3564 518 periculum,
3588 466 3695 503 non

2112 560 2341 622 egestas,
2371 565 2475 602 non
2500 546 2759 615 imperitia
2782 541 3046 597 sermonis
3075 558 3088 594 :
3117 539 3210 595 sed
3228 547 3381 594 erant
3401 539 3700 593 etdicendo

2114 649 2382 713 potentes,
2423 648 2479 693 et
2524 636 2715 707 opibus
2753 633 3054 695 affluentes,
3103 638 3155 684 et
3209 628 3485 683 nobilitate
3518 631 3700 697 patria:

2117 730 2428 801 gloriantes.
2472 726 2669 783 Verum
2718 736 3053 791 nequaquam
3093 719 3337 774 obtinere
3369 730 3700 788 potuerunt;

2119 820 2237 875 talis
2261 828 2345 874 est
2370 818 2511 872 enim
2537 815 2773 872 conditio
2801 812 3001 869 erroris
3026 852 3042 878 ,
3075 810 3235 866 etiam
3262 811 3408 864 nullo
3436 810 3534 863 sibi
3558 810 3703 864 obsi-

2119 920 2293 968 stente
2319 909 2674 973 consenescit,
2700 921 2763 962 ac
2803 904 2989 959 defluit
3019 922 3033 959 :
3079 900 3198 957 talis
3232 912 3410 957 autem
3438 917 3469 956 e
3493 902 3708 956 diverso

2120 1002 2360 1060 veritatis
2398 980 2588 1064 status,
2621 1000 2780 1053 etiam
2821 996 3002 1050 multis
3030 994 3462 1063 impugnantibus
3484 993 3709 1047 suscita-

2124 1105 2210 1151 tur
2232 1103 2287 1150 et
2312 1094 2523 1148 crescit.
2557 1091 2683 1146 Haec
2712 1099 2887 1143 autem
2924 1088 2995 1141 ita
3020 1102 3139 1141 esse
3168 1086 3365 1139 veritas
3394 1099 3572 1139 rerum
3597 1085 3710 1153 ipsa

2125 1188 2438 1258 proclamat,
2460 1183 2696 1252 nihilque
2717 1180 2804 1234 hic
2822 1194 2956 1248 opus
2976 1186 3059 1232 est
3078 1175 3375 1230 assertione
3402 1174 3710 1239 verborum,

2126 1293 2247 1334 cum
2294 1290 2479 1331 vocem
2535 1269 2929 1343 quodammodo
2998 1276 3141 1322 totus
3195 1266 3429 1335 undique
3485 1264 3716 1320 mundus

2129 1372 2357 1434 emittat,
2387 1368 2548 1422 urbes
2576 1364 2799 1429 scilicet,
2830 1370 2885 1416 et
2912 1359 3047 1431 agri,
3078 1367 3133 1413 et
3159 1366 3338 1421 terrm,
3366 1368 3419 1412 et
3447 1357 3634 1420 maria,
3662 1366 3719 1410 et

2131 1462 2245 1516 loca
2269 1459 2408 1514 culta
2437 1465 2597 1524 atque
2626 1454 2860 1518 deserta,
2892 1451 3022 1521 ipsae
3041 1464 3251 1520 quoque
3275 1449 3433 1503 etiam
3457 1447 3718 1501 montium

2131 1550 2487 1606 summitates.
2538 1545 2721 1615 Neque
2762 1544 2903 1598 enim
2952 1539 3291 1596 solitudinem
3344 1537 3589 1593 beneficii
3636 1538 3719 1590 sui

2133 1640 2348 1710 reliquit
2378 1646 2670 1699 exsortem,
2701 1632 2796 1689 sed
2838 1634 3005 1701 ipsam
3036 1629 3265 1684 maxime
3304 1628 3389 1695 iis,
3416 1642 3533 1696 qua:
3566 1627 3722 1681 nobis

2135 1735 2203 1789 de
2254 1732 2386 1787 caelo
2432 1729 2654 1784 veniens
2691 1726 2903 1790 detulit,
2949 1723 3102 1778 bonis
3151 1720 3406 1790 replevit,
3438 1734 3533 1788 per
3570 1718 3721 1772 Pauli

2138 1823 2403 1895 prmcipue
2432 1821 2685 1889 linguam,
2716 1831 2913 1893 perque
2939 1814 3103 1877 illam,
3134 1827 3289 1882 quam
3314 1811 3365 1864 in
3398 1811 3566 1879 ipsum
3594 1823 3723 1863 con-

2140 1892 2280 1978 tulit,
2311 1910 2557 1982 gratiam.
2596 1908 2727 1975 Quia
2759 1892 2899 1959 enim
2941 1903 3152 1972 dignam
3178 1900 3264 1954 tali
3302 1898 3445 1953 dono
3485 1897 3725 1952 devotio-

2142 2019 2262 2058 nem
2285 2000 2526 2074 gerebat,
2559 1998 2774 2068 copiosa
2811 1995 2864 2048 in
2892 1994 2981 2047 illo
3010 1992 3167 2046 etiam
3210 1990 3378 2059 gratia
3404 1987 3727 2051 coruscavit,

2142 2096 2476 2168 plurimaque
2519 2091 2743 2153 horum,
2789 2102 2906 2158 qua:
2953 2084 3226 2153 hucusque
3268 2080 3680 2136 memoravimus
3711 2118 3727 2137 .

2144 2189 2308 2260 ipsius
2334 2202 2427 2241 ore
2452 2200 2516 2239 ac
2535 2196 2782 2238 sermone
2807 2178 3235 2247 completasunt.

2222 2302 2384 2358 Paulo
2412 2299 2599 2354 similes
2624 2312 2729 2350 esse
2759 2285 3399 2364 possumus.-Quoniam
3443 2284 3600 2353 igitur
3645 2285 3718 2337 ita

2146 2406 2316 2464 genus
2346 2400 2585 2446 nosu'um
2618 2385 2915 2440 nobilitavit
2958 2382 3096 2435 Deus
3119 2421 3133 2443 ,
3185 2387 3244 2432 ut
3274 2393 3433 2431 unum
3462 2375 3733 2429 hominem

2148 2485 2456 2554 dignaretur
2479 2488 2743 2534 tantorum
2765 2489 2979 2529 causam
3008 2471 3181 2526 facere
3201 2472 3480 2530 bonorum,
3513 2466 3734 2520 studea-

2151 2589 2270 2629 mus
2296 2580 2350 2626 et
2375 2584 2473 2624 nos
2515 2568 2630 2638 ejus
2678 2567 2877 2620 similes
2918 2562 3159 2617 inveniri.
3205 2558 3386 2626 Neque
3426 2572 3551 2610 vero
3597 2554 3737 2609 istud

2152 2659 2481 2732 impossibile
2511 2666 2756 2728 putemus
2778 2671 2793 2708 ;
2816 2652 3065 2723 quoniam
3086 2692 3101 2717 ,
3131 2659 3187 2703 ut
3215 2662 3358 2717 saepe
3386 2645 3490 2701 dixi
3517 2655 3569 2699 et
3599 2659 3739 2699 nunc

2155 2753 2426 2809 inculcare
2464 2763 2569 2804 non
2614 2761 2802 2810 cesso,
2853 2745 2954 2798 tale
2997 2743 3104 2806 illi,
3146 2741 3299 2811 quale
3343 2739 3501 2793 etiam
3546 2734 3738 2799 nobis,

2092 2887 2103 2903 ς
2154 2858 2349 2914 corpus
2378 2841 2495 2907 fuit,
2527 2840 2643 2893 talis
2668 2839 2864 2901 anima,
2890 2836 3021 2889 tales
3043 2834 3169 2899 cibi,
3200 2831 3292 2885 sed
3320 2831 3566 2883 voluntas
3593 2829 3644 2882 in
3673 2843 3743 2882 eo

2156 2934 2418 2994 mirabilis
2439 2974 2455 2998 ,
2500 2940 2555 2987 et
2583 2930 2833 2999 prmclara
2878 2926 3091 2981 devotio
3111 2965 3124 2989 ,
3167 2933 3223 2979 et
3253 2920 3389 2975 istud
3418 2929 3499 2974 est
3525 2934 3744 2989 prorsus

2157 3028 2300 3086 unde
2323 3028 2409 3082 ille
2437 3024 2557 3080 talis
2582 3022 2801 3077 effectus
2825 3028 2927 3074 est.
2954 3017 3119 3071 Nemo
3148 3014 3303 3086 igitur
3332 3010 3555 3074 diffidat,
3581 3016 3743 3064 nemo

2160 3122 2445 3191 desperet:
2468 3116 2511 3171 si
2543 3113 2782 3169 intendas
2807 3112 3041 3164 animum
3069 3117 3121 3162 et
3158 3118 3452 3174 prmpares,
3485 3102 3614 3156 nihil
3652 3106 3737 3154 est

2160 3214 2304 3286 quod
2335 3221 2387 3267 te
2412 3210 2479 3265 ab
2508 3207 2745 3278 ejusdem
2775 3203 2957 3274 gratim
2994 3198 3163 3271 possit
3201 3195 3479 3265 prohibere
3504 3191 3744 3247 muneri-

2162 3281 2263 3361 bus
2290 3321 2304 3357 :
2328 3316 2433 3356 non
2462 3307 2547 3354 est
2577 3294 2720 3352 enim
2751 3304 3098 3363 personarum
3129 3295 3378 3354 acceptor
3407 3284 3567 3337 Deus.
3602 3281 3746 3336 Idem

2164 3397 2313 3453 illum
2337 3403 2490 3462 teque
2518 3386 2764 3443 formavit
2789 3402 2802 3438 :
2828 3393 2882 3439 et
2903 3376 3348 3451 quemadmodum
3378 3374 3535 3438 illius,
3565 3374 3632 3426 ita
3660 3381 3743 3425 est

2166 3490 2328 3545 etiam
2356 3496 2478 3541 tuus
2505 3484 2674 3546 Deus;
2717 3493 2780 3533 ac
2809 3477 2945 3531 sicut
2971 3473 3118 3527 illum
3158 3469 3349 3525 merito
3386 3464 3648 3527 laudavit,
3679 3464 3749 3517 ita

2165 3585 2325 3640 etiam
2352 3580 2444 3635 tibi
2460 3576 2615 3633 offert
2628 3586 2900 3630 coronam.
2925 3565 3294 3637 Spondeamus
3320 3560 3477 3630 igitur
3500 3566 3741 3611 nosmet-

2168 3676 2313 3746 ipsos
2338 3673 2470 3734 Deo,
2501 3677 2662 3737 atque
2686 3661 3025 3724 mandemus,
3056 3665 3115 3711 ut
3145 3667 3242 3708 nos
3266 3664 3476 3721 quoque
3506 3646 3753 3701 eamdem

2170 3737 2393 3837 gratiam
2433 3763 2821 3826 consequentes
2844 3792 2860 3818 ,
2893 3748 3079 3804 eadem
3108 3744 3264 3800 etiam
3298 3738 3511 3810 prannia
3555 3737 3755 3792 sortia-

2172 3829 2311 3921 ntur,
2332 3852 2500 3924 gratia
2520 3858 2576 3904 et
2595 3841 2957 3902 misericordia
2975 3835 3182 3894 Domini
3204 3833 3367 3888 nostri
3391 3831 3516 3885 .Iesu
3529 3829 3755 3893 Christi,

2170 3945 2258 4003 cui
2300 3922 2382 4000 est
2419 3941 2587 4014 gloria
2632 3946 2689 3994 et
2737 3933 3020 4005 imperium
3072 3928 3124 3983 in
3173 3924 3365 3981 saecula
3416 3922 3756 3977 sreeulorum.

2174 4040 2370 4096 Amen.

491 4138 3760 4193 ______________________________.————

1334 4278 1475 4348 DE
1530 4270 2066 4346 LAUDIBUS
2125 4264 2515 4342 SANCTI
2565 4256 2887 4332 PAULI

1958 4443 2255 4491 ΑΡοετοιι
2264 4468 2279 4484 .

1837 4596 2066 4610 ————

1126 4730 1344 4771 HONILIA
1382 4730 1438 4770 ν.

562 4809 665 4869 Ubi
715 4825 856 4866 nunc
904 4809 979 4864 illi
1019 4818 1180 4875 sunt,
1225 4807 1313 4878 qui
1363 4804 1587 4878 querulo
1632 4818 1843 4873 semper
1895 4802 2073 4858 animo

492 4909 717 4956 mortem
759 4900 963 4956 causari
1012 4900 1216 4965 solent,
1260 4907 1314 4954 et
1354 4895 1694 4966 corruptibilc
1735 4894 1836 4948 hoc
1880 4907 2075 4962 corpus

492 5003 650 5063 atque
691 4993 939 5061 passibile
988 4991 1367 5062 impedimento
1410 4990 1509 5045 sibi
1553 5004 1672 5043 esse
1715 4988 1780 5043 ad
1828 4988 2075 5041 virtutem

497 5081 723 5150 putant?
748 5081 981 5134 Audiant
1002 5081 1150 5135 Pauli
1181 5080 1315 5134 facta
1347 5080 1599 5149 praeclara
1622 5119 1637 5143 ,
1669 5088 1722 5132 et
1745 5079 1812 5131 ab
1852 5078 1951 5131 hac
1976 5076 2075 5131 ob-
2111 5132 2127 5151 κ

494 5174 806 5227 trectatione
832 5171 1207 5241 malignissima
1238 5172 1638 5240 conquiescant.
1656 5168 1791 5236 Quid
1811 5170 1953 5223 enim
1973 5167 2077 5220 hu-

496 5280 655 5320 mano
684 5265 862 5336 generi
905 5279 1050 5319 mors
1082 5264 1297 5319 nocuit?
1342 5263 1463 5333 quid
1512 5278 1637 5317 vero
1665 5262 1912 5315 virtutem
1956 5274 2080 5313 cor-

496 5360 670 5429 ruptio
699 5357 940 5428 corporis
969 5357 1286 5426 impedivit?
1315 5355 1603 5409 Considera
1633 5354 1807 5423 itaque
1833 5351 2076 5415 Paulum,

496 5459 550 5503 et
575 5449 812 5517 videbis,
843 5449 964 5520 quia
1000 5449 1153 5504 nobis
1180 5449 1338 5504 etiam
1381 5448 1447 5501 ad
1490 5448 1771 5500 maximam
1802 5445 2079 5499 utilitatem

501 5541 740 5612 proficiet
769 5542 867 5597 ista
897 5542 1214 5596 mortalitas.
1259 5541 1353 5595 llic
1381 5540 1522 5594 enim
1554 5540 1651 5593 nisi
1684 5536 1925 5611 mortalis
1954 5534 2083 5589 fuis-

502 5642 607 5697 set,
640 5648 967 5706 nequaquam
1000 5632 1175 5688 dicere
1218 5631 1507 5700 potuisset,
1558 5629 1726 5698 magis
1770 5608 1947 5680 autem
1989 5638 2083 5679 ne-

501 5728 701 5795 quisset
725 5720 1028 5793 ostendere,
1049 5708 1189 5797 quod
1216 5723 1381 5794 ipsius
1406 5722 1653 5793 operibus
1683 5728 1762 5775 est
1787 5719 2039 5789 loquutus
2066 5733 2079 5771 :

2189 4586 2412 4601 .—

2189 4705 2438 4778 qnoniam
2463 4698 2699 4768 Quotidie
2736 4695 2924 4751 morior
2952 4706 3044 4763 pro
3062 4696 3222 4743 vestra
3238 4683 3420 4757 gloria,
3438 4676 3763 4752 ᾳιιαηιὴαὺεο

2176 4769 2231 4852 iri
2259 4796 2459 4852 Christo
2495 4792 2621 4847 Iesu
2657 4790 2735 4858 (l.
2762 4787 2880 4843 Cor.
2922 4784 3009 4839 15.
3050 4780 3165 4851 5|).
3196 4778 3401 4847 Ubique
3444 4773 3585 4826 enim
3615 4769 3773 4823 nobis

2181 4891 2471 4946 intentione
2510 4882 2673 4939 animi
2714 4896 2777 4935 ac
2823 4885 3064 4949 prompta
3111 4886 3244 4943 Opus
3283 4877 3368 4925 est
3407 4862 3724 4921 voluntate‘
3752 4879 3771 4916 :

2184 4997 2304 5052 qua:
2330 4981 2373 5035 si
2404 4977 2649 5033 afi‘uerint
2670 5016 2685 5039 ,
2715 4973 2847 5028 nihil
2875 4971 2978 5024 erit
3007 4967 3146 5039 quod
3196 4978 3295 5019 nos
3323 4960 3491 5032 possit
3518 4974 3548 5012 a
3577 4956 3779 5010 virtute

2187 5070 2470 5141 prohibere
2489 5110 2504 5135 ,
2538 5068 2674 5123 sicut
2703 5064 2950 5135 superior
2974 5062 3082 5130 jam
3110 5071 3288 5112 sermo
3313 5058 3640 5109 memoratus
3666 5056 3774 5101 est.

2185 5162 2372 5217 Nonne
2418 5168 2533 5213 erat
2573 5158 2673 5211 iste
2722 5152 2999 5209 mortalis?
3044 5164 3221 5203 nonne
3268 5141 3550 5217 ignobilis?
3594 5153 3782 5193 nonne

2189 5267 2418 5324 pauper,
2447 5259 2499 5305 et
2522 5247 2828 5318 quotidiano
2857 5259 3020 5313 Opere
3062 5241 3261 5296 victum
3288 5231 3572 5307 quaerens?
3597 5244 3783 5285 nonne

2189 5323 2384 5413 Corpus
2410 5341 2591 5397 habuit
2620 5340 2825 5395 cunctis
2853 5347 3055 5391 natura:
3086 5328 3491 5386 necessitatibus
3518 5323 3781 5392 subjuga-

2191 5436 2339 5493 tum?
2365 5432 2501 5502 Quid
2524 5446 2650 5502 ergo
2670 5444 2792 5485 eum
2816 5428 2981 5483 vetuit
3004 5425 3127 5489 illis,
3156 5422 3346 5492 quibus
3371 5416 3568 5479 floruit,
3591 5413 3783 5483 splen-

2190 5528 2320 5584 dere
2345 5522 2664 5581 virtutibus?
2696 5520 2938 5578 Profecto
2973 5516 3123 5572 nihil.
3170 5512 3359 5569 Nullus
3395 5521 3524 5578 ergo
3554 5512 3787 5559 intereat

2259 5654 2274 5685 ι
2304 5654 2355 5702 in
2394 5653 2580 5711 Graeco,
2606 5658 2650 5700 ct
2692 5662 2783 5697 non
2817 5654 2885 5698 est
2914 5645 3333 5710 iiiipc’tlinwnlum,
3361 5640 3409 5690 in
3434 5638 3610 5702 primis
3634 5637 3773 5690 arcti-

2190 5716 2326 5766 nibus
2349 5713 2498 5781 fuisse
2520 5713 2813 5763 constamus.
