4044 6206
261 288 369 342 495

256 417 323 451 τα
351 393 584 461 πελάγη,
616 390 685 444 τά
716 392 837 462 ὅρη,
872 391 968 454 τάς
1003 391 1204 463 χώρας,
1232 392 1329 455 τάς
1361 392 1540 456 πόλεις
1562 409 1576 425 ⁸
1610 392 1751 445 οὕτω
1771 392 1833 464 δὴ

255 486 352 539 καὶ
387 486 511 537 τότε
548 483 641 536 τοῦ
676 482 1024 554 κηρύγματος
1058 483 1333 552 φανέντος,
1368 485 1462 538 καὶ
1491 484 1585 536 τοῦ
1620 485 1832 536 Παύλου

255 576 539 645 πανταχοῦ
567 575 727 628 τοῦτο
764 576 1189 645 διασπείροντος,
1220 576 1481 646 ἠλαύνετο
1510 577 1610 648 μέν
1703 577 1837 631 πλά-

255 689 344 740 νη.
392 667 618 738 ἐπανῄει
659 668 720 720 δέ
767 669 798 736 ἡ
845 667 1091 738 ἀλήθεια,
1129 666 1345 721 κνίσσαι
1385 668 1440 720 δὲ
1484 669 1577 722 καὶ
1609 668 1833 735 καπνὸς,

257 761 354 814 καὶ
399 758 654 829 κύμϐαλα
699 759 793 812 καὶ
833 758 1111 828 τύμπανα,
1150 760 1245 811 καὶ
1297 759 1459 829 μέθαι
1494 760 1588 812 καὶ
1635 760 1833 830 κῶμοι,

261 853 362 907 καλ.
401 853 664 921 πορνεῖαι,
693 852 783 903 καὶ
826 853 1080 919 μοιχεῖαι,
1115 852 1208 903 καὶ
1246 850 1315 902 τὰ
1345 851 1499 913 ἄλλα,
1531 851 1566 904 ἀ
1600 853 1732 921 μηδὲ
1759 854 1836 904 εί-

260 947 389 996 πεῖν
420 942 600 1005 καλὸν,
633 943 700 994 τά
726 943 782 994 ἐν
809 945 922 1004 τοῖς
958 943 1122 1012 ἱεροῖς
1147 941 1256 994 τῶν
1285 941 1518 995 εἰδώλων
1543 942 1835 1012 τελούμενα.

259 1032 423 1100 ἔληγε
476 1032 568 1082 καὶ
619 1031 945 1092 ἐδαπανᾶτο,
989 1031 1236 1103 καθάπερ
1278 1034 1446 1102 κηρὸς
1490 1033 1592 1085 ὑπὸ
1644 1033 1832 1103 πυρὸς,

258 1124 560 1190 τηκόμενα,
588 1121 838 1190 καθάπερ
868 1120 1063 1191 ἄχυρα,
1096 1121 1200 1173 ὐπὸ
1225 1122 1420 1190 φλογὸς
1443 1121 1802 1191 δαπανώμενα
1823 1141 1834 1154 ν

259 1215 293 1280 ἡ
340 1213 396 1264 δέ
427 1211 658 1281 λαμπρά
691 1212 789 1281 τῆς
830 1212 1084 1280 ἀληθείας
1129 1213 1259 1281 φλὸξ
1303 1213 1452 1283 ἀνῄει
1500 1213 1697 1284 φαιδρὰ
1742 1213 1836 1266 καὶ

259 1302 443 1372 ὑψηλὴ
485 1301 622 1370 πρὸς
663 1303 824 1354 αὐτὸν
869 1303 959 1354 τὸν
998 1303 1244 1373 οὐρανὸν,
1275 1304 1366 1356 ὑπ’
1386 1303 1563 1356 αὐτῶν
1593 1303 1700 1356 τῶν
1727 1320 1837 1355 κω-
1885 1316 1890 1322 ·

258 1395 497 1448 λυόντων
540 1395 824 1463 αἱρομένη,
855 1394 948 1446 καὶ
980 1394 1066 1446 διὰ
1097 1394 1205 1446 τῶν
1238 1395 1634 1464 ἐμποδιζόντων
1676 1394 1838 1458 αὐξα-

260 1486 495 1555 νομένη’
529 1485 624 1536 καὶ
667 1484 786 1536 οὐδὲ
820 1485 1064 1548 κίνδυνος
1093 1487 1304 1555 ἐπεῖχεν
1337 1486 1508 1553 αὐτῆς
1533 1485 1633 1554 τὴν
1668 1485 1838 1555 φορὰν

261 1579 358 1630 καὶ
377 1577 476 1646 τὴν
505 1576 682 1647 ῥύμην
703 1577 802 1645 τὴν
830 1576 1152 1638 ἀκάθεκτον,
1179 1577 1241 1628 οὐ
1271 1575 1558 1644 συνηθείας
1584 1576 1836 1646 τυραννὶς

263 1667 653 1735 παλαιοτάτης,
678 1667 738 1719 οὐ
767 1667 1010 1737 πατρίων
1040 1665 1178 1719 ἐθῶν
1222 1666 1315 1719 καὶ
1363 1665 1542 1736 νόμων
1577 1665 1747 1737 ἰσχὺς,
1776 1668 1839 1719 οὐ

261 1759 324 1811 τὸ
366 1758 465 1828 τῆς
507 1756 852 1820 διδασκαλίας
894 1757 1002 1808 τῶν
1049 1756 1227 1826 νόμων
1257 1756 1712 1826 δυσπαράδεκτον,
1741 1757 1841 1808 οὐκ

263 1849 393 1903 ἄλλο
441 1849 550 1900 τῶν
605 1845 756 1917 H99]
808 1847 1110 1916 εἰρημένων
1167 1845 1340 1900 οὐδέν’
1370 1846 1479 1898 καὶ
1531 1847 1616 1897 ἵνα
1666 1845 1841 1916 μάθῃς

265 1940 454 2010 ἡλίκον
479 1938 639 1991 τοῦτό
665 1939 831 2000 ἐστιν,
861 1937 1152 2007 ἀπείλησον
1175 1939 1286 1999 τοῖς
1307 1935 1582 2006 Ἕλλησιν,
1607 1936 1668 1988 οὐ
1698 1935 1842 2003 λέγω

267 2031 547 2092 κινδύνους
572 2030 664 2082 καὶ
687 2027 950 2090 θανάτους
975 2029 1070 2080 καὶ
1090 2027 1266 2097 λιμὸν,
1295 2027 1411 2081 ἀλλ’
1431 2027 1616 2097 ὀλίγην
1643 2027 1842 2096 ζημίαν

267 2120 588 2192 χρημάτων,
621 2120 714 2172 καὶ
760 2118 880 2187 ὕψει
921 2116 1421 2187 μεταϐαλλομένους
1464 2117 1684 2180 εὐθέως.
1702 2116 1841 2170 Ἀλλ’

265 2214 327 2266 οὐ
354 2212 426 2264 τὰ
465 2212 710 2281 ἡμέτερα
746 2209 988 2274 τοιαῦτα,
1018 2208 1152 2262 ἀλλά
1184 2208 1401 2263 πάντων
1443 2209 1847 2279 κατακοπτομέ-

266 2321 374 2356 νων
406 2303 503 2356 καὶ
535 2301 907 2372 σφαζομένων,
939 2300 1034 2354 καὶ
1081 2299 1355 2371 πανταχοῦ
1402 2300 1843 2372 πολεμουμένων,

264 2394 361 2446 καὶ
400 2392 665 2455 ποικίλοις
703 2393 927 2463 τρόποις
973 2391 1241 2461 πολέμων,
1290 2391 1626 2462 ἀνθηρότερα
1673 2389 1846 2444 ταῦτα

266 2482 496 2549 ἐγίνετο.

340 2571 453 2624 Καὶ
501 2569 555 2623 τί
599 2569 742 2639 λέγω
788 2570 913 2633 τοὺς
963 2569 1238 2641 παρόντας
1262 2569 1526 2640 ’Έλληνας
1576 2571 1692 2636 νῦν,
1722 2571 1848 2634 τούς

265 2663 508 2724 εὐτελεῖς
531 2662 627 2714 καὶ
652 2663 1154 2734 εὐκαταφρονήτους
1174 2677 1188 2727 ;
1212 2663 1338 2724 τούς
1359 2662 1479 2714 τότε
1502 2660 1848 2732 θαυμαστοὺς

264 2736 686 2824 παραγάγωμεν
713 2755 794 2816 είς
832 2753 1013 2824 μέσον,
1048 2753 1171 2815 τοὺς
1214 2754 1306 2806 ἐπὶ
1335 2753 1622 2824 φιλοσοφίᾳ
1653 2753 1850 2823 βεϐοηηρ

269 2846 493 2916 μένους,
517 2842 611 2896 τὸν
646 2843 928 2908 Πλάτωνα,
952 2843 1043 2897 τὸν
1071 2843 1377 2915 Διαγόρανει
1396 2882 1410 2907 ,
1437 2843 1526 2898 τὸν
1565 2844 1849 2915 Κλαζομέ-

269 2954 405 2999 νιον,
443 2935 540 2988 καὶ
573 2935 792 3006 ἐτέρους
825 2935 1052 2998 πολλοὺς
1097 2935 1393 3001 τοιούτους,
1429 2937 1524 2989 καὶ
1567 2935 1686 3006 ὄψει
1728 2936 1849 2989 τότε

267 3029 366 3083 τοῦ
395 3027 756 3100 κηρύγματος
778 3027 878 3097 τὴν
903 3025 1076 3097 ίσχύν.
1103 3028 1258 3082 Μετὰ
1286 3027 1394 3100 γὰρ
1421 3029 1484 3081 τὸ
1508 3028 1730 3082 κώνειον
1757 3028 1850 3082 τοῦ

270 3122 622 3192 Σωκράτους,
652 3120 702 3171 οί
738 3119 836 3189 μὲν
874 3120 954 3184 είς
996 3121 1226 3192 Μέγαρα
1262 3120 1523 3190 ἀπῆλθον,
1557 3120 1852 3184 δεδοικότες

275 3213 353 3284 μὴ
372 3215 443 3266 τὰ
464 3212 609 3266 αὐτά
636 3210 880 3264 πάθωσιν
902 3227 915 3240 ’
942 3213 991 3264 οί
1014 3212 1070 3265 δὲ
1096 3216 1189 3266 καὶ
1221 3216 1321 3284 τῆς
1352 3213 1606 3282 πατρίδος
1638 3213 1731 3268 καὶ
1754 3214 1852 3283 τῆς

273 3306 588 3376 ἐλευθερίας
622 3305 898 3368 ἐξέπεσον,
937 3304 1028 3358 καὶ
1062 3304 1201 3376 πλὴν
1237 3307 1368 3374 μιᾶς
1401 3306 1672 3373 γυναικὸς,
1703 3306 1849 3364 οὐδε-

272 3400 364 3462 νὸς
413 3399 606 3468 ἐτέρου
666 3399 1075 3468 περιεγένοντο·
1125 3399 1155 3449 ὁ
1203 3397 1259 3450 δὲ
1299 3394 1592 3460 Κιττιεύςυ
1635 3399 1693 3450 ἐν
1738 3400 1850 3460 τοῖς

270 3489 596 3558 γράμμασιν
619 3487 780 3556 ἀφεὶς
808 3485 906 3554 τὴν
934 3486 1226 3549 πολιτείαν,
1252 3485 1394 3539 οὕτω
1413 3487 1690 3540 κατέλυσε.
1718 3488 1852 3540 Kai-

337 3667 537 3743 f§a¥i'-
565 3666 893 3743 imam-rb
913 3666 1329 3743 Qvf’FﬁW-M

276 3729 596 3852 ϐεῗκὲιιιίειιε
637 3734 717 3778 est.
738 3725 890 3779 Zeno.
935 3725 1153 3778 Aniahds
1172 3732 1336 3777 autem
1374 3725 1630 3776 Platonem
1664 3725 1852 3782 intelli-

1107 274 1191 329 DE
1229 275 1577 332 LAUDIBUS
1611 279 1667 332 S.
1710 279 1913 332 PAULI
1957 283 2317 354 AI’OSTOQ
2363 289 2596 346 HOMIL.
2658 293 2722 348 V.

1933 410 2013 446 τοι
2046 393 2194 446 οὐδὲν
2221 389 2288 465 ἦν
2314 394 2432 446 τότε
2457 393 2516 444 τὸ
2543 393 2846 464 ἐμποδίζον,
2877 394 2937 446 οὐ
2961 395 3217 458 κίνδυνος,
3239 395 3337 448 οὐκ
3360 397 3502 450 ἰδιω-

1933 485 2074 550 τεία,
2103 485 2238 538 ἀλλὰ
2286 485 2378 539 καὶ
2431 486 2589 538 δεινοὶ
2640 486 2815 554 λέγειν
2859 481 3020 555 ἦσαν,
3065 487 3158 539 καὶ
3207 486 3504 556 χρημάτων

1934 577 2223 648 εὐπόρουν,
2259 578 2354 631 καὶ
2405 577 2504 646 τῆς
2547 578 2697 648 παρά
2741 578 2874 630 πᾶσι
2928 576 3211 650 βοωμένης
3255 576 3506 648 πατρίδος

1935 670 2227 740 ἐτύγχανον
2255 670 2405 733 ὄντες
2429 686 2442 698 ·
2475 669 2587 722 ἀλλ’
2620 669 2771 721 οὐδὲν
2807 670 3006 737 ἴσχυον.
3036 665 3283 720 Τοιοῦτον
3325 667 3433 737 γάρ
3469 669 3505 738 η

1935 761 2131 830 πλάνη,
2163 761 2257 814 καὶ
2293 761 2516 831 μηδενὸς
2547 758 2910 831 ἐνοχλοῦντος,
2941 761 3239 831 καταρρεῖ·
3269 758 3506 812 τοιοῦτον

1935 855 1968 924 ὴ
2016 852 2259 923 ἀλήθεια,
2298 854 2392 906 καὶ
2449 850 2658 903 πολλῶν
2708 849 3108 920 πολεμούντων,
3161 849 3505 922 διεγείρεται.

1935 945 2046 997 Καὶ
2082 943 2255 996 ταῦτα
2285 942 2422 1014 αὐτὴ
2451 944 2484 1013 ἠ
2511 941 2619 996 τῶν
2653 941 2991 1012 πραγμάτων
3018 939 3240 1011 ἀλήθεια
3282 939 3508 1010 βοεῖνκαῖ

1935 1035 2083 1088 οὐδὲν
2110 1034 2188 1090 δεῖ
2217 1033 2414 1101 λόγων,
2449 1034 2569 1086 οὐδὲ
2590 1033 2869 1104 ῥημάτων,
2901 1033 2996 1100 τῆς
3026 1031 3347 1100 οἰκουμένης
3368 1031 3505 1083 πάν-

1936 1125 2088 1179 τοθεν
2123 1123 2305 1192 φωνὴν
2335 1123 2605 1192 ἀφιείσης,
2639 1120 2748 1173 τῶν
2781 1119 3005 1183 πόλεων,
3044 1119 3151 1172 τῶν
3177 1117 3381 1190 ἀγρῶν,
3408 1119 3509 1187 τῆς

1936 1218 2058 1287 γῆς,
2089 1217 2189 1286 τῆς
2236 1215 2524 1285 θαλάττης,
2555 1215 2652 1283 τῆς
2703 1212 3046 1282 οἰκουμένης,
3087 1211 3189 1281 τῆς
3234 1211 3506 1280 ἀοικήτου,

1936 1311 2044 1364 τῶν
2073 1312 2131 1364 ἐν
2156 1312 2277 1372 ταῖς
2312 1309 2660 1380 ἀκρωρείαις.
2691 1306 2825 1358 Οὐδὲ
2857 1305 2966 1376 γὰρ
3019 1305 3113 1374 τὴν
3157 1304 3360 1374 ἔρημον
3406 1303 3512 1370 ἀφ·-

1937 1403 2071 1471 ἦκεν
2100 1400 2328 1469 ἄμοιρον
2357 1399 2452 1468 τῆς
2481 1396 2800 1466 εὐεργεσίας
2847 1394 3032 1458 αὐτοῦ,
3063 1394 3196 1447 ἀλλά
3230 1393 3320 1445 καὶ
3344 1391 3512 1461 αὐτὴν

1943 1495 2174 1564 μάλιστα
2208 1491 2520 1561 ἐνέπλησεν,
2555 1484 2628 1546 ὧν
2660 1490 2722 1542 ἐκ
2754 1487 2848 1542 τοῦ
2889 1487 3115 1558 οὐρανοῦ
3146 1487 3326 1556 φέρων
3349 1479 3512 1555 ἦλθεν

1942 1589 2075 1658 ⁴ἡμῖν
2108 1584 2344 1652 ἀγαθῶν,
2374 1584 2464 1636 διὰ
2498 1585 2597 1654 τῆς
2626 1580 2839 1634 Παύλου
2872 1579 3137 1650 γλώττης,
3167 1577 3254 1630 διὰ
3281 1577 3378 1646 τῆς
3409 1575 3508 1646 χά-

1945 1695 2088 1749 ριτος
2117 1677 2218 1747 τῆς
2264 1675 2570 1744 ἐντεθείσης
2616 1673 2782 1743 αὐτῷ.
2801 1671 3018 1740 Ἐπειδὴ
3069 1669 3177 1740 γὰρ
3227 1667 3382 1732 ἀξίαν
3413 1665 3514 1735 τῆς

1939 1771 2146 1840 δωρεᾶς
2185 1767 2490 1839 προθυμίαν
2537 1765 2860 1835 παρέσχετο,
2894 1761 2992 1815 καὶ
3025 1759 3254 1830 δαψιλὴς
3287 1761 3320 1828 ἠ
3355 1757 3514 1827 χάρις

1941 1859 2230 1930 ἐξέλαμψε,
2257 1858 2351 1912 καὶ
2398 1856 2467 1909 τὰ
2509 1855 2728 1908 πλείονα
2778 1854 2884 1908 τῶν
2933 1849 3238 1921 εἰρημένων
3281 1847 3368 1900 διὰ
3397 1847 3513 1917 ,τῆς

1941 1952 2130 2006 τούτου
2165 1947 2502 2020 κατωρθὼθη
2535 1946 2803 2015 γλώττης.

2027 2044 2178 2096 Ἐπεὶ
2221 2037 2312 2094 οὖν
2359 2039 2501 2092 οὐτω
2537 2038 2598 2090 τὸ
2641 2037 2798 2105 γένος
2826 2034 2980 2106 ἡμῶν
3014 2033 3272 2104 ἐτίμησεν
3305 2034 3333 2085 ὁ
3361 2030 3513 2096 Θεὸς,

1942 2139 2017 2200 ώς
2040 2136 2136 2189 ἕνα
2163 2135 2447 2205 ἄνθρωπον
2467 2129 2802 2195 καταξιῶσαι
2821 2127 3089 2180 τοσούτων
3114 2124 3366 2194 γενέσθαι
3389 2140 3518 2176 κατ-

1945 2227 2278 2300 ορθωμάτωδ
2311 2223 2501 2288 αἴτιον,
2537 2221 2890 2292 ζηλώσωμεν,
2932 2214 3322 2288 μιμησώμεθα,
3351 2230 3518 2267 σπου-

1943 2301 2194 2388 δάσωμέν
2240 2315 2490 2384 γενέσθαι
2545 2313 2664 2367 κατ’
2687 2314 2893 2365 ἐκεῖνον
2941 2309 3036 2361 καὶ
3081 2309 3263 2378 ἡμεῖς,
3291 2306 3388 2359 καὶ
3442 2305 3516 2375 μὴ

1946 2409 2204 2464 ἀδύνατον
2235 2406 2391 2461 τοῦτο
2419 2402 2555 2459 εἶναι
2587 2401 2994 2473 νομίζωμεν.“0
3025 2398 3134 2471 γὰρ
3165 2397 3420 2460 πολλάκις
3449 2391 3519 2448 εἷ-

1947 2517 2069 2564 πον,
2098 2499 2256 2553 τοῦτο
2273 2497 2449 2566 λέγων
2472 2497 2532 2549 οὐ
2564 2495 2860 2564 παύσομαι,
2878 2495 2957 2546 ὅτι
2981 2491 3074 2545 καὶ
3104 2490 3260 2558 σῶμα
3288 2489 3344 2540 ἐν
3370 2485 3520 2554 αὐτῷ

1946 2595 2007 2645 τὸ
2034 2591 2165 2645 αὐτὸ
2194 2586 2262 2661 ἦν
2293 2590 2387 2644 καὶ
2421 2590 2574 2658 ἡμῖν,
2608 2587 2701 2640 καὶ
2723 2586 2919 2654 τροφαὶ
2950 2586 3003 2637 αἱ
3029 2582 3209 2644 αὐταὶ,
3252 2580 3345 2632 καὶ
3375 2576 3520 2646 ψυχὴ

1947 2687 1980 2754 ἡ
2010 2683 2174 2752 αὐτή·
2205 2679 2318 2734 ἀλλ’
2346 2681 2378 2750 ή
2411 2678 2724 2750 προαίρεσις
2757 2673 2986 2745 μεγάλη,
3019 2672 3112 2725 καὶ
3159 2673 3191 2739 ὴ
3241 2666 3520 2738 προθυμία

1948 2773 2175 2845 λαμπρά
2193 2790 2206 2802 ⁸
2236 2771 2330 2827 καὶ
2361 2769 2518 2824 τοῦτο
2545 2770 2748 2821 ἐκεῖνον
2780 2766 3014 2818 τοιοῦτον
3047 2761 3289 2832 ἐποίησε.
3316 2755 3520 2827 Μηδεὶς

1947 2869 2128 2924 τοίνυν
2153 2862 2591 2932 ἀπογινωσκέτω,
2617 2859 2802 2930 μηδεὶς
2833 2852 3236 2925 ἀπαγορευέτω.
3255 2849 3380 2903 Ἐὰν
3413 2849 3522 2918 γάρ

1949 2958 2306 3029 παραστήσῃς
2349 2971 2442 3008 σου
2476 2953 2574 3023 τὴν
2611 2950 2868 3010 διάνοιαν,
2907 2946 3060 3000 οὐδὲν
3096 2944 3156 2998 τὸ
3187 2942 3395 2997 κωλύον
3423 2940 3520 3010 τὴν

1951 3052 2116 3122 αὐτὴν
2154 3046 2404 3112 δέξασθαι
2432 3045 2614 3116 χάριν.
2643 3043 2716 3095 Οὐ
2750 3041 2859 3109 γάρ
2888 3040 3004 3090 ἐστι
3050 3033 3524 3106 προσωπολήπτης

1949 3147 1978 3197 ὁ
2007 3142 2138 3204 Θεός
2157 3156 2172 3170 ·
2201 3138 2296 3194 καὶ
2322 3139 2527 3192 ἐκεῖνον
2552 3134 2712 3196 αὐτὸς
2741 3130 2962 3192 ἔπλασε,
2986 3127 3082 3180 καὶ
3108 3126 3167 3178 σὲ
3196 3123 3357 3185 αὐτὸς
3384 3138 3524 3193 παρ-

1952 3236 2125 3303 ήγαγε
2151 3248 2164 3261 ’
2205 3229 2300 3282 καὶ
2322 3227 2509 3297 ὥσπερ
2537 3224 2748 3277 ἐκείνου
2776 3220 3069 3286 Δεσπότης,
3096 3215 3239 3268 οὕτω
3270 3214 3366 3267 καὶ
3395 3211 3524 3303 σόςο

1955 3302 2139 3393 ῶσπερ
2165 3321 2367 3372 ἐκεῖνον
2389 3313 2742 3385 ἀνεκήρυξεν,
2770 3310 2913 3364 οὕτω
2940 3309 3033 3361 καὶ
3065 3309 3123 3361 σέ
3146 3305 3389 3376 βούλεται
3410 3302 3527 3355 στέ-

1955 3413 2445 3487 ψαι.Ὑπόσχωμεν
2471 3409 2648 3462 τοίνυν
2679 3405 2902 3467 ἑαυτοὺς
2934 3403 3027 3456 καὶ
3060 3399 3409 3471 καθάρωμεν,
3440 3397 3527 3450 ἵνα

1959 3485 2052 3563 καὶ
2095 3505 2253 3575 ἡμεῖς
2299 3499 2493 3569 δαψιλῆ
2534 3496 2814 3565 δεξάμενοι
2859 3493 2958 3563 τὴν
2991 3491 3168 3563 χάριν,
3195 3489 3303 3541 τῶν
3350 3485 3528 3540 αὐτῶν

1959 3597 2305 3666 ἐπιτύχωμεν
2352 3589 2593 3660 ἀγαθῶν,
2638 3587 2820 3657 χάριτι
2865 3585 2960 3639 καὶ
3008 3578 3383 3651 φιλανθρωπίᾳ
3431 3575 3526 3666 τοῦ

1957 3664 2346 3759 [ὕθθμςυρίου
2371 3679 2526 3751 ἡμῶν
2564 3676 2740 3748 Ἰησοῦ
2768 3673 3024 3746 Χριστοῦ,
3064 3666 3109 3738 ᾧ
3135 3672 3168 3740 ἡ
3192 3667 3316 3732 δόξα
3348 3666 3440 3720 καὶ
3467 3664 3529 3718 τὸ

1957 3779 2158 3852 κράτος
2191 3777 2270 3839 είς
2302 3773 2427 3834 τοὺς
2455 3770 2657 3832 αἰῶνας
2685 3768 2792 3821 τῶν
2822 3766 3053 3820 αἰώνων.
3071 3762 3261 3833 Ἀμήν.

290 3978 3500 4022 ________________________________________.___._—

1181 4202 1290 4264 ΕΙΣ
1327 4199 1464 4254 TON
1500 4197 1705 4261 APION
1731 4191 2150 4256 ΔΠΟΣΤΟΛΟΝ
2187 4187 2490 4249 ΠΛΥΛΟΝ.

1859 4466 1930 4489 ορ

927 4603 1113 4671 Λόγος
1143 4608 1210 4656 ε’.

354 4786 468 4842 Ποῦ
503 4785 598 4839 νῦν
631 4785 767 4836 εἰσιν
813 4782 863 4835 οί
907 4782 997 4836 τὸν
1029 4783 1256 4836 θάνατον
1292 4779 1626 4850 αἰτιώμενοι,
1666 4780 1761 4832 καὶ
1797 4779 1860 4831 τὸ

282 4891 527 4963 παθητὸν
551 4889 714 4943 τοῦτο
741 4887 900 4958 σῶμα
930 4889 1024 4942 καὶ
1052 4887 1290 4958 φθαρτὸν
1319 4885 1572 4957 ἐμπόδιον
1613 4879 1749 4937 εἶναι
1775 4884 1860 4938 λέ-

283 5015 474 5070 γοντες
503 4998 688 5059 αὐτοῖς
716 4993 851 5065 πρὸς
874 4994 1074 5065 ἀρετήν
1099 5011 1115 5058 ;
1150 4992 1562 5045 Ἀκουσάτωσαν
1591 4989 1698 5043 τῶν
1723 4989 1866 5043 Παύ-

284 5104 380 5158 λου
427 5097 891 5172 κατορθωμάτων,
921 5097 1017 5150 καὶ
1064 5095 1420 5150 παυέσθωσαν
1467 5096 1564 5164 τῆς
1617 5094 1858 5164 πονηρᾶς

283 5205 491 5276 ταύτης
519 5203 791 5273 διαδολῆς.
820 5201 887 5254 Τί
931 5201 1037 5272 γὰρ
1080 5200 1141 5252 τὸ
1188 5199 1343 5268 γένος
1383 5198 1542 5268 ἡμῶν
1578 5195 1806 5266 ἔϐλαψεν
1829 5199 1858 5250 ὁ

287 5312 560 5374 θάνατοςς
616 5307 669 5360 τί
715 5307 771 5360 δὲ
819 5307 853 5377 ἡ
903 5305 1078 5377 φθορὰ
1118 5283 1254 5375 προς
1289 5303 1486 5374 ἀρετὴν
1517 5303 1862 5366 ἐνεπόδισεν;

299 5415 582 5484 Ἐννόησον
610 5410 840 5475 Παῦλον,
871 5410 962 5462 καὶ
988 5408 1109 5478 ὄψει
1136 5408 1217 5460 δτι
1251 5407 1349 5459 καὶ
1388 5405 1593 5476 ὤνησεν
1623 5407 1769 5476 ἡμᾶς
1797 5404 1865 5456 τά

291 5516 526 5588 μέγιστα
571 5514 634 5566 τὸ
675 5511 928 5581 γενέσθαι
956 5509 1201 5580 θνητούς.
1226 5508 1288 5561 Εἰ
1321 5508 1430 5578 γάρ
1471 5509 1543 5578 μὴ
1574 5506 1762 5576 θνητὸς
1797 5501 1864 5575 ἦν

283 5613 468 5686 θέντος,
496 5619 598 5673 οὐκ
626 5616 694 5670 ἂν
721 5614 949 5686 ἐδυνήθη
981 5615 1177 5676 εἰπεῖν,
1215 5610 1411 5682 μᾶλλον
1436 5612 1491 5666 δέ
1519 5612 1616 5666 οὐκ
1644 5611 1708 5666 ἂν
1740 5612 1862 5666 ἐπι-

612 5715 885 5777 ιἈτιιοι,
934 5709 1052 5770 (in.
1105 5709 1170 5772 L.

1967 4588 2240 4657 δείξασθαι
2271 4579 2521 4652 ἐδυνήθη,
2550 4578 2579 4632 ὃ
2601 4575 2689 4630 διὰ
2727 4573 2835 4634 τῶν
2864 4571 3039 4643 ἔργων
3077 4562 3248 4632 εἶπεν,
3283 4564 3366 4619 ὅτι
3393 4561 3532 4619 Καθ’

1964 4694 2193 4764 ἡμέραν
2217 4683 2601 4750 ἀποθνήσκω,
2628 4678 2706 4746 νὴ
2743 4677 2857 4744 τὴν
2885 4672 3177 4745 ὑμετέραν
3207 4671 3530 4740 καύχησιν,

1966 4795 2044 4862 ἣν
2073 4795 2189 4864 ἔχω
2214 4794 2283 4845 ἐν
2316 4784 2546 4858 Χριστῷ
2574 4781 2801 4850 Ἰησοῦ.
2829 4775 3112 4848 Πανταχοῦ
3138 4775 3248 4846 γὰρ
3277 4776 3409 4844 ἡμῖν
3433 4772 3535 4842 ψυ-

1964 4899 2067 4969 χῆς
2110 4895 2202 4950 καὶ
2235 4890 2539 4963 προθυμίας
2566 4888 2666 4950 δεῖ,
2695 4886 2788 4938 καὶ
2823 4883 2883 4936 τὸ
2923 4880 3127 4935 κωλύον
3155 4879 3304 4932 οὐδὲν
3332 4879 3389 4931 ἐν
3422 4879 3537 4940 τοῖς

1964 5004 2202 5077 πρώτοις
2225 4997 2500 5068 τετάχθαι.
2533 4995 2665 5063 Οὐχὶ
2694 4991 2880 5061 θνητὸς
2916 4984 2983 5059 ἧν
3015 4980 3200 5052 οὗτος
3239 4985 3360 5055 οὐχὶ
3391 4981 3535 5036 ἰδιώ-

1963 5126 2092 5180 της;
2124 5106 2244 5176 οὐχὶ
2272 5103 2437 5170 πένης
2462 5099 2556 5152 καὶ
2583 5100 2645 5149 ἐκ
2674 5096 2772 5163 τῆς
2802 5092 2922 5146 καθ’
2943 5092 3180 5159 ἑκάστην
3206 5089 3419 5160 ἡμέραν
3447 5090 3535 5158 ἐρ-

1963 5213 2158 5284 γασίας
2193 5206 2511 5275 ποιούμενος
2541 5202 2638 5270 τὴν
2669 5200 2903 5270 τροφήν;
2942 5195 3064 5265 οὐχὶ
3097 5194 3254 5264 σῶμα
3285 5187 3397 5262 εἶχε
3430 5193 3535 5244 πά-

1965 5330 2086 5376 σαις
2129 5310 2394 5377 ἀνάγκαις
2425 5301 2780 5370 ὑποκείμενον
2823 5299 3111 5368 φυσικαῖς;
3151 5295 3215 5348 Τί
3245 5289 3337 5348 οὖν
3373 5291 3534 5343 αὐτὸν

1963 5416 2200 5471 ἐκώλυσε
2231 5409 2478 5482 γενέσθαι
2511 5404 2769 5466 τοιοῦτον,
2792 5397 2899 5464 οἶος
2924 5399 3148 5468 γέγονεν
3171 5415 3185 5464 ;
3207 5395 3389 5450 Οὐδέν.
3408 5395 3533 5463 Μη-

1962 5521 2069 5583 δεὶς
2117 5518 2291 5570 τοίνυν
2338 5510 2614 5582 ἀθυμείτω
2660 5506 2846 5575 πένης,
2898 5502 3085 5572 μηδεὶς
3130 5496 3534 5568 δυσχεραινέτω

1967 5607 2199 5678 ἰδιώτης,
2235 5605 2422 5678 μηδεὶς
2470 5600 2702 5672 ἀλγείτω
2747 5597 2854 5651 τῶν
2899 5591 3149 5661 εὐτελῶν,
3186 5590 3305 5733 ἓλλ⁹
3336 5591 3533 5642 ἐκεῖνοι

3389 284 3495 341 496
3589 311 3595 317 -
