4044 6206
488 225 594 280 ιςη

487 340 660 413 μόνοι,
690 339 802 392 ὅσοι
832 337 1006 410 ψυχὴν
1031 339 1510 410 μεμαλακισμένην
1537 338 1630 390 καὶ
1657 337 1889 391 διάνοιαν
1911 338 2059 407 έχου-

489 448 573 484 σιν
599 429 1104 500 ἐκνενευρισμένην.
1135 428 1304 480 Τοῦτο
1327 429 1435 500 γὰρ
1466 427 1672 494 γίνεται
1703 427 1930 498 κώλυμα
1961 427 2058 498 μόο

483 537 574 575 νον
602 521 737 592 πρὸς
761 519 980 592 ἀρετὴν,
1007 519 1172 573 κακία
1192 518 1387 589 ψυχῆς,
1415 518 1510 571 καὶ
1537 517 1777 588 μαλακία
1801 517 2020 588 γνώμης
2043 535 2054 547 ·

482 609 688 681 ταύτης
720 610 777 664 δὲ
819 611 945 665 ἄνευ
993 609 1100 663 τῶν
1147 608 1320 662 ἄλλων
1371 608 1542 661 οὐδέν.
1575 607 1685 660 Kal
1716 606 1872 660 τοῦτο
1901 608 2058 677 δῆλον

482 701 592 754 ἀπδ
613 701 707 755 τοῦ
733 701 1002 772 μακαρίου
1026 699 1216 753 τούτου
1239 698 1331 752 τοῦ
1354 698 1448 751 νῦν
1471 697 1866 766 συναγαγόντος
1890 700 2054 768 ἡμᾶς.

486 795 695 865 Ὥσπερ
739 793 848 865 γὰρ
892 791 1078 846 τοῦτον
1125 791 1275 845 οὐδὲν
1306 789 1483 844 ταῦτα
1515 788 1884 859 παρέϐλαψεν,
1917 788 2059 841 οὕτω

481 883 608 946 τοὺς
634 881 831 949 ἔξωθεν
854 881 1006 935 οὐδὲν
1033 880 1102 934 τὰ
1121 878 1338 932 ἐναντία
1357 879 1656 950 ὠφέλησεν,
1674 878 1734 930 ού
1757 878 1930 946 λόγων
1953 877 2058 932 δει-

483 980 664 1052 νότης,
694 981 753 1035 οὐ
785 983 1081 1054 χρημάτων
1112 979 1334 1050 πλῆθος,
1367 981 1428 1034 οὐ
1475 978 1804 1050 περιφάνεια
1847 979 2054 1049 γένους,

485 1080 548 1134 ού
577 1080 734 1151 δόξης
771 1081 1021 1152 μέγεθος,
1053 1080 1114 1134 ού
1146 1081 1207 1134 τὸ
1233 1082 1291 1134 ἐν
1314 1078 1600 1152 δυναστείᾳ
1629 1075 1790 1133 εἶναι.

550 1184 617 1237 Τί
663 1183 808 1254 λέγω
846 1184 974 1248 τοὺς
1015 1183 1368 1256 άνθρώπους;
1418 1183 1616 1254 μᾶλλον
1645 1183 1703 1237 δέ
1732 1183 1894 1255 μέχρι
1925 1183 2054 1236 πότε

480 1286 573 1338 ἐπὶ
597 1287 698 1358 τῆς
726 1287 830 1356 γῆς
857 1284 1069 1356 κατέχω
1095 1285 1185 1338 τὸν
1207 1283 1382 1353 λόγον,
1411 1283 1530 1349 ἐξὸν
1573 1285 1746 1337 εἰπεῖν
1781 1283 1879 1348 τὰς
1911 1284 2054 1337 ἀνω-

478 1383 643 1454 τέρας
683 1383 960 1454 δυνάμεις,
1000 1384 1098 1448 τὰς
1143 1384 1336 1454 ἀρχὰς,
1380 1385 1474 1438 καὶ
1520 1384 1616 1448 τὰς
1664 1383 1930 1451 ἐξουσίας,
1963 1383 2053 1437 καὶ

477 1485 604 1547 τοὺς
633 1485 1082 1557 κοσμοκράτορας
1115 1485 1208 1538 τοῦ
1242 1485 1464 1548 σκότους
1487 1483 1581 1537 τοῦ
1610 1485 1803 1548 αίῶνος
1826 1483 2051 1550 τούτου;

477 1589 532 1640 τί
559 1587 667 1660 γὰρ
691 1588 866 1657 ὢνησε
890 1588 1110 1651 τούτους
1133 1588 1195 1641 τὸ
1219 1588 1378 1657 φύσιν
1406 1588 1659 1659 τοιαύτην
1679 1588 1862 1658 λαχεῖν
1883 1604 1898 1653 ;
1933 1588 2054 1658 οὐχὶ

481 1685 730 1756 ἔρχονται
768 1689 938 1740 πᾶσαι
969 1688 1024 1739 αἰ
1057 1687 1314 1757 δυνάμεις
1348 1687 1662 1758 κρινόμεναι
1695 1686 1784 1740 διὰ
1815 1685 2051 1750 Παύλου,

477 1791 572 1843 καὶ
615 1790 721 1842 τῶν
770 1791 892 1843 κατ’
914 1791 1151 1855 ἐκεῖνον;
1197 1792 1316 1844 Οὐκ
1342 1789 1549 1852 οἴδατε
1592 1788 1701 1860 γὰρ
1743 1789 1927 1860 φησὶν,
1962 1787 2052 1842 ὅτι

477 1894 778 1964 ἀγγέλους
804 1894 1142 1964 κρινοῦμεν,
1166 1895 1309 1965 μήτι
1337 1913 1404 1964 τε
1429 1894 1711 1960 βιωτικά;
1741 1895 1833 1964 Μὴ
1873 1893 2052 1948 τοίνυν

476 1996 748 2068 δι’ἐτερον
797 1998 962 2069 μηδὲν
1013 1998 1284 2070 ἀλγῶμεν,
1312 1998 1446 2052 ἀλλά
1494 1997 1583 2052 διὰ
1628 1999 1824 2052 κακίαν
1870 1998 2048 2069 μόνον,

483 2099 620 2170 μηδέ
647 2099 714 2152 δι’
734 2099 861 2153 άλλο
894 2101 1172 2172 χαίρωμεν
1207 2103 1296 2154 καὶ
1325 2101 1764 2173 εὐφραινώμεθα,
1799 2075 1952 2155 ἀλλὰ·
1983 2101 2048 2154 δι’

475 2199 678 2271 ἀρετὴν
723 2202 900 2270 μόνον.
920 2203 1046 2256 Ἐὰν
1075 2204 1277 2274 ταύτην
1309 2204 1660 2276 ζηλώσωμεν,
1683 2207 1834 2259 οὐδὲν
1856 2206 1917 2260 τὸ
1946 2224 2052 2259 κω-

475 2301 600 2356 λύον
643 2304 892 2372 γενέσθαι
937 2307 1076 2362 κατὰ
1117 2309 1347 2364 Παῦλον.
1366 2310 1602 2376 Ἐκεῖνος
1641 2312 1750 2384 γὰρ
1791 2313 1910 2383 οὐχὶ
1942 2314 2050 2367 ἀπὸ

474 2404 575 2476 τῆς
609 2408 832 2479 χάριτος
883 2411 1041 2481 μόνον
1089 2412 1330 2476 τοιοῦτος
1379 2415 1613 2484 ἐγένετο,
1649 2417 1784 2470 ἀλλὰ
1816 2418 1909 2471 καὶ
1944 2419 2050 2472 ἀπὸ

473 2509 577 2598 τῆς
601 2512 806 2578 οἰκείας
839 2514 1175 2588 προθυμίας·
1207 2517 1300 2570 καὶ
1322 2517 1410 2572 διὰ
1435 2519 1592 2572 τοῦτο
1627 2519 1778 2592 [501]
1807 2521 1913 2574 ἀπὸ
1951 2524 2049 2593 τῆς

472 2611 717 2687 χάριτος,
755 2618 940 2692 ἐπειδὴ
972 2620 1066 2674 καὶ
1098 2619 1205 2674 ἀπὸ
1236 2621 1336 2692 τῆς
1368 2622 1695 2694 προθυμίας.
1733 2624 1868 2678 Μεθ’
1891 2625 2049 2696 ὑπερ-

472 2715 634 2790 ϐολῆς
661 2721 767 2792 γὰρ
795 2722 1048 2795 ἑκάτερα,
1091 2724 1185 2778 καί⁵
1213 2724 1282 2777 τὰ
1308 2723 1400 2778 τοῦ
1426 2725 1559 2778 Θεοῦ
1590 2725 1849 2780 ἐπνευσεν
1879 2728 2044 2799 αὐτῷ,

471 2821 564 2874 καὶ
601 2821 669 2874 τὰ
694 2823 794 2892 τῆς
821 2825 1025 2888 οἰκείας
1058 2826 1430 2896 προαιρέσεως
1463 2827 1691 2898 ὑπῆρξε.
1723 2826 1911 2881 Βούλει
1944 2847 2049 2900 μα·

473 2925 584 2978 θεῖν
613 2923 685 2980 τά
710 2924 802 2978 τοῦ
831 2926 962 2980 Θεοῦ
987 2944 1002 2994 ;
1026 2929 1108 2982 Τά
1135 2929 1326 3000 ἱμάτια
1351 2929 1515 2983 αὐτοῦ
1543 2930 1898 2986 ἐδεδοίκεισαν
1932 2933 2046 2986 δαί-

473 3045 654 3098 μονες.
685 3030 825 3084 Ἀλλ’
849 3031 910 3084 ού
949 3032 1212 3104 θαυμάζω
1249 3032 1426 3099 τοῦτο,
1471 3034 1659 3106 ὥσπερ
1706 3036 1813 3089 οὐδ’
1837 3037 1918 3090 ὅτι
1949 3037 2047 3108 τὴν

472 3133 632 3188 σκιὰν
663 3136 870 3206 Πέτρου
896 3136 966 3190 τά
993 3139 1273 3210 νοσήματα
1309 3138 1509 3209 ἔφυγεν
1528 3155 1543 3170 ”
1582 3140 1717 3194 ἀλλά
1759 3140 2044 3213 θαυμάζω,

469 3238 552 3290 δτι
600 3239 661 3291 τὸ
706 3239 1016 3311 θαυμαστὸν
1053 3242 1210 3297 τοῦτο
1252 3244 1358 3312 πρὸ
1397 3246 1496 3317 τῆς
1536 3245 1775 3319 χάριτος,
1803 3249 1897 3302 καί
1940 3249 2047 3302 ἀπὸ

470 3340 717 3410 βαλϐῖδος
760 3344 928 3416 αύτῆς
960 3345 1054 3399 καὶ
1093 3348 1393 3418 προοιμίων
1433 3349 1612 3403 αὐτῶν
1644 3350 1814 3422 ἐφάνη
1844 3350 2044 3404 ποιῶν·

468 3443 589 3498 οὑδέ
625 3444 724 3516 τὴν
763 3445 994 3518 δύναμιν
1023 3446 1226 3517 ταύτην
1259 3449 1418 3520 ἔχων,
1455 3452 1574 3504 ούδέ
1602 3452 1932 3523 χειροτονίαν
1957 3453 2047 3507 δε-

471 3547 719 3618 ξάμενος,
752 3550 893 3604 οὕτω
932 3553 1011 3624 τῷ
1063 3554 1200 3626 πρὸς
1243 3555 1474 3625 Χριστὸν
1523 3554 1731 3627 ἐξήφθη
1780 3556 1944 3628 ζήλῳ,
1971 3559 2048 3624 ώς

468 3651 645 3706 πάντα
692 3652 801 3706 τῶν
835 3654 1106 3710 Ἰουδαίων
1141 3656 1230 3711 τὸν
1261 3658 1432 3730 δῆμον
1475 3660 1736 3732 διεγεῖραι
1767 3663 1889 3716 καθ’
1922 3664 2046 3718 ἐαυ-

465 3754 592 3808 τοῦο
622 3755 681 3819 ὃς
724 3757 820 3810 καὶ
856 3757 980 3813 ἰδὼν
1009 3760 1169 3814 αὑτὸν
1203 3763 1260 3815 ἐν
1293 3762 1568 3828 τοσούτοις
1601 3764 1732 3820 ὄντα
1759 3765 2044 3832 κινδύνοις,

466 3861 544 3924 ὼς
574 3861 669 3915 καὶ
687 3862 784 3934 τὴν
809 3865 962 3918 πόλιν
987 3865 1411 3939 πολιορκεῖσθαι,
1435 3869 1523 3922 διὰ
1544 3869 1755 3942 θυρίδος
1774 3873 2045 3946 ἐχαλάσθη

466 3959 557 4015 διὰ
585 3960 680 4016 τοῦ
709 3965 941 4036 τείχους,
977 3967 1072 4021 καί
1099 3967 1397 4038 διαφυγὼν,
1423 3971 1543 4024 οὐδὲ
1573 3972 1746 4036 οὕτως
1783 3974 1864 4037 εἰς
1892 3973 2046 4028 όκνον

465 4066 745 4136 ἐνέπεσεν,
781 4073 901 4126 οὐδὲ
945 4075 1024 4140 είς
1070 4075 1270 4130 δειλίαν
1303 4078 1399 4131 καὶ
1435 4078 1620 4148 φόϐον,
1649 4079 1784 4134 ἀλλά
1828 4081 2047 4136 πλείονα

465 4173 777 4245 προθυμίαν
827 4179 1076 4234 ἐντεῦθεν
1127 4182 1358 4252 ἐδέχετο,
1403 4185 1748 4256 παραχωρῶν
1786 4185 1885 4257 μὲν
1934 4190 2046 4250 τοῖς

467 4275 732 4341 κινδύνοις
761 4279 827 4332 δι’
858 4281 1187 4352 οἰκονομίαν,
1221 4285 1280 4336 ού
1313 4287 1660 4357 παραχωρῶν
1686 4288 1744 4341 δέ
1769 4289 1868 4358 τῆς
1908 4288 2047 4342 διδα-

466 4377 694 4443 σκαλίας
739 4382 936 4447 οὐδενὶ,
985 4385 1120 4438 ἀλλά
1163 4386 1255 4438 τὸν
1309 4390 1538 4460 σταυρὸν
1583 4391 1743 4444 πάλιν
1791 4393 2044 4463 ἀρπάσας

463 4482 748 4552 ἠκολούθει
766 4500 778 4513 ’
811 4485 988 4540 καίτοι
1027 4504 1090 4556 γε
1119 4491 1271 4560 παρά
1300 4491 1463 4555 πόδας
1490 4492 1627 4563 ἔχων
1663 4494 1742 4547 ἔτι
1773 4495 1834 4547 τδ
1862 4498 2040 4568 παρά-

463 4585 660 4656 δειγμα
700 4587 760 4641 τὸ
807 4590 950 4644 κατὰ
986 4593 1075 4645 τὸν
1103 4594 1394 4663 Στέφανον,
1423 4598 1514 4649 καί
1554 4598 1696 4668 ὁρῶν
1729 4603 1849 4653 κατ’
1878 4603 2041 4654 αὐτοῦ

467 4688 700 4758 μάλιστα
734 4691 950 4746 πάντων
991 4693 1151 4762 φόνου
1181 4697 1440 4761 πνέοντας
1478 4699 1779 4764 Ἰουδαίους,
1815 4703 1908 4755 καὶ
1941 4704 2041 4757 αύ-

463 4789 572 4844 τῶν
600 4793 1001 4865 ἐπιθυμοῦντας
1023 4798 1189 4852 αὑτοῦ
1219 4801 1326 4854 τῶν
1356 4803 1578 4874 σαρκῶν
1607 4801 2038 4873 ἀπογεύσασθαι.

463 4891 601 4947 οὔτε
629 4891 723 4950 οὖν
752 4899 989 4967 ἀφειδῶς
1021 4901 1277 4956 ἐνέπιπτε
1310 4907 1421 4968 τοῖς
1454 4905 1738 4972 κινδύνοις,
1781 4907 1903 4961 οὐδὲ
1933 4908 2042 4962 διας

464 4997 682 5066 φεύγων
708 5002 1095 5076 μαλακώτερος
1117 5007 1334 5077 ἐγένετο
1355 5010 1537 5066 πάλιν.
1557 5012 1771 5084 Σφόδρα
1789 5014 1888 5085 τῆς
1909 5031 2042 5086 παρ-

461 5102 629 5174 ούσης
650 5106 760 5176 ἦρα
785 5107 932 5178 ζωῆς
953 5110 1040 5164 διὰ
1061 5113 1122 5165 τὸ
1144 5113 1334 5185 κέρδος
1363 5117 1421 5168 τὸ
1456 5116 1516 5180 ἐξ
1549 5118 1720 5188 αὐτῆς
1741 5136 1754 5148 ·
1787 5121 1881 5172 καὶ
1911 5120 2039 5188 σφό-

461 5211 562 5282 δρα
583 5211 752 5284 αύτῆς
780 5214 1072 5288 ὑπερεώρα
1097 5218 1184 5271 διὰ
1215 5219 1312 5290 τὴν
1337 5221 1653 5290 φιλοσοφίαν
1679 5224 1916 5294 τὴν-άπὸ
1941 5227 2041 5296 τῆς

464 5318 766 5392 ὑπεροψίας
796 5323 1088 5394 γινομένην
1119 5325 1339 5397 αὐτῷ,ῆ
1373 5327 1458 5381 διὰ
1481 5327 1539 5380 τὸ
1571 5328 1775 5400 σφόδρα
1819 5330 2037 5397 ἐπείγε-

464 5425 589 5480 σθαι
626 5427 764 5498 πρδς
791 5427 881 5481 τὸν
918 5428 1125 5500 Ἰησοῦν
1145 5431 1420 5485 ἀπελθεῖν.
1451 5433 1626 5503 Ὅπερ
1655 5433 1762 5503 γὰρ
1784 5435 1870 5486 ἀεὶ
1895 5435 2038 5503 λέγω

464 5531 594 5601 περὶ
631 5531 820 5595 αὑτοῦ,
853 5533 944 5587 καὶ
987 5533 1242 5587 οὐδέποτε
1285 5535 1567 5606 παύσομαι
1601 5535 1811 5604 λέγωνλ,
1863 5538 2036 5603 οὐδεὶς

462 5633 635 5697 οὔτως
668 5637 746 5699 εἰς
767 5638 982 5693 ἐναντία
1011 5641 1311 5716 πράγματα
1334 5641 1607 5714 ἐμπεσὼν,
1635 5643 1868 5713 ἑκάτερα
1901 5644 2035 5713 πρὸς

1218 248 1277 299 S.
1323 241 1610 312 JOAN‘NIS
1645 239 2134 302 CHRYSOSTOMI
2177 237 2498 295 ARCHIEP.
2538 231 3090 292 CONSTANTINOP.

3632 217 3738 274 498

2169 339 2450 408 ἀκρίϐειαν
2483 337 2754 406 ἤσκησενο
2785 336 2958 398 οὐδεὶς
2989 335 3115 404 γοῦν
3144 332 3286 387 οὕτω
3331 333 3431 403 τῆς
3461 336 3742 407 παρούσης

2170 441 2485 510 ἐπεθύμησε
2531 438 2676 508 ζωῆς
2700 478 2713 500 ,
2745 438 2864 490 ούδέ
2891 437 3000 490 τῶν
3045 437 3247 507 σφόδρα
3281 435 3737 506 φιλοψυχούντωνσ

2166 542 2348 604 οὐδεὶς
2382 540 2553 603 οὕτως
2593 539 2762 609 αὐτῆς
2795 539 3093 609 ὑπερεῖδεν,
3125 537 3244 590 ούδέ
3281 537 3392 591 τῶν
3423 538 3541 607 μεθ’
3572 538 3742 610 ὑπερ-

2165 643 2326 713 ϐολῆς
2352 643 2703 697 θανατώντων
2738 654 2788 696 ⁸.
2823 641 2980 696 Οὕτω
3010 641 3190 712 πάσης
3231 640 3527 710 ἐπιθυμίας
3569 643 3740 697 καθα-

2167 749 2254 820 ρὸς
2280 745 2348 820 ἦν
2372 751 2597 812 ἐκεῖνος,
2622 749 2714 802 καὶ
2734 747 2909 802 ούδενὶ
2931 747 3278 818 προσέπασχε
3295 745 3403 799 τῶν
3429 747 3736 817 παρόντων,

2161 853 2297 908 ἀλλά
2334 850 2608 922 πανταχοῦ
2643 853 2707 922 τῇ
2766 849 2930 921 βουλῇ
2958 849 3052 902 τοῦ
3099 849 3236 902 Θεοῦ
3290 847 3388 919 τὴν
3441 849 3738 920 ἐπιθυμίαν

2161 958 2352 1030 ἐκίρνα
2378 956 2476 1027 τὴν
2505 953 2730 1007 ἐαυτοῦ·
2763 953 2856 1006 καὶ
2886 953 2982 1006 νῦν
3019 953 3116 1024 μὲν
3146 953 3316 1025 αὐτὴν
3350 953 3442 1007 καὶ
3474 953 3574 1024 τῆς
3598 955 3738 1025 μετά

2159 1059 2394 1130 Χριστοῦ
2433 1057 2719 1120 συνουσίας
2757 1056 2853 1110 καὶ
2883 1055 3103 1124 ὁμιλίας
3137 1057 3569 1128 ἀναγκαιοτέραν
3591 1053 3738 1114 εἷναί

2160 1178 2312 1232 φησι,
2341 1160 2434 1214 νῦν
2460 1161 2516 1213 δέ
2554 1159 2698 1213 οὕτω
2727 1157 2951 1230 βαρεῖαν
2973 1159 3068 1212 καί
3106 1159 3339 1230 ἐπαχθῆ,
3379 1160 3455 1224 ὡς
3484 1161 3578 1214 καὶ
3612 1178 3738 1214 στε-

2159 1266 2340 1331 νάζειν
2371 1267 2464 1319 καὶ
2490 1262 2807 1333 ἐπείγεσθαι
2839 1262 2977 1334 πρὸς
3012 1263 3113 1335 τὴν
3156 1263 3435 1318 ἀνάλυσιν.
3477 1264 3736 1320 Ἐκείνων

2158 1369 2266 1441 γὰρ
2311 1369 2570 1440 ἐπιθυμεῖ
2625 1367 2807 1438 μόνον,
2865 1367 2974 1419 τῶν
3006 1367 3148 1420 κατὰ
3181 1366 3312 1420 Θεὸν
3356 1367 3546 1439 κέρδος
3581 1368 3736 1438 αύτῷ

2159 1472 2456 1542 φερόντων,
2483 1475 2530 1525 εί
2559 1472 2656 1525 καὶ
2685 1470 2904 1524 ἐναντία
2931 1469 3104 1523 ταῦτα
3125 1465 3264 1523 εἶναι
3307 1469 3590 1524 συνέϐαινε
3620 1473 3736 1535 τοῖς

2158 1577 2466 1648 προτέροις.
2502 1578 2614 1630 Kal
2637 1576 2746 1648 γὰρ
2769 1575 3014 1639 ποικίλος
3043 1593 3125 1639 τις
3153 1571 3223 1646 ἦν
3246 1575 3341 1629 καί
3372 1575 3734 1645 παντοδαπὸς,

2159 1682 2261 1751 οὐχ
2281 1680 2733 1750 ὑποκρινόμενος,
2761 1679 2835 1750 μὴ
2865 1679 3097 1748 γένοιτο,
3128 1678 3265 1732 ἀλλὰ
3298 1678 3475 1732 πάντα
3511 1680 3736 1750 γινόμε-

2155 1801 2266 1848 νος,
2299 1784 2441 1854 ἅπερ
2470 1785 2503 1855 ἡ
2539 1783 2631 1837 τοῦ
2659 1781 3016 1855 κηρύγματος
3041 1782 3134 1836 καὶ
3168 1783 3268 1853 τῆς
3311 1782 3584 1853 σωτηρίας
3623 1782 3734 1836 τῶν

2155 1887 2455 1959 ἀνθρώπων
2485 1888 2642 1959 χρεία
2670 1888 2889 1959 ἀπῄτει,
2938 1889 3038 1941 κάν
3086 1889 3262 1959 τούτῳ
3310 1887 3401 1941 τὸν
3455 1887 3734 1958 Δεσπότην

2155 1992 2248 2047 τὸν
2277 1991 2469 2046 ἐαυτοῦ
2505 1991 2860 2064 μιμούμενος.
2892 1992 3003 2044 Καὶ
3029 1991 3138 2061 γὰρ
3171 1994 3200 2044 ό
3221 1990 3354 2056 Θεὸς
3385 1991 3480 2044 καὶ
3519 1990 3736 2061 ἄνθρω-

2155 2116 2256 2162 πος
2283 2099 2537 2168 ἐφαίνετο
2557 2140 2572 2166 ,
2613 2099 2702 2154 ὅτε
2730 2097 2837 2151 ἔδει
2877 2097 3112 2168 φανῆναι
3145 2095 3339 2165 τοῦτοῂ
3380 2097 3474 2151 καὶ
3511 2097 3569 2150 ἐν
3597 2097 3735 2167 πυρί

2154 2201 2321 2256 πάλαι
2369 2203 2458 2256 ὅτε
2503 2203 2531 2254 ό
2594 2201 2784 2272 καιρὸς
2841 2200 3000 2254 τοῦτο
3057 2201 3304 2272 ἀπῄτειο⁸
3339 2202 3434 2254 καί⁵
3489 2201 3573 2256 θῦν
3631 2202 3735 2272 μὲν

2153 2307 2210 2360 ἐν
2258 2306 2478 2361 ὁπλίτου
2543 2308 2786 2377 σχήματι
2840 2308 2934 2359 καὶ
2983 2305 3316 2376 στρατιώτου
3345 2344 3360 2370 ,
3410 2305 3504 2358 νῦν
3565 2305 3622 2358 δέ
3671 2307 3736 2360 ἐν

2153 2411 2319 2465 εἰκόνι
2353 2410 2655 2483 πρεσϐύτου
2686 2450 2702 2476 ,
2745 2409 2840 2464 νῦν
2867 2410 2924 2463 δέ
2948 2411 3005 2462 ἐν
3050 2409 3220 2482 αὔρα,
3257 2409 3354 2463 νῦν
3391 2409 3449 2462 δέ
3479 2409 3554 2472 ὡς
3579 2407 3736 2480 [502]

2152 2515 2448 2588 ὁδοιπόρος,
2479 2515 2573 2569 νῦν
2609 2515 2668 2568 δέ
2695 2515 3137 2588 αὐτοάνθρωπος,
3178 2516 3272 2570 καί
3301 2515 3422 2569 οὐδὲ
3445 2515 3737 2569 ἀποθανεῖν

2152 2618 2294 2673 οὓτω
2325 2620 2697 2692 παρῃτήσατο.
2725 2619 2798 2672 Τὸ
2818 2619 2896 2684 δὲ,
2921 2619 3042 2674 ἔδει
3069 2619 3264 2682 τοῦτο,
3298 2619 3427 2672 ὅταν
3445 2618 3605 2684 εἴπω,
3633 2636 3736 2690 μη-

2152 2727 2260 2790 δεὶς
2299 2728 2542 2797 ἀνάγκην
2572 2721 2712 2779 εἶναι
2757 2721 3025 2796 νομιζέτω
3055 2723 3165 2776 τῶν
3211 2721 3406 2791 λόγων,
3463 2721 3598 2775 ἀλλά
3626 2722 3730 2790 τῆς

2152 2830 2316 2884 αὑτοῦ
2347 2831 2756 2903 φιλανθρωπίας
2781 2831 2960 2901 μόνον.
3007 2829 3115 2881 Kal
3161 2827 3290 2880 ποτέ
3317 2827 3415 2897 μὲν
3445 2829 3504 2879 ἐν
3529 2826 3732 2897 θρόνῳ,

2152 2935 2358 2989 ποτέδέ
2392 2937 2483 2990 ἐπὶ
2515 2936 2624 2989 τῶν
2653 2935 2934 3006 Χερουϐὶμ
2962 2932 3220 3004 κάθηται.
3250 2931 3436 2985 Πάντα
3467 2930 3524 2984 δέ
3555 2929 3736 2986 ταῦτα

2153 3040 2288 3111 πρὸς
2309 3039 2408 3103 τὰς
2452 3037 2818 3109 ὑποκειμένας
2845 3035 3159 3107 οἰκονομίας
3208 3033 3465 3105 ἔπραττε.
3495 3035 3586 3087 Διὸ
3635 3037 3736 3088 καὶ

2151 3139 2238 3194 διὰ
2263 3141 2354 3196 τοῦ
2382 3143 2660 3214 προφήτου
2694 3141 2900 3208 ἔλεγεν·
2947 3138 3090 3208 Ἐγὼ
3119 3135 3362 3204 ὁράσεις
3392 3136 3731 3204 ἐπλήθυνα,

2152 3241 2250 3294 καί
2282 3243 2351 3294 ἐν
2379 3241 2549 3312 χερσί
2585 3237 2904 3309 προφητῶν
2929 3237 3255 3307 ὠμοιώθην.
3289 3236 3445 3290 Οὕτω
3470 3237 3562 3290 καὶ
3585 3235 3734 3290 Παῦο

2151 3345 2241 3410 λος
2265 3347 2354 3400 τὸν
2392 3344 2587 3399 ἐαυτοῦ
2616 3343 2952 3416 μιμούμενος
3008 3343 3303 3415 Δεσπότην,
3343 3344 3445 3396 οὑκ
3487 3343 3553 3397 ἂν
3599 3360 3732 3396 κατ-

2151 3450 2418 3522 εγνώσθη,
2455 3449 2547 3505 νῦν
2577 3450 2674 3521 μὲν
2699 3449 2774 3513 ὡς
2825 3447 3070 3512 Ἰουδαῖος
3101 3449 3403 3520 γινόμενος,
3440 3445 3537 3501 νῦν
3571 3447 3626 3500 δέ
3654 3447 3732 3511 ώς

2151 3556 2351 3626 ἄνομος
2368 3571 2383 3586 ο
2409 3556 2503 3609 καὶ
2527 3555 2621 3610 νῦν
2648 3555 2746 3625 μὲν
2767 3554 2931 3625 νόμον
2965 3554 3257 3623 ἐφύλαττε,
3285 3554 3378 3609 νῦν
3402 3554 3461 3607 δέ
3487 3552 3734 3625 ὑπερεώ-

2154 3674 2223 3729 ρα
2251 3656 2452 3726 νόμου·
2515 3657 2610 3710 καὶ
2644 3655 2774 3709 ποτέ
2825 3655 2925 3726 μὲν
2975 3656 3254 3726 ἀντείχετο
3303 3655 3404 3726 τῆς
3445 3655 3732 3727 παρούσης

2153 3763 2318 3834 ζωῆς,
2365 3760 2495 3815 ποτέ
2537 3761 2596 3814 δὲ
2633 3760 2954 3831 κατεφρόνει
2979 3759 3146 3830 αὐτῆς
3168 3776 3181 3789 ·
3215 3759 3310 3812 καὶ
3336 3758 3432 3812 νῦν
3472 3759 3573 3830 μὲν
3607 3760 3731 3833 ᾔτει

2152 3869 2432 3939 χρήματα,
2481 3865 2576 3921 νῦν
2619 3866 2676 3919 δέ
2705 3867 2798 3919 καὶ
2825 3865 3082 3936 διδόμενα
3113 3863 3448 3937 διεκρούετοο
3479 3866 3575 3918 καὶ
3605 3865 3737 3920 ἐθυε

2151 3974 2247 4028 καὶ
2279 3973 2528 4045 ἐξυρᾶτο,
2555 3973 2649 4026 καὶ
2681 3970 2844 4025 πάλιν
2867 3969 3225 4041 ἀνεθεμάτιζε
3250 3971 3376 4034 τοὺς
3399 3968 3692 4034 ποιοῦντας
3715 3987 3734 4002 ·

2152 4078 2247 4132 καὶ
2286 4077 2381 4133 νῦν
2417 4077 2516 4148 μὲν
2563 4078 2878 4147 περιέτεμε,
2925 4075 3020 4130 νῦν
3048 4075 3105 4128 δέ
3146 4074 3448 4146 περιτομὴν
3479 4072 3732 4141 ἐξέϐαλε.

2151 4184 2262 4237 Kal
2290 4183 2359 4236 τὰ
2384 4183 2482 4252 μὲν
2533 4183 2796 4252 γινόμενα
2822 4179 3039 4234 ἐναντία
3065 4172 3154 4251 ἦν,
3181 4180 3216 4250 ἡ
3249 4178 3304 4231 δέ
3325 4177 3515 4249 γνώμη
3547 4177 3645 4231 καὶ
3694 4178 3735 4248 ἡ

2149 4287 2375 4352 διάνοια,
2413 4288 2508 4356 ἀφ’
2532 4282 2599 4358 ἦς
2629 4284 2802 4338 ταῦτα
2823 4284 3058 4353 ἐγίνετο,
3084 4282 3290 4354 σφόδρα
3315 4280 3608 4344 ἀκόλουθος
3632 4282 3735 4335 καὶ

2149 4392 2314 4461 ἐαυτῇ
2340 4390 2675 4460 συνημμένη.

2225 4497 2320 4548 Ἕν
2341 4495 2450 4566 γὰρ
2485 4494 2686 4565 ἐζήτει,
2723 4493 2830 4548 τῶν
2874 4493 3045 4548 ταῦτα
3093 4493 3399 4547 ἀκουόντων
3430 4492 3524 4546 καὶ
3560 4491 3734 4563 ὁρών-

2145 4613 2253 4648 των
2284 4597 2382 4666 τὴν
2410 4596 2714 4666 σωτηρίαν.
2750 4595 2851 4648 Διὰ
2882 4595 2945 4666 δὴ
3003 4595 3158 4648 τοῦτο
3207 4594 3300 4648 νῦν
3357 4594 3454 4664 μὲν
3513 4594 3734 4664 ἐπαίρει

2147 4699 2330 4768 νόμον,
2367 4697 2460 4751 νῦν
2505 4697 2561 4750 δὲ
2594 4697 2755 4750 αὑτὸν
2817 4697 3088 4769 καθαιρεῖ.
3126 4697 3202 4749 Ub
3246 4695 3356 4767 γάρ
3379 4696 3444 4766 δὴ
3479 4696 3640 4766 μόνον
3672 4697 3734 4748 ἐν

2145 4799 2225 4867 οἶς
2258 4803 2546 4873 ἔπραττεν,
2574 4801 2710 4854 ἀλλὰ
2733 4802 2830 4854 καὶ
2863 4803 2921 4854 ἐν
2949 4796 3032 4865 οἷς
3054 4801 3228 4869 ἐλεγε,
3269 4800 3508 4862 ποικίλος
3539 4795 3609 4870 ἦν
3633 4801 3735 4853 καὶ

2146 4906 2505 4970 παντοδαπὸς,
2537 4907 2657 4976 ούχί
2683 4904 3154 4976 μεταϐαλλόμενος
3193 4905 3294 4976 τὴν
3327 4905 3576 4975 γνώμην,
3607 4904 3735 4958 οὐδὲ

2145 5009 2330 5081 ἔτερος
2351 5009 2408 5074 ἐξ
2433 5010 2516 5062 ἐτέ
2528 5028 2619 5080 ρου
2650 5009 2954 5079 γινόμενος,
2986 5009 3121 5062 ἀλλά
3150 5008 3327 5080 μένων
3351 5010 3489 5080 ὅπερ
3515 5003 3606 5078 ἦν,
3632 5009 3736 5063 καὶ

2144 5115 2250 5169 τῶν
2275 5117 2393 5186 είρη
2404 5115 2587 5185 μένων
2619 5118 2849 5171 ἕκαστον
2876 5117 3015 5188 πρὸς
3035 5117 3133 5189 τὴν
3160 5117 3439 5189 παροῦσαν
3474 5133 3736 5188 μεταχει-

2149 5225 2308 5298 ρίζων
2335 5225 2542 5297 χρείαν.
2599 5226 2692 5295 Μὴ
2720 5224 2898 5279 τοίνυν
2930 5223 3092 5279 αὐτὸν
3134 5223 3220 5277 διὰ
3241 5223 3414 5278 ταῦτα
3443 5222 3685 5293 κακίσῃς
3715 5261 3731 5286 ,

2204 5467 2230 5494 ⁸
2257 5465 2477 5520 Οὐδεὶς...
2503 5465 2758 5528 ὑπερεῖδεν.
2786 5502 2800 5515 .
2841 5463 3160 5513 θανατώντων.
3187 5461 3280 5528 Yel
3326 5458 3566 5528 tironibus
3589 5463 3735 5528 ραις-ι

2142 5528 2514 5576 rescribendum
2564 5522 2676 5575 eése
2719 5528 3061 5582 θανατιώντων,
3102 5525 3246 5572 utsic
3289 5523 3348 5570 ad
3383 5522 3588 5570 verbum
3633 5522 3736 5568 ista

2145 5591 2375 5650 pericope
2399 5589 2646 5650 reddenda
2665 5591 2730 5636 sit
2759 5609 2768 5634 :
2796 5590 2838 5636 Ν
2842 5587 2973 5650 yellus
2994 5587 3064 5650 §ic
3082 5597 3188 5635 eam
3210 5581 3731 5650 (vilam_pra>sen_gcm)

2143 5641 2531 5712 Hespeafil,eliam
2552 5648 2747 5701 illorum
2769 5647 2852 5713 qui
2876 5647 3087 5699 maxime
3111 5641 3731 5709 n10rlema/féctanl.Enm
