4044 6206
284 237 384 293 437

276 363 506 420 pauper,
535 347 714 404 nullus
741 353 965 416 angatur
991 345 1271 415 inglorius,
1298 345 1476 399 nullus
1503 360 1568 400 ex
1597 344 1870 402 vilioribus

280 440 626 506 ingemiscat;
673 440 768 494 sed
823 438 1190 493 tantummodo
1228 437 1338 502 illi,
1379 437 1471 508 qui
1516 436 1702 491 molles
1750 444 1874 490 sunt

280 532 507 598 animo,
548 542 606 587 et
633 531 870 586 enervati
915 540 1094 585 niente
1137 537 1262 582 sunt
1290 536 1449 597 atque
1491 526 1729 582 resoluti.
1763 524 1875 579 Hoc

282 638 426 676 etilli]
469 623 648 678 solum
693 632 777 676 est
817 621 957 690 quod
998 635 1097 674 nos
1132 634 1162 672 a
1202 619 1396 673 virtute
1439 619 1610 672 valeat
1650 630 1873 680 arcere,

286 716 549 769 vitiositas
568 714 759 769 anima:
787 723 947 782 atque
969 711 1246 767 mollitudo
1274 711 1570 773 sententias,
1598 723 1698 762 nec
1725 706 1877 776 quid-

291 821 452 874 quam
491 805 716 860 omnino
742 813 996 873 praeterea
1019 819 1032 854 :
1057 801 1215 870 idque
1245 801 1384 856 beati
1433 799 1618 867 hujus,
1661 807 1879 867 propter

292 913 452 965 quem
497 897 657 951 hodie
680 894 989 966 congregati
1019 908 1204 948 sumus
1224 935 1238 957 ,
1289 893 1578 946 illustratur
1613 889 1876 956 exemplo.

293 988 443 1044 Sicut
467 989 610 1042 enim
633 987 798 1041 Paulo
820 985 950 1040 nihil
971 1000 1030 1037 ea
1053 1000 1170 1051 quae
1191 983 1434 1051 superius
1449 989 1569 1034 sunt
1591 987 1878 1032 memorata

293 1087 616 1142 nocuerunt,
643 1077 713 1130 ita
738 1085 888 1130 extra
919 1075 1226 1144 religionem
1259 1082 1490 1125 nostram
1525 1071 1723 1139 positos
1749 1067 1880 1121 nihil

296 1168 383 1222 his
406 1167 632 1221 adversa
667 1167 950 1236 juverunt,
979 1181 1083 1218 non
1111 1163 1319 1232 generis
1346 1162 1636 1228 claritudo,
1667 1176 1770 1213 non
1797 1159 1881 1212 di-

294 1258 545 1312 vitiarum
576 1256 845 1311 affluentia
865 1296 879 1320 ,
912 1270 1016 1308 non
1043 1255 1296 1323 splendor
1322 1253 1534 1323 eloquii,
1566 1267 1667 1306 non
1699 1251 1882 1322 gloriae

296 1348 632 1418 magnitudo,
661 1363 766 1402 non
792 1348 1088 1402 sublimitas
1114 1355 1436 1415 potentatus.

367 1440 641 1495 Daemones
686 1441 759 1492 nil
804 1442 942 1505 iurat
992 1435 1568 1491 immortalitas.-—-Sed
1616 1433 1740 1504 quid
1785 1447 1884 1504 ego

299 1529 368 1586 de
393 1529 698 1584 hominibus
729 1528 904 1582 adhuc
931 1528 1139 1595 loquor,
1168 1536 1220 1580 et
1245 1525 1496 1596 quamdiu
1523 1527 1662 1578 circa
1691 1533 1884 1578 terram

300 1619 554 1675 contineo
596 1618 936 1674 sermonem?
977 1618 1080 1672 Fas
1117 1626 1200 1671 est
1237 1617 1394 1671 etiam
1443 1631 1698 1684 supernas
1736 1629 1885 1668 com-

303 1725 604 1765 memorare
637 1709 896 1775 virtutes,
947 1709 1273 1778 principatus
1319 1707 1586 1773 videlicet,
1635 1722 1697 1761 ac
1739 1715 1888 1776 pote-

302 1811 485 1866 states,
501 1799 788 1870 mundique
815 1809 1048 1854 rectores
1071 1815 1133 1854 ac
1158 1800 1493 1854 tenebrarum
1512 1797 1664 1867 hujus
1687 1797 1884 1852 saiculi.

297 1895 438 1964 Quid
475 1892 618 1947 enim
659 1893 794 1962 juvit
837 1907 930 1946 eos
966 1892 1271 1961 angelorum
1318 1891 1534 1945 sortitos
1577 1904 1696 1946 esse
1737 1898 1889 1943 natu-

303 1986 461 2041 ram?
507 1999 685 2039 nonne
723 1984 938 2038 venient
966 1999 1152 2039 omnes
1193 1983 1308 2039 istae
1350 1984 1573 2038 virtutes
1617 1997 1648 2037 a
1686 1982 1886 2050 Paulo,

304 2075 530 2144 ejusque
600 2075 863 2129 similibus
933 2074 1276 2143 jndieandte?
1346 2074 1564 2129 Nescitis
1596 2115 1612 2141 ,
1679 2074 1887 2143 inquit,

307 2165 425 2232 quia
474 2163 680 2234 angelos
723 2164 1066 2234 judicabimus
1089 2205 1104 2231 ,
1162 2175 1349 2235 quanto
1406 2166 1566 2236 magis
1624 2163 1890 2219 uecularia

311 2255 388 2324 (1.
429 2252 550 2308 Cor.
589 2255 644 2308 6.
675 2253 772 2324 3)?
800 2254 916 2309 Non
943 2256 1100 2325 igitur
1125 2256 1194 2311 ob
1217 2255 1348 2310 alias
1371 2255 1656 2326 aliquando
1702 2270 1891 2310 causas

308 2346 410 2400 nisi
430 2346 502 2402 ob
527 2346 652 2401 vitia
675 2347 792 2402 sola
814 2346 1120 2414 doleamus;
1152 2347 1340 2402 borum
1364 2361 1462 2402 nos
1485 2347 1749 2402 studiosos
1773 2360 1892 2402 esse

308 2439 569 2508 paeniteat
597 2455 611 2492 :
639 2454 811 2508 neque
851 2439 922 2494 ob
951 2438 1096 2494 aliud
1137 2439 1422 2510 quidquam
1465 2439 1791 2510 gaudeamus
1829 2453 1893 2493 ac

309 2531 554 2586 laetemur
581 2532 682 2586 nisi
707 2533 914 2586 virtutis
944 2547 1104 2587 causa
1137 2551 1150 2587 :
1180 2532 1313 2587 nihil
1342 2542 1424 2587 est
1450 2532 1589 2603 quod
1620 2547 1718 2586 nos
1746 2531 1891 2586 Pauli

307 2621 512 2676 similes
539 2620 653 2682 ﬁeri
673 2631 834 2676 vetet.
859 2622 952 2677 Ille
967 2624 1107 2677 enim
1129 2637 1236 2677 non
1265 2624 1436 2678 solum
1466 2623 1632 2692 gratia
1660 2622 1774 2688 Dei,
1797 2621 1892 2676 sed

308 2713 472 2768 etiam
489 2727 586 2766 sua
610 2713 879 2768 voluntate
901 2713 1018 2769 talis
1040 2713 1260 2770 eﬂ'ectus
1284 2722 1386 2778 est,
1410 2722 1464 2768 et
1484 2712 1681 2768 idcirco
1701 2712 1890 2782 gratia,

307 2803 434 2873 quia
466 2804 625 2858 etiam
651 2803 717 2858 de
744 2805 956 2875 propria
989 2805 1279 2860 voluntate.
1310 2803 1544 2873 Utraque
1568 2803 1708 2858 enim
1740 2802 1890 2872 plena

308 2897 365 2948 in
394 2894 491 2949 illo
517 2894 728 2950 fuerunt
767 2905 929 2965 atque
958 2895 1220 2966 perfecta,
1247 2905 1302 2950 et
1328 2911 1389 2949 ea
1416 2910 1534 2965 quae
1572 2893 1835 2948 donantur
1863 2907 1891 2946 a

310 2985 444 3051 Deo,
472 2994 529 3039 et
566 3000 627 3039 ea
667 3002 786 3055 qua:
814 2987 1083 3041 voluntate
1130 2995 1471 3056 praestantur.
1499 2985 1592 3040 Vis
1616 2984 1755 3040 dona
1800 2983 1894 3038 Dei

308 3077 641 3146 agnoscere?
656 3077 982 3132 Vestimenta
1001 3077 1149 3132 Pauli
1170 3076 1495 3132 daemonibus
1510 3075 1700 3130 terrori
1721 3083 1892 3129 erant.

311 3168 513 3224 Verum
541 3183 642 3238 ego
667 3183 998 3239 nequaquam
1024 3167 1155 3223 illud
1183 3167 1440 3232 admiror,
1469 3167 1608 3221 sicut
1639 3180 1739 3220 nec
1767 3165 1893 3218 illud

311 3261 552 3332 quidem,
576 3263 697 3331 quia
727 3261 912 3316 umbra
955 3261 1098 3316 Petri
1133 3275 1417 3330 corporum
1458 3258 1737 3328 languores
1761 3255 1896 3311 etl‘u-

310 3354 493 3423 gabat.
522 3354 650 3408 Hzee
689 3361 814 3408 sunt
854 3368 984 3407 vero
1030 3352 1304 3416 miranda,
1347 3366 1466 3421 quae
1507 3349 1702 3404 Paulus
1738 3348 1897 3403 etiam

313 3455 442 3501 ante
484 3447 711 3516 gratiam
755 3461 975 3516 magnus
1013 3445 1082 3501 ab
1119 3446 1247 3515 ipsis
1288 3443 1624 3509 rudimentis,
1664 3442 1732 3496 ab
1772 3442 1900 3510 ipsis

315 3538 446 3594 ﬁdei
472 3552 583 3592 sua:
610 3537 878 3593 invenitur
901 3537 1096 3593 fecisse
1120 3536 1426 3606 principiis,
1452 3534 1576 3605 quia
1595 3549 1692 3588 nec
1707 3533 1900 3587 virtute

317 3629 440 3696 hac,
470 3645 573 3699 qua
619 3640 802 3699 postea
840 3629 1045 3699 polluit,
1075 3628 1399 3694 illustratus,
1429 3642 1528 3682 nec
1571 3625 1900 3695 apostolatus

317 3720 526 3777 honore
554 3719 804 3786 donatus,
835 3719 906 3774 ita
931 3719 982 3774 in
1009 3718 1204 3774 Christi
1227 3719 1397 3773 zelum
1428 3726 1572 3772 totus
1594 3717 1812 3783 exarsit,
1845 3725 1903 3770 ut

317 3827 536 3866 omiiem
564 3823 748 3867 contra
771 3827 830 3868 se
853 3811 1168 3867 accenderet
1194 3810 1468 3866 Judaicum
1489 3809 1742 3880 populum
1768 3825 1782 3862 :
1812 3809 1903 3879 qui

318 3920 441 3958 cum
469 3919 530 3958 se
559 3905 612 3958 in
650 3905 812 3959 tantis
839 3903 1088 3973 periculis
1110 3912 1164 3958 et
1188 3903 1452 3956 civitatem
1484 3911 1701 3972 propter
1726 3915 1784 3954 se
1810 3900 1905 3954 ob-

318 4011 523 4051 sessam
551 4005 820 4063 cerneret,
853 4012 947 4066 per
973 4011 1184 4050 murum
1211 3994 1475 4049 demissus
1498 3994 1550 4047 in
1581 4001 1760 4061 sporta
1786 4000 1868 4046 est
1886 4032 1902 4057 ,

321 4088 507 4158 sicque
527 4087 824 4158 depositus,
853 4103 953 4142 nec
974 4096 1100 4141 tunc
1122 4085 1337 4156 quidem
1366 4085 1419 4138 in
1443 4082 1728 4153 segnitiem
1755 4095 1817 4136 ac
1844 4082 1908 4134 li-

323 4180 620 4235 miditatem
668 4181 911 4250 relapsus
965 4188 1082 4244 est;
1131 4177 1228 4233 sed
1273 4177 1532 4246 majorem
1579 4174 1906 4229 alacritatem

325 4271 525 4326 mentis
548 4270 776 4340 accepit,
807 4270 1055 4340 periculis
1073 4268 1389 4338 quibusdam
1415 4280 1476 4321 se
1502 4280 1645 4335 saepe
1675 4263 1908 4319 subdens

325 4362 384 4418 in
423 4363 652 4418 aliorum
688 4361 913 4416 salutem
942 4377 956 4414 :
986 4361 1118 4416 nulli
1160 4367 1338 4414 autem
1385 4357 1562 4413 studio
1595 4356 1790 4412 cedens
1814 4355 1912 4410 do-

325 4454 503 4518 cendi,
557 4453 655 4509 sed
683 4452 922 4524 quotidie
963 4461 1182 4522 portans
1224 4464 1468 4516 crucem,
1500 4447 1784 4502 Dominum
1827 4462 1913 4502 se-

327 4544 629 4616 quebatur,
683 4552 740 4599 et
780 4542 997 4614 quidem
1037 4557 1159 4597 cum
1206 4555 1394 4596 recens
1439 4538 1614 4593 adhuc
1655 4537 1912 4606 Stephani

327 4645 457 4689 ante
481 4634 668 4690 oculos
695 4633 916 4689 haberet
952 4631 1273 4702 exemplum,
1305 4630 1617 4700 videretque
1639 4637 1824 4686 contra
1853 4642 1914 4682 se

328 4740 522 4780 omnes
568 4725 903 4796 potissimum
946 4723 1242 4779 concitatos
1280 4720 1516 4788 Iudaeos,
1558 4718 1760 4774 eaedem
1801 4719 1915 4789 spi—

330 4825 535 4882 rantes,
564 4816 813 4885 ipsasque
832 4829 969 4885 pene
987 4827 1176 4868 carnes
1196 4812 1312 4880 ejus
1334 4811 1593 4866 devorare
1613 4810 1914 4879 cupientes.

334 4907 500 4976 Igitur
528 4905 728 4961 Paulus
756 4919 930 4976 neque
960 4919 1080 4959 eum
1110 4903 1165 4957 iu
1198 4901 1434 4974 pericula
1465 4901 1713 4966 irrueret,
1743 4907 1916 4954 teme-

332 4999 510 5054 ritatis
550 4997 704 5067 argui
747 5005 990 5066 poterat:
1033 5008 1133 5050 nec
1178 4992 1412 5064 pericula
1454 4991 1668 5062 fugere,
1719 4989 1920 5044 timidi-

333 5090 479 5145 datis
527 5089 545 5122 ⁸
599 5105 614 5141 :
663 5087 786 5158 quia
837 5086 1019 5157 utique
1062 5094 1117 5140 et
1165 5082 1381 5137 amabat
1429 5081 1560 5137 satis
1602 5088 1918 5150 praesentem

336 5181 523 5243 vitam,
555 5177 626 5234 ob
647 5178 854 5232 lucrum
881 5173 1147 5240 docendi;
1177 5183 1232 5228 et
1259 5187 1472 5228 rursum
1500 5169 1653 5226 valde
1681 5185 1799 5226 eam
1822 5169 1920 5224 de-

335 5271 620 5344 spiciebat,
665 5268 737 5325 ob
780 5266 1204 5339 philosophiam,
1247 5264 1314 5320 ad
1351 5279 1508 5334 quam
1554 5263 1701 5317 illum
1740 5260 1922 5317 mundi

336 5372 678 5434 contemptus
701 5368 976 5426 evexerat,
996 5368 1318 5429 propterque
1333 5370 1571 5412 amorem
1596 5369 1705 5425 quo
1730 5354 1806 5409 ire
1827 5368 1922 5408 ur-

335 5458 566 5528 gebatur
585 5453 653 5509 ad
667 5451 962 5508 Christum.
981 5448 1134 5518 Quod
1153 5448 1295 5504 enim
1323 5447 1391 5503 de
1411 5447 1526 5516 ipso
1549 5445 1672 5501 dico
1690 5459 1923 5514 semper,

407 5615 425 5644 ι
460 5620 562 5666 αι’..
590 5609 766 5659 I‘aulus
789 5608 936 5672 igitur
959 5620 1108 5672 neque
1129 5605 1464 5672 imminuisse
1495 5601 1722 5671 periculis
1759 5602 1928 5656 trade-

345 5676 421 5727 bat
440 5674 647 5733 ebrium,
673 5667 828 5735 neque
844 5671 890 5721 in
916 5670 1009 5723 illis
1032 5667 1274 5735 fugiendis
1299 5667 1560 5725 mollius“
1583 5667 1743 5732 gessit.

1112 231 1204 290 DE
1242 229 1584 288 LAUDlBUS
1623 230 1682 288 S.
1725 230 1930 290 PAULI
1966 232 2321 290 APOSTOLI.
2363 232 2593 290 HOMlL.
2636 232 2699 286 γ.

3456 221 3554 275 498

1981 363 2084 403 nec
2105 347 2284 404 dicere
2328 349 2612 419 aliquando
2643 347 2866 402 cessabo
2897 364 2909 399 :
2940 343 3117 399 nullus
3147 343 3218 396 ita
3256 340 3311 394 in
3350 337 3556 393 diversa

1981 456 2161 496 rerum
2190 441 2428 496 incidens
2454 451 2614 511 atque
2652 439 2938 503 contraria,
2969 446 3192 502 utraque
3226 432 3278 484 in
3321 442 3556 484 commo-

1979 532 2105 586 dum
2151 546 2304 586 suum
2349 532 2650 596 transtulit,
2707 540 2928 597 utraque
2967 528 3078 581 suis
3131 521 3443 578 utilitatibus
3471 533 3563 572 co-

1982 623 2202 693 aplavit.
2238 621 2426 677 Nullus
2457 621 2599 676 enim
2623 620 2700 674 sic
2720 634 2967 687 umquam
3012 612 3288 684 prmsentis
3315 610 3438 664 vitae
3469 607 3562 663 fuit

1983 727 2169 767 amans
2190 752 2205 778 ,
2233 726 2334 766 nec
2362 726 2550 765 eorum
2579 709 2667 780 qui
2695 719 2818 763 sunt
2847 707 2978 761 lucis
3006 706 3155 759 istius
3184 699 3512 771 cupidissimi
3545 714 3558 750 :

1983 812 2037 858 et
2065 818 2097 857 e
2126 802 2341 872 regione
2372 799 2592 873 [nullus]
2621 801 2696 854 sic
2734 797 3017 868 aliquando
3043 794 3289 865 despexit
3335 791 3561 847 salutem

1984 897 2194 949 illorum
2225 894 2315 962 qui
2347 908 2405 947 se
2432 894 2483 946 in
2512 902 2736 946 mortem
2769 899 2959 959 Sponte
2986 887 3338 958 priecipitant.
3370 882 3462 938 Sic
3495 881 3564 935 ab

1985 990 2131 1045 omni
2181 1003 2240 1043 se
2283 987 2535 1042 mundum
2577 985 2864 1056 cupiditate
2912 979 3272 1043 abstrahebat,
3313 976 3566 1044 nullaque

1987 1081 2328 1151 prwsentium
2379 1079 2657 1134 tenebatur
2683 1074 2950 1145 passione,
2996 1071 3089 1127 sed
3116 1070 3310 1139 ubique
3349 1066 3564 1122 deside.

1986 1173 2124 1227 rium
2150 1187 2304 1226 suum
2331 1185 2451 1224 cum
2482 1169 2575 1222 Dei
2603 1167 2874 1220 voluntate
2901 1162 3174 1226 miscebat,
3203 1169 3257 1214 et
3283 1160 3422 1212 nunc
3451 1155 3568 1225 qni-

1987 1262 2106 1317 dem
2136 1268 2450 1334 przesentem
2479 1259 2638 1313 vitam
2670 1257 2836 1326 magis
2864 1251 3221 1310 necessariam
3257 1263 3376 1302 esse
3401 1245 3567 1300 duce-

1989 1355 2098 1420 bat,
2127 1369 2286 1423 quam
2313 1353 2618 1406 societatem
2640 1347 2838 1403 Christi
2858 1357 3016 1416 atque
3036 1342 3359 1412 colloquium
3382 1356 3397 1403 ;
3428 1351 3570 1392 nunc

1988 1461 2115 1498 vero
2147 1452 2252 1498 tam
2280 1443 2560 1496 molestam
2589 1440 2691 1496 sibi
2721 1441 2862 1495 illam
2884 1437 3148 1493 fatebatur
3169 1443 3221 1489 et
3248 1445 3482 1503 gravem,
3512 1436 3571 1483 ut

1989 1537 2148 1591 etiam
2194 1534 2586 1605 ingemisceret,
2629 1542 2788 1601 atque
2818 1531 2871 1584 in
2911 1529 3097 1583 mortis
3132 1524 3452 1580 desiderium
3474 1534 3570 1575 co-

1989 1638 2222 1700 geretur.
2277 1629 2348 1682 Ea
2389 1628 2528 1680 enim
2564 1625 2677 1680 sola
2724 1622 2991 1692 cupiebat,
3023 1635 3140 1690 qua:
3179 1617 3252 1672 illi
3276 1614 3570 1670 secundum

1992 1721 2160 1776 Deum
2212 1720 2358 1774 lucra
2406 1726 2672 1786 parerent,
2703 1714 2910 1770 etiamsi
2959 1710 3222 1781 prioribus
3264 1705 3571 1761 viderentur

1992 1831 2112 1871 esse
2137 1812 2423 1869 contraria.
2452 1811 2580 1866 Erat
2621 1808 2761 1864 enim
2793 1805 3005 1876 quidem
3052 1802 3229 1856 varius
3270 1812 3483 1867 semper
3506 1810 3572 1850 ac

1993 1909 2296 1978 multiplex,
2329 1921 2432 1960 non
2462 1905 2642 1974 utique
2666 1900 3088 1956 dissimulatione
3111 1893 3396 1956 mutabilis,
3428 1890 3570 1960 quod

1993 2002 2150 2068 absit,
2183 2000 2276 2055 sed
2310 1999 2508 2053 faciens
2528 1997 2706 2052 omnia
2727 2009 2843 2064 qua:
2863 1989 3256 2064 praedicationis
3283 1985 3574 2052 salutisque

1995 2096 2270 2150 hominum
2301 2091 2593 2148 necessitas
2627 2087 2980 2159 poposcisset,
3011 2084 3063 2138 in
3100 2083 3203 2136 hoc
3225 2092 3436 2150 quoque
3461 2076 3573 2130 Βοσ-

1993 2186 2120 2242 ηιίηἰ
2171 2186 2252 2240 sui
2297 2185 2550 2239 inventus
2595 2181 2847 2234 imitator.
2895 2175 3027 2230 Nam
3056 2182 3110 2228 et
3141 2173 3278 2226 Deus
3315 2178 3371 2224 et
3413 2167 3575 2222 homo

1995 2278 2259 2348 apparuit,
2290 2290 2410 2330 cum
2437 2273 2488 2328 id
2520 2287 2643 2329 eum
2687 2267 2923 2340 oportuit
2969 2276 3258 2334 apparere,
3291 2269 3346 2314 et
3373 2259 3426 2312 in
3454 2256 3576 2324 igne

1995 2347 2205 2437 quando
2232 2375 2442 2434 tempus
2469 2364 2540 2417 ita
2569 2360 2743 2431 exegit
2769 2400 2783 2425 ,
2812 2367 2866 2412 et
2908 2371 3047 2412 nunc
3071 2351 3282 2424 quidem
3311 2364 3370 2405 se
3395 2348 3447 2402 in
3477 2347 3542 2401 ha
3560 2375 3575 2390 ν

1994 2459 2108 2514 bitu
2137 2457 2326 2512 armati
2352 2455 2558 2520 militis,
2591 2467 2732 2508 nunc
2759 2451 2812 2506 in
2838 2447 3015 2519 specie
3039 2445 3206 2510 senis,
3233 2455 3375 2498 nunc
3403 2441 3456 2494 in
3482 2453 3578 2493 au-

1995 2565 2073 2614 ra,
2109 2563 2250 2602 nunc
2276 2547 2328 2600 in
2359 2543 2712 2600 similitudine
2736 2539 2954 2595 viatoris
2973 2578 2989 2605 ,
3017 2549 3160 2590 nunc
3184 2534 3238 2588 in
3265 2532 3377 2601 ipsa
3399 2537 3579 2584 osten—

1996 2640 2076 2694 dit
2120 2637 2352 2694 hominis
2399 2635 2663 2698 veritate,
2722 2629 3014 2686 secundum
3071 2639 3229 2695 quam
3285 2636 3353 2676 ne
3407 2620 3578 2688 ipsam

1997 2731 2211 2802 quidem
2243 2737 2469 2784 mortem
2501 2727 2695 2795 refugit
2724 2742 2737 2777 :
2767 2724 2859 2778 sed
2890 2723 3080 2776 iterum
3108 2717 3407 2784 iterumque
3429 2726 3580 2765 com-

1997 2837 2229 2887 moneo,
2287 2834 2446 2876 nemo
2496 2815 2944 2887 dispensationem
2998 2811 3154 2864 istam
3203 2803 3578 2860 necessitatem

1999 2922 2168 2984 putet.
2197 2910 2293 2967 sed
2338 2906 2708 2964 tantummodo
2754 2917 2990 2958 amorem
3033 2899 3128 2955 Dei
3167 2911 3292 2966 erga
3335 2891 3581 2948 homines

2000 3002 2285 3073 intelligat.
2316 3000 2447 3056 Nam
2476 3010 2528 3054 et
2554 2996 2840 3068 aliquando
2866 2993 3078 3064 quidem
3105 3004 3266 3059 super
3297 2987 3578 3047 thronum,

2000 3092 2286 3163 aliquando
2323 3105 2454 3146 vero
2491 3103 2654 3159 super
2699 3085 2985 3143 Cherubim
3029 3080 3320 3152 apparebat
3363 3075 3598 3138 sedens.§

2001 3184 2189 3240 Omnia
2219 3192 2396 3238 tamen
2440 3181 2538 3234 ista
2569 3193 2664 3248 pro
2687 3177 2953 3234 variarum
2987 3171 3442 3242 dispensationum
3487 3181 3585 3236 op-

2001 3273 2324 3346 portunitate
2350 3271 2576 3327 faciebat
2594 3311 2608 3336 ,
2637 3278 2858 3340 propter
2886 3264 3028 3336 quod
3059 3263 3294 3332 loquitur
3335 3274 3430 3328 per
3455 3271 3583 3328 pro-

2001 3371 2254 3440 phetam:
2285 3367 2398 3440 Ego
2427 3367 2637 3421 visiones
2677 3361 3027 3431 multiplicari,
3060 3370 3106 3413 et
3133 3360 3185 3412 in
3211 3355 3438 3410 manibus
3461 3369 3583 3423 pro-

2004 3462 2267 3532 phetarum
2309 3457 2616 3512 assimilatas
2654 3471 2762 3509 sum
2797 3454 2948 3524 (Osee
2971 3451 3055 3506 12.
3101 3449 3213 3516 10).
3241 3448 3316 3504 lta
3351 3445 3507 3514 igitur
3530 3451 3586 3496 et

2004 3553 2202 3608 Paulus
2231 3549 2450 3606 credita:
2477 3547 2581 3604 sibi
2609 3544 3028 3617 diSpeusationis
3066 3541 3282 3598 modum
3325 3551 3469 3605 sirpe
3494 3550 3586 3587 va.

2006 3643 2228 3710 riando,
2273 3653 2605 3712 nequaquam
2644 3638 2712 3693 de
2754 3635 2964 3692 Domini
3010 3633 3090 3688 sui
3136 3629 3435 3686 imitatione
3472 3626 3586 3680 culo

2007 3745 2165 3806 patos
2184 3745 2286 3798 est,
2309 3749 2428 3789 cum
2447 3731 2606 3787 modo
2624 3729 2838 3786 Judaeus
2862 3728 3032 3789 fieret,
3056 3723 3216 3779 modo
3235 3736 3295 3776 se
3319 3719 3422 3774 illis
3441 3717 3586 3772 nulla

2007 3825 2490 3882 communicatione
2512 3822 2780 3888 misceret,
2811 3828 2866 3875 et
2892 3832 3033 3872 nunc
3055 3815 3269 3886 quidem
3295 3810 3590 3866 custodiret

2009 3918 2179 3988 legem
2202 3957 2218 3983 ,
2247 3930 2389 3970 nunc
2430 3928 2560 3967 vero
2604 3912 2941 3980 despiceret:
2973 3917 3026 3963 et
3054 3903 3339 3974 aliquando
3380 3915 3590 3956 conser-

2010 4016 2162 4064 varet
2200 4015 2515 4078 przesentem
2544 4004 2704 4058 vitam
2729 4043 2743 4066 ,
2771 3997 3058 4069 aliquando
3087 4001 3454 4050 contemneret
3492 4009 3506 4045 :
3537 3999 3592 4046 et

2009 4113 2152 4154 nunc
2176 4097 2385 4166 quidem
2415 4096 2574 4151 etiam
2600 4091 2897 4164 postularet
2921 4087 3203 4158 pecunias,
3234 4098 3374 4143 niinc
3411 4091 3592 4136 autem

2011 4191 2218 4246 oblatas
2261 4189 2420 4243 etiam
2470 4184 2776 4255 repudiaret
2813 4201 2826 4236 :
2867 4195 2991 4237 nam
3035 4187 3088 4234 et
3129 4174 3446 4232 sacrificium
3491 4167 3606 4227 ob;

2022 4281 2164 4346 tulit,
2193 4287 2248 4335 et
2273 4276 2690 4349 puriﬁcationem
2717 4288 2784 4329 ex
2829 4285 2979 4326 more
3017 4266 3326 4332 celebravit,
3357 4274 3410 4320 et
3439 4271 3596 4332 caput

2015 4373 2180 4438 rasit;
2209 4370 2305 4427 sed
2331 4383 2519 4424 rursus
2547 4376 2603 4422 et
2640 4361 3108 4420 anathematizavit
3145 4359 3247 4414 ista
3290 4355 3547 4414 facientes
3574 4370 3591 4409 :

2019 4475 2074 4522 et
2102 4479 2244 4525 nunc
2269 4461 2487 4533 quidem
2525 4455 2942 4514 circumcidebat
2970 4455 3106 4523 ipse,
3149 4465 3288 4507 nunc
3317 4446 3596 4505 circumci-

2019 4556 2226 4612 sionem
2258 4552 2471 4622 penitus
2500 4547 2837 4606 excludebat.
2881 4545 2949 4603 Et
2995 4549 3153 4598 erant
3200 4539 3336 4594 facta
3382 4535 3597 4607 quidem

2021 4647 2136 4716 ipsa
2165 4644 2375 4699 diversa
2417 4642 2558 4699 inter
2587 4654 2645 4693 se
2671 4647 2832 4706 atque
2858 4633 3146 4699 contraria,
3180 4646 3332 4689 mens
3361 4643 3490 4682 vero
3513 4637 3597 4681 at-

2023 4753 2128 4808 que
2154 4735 2416 4793 sententia
2443 4748 2508 4787 ex
2535 4745 2637 4801 qua
2665 4730 2754 4786 illa
2782 4727 2981 4808 ﬁebant
3009 4723 3162 4780 valde
3186 4723 3286 4781 sibi
3313 4721 3602 4777 concinens

2022 4840 2182 4899 atque
2211 4824 2561 4882 COllCOI‘dallS.

2097 4918 2294 4972 Paulus
2320 4915 2468 4969 modo
2499 4915 2655 4984 legem
2682 4911 2897 4976 extollit,
2927 4909 3076 4967 modo
3107 4908 3299 4980 dejicit.
3329 4936 3400 4948 —
3425 4905 3602 4962 Unum

2027 5010 2158 5066 illud
2187 5009 2493 5078 requirebat
2516 5015 2570 5061 et
2598 5006 2770 5059 solum
2791 5045 2806 5067 ,
2837 5017 3022 5058 eorum
3053 5001 3143 5071 qui
3183 4999 3332 5054 illum
3360 4998 3608 5054 audirent

2030 5120 2094 5161 ac
2137 5102 2402 5167 viderent,
2449 5101 2714 5152 salutem:
2747 5107 3030 5168 propterea
3073 5094 3233 5149 modo
3277 5092 3488 5148 extollit
3531 5091 3608 5144 le-

2032 5211 2175 5269 gem,
2220 5191 2380 5248 modo
2420 5190 2640 5254 inclinat
2666 5203 2730 5242 ac
2770 5187 2970 5256 dejicit.
3018 5185 3132 5241 Non
3179 5185 3322 5239 enim
3357 5183 3527 5236 solum
3557 5181 3609 5232 in

2033 5287 2237 5342 actibus
2263 5284 2396 5348 suis,
2427 5296 2612 5336 verum
2642 5280 2804 5334 etiam
2828 5277 2881 5332 in
2912 5277 3093 5332 verbis
3115 5285 3251 5340 erat,
3282 5283 3339 5327 ut
3358 5272 3489 5334 dixi,
3518 5283 3612 5321 va-

2034 5379 2149 5435 rius
2179 5389 2243 5430 ac
2280 5373 2576 5442 multiplex,
2611 5385 2720 5426 non
2761 5369 3015 5425 mutando
3057 5364 3397 5426 sententiam,
3436 5373 3610 5428 neque

2037 5472 2175 5526 alter
2229 5467 2399 5522 factus
2442 5479 2508 5518 ex
2557 5464 2728 5518 altero
2775 5479 2788 5515 :
2834 5460 2926 5516 sed
2973 5461 3086 5528 ipse
3127 5455 3267 5526 quod
3313 5461 3430 5508 erat
3467 5467 3610 5507 sem—

2036 5577 2134 5636 per
2187 5556 2490 5619 manendo,
2543 5569 2731 5610 eorum
2786 5568 2904 5624 qua:
2946 5550 3086 5604 dicta
3140 5558 3263 5602 sunt
3314 5560 3468 5601 usum
3515 5559 3610 5615 pro

2044 5665 2329 5707 causarum
2383 5647 2776 5719 opportunitate
2827 5640 3083 5697 variabat.
3129 5638 3244 5697 Non
3290 5638 3445 5712 igitur
3493 5650 3614 5691 euut
