4044 6206
392 161 498 212 499

403 285 621 346 propter
657 271 756 324 ista
783 270 1173 338 reprehendas,
1215 279 1431 338 propter
1472 283 1588 336 quae
1629 269 1776 322 illum
1803 270 1969 340 magis

400 363 568 416 debes
588 358 759 427 dignis
785 360 1024 428 laudibus
1047 373 1323 413 coronare.
1347 357 1616 426 Siquidem
1637 367 1689 412 et
1713 358 1973 412 medicum

401 471 522 509 cum
561 467 700 506 nunc
743 462 980 506 urentem
1021 451 1251 518 videris,
1295 465 1433 504 nunc
1479 449 1743 504 foventem
1769 493 1784 516 ,
1834 467 1972 504 nunc

401 543 543 596 ferro
573 550 831 607 utentem,
864 558 1005 598 nunc
1033 541 1442 606 medicamento,
1475 549 1528 595 et
1555 540 1835 610 aliquando
1863 543 1978 609 qui-

397 637 520 692 dem
550 645 804 707 agrotum
834 651 860 687 a
891 635 1010 690 cibo
1035 643 1265 704 potuque
1290 633 1625 688 cohibentem
1647 673 1661 698 ,
1696 632 1977 702 aliquando

401 743 534 782 vero
571 743 690 784 eum
727 729 778 781 in
808 727 904 781 ista
933 728 1228 790 laxantem,
1260 735 1312 780 et
1341 725 1500 780 modo
1543 725 1755 794 quidem
1783 738 1980 792 coope-

402 818 626 871 rientem
657 817 905 886 undique,
931 826 984 871 et
1008 817 1240 886 undique
1264 815 1663 878 confoventem;
1685 829 1824 868 nunc
1856 828 1979 867 vero

402 909 501 976 ipsi
531 909 607 963 illi
627 908 880 964 calefacto
909 909 1146 964 securius
1172 909 1380 978 plenam
1404 909 1604 978 frigidis
1633 908 1782 978 aquis
1809 907 1977 975 impe-

407 1007 612 1052 rantem
639 1007 856 1068 epotare
887 999 1116 1068 phialam
1142 1018 1154 1052 :
1185 1013 1288 1052 non
1328 999 1505 1068 utique
1533 1014 1692 1067 super
1731 999 1830 1051 bac
1857 1013 1978 1052 eum

403 1088 658 1143 varietate
703 1099 757 1144 et
799 1088 1058 1159 frequenti
1096 1091 1384 1145 mutatione
1430 1090 1694 1158 culpabis;
1725 1089 1818 1144 sed
1857 1097 1980 1142 tunc

403 1179 668 1247 praecipue
695 1179 932 1248 stupebis
955 1191 1147 1247 artem,
1189 1180 1400 1250 quando
1426 1196 1488 1234 ca
1511 1196 1630 1249 qua:
1673 1179 1827 1234 nobis
1853 1195 1982 1235 con-

405 1271 566 1324 traria
595 1272 840 1327 videntur
868 1282 922 1328 et
942 1275 1118 1340 noxia,
1151 1274 1292 1328 illam
1322 1289 1442 1328 cum
1475 1272 1664 1328 fiducia
1689 1272 1884 1326 videris
1903 1271 1982 1324 of-

409 1360 694 1420 ferentem.
743 1363 854 1418 lloc
890 1375 972 1418 est
1010 1365 1152 1419 enim
1197 1365 1307 1418 veri
1350 1363 1570 1418 artilicis
1606 1378 1668 1417 ac
1711 1362 1884 1430 periti.
1925 1361 1982 1416 Si

410 1453 567 1520 igitur
591 1455 946 1522 approbamus
973 1455 1234 1510 medicum
1265 1457 1528 1510 contraria
1557 1455 1652 1508 ista
1683 1455 1978 1516 facientem,

413 1543 579 1596 multo
606 1547 772 1614 magis
811 1545 958 1599 Pauli
995 1546 1252 1601 debemus
1280 1547 1509 1599 animam
1539 1545 1846 1615 praedicare,
1877 1555 1982 1598 tam

411 1633 594 1686 multis
622 1649 680 1687 se
709 1648 768 1688 ac
792 1633 1017 1689 diversis
1039 1635 1209 1688 modis
1229 1637 1606 1704 mgrotantibus
1625 1644 1981 1706 coaptantem.

409 1720 526 1777 Non
571 1724 712 1778 enim
762 1725 936 1780 minus
987 1725 1039 1779 hi
1066 1727 1157 1795 qui
1204 1727 1532 1793 animarum,
1580 1743 1736 1797 qnam
1777 1729 1849 1782 illi
1896 1727 1984 1796 qui

409 1829 692 1883 corporum
742 1817 996 1887 languore
1036 1828 1315 1884 vexantur,
1345 1829 1459 1874 arte
1497 1835 1631 1890 opus
1667 1821 1895 1882 habent,
1924 1834 1986 1873 ac

410 1907 663 1960 varietate
701 1909 920 1963 curandi
947 1927 959 1964 :
991 1911 1056 1963 ad
1085 1925 1218 1980 quos
1241 1911 1285 1964 si
1329 1926 1514 1966 secure
1541 1921 1596 1966 et
1619 1912 1762 1966 velut
1804 1926 1872 1966 ex
1903 1911 1986 1964 di-

411 2007 559 2051 recto
579 1998 812 2052 volueris
836 1999 1112 2067 accedere,
1135 2003 1309 2056 omnis
1336 2017 1458 2070 spes
1478 2003 1544 2056 ab
1569 2003 1646 2056 eis
1681 2002 1865 2056 salutis
1889 2017 1984 2054 au-

413 2085 594 2156 fugict.
651 2087 716 2142 Et
741 2090 866 2162 quid
898 2091 1086 2145 mirum
1120 2093 1164 2146 si
1212 2092 1456 2147 homines
1498 2092 1564 2146 ad
1604 2093 1716 2148 hmo
1765 2093 1984 2147 sanandi

413 2188 828 2248 temperamento
879 2181 1225 2248 descendant,
1279 2199 1399 2238 cum
1446 2183 1606 2237 etiam
1654 2185 1988 2253 omnipotens

416 2269 555 2322 Deus
587 2269 688 2324 hoc
709 2271 824 2338 ipso
847 2272 1122 2328 medicinae
1144 2283 1323 2328 utatur
1346 2275 1526 2340 modo,
1564 2290 1662 2328 nec
1687 2277 1864 2329 omnia
1889 2293 1986 2329 no-

415 2357 496 2412 bis
544 2357 876 2414 uniformiter
921 2375 984 2415 ac
1029 2361 1269 2417 directim
1321 2363 1618 2432 loquatur?
1672 2363 1802 2432 Quia
1847 2367 1988 2421 enim

417 2459 609 2518 sponte
637 2465 735 2504 nos
759 2451 872 2505 vult
895 2452 1036 2507 efﬁci
1065 2453 1234 2508 bonos
1263 2496 1275 2517 ,
1324 2470 1430 2508 non
1472 2456 1786 2509 necessitate
1831 2465 1990 2525 atque

422 2539 694 2608 violentia,
715 2556 850 2611 opus
875 2543 1034 2598 etiam
1061 2543 1223 2598 habet
1249 2546 1540 2599 mutatione
1551 2561 1712 2612 curar,
1739 2561 1842 2600 non
1862 2561 1982 2617 pro-

415 2639 536 2699 pter
563 2632 794 2702 aliquam
829 2635 1305 2704 impossibilitatem
1347 2652 1518 2704 suam,
1551 2638 1706 2703 absit,
1735 2639 1829 2694 sed
1871 2655 1994 2710 pro-

425 2735 546 2793 pter
567 2735 802 2780 nostram
831 2726 1189 2797 fragilitatem.
1219 2729 1322 2798 lpsi
1347 2731 1485 2784 enim
1509 2731 1628 2785 licet
1656 2731 1874 2786 iunuere
1899 2747 1991 2786 so-

419 2816 549 2881 lum,
577 2817 684 2872 imo
713 2819 848 2873 velle
873 2820 1238 2875 tantummodo
1264 2861 1278 2884 ,
1325 2821 1541 2891 jamque
1567 2821 1704 2878 facta
1755 2835 1994 2893 speetare

421 2923 542 2976 quas
565 2911 750 2964 voluit.
773 2909 882 2965 Nos
909 2926 1037 2967 vero
1066 2913 1154 2982 qui
1177 2914 1345 2968 semel
1365 2913 1691 2968 dominatum
1712 2917 1880 2970 nostri
1902 2917 1996 2971 ad-

419 3001 527 3069 epti
557 3015 762 3068 sumus,
781 3017 886 3058 non
918 3005 969 3058 in
991 3006 1196 3060 cunctis
1224 3007 1332 3061 Deo
1365 3005 1610 3061 subditos
1633 3022 1877 3063 essenos
1903 3023 1995 3079 pa-

421 3095 583 3147 timur
612 3111 626 3146 :
656 3094 745 3164 qui
766 3095 810 3150 si
837 3095 1070 3151 traheret
1091 3097 1302 3161 invitos,
1327 3097 1681 3168 eriperetipse
1701 3098 1842 3168 quod
1861 3113 1994 3154 con-

421 3183 560 3246 tulit,
586 3183 639 3238 id
664 3194 766 3250 est,
794 3183 1004 3240 arbitrii
1025 3195 1365 3257 potestatem.
1394 3187 1473 3243 Ne
1520 3189 1680 3258 igitur
1715 3189 1852 3244 istud
1901 3189 1995 3244 lie-

423 3285 525 3342 ret,
553 3274 820 3345 frequenti
851 3277 948 3332 fuit
967 3295 1102 3348 opus
1121 3281 1373 3336 varietate
1400 3282 1716 3338 medicandi.
1747 3283 1870 3340 llaec
1897 3299 1996 3338 au-

421 3377 527 3421 tem
549 3384 577 3421 a
607 3369 760 3425 nobis
783 3385 888 3423 non
913 3370 1180 3440 superfluo
1203 3373 1465 3442 disputata
1491 3385 1634 3441 sunt,
1663 3377 1753 3431 sed
1781 3387 1998 3448 prOpter

421 3459 560 3513 beati
591 3459 738 3513 Pauli
761 3461 962 3515 varimn
1003 3463 1234 3518 studium
1258 3473 1416 3534 atque
1435 3467 1667 3534 sapiens,
1699 3478 1757 3522 ut
1784 3469 1996 3538 quando

417 3565 548 3606 cum
582 3550 778 3607 videris
800 3553 1034 3622 pericula
1066 3553 1373 3624 fugientem,
1406 3573 1510 3610 non
1545 3557 1690 3611 illum
1717 3559 1996 3616 admireris

427 3643 620 3708 minus,
647 3659 805 3714 quam
837 3660 956 3700 cum
977 3661 1036 3700 se
1059 3647 1308 3717 periculis
1351 3649 1544 3718 gaudet
1589 3665 1859 3722 opponere
1887 3671 1898 3706 :
1941 3663 1998 3708 ut

427 3734 568 3788 enim
600 3734 700 3789 hoc
721 3735 1062 3802 fortitudinis,
1091 3739 1164 3792 ita
1195 3738 1324 3793 illud
1349 3739 1624 3809 sapientia:
1657 3753 1758 3797 est.
1785 3742 1848 3796 Et
1875 3759 1997 3798 cum

425 3827 625 3882 videris
649 3843 770 3882 eum
799 3843 986 3899 magna
1014 3829 1082 3886 de
1112 3831 1290 3902 seipso
1323 3843 1621 3897 sonantem,
1649 3835 2002 3891 similiterad-

425 3921 660 3988 mireris,
690 3936 752 3975 ac
773 3921 816 3976 si
847 3922 994 3976 illum
1015 3923 1193 3978 videas
1207 3925 1549 3996 semetipsum
1563 3926 1947 3998 deprctiautem
1983 3947 1996 3984 :

427 4023 483 4067 ut
512 4014 652 4070 enim
685 4013 825 4069 istud
847 4013 1162 4070 humilitatis
1186 4059 1198 4080 ,
1233 4017 1301 4072 ita
1328 4027 1381 4072 et
1411 4018 1536 4072 illud
1557 4020 2001 4090 magnanimitatis

429 4111 531 4158 est.
559 4105 781 4171 Quando
804 4107 948 4162 enim
978 4109 1289 4178 gloriantem
1319 4109 1530 4174 videris,
1561 4109 1825 4166 admirare
1861 4128 1874 4163 :
1907 4111 2000 4166 sed

427 4195 677 4249 similiter
705 4195 860 4250 lauda
885 4239 900 4261 ,
949 4213 1068 4253 cum
1113 4200 1258 4253 illum
1287 4200 1432 4254 vides
1467 4199 1684 4256 humilia
1735 4202 1801 4256 de
1843 4217 1902 4256 se
1950 4211 2004 4256 et

425 4287 842 4353 contemptibilia
857 4287 1140 4343 dicentem.
1159 4289 1287 4344 Nam
1307 4301 1359 4344 et
1377 4290 1474 4344 hoc
1491 4301 1570 4346 est
1585 4293 1744 4346 animi
1762 4309 2004 4363 arrogan-

429 4375 500 4428 tia
530 4376 704 4440 vacui,
736 4387 789 4430 et
809 4377 935 4430 illud
965 4377 1248 4434 dilectione
1274 4388 1328 4432 et
1353 4380 1680 4437 humanitate
1730 4383 1888 4450 pleni.
1946 4381 2002 4438 ln

427 4467 876 4535 dispensationem
915 4469 1176 4539 siquidem
1231 4471 1513 4526 multorum
1549 4475 1733 4528 salutis
1777 4475 1873 4529 ista
1923 4475 2002 4531 fa-

429 4559 635 4622 ciebat,
687 4569 901 4629 propter
926 4561 1065 4630 quod
1106 4562 1217 4616 ait:
1247 4562 1364 4617 Sive
1405 4565 1534 4620 enim
1593 4577 1753 4621 mente
1809 4570 2004 4622 excedi-

431 4667 570 4714 mus,
619 4649 750 4716 Deo;
787 4652 889 4706 sive
920 4652 1073 4707 sobrii
1105 4670 1310 4719 sumus,
1339 4655 1474 4712 vobis
1508 4655 1584 4727 (2.
1623 4657 1738 4712 Cor.
1785 4659 1838 4714 5.
1891 4662 1999 4733 15).

430 4741 612 4813 Neque
651 4744 786 4800 alius
814 4747 1091 4816 quisquam
1125 4756 1319 4813 tantas,
1351 4763 1457 4804 non
1503 4749 1622 4804 dico
1666 4753 2001 4820 occasiones,

433 4835 526 4887 sed
566 4849 785 4903 prorsus
826 4838 1170 4892 necessitates
1215 4838 1399 4894 habuit
1437 4843 1752 4910 arrogantia:
1776 4882 1791 4907 ,
1833 4859 2006 4913 neque

431 4934 608 4979 tamen
640 4927 778 4980 ullus
801 4927 932 4982 alter
953 4929 1022 4982 ita
1047 4945 1104 4984 se
1133 4929 1327 4984 munde
1346 4930 1414 4986 ab
1441 4932 1583 4986 omni
1605 4932 1856 5002 jactantia
1877 4934 2005 4989 sub-

430 5017 602 5070 duxit.
628 5017 752 5072 llaec
773 5018 949 5088 itaque
965 5022 1435 5079 animoattentiore
1449 5024 1742 5080 considam.
1761 5027 2000 5094 Scientia,

432 5108 624 5178 inquit,
653 5108 801 5178 inﬂat
830 5110 906 5176 (1.
933 5109 1049 5164 Cor.
1081 5112 1132 5166 8.
1167 5115 1220 5182 1)
1246 5131 1259 5167 :
1291 5124 1343 5170 et
1384 5113 1486 5170 hoc
1514 5129 1701 5172 omnes
1725 5113 2003 5187 cumApo-

435 5199 573 5253 stolo
615 5196 769 5254 facile
816 5197 1129 5256 dixerimus.
1175 5207 1244 5259 At
1289 5215 1430 5261 tanta
1477 5218 1622 5262 certe
1664 5208 1716 5262 in
1765 5209 1856 5262 illo
1894 5219 2007 5264 erat

433 5289 680 5354 scientia,
707 5301 904 5361 quanta
934 5291 986 5346 in
1015 5293 1119 5348 ullo
1145 5311 1390 5368 umquam
1421 5296 1607 5366 fuerit,
1631 5314 1805 5370 neque
1833 5310 2005 5356 tamen

435 5398 493 5434 se
514 5383 701 5437 extulit
749 5383 1064 5451 insolenter,
1093 5387 1183 5455 qui
1213 5402 1272 5442 se
1298 5390 1350 5441 in
1393 5389 1493 5444 hoc
1520 5392 1636 5457 ipso
1667 5391 1909 5444 hmniliat
1946 5407 2008 5446 ac

433 5471 613 5540 dejicit
639 5473 824 5530 dicens
856 5491 870 5530 :
900 5473 981 5530 Ea:
1007 5487 1148 5545 parte
1160 5477 1520 5547 cognoscimus,
1545 5495 1606 5533 ea:
1627 5490 1767 5549 parte
1789 5483 2005 5551 praphe-

437 5574 600 5621 tamus
611 5565 659 5642 (1
670 5568 820 5625 Cor.l
833 5571 883 5626 5.
901 5569 978 5644 9).
999 5568 1085 5640 Et,
1107 5567 1162 5625 Ν
1165 5585 1228 5626 ou
1249 5585 1328 5627 me
1342 5568 1558 5626 arbitror
1572 5573 2005 5643 comprehendisse

1091 155 1148 209 S.
1189 155 1467 210 JOANNIS
1505 153 1978 210 CHRYSOSTOMI
2019 157 2339 216 ARCl-IIEP.
2380 151 2916 214 CONSTANTINOP.

3555 149 3661 209 500

2092 271 2344 341 (Philipp.
2377 272 2430 324 5.
2461 271 2569 342 15).
2601 269 2688 335 Ει,
2713 268 2773 323 Si
2799 269 2910 337 quis
2937 267 3190 321 existimat
3217 282 3270 320 se
3294 267 3422 320 scire
3443 267 3656 333 aliquid,

2083 363 2304 416 nondum
2354 364 2584 430 cognovit
2640 361 3061 430 quemadmodum
3121 375 3234 413 eum
3289 369 3484 427 oportet
3531 361 3660 412 scire

2087 457 2160 522 (l.
2193 453 2309 506 Cor.
2343 455 2394 508 8.
2440 451 2519 523 2).
2569 452 2835 521 Jejunium
2879 465 3063 506 rursus
3109 451 3278 516 inﬂat,
3327 449 3487 518 idque
3535 451 3662 504 fecit

2083 544 2381 598 Pharisaan
2408 546 2496 600 ille
2525 544 2884 608 manifestum,
2905 543 2996 611 qui
3019 544 3093 596 ait
3121 559 3134 594 :
3165 540 3356 612 Jejuno
3375 541 3449 594 bis
3467 542 3519 594 in
3541 541 3659 596 sub-

2077 636 2196 688 .bata
2228 634 2375 707 (Luc.
2411 635 2497 690 18.
2529 635 2637 704 12).
2675 635 2776 690 Sed
2807 635 3002 688 Paulus
3033 649 3138 688 non
3170 633 3330 688 modo
3369 633 3616 702 jejunans
3639 673 3658 699 ,

2083 741 2268 780 verum
2311 725 2470 779 etiam
2509 726 2700 779 famem
2750 735 2966 792 propter
3013 723 3284 778 Christum
3329 723 3560 793 patiens,
3601 737 3662 778 se

2083 815 2242 869 etiam
2264 815 2556 870 abortivum
2583 815 2806 868 vocabat
2833 817 2910 884 (l.
2943 813 3058 867 Cor.
3092 814 3178 867 15.
3211 813 3288 882 8).

2125 895 2278 960 ίΝοη
2304 923 2472 961 oniites
2492 906 2816 960 revelationes
2847 923 2968 959 suas
2995 905 3232 958 reserauit
3267 903 3482 958 Paulus.
3513 903 3662 957 Pau-

2085 1001 2162 1053 lus
2185 1001 2430 1069 quomodo
2457 1017 2509 1052 se
2545 999 2785 1052 laudarit.
2815 1029 2886 1039 -—
2911 999 2974 1052 Et
3003 997 3127 1066 quid
3171 996 3236 1051 de
3273 996 3492 1050 scicntia
3541 997 3665 1051 dico

2084 1101 2242 1160 atque
2281 1090 2511 1160 jejunio,
2555 1090 2764 1158 quando
2791 1091 2949 1144 etiam
2993 1099 3134 1142 tanta
3159 1102 3280 1142 cum
3315 1087 3422 1142 Deo
3459 1087 3668 1141 habens

2085 1194 2138 1238 et
2165 1195 2268 1236 tam
2289 1183 2474 1237 crebra
2496 1171 2779 1252 colloquia,
2799 1191 2994 1252 quanta
3026 1197 3124 1236 nec
3151 1181 3524 1250 prophetarum
3563 1195 3666 1234 nec

2087 1275 2444 1344 apostolorum
2490 1276 2625 1330 ullus
2657 1273 2867 1338 habuit,
2899 1289 2992 1342 per
3017 1291 3078 1327 ea
3115 1274 3227 1342 ipsa
3259 1272 3509 1327 humilior
3543 1272 3668 1326 red-

2086 1367 2352 1420 debatur?
2397 1366 2511 1420 Non
2563 1366 2703 1420 enim
2753 1364 2881 1418 mihi
2921 1365 3066 1418 dicas
3109 1364 3207 1418 ista
3253 1377 3371 1432 qua:
3419 1361 3664 1432 legimus.

2087 1457 2218 1510 Nam
2241 1459 2390 1525 plura
2415 1455 2607 1511 celavit
2629 1497 2644 1520 ,
2673 1470 2771 1509 nec
2795 1455 2936 1508 enim
2963 1455 3142 1508 omnia
3187 1453 3350 1518 dixit,
3383 1469 3451 1509 ne
3497 1453 3667 1523 gloria

2089 1548 2275 1616 majori
2295 1563 2354 1602 se
2375 1546 2764 1602 circumdaret:
2796 1560 2894 1600 nec
2921 1546 3137 1599 omnino
3157 1553 3345 1599 cuncta
3371 1544 3564 1608 tacuit,
3599 1557 3668 1598 ne

2091 1639 2650 1710 pseudoapostolorum
2705 1647 2888 1692 contra
2933 1652 2992 1691 se
3042 1651 3134 1690 ora
3192 1644 3476 1692 rescraret.
3525 1635 3670 1689 Nihil

2089 1733 2229 1786 enim
2258 1733 2428 1787 otiose
2455 1731 2545 1786 ille
2589 1729 2846 1794 faciebat,
2873 1728 2968 1783 sed
2987 1728 3164 1782 omnia
3191 1741 3310 1782 cum
3339 1741 3499 1782 causa
3524 1727 3667 1795 justa

2091 1823 2460 1892 probabilique
2483 1821 2706 1875 ratione.
2735 1819 2868 1874 Cum
2895 1829 3040 1873 tanta
3061 1819 3238 1887 itaque
3263 1817 3470 1872 ratione
3495 1825 3671 1872 tantas

2091 1929 2177 1968 res
2204 1915 2340 1968 inter
2363 1927 2422 1968 se
2447 1912 2683 1966 diversas
2705 1911 3104 1980 contrariosque
3131 1908 3444 1979 peragebat,
3473 1917 3532 1962 ut
3557 1908 3670 1961 eis-

2091 2005 2211 2060 dem
2242 2015 2417 2060 tamen
2463 2004 2706 2060 laudibus
2751 2003 2946 2072 ubique
2989 2009 3290 2056 ornaretur.
3344 1998 3496 2065 Quod
3539 1997 3671 2053 dum

2091 2096 2324 2164 apertius
2351 2094 2576 2151 dicimus
2595 2135 2610 2160 ,
2635 2095 2861 2148 intuere.
2893 2093 3137 2162 Magnum
3175 2090 3371 2146 bonum
3401 2097 3484 2142 est
3509 2086 3580 2142 de
3607 2101 3672 2142 se

2091 2185 2225 2238 nihil
2260 2200 2506 2254 magnum
2533 2183 2710 2254 loqui;
2740 2183 2825 2238 hic
2848 2192 3024 2236 autem
3059 2189 3165 2234 tam
3196 2186 3494 2249 opportune
3515 2185 3674 2246 apte-

2093 2294 2196 2347 que
2209 2277 2308 2332 hoc
2325 2277 2583 2344 faciebat,
2613 2285 2672 2331 ut
2691 2277 2860 2345 magis
2885 2283 3182 2329 mereretur
3201 2269 3466 2342 loquendo
3493 2271 3561 2323 de
3587 2282 3673 2334 se,

2093 2383 2251 2438 quam
2292 2367 2516 2423 tacendo
2538 2409 2553 2435 ,
2577 2367 2800 2422 laudari.
2831 2365 2930 2434 Qui
2957 2365 3058 2419 nisi
3085 2362 3300 2419 fecisset
3327 2359 3502 2424 istud,
3555 2358 3676 2412 cul-

2095 2461 2320 2532 pabilior
2365 2469 2510 2516 esset
2563 2459 2702 2524 illis,
2732 2459 2824 2528 qui
2859 2457 3065 2526 seipsos
3115 2455 3417 2524 importune
3455 2450 3676 2505 laudare

2095 2553 2392 2609 didicerunt
2425 2561 2514 2606 :et
2544 2552 2643 2606 nisi
2673 2552 2833 2606 etiam
2871 2549 3126 2620 gloriatus
3169 2546 3389 2610 fuisset,
3437 2541 3676 2598 creditos

2096 2643 2198 2698 sibi
2225 2641 2540 2712 perdidisset
2577 2655 2872 2710 omnesque
2917 2653 3005 2694 res
3034 2636 3405 2699 inimicorum,
3449 2632 3572 2686 dum
3613 2645 3676 2686 se

2098 2736 2368 2800 humiliat,
2395 2734 2694 2791 extulisset.
2725 2733 2814 2788 Sic
2841 2742 3064 2786 noverat
3089 2730 3162 2782 uti
3185 2728 3380 2797 ubique
3411 2736 3672 2794 tempore,

2097 2837 2152 2884 et
2179 2843 2298 2884 cum
2323 2835 2472 2884 recto
2496 2826 2718 2882 consilio
2741 2833 2900 2894 atque
2926 2823 3187 2880 sententia
3207 2834 3268 2875 ea
3289 2833 3407 2890 qua:
3427 2817 3676 2872 videntur

2097 2917 2428 2988 reprobanda
2475 2915 2732 2986 perficere
2755 2957 2770 2980 ,
2803 2924 2908 2968 tam
2936 2913 3136 2968 utiliter
3175 2921 3230 2966 et
3251 2906 3566 2972 commode,
3615 2911 3678 2958 ut

2098 3027 2204 3066 non
2255 3010 2432 3066 minus
2479 3009 2548 3064 de
2597 3009 2701 3062 illis
2732 3007 2998 3076 placeret,
3053 3018 3208 3074 quam
3255 3015 3376 3056 cum
3415 2999 3674 3068 imperata

2099 3102 2409 3173 compleret.
2439 3100 2681 3168 Amplius
2723 3097 2864 3154 enim
2893 3109 3036 3150 nunc
3073 3093 3268 3148 Paulus
3313 3088 3509 3160 placuit
3555 3089 3677 3157 glo-

2101 3193 2320 3258 riando,
2346 3207 2504 3264 quam
2534 3193 2667 3246 alter
2692 3189 2877 3244 laudes
2914 3186 3153 3256 proprias
3192 3181 3506 3238 occultando
3533 3199 3547 3236 :
3577 3193 3678 3236 nec

2101 3295 2302 3342 tantum
2346 3284 2624 3355 quisquam
2671 3281 2868 3353 profuit
2913 3295 3034 3335 cum
3084 3293 3178 3333 sua
3205 3277 3392 3332 merita
3439 3275 3677 3340 celaret,

2101 3387 2357 3449 quantum
2384 3378 2484 3430 iste
2505 3390 2624 3429 cum
2643 3373 2909 3444 proderet.
2935 3371 3039 3426 Sed
3068 3371 3168 3424 hoc
3191 3381 3404 3437 quoque
3429 3375 3513 3421 est
3537 3365 3681 3419 mul-

2103 3479 2156 3526 to
2185 3469 2548 3524 admirabilius
2579 3486 2592 3523 :
2625 3466 2746 3538 quia
2773 3466 2840 3520 de
2867 3481 2924 3520 se
2951 3479 3056 3518 non
3083 3461 3243 3518 modo
3265 3461 3514 3530 loquutus
3531 3499 3546 3526 ,
3579 3473 3680 3513 ve-

2101 3578 2217 3616 rum
2245 3562 2402 3614 etiam
2429 3569 2686 3628 quantum
2711 3555 2942 3628 oportuit
2971 3562 3053 3610 est
3095 3553 3361 3622 loquutus.
3391 3549 3506 3604 Non
3533 3547 3681 3602 enim

2103 3653 2250 3724 quasi
2293 3652 2575 3706 maximam
2599 3649 2866 3704 licentiam
2895 3646 2964 3702 de
3013 3643 3406 3715 opportunitate
3454 3649 3677 3706 nactus,

2105 3743 2501 3799 immoderatius
2525 3742 2768 3798 laudibus
2790 3739 2902 3796 suis
2931 3752 3055 3793 usus
3075 3747 3188 3801 est;
3221 3735 3316 3790 sed
3337 3731 3684 3790 consideran-

2103 3837 2308 3892 tissime
2334 3849 2608 3906 quousque
2626 3849 2748 3889 eum
2767 3831 3010 3902 progredi
3041 3830 3224 3884 liceret
3247 3825 3476 3896 agnovit.
3497 3823 3684 3892 Neque

2105 3935 2284 3982 tamen
2315 3925 2454 3981 istud
2481 3923 2728 3981 sufficere
2767 3923 2868 3977 sibi
2909 3919 3170 3982 credidit,
3200 3917 3294 3972 sed
3323 3930 3392 3971 ne
3420 3913 3552 3968 alios
3581 3912 3686 3967 hoc

2108 4035 2354 4076 sermone
2371 4028 2574 4075 vetaret
2595 4017 2656 4090 [Γ.
2680 4015 2935 4088 vitiaret],
2959 4013 3118 4083 idque
3139 4011 3380 4067 efficeret
3402 4019 3458 4063 ut
3475 4015 3680 4063 semet-

2108 4113 2253 4182 ipsos
2298 4111 2524 4166 inaniter
2555 4107 2937 4179 prazdicarent,
2989 4104 3216 4159 libenter
3255 4115 3314 4155 se
3336 4099 3497 4154 etiam
3546 4097 3684 4151 insi-

2108 4203 2340 4274 pientem
2373 4201 2580 4256 vocavit
2609 4218 2621 4254 :
2649 4213 2964 4269 quamquam
2993 4203 3138 4250 certa
3160 4193 3411 4247 invitante
3430 4203 3588 4243 causa
3615 4187 3686 4242 de

2109 4293 2318 4362 propria
2339 4290 2538 4361 aliquid
2565 4289 2723 4344 laude
2741 4285 3133 4358 perstrinxerit.
3159 4283 3294 4350 Quia
3321 4281 3462 4336 enim
3489 4293 3684 4333 conse-

2109 4395 2278 4453 quens
2301 4391 2414 4438 erat
2430 4422 2443 4445 ,
2469 4391 2528 4435 ut
2553 4379 2780 4448 idipsum
2809 4375 3154 4445 respicientes
3178 4373 3266 4426 alii
3291 4380 3492 4425 temere
3521 4379 3686 4436 atque

2109 4474 2334 4528 inaniter
2369 4475 2486 4540 ejus
2533 4477 2808 4524 uterentur
2858 4465 3140 4535 exemplo:
3181 4462 3322 4532 quod
3373 4460 3690 4530 plerumque

2109 4563 2365 4632 contingit
2391 4571 2442 4618 et
2463 4559 2684 4616 medicis
2709 4577 2723 4614 :
2755 4573 2897 4628 saepe
2915 4557 3057 4612 enim
3081 4553 3521 4616 medicamentum
3541 4547 3686 4618 quod

2110 4664 2404 4725 opportune
2431 4653 2564 4708 alter
2587 4649 2864 4720 apposuit,
2895 4649 3194 4717 importune
3212 4645 3346 4699 alter
3369 4641 3686 4700 admovens,

2110 4747 2217 4800 vim
2247 4743 2608 4800 medicaminis
2635 4742 3060 4809 ohscuratatque
3081 4735 3374 4803 corrumpit
3403 4749 3416 4784 :
3441 4745 3508 4785 ne
3525 4729 3690 4798 igitur

2113 4840 2198 4895 hic
2217 4853 2428 4909 quoque
2453 4835 2594 4892 istud
2619 4833 2885 4890 accideret
2902 4873 2918 4898 ,
2947 4831 3068 4886 vide
3085 4837 3281 4900 quanta
3312 4822 3688 4896 procuratione

2111 4947 2240 4986 usus
2259 4933 2328 4984 sit
2357 4949 2370 4984 :
2395 4929 2484 4998 qui
2509 4943 2628 4983 cum
2673 4925 2994 4997 gloriaturus
3018 4928 3162 4978 esset
3179 4961 3194 4982 ,
3221 4933 3328 4974 non
3349 4915 3548 4976 semel,
3577 4925 3690 4966 non

2111 5019 2376 5084 secundo,
2404 5019 2500 5074 sed
2529 5017 2721 5087 saepius
2757 5013 3050 5071 differendo
3077 5021 3236 5083 atque
3275 5004 3571 5064 cunctando
3601 5003 3690 5057 di-

2111 5115 2264 5170 cebat
2299 5131 2312 5167 :
2347 5111 2554 5168 Utinam
2592 5109 2894 5164 sustineretis
2944 5105 3197 5161 modicum
3224 5101 3345 5172 quid
3386 5095 3697 5164 insipientia:

2113 5222 2237 5260 mea:
2263 5205 2336 5273 (ἓ.
2371 5201 2490 5258 Cor.
2515 5203 2601 5256 11.
2635 5202 2684 5255 1.
2717 5201 2776 5272 9.)
2803 5217 2816 5255 :
2845 5209 2897 5254 ct
2921 5211 3137 5262 rursus,
3168 5192 3315 5262 Quod
3353 5193 3556 5258 loquor,
3585 5202 3692 5238 rion

2114 5298 2288 5366 loquor
2307 5297 2580 5350 secundum
2606 5293 2765 5347 Deam
2787 5333 2801 5357 ,
2829 5291 2916 5345 sed
2941 5291 2994 5352 in
3017 5287 3304 5358 insipientia
3329 5286 3346 5316 ³
3377 5281 3481 5352 (lb.
3527 5293 3577 5332 υ.
3621 5276 3691 5331 17

2113 5399 2158 5441 et
2179 5387 2288 5458 il).
2323 5388 2560 5457 Cumque
2588 5394 2731 5440 tanta
2770 5381 3016 5447 dixisset,
3043 5395 3151 5436 non
3179 5387 3355 5432 tamen
3385 5389 3446 5430 ea
3467 5387 3526 5426 se
3547 5385 3690 5440 prae-

2143 5523 2193 5632 ιι
2230 5529 2305 5571 cr.
2333 5521 2462 5582 add.,
2489 5519 2538 5571 in
2561 5531 2654 5584 quo
2677 5517 2782 5581 quis
2804 5515 2948 5568 audet
2966 5550 2980 5576 ,
3005 5526 3054 5568 vt
3075 5511 3350 5577 iusspientia
3373 5507 3482 5560 dico
3499 5541 3513 5566 ,
3538 5503 3696 5553 auch

2114 5595 2141 5632 e
2181 5596 2282 5632 cae.

2181 5596 2282 5647 ego.
