4044 6206
294 315 393 372 499

283 429 422 482 ἀλλά
477 429 546 481 δι’
577 430 716 486 αὐτά
773 435 872 504 μὲν
911 432 1015 491 ὀὗν
1047 442 1219 497 ταῦτα
1264 446 1499 516 μάλιστα
1528 453 1866 528 ἀνακήρυξον

283 523 378 574 καὶ
405 523 773 591 στεφάνωσον.
827 528 980 583 Ἐπεὶ
1008 533 1104 586 καὶ
1127 535 1217 589 τὸν
1239 539 1442 610 ίατρὸν,
1470 544 1597 598 ὅταν
1633 549 1679 601 ίδ

277 703 584 776 χρώμενον,
616 706 713 760 νῦν
737 709 792 762 δὲ
827 715 1127 787 φαρμάκῳ,
1161 721 1256 774 καὶ
1281 725 1411 778 ποτὲ
1444 703 1544 797 μὲν
1581 703 1864 800 ἀπάγοντα

279 803 472 857 σιτίων
499 805 590 858 καὶ
621 808 825 872 ποτῶν,
863 815 990 867 ποτέ
1039 815 1098 869 δέ
1137 820 1502 894 ἐπιτρέποντα
1532 829 1736 887 τούτων
1762 834 1862 904 ἄρ-

276 892 380 963 δην
422 895 778 968 ἐμφορεῖσθαι
818 902 912 956 τὸν
972 892 1280 978 κάμνοντα,
1333 917 1427 969 καὶ
1462 920 1590 973 ποτὲ
1619 923 1719 992 μὲν
1762 892 1860 977 πέ-

277 983 601 1051 ριϐάλλοντα
659 989 926 1047 πάντοθεν
948 1037 964 1062 ,
1025 1001 1156 1053 ποτέ
1201 1002 1259 1056 δὲ
1309 1007 1471 1062 αὐτὸν
1526 983 1731 1067 ἐκεῖνον
1769 1015 1861 1070 τὸν

273 1074 743 1146 διαθερμανθέντα
810 1086 1102 1144 κελεύοντα
1167 1095 1366 1168 φιάλην
1424 1100 1714 1175 ὁλόκληρον
1769 1109 1859 1163 ἐκ-

272 1168 419 1217 πιεῖν
459 1169 666 1225 ὑδάτων
697 1173 958 1247 ψυχρῶν,
997 1183 1059 1235 οὐ
1093 1190 1420 1265 καταγνώσῃ
1470 1196 1569 1266 τῆς
1629 1202 1857 1286 μεταδφ-

272 1253 371 1286 1:...
424 1257 546 1286 -.λεὶ
574 1262 674 1286 -3-
708 1282 736 1286 _
770 1283 836 1286 -.ρ
874 1269 925 1286 ,~
1211 1279 1222 1286 .
1453 1285 1484 1286 η

269 1253 392 1323 λῆς,
423 1257 547 1311 οὐδὲ
574 1262 674 1328 τῆς
703 1269 959 1337 συνεχοῦς
985 1253 1374 1345 μεταστάσεως
1391 1253 1420 1314 ί.
1437 1253 1574 1340 ἀλλά
1602 1253 1722 1344 τότε
1753 1261 1856 1362 μά-

271 1345 758 1451 λιστα.ἐπαινέσεις
783 1360 882 1430 τὴν
915 1364 1131 1436 τέχνην,
1157 1369 1226 1422 τά
1259 1372 1519 1431 δοκοῦντα
1545 1381 1676 1451 ἡμῖν
1698 1345 1852 1438 ἐναν-

267 1440 359 1492 τία
389 1436 528 1494 εἶναι
552 1446 648 1497 καὶ
676 1446 913 1521 βλαϐερὰ
938 1457 1076 1524 μετά
1095 1460 1190 1513 τοῦ
1218 1461 1442 1536 θαρρεῖν
1465 1436 1850 1542 προσάγουσαν

263 1545 407 1616 ὀρῶν
428 1586 442 1608 ,
483 1550 577 1601 καὶ
604 1551 664 1604 τὸ
703 1556 942 1625 ἀσφαλὲς
968 1561 1346 1638 ἐγγυωμένην.
1381 1573 1550 1628 Τοῦτο
1576 1579 1681 1648 γὰρ
1711 1583 1852 1654 ἀνὴρ

266 1651 535 1718 τεχνικός.
564 1653 626 1706 Εἰ
651 1653 706 1708 δὲ
741 1659 922 1729 ἰατρὸν
947 1663 1322 1736 ἀποδεχόμεθα
1344 1673 1412 1728 τά
1433 1677 1649 1734 ἐναντία
1675 1651 1846 1740 ταῦτα

268 1755 529 1808 ποιοῦντα
550 1796 566 1821 ,
605 1761 786 1832 πολλῷ
820 1767 1018 1834 μᾶλλον
1062 1771 1159 1843 τὴν
1212 1776 1424 1832 Παύλου
1458 1783 1667 1856 ψυχὴν,
1706 1790 1846 1844 οὕτω

267 1863 378 1924 τοῖς
402 1862 670 1933 κάμνουσι
699 1876 1175 1949 προσφερομένην,
1204 1881 1599 1956 ἀνακηρύττειν
1621 1893 1718 1947 δεῖ.
1739 1897 1848 1951 Καὶ

266 1965 374 2037 7&9
415 1968 526 2022 τῶν
569 1970 636 2024 τὰ
672 1972 901 2044 σώματα
935 1979 1360 2052 ἀρρωστούντων
1401 1993 1503 2046 οὐκ
1541 1995 1760 2053 ἔλαττον
1798 2003 1846 2054 οί

262 2069 362 2134 τὰς
391 2070 574 2143 ψυχας
605 2077 890 2144 νοσοῦντες
920 2083 1131 2140 δέονται
1169 2097 1420 2166 μηχανῆς
1459 2099 1552 2151 καὶ
1594 2119 1844 2174 μεταχει-

261 2172 464 2242 ρίσεως
483 2191 499 2207 ·
529 2176 632 2230 κᾶν
663 2179 724 2243 ἐξ
754 2181 970 2248 εὐθείας
1001 2190 1185 2255 αὐτοῖς
1207 2196 1457 2267 προσίῃς.
1489 2202 1663 2256 πάντα
1696 2172 1846 2279 οίχή-

261 2287 412 2324 σεται
452 2274 521 2327 τά
554 2277 655 2346 τῆς
705 2284 982 2353 σωτηρίας
1021 2290 1222 2344 αὐτῶν.
1263 2297 1372 2349 Καὶ
1414 2299 1466 2351 τί
1510 2274 1840 2374 θαυμαστόν,

259 2373 307 2422 εί
351 2371 634 2445 ἄνθρωποι
673 2380 844 2434 ταῦτα
890 2387 1157 2452 ποιοῦσιν,
1189 2392 1316 2447 ὅταν
1347 2385 1376 2449 ό
1407 2398 1538 2464 Θεὸς
1558 2442 1571 2464 ,
1609 2405 1637 2456 ὁ
1669 2405 1842 2461 πάντα

257 2468 588 2541 δυνάμενος,
620 2477 796 2550 τούτῳ
828 2484 1092 2557 κέχρηται
1125 2491 1223 2561 τῆς
1269 2495 1510 2565 ίατρείας
1547 2501 1622 2570 τῷ
1657 2505 1804 2577 νόμῳ
1826 2547 1841 2571 ,

256 2571 351 2624 καὶ
371 2574 433 2625 οὐ
458 2576 690 2631 πάντοτε
711 2581 777 2648 ἐξ
797 2584 1014 2650 εὐθείας
1041 2591 1174 2659 ἡμῖν
1203 2593 1352 2666 [505]
1382 2599 1542 2671 ὀμιλῇ
1567 2620 1580 2667 ;
1627 2571 1841 2679 Ἐπειδὴ

254 2671 364 2742 7&9
393 2674 623 2741 ἑκόντας
651 2675 790 2734 εἶναι
826 2682 1078 2752 βούλεται
1107 2690 1327 2755 καλοὺς,
1357 2696 1474 2773 ἀλλ’
1504 2701 1604 2772 οὐκ
1627 2671 1842 2778 ἀνάγκη

253 2770 349 2823 καὶ
387 2772 504 2843 βία,
541 2775 760 2845 ἐδέησεν
792 2782 946 2851 αὐτῷ
975 2787 1069 2838 καὶ
1101 2788 1348 2857 μεθόδου,
1380 2770 1440 2846 οὐ
1467 2795 1555 2849 διὰ
1575 2770 1651 2851 ’τὸ
1676 2770 1839 2855 αὐτοῦ

253 2871 540 2940 ἀδύνατον,
574 2877 754 2944 ἄπαγε
773 2919 787 2940 ,
819 2881 959 2935 ἀλλά
985 2884 1074 2938 διά
1114 2888 1175 2940 τὸ
1203 2891 1430 2957 ἀσθενὲς
1458 2895 1520 2948 τὸ
1547 2899 1835 2971 ἡμέτερον.

251 2972 410 3041 Αὐτῷ
443 2976 544 3043 μὲν
573 2975 683 3046 7&9
712 2978 890 3042 ἔξεστι
915 2984 1104 3038 νεῦσαι
1135 2989 1313 3057 μόνον,
1341 2992 1542 3061 μᾶλλον
1565 2997 1623 3049 δὲ
1649 2999 1836 3071 ἐθελῆ-

251 3087 342 3124 σαι
386 3072 584 3142 μόνον,
631 3079 726 3130 καὶ
769 3081 992 3149 ποιῆσαι
1037 3085 1210 3138 πάντα
1251 3089 1394 3159 ἅπερ
1436 3089 1502 3143 ἂν
1547 3093 1831 3165 βούληται·

249 3171 414 3238 ἡμεῖς
447 3172 502 3225 δὲ
540 3174 689 3240 ἅπαξ
716 3178 925 3232 ἑαυτῶν
965 3185 1248 3252 γενόμενοι
1279 3187 1493 3259 κύριοι,
1524 3193 1623 3245 οὐκ
1651 3196 1836 3267 ἀνεχό-

249 3265 390 3334 μεθα
428 3269 608 3323 πάντα
642 3273 943 3329 ὑπακούειν
972 3279 1141 3351 αὐτῷ.
1185 3283 1311 3336 Ἐάν
1353 3281 1446 3339 οὖν
1485 3289 1716 3357 ἄκοντας
1750 3296 1834 3347 ἐλ-

248 3365 392 3438 κύσῃ
419 3409 434 3431 ,
465 3369 605 3440 ὅπερ
637 3371 860 3438 ἔδωκεν,
893 3377 1262 3449 ἀφαιρήσεται
1287 3423 1302 3447 ,
1333 3383 1430 3455 τὴν
1464 3385 1563 3458 τῆς
1587 3389 1834 3457 ἐξουσίας

245 3465 391 3534 Εγω
423 3468 758 3543 ἐλευθερίαν.
790 3476 890 3528 Ἶν*
921 3473 1014 3531 οὖν
1054 3481 1129 3551 μὴ
1155 3481 1312 3536 τοῦτο
1335 3486 1582 3558 γένηται,
1615 3491 1834 3563 ἐδέησεν

247 3565 398 3635 αὐτῷ
425 3568 664 3636 μεθόδων
691 3573 918 3629 πολλῶν.
951 3577 1137 3631 Ταῦτα
1167 3579 1224 3632 δὲ
1259 3584 1389 3653 ἡμῖν
1417 3585 1514 3657 οὐχ
1534 3588 1721 3654 ἁπλῶς
1752 3593 1830 3644 εί-

253 3686 454 3740 ρηται,
487 3673 624 3728 ἀλλά
660 3676 751 3729 διὰ
780 3679 841 3731 τὸ
887 3681 1132 3736 ποικίλον
1165 3685 1260 3738 τοῦ
1297 3690 1570 3760 μακαρίου
1614 3693 1828 3748 Παύλου

247 3777 344 3830 καὶ
385 3779 586 3848 σοφόν·
630 3781 771 3837 ὥστε
809 3787 938 3840 ὅταν
978 3789 1093 3860 ἴδῃς
1140 3792 1302 3846 αὐτὸν
1332 3796 1614 3865 ’φεύγοντα
1648 3802 1830 3854 κινδύ-

246 3897 390 3944 νους,
422 3882 706 3954 θαύμασον
738 3891 958 3960 ὁμοίως,
1003 3895 1192 3967 ὥσπερ
1221 3898 1349 3951 ὅταν
1378 3899 1494 3973 ἴδῃς
1521 3903 1686 3972 ὁμόσε
1717 3923 1824 3974 χω-

247 3987 447 4057 ροῦντα
475 3990 692 4056 αὐτοῖς·
731 3995 984 4066 καθάπερ
1014 3999 1122 4071 γὰρ
1152 4001 1312 4056 τοῦτο
1350 4005 1631 4075 ἀνδρείας,
1684 4009 1825 4064 οῦτω

246 4095 467 4147 κάκεῖνο
516 4099 729 4166 σοφίας.
779 4101 948 4156 Ὅταν
1005 4104 1120 4175 ἴδῃς
1169 4107 1380 4176 μεγάλα
1430 4110 1820 4182 φθεγγόμενον,

247 4196 528 4266 θαύμασον
545 4203 921 4271 όμοίως,ῶσπε
928 4224 960 4278 ρ
989 4208 1114 4261 ὅταν
1129 4210 1244 4282 ἴδῃς
1258 4213 1637 4282 μετριάζοντα·
1658 4219 1825 4272 καθά-

246 4317 348 4371 περ
375 4302 486 4373 γὰρ
513 4305 668 4360 τοῦτο
695 4313 1216 4384 ταπεινοφροσύνης,
1249 4315 1422 4382 οὕτως
1452 4320 1627 4374 ἐκεῖνο
1653 4340 1824 4392 μεγα-

241 4404 524 4475 λοψυχίις.
548 4409 718 4464 Ὅταν
745 4412 861 4485 ίδῃς
892 4417 1266 4487 καυχώμενον,
1287 4420 1566 4492 Θαύμασον
1599 4429 1818 4497 ὁμοίως,
1865 4470 1867 4472 -

241 4506 435 4578 ὥσπερ
476 4511 606 4565 ὅταν
647 4513 762 4583 ίδῃς
795 4517 1216 4590 διακρουόμενον
1245 4525 1519 4596 ἐγκώμιον
1542 4545 1554 4558 ’
1585 4531 1680 4583 καὶ
1712 4532 1820 4605 γὰρ

243 4610 336 4662 καὶ
368 4611 530 4666 τοῦτο
563 4614 727 4684 ἧθους
769 4619 1014 4689 ἀτύφου,
1069 4625 1289 4680 κάκεῖνο
1334 4628 1688 4701 φιλοστόργου
1723 4639 1817 4692 καὶ

240 4713 628 4785 φιλανθρώπου
648 4735 662 4750 ·
693 4723 794 4791 τὴν
817 4723 926 4794 7&9
945 4726 1054 4780 τῶν
1084 4729 1297 4782 πολλῶν
1322 4733 1620 4804 οἰκονομῶν
1644 4755 1817 4810 σωτη-

241 4821 384 4888 ρίαν,
418 4823 590 4878 ταῦτα
617 4825 876 4897 ἔπραττε.
912 4830 1004 4883 Διὸ
1035 4832 1130 4885 καὶ
1156 4832 1346 4902 ἔλεγεν
1364 4852 1380 4869 ·
1410 4839 1544 4892 Εἴτε
1570 4841 1816 4912 ἐξέστη-

234 4940 366 4991 μεν,
400 4925 549 4991 Θεῷ·
580 4929 701 4982 εἴτε
726 4934 1176 5003 σωφρονοῦμεν,
1210 4937 1372 5007 ὑμῖν.
1412 4939 1548 4994 Οὔτε
1589 4945 1695 5015 γάρ
1732 4965 1816 5010 τις

234 5026 394 5091 ἄλλος
428 5026 541 5102 εἶχε
582 5033 850 5098 τοσαύτας
901 5037 1147 5105 ἀνάγκας
1187 5041 1324 5110 πρὸς
1350 5044 1644 5111 ἀπόνοιαν,
1689 5049 1813 5104 οὐτε

231 5132 392 5197 ἄλλος
433 5152 518 5199 τις
549 5137 692 5190 οῦτω
724 5140 964 5211 καθαρὸς
997 5143 1316 5209 ἀλαζονείας
1345 5143 1428 5217 ἦν.
1482 5151 1678 5206 Σκόπει
1719 5155 1809 5208 δέ·

245 5237 310 5290 Ἠ
339 5238 566 5307 γνῶσις
601 5242 819 5310 φυσιοῖ
830 5259 844 5273 ·
886 5246 979 5298 καὶ
1014 5247 1215 5312 πάντες
1254 5251 1411 5304 τοῦτο
1449 5253 1516 5306 ἂν
1565 5256 1814 5329 εἴποιμεν

229 5343 354 5410 μετ’
390 5343 631 5397 ἐκείνου·
670 5349 764 5400 καὶ
812 5350 1046 5422 τοσαύτη
1089 5353 1146 5406 δὲ
1198 5350 1266 5426 ἧν
1307 5358 1365 5410 ἐν
1400 5360 1546 5430 αὐτῷ
1582 5364 1811 5432 γνῶσις,

226 5441 331 5510 ὅση
361 5444 422 5495 ἐν
448 5443 622 5497 οὐδενὶ
649 5447 758 5504 τῶν
803 5447 1021 5503 πώποτε
1054 5452 1358 5523 ἀνθρώπων
1397 5461 1810 5531 γεγενημένων·

1153 326 1240 383 DE
1281 333 1628 396 LAUDIBUS
1660 345 1717 402 S.
1763 347 1963 404 PAULI
2000 354 2363 417 APOSTOLL
2406 363 2638 424 HOMIL.
2680 372 2745 427 V.

3438 374 3543 430 500

1973 464 2054 518 λιν
2074 485 2087 498 ·
2129 469 2290 538 Ἐγὼ,
2313 471 2588 543 ἀδελφοί,
2619 478 2782 531 οὔπω
2812 479 3111 550 λογίζομαι
3135 481 3392 551 ἐμαυτὸν
3413 503 3544 541 και-ω

1687 565 1746 652 ﬂ»:
1760 550 1867 652 ,νῦν
1969 568 2277 641 ειληφέναι
2297 594 2310 607 ·
2339 579 2451 643 καὶ,
2483 581 2558 634 El
2583 598 2674 648 τις
2705 582 2876 638 δοκεῖ
2901 585 3120 642 εἰδέναι
3142 605 3220 652 τι,
3251 590 3414 644 οὔπω
3439 595 3542 647 οὐ·

283 613 386 682 μὲν
421 613 671 679 καίοντα,
716 618 812 670 νῦν
838 618 894 672 δὲ
921 624 1214 692 τρέφοντα,
1270 633 1364 684 καὶ
1391 633 1487 688 νῦν
1529 637 1628 706 μὲν
1662 613 1866 713 σίδήρῳ

2011 672 2077 727 ἐν
2103 675 2348 745 ἔγνωκε.
2390 681 2560 737 Πάλιν
2587 687 2810 755 νηστεία
2837 690 2982 759 φυσᾷ
3002 707 3015 720 ·
3042 693 3136 745 καὶ
3165 693 3325 747 τοῦτο
3359 697 3388 749 ό
3426 697 3538 750 Φα-

1975 784 2180 849 ρισαῖος
2209 783 2359 855 δηλοῖ
2383 786 2554 856 λέγων
2571 804 2586 818 ·
2614 792 2900 858 Νηστεύω
2921 793 3018 862 δίς
3046 796 3157 864 τῆς
3187 797 3533 869 ἑϐδομάδος.

1979 881 2116 936 Ἀλλ’
2145 879 2300 951 οὗτος
2323 889 2445 959 οὐχὶ
2474 893 2772 962 νηστεύων,
2804 896 2939 951 ἀλλά
2966 901 3060 953 καὶ
3088 900 3370 971 λιμώττων
3408 906 3536 959 ἐαυ-

1962 1007 2054 1061 τὸν
2086 1009 2345 1083 ἐκτρωμα
2375 1016 2579 1072 ἐκάλει.

2030 1134 2095 1186 Τί
2139 1135 2281 1204 λέγω
2305 1141 2558 1208 νηστείαν
2587 1144 2684 1198 καὶ
2715 1147 2935 1213 γνῶσιν,
2965 1150 3098 1203 ὅπου
3125 1168 3189 1220 γε
3216 1151 3416 1222 ὁμιλίαι
3446 1173 3534 1208 το-

1963 1236 2156 1291 σαῦται
2187 1241 2281 1293 καὶ
2312 1241 2454 1296 οὕτω
2483 1248 2725 1317 συνεχῶς
2759 1251 2896 1322 πρὸς
2927 1253 3019 1305 τὸν
3060 1255 3193 1307 Θεὸν
3216 1251 3356 1326 ἦσαν
3385 1259 3533 1330 αὐτῷ

1959 1344 2340 1414 γεγενημέναι,
2368 1348 2490 1401 ὅσαι
2521 1352 2659 1422 μήτε
2694 1356 3010 1426 προφητῶν,
3051 1359 3189 1430 μήτε
3221 1361 3534 1418 ἀποστόλων

1958 1446 2205 1512 ἐγένοντο
2230 1451 2450 1522 μηδενὶ,
2480 1457 2573 1508 καὶ
2602 1459 2803 1527 μᾶλλον
2833 1464 3182 1518 ἐταπεινοῦτο
3218 1465 3304 1520 διὰ
3327 1468 3528 1535 ταῦτα;

1956 1551 2046 1620 Μὴ
2070 1553 2177 1624 γάρ
2205 1572 2295 1625 μοι
2321 1558 2521 1624 ταύτας
2553 1563 2714 1635 εἴπῃς
2745 1567 2841 1629 τὰς
2866 1568 3367 1640 ἀναγεγραμμένας
3387 1589 3400 1601 ·
3431 1573 3531 1638 τάς

1955 1656 2062 1726 7&9
2093 1658 2312 1724 πλείους
2357 1665 2677 1736 ἀπέκρυψε,
2715 1670 2810 1721 καὶ
2850 1670 2972 1724 οὐτε
3017 1675 3197 1740 πάσας
3235 1670 3411 1745 εἶπεν,
3442 1679 3530 1732 ἵνα

1957 1757 2030 1827 μὴ
2055 1754 2210 1822 δόξαν
2241 1761 2420 1834 ἐαυτῷ
2454 1766 2648 1837 περιθῇ
2687 1770 2954 1842 μεγάλην,
2983 1772 3110 1826 οὐτε
3140 1775 3322 1840 πάσας
3340 1778 3529 1850 ἐσίγη-

1955 1879 2065 1928 σεν,
2094 1863 2182 1916 ἵνα
2213 1866 2288 1936 μὴ
2326 1869 2392 1920 τά
2428 1871 2537 1924 τῶν
2567 1872 3017 1941 ψευδαποστόλων
3042 1878 3225 1954 ἀνοίξῃ
3259 1885 3524 1955 στόματα.

1952 1964 2118 2018 Οὐδὲν
2143 1967 2251 2038 7&9
2286 1971 2472 2034 ἁπλῶς
2500 1975 2709 2040 ἐκεῖνος
2744 1979 2915 2032 ἐποίει
2937 2021 2952 2045 ,
2984 1983 3123 2037 ἀλλά
3166 1987 3305 2056 μετά
3345 1990 3527 2054 αίτίας

1950 2069 2166 2137 δικαίας
2200 2077 2380 2130 πάντα
2420 2079 2516 2132 καὶ
2552 2082 2777 2152 εὐλόγου
2797 2102 2813 2118 ·
2841 2087 2936 2141 καὶ
2968 2090 3109 2160 μετά
3139 2094 3409 2165 τοσαύτης
3437 2113 3526 2149 σο-

1950 2175 2078 2244 φίας
2108 2181 2298 2251 μετῄει
2337 2183 2406 2237 τά
2441 2187 2660 2242 ἐναντία
2691 2190 3028 2262 πράγματα,
3081 2196 3157 2260 ώς
3193 2198 3303 2251 τῶν
3347 2200 3526 2256 αὐτῶν

1949 2283 2223 2352 πανταχοῦ
2265 2287 2557 2356 τυγχάνειν
2600 2291 2858 2346 ἐπαίνων.
2902 2295 2970 2351 Ὀ
3001 2297 3057 2349 δὲ
3101 2297 3244 2367 λέγω
3285 2302 3525 2357 τοιοῦτόν

1949 2382 2080 2438 ἐστι.
2127 2387 2290 2455 Μέγα
2321 2390 2524 2458 ἀγαθὸν
2560 2393 2622 2446 τὸ
2666 2397 2832 2465 μηδὲν
2871 2399 3012 2468 μέγα
3042 2402 3172 2472 περὶ
3210 2404 3402 2458 ἐαυτοῦ
3445 2407 3531 2462 λέ-

1946 2505 2092 2555 γειν·
2135 2491 2163 2542 ὁ
2202 2491 2258 2544 δὲ
2295 2492 2467 2558 οὓτως
2506 2498 2638 2551 αὐτὸ
2674 2500 2946 2572 εὐκαίρως
2992 2505 3198 2572 ἐποίει,
3247 2508 3322 2571 ὡς
3355 2509 3524 2563 εἰπὼν

1949 2594 2173 2662 μᾶλλον,
2212 2597 2245 2666 ἢ
2291 2601 2554 2670 σιγήσας,
2589 2605 2974 2676 ἐπαινεθῆναι·
3017 2610 3111 2663 καὶ
3153 2611 3200 2663 εί
3247 2611 3322 2682 μὴ
3365 2613 3524 2667 τοῦτο

1945 2699 2234 2770 πεποίηκε,
2251 2701 2397 2775 [50$]
2417 2705 2524 2760 τῶν
2546 2709 2788 2778 ἀκαίρως
2807 2713 3260 2782 ἐγκωμιαζόντων
3283 2733 3491 2786 κατηγο
3507 2750 3519 2758 -

1944 2800 2084 2872 ρήθη
2119 2801 2186 2856 ἂν
2225 2805 2451 2874 μᾶλλον·
2484 2810 2531 2860 εί
2569 2810 2678 2880 γὰρ
2714 2813 2788 2882 μὴ
2828 2815 3204 2886 ἐκαυχήσατο,
3241 2818 3419 2872 πάντα
3452 2820 3519 2874 ἂν

1942 2903 2190 2957 ἀπώλεσε
2225 2908 2318 2960 καὶ
2344 2909 2644 2979 προέδωκε,
2677 2915 2772 2967 καὶ
2792 2914 2858 2967 τὰ
2886 2917 2996 2969 τῶν
3023 2918 3231 2990 ἐχθρῶν
3258 2919 3324 2975 ἂν
3347 2923 3517 2993 ἐπῆρε

1943 3006 2262 3077 πράγματα.
2279 3010 2466 3077 Οὕτως
2481 3010 2588 3068 οἶδε
2607 3015 2690 3090 τῷ,
2705 3018 2882 3089 καιρῷ
2901 3024 3174 3092 πανταχοῦ
3192 3026 3516 3096 κεχρῆσθαι,

1942 3109 2035 3162 καὶ
2063 3112 2201 3180 μετά
2216 3115 2440 3186 γνώμης
2458 3119 2645 3190 ὀρθῆς,
2673 3122 2768 3176 καὶ
2784 3123 2851 3177 τά
2874 3124 3301 3198 ἀπηγορευμένα
3319 3134 3514 3194 ποιεῖν,

1941 3211 2034 3263 καὶ
2063 3213 2204 3268 οῦτω
2233 3220 2552 3289 χρησίμως,
2592 3224 2668 3287 ώς
2693 3225 2802 3279 τῶν
2829 3232 3320 3302 προστεταγμένων
3349 3235 3516 3304 μηδὲν

1939 3310 2156 3366 ἔλαττον
2201 3316 2265 3369 ἐκ
2314 3319 2519 3374 τούτων
2559 3323 2884 3396 εὐδοκιμεῖν.
2923 3329 3140 3384 Μᾶλλον
3172 3333 3278 3404 γὰρ
3305 3333 3516 3398 Παῦλος

1937 3415 2288 3486 καυχώμενος
2315 3420 2434 3473 τότε
2461 3422 2840 3497 εὐδοκίμησεν,
2863 3429 2895 3500 ἢ
2929 3431 3116 3504 ἕτερός
3133 3452 3220 3498 τις
3252 3437 3512 3509 κρύπτων

1934 3515 2004 3568 τὰ
2036 3517 2226 3572 ἑαυτοῦ
2255 3523 2656 3594 κατορθώματα
2675 3542 2688 3557 ·
2717 3528 2893 3594 οὐδεὶς
2913 3531 3022 3603 7&9
3045 3536 3286 3591 τοσαῦτα
3319 3541 3511 3610 εἰργά-

1936 3635 2068 3671 σατο
2099 3619 2280 3688 ἀγαθά
2314 3625 2684 3696 ἀποκρύπτων
2716 3631 2784 3684 τά
2815 3633 3033 3701 ἐαυτοῦ,
3061 3637 3159 3690 ὅσα
3188 3639 3393 3704 ἐκεῖνος
3422 3642 3508 3708 ἐξ-

1934 3724 2103 3778 ειπὼν
2129 3726 2198 3779 τὰ
2231 3728 2446 3785 ἑαυτοῦ.
2488 3733 2598 3786 Καὶ
2638 3735 2698 3787 τὸ
2739 3736 2802 3806 δὴ
2837 3739 3001 3794 πάλιν
3033 3741 3509 3818 θαυμαστότερον,

1932 3825 2012 3879 ὄτι
2065 3828 2126 3880 οὐ
2176 3829 2335 3899 μόνον
2374 3831 2622 3900 ἐξεῖπεν,
2658 3837 2793 3890 ἀλλά
2847 3842 2940 3893 καὶ
2987 3843 3147 3914 μέχρι
3182 3846 3280 3916 τῆς
3324 3849 3509 3918 χρείας

1931 3926 2082 3999 ἔστη.
2108 3931 2182 3984 Οὐ
2205 3932 2314 4004 γὰρ
2337 3934 2412 3998 ὡς
2440 3937 2531 3989 τοῦ
2557 3939 2749 4009 καιροῦ
2773 3944 3106 4014 παρέχοντος
3130 3949 3280 4018 αὐτῷ
3310 3952 3506 4021 πολλὴν

1928 4032 2026 4102 τὴν
2057 4033 2258 4100 ἄδειαν,
2295 4039 2549 4112 ἀμέτρως
2595 4044 2758 4099 πάλιν
2787 4047 2864 4118 τῷ
2895 4051 3181 4120 πράγματι
3211 4053 3501 4125 ἐχρήσατο,

1928 4137 2040 4190 ἀλλ’
2069 4138 2208 4207 ἔγνω
2234 4144 2396 4214 μέχρι
2427 4146 2530 4198 ποῦ
2567 4149 2848 4219 προελθεῖν
2878 4152 3004 4209 ἔδει,
3057 4157 3168 4210 Καὶ
3194 4158 3312 4212 οὐδέ
3345 4160 3504 4215 τοῦτο

1928 4240 2076 4311 αὐτῴ
2104 4242 2354 4312 ἤρκεσεν,
2383 4246 2495 4299 ἀλλ’
2529 4248 2668 4302 ὥστε
2702 4252 2776 4322 μὴ
2798 4255 2923 4317 τοὺς
2952 4255 3145 4320 ἀλλους
3171 4258 3499 4333 διαφθεῖραι,

1929 4344 2066 4415 μηδέ
2091 4351 2506 4418 παρασκευάσαι
2529 4353 2715 4418 ἁπλῶς
2747 4357 2975 4421 ἑαυτοὺς
3004 4360 3392 4430 ἐγκωμιάζειν,
3411 4369 3500 4418 καὶ

1927 4452 2137 4522 ἄφρονα
2172 4455 2360 4509 ἐαυτὸν
2385 4457 2574 4512 καλεῖ·
2599 4459 2761 4524 αὐτὸς
2783 4461 2881 4531 μὲν
2911 4462 3042 4536 7&9,
3071 4465 3167 4534 τῆς
3188 4467 3376 4537 χρείας
3402 4487 3500 4522 κα-

1924 4561 2142 4632 λούσης,
2164 4563 2322 4616 τοῦτο
2347 4565 2623 4637 ἐποίησεν.
2667 4569 2886 4642 Ἐπειδὴ
2907 4571 2964 4624 δὲ
2990 4573 3137 4636 εἰκὸς
3167 4569 3236 4645 ἦν
3256 4578 3384 4640 τοὺς
3406 4578 3498 4632 ἀλ-

1927 4672 2050 4736 λους
2083 4674 2162 4737 είς
2193 4674 2353 4728 αὐτὸν
2381 4675 2640 4745 ὁρῶντας,
2678 4677 2864 4743 ἁπλῶς
2894 4681 2989 4733 καὶ
3030 4682 3152 4751 είκῆ
3195 4686 3496 4755 κεχρῆσθαι

1920 4781 1997 4850 τῷ
2036 4783 2465 4853 παραδείγματι·
2505 4785 2534 4836 ὂ
2575 4786 2667 4838 καὶ
2725 4787 2818 4840 ἐπὶ
2858 4789 2965 4840 τῶν
3008 4789 3206 4859 ἰατρῶν
3251 4793 3491 4860 γίνεται·

1919 4891 2176 4955 πολλάκις
2220 4892 2361 4964 γὰρ,
2403 4895 2432 4946 ὃ
2473 4895 2611 4964 μετά
2654 4896 2845 4966 καιροῦ
2893 4899 3183 4969 φάρμακον
3226 4901 3493 4971 ἐπέθηκεν

1918 4992 2092 5064 οὗτος,
2121 5000 2361 5071 ἀκαίρως
2388 5001 2573 5073 ἕτερος
2591 5004 2802 5067 ἐπιθεὶς
2821 5005 3126 5076 ἐλυμήνατο
3148 5009 3240 5062 καὶ
3266 5011 3495 5065 ἐπεσκό-

1915 5125 2048 5178 τησε
2085 5112 2149 5180 τῇ
2190 5108 2282 5162 τοῦ
2315 5111 2606 5180 φαρμάκου
2646 5111 2903 5182 δυνάμει·
2953 5115 3017 5167 ἵν’
3045 5111 3138 5169 οὖν
3176 5117 3250 5189 μὴ
3282 5120 3375 5173 καὶ
3406 5121 3491 5171 ἐν-

1916 5215 2087 5270 ταῦθα
2129 5215 2284 5269 τοῦτο
2325 5217 2586 5288 γένηται,
2630 5221 2733 5292 ὅρα
2770 5222 2909 5293 πόσῃ
2955 5224 3216 5297 κέχρηται
3247 5230 3311 5296 τῇ
3356 5245 3487 5297 προ-

1914 5325 2195 5396 διορθώσει
2229 5327 2438 5396 μέλλων
2480 5329 2820 5399 καυχᾶσθαι,
2862 5331 2960 5400 οὐχ
3002 5333 3181 5398 ἅπαξ,
3216 5333 3335 5385 οὐδὲ
3367 5333 3483 5396 δὶς,

1913 5433 2046 5488 ἀλλά
2071 5433 2327 5498 πολλάκις
2351 5434 3012 5506 ἀναδυόμενος.”οφελον
3035 5439 3142 5508 γὰρ
3165 5439 3297 5491 dra!
3299 5439 3486 5506 χεσθέ

228 5539 348 5593 ἀλλ’
401 5541 551 5612 ὅμως
597 5545 759 5598 αὐτὸν
810 5549 910 5602 οὐκ
951 5551 1176 5624 ἐπῆρεν,
1231 5555 1370 5608 ἀλλά
1419 5559 1514 5611 καὶ
1560 5560 1619 5612 ἐν
1665 5563 1813 5633 αὐτῷ
1907 5564 2048 5616 μου,
2085 5547 2246 5618 φησι,
2276 5549 2494 5616 μικρόν·
2519 5565 2569 5600 τι
2603 5545 2708 5615 τῆς
2739 5547 3129 5616 ἀφροσύνης·
3163 5546 3256 5600 καὶ
3285 5547 3481 5602 πάλιν·

222 5642 407 5714 τούτῳ
441 5647 741 5716 μετριάζει.
773 5651 872 5704 Διά
911 5652 1067 5706 τοῦτο
1113 5655 1289 5725 λέγει·
1336 5660 1429 5713 Ἐκ
1460 5661 1682 5730 μέρους
1727 5683 1810 5734 γι-

227 5743 561 5814 νώσκομεν,
594 5747 691 5802 καί
727 5749 793 5804 ἐκ
813 5751 1032 5820 μέρους
1065 5760 1543 5826 προφητεύομεν·
1591 5764 1680 5814 καὶ
1709 5763 1809 5815 πά-

1918 5657 1979 5707 Ὃ
1998 5655 2184 5721 λαλῶ,
2212 5659 2283 5711 οὐ
2315 5656 2481 5709 λαλῶ
2506 5656 2654 5709 κατὰ
2688 5657 2923 5723 Κύριον,
2951 5655 3088 5708 ἀλλ’
3111 5655 3191 5721 ὡς
3211 5655 3281 5709 ἐν
3304 5656 3486 5723 ἀφρο-

1915 5764 2090 5830 σύνῃ.
2131 5765 2216 5816 Ἐν
2242 5759 2282 5829 ᾧ
2305 5763 2348 5815 δ’
2383 5765 2448 5818 ἄν
2477 5783 2555 5827 τις
2583 5765 2660 5834 [ἐν
2694 5761 2996 5832 ἀφροσύνῃ]
3015 5763 3205 5836 τολμᾷ,
3226 5767 3282 5817 ἐν
3313 5767 3487 5832 ἀφρο-
