4044 6206
457 306 546 368 :‘iUI

1166 317 1221 370 ε.
1263 317 1550 374 JOANNIS
1589 320 2079 377 CHRYSOSTOMI
2114 321 2438 381 ARCHIEP.
2471 326 3017 384 CONSTANTINOP.

3582 318 3684 375 m

452 435 589 503 σύνῃ
617 432 789 501 λέγω,
823 431 1004 502 τολμῶ
1041 430 1214 500 κάγώ.
1250 433 1362 484 Καὶ
1405 433 1642 486 τοσαῦτα
1669 430 1875 495 εἰπὼν,
1903 430 2022 485 οὑδέ
2128 429 2506 499 βασιλεύοντα,
2552 432 2692 504 ὑπὲρ
2735 431 3110 503 δικαιοσύνης,
3165 432 3258 486 καὶ
3305 433 3398 486 τοῦ
3449 435 3697 508 καθαρὰς

452 523 661 586 τούτοις
693 521 960 592 ἠρκέσθη,
985 520 1119 574 ἀλλά
1150 519 1312 574 πάλιν
1348 521 1556 591 μέλλων
1583 524 1663 584 εἰς
1687 518 1755 574 τά
1775 521 2025 592 ἐγκώμια

454 610 732 682 ἐμϐαίνειν
769 608 1000 681 κρύπτει
1032 607 1223 660 ἐαυτὸν
1255 607 1456 676 λέγων·
1492 604 1636 662 Οἶδα
1671 607 1984 675 ἄνθρωπον
2009 624 2022 636 ·

455 704 549 756 καὶ
587 703 768 764 πάλιν,
801 699 983 768 ’Υπὲρ
1005 699 1111 753 τοῦ
1141 701 1412 754 τοιούτου
1442 699 1841 769 καυχήσομαι,
1875 699 2028 768 ὑπὲρ

453 796 522 848 δὲ
541 795 801 864 ἐμαυτοῦ
821 796 893 848 οὐ
913 793 1292 864 καυχήσομαι
1312 809 1326 822 ⁶
1350 794 1444 846 καὶ
1473 793 1612 864 μετὰ
1633 792 1806 846 ταῦτα
1825 793 2023 853 πάντα,

455 885 685 955 Γέγονα
716 885 947 954 ἄφρων,
984 885 1147 954 φησὶν
1167 923 1181 947 ,
1217 884 1381 954 ὑμεῖς
1403 901 1479 954 με
1501 883 1903 955 ἠναγκάσατε.
1931 883 2028 946 Τίς

455 971 551 1030 οὖν
581 975 753 1039 οὑτως
787 976 1014 1046 ἀνόητος
1059 977 1152 1028 καὶ
1192 977 1397 1048 σφόδρα
1432 977 1787 1049 ἀναίσθητος,
1831 977 1906 1042 ὡς
1937 978 2026 1031 τὸν

457 1069 613 1136 ἆγιον
641 1070 845 1120 ἐκεῖνον
875 1067 1037 1138 ὀρῶν,
1064 1067 1331 1140 τοσαύτης
1358 1070 1716 1140 ἐπικειμένης
1757 1070 2024 1141 ἀνάγκης,

455 1160 714 1214 ὀκνοῦντα
751 1161 846 1213 καὶ
881 1160 1240 1232 ἀναδυόμενον
1273 1163 1402 1233 περί
1441 1162 1636 1216 ἐαυτοῦ
1673 1180 1727 1216 τι
1767 1163 1912 1234 μέγα
1950 1167 2029 1218 εἰ·

456 1253 579 1303 πεῖν
599 1290 613 1314 ,
643 1253 739 1304 καὶ
770 1250 1019 1323 καθάπερ
1049 1253 1215 1306 ἵππον
1252 1254 1394 1308 κατά
1433 1253 1694 1324 κρημνῶν
1735 1255 2028 1327 ἐρχόμενον

457 1343 550 1395 καὶ
581 1341 995 1413 άναχαιτίζοντα
1025 1343 1294 1414 συνεχῶς,
1334 1345 1510 1399 καίτοι
1540 1345 1801 1416 μέλλοντα
1834 1347 2030 1401 τοσαῦ-

455 1450 525 1486 τα
558 1434 878 1505 οἰκονομεῖν,
915 1433 988 1505 μὴ
1015 1434 1235 1505 φεύγειν
1261 1437 1325 1488 ἐκ
1352 1436 1554 1508 πολλῆς
1590 1439 1652 1491 τὸ
1679 1440 1912 1510 πρᾶγμα
1937 1457 2030 1492 πε-

462 1525 722 1596 ριουσίας,
755 1527 848 1579 καὶ
878 1526 1038 1596 μόνου
1072 1528 1266 1598 καιροῦ
1293 1528 1801 1596 καταναγκάζοντος
1829 1532 2030 1602 κεχρῆ-

460 1615 582 1667 σθαι
611 1613 690 1684 τῷ
720 1615 1037 1685 πράγματι;
1084 1615 1271 1669 Βούλει
1306 1617 1400 1670 καὶ
1439 1618 1623 1689 ἕτερον
1665 1619 1829 1673 αὑτοῦ
1872 1620 2028 1686 δείξω

457 1705 695 1757 τοιοῦτον
718 1724 731 1769 ;
764 1706 838 1758 Τὸ
867 1709 976 1777 γάρ
1004 1705 1067 1778 δὴ
1094 1707 1404 1778 θαυμαστὸν
1428 1709 1584 1763 τοῦτό
1608 1712 1774 1776 ἐστιν,
1803 1711 1885 1765 ὅτι
1928 1713 2028 1765 οὑκ

456 1798 678 1869 ἠρκεῖτο
707 1796 784 1868 τῷ
818 1799 1077 1852 συνειδότι
1099 1840 1115 1864 ,
1143 1799 1280 1852 ἀλλά
1318 1801 1414 1854 καὶ
1451 1801 1597 1871 ἡμᾶς
1633 1801 1878 1856 ἐδίδασκε
1912 1803 2029 1867 πῶς

458 1888 687 1942 ἕκαστον
736 1889 938 1941 τούτων
967 1889 1211 1960 μετιέναι
1235 1891 1334 1956 δεῖ,
1367 1893 1466 1962 οὑχ
1495 1893 1672 1964 ἐαυτῷ
1710 1894 1868 1964 μόνον
1896 1896 2031 1949 ἀπο-

459 1978 644 2045 λογίαν
671 1979 1096 2044 κατασκευάζων
1123 1983 1230 2037 ἀπὸ
1263 1985 1364 2054 τῆς
1389 1987 1500 2039 τῶν
1531 1989 1740 2058 καιρῶν
1761 1989 2026 2061 ἀνάγκης,

461 2069 596 2123 ἀλλά
638 2071 732 2123 καὶ
777 2072 905 2134 τοὺς
943 2071 1135 2136 ἄλλους
1175 2075 1478 2143 παιδεύων,
1509 2077 1650 2131 ὥστε
1699 2081 2031 2150 ἐμπεσόντος

458 2163 651 2233 καιροῦ
687 2165 759 2234 μὴ
793 2164 1014 2233 φεύγειν
1056 2166 1117 2218 τὸ
1155 2166 1417 2232 τοιοῦτον,
1454 2171 1593 2241 μήτε
1619 2172 1863 2242 ἀκαίρως
1894 2174 2030 2228 αύτδ

463 2254 704 2324 μετιέναι
734 2256 913 2309 πάλιν.
948 2257 1046 2309 Διά
1075 2256 1184 2327 γὰρ
1207 2258 1434 2324 τούτων,
1469 2260 1619 2333 [505]
1650 2255 1726 2316 ὧν
1757 2260 1898 2329 εἰπε,
1936 2283 2030 2336 μο-

458 2346 668 2416 νονουχὶ
699 2347 871 2400 ταῦτα
917 2349 1103 2417 ἔλεγε·
1152 2350 1336 2404 Κακὸν
1384 2352 1526 2423 μέγα
1569 2355 1630 2407 τὸ
1673 2357 1802 2427 περί
1835 2357 2029 2411 ἐαυτοῦ

459 2435 638 2504 λέγειν
674 2438 816 2508 μέγα
846 2457 897 2491 τι
940 2441 1035 2494 καὶ
1063 2440 1371 2511 θαυμαστόν
1395 2460 1408 2473 ³
1449 2444 1543 2497 καὶ
1584 2447 1818 2519 ἐσχάτης
1847 2449 2031 2514 ἀνοίας

459 2524 617 2578 τοῦτο
639 2568 654 2593 ,
679 2528 960 2598 ἀγαπητέ,
991 2529 1051 2581 τὸ
1084 2531 1352 2600 μηδεμιᾶς
1376 2532 1623 2605 ἀνάγκης
1651 2538 2026 2610 ἐπικειμένης,

459 2618 551 2669 καὶ
580 2618 824 2687 ἀνάγκης
858 2619 1057 2688 βιαίας,
1087 2621 1527 2687 καλλωπίζεσθαι
1559 2629 1672 2691 τοῖς
1705 2630 2022 2700 ἐγκωμίοις.

458 2709 570 2760 Οὐκ
594 2708 707 2762 ἐστι
735 2709 891 2762 τοῦτο
932 2713 1071 2766 κατά
1106 2713 1307 2783 Κύριον
1335 2716 1515 2771 λαλεῖν
1535 2760 1550 2784 ,
1581 2719 1715 2774 ἀλλά
1741 2724 2032 2795 παραπλη-

460 2800 577 2864 ξίας
607 2800 805 2869 μᾶλλον
837 2802 1037 2872 δεῖγμα
1063 2803 1123 2856 τὸ
1143 2805 1382 2858 τοιοῦτόν
1410 2808 1546 2873 ἐστι,
1576 2809 1671 2862 καὶ
1693 2811 1867 2865 πάντα
1899 2815 2029 2884 ἡμῖν

458 2892 604 2941 κενοῖ
631 2889 723 2942 τὸν
753 2890 942 2958 μισθὸν
979 2892 1117 2961 μετά
1143 2893 1269 2956 τοὺς
1301 2894 1528 2958 πολλοὺς
1563 2896 1790 2967 ἰδρῶτας
1813 2900 1906 2952 καὶ
1929 2901 2028 2952 πό-

457 2993 598 3037 νους.
632 2975 816 3029 Ταῦτα
846 2977 956 3048 γὰρ
983 2978 1200 3032 ἅπαντα
1237 2980 1332 3034 καὶ
1366 2981 1585 3036 πλείονα
1611 2984 1834 3049 τούτων,
1863 2986 1928 3039 δι’
1955 2983 2030 3041 ὧν

459 3065 812 3134 παρῃτήσατο
857 3065 951 3117 καὶ
994 3066 1239 3139 ἀνάγκης
1287 3068 1663 3143 ἐμπεσούσης,
1708 3069 1830 3126 εἰπε
1894 3075 2030 3146 πρὸς

460 3155 724 3217 ἅπαντας.
781 3154 855 3208 Τὸ
890 3155 946 3208 δέ
989 3155 1178 3211 τούτου
1226 3159 1438 3228 μεῖζον,
1486 3162 1567 3214 ὅτι
1619 3163 1738 3216 οὐδὲ
1786 3165 2032 3236 ἀνάγκης

458 3244 832 3314 ἐμπεσούσης,
891 3246 1069 3300 πάντα
1134 3248 1346 3319 ἐξέχεεν
1395 3253 1475 3314 εἰς
1521 3254 1725 3322 μέσον,
1779 3255 1915 3308 ἀλλά
1963 3258 2033 3310 τά

461 3333 680 3386 πλείονα
723 3337 1081 3407 ἀπεκρύψατο
1135 3343 1230 3393 καὶ
1282 3343 1352 3396 τά
1394 3345 1634 3413 μείζονα.
1676 3347 2032 3418 Ἐλεύσομαι

461 3424 568 3494 γὰρ
589 3466 603 3491 ,
639 3427 834 3496 φησὶν,
876 3431 964 3495 εἰς
995 3432 1288 3498 ὀπτασίας
1329 3435 1428 3487 καὶ
1469 3437 1886 3505 ἀποκαλύψεις
1911 3445 2031 3494 Κυ-

457 3515 590 3583 ρίου
611 3530 624 3542 ⁸
650 3515 924 3585 φείδομαι
950 3517 1037 3582 δὲ,
1061 3520 1146 3589 μή
1183 3539 1272 3587 τις
1295 3525 1381 3588 εἰς
1401 3524 1506 3592 ἐμὲ
1527 3527 1864 3594 λογίσηται,
1882 3529 2033 3598 ὑπὲρ

462 3605 494 3657 ὃ
517 3607 737 3669 ,ϐλέπει
763 3609 801 3676 ἢ
836 3609 1039 3664 ἀκούει
1062 3629 1117 3664 τι
1144 3612 1214 3677 ἐξ
1244 3615 1411 3683 ἐμοῦ.
1437 3617 1620 3672 Ταῦτα
1646 3619 1703 3672 δὲ
1727 3620 1876 3688 ἔλεγε
1906 3639 2036 3675 παι-

462 3699 631 3752 δεύων
677 3702 955 3765 ἅπαντας,
1000 3705 1134 3775 μηδὲ
1184 3707 1429 3779 ἀνάγκης
1467 3709 1667 3781 οὔσης,
1714 3713 1890 3767 πάντα
1934 3716 2034 3769 ὅσα

467 3789 724 3858 σύνισμεν
759 3792 1002 3856 ἐαυτοῖς,
1033 3792 1299 3865 φέροντας
1342 3797 1478 3849 αὐτὰ
1508 3800 1586 3861 εἰς
1619 3801 1782 3870 μέσον
1815 3819 2036 3857 κατατι-

467 3879 636 3943 θέναι,
662 3880 776 3934 ἀλλ’
803 3884 902 3935 ὅσα
929 3885 1042 3947 τοῖς
1069 3887 1323 3940 ἀκούουσι
1362 3887 1627 3960 χρήσιμα.

550 3971 699 4025 Ἐπεὶ
750 3975 844 4028 καὶ
890 3976 918 4028 ὁ
967 3977 1247 4048 Σαμουήλ’
1302 3979 1453 4032 οὐδὲν
1512 3983 1619 4053 γὰρ
1665 3984 1890 4048 ἀπεικὸς
1943 3988 2036 4040 καὶ

467 4063 673 4116 ἐκείνου
703 4067 1008 4137 μνησθῆναι
1028 4067 1121 4121 τοῦ
1151 4069 1326 4138 ἁγίου,
1355 4071 1433 4133 εἰς
1459 4071 1566 4142 γάρ
1595 4073 1859 4141 ὠφέλειαν
1879 4079 1910 4147 ἡ
1921 4079 2035 4147 μῶν

468 4155 560 4206 καὶ
585 4155 652 4206 τά
683 4155 932 4225 ἐγκώμια
955 4157 1194 4224 γίνεται·
1232 4162 1576 4231 ἐκαυχήσατό
1609 4181 1737 4217 ποτε
1769 4167 1863 4219 καὶ
1893 4169 2035 4220 ἐκεί-

468 4261 590 4308 νος,
626 4247 718 4296 καὶ
747 4246 960 4310 ἐξεῖπεν
999 4250 1177 4302 οἰκεῖα
1214 4251 1644 4321 κατορθώματα·
1685 4255 1823 4308 ἀλλά
1871 4259 2031 4322 ποῖα;

470 4337 535 4384 Ἀ
568 4337 678 4387 τοῖς
724 4337 977 4390 ἀκούουσι
1029 4341 1335 4410 συνέφερεν.
1383 4345 1456 4394 Ού
1493 4344 1600 4414 γὰρ
1646 4349 1774 4417 περὶ
1824 4365 2038 4419 σωφρο-

467 4422 633 4492 σύνης
681 4425 928 4479 ἀπέτεινε
972 4428 1127 4495 λόγον
1175 4433 1417 4501 μακρὸν,
1467 4435 1586 4486 οὐδὲ
1627 4439 1754 4508 περὶ
1785 4457 2035 4494 ταπεινο-

468 4514 764 4584 φροσύνης,
795 4517 913 4570 οὑδὲ
945 4519 1188 4589 περὶτοῦ
1227 4523 1300 4594 μὴ
1333 4531 1706 4594 μνησικακεῖν,
1735 4529 1871 4583 ἀλλά
1900 4533 2037 4604 ὑπὲρ

467 4604 644 4688 τίνος;
687 4605 858 4677 Ὑπὲρ
884 4608 1094 4674 τούτου,
1123 4611 1152 4662 ὃ
1186 4612 1421 4681 μάλιστα
1442 4616 1547 4669 ἔδει
1577 4619 1766 4686 μαθεῖν
1793 4622 1883 4675 τὸν
1917 4622 2035 4676 τότε

2125 523 2269 594 ἔχειν
2294 524 2392 587 τὰς
2417 526 2603 596 χεῖρας
2631 523 2836 594 δώρων.
2879 525 2988 577 Καὶ
3024 525 3054 577 ό
3090 523 3256 578 Δαυτδ
3289 525 3449 578 πάλιν
3487 543 3699 598 καυχω-

2129 632 2287 687 μενος
2310 654 2325 678 ,
2369 617 2462 669 ἀπ’
2505 616 2727 669 ἐκείνων
2783 617 3050 686 καυχᾶται
3095 615 3204 668 τῶν
3255 616 3567 687 δυναμένων
3602 619 3698 674 τὸν

2071 762 2079 768 .
2126 709 2399 782 ἀκροατὴν
2427 705 2738 780 διορθῶσαι.
2780 707 2914 761 Οὐδὲ
2956 706 3065 778 γὰρ
3097 707 3303 770 ἐκεῖνος
3331 707 3498 777 ἀλλην
3541 703 3697 762 εἶπεν

2125 801 2345 870 ἀρετὴν,
2372 799 2508 853 ἀλλά
2537 799 2636 871 τὴν
2662 799 2862 870 ἄρκτον
2895 798 2990 852 καὶ
3033 799 3126 851 τὸν
3152 797 3342 852 λέοντα
3370 800 3697 869 παρήγαγεν

2127 893 2208 954 εἰς
2249 893 2430 960 μέσον,
2463 891 2554 944 καὶ
2584 891 2736 943 οὐδὲν
2769 889 2976 961 ἕτερον.
3003 889 3077 942 Τδ
3107 889 3204 960 μὲν
3234 888 3344 960 γάρ
3385 889 3702 960 περαιτέρω

2127 983 2218 1036 τὸν
2243 981 2396 1050 λόγον
2439 982 2746 1051 ἐξαγαγεῖν,
2791 981 3072 1052 φιλοτίμου
3107 982 3202 1034 καὶ
3232 980 3517 1044 ἀλαζόνος’
3549 980 3610 1033 τὺ
3638 980 3700 1034 δέ

2129 1075 2303 1128 εἰπεῖν
2340 1074 2544 1138 ταῦτα,
2583 1074 2620 1129 ἀ
2647 1075 2781 1146 πρὸς
2817 1075 2915 1143 τὴν
2957 1072 3237 1146 παροῦσαν
3273 1071 3464 1143 ἔμελλε
3503 1071 3698 1142 χρείαν

2126 1167 2397 1234 ἀναγκαῖα
2443 1162 2582 1219 εἶναι
2602 1209 2616 1231 ,
2652 1163 3033 1236 φιλανθρώπου
3050 1207 3065 1224 ,
3099 1163 3194 1217 καὶ
3236 1163 3296 1216 τὸ
3335 1163 3443 1216 τῶν
3481 1161 3698 1216 πολλῶν

2129 1256 2403 1328 συμφέρον
2433 1256 2668 1328 ὁρῶντος
2690 1273 2702 1287 ·
2753 1255 2782 1308 ὅ
2819 1254 2883 1326 δὴ
2917 1255 3012 1308 καὶ
3051 1253 3261 1316 Παῦλος
3305 1253 3548 1324 ἐποίησε.
3582 1252 3700 1306 Καὶ

2127 1346 2237 1417 γὰρ
2274 1345 2603 1408 διεϐάλλετο,
2637 1346 2712 1408 ὡς
2739 1347 2840 1398 ούκ
2869 1343 2942 1397 ὢν
2970 1342 3266 1405 ἀπόστολος
3300 1341 3542 1411 δόκιμος,
3574 1341 3697 1394 οὑδὲ

2129 1437 2266 1508 ἔχων
2302 1438 2423 1491 τινὰ
2469 1437 2642 1507 ἰσχύν.
2679 1436 2916 1505 Ἀνάγκη
2958 1434 3136 1486 τοίνυν
3180 1430 3249 1504 ἦν
3284 1433 3350 1486 δι’
3395 1435 3577 1485 ἐκεῖνα
3614 1434 3699 1495 εἰς

2127 1526 2299 1580 ταῦτα
2325 1528 2606 1597 ἐμπεσεῖν,
2626 1526 2662 1580 ἃ
2687 1525 2921 1596 μάλιστα
2951 1525 3159 1578 ἐδείκνυ
3184 1523 3347 1578 αὑτοῦ
3375 1523 3437 1576 τὸ
3459 1523 3697 1592 ἀξίωμα.

2141 1619 2303 1689 Ὁρᾷς
2341 1617 2407 1670 δι’
2436 1618 2575 1671 ὅσων
2608 1617 2891 1670 ἐπαίδευσε
2940 1617 3032 1668 τὸν
3078 1616 3354 1687 ἀκροατὴν
3395 1616 3470 1686 μὴ
3511 1615 3700 1680 ἁπλῶς

2129 1711 2465 1780 καυχᾶσθαι;
2499 1709 2720 1782 Πρῶτον
2753 1710 2850 1782 μὲν
2881 1711 2989 1781 γὰρ
3012 1709 3108 1762 διὰ
3137 1709 3232 1763 τοῦ
3258 1707 3450 1772 δεῖξαι,
3485 1711 3567 1762 ὅτι
3598 1709 3699 1761 ἀνευ

2127 1803 2274 1872 άγκῃ
2297 1799 2454 1853 τοῦτο
2480 1800 2703 1869 ἐποίησε
2721 1815 2734 1828 ⁸
2749 1797 3018 1872 δεύτερον,
3042 1799 3128 1852 διά
3156 1797 3250 1852 τοῦ
3274 1799 3368 1852 καὶ
3387 1798 3462 1861 ὼς
3486 1798 3700 1868 ἄφρονα

2129 1892 2317 1946 ἐαυτὸν
2335 1892 2584 1956 καλέσαι,
2602 1894 2696 1945 καὶ
2727 1892 2944 1955 πολλαῖς
2973 1889 3283 1962 χρήσασθαι
3310 1891 3697 1960 παραιτήσεσι·

2128 1984 2328 2054 τρίτον,
2374 1983 2463 2036 διὰ
2488 1983 2581 2036 τοῦ
2619 1983 2692 2055 μὴ
2733 1984 2910 2036 πάντα
2956 1984 3151 2045 εἰπεῖν,
3193 1981 3330 2035 ἀλλά
3356 1981 3423 2034 τὰ
3476 1980 3702 2051 μείζονα

2130 2073 2469 2145 ἀποκρύψαι,
2490 2075 2586 2126 καὶ
2612 2073 2789 2128 ταῦτα
2809 2074 3055 2144 ἀνάγκης
3079 2071 3272 2144 οὔσηςο
3297 2073 3578 2143 τέταρτον,
3610 2071 3702 2125 διά

2129 2165 2223 2219 τοῦ
2272 2167 2609 2236 προσωπεῖον
2657 2165 2841 2235 ἕτερον
2892 2164 3166 2228 ὑπελθεῖν,
3225 2164 3318 2216 καί
3371 2164 3543 2215 εἰπεῖν
3577 2163 3691 2225 ὅτι,

2134 2255 2277 2312 Οἶδα
2295 2257 2605 2324 ἄνθρωπον
2621 2270 2634 2285 ’
2661 2257 2934 2327 πέμπτον,
2968 2256 3056 2310 διά
3074 2255 3169 2310 τοῦ
3197 2256 3271 2326 μὴ
3295 2255 3391 2308 καὶ
3415 2254 3513 2324 τὴν
3534 2253 3706 2325 ἄλλην

2131 2349 2330 2422 ἀρετὴν
2371 2349 2584 2402 ἅπασαν
2618 2349 2698 2410 εἰς
2742 2348 2903 2418 μέσον
2949 2349 3211 2416 ἀγαγεῖν,
3250 2346 3364 2398 ἀλλ’
3412 2348 3588 2399 ἐκεῖνο
3640 2345 3711 2398 τὸ

2135 2442 2319 2513 μέρος,
2364 2435 2424 2495 οὗ
2457 2439 2690 2510 μάλιστα
2732 2441 2760 2492 ὁ
2801 2439 2992 2510 παρὼν
3033 2439 3203 2492 ἐδεῖτο
3245 2439 3454 2509 καιρός.
3488 2439 3604 2491 Οὐκ
3643 2439 3710 2491 ἐν

2130 2532 2206 2602 τῷ
2243 2531 2546 2601 καυχᾶσθαι
2593 2531 2650 2584 δέ
2697 2531 2877 2601 μόνον,
2918 2529 3053 2584 ἀλλά
3107 2531 3201 2583 καὶ
3233 2531 3291 2582 ἐν
3341 2529 3420 2599 τῷ
3455 2529 3706 2599 ὑϐρίζειν

2129 2623 2366 2682 τοιοῦτος
2388 2621 2534 2696 [506]
2558 2619 2646 2694 ἦν.
2667 2623 2858 2676 Καίτοι
2897 2623 2992 2675 καὶ
3018 2621 3175 2674 τοῦτο
3202 2621 3583 2690 κεκωλυμένον
3607 2615 3704 2691 ἦν,

2129 2713 2190 2766 τὸ
2222 2711 2464 2784 ὑϐρίζειν
2492 2711 2718 2781 ἀδελφὸν
2740 2753 2757 2777 ,
2788 2711 2904 2764 ἀλλ’
2945 2709 3086 2763 οὑτω
3130 2711 3226 2764 καὶ
3253 2709 3430 2780 τούτῳ
3473 2709 3708 2772 δεόντως

2131 2805 2400 2875 ἐχρήσατο
2431 2803 2610 2867 πάλιν,
2639 2802 2714 2866 ὡς
2745 2803 2852 2854 τῶν
2880 2801 3335 2872 ἐγκωμιαζόντων
3363 2800 3584 2870 ’μᾶλλον
3611 2799 3706 2852 εύο

2129 2896 2442 2966 δοκιμῆσαι.
2477 2893 2577 2946 Διά
2613 2911 2694 2946 τοι
2728 2891 2885 2945 τοῦτο
2926 2893 3021 2944 καὶ
3059 2891 3304 2954 Γαλάτας
3330 2889 3511 2944 καλῶν
3542 2889 3707 2959 ἀνοή-

2129 3002 2252 3047 τους
2281 2985 2373 3037 καί
2399 2983 2546 3048 ἅπαξ
2569 2983 2669 3036 καὶ
2698 2982 2799 3045 δὶς,
2832 2981 2926 3036 καὶ
2957 2979 3180 3050 Κρῆτας
3209 2978 3480 3049 γαστέρας
3501 2976 3701 3048 ἀργὰς,

2132 3074 2224 3126 καὶ
2252 3072 2416 3142 θηρία
2446 3070 2589 3123 κακά
2610 3109 2625 3133 ,
2670 3071 2764 3122 καὶ
2805 3068 3050 3121 ἐντεῦθεν
3086 3066 3547 3137 ἀνακηρύττεται.
3589 3066 3707 3119 Καὶ

2133 3165 2239 3233 γὰρ
2271 3164 2394 3236 ὅρον
2427 3165 2562 3232 ἡμῖν
2599 3160 2766 3214 ἔδωκε
2808 3161 2900 3212 καὶ
2943 3159 3176 3222 κανόνα,
3211 3157 3353 3210 ὥστε
3400 3158 3511 3209 τῶν
3559 3156 3706 3211 κατὰ

2132 3253 2262 3306 Θεὸν
2308 3250 2691 3321 ἀμελουμένων
2742 3249 2815 3319 μὴ
2865 3247 3163 3318 κεχρῆσθαι
3213 3245 3501 3319 θεραπείᾳ,
3565 3244 3706 3300 ἀλλὰ

2134 3341 2570 3415 πληκτικώτερον
2603 3339 3001 3412 μεταχειρίζειν
3022 3339 3112 3391 τὸν
3141 3338 3316 3406 λόγον.
3348 3339 3458 3392 Καὶ
3487 3338 3705 3391 πάντων

2137 3435 2310 3504 μέτρα
2336 3434 2454 3485 ἐστί
2484 3435 2611 3503 παρ’
2648 3431 2798 3500 αὐτῷ
2826 3431 3081 3500 κείμεναο
3105 3430 3194 3482 διά
3233 3428 3297 3500 δὴ
3337 3428 3495 3482 τοῦτο
3524 3428 3704 3483 πάντα

2135 3527 2301 3580 ποιῶν
2339 3527 2434 3579 καὶ
2479 3525 2653 3593 λέγων
2685 3523 2959 3594 εὐδοκίμει
2985 3563 3000 3588 ,
3033 3525 3128 3578 καὶ
3158 3523 3395 3594 ὑϐρίζων
3427 3523 3521 3574 καὶ
3547 3522 3709 3574 ἐπαιο

2134 3618 2260 3682 νῶν,
2290 3617 2384 3670 καὶ
2415 3616 2888 3688 ἀποστρεφόμενος
2921 3616 3015 3669 καὶ
3044 3614 3389 3686 θεραπεύων,
3413 3613 3510 3666 καὶ
3543 3612 3708 3666 ἐπαί-

2137 3727 2246 3779 ρων
2274 3709 2494 3772 ἐαυτὺν,
2543 3709 2636 3762 καὶ
2685 3707 3016 3778 μετριάζων,
3043 3707 3138 3758 καί⁵
3187 3703 3571 3774 καυχώμενος,
3611 3703 3710 3757 καὶ

2134 3798 2450 3863 ταλανίζων.
2488 3801 2598 3853 Καὶ
2625 3799 2677 3851 τί
2708 3797 3026 3868 θαυμάζεις,
3063 3799 3110 3848 εἰ
3142 3795 3300 3866 ὕϐρις
3333 3795 3428 3849 καὶ
3468 3793 3712 3864 λοιδορία

2136 3893 2431 3961 εὐδοκιμεῖ,
2461 3891 2592 3943 ὅπου
2617 3907 2680 3958 γε
2713 3890 2804 3944 καί
2843 3889 3000 3958 φόνος
3037 3887 3362 3956 εὐδοκίμησε
3392 3886 3488 3939 καὶ
3515 3885 3708 3949 ἀπάτη
3776 3930 3782 3934 .

2136 3985 2229 4038 καὶ
2261 3983 2430 4046 δόλος,
2457 3983 2551 4035 καὶ
2575 3982 2666 4033 ἐπὶ
2691 3982 2790 4051 τῆς
2817 3981 3080 4045 Παλαιᾶς,
3101 3980 3195 4032 καὶ
3225 3980 3318 4031 ἐπὶ
3339 3978 3440 4046 τῆς
3459 3975 3710 4045 Καινῆς;

2139 4077 2299 4129 Ταῦτ’
2332 4071 2422 4129 οὑν
2452 4076 2664 4128 ἅπαντα
2695 4072 2833 4142 μετά
2866 4071 3153 4145 ἀκριϐείας
3182 4068 3575 4133 ἐξετάσαντες,
3611 4066 3716 4118 καὶ

2141 4165 2350 4218 Παῦλον
2384 4163 2771 4234 θαυμάσωμεν,
2806 4162 2899 4215 καὶ
2938 4161 3029 4214 τόν
3069 4160 3202 4213 Θεὸν
3233 4158 3569 4228 δοξάσωμεν,
3610 4155 3713 4208 καὶ

2141 4259 2299 4326 ἡμεῖς
2336 4256 2505 4316 οὕτως
2535 4255 2696 4309 αὑτὸν
2729 4251 3248 4323 μεταχειρισόμεθα,
3294 4250 3382 4302 ἵνα
3413 4249 3506 4302 καὶ
3553 4245 3714 4300 αὐτοὶ

2139 4345 2244 4397 τῶν
2270 4345 2498 4398 αἰωνίων
2528 4343 2868 4413 ἐπιτύχωμεν
2908 4341 3149 4408 ἀγαθῶν,
3177 4342 3360 4412 χάριτι
3392 4340 3486 4393 καί
3516 4339 3714 4407 φιλανθ

2143 4439 2359 4509 θρωπίᾳ
2381 4436 2476 4489 τοῦ
2520 4436 2724 4506 Κυρίου
2754 4435 2912 4506 ἡμῶν
2957 4435 3129 4505 Ἰησοῦ
3156 4432 3412 4506 Χριστοῦ,
3447 4425 3490 4499 ᾧ
3522 4432 3556 4501 ἡ
3581 4429 3716 4494 δόξα

2138 4531 2230 4582 καὶ
2260 4529 2319 4580 τὸ
2345 4528 2562 4598 κράτος,
2583 4525 2678 4580 νῦν
2709 4526 2804 4580 καὶ
2838 4526 2944 4594 ἀεὶ,
2981 4526 3078 4580 καὶ
3108 4527 3188 4589 εἰς
3213 4524 3338 4588 τοὺς
3371 4523 3574 4585 αἰῶνας
3597 4520 3716 4575 τῶν

2137 4619 2366 4672 αἰώνων.
2410 4619 2600 4688 Ἀμήν.

487 4843 3695 4894 ..____._..______________________________________

1380 5084 1484 5135 ΕΙΣ
1523 5083 1658 5138 TUN
1695 5083 1901 5140 ΑΓΙΟΝ
1940 5091 2349 5145 ΑΠΟΣΤΟΛΟΝ
2387 5087 2688 5142 ΠΑΥΛΟΝ.

1101 5600 1287 5670 Λόγος
1328 5608 1401 5666 ς’.

2147 5603 2355 5658 Παύλου
2388 5606 2480 5658 καὶ
2513 5605 2818 5677 θαυμαστὰ,
2847 5605 2883 5660 ἀ
2915 5607 3064 5660 δοκεῖ
3087 5607 3237 5680 παρά
3265 5625 3374 5661 τισι
3395 5603 3563 5677 λαϐήν
3590 5621 3724 5661 τινα

544 5691 803 5748 Βούλεσθε
833 5695 1087 5768 τήμερον,
1119 5693 1410 5766 ἀγαπητοὶ,
1433 5693 1689 5766 παρέντες
1723 5693 1788 5751 τὰ
1821 5695 2028 5767 μεγάλα
2142 5695 2324 5768 ἔχειν,
2384 5696 2554 5752 ταῦτα
2581 5701 2678 5770 ,εἰς
2726 5699 2884 5770 μέσον.
2949 5699 3261 5772 ἀγάγωμεν,
3315 5699 3406 5755 καὶ
3450 5697 3558 5767 γὰρ
3604 5697 3708 5752 καὶ
