4044 6206
257 290 353 348 501

253 401 468 457 misisse
492 401 778 451 contentus
801 401 884 447 est
904 433 919 458 ,
947 388 1040 446 sed
1067 403 1251 444 rursus
1280 388 1615 459 ingressurus
1637 387 1689 439 in
1718 385 1837 439 lau-

254 495 350 548 des
369 533 386 556 ,
429 488 777 555 semetipsum
807 483 1067 547 occultat,
1100 490 1153 536 et
1180 479 1346 535 dicit:
1396 479 1518 534 Scio
1546 479 1795 534 hominem
1818 516 1836 543 ,

254 598 310 640 et
330 585 551 648 lterum,
582 580 687 633 Pro
713 576 1004 648 hujusmodi
1025 573 1296 645 gloriabor,
1329 588 1422 642 pro
1465 587 1542 624 me
1567 580 1735 624 autent
1758 572 1840 623 ni-

257 679 350 730 llil.
375 675 611 742 Postque
626 669 954 733 haecou'tnia,
986 665 1174 720 Factus
1203 682 1314 720 sum
1339 665 1580 733 insipiens
1599 704 1614 728 ,
1647 663 1836 732 inquit,

261 786 348 824 ros
377 783 458 820 me
477 764 708 836 coegisti;
741 761 938 831 (ἰσων.
967 759 1048 813 12.
1078 759 1132 812 2.
1178 767 1225 811 et
1253 757 1309 812 5.
1338 766 1383 810 et
1409 755 1517 826 11).
1547 755 1676 822 Quis
1718 770 1844 824 ergo

261 869 375 913 tam
404 857 594 912 stultus
611 895 626 918 ,
656 853 777 923 quis
803 853 870 905 ita
892 849 1190 904 inveniatur
1215 846 1360 901 omni
1378 861 1539 901 sensu
1560 861 1620 900 ac
1640 845 1844 899 ratione

260 951 501 1020 privatus
519 986 535 1012 ,
568 947 658 1015 qui
684 943 870 998 videns
890 950 1129 995 sanctum
1161 939 1308 993 illum
1330 979 1346 1004 ,
1374 938 1533 992 etiam
1556 952 1674 991 eum
1699 944 1844 989 tanta

259 1041 310 1094 ei
353 1037 648 1093 necessitas
693 1033 1024 1096 immineret,
1065 1040 1403 1084 cunctantem
1455 1039 1631 1082 tamen
1687 1037 1846 1096 atque

259 1137 592 1184 metuentem
631 1123 833 1194 grande
859 1123 1054 1192 aliquid
1083 1121 1150 1177 de
1193 1122 1370 1190 seipso
1401 1120 1578 1189 loqui,
1611 1129 1665 1173 et
1711 1121 1848 1173 sicut

261 1238 462 1293 equum
506 1235 676 1289 usque
720 1217 786 1270 ad
838 1215 1127 1285 praecipitia
1187 1213 1452 1267 horrenda
1505 1213 1844 1274 venientem,

261 1329 428 1384 seque
457 1311 654 1381 saepius
697 1308 819 1363 inde
846 1307 1144 1362 trahentem
1167 1346 1181 1370 ,
1214 1314 1268 1359 et
1295 1304 1508 1374 quidem
1540 1319 1659 1358 cum
1703 1311 1849 1356 tanta

263 1407 367 1460 hoc
414 1411 560 1458 esset
612 1399 1008 1471 dispensatione
1060 1395 1298 1451 facturus
1349 1413 1361 1448 :
1417 1395 1564 1464 quis,
1597 1395 1847 1463 inquam,

263 1498 342 1551 sic
383 1496 457 1549 sit
503 1492 784 1561 insipiens,
839 1489 927 1558 qui
959 1503 1062 1541 non
1105 1487 1262 1540 etiam
1289 1485 1491 1554 majore
1529 1483 1851 1539 abundantia

265 1583 532 1640 cautionis
567 1579 752 1635 laudes
799 1593 924 1633 suas
968 1577 1158 1648 fugiat,
1209 1585 1264 1631 et
1317 1591 1458 1631 nunc
1502 1575 1638 1629 forte
1679 1574 1850 1628 solum

266 1677 333 1728 de
387 1674 494 1726 illis
551 1670 750 1740 aliquid
790 1670 1044 1738 attingat,
1094 1666 1306 1735 quando
1353 1666 1404 1720 id
1463 1665 1882 1734 opportunissi-~

269 1781 412 1818 mum
484 1772 694 1830 tempus
776 1759 1050 1829 exegerit?
1109 1757 1205 1812 Vis
1255 1766 1310 1812 et
1373 1756 1514 1810 aliud
1579 1756 1674 1810 tibi
1751 1755 1855 1810 tale

270 1869 483 1926 quoque
537 1855 682 1908 illius
729 1851 1046 1907 ostendam?
1106 1850 1317 1905 Etenim
1385 1847 1525 1903 istud
1598 1856 1680 1902 est
1735 1862 1854 1902 om-

271 1950 399 2003 nino
472 1946 751 2010 mirabile,
785 1945 907 2014 quia
969 1951 1252 1997 contentus
1307 1956 1412 1994 non
1459 1949 1575 1994 erat
1619 1939 1856 1994 testimo-

273 2041 362 2095 nio
384 2036 726 2093 conscientiae
747 2076 763 2102 ,
793 2034 887 2090 sed
928 2034 1088 2089 etiam
1110 2047 1209 2087 nos
1245 2031 1470 2087 docebat
1503 2031 1653 2100 juxta
1697 2047 1856 2101 quam

275 2131 514 2200 regulam
545 2128 600 2182 in
615 2127 703 2182 tali
725 2141 903 2182 rerum
926 2125 1234 2180 discrimine
1257 2123 1858 2190 deberemusincedere,

273 2238 381 2278 non
408 2221 509 2277 sibi
528 2217 895 2276 tantummodo
912 2218 980 2273 de
997 2227 1295 2286 temporum
1318 2214 1634 2270 necessitate
1649 2213 1860 2269 satisfa-

273 2313 505 2367 ctionem
526 2324 927 2381 parans,verum
942 2308 1099 2363 etiam
1116 2307 1250 2362 alios
1260 2305 1727 2376 erudiens,quanta
1739 2319 1860 2360 cum

274 2403 546 2467 cautione,
587 2411 826 2470 tempore
855 2399 1208 2468 efﬂagitante,
1247 2395 1387 2450 istud
1416 2411 1518 2450 nec
1545 2394 1859 2465 effugerent,

275 2510 377 2550 nec
398 2495 703 2563 importune
733 2491 1068 2560 perficerent.
1109 2488 1242 2542 Nam
1264 2503 1362 2557 per
1389 2487 1487 2542 ista
1505 2527 1520 2554 ,
1544 2503 1660 2556 qua:
1685 2487 1857 2552 dixit,

276 2585 678 2657 quodammodo
710 2583 838 2638 illud
863 2583 1058 2638 etl‘atus
1089 2592 1208 2636 est:
1238 2581 1458 2638 Grande
1504 2581 1704 2636 malum
1746 2589 1860 2646 est,

277 2678 658 2741 dilectissime,
696 2676 763 2730 de
809 2675 986 2745 seipso
1009 2673 1204 2744 aliquid
1253 2672 1452 2743 grande
1493 2673 1673 2731 dicere
1708 2681 1866 2741 atque
1899 2719 1904 2725 .

279 2769 526 2824 mirabile
550 2808 567 2834 ,
614 2776 972 2836 extremmque
1000 2766 1221 2820 omnino
1246 2764 1529 2819 dementiae
1567 2770 1681 2826 est,
1717 2763 1863 2816 nulla

281 2863 600 2916 imminente
625 2859 944 2913 necessitate
971 2873 1172 2923 rerum,
1194 2865 1250 2911 et
1276 2856 1597 2910 necessitate
1613 2855 1863 2920 violenta,

281 2951 514 3022 propriis
561 2949 804 3003 laudibus
833 2949 970 3002 velle
997 2947 1262 3003 decorari.
1310 2945 1426 3000 Non
1469 2947 1611 3000 enim
1645 2953 1728 3000 est
1767 2945 1870 2999 hoc

282 3041 582 3098 secundum
618 3043 783 3094 Deum
824 3039 1000 3108 loqui;
1031 3038 1285 3094 indicium
1310 3036 1485 3106 potius
1512 3045 1593 3091 est
1621 3034 1760 3089 istud
1790 3035 1869 3088 in-

285 3133 472 3189 sanize.
516 3131 632 3186 Hoc
672 3130 813 3184 enim
862 3129 1016 3183 nobis
1039 3143 1252 3182 omnem
1305 3141 1524 3195 prorsus
1568 3125 1868 3180 mercedem

283 3232 510 3279 evacuat
532 3262 547 3288 ,
573 3231 627 3277 et
653 3221 865 3290 quidem
907 3221 1148 3290 plurimis
1183 3219 1459 3275 laboribus
1487 3217 1872 3287 sudoribusque

285 3315 588 3385 quaesitam.
641 3313 769 3367 llaec
797 3313 940 3366 enim
995 3311 1204 3376 omnia,
1255 3310 1444 3379 hisque
1484 3310 1633 3378 plura
1675 3309 1873 3366 dixisse

286 3406 500 3460 videtur
519 3404 586 3457 ad
611 3412 834 3458 cunctos
856 3443 873 3468 ,
897 3402 1026 3456 dum
1054 3401 1304 3471 loquendi
1331 3400 1398 3456 de
1421 3415 1480 3455 se
1502 3400 1873 3455 necessitatem

289 3495 450 3550 etiam
478 3493 822 3548 excusatione
843 3492 1088 3546 munivit.
1116 3491 1210 3546 llis
1235 3503 1413 3546 autem
1441 3489 1679 3560 profecto
1705 3491 1876 3563 majus

289 3594 409 3650 est,
461 3586 586 3653 quia
617 3585 933 3639 necessitate
970 3593 1230 3653 cogente,
1263 3598 1368 3638 non
1399 3583 1640 3638 universa
1668 3582 1802 3637 fudit
1822 3583 1875 3637 in

292 3675 529 3730 medium
551 3717 567 3739 ,
596 3675 690 3729 sed
727 3675 875 3743 plura
913 3675 1073 3727 etiam
1119 3683 1172 3728 et
1201 3675 1403 3743 majora
1438 3674 1648 3728 celavit.
1692 3673 1872 3738 Venio,

296 3769 469 3836 inquit
487 3808 503 3831 ,
531 3768 601 3819 ad
629 3767 841 3820 visiones
865 3774 910 3818 et
937 3766 1262 3819 revelationes
1301 3765 1394 3819 Dei
1415 3783 1434 3832 ;
1477 3783 1628 3836 parco
1667 3778 1836 3820 autent
1860 3806 1875 3830 ,

299 3876 360 3912 ne
380 3861 494 3930 quis
523 3859 588 3912 de
610 3875 687 3911 me
707 3859 952 3911 existimet
989 3874 1140 3926 super
1176 3857 1229 3909 id
1261 3857 1393 3923 quod
1435 3857 1565 3910 videt
1585 3898 1599 3922 ,
1627 3855 1705 3910 vel
1739 3856 1880 3908 audit

298 3950 490 4019 aliquid
516 3967 583 4003 ea:
610 3965 689 4001 me
713 3948 790 4020 (2.
816 3949 938 4002 Cor.
971 3947 1054 4002 l2.
1090 3949 1141 4001 i.
1173 3957 1216 4000 et
1243 3947 1320 4016 6).
1353 3947 1462 4000 Hoc
1489 3962 1617 4001 vero
1653 3946 1881 4000 dicendo

301 4057 398 4094 nos
418 4041 628 4102 erudit,
657 4047 714 4093 ut
735 4053 801 4092 ne
820 4039 1112 4093 exsistente
1141 4037 1355 4107 quidem
1386 4037 1733 4101 necessitate,
1767 4050 1884 4089 om-

302 4134 385 4186 ia
402 4174 418 4194 ,
442 4148 669 4201 quorum
693 4132 848 4185 nobis
873 4130 1074 4186 conscii
1099 4145 1286 4183 sumus
1307 4171 1322 4195 ,
1353 4129 1404 4182 in
1432 4127 1664 4182 medium
1705 4127 1882 4196 profe-

304 4224 472 4279 rendo
517 4225 828 4293 vulgemus,
876 4224 971 4279 sed
1016 4239 1078 4278 ca
1125 4223 1338 4290 solum,
1389 4237 1508 4291 quae
1550 4221 1885 4276 audientibus

305 4318 450 4370 utilia
470 4316 787 4384 iudicamus.

376 4408 593 4462 Samuel
629 4424 682 4462 se
727 4407 923 4461 laudat.
953 4433 1026 4447 —-—
1065 4407 1325 4474 Quoniam
1371 4414 1425 4460 et
1473 4405 1706 4470 Samuel;
1755 4405 1886 4460 nihil

306 4501 448 4553 enim
480 4499 689 4552 videtur
736 4501 1122 4568 inconsequens
1171 4500 1310 4553 illius
1338 4514 1549 4569 quoque
1580 4499 1886 4555 meminisse

308 4593 509 4653 uncti,
543 4590 595 4642 in
639 4599 874 4643 nostram
903 4590 1162 4659 siquidem
1195 4589 1472 4643 utilitatem
1515 4591 1672 4644 etiam
1704 4590 1888 4645 laudes

308 4681 676 4746 proferuntur;
723 4689 773 4733 et
823 4681 968 4748 ipse,
1020 4681 1232 4748 inquam
1258 4720 1273 4743 ,
1313 4680 1597 4749 aliquando
1636 4682 1890 4751 gloriatus

307 4783 389 4824 est
408 4813 422 4837 ,
451 4781 507 4826 et
537 4774 748 4841 propria
779 4782 921 4826 recte
949 4771 1082 4826 facta
1112 4771 1358 4841 patefecit
1387 4790 1399 4824 :
1447 4773 1539 4827 sed
1568 4774 1740 4843 qualia
1771 4775 1886 4841 illa,

308 4867 528 4932 quaso?
567 4866 699 4933 Qua.-
734 4866 912 4935 utique
950 4880 1273 4934 cognoscere
1311 4865 1646 4920 audientibus
1692 4883 1892 4922 conve-

310 4957 466 5010 niret.
497 4956 614 5010 Non
657 4957 800 5011 enim
849 4971 1010 5024 super
1029 4955 1223 5010 decore
1269 4955 1564 5027 pudicitite,
1613 4973 1784 5027 neque
1826 4959 1893 5014 de

309 5042 610 5099 humilitate
630 5088 643 5107 ,
674 5061 847 5114 neque
875 5045 942 5100 de
967 5047 1230 5100 oblivione
1257 5046 1505 5116 loquutus
1539 5057 1621 5102 est
1664 5048 1890 5117 injuriae,
1917 5041 1920 5043 ’

313 5137 405 5190 sed
427 5153 586 5206 super
615 5138 706 5190 tali
734 5153 794 5192 re
823 5137 1074 5207 quadam,
1106 5153 1262 5206 quam
1291 5140 1558 5208 praecipue
1575 5140 1783 5194 discere
1808 5157 1892 5193 re-

1112 275 1200 332 DE
1240 272 1578 332 LAUDIBUS
1614 272 1671 330 S.
1704 269 1906 327 PAULI
1947 267 2303 326 APOSTOLI.
2345 268 2574 325 llOMlL.
2620 268 2705 324 Vl.

3414 274 3518 329 508

1945 399 2063 454 gem
2101 383 2238 438 illius
2267 384 2520 454 temporis
2543 381 2822 453 oportebat
2850 399 2862 436 :
2894 383 2946 438 id
2966 391 3078 449 est,
3111 383 3178 440 de
3203 399 3523 440 conservan-

1949 473 2013 527 da
2045 474 2342 544 integritate
2359 473 2576 544 justitiae
2597 516 2611 541 ,
2641 483 2695 528 et
2721 475 2962 530 manibus
3002 475 3328 531 abstinendis
3349 493 3378 529 a
3411 493 3525 530 mu-

1949 567 2182 621 neribus.
2206 566 2370 621 David
2397 570 2554 623 etiam
2599 567 2830 637 glorians
2854 567 2920 622 de
2950 569 3026 621 cis
3053 569 3232 638 utique
3258 569 3526 638 gloriaba-

1951 667 2052 720 tur,
2079 675 2194 727 qure
2219 659 2504 713 emendare
2539 658 2834 713 auditorem
2856 659 3112 714 valerent.
3162 659 3345 728 Neque
3383 660 3528 715 enim

1949 748 2015 804 de
2035 765 2092 803 se
2121 751 2275 804 aliam
2307 752 2743 806 commemoravit
2792 751 2879 806 ille
2907 752 3156 807 virtutem
3176 793 3191 816 ,
3223 753 3316 807 sed
3348 768 3529 808 ursum

1947 851 2106 908 atque
2132 841 2338 894 leonem
2365 841 2580 895 adduxit
2609 842 2660 896 in
2684 841 2914 896 medium
2935 884 2950 910 ,
2977 851 3135 913 atque
3149 843 3289 898 aliud
3311 857 3532 913 prorsus

1949 933 2077 985 nihil
2109 934 2185 1002 (l.
2237 933 2362 1002 Reg.
2395 934 2479 986 l7.
2514 933 2628 1005 34).
2669 935 2876 988 Etenim
2932 935 3087 990 altius
3138 935 3205 990 de
3231 951 3290 991 se
3339 935 3533 990 ell‘erre

1949 1039 2251 1079 sermonem
2290 1025 2504 1094 gloriosi
2545 1034 2627 1079 est
2668 1033 2722 1080 et
2759 1025 3048 1079 insolenter
3075 1039 3194 1080 sese
3230 1025 3482 1096 iactantis
3513 1040 3529 1078 :

1951 1117 2127 1172 dicere
2147 1127 2323 1172 autem
2355 1119 2438 1172 illa
2459 1134 2577 1187 qum
2597 1118 2872 1185 praesentis
2894 1119 2966 1172 rei
2988 1133 3144 1173 causa
3169 1118 3548 1172 tantummodo.

1952 1211 2249 1264 necessaria
2301 1219 2425 1264 sunt
2475 1211 2684 1275 futura,
2735 1213 2963 1266 amantis
3005 1219 3089 1266 est
3143 1211 3540 1282 multorumque

1952 1302 2231 1356 commoda
2260 1303 2558 1373 cogitantis.
2592 1303 2703 1358 Hoc
2746 1304 2920 1373 itaque
2945 1303 3068 1358 fecit
3099 1313 3154 1359 et
3183 1303 3378 1359 Paulus
3397 1305 3550 1374 ,.qui-.

1955 1409 2126 1447 cuma
2158 1393 2618 1463 pseudoaposlolis
2668 1406 2996 1465 carperetur,
3043 1397 3192 1467 quasi
3244 1411 3349 1451 non
3391 1407 3547 1452 esset

1955 1485 2207 1554 probatus
2244 1487 2549 1554 apostolus,
2602 1502 2702 1542 nec
2747 1487 2950 1542 habens
2986 1503 3017 1541 a
3045 1488 3274 1542 Christo-
3303 1489 3535 1558 aliquam

1956 1587 2301 1648 potestatem,
2351 1588 2566 1648 propter
2608 1580 3020 1634 obtrectationes
3069 1579 3226 1637 falsas
3264 1580 3316 1634 in
3357 1581 3542 1637 laudes

1957 1684 2080 1724 suas
2108 1671 2186 1726 ire
2209 1671 2515 1740 compulsus
2539 1680 2621 1726 est
2639 1711 2653 1738 ,
2679 1686 2799 1739 qua:
2829 1672 3058 1726 maxime
3087 1671 3394 1740 dignitatem
3423 1671 3538 1741 ejus

1957 1760 2317 1815 ostenderent.
2357 1759 2586 1815 Videsne
2627 1760 2784 1829 igitur
2819 1775 2916 1829 per
2942 1770 3138 1829 quanta
3169 1760 3408 1816 docuerit
3445 1776 3540 1816 au-

1957 1851 2185 1907 ditorem
2226 1867 2332 1906 non
2379 1851 2605 1906 inaniter
2645 1851 2897 1922 gloriari?
2947 1851 3125 1906 Primo
3169 1851 3380 1921 quidem
3411 1851 3540 1906 dum

1959 1943 2191 1998 ostendit
2217 1958 2275 1998 se
2296 1942 2436 1998 istud
2451 1943 2693 1998 adactum
2717 1942 3032 1998 necessitate
3046 1942 3254 1998 iecisse.
3269 1942 3540 2007 Secundo,

1959 2033 2086 2088 dum
2115 2041 2291 2088 tamen
2319 2049 2377 2088 se
2398 2033 2732 2102 insipientem
2750 2034 2988 2100 vocavit,
3019 2042 3074 2087 et
3095 2034 3333 2104 plurimis
3356 2033 3544 2089 laudes

1961 2139 2086 2178 suas
2127 2123 2578 2180 satisfactionibus
2622 2124 2954 2194 temperavit.
3008 2123 3222 2188 Tertio,
3272 2125 3393 2194 quia
3435 2138 3541 2178 non

1961 2223 2152 2270 cuneta
2181 2214 2458 2269 confessus
2481 2222 2592 2279 est,
2619 2213 2716 2268 sed
2743 2213 2943 2283 majora
2969 2214 3298 2283 suppressit,
3345 2223 3400 2268 et
3443 2212 3546 2270 hoc

1963 2318 2139 2372 certe,
2191 2322 2310 2362 cum
2361 2307 2677 2362 necessitate
2697 2305 2924 2375 quadam
2970 2306 3020 2359 in
3051 2319 3146 2359 sua
3166 2305 3428 2375 praeconia
3455 2321 3547 2361 co-

1963 2406 2199 2468 geretur.
2252 2396 2485 2463 Quarto,
2532 2395 2658 2450 dum
2707 2397 2808 2451 sub
2853 2396 3072 2450 alterius
3109 2409 3334 2464 persona
3379 2395 3546 2460 dixit,

1969 2490 2091 2546 Scio
2143 2492 2398 2546 hominem
2445 2490 2525 2560 (2.
2566 2488 2684 2545 Cor.
2741 2489 2829 2544 12.
2874 2489 2952 2560 2).
2997 2490 3228 2558 Quinto,
3276 2505 3396 2545 cum
3441 2505 3548 2544 non

1966 2597 2152 2637 omnes
2203 2583 2426 2637 virtutes
2473 2596 2597 2636 suas
2638 2581 2859 2636 adduxit
2893 2582 2944 2635 in
2989 2581 3240 2644 medium,
3292 2581 3385 2635 sed
3432 2595 3552 2635 eam

1968 2685 2172 2744 partem
2197 2714 2213 2740 ,
2262 2688 2418 2742 quam
2448 2686 2685 2742 prmsens
2725 2681 2936 2741 tempus
2983 2673 3214 2727 maxime
3257 2671 3550 2740 ﬂagitabat.

1968 2768 2150 2838 Neque
2195 2782 2321 2822 vero
2366 2766 2434 2822 de
2461 2771 2520 2821 Se
2550 2765 2916 2820 tantummodo
2960 2763 3266 2835 gloriando,
3308 2762 3558 2818 eumdem

1970 2859 2223 2914 virtutum
2265 2873 2483 2913 suarum
2510 2857 2758 2912 servabat
2783 2867 3057 2922 tenorem,
3100 2855 3446 2910 verumetiam
3500 2855 3566 2910 in

1970 2951 2105 3006 alios
2128 2991 2142 3017 ,
2174 2966 2294 3020 quae
2324 2949 2640 3004 viderentur
2661 2949 2916 3020 injuriosa
2939 2990 2954 3015 ,
2985 2948 3229 3004 dicendo.
3259 2948 3388 3003 Nam
3413 2947 3558 3016 inju-

1973 3044 2106 3099 riam
2131 3043 2326 3098 inferre
2353 3043 2501 3097 fratri
2530 3043 2668 3097 inter
2685 3042 2950 3113 prohibita
2970 3051 3316 3109 numeratur;
3340 3041 3433 3098 sed
3459 3041 3559 3097 hac

1974 3150 2186 3206 quoque
2209 3134 2388 3206 specie
2425 3135 2497 3189 ita
2525 3135 2723 3190 Paulus
2752 3145 3052 3205 opportune
3077 3151 3206 3192 usus
3231 3144 3314 3192 est
3339 3144 3394 3191 et
3423 3150 3560 3191 con-

1974 3243 2133 3298 grue,
2166 3236 2222 3281 ut
2268 3227 2435 3297 magis
2461 3228 2620 3282 etiam
2647 3243 2804 3298 quam
2849 3227 3069 3283 laudans
3107 3227 3344 3297 placeret
3373 3243 3389 3281 :
3428 3241 3558 3297 pro-

1977 3331 2159 3388 pterea
2176 3330 2225 3375 ct
2242 3319 2452 3375 Galatas
2482 3321 2780 3374 insensatos
2805 3330 2958 3374 vocat
2991 3317 3131 3389 (Gal.
3156 3320 3208 3374 5.
3236 3316 3325 3386 1);
3353 3327 3406 3373 et
3432 3318 3564 3373 Cre-

1980 3419 2158 3464 tenses
2183 3453 2197 3475 ,
2237 3419 2450 3466 ventres
2474 3411 2689 3480 pigros,
2721 3419 2775 3464 et
2801 3409 2998 3464 bestias
3038 3409 3206 3463 malas
3294 3405 3312 3476 (
3349 3408 3452 3462 Tit.
3505 3411 3558 3464 1.

1979 3500 2068 3569 12)
2097 3518 2110 3551 :
2159 3508 2214 3554 et
2241 3509 2418 3554 tamen
2449 3501 2573 3555 hinc
2602 3503 2760 3555 etiam
2804 3500 3142 3570 prmdicatur.
3175 3499 3336 3554 Fines
3363 3500 3564 3554 etenim

1983 3589 2137 3644 nobis
2163 3590 2412 3658 exemplo
2455 3605 2552 3644 suo
2581 3591 2766 3645 statuit
2787 3605 2852 3644 ac
2885 3591 3124 3661 regulas,
3151 3600 3210 3644 ut
3237 3590 3565 3660 neglectores

1981 3679 2268 3733 voluntatis
2296 3679 2388 3733 Dei
2434 3695 2766 3749 nequaquam
2813 3695 2939 3734 cura
2984 3680 3188 3734 leniore
3235 3687 3563 3744 tractemus,

1983 3771 2077 3824 sed
2107 3785 2406 3825 sermonem
2437 3770 2492 3823 in
2544 3785 2666 3836 eos,
2701 3772 2788 3840 qui
2815 3771 2974 3840 paulo
3021 3771 3240 3840 rigidius
3271 3771 3562 3840 percutiat,

1984 3859 2295 3928 dirigamus.
2343 3860 2592 3914 Omnium
2635 3859 2895 3928 siquidem
2954 3875 3217 3914 mensura:
3254 3870 3379 3914 sunt
3430 3859 3567 3928 apud

1986 3950 2129 4004 illum
2157 3950 2342 4004 locatae
2363 3992 2377 4016 ,
2405 3965 2468 4004 ac
2492 3960 2768 4018 propterea
2797 3964 2956 4004 omne
2984 3948 3126 4018 quod
3154 3949 3382 4013 dixerit,
3411 3963 3572 4003 omne

1986 4043 2128 4113 quod
2155 4043 2338 4098 fecerit
2358 4085 2372 4108 ,
2402 4041 2574 4112 placet
2603 4061 2615 4096 :
2642 4051 2696 4096 et
2720 4041 2974 4097 conviciis
3011 4041 3309 4096 coercendo
3329 4082 3344 4104 ,
3373 4051 3428 4095 et
3453 4040 3568 4095 lau-

1987 4135 2144 4189 dibus
2175 4133 2542 4203 provocando,
2572 4133 2836 4189 austerius
2877 4135 3084 4203 aliquos
3125 4133 3426 4188 accusando
3449 4175 3464 4199 ,
3513 4143 3572 4188 et

1988 4225 2232 4280 blandius
2301 4225 2672 4288 admonendo;
2725 4234 2779 4280 et
2825 4239 2945 4278 cum
2998 4223 3154 4279 effert
3199 4225 3466 4294 seipsum,
3521 4235 3576 4278 et

1990 4333 2176 4372 rursus
2199 4332 2318 4371 cum
2350 4316 2570 4385 deponit
2594 4331 2657 4370 ac
2673 4315 2882 4385 dejicit,
2909 4325 3103 4369 etcum
3125 4314 3192 4369 de
3216 4329 3276 4369 se
3293 4314 3566 4385 gloriatur.

1991 4417 2047 4464 et
2072 4425 2190 4464 cum
2222 4409 2456 4477 seipsum
2485 4409 2787 4464 miseretur.
2840 4407 2909 4462 Et
2935 4407 3059 4477 quid
3089 4407 3279 4461 mirum
3305 4409 3348 4460 si
3383 4406 3574 4476 injuria

1993 4511 2047 4555 et
2073 4501 2412 4556 maledictum
2445 4500 2657 4571 placet,
2708 4499 2922 4570 quando
2949 4500 3145 4570 placuit
3186 4509 3241 4554 et
3267 4500 3472 4565 caedes,
3520 4508 3577 4554 et

1994 4592 2146 4648 dolus
2176 4594 2390 4663 quidem
2439 4603 2598 4663 atque
2640 4592 2882 4661 deceptio
2910 4607 3018 4646 non
3067 4592 3120 4645 in
3153 4600 3338 4646 vetere
3367 4591 3578 4655 solum,

1997 4684 2090 4737 sed
2114 4684 2164 4736 in
2191 4700 2328 4738 novo
2355 4683 2514 4738 etiam
2547 4682 2929 4737 Testamento?
2957 4681 3080 4736 llmc
3105 4681 3282 4736 omnia
3313 4681 3470 4751 igitur
3492 4681 3575 4734 di-

1996 4779 2176 4848 ligenti
2203 4779 2449 4833 examine
2488 4777 2846 4847 ponderantes
2887 4775 3214 4830 admiremur
3238 4774 3496 4837 Paulum,
3524 4781 3580 4827 et

1997 4869 2352 4938 gloriticemus
2382 4870 2548 4922 Deum
2569 4907 2584 4934 ,
2624 4876 2682 4921 ut
2715 4866 2812 4935 ipsi
2833 4866 2994 4920 etiam
3025 4867 3160 4920 bona
3187 4880 3579 4934 consequamur

1998 4971 2228 5025 aztcrna,
2269 4959 2439 5029 gratia
2469 4967 2524 5013 ct
2572 4957 2935 5012 misericordia
2991 4956 3197 5010 Domini
3245 4956 3411 5010 nostri
3449 4955 3576 5009 Jesu

1999 5052 2224 5117 Christi,
2251 5053 2334 5106 cui
2366 5063 2446 5107 est
2473 5052 2638 5122 gloria
2670 5060 2723 5106 ct
2751 5051 3028 5122 imperium
3054 5091 3069 5116 ,
3102 5063 3244 5103 mine
3269 5058 3323 5104 et
3347 5062 3577 5117 semper,

2006 5145 2132 5197 etin
2161 5143 2352 5197 saecula
2379 5144 2717 5197 smculorum.
2751 5146 2945 5197 Amen.

1197 5277 1340 5347 DE
1389 5277 1907 5351 LAUDIBUS
1977 5282 2364 5353 SANCTI
2417 5282 2735 5353 PAULI

1781 5407 2093 5452 APOSTOLI.

1664 5534 1894 5549 ——

948 5623 1162 5665 HOIIIIJA
1195 5627 1267 5664 Vl.

391 5691 620 5750 Primum
650 5712 821 5752 corum
847 5714 960 5770 qua:
982 5701 1033 5756 in
1059 5699 1225 5762 Paulo
1247 5703 1676 5773 reprehenduntur
1712 5719 1729 5758 :
1757 5722 1899 5761 nian-

1901 5514 2240 5571 _...._..

2004 5611 2124 5665 data
2154 5613 2251 5666 Det
2277 5613 2552 5683 possibilia.
2588 5641 2657 5655 -ι
2689 5612 2862 5666 Vultis
2892 5607 3078 5672 hodie,
3114 5608 3304 5664 fratres
3342 5605 3582 5662 dilectis-

2007 5707 2126 5763 siml
2151 5747 2165 5776 ,
2194 5707 2282 5778 qui
2311 5706 2559 5765 audiendi
2588 5704 2762 5765 studio
2800 5704 2900 5760 huc
2929 5701 3287 5774 convenistis,
3311 5709 3368 5758 ut
3391 5712 3585 5770 magna
