4044 6206
449 273 558 332 503

458 403 603 462 gesta
633 393 779 450 Pauli
809 403 969 466 atque
999 397 1250 467 prteclara
1285 440 1298 462 ,
1336 413 1456 469 quae
1494 400 1644 469 juxta
1686 402 2034 471 quorumdam

461 487 816 557 suspicionem
856 488 1054 545 habere
1092 490 1338 545 videntur
1376 493 1392 523 ¹
1426 492 1625 562 aliquid
1661 494 2038 564 reprehensioo

464 580 546 633 uis
567 620 586 646 ,
615 580 665 633 in
696 579 927 634 medium
970 581 1342 651 proferamus?
1380 584 1589 638 Etenim
1617 579 1949 642 inveniemus
1973 588 2036 641 il-

464 671 573 724 lum
596 683 699 724 non
727 671 902 726 minus
929 687 992 727 ex
1021 672 1104 727 his
1128 715 1140 735 ,
1165 690 1322 744 quam
1348 690 1412 730 ex
1441 677 1649 731 eteteris
1668 677 1870 732 clarum
1899 678 2039 733 efﬁci

464 771 622 832 atque
651 761 1010 831 magniﬁcum.
1040 764 1303 830 Quidnam
1336 765 1463 821 illud
1488 783 1618 837 ergo
1652 778 1754 832 est,
1785 770 1927 839 quod
1961 787 2044 826 re-

464 851 823 920 prehensibile
841 852 1107 921 judicatur
1130 853 1154 908 ?
1175 855 1331 910 Visus
1352 867 1453 922 est,
1482 859 1743 928 inquiunt,
1763 859 2044 929 aliquando

467 942 647 1014 plagas
675 942 864 998 timere
895 959 909 998 ε
939 944 1076 1013 quod
1104 955 1250 1001 certe
1275 947 1419 1003 visus
1446 958 1548 1015 est,
1578 949 1793 1020 quando
1820 965 1940 1005 eum
1967 951 2046 1006 lo-

466 1029 541 1084 ris
579 1031 773 1086 milites
804 1032 1113 1089 tutuderunt
1135 1075 1150 1099 ,
1195 1050 1365 1106 neque
1405 1051 1531 1092 vero
1559 1039 1730 1091 solum
1761 1047 1885 1094 tunc
1908 1081 1924 1103 ,
1951 1040 2044 1095 sed

467 1121 596 1174 alias
622 1135 831 1192 quoque
849 1122 987 1192 apud
1014 1124 1154 1178 illam
1178 1120 1428 1196 purpurai
1442 1128 1809 1196 venditricem,
1833 1130 2046 1199 quando

467 1211 626 1264 etiam
652 1225 842 1266 causas
867 1214 1007 1282 apud
1028 1215 1148 1269 illos
1172 1217 1441 1283 movebat,
1473 1218 1562 1286 qui
1593 1233 1712 1273 eum
1739 1219 1807 1274 de
1829 1233 2046 1275 carcere

466 1299 574 1369 jam
619 1301 847 1358 educere
876 1298 1213 1360 festinabant.
1261 1305 1404 1361 Nihil
1451 1309 1593 1362 enim
1637 1309 1780 1363 aliud
1821 1310 1920 1364 ista
1967 1309 2045 1363 fa-

469 1389 696 1456 ciendo,
734 1391 834 1446 nisi
874 1387 1086 1449 sibimet
1123 1395 1222 1464 ipsi
1247 1395 1610 1453 defensionem
1640 1399 1891 1468 parabat,
1922 1402 2048 1455 etsi

469 1481 596 1550 quid
623 1482 810 1538 horum
840 1484 1075 1555 fugeret,
1116 1502 1184 1542 ne
1215 1489 1265 1542 in
1292 1503 1352 1544 ea
1392 1490 1504 1558 ipsa
1533 1503 1718 1546 rursus
1747 1492 2004 1548 incideret
2030 1535 2045 1557 ,

471 1574 800 1643 providebat.
825 1575 960 1643 Quid
983 1577 1139 1646 igitur
1163 1577 1400 1634 dicemus
1421 1581 1444 1632 ?
1466 1581 1735 1650 Siquidem
1765 1582 1894 1636 nihil
1920 1573 2046 1638 eum

476 1664 548 1716 ita
594 1679 842 1734 magnum
887 1676 1045 1736 atque
1091 1669 1424 1736 mirabilem,
1465 1681 1524 1726 ut
1563 1671 1679 1726 lure
1707 1672 1847 1728 dieta
1875 1673 2050 1730 decla-

472 1764 628 1821 rant,
657 1758 780 1825 quia
809 1758 988 1826 utique
1027 1768 1082 1814 et
1111 1761 1269 1815 talem
1302 1760 1504 1818 habens
1541 1764 1775 1818 animam
1798 1805 1813 1828 ,
1839 1764 1891 1819 id
1921 1773 2003 1820 est
2029 1808 2048 1832 ,

471 1860 577 1899 non
604 1848 926 1917 malignitate
950 1849 1175 1918 quadam
1209 1866 1271 1906 ac
1300 1851 1671 1921 desperatione
1699 1855 2046 1924 praecipitem,

473 1945 528 1990 et
545 1945 739 2006 corpus
761 1937 955 1993 cedens
977 1940 1161 2009 plagis,
1188 1952 1346 2011 atque
1369 1944 1592 1999 verbera
1608 1949 2046 2010 eontremiscens,

475 2034 580 2079 non
608 2027 785 2080 minus
815 2036 991 2082 tamen
1023 2044 1179 2098 quam
1215 2032 1542 2101 incorporea:
1579 2035 1801 2090 virtutes
1825 2078 1840 2102 ,
1873 2036 2048 2091 omnia

475 2114 566 2168 illa
595 2130 717 2184 qua:
752 2117 1000 2172 videntur
1037 2119 1290 2176 terribilia
1332 2122 1611 2193 despexit,
1642 2140 1760 2181 cum
1791 2127 1892 2183 hoc
1917 2138 2051 2183 tem-

477 2217 576 2272 pus
611 2205 863 2276 exigeret.
892 2207 1115 2274 Quando
1153 2225 1282 2282 ergo
1320 2213 1470 2268 illum
1506 2215 1656 2271 vides
1680 2226 1950 2272 extentum
1983 2219 2049 2273 ad

477 2294 658 2363 plagas
676 2336 692 2360 ,
732 2303 891 2365 atque
916 2308 1239 2355 metuentem
1262 2343 1276 2367 ,
1319 2303 1527 2359 illorum
1554 2306 1835 2363 recordare
1859 2309 2051 2364 verbo-

481 2397 632 2453 rum,
666 2401 762 2455 per
787 2402 907 2458 quae
933 2392 1260 2447 transcendit
1287 2395 1354 2448 ad
1382 2395 1567 2450 caelum
1596 2399 1901 2469 angelisque
1928 2415 2048 2455 cer-

477 2474 628 2540 lavit,
651 2476 875 2532 dicendo
905 2495 920 2534 :
952 2479 1078 2546 Quis
1106 2498 1223 2553 ergo
1248 2500 1338 2537 nos
1353 2487 1601 2555 separabit
1617 2503 1648 2540 a
1667 2489 1874 2543 caritate
1900 2489 2049 2545 Chri—

476 2566 576 2620 sti?
601 2567 857 2623 tribulatio
875 2609 891 2635 ,
913 2587 980 2625 an
1003 2574 1265 2642 angustia,
1291 2592 1358 2629 an
1388 2579 1700 2648 perscquutio
1723 2618 1738 2645 ,
1771 2597 1836 2634 an
1859 2581 2017 2649 [mnes
2033 2625 2047 2647 ,

479 2673 547 2712 an
570 2658 792 2724 auditas,
819 2676 888 2713 an
917 2663 1215 2731 periculum,
1247 2681 1312 2719 an
1335 2667 1538 2736 gladius
1563 2667 1737 2740 (Rom.
1761 2670 1816 2726 8.
1841 2671 1970 2741 35)?
1991 2674 2052 2726 il-

477 2747 754 2819 lorumque
779 2752 1058 2807 verborum
1083 2765 1349 2811 memento
1368 2791 1384 2823 ,
1412 2759 1602 2827 quibus
1621 2763 1794 2815 omnia
1820 2778 1938 2832 qua:
1962 2780 2050 2832 pa-

479 2839 642 2907 titur,
689 2840 818 2895 nihil
847 2858 968 2899 esse
1007 2847 1342 2914 pronuntiat,
1373 2849 1557 2905 dicens
1590 2869 1603 2904 :
1639 2851 1788 2916 Quod
1833 2857 1964 2908 enim
1998 2859 2050 2909 in

480 2931 714 2997 prmenti
739 2941 813 2984 est
845 2944 1246 2990 momentaneum
1263 2954 1324 2991 ac
1349 2939 1454 2992 leve
1483 2941 1816 2997 tribulationis
1846 2957 2048 3012 nostrce,

479 3038 636 3092 supra
679 3024 884 3078 modum
929 3027 982 3080 in
1018 3028 1321 3084 sublimitate
1352 3042 1591 3085 wternum
1634 3036 1810 3104 gloria:
1855 3039 2051 3106 pondus

481 3123 717 3183 operatur
755 3115 807 3170 in
843 3118 984 3171 nobis
1007 3159 1022 3184 ,
1050 3134 1151 3172 non
1190 3122 1642 3192 contemplantibus
1669 3127 1810 3180 nobis
1839 3143 1952 3195 qua:
1987 3130 2053 3182 υἱ·
2096 3170 2106 3179 .

481 3204 681 3271 dentur,
699 3208 787 3260 sed
801 3224 914 3275 qua:
941 3226 1040 3263 non
1069 3211 1298 3266 uidentur
1321 3213 1394 3282 (2.
1417 3213 1534 3269 Cor.
1561 3216 1614 3270 4.
1645 3217 1732 3272 17.
1764 3218 1874 3289 l8).
1902 3220 2051 3276 Adde

481 3294 566 3348 bis
586 3297 918 3364 quotidianus
947 3301 1332 3367 tribulationes,
1366 3305 1472 3360 imo
1499 3307 1821 3377 singularum
1854 3323 2052 3367 mortes

481 3385 685 3440 dierum
709 3429 724 3452 ,
751 3396 908 3458 atque
931 3391 1030 3445 ista
1061 3395 1394 3462 perpendens
1423 3398 1686 3454 admirare
1714 3401 1933 3456 Paulum
1958 3446 1973 3470 ,
2001 3415 2053 3460 et

483 3473 550 3530 de
577 3483 628 3530 te
652 3475 938 3546 desperare
956 3479 1171 3536 desiste.
1204 3483 1327 3539 llaec
1356 3487 1498 3540 enim
1523 3504 1641 3557 quae
1665 3490 1874 3546 videtur
1905 3493 2054 3548 inﬁr-

481 3567 637 3621 mitas
665 3582 784 3624 esse
805 3578 1024 3638 naturae,
1055 3573 1166 3642 ipsa
1186 3584 1268 3629 est
1294 3579 1578 3632 maximum
1600 3580 1715 3649 ejus
1738 3583 1943 3640 virtutis
1967 3587 2051 3640 in-

482 3655 679 3712 dicium
702 3699 716 3725 ,
756 3660 876 3730 quia
907 3662 1066 3718 talem
1104 3679 1163 3720 se
1189 3666 1370 3736 utique
1395 3671 1678 3736 prmstabat
1702 3713 1716 3736 ,
1747 3675 1904 3728 etiam
1930 3692 2050 3731 cum

484 3749 767 3806 multarum
809 3768 988 3808 rerum
1035 3759 1351 3813 necessitate
1396 3771 1747 3831 torqueretur.
1792 3767 2051 3832 Quoniam

484 3842 773 3896 enormitas
793 3845 1149 3912 periculorum
1175 3848 1311 3904 hanc
1341 3850 1408 3904 de
1428 3851 1520 3905 illo
1545 3855 1724 3908 multis
1751 3857 2051 3926 Opinionem

485 3936 849 4001 suggesserat,
882 3946 930 3990 et
956 3939 1213 4006 suspicari
1243 3956 1336 3997 eos
1369 3944 1607 4012 profecto
1637 3945 1871 4015 fecerat,
1911 3952 2053 4020 quod

481 4037 642 4091 super
679 4022 961 4081 humanam
988 4039 1226 4085 naturam
1255 4033 1340 4088 ille
1364 4035 1664 4104 proficiens,
1711 4048 1886 4095 tantus
1913 4044 2055 4098 exsi-

482 4121 648 4168 steret
679 4132 692 4169 :
721 4115 918 4171 idcirco
956 4120 1192 4175 tribulari
1234 4127 1667 4195 permittebatur,
1701 4139 1756 4185 ut
1784 4131 2050 4201 disceres,

481 4219 602 4272 quia
628 4221 749 4261 cum
774 4211 1061 4266 secundum
1091 4223 1328 4270 naturam
1358 4234 1494 4272 unus
1519 4231 1659 4276 esset
1685 4222 1750 4275 de
1777 4225 2049 4292 pluribus;

483 4303 700 4364 prOpter
719 4299 1040 4356 voluntatem
1066 4318 1169 4359 non
1196 4307 1364 4362 solum
1387 4324 1546 4378 supra
1571 4313 1766 4366 multos
1786 4315 2051 4379 homines,

485 4397 668 4442 verum
709 4390 867 4444 etiam
896 4403 1034 4448 unus
1067 4407 1210 4451 esset
1233 4413 1304 4452 ex
1348 4401 1570 4469 angelis.
1601 4403 1736 4457 Cum
1769 4405 1854 4458 tali
1893 4408 2052 4460 etiam

485 4478 662 4533 anima
693 4481 890 4551 talique
914 4497 1138 4553 corpore
1167 4498 1364 4544 mortes
1391 4493 1532 4546 mille
1562 4495 1840 4559 tolerabat,
1872 4497 2054 4565 chpi-

483 4571 976 4641 ciebatprzeseutia,
1009 4582 1380 4636 contemnebat
1401 4582 1592 4646 futura,
1624 4585 1762 4639 clara
1795 4587 1876 4640 illa
1899 4597 2054 4658 atque

485 4663 761 4733 magniﬁca
797 4667 952 4722 verba
985 4671 1306 4728 resonabat:
1341 4675 1591 4739 Quoniam
1620 4680 1788 4745 optavi
1807 4720 1819 4741 ,
1852 4680 2052 4748 inquit,

484 4770 575 4824 ego
615 4756 722 4825 ipse
761 4758 1026 4814 anathema
1066 4778 1172 4816 esse
1213 4780 1246 4816 α
1281 4764 1477 4818 Christo
1513 4765 1636 4819 Iesu
1679 4784 1770 4834 pro
1819 4772 2057 4838 fratribus

483 4848 634 4914 meis,
665 4851 750 4920 qui
774 4861 891 4904 sunt
916 4855 1120 4924 cognati
1145 4857 1240 4908 mei
1269 4858 1539 4910 secundum
1569 4875 1769 4912 carnem
1796 4862 1969 4930 (Rom.
2002 4865 2052 4917 9.

485 4934 562 5004 5).
593 4940 852 4998 Possibile
876 4954 958 4999 est
987 4947 1126 5000 enim
1167 4947 1259 5001 Dei
1296 4949 1444 5016 jussa
1489 4950 1774 5016 perlicere,
1824 4953 1866 5005 si
1900 4954 2056 5006 nimio

485 5031 714 5087 velimus
751 5049 964 5089 omnem
1007 5046 1210 5092 naturte
1250 5040 1650 5108 trepidationem
1681 5043 1926 5098 alacriter
1948 5046 2054 5098 vir-

488 5132 596 5178 tute
629 5138 918 5194 superare,
959 5130 1194 5200 nihilque
1226 5131 1548 5200 impossibile
1574 5143 1651 5188 est
1683 5150 1864 5189 eorum
1888 5179 1900 5197 ,
1938 5154 2056 5205 quze

481 5227 512 5267 a
533 5214 746 5272 Christo
767 5217 1065 5277 hominibus
1088 5225 1432 5292 imperantur.
1459 5224 1513 5278 Si
1535 5226 1674 5280 enim
1697 5239 1948 5296 quantum
1977 5240 2058 5283 est

483 5307 538 5360 in
567 5308 719 5362 nobis
745 5310 970 5367 velimus
999 5315 1185 5367 virium
1214 5315 1512 5382 exprimere
1536 5357 1550 5382 ,
1581 5318 1866 5371 maximum
1897 5320 2055 5372 etiam

483 5398 640 5454 nobis
668 5403 807 5458 Deus
833 5405 1071 5477 adiungit
1107 5407 1392 5470 auxilium,
1425 5417 1582 5476 atque
1609 5409 1676 5461 ita
1696 5447 1712 5474 ,
1743 5408 1841 5462 etsl
1883 5410 2056 5462 omnia

485 5489 537 5542 ln
560 5506 656 5546 nos
684 5495 902 5549 adversa
933 5505 1283 5562 concurrant,
1315 5500 1408 5550 tuti
1439 5507 1609 5551 tamen
1639 5499 1689 5550 in
1719 5499 1893 5552 medio
1919 5499 2058 5568 peri-

483 5581 721 5636 culorum
767 5586 1052 5656 intactique
1099 5587 1450 5642 servabimur.
1493 5587 1676 5656 Neque
1725 5598 1899 5642 tamen
1947 5604 2058 5643 mc-

523 5673 570 5742 ηί.
599 5678 697 5726 Cr..
728 5676 878 5742 fuitis
897 5677 1038 5742 hodie
1054 5687 1123 5735 ut,
1139 5679 1548 5742 prietermt'tteutcs
1573 5678 1811 5742 nrmclara
1827 5686 1872 5727 et
1905 5678 2055 5728 mira-

484 5731 600 5785 bilia
619 5734 773 5794 Pauli.
795 5752 904 5795 qua:
931 5739 1070 5797 iua'ta
1093 5731 1322 5798 quosdam
1349 5740 1523 5794 habere
1543 5731 1778 5801 videntur,
1803 5749 1898 5791 etc.

1195 277 1254 336 Β.
1296 278 1574 337 JOANNIS
1613 282 2084 342 CllliYSOSTOMl
2122 286 2438 345 ARCHIEP.
2479 286 3010 346 CONSTANTINOP.

3624 285 3727 348 ειη

2150 435 2302 480 tuere
2328 425 2510 493 plagas
2535 423 2966 494 reprehensione
2990 423 3206 494 dignum
3233 433 3315 481 est
3338 465 3352 491 ,
3391 425 3483 482 sed
3514 438 3728 497 propter

2147 517 2419 588 plagarum
2460 525 2660 571 metum
2691 515 2888 586 aliquid
2932 515 3205 586 indignum
3243 515 3441 586 pietate
3477 519 3729 572 commit-

2147 616 2283 663 tere.
2305 607 2418 663 lloc
2456 609 2572 678 ipso
2597 608 2770 674 enim,
2797 623 2903 678 quo
2931 609 3109 678 plagas
3138 609 3319 674 timet,
3347 609 3436 678 qui
3476 610 3530 664 in
3559 622 3729 666 certa-

2147 701 2290 755 mine
2320 715 2425 754 non
2447 701 2692 763 vincitur,
2716 700 3079 754 admirabilior
3099 700 3396 755 ostenditur
3413 742 3430 768 ,
3457 717 3618 772 quam
3641 703 3730 757 ille

2148 792 2242 861 qui
2273 806 2378 845 non
2401 792 2568 845 timet.
2594 789 2758 861 Magis
2785 790 2926 846 enim
2951 792 3002 844 in
3025 791 3126 845 isto
3145 791 3312 847 virtus
3337 791 3584 862 refulget,
3608 807 3728 848 cum

2150 885 2338 940 vicerit
2365 885 2522 939 etiam
2554 885 2638 938 illa
2670 900 2788 953 qua:
2816 885 3009 938 timuit.
3034 882 3169 939 Nam
3201 884 3379 954 plagas
3404 885 3728 951 formidare,

2150 984 2354 1029 natura:
2392 983 2516 1029 est:
2545 973 2678 1028 nihil
2713 983 2892 1029 autem
2935 973 3188 1028 indecens
3227 975 3496 1043 plagarqu
3538 975 3731 1030 timore

2151 1066 2514 1129 committere,
2561 1065 2849 1119 voluntatis
2900 1073 3145 1119 naturam
3190 1065 3451 1120 inﬁrmam
3493 1066 3732 1135 juvantis

2151 1166 2267 1222 est,
2319 1157 2540 1226 ejusque
2579 1157 2996 1211 imbecillitatem
3031 1172 3123 1211 sua
3173 1158 3368 1212 virtute
3408 1160 3727 1226 superantis.

2154 1246 2243 1302 Sic
2269 1261 2368 1302 uec
2393 1261 2620 1302 manere
2645 1246 2906 1316 culpabile
2925 1256 3008 1302 est
3031 1289 3046 1310 ,
3081 1247 3174 1301 sed
3196 1260 3292 1316 per
3320 1262 3606 1303 maerorem
3630 1249 3722 1303 ali-

2153 1341 2278 1410 quid
2317 1348 2408 1395 aut
2444 1339 2654 1404 facere,
2690 1349 2782 1394 aut
2808 1340 2987 1394 dicere
3012 1353 3199 1398 eorum
3238 1355 3356 1409 quae
3393 1340 3506 1395 Deo
3542 1339 3729 1409 diSplia

2153 1440 2295 1486 cent.
2324 1430 2474 1498 Quod
2504 1430 2550 1484 si
2583 1445 2682 1499 ego
2725 1427 2947 1484 Paulum
2993 1429 3158 1484 fuisse
3202 1429 3470 1486 hominem
3501 1431 3729 1500 denega-

2155 1536 2293 1584 rem,
2322 1521 2514 1574 merito
2544 1519 2672 1573 mihi
2704 1519 2800 1574 has
2837 1518 3150 1589 lragilitates
3191 1530 3394 1574 naturae
3422 1521 3535 1589 ejus
3559 1535 3729 1591 oppo-

2154 1625 2312 1667 neres
2329 1653 2344 1672 .
2371 1612 2565 1682 quibus
2586 1621 2824 1666 nostrum
2850 1626 3033 1679 posses
3061 1610 3293 1666 refutare
3320 1625 3644 1666 sermonem.
3672 1611 3732 1666 Si

2154 1718 2284 1759 vero
2303 1703 2416 1773 ipse
2443 1704 2562 1758 dico
2587 1712 2745 1773 atque
2771 1702 3028 1758 conﬁrmo
3047 1704 3169 1773 quia
3193 1704 3353 1757 homo
3379 1703 3590 1773 quidem
3612 1705 3730 1769 fuit,

2154 1805 2208 1850 et
2251 1795 2392 1849 nulla
2433 1794 2586 1850 nobis
2625 1796 2784 1849 etiam
2833 1802 3036 1850 naturze
3065 1795 3368 1851 conditione
3396 1796 3732 1864 priestantior

2155 1885 2252 1939 fuit
2271 1923 2287 1950 ,
2319 1896 2494 1940 tamen
2534 1884 2722 1940 melior
2747 1884 3020 1939 voluntate
3052 1902 3065 1936 :
3099 1884 3292 1939 frustra
3318 1885 3445 1938 mihi
3474 1887 3573 1939 ista
3603 1900 3732 1953 pro-

2153 1977 2309 2046 ponis
2331 2018 2346 2044 ,
2390 1977 2498 2031 imo
2534 1991 2640 2030 non
2671 1975 2866 2030 frustra
2893 2016 2908 2039 ,
2940 1975 3035 2031 sed
3063 1976 3281 2030 omnino
3311 1990 3406 2044 pro
3437 1974 3604 2029 Paulo
3623 2014 3639 2038 ,
3679 1985 3734 2030 et

2157 2067 2281 2122 hinc
2323 2067 2656 2136 potissimum
2696 2066 2868 2136 qualis
2913 2067 3002 2122 ille
3049 2065 3209 2122 fuerit
3253 2066 3524 2130 ostendis,
3557 2069 3649 2137 qui
3679 2068 3731 2123 in
3779 2127 3782 2130 ,

2155 2159 2248 2212 tali
2279 2168 2467 2212 natura
2511 2158 2731 2223 vivens,
2775 2158 2948 2227 potuit
2985 2157 3376 2227 quodammodo
3415 2171 3535 2212 esse
3575 2172 3731 2227 supra

2155 2251 2419 2309 naturam.
2447 2253 2562 2308 Non
2588 2265 2766 2308 autem
2793 2255 2940 2308 illum
2970 2254 3336 2309 tantummodo
3356 2253 3608 2318 extollis;
3639 2253 3734 2307 sed

2155 2346 2314 2401 etiam
2339 2345 2553 2400 consuls
2573 2360 2665 2399 ora
2693 2346 3015 2415 torpentium
3040 2361 3261 2416 seseque
3290 2347 3340 2399 in
3363 2346 3624 2401 desidiam
3649 2360 3736 2400 re-

2156 2438 2461 2492 clinantium
2483 2473 2498 2502 ,
2538 2453 2642 2492 non
2671 2451 2765 2492 eos
2793 2438 3064 2492 sustinens
3085 2436 3151 2490 ad
3177 2437 3518 2492 eminentiam
3541 2435 3734 2490 confu-

2155 2544 2282 2600 gere
2302 2539 2504 2584 natura:
2525 2571 2540 2595 ,
2574 2529 2668 2585 sed
2699 2530 2982 2598 impellens
3010 2528 3074 2582 ad
3105 2528 3334 2584 studium
3363 2527 3672 2582 voluntatis.

2227 2621 2446 2676 Mortem
2481 2638 2547 2675 an
2596 2621 2813 2675 timuerit
2861 2620 3092 2685 Paulus;
3128 2621 3286 2672 libera
3327 2619 3583 2672 voluntate
3617 2619 3738 2671 boui

2157 2714 2413 2783 efﬁcimur.
2441 2743 2511 2752 ——
2539 2712 2642 2767 Sed
2672 2723 2727 2767 et
2755 2722 3002 2777 mortem,
3046 2711 3241 2780 inquis,
3281 2709 3568 2779 aliquando
3612 2724 3739 2778 per—

2158 2807 2350 2860 timuit.
2369 2805 2475 2860 Sed
2497 2805 2599 2861 hoc
2624 2819 2836 2874 quoque
2858 2804 3097 2873 profecto
3117 2813 3320 2856 natura:
3342 2811 3456 2865 est;
3488 2810 3544 2856 et
3560 2811 3738 2855 tamen

2157 2913 2342 2952 rursus
2383 2897 2471 2951 hic
2508 2899 2621 2966 ipse
2665 2897 2752 2965 qui
2801 2905 3024 2951 mortem
3073 2897 3248 2950 timuit
3271 2938 3286 2960 ,
3317 2895 3524 2950 dicebat
3554 2914 3567 2948 :
3599 2893 3740 2947 Nam

2156 2991 2394 3058 quamdiu
2422 3007 2593 3046 sumus
2608 2991 2660 3043 in
2689 2990 3135 3055 hoctubcrnaculo,
3159 2989 3525 3058 ingemiscimus
3543 2988 3742 3059 gravati

2161 3082 2236 3151 (9..
2259 3082 2375 3146 Cor.
2409 3083 2462 3136 5.
2491 3082 2545 3151 4)
2581 3099 2594 3135 :
2624 3091 2677 3136 et
2696 3096 2900 3147 rursus,
2941 3080 3053 3134 Nos
3080 3082 3177 3148 ipsi
3215 3082 3350 3133 intra
3375 3095 3467 3133 nos
3495 3079 3744 3149 gemimus

2161 3173 2338 3239 (Rom.
2388 3174 2442 3228 8.
2487 3174 2613 3244 ‘25).
2647 3173 2879 3227 Videsne
2933 3188 3091 3242 quam
3137 3172 3549 3242 tequiparantem
3591 3188 3622 3226 e
3653 3171 3742 3225 di-

2157 3281 2312 3321 verso
2351 3266 2573 3320 naturali
2615 3265 2904 3319 infirmitati
2933 3266 3175 3318 virtutem
3205 3263 3513 3332 opposuerit
3549 3263 3743 3315 volun-

2159 3357 2323 3411 tatis?
2349 3357 2481 3423 Quia
2508 3365 2562 3409 et
2607 3364 2867 3421 martyres
2921 3353 3131 3422 plurimi
3168 3368 3288 3407 cum
3323 3352 3644 3406 ducerentur
3671 3351 3741 3407 ad

2156 3458 2404 3512 mortem,
2432 3448 2625 3515 saepius
2653 3447 2975 3516 palluerunt,
3006 3455 3059 3498 et
3076 3446 3264 3498 timore
3293 3459 3354 3497 ac
3384 3443 3742 3511 trepidatione

2157 3539 2400 3608 completi
2428 3549 2549 3593 sunt
2574 3556 2588 3591 :
2621 3537 2715 3592 sed
2742 3537 2841 3590 hoc
2867 3538 2982 3605 ipso
3012 3536 3274 3603 praecipue
3296 3534 3565 3587 mirabiles
3587 3548 3742 3588 com‘

2157 3633 2467 3702 probantur,
2495 3629 2742 3699 quoniam
2771 3629 2845 3681 illi
2869 3628 2966 3694 ipsi
2992 3627 3078 3694 qui
3097 3625 3566 3705 mori‘timnerunt,
3589 3637 3743 3676 mor-

2159 3726 2263 3770 tem
2293 3725 2466 3768 tameu
2501 3722 2714 3781 propter
2736 3712 3003 3766 Christum
3033 3711 3250 3762 minime
3279 3708 3610 3774 refugerunt.
3643 3706 3738 3760 Sic

2159 3817 2212 3862 et
2237 3805 2449 3868 Paulus,
2491 3805 2578 3873 qui
2623 3818 2742 3857 cum
2774 3812 3000 3855 mortem
3044 3802 3271 3862 timeret,
3324 3813 3389 3850 ne
3431 3799 3597 3864 ipsam
3623 3797 3744 3863 qui.

2158 3897 2279 3952 dem
2323 3896 2602 3952 recusabat
2642 3893 2974 3964 gehennam,
3027 3891 3118 3960 qui
3165 3899 3380 3959 propter
3406 3889 3739 3943 desiderium

2159 3989 2353 4045 Christi
2379 4030 2393 4052 ,
2420 3988 2576 4042 etiam
2603 4001 2722 4040 cum
2767 3983 3076 4038 formidaret
3113 3983 3379 4035 interitum
3402 4022 3416 4043 ,
3448 3990 3623 4032 tamen
3647 3993 3746 4032 cua

2159 4081 2338 4150 piebat
2361 4078 2576 4133 resolvi.
2600 4077 2714 4130 Non
2742 4087 2917 4129 autem
2949 4074 3033 4127 hic
3062 4073 3208 4126 solus
3241 4073 3358 4124 talis
3398 4071 3512 4133 fuit,
3537 4068 3629 4122 sed
3654 4069 3747 4122 ille

2159 4185 2370 4240 quoque
2395 4169 2484 4238 qui
2513 4167 2990 4235 l‘uitapostolorum
3021 4173 3198 4232 caput,
3229 4163 3316 4231 qui
3349 4176 3490 4230 s:rpe
3536 4161 3748 4214 dixerat

2160 4271 2398 4329 paratum
2429 4273 2488 4313 se
2517 4272 2637 4312 esse
2666 4272 2760 4325 pro
2784 4256 2998 4309 Christo
3023 4256 3251 4308 animam
3290 4252 3497 4305 tradere
3523 4248 3745 4318 (Matth.

2157 4350 2263 4418 26)
2290 4391 2304 4414 ,
2345 4358 2398 4403 et
2419 4357 2590 4401 tamen
2629 4357 2851 4399 mortem
2881 4345 3223 4398 vehementer
3266 4341 3561 4395 horruerat.
3605 4339 3748 4394 Audi

2163 4440 2319 4508 igitur
2339 4437 2459 4507 quid
2485 4438 2531 4490 ei
2555 4451 2716 4502 super
2743 4436 2843 4488 hoc
2872 4433 3358 4501 Christusloquitttr
3385 4449 3396 4482 :
3423 4431 3546 4483 Cum
3574 4441 3747 4483 autem

2161 4530 2404 4595 tenueris,
2433 4529 2564 4581 alius
2591 4537 2634 4579 te
2655 4526 2834 4594 cinget,
2856 4536 2901 4579 et
2921 4525 3064 4578 ducet
3091 4541 3188 4594 quo
3218 4540 3319 4575 non
3346 4524 3418 4575 vis
3435 4520 3587 4590 (Joau
3609 4561 3622 4572 .
3646 4520 3744 4574 2|.

2163 4619 2287 4689 l8):
2317 4630 2518 4673 natura:
2548 4616 2904 4670 inﬁrmitatem
2947 4614 3269 4682 exprimens,
3300 4626 3404 4664 non
3437 4610 3747 4662 voluntatis.

2161 4709 2429 4779 Siquidem
2451 4716 2634 4760 natura
2657 4707 2807 4759 nobis
2834 4704 3008 4759 invitis
3028 4718 3237 4770 quoque
3257 4699 3486 4755 ostendit
3529 4713 3646 4758 sua,
3691 4707 3751 4752 et

2163 4801 2495 4854 inﬁrmitates
2512 4799 2624 4867 ejus
2650 4811 2900 4865 superare
2928 4809 3031 4848 non
3048 4806 3331 4862 possumus
3351 4834 3365 4853 ,
3397 4805 3493 4844 nec
3519 4791 3560 4842 si
3589 4789 3752 4842 valde

2163 4892 2503 4960 studioseque
2530 4888 2804 4956 cupiamus
2839 4905 2851 4939 :
2883 4901 2979 4940 nec
3004 4885 3276 4954 culpamus
3304 4883 3460 4943 istud,
3491 4881 3610 4949 quia
3646 4881 3753 4931 uti-

2163 4998 2265 5051 que
2292 4981 2412 5036 inde
2441 4981 2569 5034 nihil
2598 4979 2861 5039 lzrdimur,
2889 4978 2996 5030 imo
3021 4976 3142 5029 inde
3172 4974 3340 5044 magis
3361 4987 3543 5026 sumus
3567 4971 3751 5023 admi-

2163 5075 2374 5128 rabiles.
2425 5073 2538 5127 Non
2585 5073 2727 5126 enim
2762 5072 2961 5124 crimen
3001 5079 3083 5124 est
3111 5077 3335 5122 mortem
3379 5067 3562 5119 timere
3592 5081 3606 5117 :
3639 5063 3758 5117 imo

2165 5183 2194 5221 e
2223 5165 2512 5229 contrario,
2556 5177 2750 5232 quanta
2779 5163 2894 5215 laus
2920 5170 3002 5214 est
3029 5175 3150 5214 cum
3180 5171 3405 5212 mortem
3437 5156 3641 5216 timeas,
3671 5155 3756 5208 nil

2167 5268 2316 5324 turpe
2357 5264 2515 5322 atque
2544 5253 2735 5306 servile
2767 5251 2967 5320 perpeti
3007 5265 3102 5319 per
3134 5247 3416 5301 timorem?
3461 5245 3572 5298 Non
3601 5242 3754 5296 enim

2167 5360 2403 5402 naturam
2435 5347 2631 5400 habere
2669 5342 3060 5397 inlirmitatilms
3087 5340 3374 5402 subditam,
3406 5335 3498 5390 sed
3544 5333 3760 5388 servire

2165 5436 2580 5498 inlirn‘titatihus,
2633 5434 2972 5488 criminosum
3014 5441 3096 5486 est
3144 5448 3156 5482 :
3191 5437 3248 5482 ut
3289 5429 3480 5481 merito
3526 5438 3762 5490 magnus

2167 5532 2253 5584 ille
2285 5530 2536 5582 habeatur
2564 5538 2720 5595 atque
2751 5525 3003 5579 mirabilis
3025 5566 3038 5587 ,
3072 5524 3158 5592 qtti
3202 5520 3615 5575 imbecillitatem
3646 5532 3757 5568 na-

2166 5632 2293 5674 tnrre
2313 5620 2596 5672 voluntatis
2619 5620 2809 5670 virtute
2835 5616 3164 5682 superaverit
3188 5631 3200 5665 :
3221 5622 3273 5666 et
3303 5611 3402 5664 hoc
3429 5611 3542 5678 ipso
3561 5617 3762 5661 osten~

2167 5712 2242 5763 dit
2268 5719 2458 5780 quanta
2504 5708 2570 5762 sit
2597 5708 2772 5762 libera:
2805 5705 3086 5759 voluntatis
3116 5713 3369 5774 potestas,
3421 5700 3761 5765 Obstruit-quc
