4044 6206
439 302 545 360 505

441 416 536 473 καὶ
564 412 898 485 ἐπιστομίζει
931 412 1054 475 τοὺς
1081 411 1357 480 λέγοντας,
1393 409 1492 463 Διά
1529 409 1581 462 τί
1614 409 1690 480 μὴ
1716 409 1875 478 φύσει
1913 427 2009 478 γε-

439 519 675 587 γόναμεν
724 514 908 576 καλοίς
969 512 1018 566 τί
1068 511 1176 583 γὰρ
1216 510 1465 582 διαφέρει
1525 509 1683 562 τοῦτο
1740 508 1920 578 φύσει,
1977 508 2012 579 ἢ

441 614 752 688 προαιρέσει
790 609 962 678 εἷναι;
1010 613 1158 682 πόσῳ
1210 611 1266 663 δὲ
1309 611 1466 664 τοῦτο
1515 610 1725 680 βέλτιον
1766 610 2010 674 ἐκείνους

441 717 593 786 Ὀσῳ
621 715 714 768 καὶ
747 714 1040 781 στεφάνους
1069 712 1201 782 ἕχει,
1233 711 1327 765 καὶ
1374 709 1633 782 λαμπρὰν
1663 710 1762 780 τὴν
1805 710 2015 780 ἀνακήο

442 816 614 888 ρυξιν.
657 815 816 868 Ἀλλά
847 814 1060 884 βέϐαιον
1092 813 1152 866 τὸ
1185 815 1283 884 τῆς
1305 814 1554 883 φύσεως;
1598 812 1800 864 ’Λλλέἰ
1834 811 2013 880 βούλει

441 917 756 989 προαίρεσιν
792 915 1043 983 γενναίαν
1082 913 1245 983 ἔχειν,
1280 914 1436 968 τοῦτο
1483 913 1835 986 στερῤότερον
1880 909 2016 965 ἐκεί-

439 1033 532 1069 νου
582 1015 808 1083 γίνεται.
851 1017 916 1066 ’Ἡ
963 1015 1058 1086 οὐχ
1103 1015 1236 1085 ὁρᾷς
1272 1011 1379 1066 τῶν
1417 1013 1706 1084 μαρτύρων
1740 1009 2015 1082 ξίφεσιτά

442 1113 670 1185 σώματα
700 1114 1027 1184 τεμνόμενα,
1056 1114 1148 1167 καὶ
1178 1112 1276 1183 τὴν
1314 1114 1409 1184 μὲν
1458 1113 1618 1182 φύσιν
1651 1112 1903 1166 εἴκουσαν
1934 1111 2013 1184 τῷ

441 1215 664 1284 σιδήρῳ,
703 1212 799 1284 τὴν
828 1212 884 1264 δὲ
912 1212 1226 1284 προαίρεσιν
1267 1213 1326 1264 ού
1373 1210 1808 1282 παραχωροῦσαν
1835 1211 2010 1280 αύτῷ,

437 1314 558 1368 οὐδὲ
605 1313 1000 1382 ἐλεγχομένην;
1038 1313 1138 1365 οὐκ
1164 1307 1301 1374 εἶδες
1321 1311 1412 1364 ἐπὶ
1435 1311 1528 1364 τοῦ
1579 1311 1849 1383 Ἁϐραάμ,
1887 1311 2009 1364 εἰπέ

443 1432 556 1485 μοι,
588 1413 902 1484 προαίρεσιν
930 1414 1139 1482 φύσεως
1172 1416 1541 1485 κρατήσασαν,
1574 1414 1735 1485 ἡνίκα
1773 1414 1865 1466 τὸν
1891 1415 2012 1466 παῖ-

439 1514 505 1566 δα
555 1516 850 1583 σφαγιάσαι
890 1515 1205 1584 ἐκελεύσθη,
1237 1516 1330 1566 καὶ
1363 1515 1564 1582 ταύτην
1603 1515 1817 1583 ἐκείνης
1846 1514 2010 1567 δυνα-

439 1617 682 1687 τωτέραν
729 1619 1018 1685 φανεῖσαν;
1048 1617 1145 1669 οὐκ
1178 1613 1313 1677 εἶδες
1343 1617 1434 1668 ἐπὶ
1467 1616 1574 1670 τῶν
1613 1615 1775 1685 τριῶν
1802 1615 2012 1668 παίδων

440 1713 502 1766 τὸ
534 1713 664 1766 αὐτὸ
694 1712 850 1765 τοῦτο
903 1714 1145 1783 συμϐἀν;
1172 1714 1270 1767 οὐκ
1299 1714 1517 1776 ἀκούεις
1547 1715 1639 1766 καὶ
1666 1714 1763 1782 τῆς
1813 1712 2015 1779 ἔξωθεν

441 1810 742 1880 παροιμίας
764 1808 1047 1878 λεγούσης,
1075 1810 1156 1861 ὅτι
1194 1809 1417 1880 δευτέρα
1449 1809 1609 1877 φύσις
1636 1812 1669 1879 ἡ
1695 1810 2016 1880 προαίρεσις

440 1904 648 1973 γίνεται
683 1905 746 1956 ἐκ
777 1904 1091 1974 συνηθείας;
1130 1902 1272 1972 Ἐγὼ
1291 1904 1526 1973 δὲφαίην
1556 1905 1642 1969 ἂν,
1664 1905 1744 1957 ὅτι
1774 1905 1865 1957 καὶ
1884 1921 2014 1974 προ-

440 2000 594 2071 τέρα,
629 1999 812 2063 καθὼς
843 1999 911 2053 τὰ
959 2000 1330 2072 προειρημένα
1383 1999 1680 2065 ἀπέδειξεν.
1727 2001 1889 2072 Ὁρᾷς
1932 2002 2015 2054 ὅτι

441 2095 663 2150 δυνατὸν
695 2097 792 2150 καὶ
821 2096 918 2167 τὴν
969 2097 1076 2150 ἀπὺ
1104 2098 1200 2167 τῆς
1241 2095 1453 2165 φύσεως
1482 2095 1624 2166 ἔχειν
1655 2097 2011 2169 στερρότητα,

442 2191 540 2244 ἐάν
578 2193 893 2263 προαίρεσις
1029 2192 1251 2260 γενναία
1297 2193 1392 2244 καὶ
1437 2192 1868 2262 διεγηγερμένη,
1920 2192 2016 2245 καὶ

444 2289 664 2340 πλείονα
693 2287 1032 2359 καρποῦσθαι
1059 2289 1150 2341 τὸν
1176 2288 1394 2342 ἔπαινον
1425 2288 1516 2341 τόν
1560 2306 1622 2356 γε
1646 2289 1896 2359 ἑλόμενον
1923 2291 2018 2343 καὶ

449 2383 598 2456 [509]
659 2384 1006 2454 βουληθέντα,
1053 2384 1086 2454 ἢ
1133 2383 1550 2452 ἀναγκασθέντα
1614 2384 1779 2437 καλὸν
1835 2381 2010 2452 εἷναι;

443 2480 616 2533 Τοῦτό
649 2482 762 2533 ἐστι
793 2479 1026 2550 μάλιστα
1050 2480 1231 2542 καλὸν,
1257 2480 1332 2543 ὡς
1352 2481 1478 2533 ὅταν
1505 2481 1639 2554 λέγῃ
1663 2498 1675 2512 ο
1724 2480 2012 2534 ’Υπωπιά-

445 2575 518 2636 (to
559 2594 677 2646 μου
727 2577 794 2630 τὸ
839 2576 1010 2645 σῶμα
1048 2577 1146 2629 καὶ
1188 2577 1564 2646 δουλαγωγῶ.
1591 2578 1724 2630 Τότε
1778 2577 2013 2648 μάλιστα

445 2672 555 2741 ἐγὼ
588 2674 749 2726 αὑτὸν
784 2674 1006 2738 ἐπαινῶ,
1047 2675 1188 2742 όρῶν
1237 2674 1336 2726 οὐκ
1391 2675 1620 2745 ἀπονητὶ
1672 2674 1769 2744 τὴν
1817 2674 2016 2745 ἀρετὴν

444 2768 830 2841 κατορθοῦντα,
865 2768 1004 2822 ὥστε
1039 2769 1112 2840 μὴ
1149 2766 1286 2822 εἶναι
1317 2773 1431 2832 τοῖς
1466 2770 1602 2839 μετά
1630 2770 1804 2824 ταῦτα
1850 2770 2018 2843 ρᾳθυ-

447 2866 585 2936 μίας
602 2865 854 2918 ὑπόθεσιν
889 2851 986 2935 τὴν
1030 2865 1274 2918 εὐκολίαν
1321 2865 1419 2936 τὴν
1465 2865 1694 2919 ἐκείνου.
1749 2866 1857 2918 Καὶ
1889 2867 2016 2920 ὅταν

444 2961 578 3032 λέγῃ
631 2961 808 3026 πάλιν,
849 2960 932 3023 Τῷ
963 2961 1166 3030 κόσμῳ
1193 2962 1584 3030 ἑσταύρωμαι,
1612 2962 1712 3032 τὴν
1761 2963 2018 3034 προαίρε-

445 3072 532 3108 σιν
587 3057 751 3109 αὑτοῦ
805 3056 1074 3121 στεφανῶ.
1133 3057 1250 3108 "Evn
1308 3057 1435 3126 γὰρ,
1491 3057 1569 3109 ἐνι
1615 3057 1829 3126 φύσεως
1863 3059 2017 3129 ἰσχὺν

445 3153 814 3223 προαιρέσεως
859 3152 1112 3223 ἀκριϐείᾳ
1152 3153 1520 3224 μιμήσασθαι·
1569 3155 1674 3207 κᾶν
1728 3157 1808 3216 είς
1856 3155 2018 3225 μέσον

443 3251 741 3318 ἀγάγωμεν
775 3248 961 3301 τοῦτον
1013 3249 1173 3301 αὑτὸν
1224 3249 1314 3302 τὸν
1346 3250 1635 3320 ἀνδριάντα
1666 3251 1763 3321 τῆς
1792 3252 2015 3322 ἀρετῆς,

445 3346 749 3415 εὑρήσομεν
793 3345 874 3396 ὅτι
905 3343 972 3396 τά
1032 3345 1096 3396 ἐκ
1142 3347 1510 3416 προαιρέσεως
1548 3346 1696 3416 αὐτῷ
1747 3347 2015 3417 προσόντα

447 3439 608 3503 καλὰ,
635 3441 715 3502 είς
761 3439 974 3508 φύσεως
1016 3441 1347 3512 στερρότητα
1376 3429 1775 3513 ἐφιλονείκησεν
1803 3443 2016 3512 ἐξενεγ-

447 3541 581 3591 κεῖν.
611 3537 803 3604 Ἥλγει
830 3536 929 3605 μὲν
952 3536 1060 3607 γὰρ
1091 3537 1451 3606 τυπτόμενοςο
1491 3539 1597 3590 τῶν
1632 3539 1686 3591 δὲ
1713 3541 2019 3610 ἀσωμάτων

444 3627 723 3704 δυνάμεων
751 3633 858 3686 τῶν
886 3635 985 3687 οὐκ
1010 3633 1291 3702 ἀλγουσῶν
1331 3635 1430 3704 οὐχ
1479 3629 1638 3705 ἦττον
1666 3637 1844 3689 αὐτῶν
1880 3655 2016 3691 κατ-

446 3730 687 3800 εφρόνει,
717 3729 792 3792 ὡς
841 3728 986 3782 ἔστιν
1042 3729 1272 3782 ἀκοῦσαι
1329 3730 1437 3783 τῶν
1479 3731 1736 3800 ῥημάτων
1770 3732 1956 3798 αὐτοῦ,
1982 3733 2018 3786 ἃ

449 3825 585 3896 μηδὲ
613 3825 710 3894 τῆς
743 3824 956 3894 φύσεως
985 3825 1146 3878 αὐτὸν
1190 3828 1334 3878 ποιεῖ
1360 3825 1668 3896 νομίζεσθαι
1697 3828 1795 3896 τῆς
1825 3829 2020 3898 ἡμετέ-

448 3938 567 3992 ρας.
605 3921 771 3974 ’ὐταν
818 3921 926 3992 γὰρ
962 3921 1127 3992 λέγῃο
1175 3923 1326 3991 Ἐμοί
1367 3924 1592 3992 κόσμος
1629 3925 2014 3992 ἐσταύρωται,

446 4016 610 4086 κάγὼ
636 4016 714 4082 τῷ
744 4019 966 4086 κόσμῳ,
993 4019 1088 4071 καὶ
1125 4019 1306 4082 πάλιν,
1342 4018 1433 4071 Ζῶ
1458 4019 1524 4072 δὲ
1546 4021 1746 4074 οὐκέτι
1787 4021 1920 4091 ἐγὼ,
1946 4021 2015 4090 ζῇ

445 4113 516 4165 δὲ
543 4113 612 4166 ἐν
645 4113 773 4182 ἐμοὶ
803 4114 1073 4182 Χριστός,
1105 4113 1159 4166 τί
1179 4114 1305 4169 ἄλλο
1336 4116 1482 4168 ἐστὶν
1523 4117 1714 4179 εἰπεῖν,
1750 4116 1783 4186 ἢ
1816 4117 1894 4169 ὅτι
1923 4117 2016 4170 καὶ

445 4209 505 4272 ἐξ
543 4208 706 4260 αύτοῦ
741 4210 970 4280 μετέστη
1005 4209 1098 4262 τοῦ
1129 4209 1380 4280 σώματος
1399 4228 1414 4277 ;
1445 4211 1498 4263 τί
1544 4211 1622 4271 δὲο
1687 4213 1815 4264 ὅταν
1859 4211 2013 4282 λέγῃ,

460 4302 662 4368 Ἐδόθη
707 4320 810 4369 μοι
848 4306 1093 4372 σκόλοψ
1143 4306 1219 4374 τῇ
1256 4307 1456 4373 σαρκὶ,
1489 4306 1742 4376 ἅγγελος
1785 4307 1980 4362 σατᾶν
1997 4324 2018 4371 ;

445 4395 602 4448 τοῦτο
628 4396 684 4448 δὲ
710 4397 860 4449 οὐδὲν
892 4398 1077 4468 ἕτερόν
1104 4401 1270 4462 ἐστιν,
1309 4399 1342 4469 ἢ
1381 4401 1550 4464 δεῖξαι
1593 4404 1755 4472 μέχρι
1781 4401 1875 4454 τοῦ
1909 4401 2016 4454 σώ-

451 4507 620 4560 ματος
651 4489 936 4559 ἱστάμενον
985 4492 1076 4546 τὸν
1108 4493 1266 4545 πόνον
1286 4509 1300 4523 °
1330 4494 1430 4546 οὐκ
1456 4495 1641 4566 ἐπειδὴ
1669 4495 1824 4549 ἔνδον
1853 4496 1912 4548 οὐ
1932 4497 2012 4549 δι-

447 4569 678 4650 έϐαινεν,
727 4584 839 4637 ἀλλ’
860 4585 1044 4657 ἐπειδὴ
1089 4589 1154 4658 τῇ
1204 4589 1490 4660 περιουσίᾳ
1526 4590 1624 4659 τῆς
1649 4591 2016 4661 προαιρέσεως

448 4681 610 4734 αὑτὸν
629 4681 934 4753 διεκρούετο
947 4683 1041 4735 καὶ
1058 4682 1266 4747 ἐξώθει.
1299 4684 1364 4738 Τί
1393 4685 1472 4748 δὲ,
1495 4686 1622 4739 ὅταν
1650 4686 1812 4758 ἕτερα
1838 4688 2011 4742 πολλὰ

447 4777 648 4831 τούτοιν
678 4779 1091 4851 θαυμαστότερα
1113 4779 1266 4852 λέγῃ,
1293 4782 1386 4835 καὶ
1407 4783 1572 4856 χαίρῃ
1597 4785 2013 4857 μαστιζόμενος,

450 4874 543 4927 καὶ
573 4877 840 4945 καυχᾶται
859 4877 951 4930 ἐπὶ
977 4879 1094 4940 ταῖς
1115 4877 1365 4944 άλύσεσι;
1401 4880 1466 4932 Τί
1489 4880 1554 4934 ἂν
1587 4880 1713 4935 άλλο
1741 4901 1824 4947 τις
1852 4884 2014 4950 εἴποι,

449 4969 660 5038 ἣτοῦτο
691 4971 829 5043 ὅπερ
881 4971 1036 5045 ἔφην,
1069 4975 1150 5028 ὅτι
1178 4973 1238 5028 τὸ
1275 4974 1476 5044 λέγειν,
1518 4977 1844 5041 Ύπωπιὰζω
1895 4999 2014 5050 μου

449 5065 516 5117 τὸ
553 5065 723 5134 σῶμα
759 5067 858 5120 καί
890 5068 1273 5141 δουλαγωγῶ,
1319 5073 1419 5127 καὶ
1467 5073 1759 5144 φοϐοῦμαι
1797 5076 2013 5146 μήπως

449 5164 660 5228 ἄλλοις
679 5164 947 5232 κηρύξας
973 5167 1153 5234 αὐτὸς
1177 5169 1460 5239 ἀδόκιμος
1475 5171 1750 5241 γένωμαι,
1773 5173 1832 5226 τὸ
1853 5173 2015 5226 ἀσθε-

449 5261 539 5324 νὲς
559 5261 891 5332 τῆς’.φύσεως
916 5263 1280 5331 ἀποδείκνυσι,
1303 5267 1391 5322 διά
1413 5267 1469 5322 δὲ
1495 5267 1716 5336 τούτων,
1747 5267 1820 5328 ὧν
1837 5268 2013 5338 εἶπον,

448 5357 548 5428 τὴν
580 5357 854 5426 εὐγένειαν
883 5359 983 5428 τῆς
1015 5362 1421 5434 προαιρέσεως;

521 5453 618 5506 Διά
645 5454 752 5525 γὰρ
794 5454 950 5508 τοῦτο
996 5455 1277 5528 ἀμφότερα
1302 5461 1499 5524 κεῖται,
1534 5461 1620 5515 ἵνα
1655 5464 1792 5534 μήτε
1821 5464 1907 5517 διὰ
1943 5465 2013 5520 τά

452 5551 666 5620 μεγάλα
727 5553 910 5606 ἐκεῖνα
964 5553 1154 5624 ἑτέρας
1217 5549 1353 5609 εἶναι
1404 5557 1563 5611 αὑτὸν
1627 5559 1855 5632 νομίσῃς
1919 5560 2014 5630 φύ-

455 5661 612 5716 σεως,
638 5649 728 5703 καὶ
767 5651 1036 5723 ἀπογνῷς,
1071 5651 1206 5723 μήτε
1232 5651 1318 5706 διά
1359 5653 1428 5708 τὰ
1484 5655 1654 5730 μικρά
1698 5655 1868 5711 ταῦτα
1918 5675 2017 5725 κα-

1123 315 1182 371 S.
1218 309 1505 369 JOANNIS
1556 305 2044 363 CHRYSOSTOMI
2085 309 2408 365 ARCIIIEP.
2450 309 3003 369 CONSTANTINOP.

3577 309 3685 367 508

2121 415 2334 484 ταγνῷς
2354 419 2453 488 τῆς
2485 419 2645 487 ἁγίας
2672 418 2874 488 ψυχῆς,
2911 411 3047 468 ἀλλά
3075 416 3366 470 κάντεῦθεν
3393 419 3553 473 πάλιν
3591 423 3691 494 τὴν

2119 519 2424 587 ἀπόγνωσιν
2479 521 2747 586 ἐκϐαλὼν,
2795 523 2872 585 εἰς³
2926 521 3168 592 χρηστὰς
3231 525 3424 576 σαυτὸν
3477 526 3693 598 ἀγάγῃς

2120 621 2356 686 ἐλπίδας.
2381 624 2479 676 Διά
2517 624 2675 678 τοῦτο
2704 624 2884 695 τίθησι
2937 625 3096 678 πάλιν
3132 626 3224 678 καὶ
3253 627 3313 679 τὸ
3337 627 3438 698 τῆς
3470 630 3693 698 χάριτος

2118 723 2210 776 τοῦ
2234 725 2368 777 Θεοῦ
2399 727 2516 795 μεθ’
2543 728 2867 799 ὑπερϐολῆς,
2898 728 3096 798 μᾶλλον
3121 729 3178 781 δέ
3221 730 3280 782 ού
3316 730 3433 799 μεθ’
3459 731 3694 802 ὑπερϐο-

2118 825 2217 895 λῆς
2273 829 2407 882 ἀλλά
2455 831 2589 900 μετά
2648 831 3098 902 εὐγνωμοσύνης.
3157 833 3244 886 ἴνα
3299 835 3462 904 μηδὲν
3523 837 3692 890 αὑτοῦ

2126 931 2347 1002 νομίσῃς
2403 929 2562 987 εἶναι.
2594 936 2759 1002 Λέγει
2805 934 2860 988 δὲ
2910 936 3004 989 καὶ
3033 935 3101 989 τὰ
3130 937 3230 1007 τῆς
3284 937 3448 990 αὑτοῦ
3486 939 3694 1010 προθυο

2125 1035 2270 1104 μίας,
2307 1037 2390 1090 ἵνα
2427 1038 2581 1109 μὴτὸ
2612 1043 2717 1092 πᾶν
2752 1039 2841 1091 ἐπὶ
2864 1038 2954 1092 τὸν
2988 1040 3118 1093 Θεὸν
3149 1040 3329 1111 ῥίψας,
3351 1042 3541 1115 διάγῃς
3561 1043 3695 1096 καθ-

2120 1142 2286 1195 εύδων
2319 1144 2410 1197 καὶ
2454 1146 2684 1215 ῥέγχων.
2722 1148 2833 1199 Καὶ
2867 1145 3082 1200 πάντων
3125 1147 3296 1217 μέτρα
3334 1148 3428 1200 καὶ
3464 1148 3695 1212 κανόνας

2121 1247 2372 1318 εὑρήσεις
2394 1251 2521 1319 παρ’
2541 1251 2688 1320 αύτῷ
2718 1251 2858 1321 μετὰ
2887 1253 3174 1322 ἀκριϐείας
3195 1253 3498 1322 κειμένους.
3531 1252 3696 1306 Ἀλλά

2122 1352 2215 1405 καὶ
2232 1353 2546 1423 ἐπηράσατο
2557 1354 2634 1426 τῷ
2645 1356 3045 1428 χαλκεῖ,φησὶν,
3063 1357 3395 1428 Ἀλεξάνδρῳ
3413 1359 3562 1412 ποτέ.
3582 1358 3698 1412 Καὶ

2119 1453 2172 1505 τί
2197 1453 2382 1518 τοῦτο;
2411 1457 2485 1508 Ού
2519 1457 2626 1528 γὰρ
2659 1457 2830 1528 θυμοῦ
2859 1459 2919 1511 τὸ
2950 1460 3101 1530 ῥῆμα
3125 1455 3214 1530 ἦν,
3248 1459 3362 1513 ἀλλ’
3383 1459 3573 1530 ὀδύνης
3593 1459 3698 1529 τῆς

2122 1555 2263 1626 ὑπὲρ
2281 1557 2381 1626 τῆς
2397 1557 2649 1628 ἀληθείας
2665 1577 2678 1588 ’
2699 1559 2758 1612 οὐ
2775 1561 2883 1631 γὰρ
2899 1560 2963 1613 δι’
2985 1562 3172 1614 ἑαυτὸν
3194 1561 3369 1632 ἤλγει,
3383 1561 3589 1615 ἀλλ’ὅτι
3606 1563 3699 1615 ἀνι

2123 1659 2341 1712 θίστατο
2360 1661 2437 1730 τῷ
2455 1662 2771 1732 κηρύγματι
2789 1679 2801 1692 ’
2820 1665 2971 1716 Λίαν
2985 1663 3093 1733 γὰρ
3109 1664 3478 1728 ἀνθίσταται,
3505 1665 3695 1734 φησὶν,

2121 1763 2239 1833 οὐχὶ
2270 1765 2414 1834 ἐμοὶ,
2447 1764 2582 1819 ἀλλὰ
2604 1767 2729 1832 τοῖς
2751 1766 3057 1836 ἡμετέροις
3083 1769 3312 1838 λόγοις·
3352 1769 3489 1823 ὥστε
3521 1772 3555 1839 ἡ
3584 1769 3697 1840 ἀρὰ

2121 1865 2183 1917 ού
2228 1867 2389 1935 μόνον
2412 1866 2502 1918 τὸν
2538 1867 2729 1920 τούτου
2784 1869 2948 1923 πόθον
2998 1870 3239 1923 ἐδείκνυε
3291 1871 3382 1924 τὸν
3430 1873 3568 1942 ὑπὲρ
3595 1872 3696 1941 τῆς

2120 1966 2396 2036 ἀληθείας,
2409 1967 2545 2022 ἀλλά
2561 1972 2656 2022 καὶ
2673 1973 2798 2035 τοὺς
2816 1972 3061 2042 μαθητὰς
3078 1991 3213 2044 παρε
3225 1975 3460 2044 μυθεῖτο.
3478 1974 3700 2047 Ἐπειδὴ

2120 2071 2227 2141 γὰρ
2263 2071 2468 2136 πάντας
2513 2073 2661 2137 εἰκὸς
2703 2070 2770 2144 ἦν
2823 2075 3288 2145 σκανδαλίζεσθαι,
3316 2077 3422 2131 τῶν
3449 2079 3697 2149 ἐπηρεα-

2122 2173 2323 2236 ζόντων
2346 2175 2493 2248 [510]
2518 2175 2596 2247 τῷ
2631 2177 2775 2248 λόγῳ
2829 2179 2982 2231 οὐδὲν
3043 2181 3376 2250 πασχόντων,
3411 2181 3499 2234 διὰ
3533 2181 3702 2236 τοῦτο

2119 2278 2293 2333 ταῦτά
2337 2297 2518 2350 φησιν.
2546 2282 2705 2335 ’Λλλά
2729 2284 2823 2336 καὶ
2864 2283 3170 2353 κατηύξατό
3213 2301 3343 2338 ποτε
3394 2285 3596 2356 ἐτέρων
3621 2303 3700 2340 τιρ

2121 2379 2248 2447 νῶν,
2277 2380 2475 2450 λέγων·
2510 2383 2694 2453 Εἴπερ
2722 2384 2955 2438 δίκαιον
2989 2386 3147 2453 παρὰ
3177 2387 3298 2452 Θεῷ
3324 2387 3701 2444 ἀνταποδοῦ-

2121 2500 2220 2537 ναι
2250 2485 2363 2550 τοῖς
2396 2487 2708 2541 θλίϐουσιν
2728 2487 2884 2556 ἡμᾶς
2913 2488 3124 2557 θλῖψιν
3143 2507 3156 2521 α
3184 2491 3547 2556 οὐκ,ἐκείνους
3574 2495 3700 2546 ἐπι-

2122 2588 2309 2658 θυμῶν
2343 2590 2498 2659 δίκην
2523 2591 2726 2655 δοῦναι,
2767 2593 2841 2663 μὴ
2867 2593 3095 2660 γένοιτο,
3128 2594 3264 2648 ἀλλά
3291 2596 3417 2658 τοὺς
3454 2596 3698 2668 ἐπηρεα-

2122 2695 2378 2766 ζομένους
2406 2697 2647 2752 σπεύδων
2678 2700 3182 2770 παραμυθήσασθαι
3202 2699 3314 2753 ’διὸ
3342 2700 3438 2753 καὶ⁵
3473 2700 3695 2769 ἐπάγει,

2113 2799 2325 2865 Αὑτοῖς
2356 2799 2480 2866 τοῖς
2509 2802 2882 2871 θλιϐομένοις
2904 2803 3136 2859 ἄνεσιν.
3185 2803 3338 2856 Ἐπεὶ
3367 2805 3494 2857 ὅταν
3533 2801 3700 2867 αὑτός

2121 2924 2174 2958 τι
2211 2905 2393 2977 πάσχῃ
2432 2906 2616 2976 ἀηδὲς,
2660 2907 2893 2962 ἄκουσον
2936 2909 3052 2974 πῶς
3091 2910 3390 2978 φιλοσοφεῖ,
3447 2910 3541 2962 καὶ
3580 2912 3700 2974 τοῖς

2123 3010 2380 3074 ἐναντίοις
2414 3011 2722 3081 ἀμείϐεται,
2765 3011 2972 3080 λέγων·
3029 3013 3479 3082 Λοιδορούμενοι
3528 3015 3705 3068 εὐλο-

2122 3113 2369 3183 γοῦμεν,
2399 3112 2744 3182 διωκόμενοι
2769 3115 3121 3184 ἀνεχόμεθα,
3151 3117 3701 3186 ,ϐλασφημούμενοι

2123 3217 2604 3287 παρακαλοῦμεν.
2642 3216 2705 3271 El
2737 3219 2793 3271 δὲ
2813 3219 2880 3272 τὰ
2913 3221 3050 3292 ὑπὲρ
3083 3220 3192 3274 τῶν
3236 3219 3411 3274 ἄλλων
3430 3220 3696 3290 λεγόμενα

2123 3320 2155 3388 ἢ
2188 3321 2445 3390 γινόμενα
2465 3321 2635 3391 ὀργῆς
2662 3317 2801 3385 εἶναι
2823 3323 3009 3393 φαίης,
3039 3323 3159 3396 ὥρα
3185 3341 3263 3377 σοι
3292 3323 3497 3378 καὶτὸν
3541 3324 3696 3378 Ἐλύ-

2126 3444 2233 3497 μαν
2265 3427 2324 3493 ἐξ
2358 3427 2527 3497 ὀργῆς
2562 3427 2724 3480 αὐτὸν
2771 3428 3181 3498 πεπηρωκέναι,
3242 3429 3337 3482 καὶ
3389 3427 3697 3499 ύϐρικέναι,

2123 3528 2332 3581 καὶτὸν
2383 3529 2629 3582 ’Δνανίαν
2656 3529 2747 3582 καὶ
2791 3528 2890 3598 τὴν
2927 3529 3240 3600 Σάπφειραν
3275 3529 3366 3584 τὸν
3400 3529 3604 3600 Πέτρον
3641 3530 3700 3594 ἐξ

2123 3633 2293 3704 ὀργῆς
2321 3631 2699 3686 ἀπεκτονέναι.
2749 3631 2886 3684 Ἀλλ’
2917 3631 3092 3694 οὐδεὶς
3129 3630 3302 3696 οὓτως
3346 3631 3570 3702 ἀνόητος
3602 3633 3699 3686 καὶ

2123 3737 2344 3808 ἠλίθιος,
2372 3737 2447 3801 ὡς
2476 3737 2648 3790 ταῦτα
2681 3738 2877 3790 εἰπεῖν.
2913 3735 3016 3790 Καὶ
3041 3737 3204 3808 ἕτερα
3233 3738 3292 3790 δὲ
3347 3737 3518 3791 πολλὰ
3547 3737 3699 3809 εὑρί-

2127 3859 2222 3896 σκο
2231 3861 2330 3914 μεν
2363 3843 2528 3898 αὐτὸν
2551 3843 2643 3897 καὶ
2669 3842 2895 3912 λέγοντα
2920 3843 3013 3895 καὶ
3035 3842 3311 3908 ποιοῦντα,
3336 3841 3594 3895 δοκοῦντα
3615 3836 3699 3895 εῖ-

2123 3966 2210 4003 ναι
2243 3950 2500 4020 φορτικά,
2533 3950 2628 4003 καὶ
2656 3949 2827 4003 ταῦτα
2866 3950 3101 4020 μάλιστά
3125 3951 3295 4015 ἐστιν,
3321 3950 3359 4003 ἃ
3387 3951 3488 4020 τὴν
3517 3951 3698 4004 ἐπιεί-

2124 4071 2275 4108 κειαν
2305 4054 2470 4108 αὑτοῦ
2501 4055 2763 4110 δείκνυσι.
2791 4057 2900 4109 Καὶ
2937 4055 3045 4124 γάρ
3077 4057 3204 4108 ὅταν
3239 4055 3318 4126 τῷ
3348 4056 3564 4125 Σατανᾷ
3588 4072 3701 4109 πα-

2127 4157 2272 4228 ραδῷ
2309 4157 2400 4211 τὸν
2422 4159 2480 4210 ἐν
2509 4157 2758 4228 Κορίνθῳ
2779 4161 3209 4230 πεπορνευκότα,
3236 4157 3296 4223 ἐξ
3319 4159 3541 4228 ἀγάπης
3560 4158 3702 4213 αὐτὸ

2125 4259 2328 4328 πολλῆς
2374 4262 2518 4313 ποιεῖ
2563 4259 2659 4312 καὶ
2690 4259 3046 4331 φιλοστόργου
3089 4260 3326 4326 διανοίας
3349 4277 3363 4292 ’
3400 4264 3495 4316 καὶ
3535 4261 3704 4316 τοῦτο

2124 4369 2366 4422 δείκνυσι
2409 4370 2503 4422 καὶ
2540 4369 2605 4421 ἐκ
2650 4369 2752 4438 τῆς
2788 4369 3049 4440 δευτέρας
3094 4371 3403 4442 ἐπιπολῆς.
3427 4371 3536 4425 Καὶ
3563 4373 3700 4426 ὅταν

2137 4471 2407 4535 Ἰουδαίοις
2433 4471 2628 4542 ἀπειλῇ
2648 4473 2740 4527 καὶ
2751 4473 2904 4547 λέγῃ,
2927 4475 3232 4542 Ἕφθασεν
3249 4475 3469 4541 αὐτοὺς
3485 4475 3523 4542 ἠ
3545 4475 3699 4544 ὀργὴ

2123 4577 2210 4641 είς
2237 4575 2429 4641 τέλος,
2459 4577 2519 4628 ού
2552 4575 2725 4646 θυμοῦ
2744 4575 3117 4648 πληρούμενος
3129 4576 3261 4629 αὐτὸ
3291 4579 3436 4629 ποιεῖ
3455 4575 3699 4647 (ἀκούεις

2124 4679 2253 4748 γοῦν
2285 4678 2447 4733 αὐτοῦ
2495 4678 2732 4748 συνεχῶς
2779 4679 2918 4749 ὑπὲρ
2969 4679 3147 4731 αὐτῶν
3184 4678 3523 4749 εὐχομένου),
3556 4677 3700 4732 ἀλλὰ

2126 4783 2443 4854 βουλόμενος
2471 4782 2703 4851 φοϐῆσαι
2733 4782 2827 4836 καὶ
2844 4782 3312 4853 σωφρονεστέρους
3332 4782 3696 4854 ἐργάσασθαι.

2137 4895 2297 4949 Ἀλλὰ
2318 4895 2409 4948 τὸν
2449 4894 2616 4959 ἱερέα,
2643 4891 2828 4964 φησὶν,
2861 4892 3072 4965 ὕϐρισε,
3103 4891 3304 4962 λέγων·
3341 4895 3592 4948 Τύπτειν
3617 4908 3703 4948 σε

2119 4998 2329 5068 μέλλει
2361 5001 2394 5052 ό
2425 4997 2594 5063 Θεὸς,
2638 4996 2799 5064 τοῖχε
2851 4994 3255 5066 κεκονιαμένε.
3307 4997 3418 5050 Καὶ
3467 4992 3702 5068 οἴδαμεν

2123 5113 2204 5165 ὅτι
2227 5112 2368 5176 τινὲς
2394 5111 2529 5182 πρὸς
2553 5109 2711 5164 τοῦτο
2726 5110 3166 5182 ἀπολογούμενοι,
3193 5112 3526 5185 προφητείαν
3551 5109 3703 5166 εἶναι

2123 5237 2252 5288 φασι
2283 5219 2346 5273 τὺ
2383 5219 2688 5291 εἰρημένον.
2732 5219 2844 5272 Καὶ
2895 5220 2997 5273 οὐκ
3039 5219 3254 5288 ἐγκαλῶ
3301 5223 3411 5284 τοῖς
3439 5220 3656 5289 λέγουσι
3679 5237 3698 5251 ο

2124 5330 2216 5382 καὶ
2241 5328 2350 5400 γὰρ
2385 5327 2584 5398 συνέϐη
2642 5327 2824 5394 τοῦτο,
2874 5328 2969 5382 καὶ⁹
3003 5325 3177 5388 οὕτως
3229 5327 3597 5400 ἐτελεύτησεν.
3627 5329 3704 5383 El

2121 5437 2180 5490 δέ
2211 5455 2294 5500 τις
2320 5437 2641 5509 δριμύτερος
2668 5437 2860 5508 ἐχθρὸς
2895 5436 2971 5492 ὢν
3011 5438 3303 5508 ἀντιλέγοι,
3341 5439 3436 5494 καὶ
3463 5455 3701 5510 περιερο

2123 5547 2342 5620 γότερὸν
2373 5563 2422 5599 τι
2473 5546 2640 5600 ποιῶν
2682 5545 3044 5620 άνθυποφέροι
3088 5547 3292 5616 λέγων·
3333 5547 3446 5602 Καὶ
3482 5548 3530 5600 εί
3567 5564 3712 5618 πρη-

2125 5655 2314 5726 φητεία
2339 5651 2428 5726 ἦν,
2447 5655 2586 5720 τίνος
2615 5655 2798 5712 ἕνεκεν
2826 5655 3142 5724 ἀπελογεῖτο
3168 5657 3361 5721 λέγων,
3387 5659 3509 5714 Οὐκ
3528 5657 3709 5728 ᾔδειν
