4044 6206
268 339 371 394 505

262 468 356 506 ora
376 450 690 515 dicentium,
717 449 829 505 Cur
853 463 958 503 non
984 457 1170 504 natura
1191 448 1316 503 boni
1356 447 1478 502 facti
1522 461 1727 513 sumus,
1750 461 1852 502 nec

258 559 382 598 cum
411 542 528 612 ipsa
565 541 758 596 virtute
783 539 1088 610 progeniti?
1115 539 1251 607 Quid
1295 540 1436 594 enim
1464 538 1627 594 refert
1665 546 1850 592 natura

261 647 404 697 esse,
435 631 580 701 quod
608 638 782 698 potest
807 629 945 685 efﬁci
984 628 1294 683 voluntate?
1322 628 1434 683 lmo
1459 638 1607 682 tanto
1625 638 1708 682 est
1734 643 1851 682 me-

258 722 364 776 lius
399 729 594 791 sponte
619 735 741 775 esse
779 720 998 794 bonum,
1036 734 1194 788 quam
1233 728 1398 782 sorte,
1442 727 1644 787 quanto
1673 718 1852 786 utique

259 823 482 884 prsestat
519 812 732 866 coronis
758 820 813 866 et
853 809 1178 880 amplissima
1208 809 1362 864 laude
1398 809 1660 870 decorari,
1691 823 1849 878 quam

260 904 476 972 penitus
503 901 576 956 nil
609 901 825 956 mereri.
857 903 925 955 At
948 908 1030 955 est
1069 899 1222 954 ﬁrma
1249 908 1454 954 natura.
1485 898 1596 954 lmo
1636 899 1682 954 si
1722 899 1853 954 velis

258 996 590 1049 voluntatem
637 994 826 1047 fortem
866 991 1064 1046 habere
1087 1000 1246 1061 atque
1286 990 1581 1056 robustam,
1624 989 1726 1046 hoc
1764 990 1852 1044 illo

256 1087 419 1158 plane
449 1084 508 1139 ﬁt
547 1084 772 1139 ﬁrmius.
825 1083 908 1137 An
937 1098 1065 1138 vero
1095 1098 1199 1137 non
1225 1082 1375 1137 vides
1410 1084 1620 1136 concisa
1650 1089 1851 1154 marty-

257 1191 379 1230 rum
409 1189 636 1244 corpora
667 1173 916 1243 ferroque
935 1172 1198 1238 cedentia,
1221 1186 1320 1227 nec
1341 1179 1517 1226 tamen
1539 1171 1732 1226 cedere
1756 1180 1848 1226 aut

255 1267 401 1322 vinci
459 1267 512 1320 in
565 1266 744 1335 aliquo
785 1264 1147 1319 voluntatem?
1176 1265 1256 1317 An
1287 1261 1425 1318 forte
1465 1278 1570 1316 non
1599 1261 1852 1332 spectasti

255 1358 421 1412 etiam
463 1355 731 1410 Abraham
776 1354 1050 1409 voluntate
1089 1361 1290 1408 naturae
1338 1353 1712 1423 impedimenta
1763 1368 1852 1407 su-

257 1455 538 1516 perantem
557 1443 706 1514 (Gen.
728 1444 824 1516 22)
849 1483 864 1508 ,
891 1444 1102 1514 quando
1128 1444 1308 1514 utique
1334 1443 1658 1513 unigenitum
1681 1443 1849 1498 ﬁlium

256 1537 441 1607 jussus
466 1547 551 1592 est
587 1537 887 1599 immolare,
933 1550 1053 1590 cum
1099 1545 1245 1590 certe
1287 1543 1416 1588 tunc
1460 1544 1647 1588 natura
1696 1533 1850 1603 quasi

257 1630 468 1684 fortiori
510 1628 730 1683 cesserit
784 1626 1086 1681 voluntati?
1115 1640 1292 1680 nonne
1331 1625 1510 1680 vidisti
1538 1625 1766 1694 idipsum
1794 1625 1848 1680 in

259 1720 363 1774 illis
393 1719 562 1774 tribus
615 1717 793 1788 pueris
835 1717 1092 1772 accidisse
1125 1716 1288 1786 (Dan.
1319 1717 1353 1770 '5
1373 1714 1434 1785 )‘I
1465 1731 1642 1772 nonne
1686 1716 1847 1770 etiam

257 1813 450 1867 audisti
477 1812 606 1866 illud
630 1812 904 1880 antiquum
931 1819 986 1865 et
1023 1809 1280 1864 saeculare
1305 1809 1666 1878 proverbium,
1705 1807 1848 1878 quod

258 1901 350 1957 ﬁat
371 1918 437 1958 cx
464 1901 852 1956 consuetudine
876 1899 1108 1955 secunda
1137 1899 1365 1954 natura?
1400 1899 1513 1969 Ego
1539 1914 1666 1953 vero
1693 1899 1846 1953 dixe-

257 1994 382 2058 rim,
413 1993 558 2064 quod
599 1994 758 2048 etiam
803 1993 996 2064 prima,
1029 1993 1167 2046 sicut
1190 1991 1433 2061 superius
1462 1991 1601 2046 dicta
1644 1990 1847 2046 docue-

258 2093 403 2140 runt.
435 2084 594 2139 Vides
613 2084 768 2153 igitur
787 2092 843 2137 et
868 2082 1046 2137 haberi
1075 2097 1233 2151 posse
1249 2082 1412 2148 illam,
1431 2097 1548 2152 qua:
1574 2081 1626 2135 in
1650 2091 1839 2136 natura

257 2185 361 2240 est,
389 2174 718 2239 ﬁrmitatem,
749 2175 794 2228 si
837 2174 907 2228 sit
932 2174 1175 2229 voluntas
1217 2172 1370 2228 fortis
1395 2188 1458 2228 ac
1501 2173 1723 2242 vigilans
1750 2189 1765 2227 :
1791 2182 1847 2228 et

255 2267 397 2337 quod
429 2267 632 2336 majore
683 2266 840 2321 laude
880 2266 950 2320 sit
987 2266 1176 2335 dignus
1209 2266 1440 2335 quiesse
1486 2265 1600 2319 vult
1653 2265 1842 2331 bonus,

253 2373 414 2427 quam
444 2357 534 2412 ille
585 2357 678 2426 qui
704 2357 910 2427 cogitur
944 2371 958 2409 :
990 2356 1090 2410 hoc
1121 2367 1204 2410 est
1231 2355 1370 2410 enim
1413 2369 1530 2410 esse
1578 2357 1845 2425 praecipue

254 2446 478 2500 bonum.
509 2446 695 2516 Itaque
723 2461 844 2500 cum
871 2445 998 2501 dicit
1028 2465 1041 2500 :
1069 2444 1271 2515 Castigo
1291 2461 1473 2515 corpus
1499 2461 1684 2510 meum,
1717 2455 1762 2498 et
1790 2446 1843 2498 in

250 2538 539 2592 servitutem
562 2539 736 2608 redigo
768 2553 787 2591 :
809 2537 956 2590 timeo
979 2537 1109 2590 enim
1137 2553 1199 2590 ne
1213 2553 1325 2589 cum
1347 2536 1460 2589 aliis
1481 2535 1839 2607 prwdicavero,

250 2629 359 2696 ipse
388 2629 633 2698 reprobus
663 2629 849 2698 eﬂiciar
890 2629 970 2699 (1.
1015 2628 1132 2683 Cor.
1191 2628 1245 2684 9.
1299 2627 1410 2700 27)
1462 2646 1476 2682 :
1524 2637 1650 2683 tunc
1694 2629 1842 2682 illum

250 2721 483 2774 maxime
511 2722 717 2775 meritis
760 2720 965 2774 honoro
995 2723 1296 2790 praeconiis,
1349 2721 1537 2775 videns
1566 2737 1671 2782 non
1717 2736 1840 2775 eum

249 2809 364 2863 sine
393 2809 579 2864 labore
607 2810 855 2878 implesse
876 2811 1125 2866 virtutem
1156 2828 1169 2864 :
1200 2827 1269 2866 ne
1297 2812 1332 2865 ii
1357 2815 1446 2882 qui
1470 2821 1727 2881 postcnm
1755 2826 1842 2866 es-

247 2909 368 2953 sent
408 2898 596 2966 futuri,
629 2911 995 2970 argumentum
1025 2902 1092 2956 ad
1119 2902 1378 2957 desidiam
1427 2903 1681 2958 ducerent
1701 2904 1841 2960 illius

249 2987 300 3042 in
323 2989 471 3044 bono
511 2989 814 3046 facilitatem
844 3010 858 3043 :
892 3002 946 3046 ct
963 3008 1084 3047 cum
1109 3008 1293 3048 rursus
1315 2993 1464 3060 dicit,
1496 2993 1692 3047 Mundo
1719 3011 1838 3047 cru-

247 3078 431 3145 ciﬁxus
455 3096 568 3132 sum
593 3079 732 3150 (Gal.
763 3080 818 3135 6.
841 3080 930 3152 M)
952 3124 967 3147 ,
995 3083 1318 3136 voluntatem
1349 3083 1464 3151 ejus
1486 3098 1702 3137 corono.
1733 3083 1838 3137 Po-

247 3176 348 3222 test
380 3169 548 3234 enim,
578 3179 772 3238 potest,
802 3170 1036 3240 inquam,
1061 3179 1262 3225 natura:
1282 3172 1642 3226 fortitudinem
1668 3173 1833 3227 virtus

253 3258 552 3313 voluntatis
580 3260 795 3314 imitari.
820 3260 950 3314 Nam
981 3261 1025 3315 si
1047 3260 1130 3315 vel
1159 3260 1488 3330 huncipsum
1515 3261 1838 3317 adducamus

245 3356 297 3410 in
328 3355 586 3422 medium,
617 3357 704 3426 qui
751 3364 836 3410 est
860 3356 1100 3426 qumdam
1122 3397 1137 3422 ,
1187 3364 1244 3410 ut
1268 3356 1339 3410 ita
1369 3355 1612 3420 dixerim,
1665 3365 1838 3411 statua

246 3446 459 3500 virtutis
501 3464 517 3500 :
549 3446 880 3501 inveniemus
906 3447 1156 3515 quoniam
1197 3447 1334 3501 bona
1363 3462 1482 3516 qua:
1518 3447 1590 3500 illi
1630 3447 1838 3500 inerant

244 3539 542 3604 voluntate,
570 3538 624 3590 in
651 3548 854 3592 natura:
884 3553 946 3592 ea
975 3537 1277 3592 ﬁrmitatem
1306 3538 1530 3592 certavit
1565 3538 1833 3594 inducere.

247 3628 474 3684 Dolebat
499 3628 712 3698 quidem
736 3629 826 3684 ille
851 3629 1185 3696 verberatus,
1205 3629 1297 3684 sed
1321 3643 1426 3683 non
1455 3629 1629 3682 minus
1659 3632 1835 3683 incor-

245 3721 424 3790 poreis
449 3721 802 3790 potestatibus
826 3721 968 3789 ipsos
997 3722 1372 3777 contemnebat
1397 3721 1611 3777 dolores
1644 3739 1657 3775 :
1691 3723 1829 3776 sicut

245 3826 308 3864 ex
350 3812 519 3882 ipsius
563 3811 738 3866 verbis
801 3811 1149 3867 animadverti
1213 3822 1406 3882 potest,
1456 3829 1575 3882 qure
1629 3828 1727 3866 nec
1767 3815 1835 3868 de

253 3911 434 3955 nostra
478 3910 693 3969 putatur
719 3902 956 3972 proferre
1001 3913 1208 3957 natura.
1242 3903 1463 3970 Quando
1489 3903 1630 3958 enim
1661 3903 1787 3957 dicit
1816 3922 1830 3958 :

247 3990 379 4046 lilii
429 3993 647 4047 mundus
676 3995 948 4061 crucifixus
974 4003 1068 4060 est,
1095 4002 1140 4046 et
1167 4010 1257 4064 ego
1298 3993 1486 4046 mundo
1513 3993 1564 4063 (I
1575 3995 1706 4064 bid.)
1734 4012 1747 4048 :
1777 4004 1833 4050 et

246 4099 450 4148 rursus,
513 4081 634 4136 Vivo
663 4093 830 4136 autem
867 4084 978 4154 jam
1018 4100 1119 4137 non
1171 4100 1282 4154 ego,
1333 4084 1449 4137 vivit
1485 4093 1650 4137 autem
1675 4085 1726 4138 in
1755 4102 1834 4140 me

244 4172 474 4227 Christus
499 4173 638 4244 (Gal.
661 4174 716 4226 2.
743 4173 849 4245 ΩΟ)
870 4217 884 4240 ,
906 4174 1032 4244 quid
1055 4174 1196 4228 aliud
1214 4175 1420 4229 videtur
1447 4175 1644 4241 dicere,
1671 4191 1831 4246 quant

245 4264 386 4334 quod
416 4267 577 4319 etiam
608 4280 672 4319 ex
704 4280 929 4334 corpore
973 4267 1089 4335 ipso
1128 4265 1290 4319 animi
1338 4266 1532 4321 virtute
1573 4267 1832 4335 migrave-

243 4356 350 4408 rit?
375 4355 516 4421 Quid
542 4371 669 4410 vero
706 4357 863 4410 datur
889 4357 1058 4423 carni,
1097 4371 1214 4411 cum
1255 4357 1436 4426 procul
1466 4355 1628 4410 dubio
1649 4357 1780 4412 dicit
1812 4375 1826 4411 :

249 4446 408 4500 Datus
440 4455 515 4500 est
558 4447 682 4499 milii
720 4447 952 4501 stimulus
999 4448 1166 4502 carnis
1217 4463 1340 4502 mea:
1378 4448 1586 4518 angelus
1621 4447 1831 4503 Satante

242 4536 319 4606 (Ξ.
352 4536 474 4592 Cor.
507 4536 594 4594 i2.
631 4537 719 4608 7)?
756 4538 868 4592 Hoc
902 4547 1078 4593 autem
1115 4538 1245 4593 nihil
1290 4548 1372 4594 est
1418 4553 1636 4609 prorsus
1685 4539 1829 4595 aliud

242 4643 398 4698 quam
417 4629 708 4685 ostendere
724 4632 1108 4701 contempsisse
1127 4632 1364 4688 dolorem
1383 4647 1442 4688 se
1461 4648 1686 4704 corpore
1702 4650 1826 4690 sen-

239 4720 489 4786 tientem,
521 4737 626 4776 non
648 4722 768 4792 quia
791 4738 896 4778 non
919 4724 1287 4794 ingrederetur
1309 4727 1567 4793 animum,
1591 4726 1685 4781 sed
1703 4727 1826 4798 quia

237 4811 601 4883 magnitudine
624 4813 908 4868 voluntatis
932 4814 1238 4870 excluderet
1257 4830 1379 4870 eum
1400 4823 1560 4886 atque
1585 4815 1824 4885 depelle-

237 4911 340 4958 ret.
396 4903 531 4958 Cum
558 4918 689 4959 vero
714 4904 814 4958 alia
842 4905 1064 4975 plurima
1093 4905 1176 4960 his
1200 4905 1526 4962 mirabiliora
1570 4906 1744 4971 dicat,
1771 4918 1827 4962 ct

234 4992 468 5062 gaudeat
493 4993 827 5061 verberatus,
858 5003 913 5050 et
929 4995 1185 5066 glorietur
1216 5005 1510 5062 catenatus,
1541 4996 1668 5068 quid
1683 4997 1826 5052 aliud

231 5086 505 5155 quiSpiam
534 5085 748 5154 dixerit,
795 5101 954 5158 quam
980 5087 1142 5153 istud,
1169 5087 1311 5158 quod
1341 5088 1454 5158 ipse
1497 5089 1825 5145 memoravi?

233 5177 500 5244 Quoniam
530 5177 757 5234 dicendo
785 5179 1020 5249 quidem,
1051 5178 1253 5251 Castigo
1273 5197 1460 5252 corpus
1488 5199 1674 5249 meum,
1705 5183 1823 5237 etin

233 5269 522 5322 servitutem
542 5271 716 5340 redigo
744 5287 764 5325 :
790 5272 942 5327 timeo
970 5272 1123 5337 enim,
1152 5289 1214 5326 ne
1239 5289 1352 5326 cum
1371 5274 1488 5328 aliis
1517 5274 1822 5344 prazdicave-

229 5373 356 5426 rtus,
377 5361 487 5428 ipse
512 5363 753 5431 reprobus
769 5363 952 5433 eﬁ'iciar
969 5363 1047 5435 (1.
1064 5363 1181 5420 Cor.
1210 5363 1264 5420 9.
1291 5363 1399 5436 27)
1427 5407 1442 5431 ,
1470 5367 1701 5422 ostendit
1730 5381 1824 5421 na-

231 5461 370 5508 tura:
416 5454 778 5511 inﬁrmitatem
803 5474 816 5510 :
847 5473 941 5528 per
968 5458 1066 5515 ista
1094 5474 1241 5526 vero,
1269 5475 1388 5530 qua:
1417 5459 1548 5530 dixi,
1572 5460 1819 5515 volunta-

233 5545 301 5599 tis
332 5547 685 5602 nobilitatem.

289 5637 528 5692 Gratiam
543 5639 636 5694 Dei
663 5642 902 5709 praedicat
927 5643 1143 5700 Paulus.
1166 5643 1218 5698 11
1223 5645 1432 5701 aledixit
1451 5646 1818 5718 aliquando.—

231 5728 442 5786 Idcirco
465 5729 608 5788 enim
631 5741 913 5806 utrumque
937 5735 1166 5807 positum
1193 5747 1294 5808 cst,
1320 5747 1376 5795 ut
1398 5753 1573 5809 neque
1594 5747 1814 5810 propter

1119 333 1209 389 DE
1243 332 1584 391 LAUDIBUS
1619 333 1679 390 S.
1712 332 1915 389 PAULI
1955 332 2305 390 APOSTOIJ.
2341 337 2571 394 IIOMIL.
2614 338 2703 395 Vl.

3441 358 3544 411 506

1973 447 2058 502 illa
2085 463 2276 517 magna
2299 451 2516 504 alterius
2545 466 2666 505 eum
2699 452 2934 520 upincris
2961 467 3078 508 esse
3107 461 3327 522 natura),
3356 464 3410 510 et
3434 457 3546 524 ipse

1958 537 2026 594 de
2053 541 2244 595 virtute
2271 541 2525 608 desperes
2555 560 2568 596 :
2614 559 2785 612 neque
2814 558 2910 612 per
2940 544 3038 597 ista
3065 545 3276 613 parvula
3308 555 3546 602 sanctam

1958 630 2100 684 illam
2122 631 2478 700 reprehendas
2507 634 2738 687 animam
2761 651 2774 698 ;
2801 634 2892 689 sed
2917 634 3038 690 hinc
3065 651 3272 706 quoque
3293 636 3548 705 despera-

1960 723 2156 778 tionem
2187 739 2370 778 rursus
2415 725 2725 793 excludens,
2751 727 2816 780 ad
2839 727 3110 782 meliorem
3145 742 3291 795 spem
3319 727 3545 796 teipsnm

1958 814 2210 870 reducas.
2241 816 2530 885 Propterea
2560 833 2743 872 rursus
2769 818 3010 887 adjungit
3028 820 3185 874 etiam
3215 820 3266 874 id
3290 819 3430 891 quod
3455 821 3548 876 Dei

1957 919 2075 960 esse
2092 908 2276 976 gratiae
2299 909 2564 977 praprium
2577 910 2937 975 conﬁtetur,et
2949 910 3160 980 quidem
3176 913 3546 983 exaggerando

1956 1005 2118 1066 atque
2142 1000 2484 1056 cumulando.
2511 1000 2615 1056 Sed
2645 1010 2798 1071 grato
2828 1017 2950 1072 erga
2985 1004 3149 1058 Deum
3197 1006 3376 1059 animo
3421 1004 3546 1060 facit

1957 1088 2150 1157 piaque
2197 1090 2463 1145 sententia
2491 1131 2505 1155 ,
2548 1106 2615 1146 ne
2640 1090 2766 1161 quid
2800 1091 3006 1147 scilicet
3028 1109 3182 1148 suum
3208 1109 3328 1149 esse
3353 1094 3545 1150 creda-

1959 1186 2063 1232 tur.
2095 1179 2232 1234 Dicit
2259 1189 2435 1235 autem
2462 1182 2622 1235 etiam
2650 1182 2790 1252 quod
2814 1184 2879 1236 ad
2907 1183 3072 1253 ipsius
3101 1185 3330 1253 pertinet
3357 1184 3542 1240 volun-

1958 1275 2119 1323 tatem
2141 1311 2156 1336 ,
2185 1285 2254 1324 ne
2291 1270 2344 1324 in
2387 1272 2554 1326 Deum
2584 1282 2773 1327 cuncta
2804 1273 3086 1342 projiciens
3131 1273 3364 1329 dormire
3390 1276 3542 1329 malis

1961 1371 2025 1412 ac
2051 1367 2297 1415 stertere.
2337 1360 2586 1415 Omnium
2631 1378 2857 1432 namque
2909 1379 3189 1419 mensuras
3217 1380 3280 1420 ac
3333 1366 3542 1435 regulas

1957 1449 2096 1524 apud
2125 1466 2248 1505 eum
2279 1452 2538 1508 invenies.
2571 1453 2676 1509 Sed
2705 1455 2974 1511 maledixit
2993 1456 3276 1525 aliquando
3299 1498 3314 1522 ,
3338 1457 3538 1527 inquis.

1957 1539 2270 1596 Alexandro
2305 1545 2494 1597 aerario
2536 1542 2634 1615 (2.
2683 1544 2822 1599 Tim.
2868 1546 2924 1600 4.
2965 1547 3032 1600 14
3079 1546 3119 1617 ).
3151 1546 3217 1600 Ει
3259 1549 3383 1618 quid
3412 1549 3539 1606 illud

1956 1637 2164 1699 Spectat
2185 1632 2252 1685 ad
2277 1632 2462 1686 vitium
2488 1633 2513 1686 ?
2555 1633 2671 1687 Non
2697 1635 2839 1690 enim
2867 1635 2966 1688 fuit
2995 1635 3080 1689 hic
3111 1652 3290 1690 sermo
3325 1637 3538 1692 iracun-

1953 1722 2076 1790 diae,
2107 1723 2202 1778 sed
2231 1725 2409 1793 potius
2433 1725 2654 1789 doloris,
2686 1727 2774 1796 qui
2804 1737 2950 1782 certe
2974 1736 3124 1782 ortus
3165 1737 3248 1782 est
3292 1727 3361 1784 de
3392 1729 3537 1784 veri-

1954 1814 2076 1868 tatis
2105 1813 2318 1883 injuria.
2363 1814 2478 1870 Non
2504 1817 2644 1870 enim
2670 1825 2886 1885 propter
2909 1817 3143 1885 seipsum
3173 1817 3404 1880 dolebat,
3440 1817 3535 1872 sed

1951 1904 2073 1974 quia
2094 1904 2452 1973 prmdicationi
2495 1907 2584 1961 ille
2625 1908 2894 1962 restiterat
2927 1923 2942 1960 :
2978 1907 3137 1963 Valde
3161 1911 3315 1972 enim,
3344 1909 3534 1979 inquit,

1951 1994 2166 2061 restitit,
2194 2011 2301 2050 non
2333 1996 2481 2062 mihi,
2513 1998 2608 2060 ait,
2634 1999 2727 2051 sed
2752 1999 2912 2052 verbis
2941 1999 3124 2053 nostris
3148 1997 3264 2070 (Ib.
3296 2015 3344 2053 v.
3381 2001 3446 2056 15
3473 2001 3534 2068 ):

1955 2095 2017 2138 ut
2055 2093 2112 2140 et
2154 2101 2310 2140 suum
2360 2103 2482 2156 erga
2520 2088 2794 2142 veritatem
2821 2089 3142 2157 exprimeret
3166 2089 3451 2155 affectum,
3481 2099 3536 2146 ct

1951 2190 2055 2230 non
2085 2177 2256 2230 solum
2283 2177 2430 2230 illum
2454 2177 2539 2231 cui
2565 2177 2832 2231 scribebat
2855 2219 2871 2240 ,
2915 2177 3010 2231 sed
3040 2187 3188 2232 certe
3213 2177 3298 2231 his
3323 2193 3536 2248 quoque

1956 2266 2246 2335 discipulos
2273 2267 2555 2323 solaretur.
2584 2267 2842 2335 Quoniam
2872 2269 3013 2322 enim
3053 2269 3181 2322 satis
3205 2283 3535 2338 consequens

1949 2369 2067 2412 erat
2096 2358 2439 2413 scandalizari
2467 2374 2676 2426 omnes,
2705 2359 2832 2413 nihil
2861 2360 3178 2429 patientibus
3217 2359 3534 2416 adversariis

1948 2450 2188 2504 veritatis
2207 2490 2223 2514 ,
2253 2450 2450 2504 idcirco
2471 2459 2524 2505 et
2545 2451 2594 2504 ei
2621 2450 2710 2520 qni
2741 2459 3131 2520 repugnaverat
3159 2451 3269 2506 Deo
3313 2451 3534 2505 commi-

1947 2548 2104 2593 natus
2130 2549 2213 2594 est
2241 2540 2542 2595 ultionem‘.
2583 2540 2688 2596 Sed
2715 2541 2884 2594 oravit
2908 2540 3164 2594 adversus
3187 2541 3418 2609 aliquos,
3446 2541 3532 2594 di-

1951 2646 2081 2686 cens
2110 2648 2124 2684 :
2149 2632 2210 2686 Si
2237 2641 2403 2686 tamen
2437 2633 2636 2701 justum
2682 2642 2755 2686 est
2793 2633 2932 2702 apud
2958 2631 3123 2685 Deum
3162 2632 3533 2686 retributionem

1945 2721 2154 2775 reddere
2178 2723 2274 2785 his,
2305 2723 2389 2792 qui
2414 2739 2504 2776 nos
2534 2722 2774 2776 tribulam
2800 2721 2876 2792 (2.
2905 2721 3084 2775 Thess.
3106 2724 3155 2776 1.
3186 2721 3244 2789 6)
3276 2740 3289 2776 :
3322 2737 3427 2775 non
3462 2721 3530 2774 il-

1946 2810 2026 2864 los
2056 2827 2242 2880 ptenas
2280 2813 2426 2865 luere
2469 2811 2889 2880 concupiscens,
2934 2811 3028 2866 sed
3068 2826 3163 2865 eos
3199 2811 3288 2881 qui
3330 2810 3529 2880 afﬂige-

1944 2899 2136 2954 bantur
2161 2901 2424 2955 consolari
2467 2901 2692 2956 studens
2722 2919 2735 2954 :
2765 2909 2984 2971 propter
3029 2900 3172 2970 quod
3225 2911 3279 2955 et
3326 2901 3484 2955 infert
3509 2943 3528 2969 ,

1945 2991 2013 3046 Et
2036 2993 2172 3045 vobis
2198 2992 2284 3062 qui
2309 2992 2642 3058 tribulantini,
2663 2992 2884 3061 requiem
2912 2991 3167 3046 nobiscum
3197 2991 3245 3061 (ι
3253 2991 3354 3045 bid.
3383 3007 3430 3044 υ..
3448 2991 3528 3063 7).

1944 3087 2206 3142 Caeterum
2235 3100 2354 3139 cum
2406 3085 2520 3154 ipse
2570 3085 2768 3154 aliquid
2816 3084 2966 3138 triste
3024 3084 3352 3153 perpetitur,
3407 3083 3530 3140 audi

1945 3193 2102 3246 quam
2133 3178 2236 3231 alta
2280 3177 2532 3246 patientia
2563 3175 2968 3247 philosophetur
2990 3217 3006 3242 ,
3035 3185 3089 3230 et
3133 3185 3348 3246 propter
3391 3176 3529 3232 mala

1941 3269 2134 3322 bonam
2161 3268 2327 3322 vicem
2356 3268 2546 3322 reddat
2589 3267 2836 3322 inimicis.
2880 3267 3236 3322 Maledicimur
3261 3308 3278 3333 ,
3318 3268 3526 3337 inquit,

1942 3369 1989 3414 et
2010 3360 2346 3413 benedicimus
2362 3377 2382 3414 :
2397 3359 2834 3429 persequutionem
2864 3359 3104 3429 patimur,
3126 3369 3172 3412 et
3196 3360 3492 3414 sustinemus
3506 3375 3530 3413 :

1942 3451 2367 3519 blaspltemamur,
2399 3458 2444 3502 et
2479 3448 2796 3503 obsecramus
2825 3449 2921 3519 (1.
2956 3446 3074 3504 Cor.
3103 3449 3160 3502 4.
3193 3447 3304 3517 12).
3337 3447 3393 3503 Si
3435 3463 3531 3501 au-

1942 3550 2048 3595 tem
2075 3557 2194 3610 qua:
2219 3555 2314 3608 pro
2352 3539 2473 3594 aliis
2498 3539 2636 3594 facta
2669 3539 2757 3594 vel
2782 3539 2923 3598 dicta
2947 3547 3091 3602 sunt,
3120 3535 3408 3591 iracundia:
3436 3536 3522 3590 di-

1939 3647 2030 3687 cas
2053 3631 2234 3699 fuisse,
2257 3639 2410 3700 potes
2436 3629 2616 3686 dicere
2642 3641 2694 3686 et
2717 3631 2958 3702 Elymum
2982 3644 3190 3699 magum
3205 3643 3300 3699 per
3319 3628 3526 3682 iracun-

1939 3721 2079 3776 diam
2108 3731 2432 3780 excaecatum
2460 3722 2826 3791 injurioseque
2855 3729 3155 3788 correptum
3186 3717 3205 3789 (
3234 3718 3344 3770 Act.
3377 3715 3522 3790 i5);

1945 3817 2204 3869 Ananiam
2234 3831 2443 3885 quoque
2479 3825 2533 3870 et
2553 3815 2868 3884 Sapphiram
2897 3829 2992 3883 per
3012 3812 3338 3868 iracundiam
3363 3826 3392 3864 a
3421 3811 3517 3865 Pe-

1939 3917 2020 3961 tro
2049 3907 2357 3962 interfectos
2381 3907 2711 3963 exclamabis
2743 3905 2762 3980 (
2788 3906 2902 3960 Act.
2928 3907 2962 3961 5
2992 3906 3032 3976 ).
3063 3905 3167 3960 Sed
3200 3905 3321 3975 quis
3345 3912 3427 3958 est
3452 3903 3524 3958 ita

1941 3999 2134 4053 stultus
2159 4007 2212 4055 et
2239 4014 2450 4063 vecors,
2479 4009 2536 4054 ut
2567 3999 2666 4054 hoc
2692 3997 2886 4052 audeat
2911 3997 3166 4067 suspicari
3193 3997 3217 4049 ?
3244 3997 3361 4050 Alia
3386 4011 3520 4066 quo-

1939 4104 2044 4158 que
2085 4089 2308 4158 plurima
2352 4089 2654 4143 invenimus
2683 4103 2804 4143 eum
2850 4087 3050 4142 dixisse
3094 4095 3252 4156 atque
3289 4083 3518 4152 fecisse,

1937 4194 2058 4247 quae
2084 4178 2149 4232 ad
2195 4179 2426 4248 speciem
2463 4177 2710 4232 videntur
2747 4190 2994 4230 onerosa.
3021 4175 3217 4230 Verum
3265 4174 3380 4229 hinc
3408 4175 3522 4245 ipsa

1937 4279 2062 4324 sunt
2089 4311 2104 4336 ,
2136 4285 2254 4338 qua:
2295 4269 2560 4337 prmcipue
2584 4268 2896 4323 modestiam
2924 4267 3040 4336 ejus
3083 4267 3390 4322 ostendunt.
3421 4267 3516 4322 Et-

1935 4359 2078 4414 enim
2109 4375 2226 4415 cum
2249 4361 2456 4415 Satanan
2482 4359 2642 4413 tradit
2670 4374 2816 4424 eum,
2841 4359 2930 4428 qui
2953 4356 3192 4412 Corinthi
3217 4355 3388 4412 fuerat
3414 4355 3522 4410 for-

1936 4453 2144 4506 nicatus
2166 4453 2245 4522 (1.
2276 4450 2394 4505 Cor.
2423 4451 2476 4506 5.
2506 4449 2591 4520 5),
2617 4465 2736 4504 cum
2781 4448 2948 4503 multa
2975 4447 3079 4502 hoc
3111 4445 3274 4502 efﬁcit
3297 4446 3521 4501 caritate

1935 4547 2199 4616 plenoque
2244 4545 2442 4600 amoris
2483 4545 2696 4608 animo;
2730 4541 2888 4612 idque
2915 4555 2985 4596 ex
3018 4539 3250 4595 secunda
3297 4538 3519 4608 epistola

1937 4636 2216 4691 evidenter
2269 4635 2503 4690 ostendit
2532 4651 2547 4688 :
2579 4643 2633 4688 et
2659 4649 2689 4688 e
2717 4633 2936 4702 regione
2960 4646 3081 4686 cum
3118 4629 3319 4684 Judaeis
3348 4629 3522 4683 mina-

1935 4737 2039 4794 tur,
2062 4743 2125 4782 ac
2148 4728 2295 4794 dicit,
2325 4725 2558 4780 Pervenit
2585 4726 2638 4778 in
2662 4740 2746 4778 eos
2767 4725 2844 4776 ira
2865 4721 2998 4792 Dei(
3027 4723 3080 4776 1.
3108 4719 3286 4774 Thess.
3314 4719 3369 4772 2.
3395 4718 3511 4786 16):

1936 4834 2042 4874 non
2068 4821 2247 4889 utique
2269 4818 2447 4874 furore
2477 4819 2666 4888 plenus
2693 4815 2746 4871 id
2773 4815 3007 4885 loquitur
3030 4854 3046 4879 ,
3077 4829 3236 4883 quem
3271 4812 3520 4868 audimus

1933 4927 2032 4983 pro
2053 4913 2181 4981 ipsis
2211 4913 2518 4982 frequenter
2544 4917 2783 4963 orantem
2811 4949 2827 4974 ,
2859 4893 2954 4962 sed
2977 4905 3248 4960 deterrere
3273 4919 3367 4959 eos
3408 4913 3520 4958 stu-

1931 5004 2061 5059 dens
2084 5044 2101 5071 ,
2132 5019 2225 5074 per
2255 5019 2376 5072 quae
2401 5016 2496 5058 eos
2520 5000 2767 5056 redderet
2794 4999 3062 5054 meliores.
3099 4997 3202 5052 Sed
3233 4996 3516 5062 sacerdoti.

1931 5096 2109 5166 inquis
2131 5136 2147 5161 ,
2175 5096 2432 5164 irrogavit
2452 5092 2698 5162 injuriam
2726 5091 2916 5146 dicens
2935 5107 2952 5142 :
2980 5089 3232 5144 Percutiet
3264 5099 3310 5144 te
3336 5088 3469 5143 Deus
3496 5127 3512 5150 .

1932 5186 2098 5256 paries
2141 5183 2371 5238 dealbate
2397 5183 2416 5255 (
2445 5184 2556 5237 24ct.
2582 5182 2672 5238 25.
2705 5181 2740 5236 5
2768 5181 2812 5252 ).
2859 5179 3113 5235 Novimus
3135 5179 3348 5250 quidem
3375 5176 3510 5248 quod

1929 5277 1997 5333 de
2027 5278 2128 5332 hoc
2155 5277 2274 5331 loco
2299 5275 2462 5345 aliqui
2487 5272 2874 5328 satisfacientes
2892 5312 2908 5337 ,
2948 5271 3066 5326 loco
3107 5267 3395 5341 prophetia:
3418 5281 3514 5321 ve-

1931 5371 2032 5425 lint
2070 5383 2193 5424 esse
2221 5367 2364 5438 quod
2396 5367 2593 5421 dictum
2623 5373 2706 5420 est
2740 5382 2754 5419 :
2791 5377 2891 5419 nec
2932 5362 3090 5432 culpo
3118 5360 3352 5415 dicentes
3380 5373 3396 5410 :
3433 5363 3512 5410 et‘

1927 5462 2070 5517 enim
2099 5459 2236 5514 istud
2263 5459 2458 5525 evenit,
2484 5459 2666 5528 sicque
2683 5457 2961 5512 defunctus
2981 5462 3080 5510 est.
3111 5453 3166 5506 Si
3191 5451 3308 5519 quis
3334 5457 3513 5504 tamen

1927 5551 2104 5608 acrior
2131 5550 2369 5621 insurgat
2394 5548 2640 5606 inimicus
2670 5589 2686 5615 ,
2718 5557 2774 5604 ct
2798 5545 3061 5602 curiosius
3085 5554 3338 5612 reparans
3358 5550 3510 5611 qua-

1992 5751 2007 5781 ί
2045 5755 2096 5800 tu
2117 5754 2277 5802 Gram
2298 5751 2365 5800 sic
2379 5746 2560 5814 legitur
2587 5759 2599 5796 :
2629 5743 2816 5796 Idcirco
2837 5736 2950 5790 talia
2975 5739 3108 5791 dicit.
