4044 6206
451 341 552 402 507

450 459 674 513 stionem
700 496 715 521 ,
741 455 1112 523 cotitradicat,
1145 471 1208 510 ac
1251 455 1446 511 referat
1493 475 1505 511 :
1551 456 2026 521 Nonne‘noverat,

448 549 568 618 quia
611 563 853 603 summus
881 558 998 602 erat
1020 547 1270 602 sacerdos
1304 546 1366 600 "l
1395 547 1494 600 hoc
1537 549 1718 616 utique
1743 547 1981 602 dicemus
2011 587 2026 612 ,

448 642 697 708 quoniam
747 639 996 694 erudiens
1041 639 1179 692 alios
1215 653 1340 708 erga
1395 651 1488 692 cos
1535 638 1622 707 qui
1682 639 1734 692 in
1767 648 2029 707 potestate

447 742 572 787 sunt
596 733 889 787 modestius
907 732 1232 794 conversari,
1254 741 1414 802 atque
1453 745 1674 786 monens
1699 771 1713 794 ,
1759 731 1872 800 ipse
1899 747 2030 799 quo-

449 841 556 894 que
586 825 712 878 huic
734 824 902 878 voluit
925 823 1296 892 obtemperare
1319 863 1337 889 ,
1365 823 1502 876 sicut
1527 831 1582 876 et
1609 823 1856 877 Christus
1887 822 2026 884 fecit,

447 918 535 985 qui
587 923 734 971 certe
783 931 904 972 cum
955 915 1158 969 Scribis
1200 915 1345 968 mille
1393 913 1546 967 fanda
1603 925 1760 982 atque
1803 911 2030 967 nefanda

447 1007 707 1070 dixisset,
736 1007 809 1060 ait
836 1015 1012 1061 tamen
1051 1024 1064 1060 :
1101 1007 1267 1076 Super
1311 1007 1602 1058 cathedram
1639 1003 1772 1057 Mosi
1797 1004 2030 1058 sederunt

447 1100 643 1156 Scribe
665 1108 714 1154 et
747 1097 1000 1154 Pharistei
1029 1115 1047 1153 :
1090 1099 1260 1153 omnia
1284 1115 1402 1168 ergo
1422 1113 1535 1168 quae
1559 1097 1732 1150 dicunt
1772 1098 1928 1157 vobis,
1953 1102 2032 1166 fn-

446 1194 542 1246 cite
565 1207 585 1255 ;
608 1192 883 1246 secundum
899 1199 1065 1245 autem
1085 1207 1240 1260 opera
1256 1205 1426 1243 eorum
1451 1187 1608 1242 nolite
1630 1190 1796 1257 facere
1814 1188 2026 1259 (Matth.

447 1285 534 1340 23.
559 1285 609 1338 2.
651 1285 684 1340 5
716 1285 753 1340 ).

447 1285 609 1340 23.9..
651 1285 684 1340 5
739 1324 753 1337 .

417 1351 424 1356 ”
519 1374 620 1440 Qui
669 1285 1034 1444 pzwdicaturus
1070 1383 1139 1427 est
1167 1373 1369 1427 verbum
1415 1371 1508 1426 Dei
1563 1373 1744 1442 quibus
1790 1389 1844 1425 se
1892 1373 2028 1440 peri-

447 1466 578 1519 culis
619 1476 857 1530 exponat.
904 1463 995 1519 Ira
1037 1480 1193 1535 quare
1236 1463 1378 1517 nobis
1417 1463 1590 1516 insita.
1639 1491 1712 1502 —-
1759 1461 1838 1514 ha
1874 1463 2033 1532 igitur

447 1561 501 1609 et
541 1553 625 1608 hic
677 1555 910 1618 Paulus,
940 1563 993 1609 et
1027 1553 1363 1608 conservavit
1411 1551 1675 1620 pontificis
1721 1551 2030 1620 dignitatem

446 1653 502 1700 et
550 1644 691 1713 quod
755 1643 988 1698 futurum
1048 1653 1203 1708 erat,
1250 1651 1374 1697 ante
1435 1640 1699 1710 praedixit.
1759 1639 1914 1707 Quod
1987 1641 2031 1695 si

448 1737 710 1791 Joannem
737 1751 766 1789 a
793 1736 1063 1790 consortio
1088 1735 1353 1804 separavit
1373 1734 1406 1803 (_
1425 1734 1537 1786 Act.
1569 1733 1654 1787 15.
1683 1733 1802 1802 58),
1825 1739 1880 1786 et
1928 1731 2031 1786 hoc

449 1827 632 1895 utique
671 1826 968 1880 rectissime
1013 1839 1110 1893 pro
1135 1823 1404 1878 communi
1435 1823 1614 1876 ofﬁcio
1643 1822 2032 1892 praedicationis

445 1915 642 1974 effecit.
669 1916 804 1970 Eum
828 1915 1088 1985 siquidem
1106 1914 1196 1984 qui
1225 1913 1366 1968 istud
1393 1913 1615 1982 suscipit
1638 1911 1899 1980 ofﬁcium,
1923 1927 2031 1966 non

446 2017 655 2077 oportet
682 2007 896 2061 mollem
918 2021 1038 2061 esse
1066 2005 1349 2074 quemdam
1389 2015 1548 2074 atque
1585 2004 1878 2058 resolutum
1898 2045 1913 2069 ,
1936 2003 2031 2058 sed

449 2099 642 2153 fortem
668 2107 724 2153 et
767 2113 863 2168 per
887 2105 1077 2152 cuncta
1105 2096 1406 2150 robustum.
1456 2095 1641 2164 Neque
1671 2095 1820 2148 enim
1843 2093 2031 2148 saltem

448 2193 711 2260 attingere
759 2193 1042 2260 quisquam
1083 2189 1244 2244 debet
1295 2188 1538 2257 praeclari
1597 2187 1753 2255 hujus
1794 2185 2032 2240 muneris

359 2285 362 2288 ’
447 2285 814 2348 functionem,
869 2283 970 2336 nisi
1003 2290 1214 2350 paratus
1261 2283 1330 2334 sit
1373 2279 1567 2333 millies
1604 2279 1840 2331 animam
1881 2291 2032 2331 suam

451 2377 664 2432 tradere
689 2377 741 2429 in
769 2383 1021 2434 mortem,
1051 2383 1210 2442 atque
1237 2372 1565 2426 discrimina.
1597 2371 1732 2424 Dicit-
1756 2370 1897 2424 enim
1919 2371 2033 2438 ipse

451 2469 711 2526 Dominus
734 2465 889 2521 Jesns
919 2483 932 2517 :
963 2464 1022 2518 Si
1049 2466 1159 2532 quis
1196 2465 1299 2517 rult
1339 2471 1448 2531 post
1488 2477 1566 2515 me
1591 2467 1759 2514 ventre
1781 2499 1796 2525 ,
1827 2459 2033 2529 abneget

447 2560 766 2629 semetipsum
791 2599 806 2624 ,
861 2567 906 2610 et
949 2557 1090 2609 tollat
1145 2571 1340 2608 crucem
1375 2570 1552 2619 suam,
1581 2563 1627 2606 et
1677 2561 1914 2620 sequatur
1955 2565 2034 2601 me

450 2653 470 2720 (
504 2650 690 2704 Matth.
725 2649 813 2704 16.
841 2649 956 2716 24).
987 2647 1086 2713 Qui
1115 2661 1244 2714 ergo
1275 2661 1379 2698 non
1409 2644 1501 2699 tali
1539 2645 1718 2698 animo
1745 2650 1826 2696 est
1852 2681 1868 2706 ,
1897 2641 2034 2694 mul-

445 2751 528 2796 tos
553 2740 710 2796 etiam
741 2739 874 2793 alios
917 2753 1014 2792 suo
1061 2736 1234 2806 perdit
1291 2735 1570 2804 exemplo,
1605 2735 1874 2803 magisque
1903 2732 2033 2786 utile

444 2845 527 2890 est
552 2834 594 2888 si
625 2835 882 2903 quiescat,
911 2831 1119 2898 sibique
1143 2837 1342 2883 tantum
1371 2835 1542 2890 vacet,
1587 2841 1743 2895 quam
1776 2825 1818 2878 si
1839 2838 2030 2892 proce-

448 2927 542 2980 dat
576 2926 626 2979 in
660 2925 890 2978 medium
920 2933 972 2978 et
999 2937 1132 2975 onus
1163 2917 1282 2974 suis~
1303 2921 1502 2973 viribus
1542 2920 1718 2985 majus
1748 2925 1980 2970 assumat
2014 2933 2026 2967 :

443 3015 524 3070 sic
549 3009 688 3068 enim
715 3027 818 3067 non
844 3013 1107 3081 propriam
1127 3009 1422 3076 solum,sed
1441 3009 1600 3063 etiam
1625 3009 1906 3062 multorum
1930 3006 2028 3060 sibi

427 3099 771 3170 creditorum
823 3103 998 3172 prodit
1027 3103 1275 3156 salutem.
1325 3099 1392 3154 Et
1417 3115 1602 3155 revera
1633 3099 1900 3170 quomodo
1925 3113 2028 3154 non

447 3195 736 3252 absurdum
761 3205 864 3258 est,
893 3205 950 3248 ut
999 3210 1117 3248 cum
1163 3193 1353 3262 aliquis
1396 3191 1602 3246 nesciat
1638 3201 1806 3244 artem
1835 3191 2030 3261 guber-

446 3285 607 3340 nandi
633 3285 1006 3354 pugnandique
1030 3298 1148 3337 cum
1191 3282 1465 3349 fluctibus,
1495 3296 1593 3336 nec
1623 3282 1666 3335 si
1703 3281 1846 3335 mille
1871 3279 2032 3335 rebus

445 3376 688 3445 adigatur
718 3417 732 3439 ,
763 3375 920 3443 eligat
963 3373 1028 3428 ad
1057 3373 1263 3427 clavum
1315 3372 1504 3426 sedere
1557 3388 1570 3422 :
1621 3381 1676 3425 et
1725 3371 1814 3424 ille
1842 3369 1932 3438 qui
1963 3369 2029 3422 ad

446 3468 768 3538 praedicandi
799 3468 969 3536 pergit
989 3465 1221 3520 ofﬁcium
1255 3475 1454 3520 temere
1483 3465 1548 3518 ad
1579 3463 1716 3518 istud
1739 3473 1792 3518 et
1825 3472 2034 3516 utcum-

451 3575 557 3631 que
609 3559 904 3628 contingit,
954 3556 1212 3622 accedat,
1242 3565 1401 3625 atque
1433 3555 1894 3609 innumerabilium
1941 3567 2030 3607 re-

446 3665 564 3706 rum
613 3665 796 3705 curam
845 3650 1046 3718 absque
1088 3648 1193 3702 ulla
1249 3645 1680 3701 consideratione
1733 3643 2031 3712 suscipiat?

447 3739 568 3797 Non
597 3741 776 3810 itaque
819 3740 1031 3794 navium
1057 3739 1488 3809 gubernatorem,
1511 3749 1617 3788 non
1637 3734 1702 3788 ad
1729 3733 1926 3787 bestias
1949 3733 2032 3786 di-

453 3831 744 3886 micantem
772 3873 788 3898 ,
831 3847 939 3885 non
989 3830 1116 3884 ludo
1159 3828 1472 3898 gladiatorio
1501 3826 1870 3889 destinatum,
1927 3839 2034 3878 non

449 3921 616 3977 alium
645 3921 948 3991 quempiam
979 3903 1197 3974 omnino
1217 3919 1294 3974 sic
1318 3919 1382 3972 ad
1413 3917 1721 3972 discrimina
1753 3925 1806 3970 ct
1835 3926 2034 3970 mortes

449 4019 694 4083 paratam
724 4020 882 4082 atque
907 4012 1204 4081 expositam
1230 4017 1442 4080 oportet
1465 4008 1666 4062 habere
1696 4009 1951 4070 animam,
1976 4019 2033 4060 ut

453 4119 577 4160 eum
603 4105 691 4175 qui
734 4101 955 4172 suscipit
987 4103 1219 4157 ofﬁcium
1252 4099 1593 4171 praedicandi.
1635 4099 1766 4154 Nam
1807 4107 1862 4153 et
1889 4098 2030 4167 peri-

447 4205 567 4253 cula
611 4195 853 4266 profecto
881 4196 1100 4265 majora,
1137 4205 1189 4249 et
1213 4193 1504 4248 adversarii
1540 4193 1822 4258 szeviores,
1853 4201 1905 4245 ct
1927 4205 2030 4243 non

447 4303 614 4342 unum
642 4285 908 4356 quoddam
940 4286 1128 4339 mortis
1155 4299 1322 4354 genus
1349 4283 1605 4339 incumbit
1635 4325 1648 4346 ,
1683 4298 1782 4336 nec
1807 4297 2030 4351 usquam

447 4390 669 4446 prorsus
697 4375 856 4428 simili
887 4375 1192 4429 conditione
1241 4384 1473 4428 certatur
1499 4375 1540 4424 '.
1573 4371 1773 4426 Caelum
1804 4387 2034 4441 namque

511 4573 527 4602 ι
565 4576 614 4618 In
636 4575 797 4618 Grzeco
832 4566 1028 4629 legitur,
1063 4580 1107 4617 st
1142 4566 1510 4628 prophetizaret,
1553 4578 1640 4615 cur
1677 4562 2033 4629 excusationem

445 4632 628 4695 profert
651 4631 852 4695 dicens:
877 4627 1297 4695 a'esciehmntquod
1314 4635 1433 4695 esset
1455 4641 1673 4695 sumptus
1691 4627 1935 4695 sacerdos.

506 4687 546 4726 ι’
559 4699 726 4754 Gr.,et
745 4690 832 4742 illa
853 4704 982 4742 mors
1001 4689 1058 4740 ob
1079 4703 1158 4740 res
1178 4687 1373 4740 minime
1387 4687 1804 4753 ignobilesabitur.

1161 343 1218 400 Β.
1244 340 1522 401 JOANNIS
1559 343 2030 402 CHRYSOSTOMI
2071 341 2388 400 ABCHIEP.
2430 339 2957 398 CONSTANTINOP.

3605 348 3710 404 503

2139 457 2224 511 hic
2245 458 2296 509 in
2327 453 2564 525 prtem'io,
2595 456 2646 510 in
2681 455 2940 527 supplicio
2973 468 3150 514 autem
3175 460 3417 530 gebenna
3459 467 3712 534 proponi-

2135 555 2238 612 tur,
2268 555 2321 599 et
2345 555 2540 600 aeterna
2571 549 2760 602 anima:
2785 548 2929 603 salus
2956 589 2971 615 ,
3003 559 3164 620 atque
3191 553 3436 621 perditio.
3475 555 3594 610 Non
3622 575 3712 612 so-

2135 637 2242 690 lum
2268 647 2444 691 autem
2467 653 2588 694 eum
2611 641 2698 708 qui
2725 639 3084 708 prtedicationi
3113 645 3424 714 accingitur,
3449 649 3526 704 sie
3552 665 3712 718 Opor-

2135 735 2211 781 tet
2239 729 2451 797 parari,
2498 729 2591 784 sed
2615 745 3046 801 quemcumque,
3089 734 3170 788 vel
3197 735 3509 804 simpliciter
3553 738 3712 794 Clu-i-

2135 818 2366 874 stianum
2390 837 2402 873 :
2429 837 2550 875 nam
2578 836 2796 879 crucem
2827 825 3014 880 tollere
3039 836 3092 881 et
3118 829 3265 896 sequi
3305 829 3576 887 Christum
3599 848 3716 886 om-

2134 912 2290 967 nibus
2317 915 2626 984 imperatur.
2669 916 2724 971 Si
2754 926 2932 973 autem
2957 921 3197 986 cunctis,
3227 924 3396 978 multo
3423 927 3592 996 magis
3617 929 3714 982 do-

2134 1005 2374 1060 ctoribus
2397 1007 2580 1075 populi
2605 1015 2764 1078 atque
2793 1010 3114 1078 pastoribus,
3144 1027 3368 1081 quorum
3397 1031 3461 1070 ex
3491 1029 3722 1074 numero

2135 1099 2294 1152 etiam
2318 1097 2556 1154 Joannes
2591 1109 2714 1155 tunc
2735 1111 2851 1156 erat
2883 1141 2898 1167 ,
2934 1104 3026 1172 qui
3067 1104 3342 1160 dicebatur
3366 1119 3418 1162 et
3460 1107 3668 1166 Marcus
3697 1129 3710 1162 :

2133 1189 2222 1257 qui
2251 1191 2500 1258 quoniam
2527 1203 2586 1246 se
2609 1191 2660 1246 in
2685 1192 2794 1260 ipsa
2821 1194 2953 1248 aciei
2985 1191 3156 1249 fronte
3181 1198 3529 1264 constituens,
3557 1203 3716 1258 nimis

2135 1279 2420 1335 inviril‘iter
2457 1291 2636 1351 egerat
2665 1326 2678 1348 ,
2710 1299 2832 1338 eum
2875 1287 3070 1341 merito
3101 1286 3295 1342 Paulus
3337 1289 3570 1360 abjecit(
3597 1293 3713 1346 Act.

2137 1373 2224 1428 t5.
2245 1375 2311 1435 5;
2335 1373 2416 1428 l5.
2441 1373 2526 1427 57.
2557 1374 2626 1429 '58
2655 1375 2672 1442 )
2703 1417 2719 1436 ,
2761 1390 2830 1430 ne
2859 1376 2999 1430 illius
3051 1379 3201 1447 quasi
3229 1383 3546 1452 contagione
3573 1385 3716 1439 vires

2134 1473 2605 1535 corrumperentur
2631 1466 2880 1521 aliorum.
2911 1468 2967 1523 Si
2997 1484 3126 1523 vero
3160 1470 3332 1525 Lucas
3363 1474 3528 1528 refert
3567 1491 3708 1544 quo-

2143 1566 2284 1618 niam
2328 1567 2503 1636 aliqua
2531 1567 2670 1621 inter
2696 1567 2838 1636 ipsos
2881 1567 3021 1622 facta
3049 1580 3129 1624 est
3158 1573 3452 1636 contentio,
3483 1573 3588 1627 noli
3612 1573 3715 1629 hoc

2135 1657 2385 1712 delictum
2438 1668 2644 1728 putare.
2690 1660 2802 1714 Non
2831 1661 2973 1714 enim
3000 1663 3328 1718 commoveri
3367 1665 3562 1718 malum
3605 1675 3713 1732 est,

2137 1751 2230 1804 sed
2262 1751 2715 1814 irrationabiliter,
2755 1752 3007 1822 nulloque
3031 1753 3175 1823 justo
3202 1755 3474 1824 flagitante
3501 1759 3716 1825 negotio

2135 1843 2480 1895 commoveri.
2505 1841 2806 1910 Iracundia,
2833 1843 3003 1913 inquit
3029 1885 3044 1910 ,
3071 1845 3262 1916 injuste
3290 1863 3392 1899 non
3407 1848 3716 1918 justi/imbi-

2137 1939 2219 1984 tur
2247 1933 2266 2002 (
2294 1931 2463 1985 Sit-ac.
2485 1933 2536 1986 l.
2574 1932 2670 2002 28)
2699 1949 2714 1988 :
2767 1949 2872 1987 non
2902 1949 3032 2004 ergo
3074 1936 3318 2004 culpatur
3349 1937 3572 2006 simplex
3603 1939 3716 1998 ira-3

2137 2020 2323 2075 cundia
2347 2062 2361 2083 ,
2392 2021 2484 2075 sed
2513 2021 2704 2091 injusta
2735 2039 2748 2075 :
2780 2031 2835 2076 et
2859 2037 3044 2076 rursus
3071 2064 3085 2088 ,
3117 2024 3218 2090 Qui
3251 2025 3408 2078 iratus
3437 2025 3718 2099 [μετείῃ-α-

2137 2113 2202 2165 tri
2237 2129 2329 2166 suo
2355 2113 2462 2166 sine
2480 2113 2672 2184 causa(
2704 2111 2890 2167 Matth.
2924 2115 2977 2170 5.
3003 2113 3114 2185 22)
3149 2132 3161 2168 :
3207 2131 3314 2170 non
3346 2132 3475 2187 ergo
3503 2117 3714 2188 simpli-

2135 2202 2270 2258 citer
2299 2205 2488 2258 iratus.
2513 2205 2580 2258 Et
2597 2204 2861 2274 PrOpheta
2893 2206 3022 2260 dicit
3062 2223 3088 2274 :g
3123 2205 3444 2274 Irascimini,
3491 2219 3537 2262 et
3563 2212 3748 2283 nolite.

2137 2295 2380 2365 peccare(
2413 2293 2625 2350 Psal.4.
2657 2295 2722 2360 5;
2756 2295 2948 2366 Ephes.
2975 2298 3027 2352 4.
3055 2298 3190 2368 26).
3229 2299 3380 2364 Quod
3423 2300 3466 2352 si
3496 2301 3719 2354 omnino

2135 2385 2436 2454 huiusmodi
2463 2387 2538 2440 uti
2566 2402 2672 2441 non
2698 2399 2908 2456 oportet
2937 2389 3147 2454 affectu,
3169 2392 3325 2444 etiam
3353 2407 3472 2445 cum
3505 2402 3720 2461 tempus

2134 2479 2407 2546 exposcit,
2453 2477 2647 2533 frustra
2675 2479 2831 2534 nobis
2857 2479 3068 2536 videtur
3105 2482 3408 2551 ingenitus;
3460 2483 3552 2536 sed
3585 2497 3716 2550 prn-

2133 2567 2274 2622 fecto
2305 2585 2409 2626 non
2438 2569 2651 2636 frustra,
2683 2586 2838 2639 quem
2861 2579 3008 2626 certe
3051 2571 3300 2644 providus
3323 2573 3475 2626 nobis
3499 2584 3718 2627 creator

2135 2657 2378 2722 inseruit,
2414 2667 2474 2713 ut
2507 2658 2834 2714 dormientes
2859 2661 3062 2714 animas
3095 2703 3109 2727 ,
3160 2673 3320 2731 atque
3357 2663 3616 2716 resolutas
3646 2664 3716 2716 ab

2135 2751 2322 2805 inertia
2377 2765 2438 2806 ac
2493 2751 2698 2806 desidia
2741 2755 3044 2807 suscitaret.
3107 2754 3269 2819 Quasi
3319 2755 3459 2808 enim
3525 2755 3708 2824 gladio

2133 2845 2326 2911 aciem,
2357 2845 2424 2898 ita
2456 2845 2618 2899 menti
2649 2854 2843 2898 nostrae
2875 2848 2966 2900 ira:
2989 2861 3212 2902 actuuen
3245 2847 3512 2916 imposuit,
3545 2859 3598 2900 ut
3625 2863 3715 2913 eo,

2133 2952 2252 2991 cum
2284 2947 2517 3005 oportet.
2553 2946 2782 2990 utamur.
2811 2938 3098 3006 PrOpterea
3123 2939 3282 3010 igitur
3305 2949 3357 2993 et
3395 2941 3586 2994 Paulus
3613 2941 3720 2994 hoc

2134 3043 2276 3098 Saepe
2317 3039 2400 3084 est
2437 3044 2565 3084 usus
2597 3029 2807 3096 affectu,
2858 3041 2910 3084 ct
2949 3031 3185 3086 modeste
3221 3032 3560 3102 loquentibus
3601 3043 3722 3088 erat

2134 3121 2324 3174 melior
2347 3121 2530 3185 iratus,
2566 3135 2687 3175 cum
2721 3129 2962 3190 tempore
2981 3123 3162 3175 omnia
3189 3121 3387 3176 faciens
3417 3135 3723 3192 opportuno

2133 3228 2229 3281 pro
2283 3213 2431 3266 lucro
2493 3221 2547 3266 et
2600 3211 2881 3266 commodo
2931 3213 3272 3281 prtedicandi.
3323 3213 3503 3283 Neque
3573 3217 3722 3269 enim

2133 3303 2442 3374 simpliciter
2489 3303 2672 3358 lenitas
2716 3311 2796 3357 est
2825 3303 2958 3356 bona
2983 3345 2998 3369 ,
3031 3303 3124 3357 sed
3164 3319 3284 3358 eum
3337 3315 3542 3373 tempus
3569 3304 3724 3359 effla-

2131 3397 2307 3464 gitat:
2353 3395 2564 3464 quando
2615 3411 2743 3449 vero
2795 3395 2844 3449 id
2901 3411 3005 3449 non
3051 3395 3229 3456 adest,
3287 3397 3445 3448 etiam
3498 3397 3593 3449 ista
3641 3397 3722 3450 vi-

2135 3490 2266 3541 tiosa
2289 3497 2388 3552 cst,
2413 3486 2575 3555 fitquc
2603 3487 2676 3540 ira
2707 3487 3059 3540 contumacia.
3101 3487 3227 3540 lla-e
3259 3503 3385 3540 vero
3410 3488 3586 3540 oninia
3611 3505 3718 3541 non

2136 3595 2233 3649 pro
2261 3579 2421 3630 Paulo
2453 3577 2786 3632 satisfaciens
2833 3592 2950 3630 sum
2979 3577 3227 3646 loquutus
3262 3595 3274 3630 :
3308 3593 3410 3630 non
3439 3579 3580 3631 cnim
3617 3595 3720 3632 no—

2134 3675 2228 3727 stri
2281 3673 2368 3725 ille
2413 3671 2615 3740 indiget
2661 3671 2958 3734 sermonis;
2999 3671 3115 3724 laus
3160 3671 3300 3725 enim
3349 3669 3607 3738 ejus-nou
3645 3688 3718 3725 ex

2139 3764 2466 3830 hominibus,
2493 3761 2586 3816 sed
2623 3779 2689 3817 ex
2722 3763 2829 3816 lico
2876 3761 2994 3834 ρει(
3027 3761 3174 3814 Itoni.
3207 3765 3260 3815 2.
3293 3761 3402 3832 29)
3433 3780 3446 3826 ;
3479 3762 3571 3816 sed
3609 3779 3722 3832 quo

2134 3855 2406 3908 auditores
2433 3853 2738 3907 erudiamus
2763 3894 2776 3916 ,
2805 3861 2862 3906 ut
2891 3854 3136 3907 omnibus
3171 3855 3236 3906 ad
3265 3853 3719 3921 opportunitatem

2136 3955 2352 3998 utantur
2398 3943 2715 4006 affectibus,
2751 3944 2888 3996 sicut
2934 3943 3042 4012 jam
3101 3951 3227 3997 ante
3271 3945 3581 3997 memoravi.
3629 3945 3724 3998 Sic

2135 4051 2364 4106 namque
2403 4035 2696 4104 poterimus
2743 4033 2976 4103 undique
3035 4035 3390 4102 spiritualium
3445 4035 3720 4089 lucrorum

2137 4129 2462 4181 incrementa
2512 4125 2782 4195 colligere,
2841 4141 3067 4194 cutnque
3121 4125 3366 4178 maximis
3418 4126 3615 4179 divitiis
3647 4127 3722 4180 ad

2136 4233 2344 4290 portum
2385 4219 2707 4272 tutissimum
2767 4219 3044 4286 pervenire
3074 4259 3088 4282 ,
3120 4227 3175 4271 ct
3227 4219 3481 4286 consequi
3531 4217 3723 4271 indeﬁ-

2134 4315 2336 4368 cientes
2385 4327 2609 4366 coronas
2639 4352 2653 4376 ,
2703 4327 2834 4380 quas
2884 4311 3041 4364 etiam
3077 4325 3172 4363 nos
3208 4327 3396 4364 mnnes
3445 4313 3724 4378 contingat

2133 4405 2367 4469 mereri,
2416 4405 2587 4474 gratia
2636 4413 2690 4457 ct
2727 4403 3088 4458 misericordia
3135 4401 3340 4454 Domini
3393 4403 3556 4454 nostri
3586 4401 3724 4456 Jesu

2134 4496 2351 4558 Christi,
2391 4497 2475 4549 cui
2504 4503 2587 4550 est
2626 4495 2793 4564 gloria
2829 4503 2884 4547 et
2938 4493 3214 4562 imperium
3243 4534 3256 4558 ,
3311 4494 3360 4546 in
3393 4492 3582 4546 smcula
3611 4509 3722 4545 sa:-

2133 4588 2396 4641 culorum.
2424 4587 2615 4640 Amen.

444 4803 3294 4832 ΜΝ

1297 4908 1436 4979 DE
1493 4902 2016 4977 LAUBl-B-US
2067 4899 2457 4973 SANGTI
2504 4897 2840 4968 PAULI:

1927 5049 2241 5096 APOSTOLI.

1801 5176 2118 5232 *ι’-ή-

2131 5195 2380 5210 m

2132 5299 2293 5368 igitur
2321 5289 2381 5352 et
2403 5295 2562 5351 hodie
2589 5309 2700 5349 non
2727 5293 2936 5360 urbem,
2965 5292 3057 5347 sed
3087 5293 3270 5348 orbem
3321 5294 3512 5350 Paulus
3543 5295 3742 5364 ingrc-

2132 5391 2296 5456 ditur,
2326 5403 2711 5444 concurramus
2739 5401 2947 5441 omnes.
2979 5387 3189 5442 Etenim
3234 5387 3336 5443 iste
3367 5405 3471 5443 non
3501 5389 3746 5459 signum

2134 5483 2332 5538 terreni
2358 5481 2582 5552 alicujus
2623 5481 2786 5551 regis,
2827 5479 2922 5532 sed
2967 5495 3019 5533 in
3044 5480 3176 5533 caelo
3207 5480 3476 5549 regnantis
3513 5480 3748 5539 Christi

2132 5589 2348 5630 crucem
2376 5583 2584 5643 portat;
2613 5571 2923 5643 przeeedunt
2952 5587 3056 5626 non
3085 5571 3380 5639 bominmn,
3423 5571 3515 5628 sed
3551 5589 3750 5644 ange-

2131 5665 2301 5720 lorum
2318 5674 2568 5732 catervae,
2599 5681 2704 5720 non
2735 5662 2908 5718 solum
2933 5664 2985 5718 in
3005 5664 3262 5719 honorem
3285 5664 3400 5733 ejus
3415 5665 3548 5734 signi
3569 5669 3742 5734 quod

2131 5759 2316 5826 fertur,
2351 5759 2444 5816 sed
2471 5759 2707 5815 etiamin
2737 5757 2872 5828 ejus,
2908 5771 2934 5810 a
2964 5773 3067 5829 quo
3099 5757 3285 5827 fertur,
3316 5759 3593 5814 auxilium.

1060 5317 1276 5358 HOMILIA
1312 5315 1405 5356 νιι.

516 5396 734 5469 Quoties
759 5393 934 5466 ii,.qni
963 5403 1175 5465 portant
1203 5394 1351 5464 signa
1383 5392 1578 5462 regalia
1602 5391 1878 5461 clangente
1899 5399 2023 5447 ante

443 5503 504 5548 se
525 5492 647 5548 tuba
667 5499 722 5548 et
745 5491 858 5546 acie
886 5489 1111 5544 militum
1141 5497 1430 5560 praeeunte,
1456 5487 1820 5560 ingrediuntur
1843 5487 2022 5551 urbes,

441 5581 620 5639 omnis
667 5583 892 5652 populus
929 5582 1206 5638 consuevit
1258 5595 1538 5636 accurrere
1587 5559 1677 5634 ad]
1703 5577 2021 5633 audiendum

443 5673 686 5731 buccina:
719 5689 934 5739 sonum,
970 5675 1051 5730 vel
1081 5675 1287 5745 signum
1329 5672 1468 5742 quod
1515 5672 1565 5726 in
1607 5671 1831 5724 sublime
1859 5670 2023 5724 fertur

442 5765 750 5834 videndum,
794 5766 960 5836 ipsius
997 5767 1153 5824 etiam
1200 5767 1448 5820 virtutem
1499 5761 1734 5819 ferentis.
1761 5761 2018 5830 Qumtiam
