4044 6206
235 217 342 272 ειη

236 337 322 386 ὅτι
356 331 666 401 ἀρχιερεύς
714 331 880 392 ἐστι;
931 330 1087 386 τοῦτο
1139 333 1208 385 ἂν
1253 332 1525 403 εἴποιμεν,
1558 332 1814 394 ὅτιτοὺς

228 422 428 486 ἄλλους
462 421 734 474 παιδεύων
768 423 862 475 καὶ
906 423 1172 477 νουθετῶν
1221 423 1358 495 πρὸς
1389 423 1516 486 τοῦς
1547 423 1814 494 ἄρχοντας

228 514 494 577 ἐπιεικῶς
533 513 862 579 διακεῖσθαι,
902 513 1091 586 ὥσπερ
1140 517 1236 575 καὶ
1277 518 1306 568 6
1355 516 1588 586 Χριστὸς
1621 515 1812 567 ἐποίει.

225 606 418 676 Μυρία
457 606 567 676 γὰρ
591 606 730 675 ρητά
755 605 850 659 καὶ
872 606 1086 678 ἄρρητα
1116 608 1246 677 περὶ
1290 607 1398 660 τῶν
1439 608 1815 678 Γραμματέων

227 695 404 748 εἰπὼν
440 697 534 749 καὶ
578 697 911 768 Φαρισαίων,
952 699 1153 768 φησιν’
1201 698 1325 750 Ἐπί
1373 697 1484 766 τῆς
1526 698 1815 767 καθέδρας

224 789 533 854 ιιιυῦσέως
576 783 868 842 ἐκάθισαν
915 791 969 842 οὶ
1017 789 1388 857 ι’ραμματεῖς
1427 789 1523 842 καὶ
1555 791 1610 842 οί
1647 792 1817 856 Φαρι-

226 879 396 933 σαῖοι
419 897 434 910 ο
473 878 670 933 πάντα
700 876 835 942 οὖν,
866 879 984 933 ὅσα
1013 880 1090 934 ἂν
1139 879 1401 950 λέγωσιν
1428 880 1573 950 ὑμῖν
1599 880 1813 944 ποιεῖν,

227 970 454 1025 ποιεῖτε
466 983 490 1010 ⁸
501 1013 515 1025 .

302 1061 461 1114 Οὕτω
493 1060 558 1131 δὴ
588 1061 682 1114 καὶ
719 1059 999 1113 ἑνταῦθαό
1022 1058 1255 1124 Παῦλος,
1289 1058 1424 1130 ὁμοῦ
1455 1058 1550 1112 καὶ
1575 1059 1635 1112 τὸ
1654 1059 1817 1123 ἀξίω-

231 1171 312 1223 μα
340 1152 656 1222 διετήρησε,
698 1151 792 1204 καὶ
828 1151 891 1204 τὸ
935 1151 1126 1221 μέλλον
1157 1151 1375 1206 ἔσεσθαι
1427 1150 1815 1222 προανεφώνη-

233 1261 349 1296 σεν.
386 1244 448 1295 Εἰ
482 1243 541 1294 δὲ
593 1243 687 1296 καὶ
742 1244 854 1305 τὸν,
886 1243 1140 1314 Ἰωάννην
1192 1243 1454 1314 ἀπέτεμε,
1512 1242 1606 1296 καὶ
1659 1241 1816 1294 τοῦτο

231 1337 401 1398 ἀξίως
433 1336 534 1406 τῆς
577 1335 717 1406 ὑπὲρ
745 1333 838 1388 τοῦ
870 1335 1229 1407 κηρύγματος
1263 1335 1538 1406 προνοίας.
1570 1333 1672 1386 Τὸν
1708 1331 1816 1404 γὰρ

229 1431 333 1500 τὴν
370 1428 648 1482 διακονίαν
677 1428 882 1499 ταύτην
929 1429 1426 1499 ὲγκεχειρισμένον,
1469 1426 1588 1495 οὐχὶ
1615 1425 1812 1496 χαῦνόν

230 1538 358 1574 τινα
390 1518 534 1574 εἶναι
581 1520 706 1591 χρὴ,
741 1520 862 1573 οὐδὲ
899 1521 1356 1581 ἀναπεπτωκότα,
1396 1518 1532 1572 ἀλλά
1573 1516 1816 1588 ἀνδρεῖον

234 1613 331 1667 καὶ
357 1612 596 1675 εὔτονον,
631 1613 765 1684 μηδὲ
793 1611 1061 1665 ἅπτεσθαι
1095 1611 1197 1681 τῆς
1234 1611 1406 1682 καλῆς
1436 1607 1816 1681 πραγματείας

235 1705 460 1772 ταύτης,
503 1705 553 1756 εί
607 1704 682 1774 μὴ
739 1702 920 1774 μέλλοι
968 1703 1225 1775 μυριάκις
1274 1701 1670 1755 ἀντεπιδιδόναι
1715 1699 1816 1769 τὴν

233 1797 435 1852 ἑαυτοῦ
469 1797 649 1866 ψυχὴν
681 1797 761 1858 είς
802 1795 1030 1849 θάνατον
1061 1795 1156 1848 καὶ
1191 1794 1488 1862 κινδύνους,
1515 1792 1696 1855 καθὼς
1724 1791 1818 1844 καὶ

237 1889 402 1951 αὐτός
459 1904 626 1958 φησιν
672 1889 700 1938 6
746 1886 1012 1956 Χριστός·
1061 1887 1135 1940 Εἴ
1156 1903 1248 1950 τις
1298 1885 1459 1940 θέλει
1488 1885 1680 1938 ὀπίσω
1697 1900 1817 1952 μου

235 1983 472 2046 ἐλθεῖν,
514 1979 967 2048 ἀπαρνησάσθω
1022 1979 1260 2043 ἑαυτὸν,
1317 1977 1414 2032 καὶ
1466 1977 1660 2046 ἀράτω
1712 1976 1820 2028 τὸν

237 2073 509 2140 σταιφὸν
534 2072 720 2127 αὑτοῦ
745 2070 895 2144 [511]
929 2071 1026 2124 καὶ
1061 2070 1459 2124 ἀκολουθείτω
1474 2087 1596 2137 μοι.
1633 2069 1692 2119 '0
1711 2067 1821 2136 γὰρ

241 2166 318 2237 μὴ
346 2163 492 2217 οῦτω
524 2163 892 2232 διακείμενος,
930 2161 1157 2224 πολλοὺς
1209 2161 1301 2214 καὶ
1355 2159 1573 2231 ἑτέρους
1633 2153 1821 2228 προδί-

233 2259 391 2317 δωσι,
441 2256 537 2309 καὶ
573 2253 774 2325 μᾶλλον
805 2250 1092 2323 ἡσυχάζων
1124 2252 1323 2320 ὠφελεῖ
1356 2249 1477 2304 καθ’
1502 2250 1690 2303 ἑαυτὸν
1722 2249 1820 2313 ὢν,

237 2352 271 2419 ἢ
309 2347 526 2418 παριὼν
561 2349 640 2408 είς
676 2345 861 2416 μέσον,
898 2345 993 2398 καὶ
1029 2344 1247 2415 φορτίον
1287 2343 1575 2414 δεχόμενος
1603 2343 1702 2413 τῆς
1733 2342 1823 2394 δυ-

238 2442 460 2509 νάμεως
492 2436 689 2490 ἑαυτοῦ
734 2435 948 2507 μείζον’
1001 2436 1096 2489 καὶ
1143 2435 1253 2507 γὰρ
1293 2434 1504 2495 ἑαυτὸν,
1546 2435 1640 2488 καὶ
1699 2437 1824 2497 τοὺς

239 2529 708 2601 ἐμπιστευθέντας
734 2526 1156 2599 προσαπολλύει.
1198 2525 1322 2589 Πῶς
1344 2525 1454 2596 γὰρ
1477 2527 1574 2578 οὐκ
1597 2527 1822 2590 ἄτοπον,

238 2627 286 2678 εἰ
324 2623 432 2694 μέν
474 2640 561 2686 τις
603 2618 1002 2691 κυϐερνητικὴν
1044 2619 1250 2687 ἀγνοεῖ,
1285 2618 1380 2671 καὶ
1429 2617 1526 2687 τὴν
1571 2617 1706 2688 πρὸς
1757 2617 1826 2669 τὰ

240 2718 468 2787 κύματα
501 2715 706 2786 μάχην,
747 2711 882 2783 μηδὲ
928 2711 1138 2782 μυρίων
1168 2709 1588 2778 ἀναγκαζόντων
1611 2707 1826 2778 ἑλέσθαι

241 2815 332 2865 ἐπὶ
375 2807 493 2861 τῶν
553 2806 758 2857 οἰάκων
797 2803 1038 2863 καθίσαι,
1090 2802 1182 2855 τὸν
1223 2801 1278 2854 δὲ
1319 2802 1412 2853 ἐπὶ
1466 2800 1526 2853 τὸ
1570 2801 1830 2870 κήρυγμα

243 2903 418 2961 ἰόντα,
461 2896 649 2960 ἁπλῶς
707 2895 801 2949 καὶ
830 2895 904 2956 ὡς
948 2893 1135 2962 ἔτυχεν
1179 2892 1272 2944 ἐπὶ
1303 2891 1460 2944 τοῦτο
1495 2895 1709 2962 χωρεῖν,
1739 2889 1831 2943 καὶ

244 2990 682 3061 ἀπερισκέπτως
723 2984 1114 3056 καταδέχεσθαι
1165 2985 1396 3055 πρᾶγμα
1430 2984 1637 3054 μυρίων
1666 2982 1830 3035 θανά-

239 3103 356 3137 των
401 3080 704 3153 πρόξενονς
738 3077 875 3131 Οῦτε
906 3079 1014 3149 γὰρ
1044 3076 1400 3148 κυϐερνήτην,
1431 3074 1552 3128 οὐτε
1580 3073 1668 3127 τὸν
1699 3075 1833 3146 πρὸς

241 3175 314 3227 τὰ
350 3173 521 3244 θηρία
564 3169 937 3231 πυκτεύοντα,
976 3169 1037 3222 οὐ
1069 3168 1161 3222 τὸν
1205 3169 1531 3239 μονομαχεῖν
1561 3167 1831 3237 ἑλόμενον,

247 3267 351 3317 οὐκ
386 3262 552 3318 ἄλλον
585 3261 779 3314 οὐδένα
829 3260 973 3313 οὕτω
1016 3259 1151 3331 πρὸς
1203 3259 1465 3321 θανάτους
1504 3257 1597 3311 καὶ
1623 3257 1835 3327 σφαγὰς

248 3355 752 3430 παρατεταγμένην
799 3352 941 3424 ἔχειν
973 3353 1053 3405 δεῖ
1072 3350 1169 3422 τὴν
1198 3350 1395 3420 ψυχὴν,
1422 3349 1497 3411 ὡς
1531 3348 1622 3402 τὸν
1645 3348 1704 3401 τὸ
1733 3351 1835 3417 κήο-

245 3467 443 3523 ρυγμα
503 3446 918 3517 ἀναδεχόμενον.
950 3443 1061 3497 Καὶ
1092 3442 1200 3512 γάρ
1233 3442 1283 3494 οἱ
1315 3440 1548 3494 κίνδυνοι
1597 3439 1834 3510 μείζους,

245 3545 348 3598 καὶ
383 3544 438 3595 οί
472 3539 766 3595 ἀντίπαλοι
813 3537 1203 3609 χαλεπώτεροι,
1239 3535 1334 3588 καὶ
1363 3533 1424 3586 τὺ
1452 3531 1593 3586 οὕτω
1629 3532 1838 3602 σφαγῆ-

250 3654 364 3698 ναι,
396 3634 462 3688 οὐ
498 3633 628 3704 περὶ
657 3631 765 3686 τῶν
785 3631 1076 3700 τυχόντων.
1115 3627 1357 3698 Οὐρανὸς
1385 3626 1495 3698 γὰρ
1521 3626 1582 3679 τὸ
1603 3624 1836 3679 ἔπαθλον

252 3731 456 3790 κεῖται,
493 3725 589 3778 καὶ
637 3722 836 3791 γέεννα
866 3724 981 3785 τοῖς
1014 3719 1388 3792 ἁμαρτάνουσι
1433 3719 1494 3771 τὸ
1541 3717 1835 3788 ἐπιτίμιον,

252 3819 352 3872 καὶ
368 3816 553 3888 ψυχῆς
578 3813 822 3868 ἀπώλεια
850 3812 946 3866 καλ⁸
983 3810 1244 3882 σωτηρία.
1276 3809 1468 3864 Οὐ·τδν
1497 3810 1558 3862 τὸ
1579 3809 1840 3880 κήρυγμα

319 4045 347 4075 ⁸
370 4043 526 4105 Supp.
550 4043 674 4091 κατά
703 4042 754 4090 δὲ
770 4041 832 4088 τὰ
851 4040 964 4102 ἔργα
983 4039 1138 4087 αὐτῶν
1164 4038 1226 4100 μὴ
1249 4037 1442 4085 ποιεῖτε.
1465 4035 1584 4095 Qum
1601 4033 1661 4084 ab
1688 4035 1838 4084 Ληίδ-

259 4120 324 4156 no
342 4106 476 4156 lecta
502 4113 636 4154 sunt.

1055 221 1140 275 DE
1176 220 1524 277 LAUNBUS
1567 223 1622 278 S.
1668 222 1874 277 PAULI
1910 226 2272 288 APOSTOLI.
2317 231 2551 287 IIOMIL.
2595 228 2701 282 VII.

3381 218 3485 272 508

1919 332 1973 385 δὲ
2009 331 2170 403 μόνον
2191 331 2585 400 ἀναδεχόμενον
2611 328 2753 381 οὕτω
2796 329 3203 400 παρατετάχθαι
3229 332 3328 392 δεῖ,
3352 333 3489 388 ἀλλὰ

1919 427 2011 478 καὶ
2038 424 2224 488 ἁπλῶς
2244 424 2333 477 τὸν
2358 424 2546 476 πιστόν
2567 442 2580 454 ·
2605 424 2777 477 ἅπασι
2809 422 2919 494 γὰρ
2953 425 3382 493 παρακελεύεται
3402 428 3490 482 τὸν

1919 517 2150 586 σταυρὸν
2185 517 2361 587 αἴρειν
2402 515 2497 568 καὶ
2539 514 2879 568 ἀκολουθεῖν·
2921 517 2968 567 εί
3017 516 3073 569 δὲ
3121 519 3276 578 πᾶσι,
3316 517 3491 589 πολλῷ

1922 609 2120 679 μᾶλλον
2141 611 2253 671 τοῖς
2284 607 2626 669 διδασκάλοις
2654 606 2749 658 καὶ
2783 607 3054 678 ποιμέσιν,
3092 602 3167 661 ῶν
3189 609 3285 660 καὶ
3322 609 3489 662 Ἰωάν-

1918 719 2014 770 νης
2041 697 2107 771 ἦν
2125 701 2264 764 τότε,
2283 703 2310 753 6
2329 701 2422 753 καὶ
2444 699 2668 769 Μάρκος
2689 698 3003 768 λεγόμενος.
3027 701 3118 752 Διὸ
3149 701 3244 754 καὶ¹
3260 700 3490 762 δικαίως

1917 792 2252 860 ὲξετέμνετο,
2303 792 2386 845 ὅτι
2430 795 2489 844 ὲν
2531 789 2680 860 αὐτῷ
2712 790 2881 855 τάξας
2924 791 3116 843 ἑαυτὸν
3148 789 3224 858 τῷ
3259 789 3496 860 μετώπῳ

1915 886 2015 954 τῆς
2063 885 2360 953 φάλαγγος,
2397 884 2604 955 σφόδρα
2635 884 2912 953 ἀνάνδρως
2959 884 3203 953 εἱστήκει
3225 900 3237 911 ·
3271 883 3352 936 διδ
3399 885 3496 937 καὶ

1917 979 2224 1047 ἀπέστησεν
2253 978 2417 1030 αὐτὸν
2445 978 2472 1029 6
2496 975 2725 1037 Παῦλος,
2759 975 2899 1027 ὥστε
2932 974 3006 1044 μὴ
3031 975 3128 1044 τὴν
3161 975 3369 1028 ἐκείνου
3394 993 3494 1026 νων

1919 1069 2070 1123 θείαν
2112 1068 2220 1120 τῶν
2262 1068 2431 1120 τόνων
2471 1067 2650 1119 αὐτῶν
2696 1065 2787 1119 τὸν
2838 1065 3036 1136 δρόμον
3059 1067 3308 1136 ἐκκόψαι.
3346 1067 3408 1118 EI
3438 1065 3496 1118 δὲ

1917 1161 2067 1229 λέγοι
2090 1161 2326 1223 Λουκᾶς,
2350 1160 2431 1212 ὅτι
2461 1159 2679 1226 ἐγένετο
2703 1157 3050 1228 παροξυσμὸς
3071 1159 3270 1227 μεταξύ
3292 1158 3492 1221 αὐτῶν,

1927 1253 2002 1324 μὴ
2033 1251 2192 1305 τοῦτο
2221 1251 2474 1320 ἔγκλημα
2507 1246 2647 1302 εἶναι
2670 1250 2881 1320 νόμιζε.
2917 1251 2990 1302 Οὐ
3013 1250 3122 1320 γὰρ
3143 1250 3204 1303 τὸ
3232 1250 3500 1322 παροξυνι·

1919 1340 2080 1410 θῆναι
2096 1339 2225 1410 χαλε
2236 1340 2353 1400 πὸν,
2383 1338 2520 1392 ἀλλά
2545 1339 2604 1392 τὸ
2634 1339 2844 1408 ἀλόγως
2869 1341 2964 1393 καὶ
2987 1341 3074 1392 ἐπ’
3091 1340 3264 1393 οὐδενὶ
3281 1340 3474 1409 δικαίῳ

1922 1432 2117 1499 Θυμὸς
2148 1432 2258 1498 γὰρ
2283 1430 2524 1496 ἄδικος..
2543 1432 2726 1500 φησὶν,
2765 1433 2876 1484 οὐκ
2921 1430 3370 1496 ἀθωωθήσεταιο
3402 1431 3498 1501 οὐχ

1922 1521 2107 1585 ἁπλῶς
2139 1522 2327 1592 θυμὸς,
2368 1521 2504 1575 ἀλλά
2528 1522 2556 1573 6
2588 1522 2792 1584 ἄδικος.
2828 1524 2939 1576 Καὶ
2977 1523 3006 1573 6
3039 1523 3272 1594 Χριστὸς
3298 1521 3460 1575 πάλιν
3480 1538 3494 1552 ·

1929 1614 1981 1665 Ὀ
2005 1613 2372 1682 ὀργιζόμενος
2396 1613 2477 1678 τῷ
2503 1611 2744 1681 ἀδελφῷ
2767 1615 2953 1668 αὐτοῦ
2991 1615 3122 1683 εὶκῆ
3140 1634 3153 1647 ·
3185 1617 3282 1686 οὐχ
3313 1615 3497 1680 ἁπλῶς

1917 1705 2291 1774 ὀργιζόμενος.
2322 1705 2432 1756 Καὶ
2454 1706 2482 1756 6
2503 1705 2797 1774 Προψήτης
2827 1706 2886 1758 δέ
2921 1723 3108 1774 φησιν,
3154 1705 3496 1774 Ὀργίζεσθε,

1918 1797 2014 1849 καὶ
2059 1795 2145 1865 μὴ
2178 1795 2561 1866 ἁμαρτάνετε.
2599 1795 2660 1847 EE
2713 1795 2822 1865 γὰρ
2878 1796 2950 1866 μὴ
2992 1796 3074 1848 δεῖ
3096 1795 3391 1866 κεχρῆσθαι
3420 1795 3500 1866 τῷ

1922 1887 2107 1953 πάθει,
2142 1887 2274 1958 μηδὲ
2307 1885 2502 1957 καιροῦ
2536 1885 2849 1949 καλοῦντος,
2883 1887 3003 1956 εἰκῆ
3035 1887 3128 1939 καὶ
3159 1887 3336 1956 μάτην
3365 1889 3500 1956 ἡμῖν

1921 1979 2194 2047 ἔγκειται·
2229 1978 2344 2031 ἀλλ’
2375 1980 2474 2030 οὐκ
2510 1978 2652 2048 εἰκῆ.
2697 1978 2788 2031 Διὸ
2814 1978 2952 2031 καὶὸ
2983 1978 3311 2050 δημιουργὸς
3343 1977 3500 2030 τοῦτο

1922 2071 2288 2139 κατεφύτευσε
2317 2071 2454 2141 πρὸς
2482 2070 2766 2141 διόρθωσιν
2797 2071 2906 2123 τῶν
2935 2071 3381 2141 ἁμαρτανόντων,
3404 2069 3495 2122 ἵνα

1921 2161 2170 2233 διεγείρῃ
2206 2162 2268 2214 τὸ
2302 2161 2508 2233 νωθρὸν
2542 2163 2641 2232 τῆς
2675 2163 2852 2232 ψυχῆς
2883 2164 2978 2216 καὶ
3024 2163 3375 2232 παρειμένον,
3413 2161 3501 2216 ἴνα

1923 2252 2201 2324 ἀφυπνίξῃ
2231 2253 2322 2305 τὸν
2347 2251 2678 2306 καθεύδοντα
2707 2254 2800 2305 καὶ
2824 2252 3225 2320 διαλελυμένον,
3253 2250 3503 2322 καθάπερ

1927 2346 2188 2415 στόμωμα
2237 2343 2460 2415 σιδήρῳ,
2489 2341 2633 2395 οὕτω
2667 2343 2727 2398 τὸ
2770 2343 2869 2412 τῆς
2906 2343 3077 2412 ὀργῆς
3126 2341 3339 2394 εὐτονον
3373 2342 3504 2412 ἡμῖν

1925 2434 2098 2497 ἐνθεὶς
2120 2435 2185 2503 τῇ
2215 2432 2444 2503 διανοίᾳ,
2477 2432 2562 2484 ἵνα
2583 2431 2731 2502 αὐτῴ
2764 2431 3094 2504 χρησώμεθα
3131 2433 3210 2495 εἰς
3241 2431 3377 2484 δέον.
3407 2430 3504 2484 Διά

1925 2527 2084 2579 τοῦτο
2119 2525 2267 2578 καὶὸ
2301 2524 2513 2589 Παῦλος
2562 2525 2824 2586 πολλάκις
2873 2525 3021 2594 αὐτῷ
3089 2524 3376 2596 ἐκέχρητο,
3413 2524 3506 2576 καὶ

1927 2618 2300 2688 ποθεινότερος
2345 2618 2454 2671 τῶν
2506 2617 2642 2689 μετά
2671 2619 2970 2680 ἐπιεικείας
3002 2617 3400 2687 διαλεγομένων
3437 2613 3506 2687 ἦν

1930 2711 2303 2782 ὀργιζόμενος,
2357 2710 2535 2763 πάντα
2583 2710 2721 2780 μετά
2775 2709 2870 2763 τοῦ
2918 2711 3286 2780 προσήκοντος
3314 2710 3505 2780 καιροῦ

1933 2803 2098 2856 ποιῶν
2146 2802 2287 2855 ὑπὲρ
2331 2801 2424 2856 τοῦ
2465 2803 2841 2872 κηρύγματος.
2886 2801 3019 2856 Οὐδὲ
3069 2802 3178 2872 γὰρ
3239 2802 3505 2856 ἐπιείκεια

1933 2895 2119 2959 ἁπλῶς
2140 2893 2324 2956 καλὸν,
2360 2894 2474 2948 ἀλλ’
2500 2895 2627 2947 ὅταν
2659 2896 2688 2947 6
2724 2893 2915 2964 καιρὸς
2937 2895 3140 2965 ἀπαιτῇ
3163 2911 3178 2925 ⁸
3210 2895 3304 2959 ὡς,
3323 2895 3419 2948 ἐὰν
3434 2896 3508 2966 μὴ

1932 2986 2090 3040 τοῦτο
2121 2989 2321 3058 προσῇ,
2359 2987 2454 3040 καὶ⁸
2492 2986 2676 3056 ἐκείνη
2701 2985 2919 3049 νωθεία,
2960 2985 3055 3038 κοιλ⁵
3083 2988 3115 3055 ἡ
3142 2987 3279 3056 όργὴ
3319 2985 3503 3057 θρασύ-

1933 3098 2033 3150 της
2056 3079 2286 3149 γίνεταιδ
2319 3077 2505 3131 Ταῦτα
2541 3077 2597 3130 δὲ
2625 3077 2802 3130 πάντα
2824 3077 2920 3145 οὐχ
2959 3076 3101 3146 ὑπὲρ
3134 3075 3346 3128 Παύλου
3377 3077 3506 3129 ἀπο·
3589 3133 3600 3141 ,

1933 3168 2258 3238 λογούμενος
2281 3166 2430 3221 εἶπον
2447 3157 2549 3219 ὀὐ
2581 3166 2690 3238 γάρ
2711 3167 2878 3220 δεῖται
2905 3168 3001 3238 τῆς
3031 3167 3306 3238 ἡμετέρας
3335 3166 3506 3235 γλώτ-

1933 3279 2060 3331 της·
2097 3263 2125 3313 ὁ
2158 3260 2266 3332 γὰρ
2295 3260 2514 3322 ἔπαινος
2541 3259 2704 3312 αὐτοῦ
2732 3260 2832 3311 οὐκ
2859 3260 2916 3325 ἐξ
2949 3259 3274 3329 ἀνθρώπων,
3302 3260 3416 3313 ἀλλ’
3445 3261 3509 3314 ὲκ

1935 3353 2026 3407 τοῦ
2051 3350 2219 3405 Θεοῦ·
2255 3350 2370 3403 ἀλλ’
2401 3350 2490 3404 ἵνα
2526 3349 2903 3420 παιδεύσωμεν
2949 3351 3075 3411 τοὺς
3109 3350 3384 3420 ἀκροατὰς
3432 3351 3510 3412 είς

1935 3445 2052 3498 δέον
2081 3443 2251 3497 ἅπασι
2283 3440 2435 3514 [512]
2465 3441 2787 3512 κεχρῆσθαι,
2821 3440 3074 3512 καθάπερ
3117 3443 3213 3494 καὶ
3266 3440 3504 3511 ἐμπροσ-

1939 3536 2031 3590 θεν
2065 3531 2250 3590 εἷπον-
2280 3533 2438 3590 Οὕτω
2473 3533 2583 3603 γὰρ
2610 3533 2952 3605 δυνησόμεθα
3006 3532 3272 3586 πάντοθεν
3297 3532 3508 3602 κερδα;ο

1938 3646 2070 3693 νειν,
2098 3629 2194 3682 καὶ
2223 3627 2360 3698 μετὰ
2387 3626 2590 3696 πολλῆς
2625 3627 2726 3696 τῆς
2755 3625 3014 3696 εὐπορίας
3035 3627 3113 3688 εἰς
3152 3624 3245 3676 τὸν
3277 3624 3511 3693 ἀκύμανι

1937 3737 2028 3774 τον
2056 3720 2250 3790 λιμέῦα
2279 3718 2596 3782 καταπλεῖν,
2629 3719 2724 3772 καὶ
2755 3717 2862 3770 τῶν
2916 3715 3208 3786 ἀκηράτων
3239 3715 3511 3784 ἐπιτυχεῖς,

1941 3813 2239 3882 στεφάνων,
2285 3804 2361 3866 ὧν
2391 3812 2599 3878 γένοιτο
2651 3809 2856 3871 πάντας
2909 3808 3055 3877 ἡμᾶς
3095 3804 3512 3875 καταξιωθῆναι,

1939 3904 2120 3976 χάριτι
2175 3903 2270 3956 καὶ
2327 3901 2704 3972 φιλανθρωπίᾳ
2756 3900 2849 3953 τοῦ
2887 3899 3092 3968 Κυρίου
3143 3897 3300 3968 ἡμῶν
3340 3894 3511 3966 Ἰησοῦ

1939 3993 2200 4068 Χριστοῦ,
2228 3985 2321 4065 ᾧὴ
2343 3993 2468 4058 δόξα
2491 3991 2665 4046 καὶτὸ
2693 3992 2912 4062 κράτος,
2940 3991 3036 4043 νῦν
3061 3991 3155 4044 καὶ
3173 3989 3280 4053 ἀεὶ,
3315 3989 3409 4042 καὶ
3435 3986 3514 4051 εις

1938 4089 2064 4151 τούς
2092 4085 2293 4150 αἰῶνας
2319 4084 2427 4139 τῶν
2457 4083 2687 4138 αἰώνων.
2732 4081 2920 4153 Ἀμήν.

263 4253 3520 4294 _____________________________________._______

1189 4648 1298 4703 ΕΙΣ
1336 4646 1472 4704 ΤΟΝ
1507 4645 1710 4702 APION
1749 4643 2160 4699 ΛΠΟΣΤΟΛΟΝ
2197 4642 2501 4697 ΠΑΥΛΟΝ.

934 5091 1116 5158 Λόγος
1143 5088 1216 5150 ζ’.

346 5207 516 5257 Ὅταν
545 5200 595 5253 οἱ
621 5198 692 5253 τά
725 5201 926 5270 σημεῖα
952 5198 1306 5269 βαστάζοντες
1330 5199 1399 5252 τά
1422 5196 1694 5269 βασιλικά,
1725 5197 1852 5252 σάλ-

266 5323 475 5375 πιγγος
498 5306 605 5378 πρὸ
624 5304 804 5360 αὐτῶν
833 5305 1092 5376 ὴχούσης,
1128 5307 1222 5359 καὶ
1250 5304 1462 5358 πολλῶν
1497 5303 1842 5375 στρατιωτῶν

268 5412 732 5483 προηγουμένων,
755 5413 836 5472 είς
849 5410 951 5474 τὰς
973 5410 1158 5475 πόλεις
1185 5410 1444 5478 είσίωσιν,
1461 5409 1606 5474 ἄπας
1628 5412 1656 5464 6
1680 5410 1850 5482 δῆμος

272 5517 595 5588 συντρέχειν
625 5517 836 5581 εἴωθεν,
861 5515 1002 5570 ὥστε
1052 5517 1147 5572 καὶ
1177 5518 1274 5587 τῆς
1298 5517 1438 5588 ἠχῆς
1461 5517 1717 5583 ἀκοῦσαι,
1755 5520 1852 5572 καὶ

270 5619 336 5675 τδ
371 5625 601 5690 σημεῖον
651 5621 778 5677 ἰδεῖν
805 5621 891 5693 ἐφ’
914 5620 1119 5693 ὑψηλοῦ
1150 5621 1468 5694 φερόμενον,
1495 5623 1589 5678 κα)⁵
1629 5623 1724 5678 τοῦ
1754 5622 1851 5695 βα-

1960 5081 2244 5146 στάζοντος
2275 5079 2372 5150 τὴν
2395 5078 2665 5150 ἀνδρείαν.
2707 5079 2860 5132 Ἐπεὶ
2884 5074 2977 5134 οῦν
3001 5078 3096 5134 καὶ
3110 5076 3321 5143 Παῦλος
3348 5079 3533 5150 εἰσέρ-

1960 5191 2112 5244 χεται
2140 5173 2399 5244 σήμερον,
2429 5176 2530 5228 οὐκ
2570 5174 2652 5238 εἰς
2686 5172 2861 5238 πόλιν,
2898 5171 3013 5226 ἀλλ’
3048 5172 3128 5236 είς
3155 5170 3256 5242 τὴν
3284 5170 3535 5240 οἰκουμέ-

1962 5279 2084 5334 νην,
2125 5261 2520 5334 συνδράμωμεν
2552 5263 2811 5326 ἅπαντες.
2851 5261 2963 5316 Καὶ
2991 5261 3100 5333 γάρ
3126 5255 3282 5324 οὗτος
3312 5260 3533 5329 σημεῖον

1964 5349 2246 5420 βαστάζει,
2275 5351 2336 5405 οὐ
2365 5349 2458 5405 τοῦ
2492 5350 2644 5406 κάτω
2678 5351 2961 5422 βασιλέως,
2995 5351 3132 5406 ἁλλά
3179 5350 3269 5404 τδν
3301 5347 3534 5418 σταυρὸν

1961 5442 2053 5497 τοῦ
2083 5442 2195 5497 ἀνω
2224 5443 2484 5516 Χριστοῦ,
2530 5444 2629 5498 καὶ
2675 5443 3045 5516 προηγοῦνται
3092 5443 3191 5495 οὐκ
3234 5439 3533 5510 ἄνθρωποι,

1962 5535 2078 5587 ἀλλ’
2109 5535 2349 5604 ἄγγελοι.
2383 5536 2476 5589 καὶ
2508 5537 2589 5598 είς
2633 5536 2800 5606 τιμὴν
2845 5533 2937 5588 τοῦ
2970 5531 3398 5604 βασταζομένου,
3443 5529 3538 5584 καὶ

1963 5627 2042 5690 είς
2075 5627 2376 5698 ἀσφάλειαν
2421 5627 2516 5682 τοῦ
2560 5627 2834 5699 φέροντος.
