4044 6206
542 241 650 298 809

607 351 671 404 Εί
725 347 836 420 γὰρ
893 349 1003 411 τοῖς
1063 347 1155 400 τὸν
1211 346 1338 398 ἴδιον
1399 346 1510 415 βίον
1573 346 1911 416 οἰκονομοῦσι
1934 388 1949 410 ,
2009 349 2100 401 καὶ

535 454 688 510 οὐδὲν
731 453 839 506 τῶν
880 453 1074 506 κοινῶν
1136 451 1500 521 πράττουσιν,
1555 450 1774 518 ἄγγελοι
1818 453 1966 522 παρά
2008 454 2100 505 τοῦ

535 551 644 604 τῶν
714 551 849 604 ὅλων
929 541 1200 602 Δεσπότου
1285 549 1392 601 είσὶ
1468 547 1742 618 δεδομένοι
1823 549 2060 618 φύλακες
2089 589 2102 612 ,

540 653 726 718 καθὼς
779 654 870 708 καί
928 670 1012 716 τις
1053 653 1247 722 φησίν⁶
1321 652 1373 704 Ὀ
1425 653 1669 721 ἄγγελος
1731 657 1764 707 ὀ
1809 656 2106 724 ρυόμενός

537 775 609 826 με
649 759 716 811 ἐκ
764 757 1044 824 νεότητός
1091 773 1234 823 μου·
1267 755 1447 826 πολλῷ
1486 757 1683 826 μᾶλλον
1730 758 1821 810 ἐπὶ
1859 758 1969 811 τῶν
2007 757 2105 828 τήν

534 863 855 933 οίκουμένην
879 861 1327 932 ἐγχειρισθέντων
1343 862 1436 914 καὶ
1461 861 1775 932 τηλικοῦτον
1808 861 2104 932 βασταζόν-

533 983 642 1018 των
671 966 831 1033 ὄγκον
861 965 1098 1036 δωρεῶν,
1133 966 1386 1039 πάρεισιν
1426 966 1482 1019 al
1509 966 1765 1036 δυνάμεις
1799 967 1857 1018 αἱ
1885 966 2015 1020 ἀνω.
2040 969 2102 1020 Οἱ

536 1067 636 1137 μὲν
658 1061 751 1120 οῦν
779 1065 931 1136 παρά
959 1065 1067 1120 τῶν
1099 1065 1298 1132 ἔξωθεν
1347 1065 1552 1136 ταύτης
1579 1066 1869 1138 ἠξιωμένοι
1893 1069 1993 1139 τῆς
2022 1085 2104 1120 τι-

535 1171 664 1242 μῆς,
701 1171 894 1242 ίμάτια
939 1169 1277 1240 περίκεινται
1320 1170 1416 1222 καὶ
1463 1169 1845 1241 περιαυχένιον
1894 1170 2102 1240 κόσμον

531 1273 788 1344 χρυσοῦν,
818 1273 911 1327 καὶ
938 1271 1199 1326 πάντοθέν
1233 1273 1338 1324 είσι
1371 1270 1610 1344 λαμπροί
1629 1288 1642 1301 '
1661 1266 1814 1336 οὗτος
1837 1272 1894 1326 δὲ
1912 1273 2106 1326 ἅλυσιν

531 1379 655 1432 ἀντὶ
687 1377 891 1450 χρυσοῦ
945 1377 1348 1450 περικείμενος,
1385 1376 1644 1447 βαστάζει
1689 1377 1781 1431 τὸν
1826 1378 2059 1449 σταυρόν
2085 1394 2100 1410 ο

531 1476 687 1544 οὗτος
705 1480 1080 1552 ἐλαυνόμενος,
1097 1471 1255 1541 οὗτος
1272 1480 1662 1551 μαστιζόμενος
1677 1481 1770 1533 καὶ
1793 1479 2096 1552 λιμώττων.

545 1585 705 1640 Ἀλλά
755 1587 830 1658 μὴ
864 1585 1191 1659 στυγνάσῃς,
1225 1585 1495 1654 ἀγαπητέ.
1530 1585 1641 1637 Καί
1692 1584 1800 1656 γάρ
1830 1587 1858 1638 0
1904 1586 2107 1654 κόσμος

531 1686 687 1756 οὗτος
733 1691 940 1744 ἐκείνου
986 1689 1164 1759 πολλῷ
1212 1689 1432 1760 βελτίων
1454 1689 1547 1742 καὶ
1578 1687 1970 1760 λαμπρότερος,
2005 1690 2100 1744 καὶ

530 1794 649 1865 Θεῷ
694 1795 845 1864 φίλος
871 1810 884 1824 ⁸
936 1793 1015 1846 διὸ
1061 1793 1157 1846 καὶ
1207 1793 1488 1864 βαστάζων
1535 1794 1634 1846 οὐκ
1678 1793 1902 1864 ἔκαμνε.
1936 1791 2108 1847 Τοῦτο

530 1899 639 1972 γάρ
671 1900 784 1952 ἐστι
808 1898 869 1951 τὸ
889 1898 1218 1970 θαυμαστὸν,
1258 1899 1338 1952 ὅτι
1374 1898 1512 1969 μετά
1533 1899 1746 1969 δεσμῶν
1777 1900 1872 1953 καὶ
1901 1899 2098 1968 μαστί-

529 2019 644 2072 γων
672 2004 764 2057 καὶ
789 2002 1102 2073 στιγμάτων
1133 2001 1512 2072 λαμπρότερος
1540 2001 1647 2055 τῶν
1683 2001 1782 2073 τήν
1811 2001 2103 2073 ἁλουργίδα

529 2108 624 2162 καὶ
649 2107 707 2160 τὸ
727 2107 968 2177 διάδημα
1001 2105 1231 2176 ἐχόντων
1279 2099 1370 2176 ἦν.
1403 2106 1524 2158 Ὅτι
1551 2104 1660 2174 γάρ
1698 2103 2101 2174 λαμπρότερος,

527 2208 625 2262 καὶ
654 2209 714 2260 οὑ
741 2207 952 2278 κόμπος
983 2206 1053 2261 τὰ
1079 2207 1364 2278 εἰρημένα,
1395 2205 1657 2276 ἐδήλωσεν
1677 2206 1842 2278 αὑτοῦ
1881 2206 1950 2260 τὰ
1974 2207 2104 2278 ἱμά-

525 2330 636 2366 τια.
695 2313 1010 2384 Διαδήματα
1057 2312 1154 2382 μὲν
1204 2311 1314 2382 γὰρ
1375 2310 1544 2384 μυρία
1607 2311 1702 2364 καὶ
1767 2277 2101 2382 πορφυρίδας

525 2412 793 2477 τοσαύτας
825 2413 891 2466 ἂν
927 2411 1118 2482 ἐπιθῇς
1143 2409 1534 2481 ἀρῤωστοῦντι,
1569 2407 1690 2460 οὐδὲ
1709 2408 1900 2478 μικρόν
1921 2425 1973 2460 τι
1999 2408 2098 2478 τῆς

528 2516 723 2587 φλογὸς
737 2513 1103 2586 ύποτεμέσθαι
1131 2513 1332 2585 δυνήσῃ
1351 2528 1366 2543 ο
1382 2511 1449 2564 τά
1463 2511 1518 2564 δὲ
1547 2509 1754 2562 ἐκείνου
1778 2509 2096 2580 σημικίνθια

526 2621 817 2692 ὁμιλοῦντα
849 2622 960 2682 τοῖς
992 2617 1204 2690 σώμασι
1225 2615 1334 2669 τῶν
1371 2615 1703 2686 καμνόντων,
1743 2614 1922 2666 πᾶσαν
1949 2613 2102 2665 νόσον

436 2747 442 2784 ι
525 2725 880 2796 δραπετεύειν
903 2725 1080 2776 ποιεῖ·
1101 2721 1198 2775 καὶ
1230 2720 1475 2784 εἰκότως.
1504 2719 1567 2772 Εἰ
1587 2717 1694 2789 γὰρ
1724 2717 1918 2790 λῃσταὶ
1940 2715 2099 2769 τοῦτο

523 2827 759 2898 ὁρῶντες
785 2825 847 2878 τὸ
880 2827 1102 2896 σημεῐον
1128 2824 1188 2877 οὑ
1216 2822 1484 2894 τολμῶσιν
1526 2820 1790 2888 ἐπελθεῖν,
1819 2821 1932 2873 ἀλλ’
1957 2821 2095 2890 άμε-

523 2931 824 3003 ταστρεπτὶ
861 2931 1141 2999 φεύγουσι,
1166 2928 1344 2999 πολλῷ
1380 2927 1580 2998 μᾶλλον
1605 2928 1750 2980 νόσοι
1788 2927 1882 2980 καὶ
1909 2926 2098 2997 δαίμο-

523 3052 612 3100 νες
633 3035 864 3106 ὁρῶντες
886 3035 1059 3088 ἐκεῖνο
1101 3033 1162 3086 τὸ
1193 3035 1415 3103 σημεῖον
1433 3031 1742 3101 φεύγουσιν.
1786 3029 2090 3094 Ἐὅάσταζε

524 3139 603 3202 δέ,
637 3140 735 3210 οὐχ
764 3139 851 3192 ἵνα
877 3137 1036 3200 αὐτὸς
1067 3136 1199 3190 αὐτὸ
1225 3135 1362 3206 φέρῃ
1390 3135 1568 3206 μόνος,
1592 3133 1706 3188 ἀλλ’
1730 3133 1817 3186 ἵνα
1847 3133 2096 3196 ἅπαντας

523 3242 792 3304 τοιούτους
826 3241 1024 3311 ποιήσῃ
1067 3240 1162 3292 καὶ
1210 3238 1397 3310 διδάξῃ
1431 3237 1716 3308 βαστάζειν
1741 3253 1754 3266 ·
1795 3235 1877 3289 διὸ
1921 3235 2095 3304 ἔλεγε,

526 3343 676 3418 [515]
730 3344 990 3413 Munna!
1015 3360 1134 3412 μου
1181 3343 1440 3412 γίνεσθε,
1485 3341 1682 3409 καθὼς
1707 3341 1874 3410 ἔχετε
1903 3342 2096 3395 τύπον

523 3447 682 3518 ἡμᾶς
701 3462 714 3475 ·
754 3446 848 3499 καὶ
872 3444 1055 3513 πάλιν,
1082 3446 1140 3498 Ἀ
1164 3443 1353 3498 εἴδετε
1393 3444 1491 3498 καὶ
1518 3445 1816 3512 ἠκούσατε
1843 3444 1912 3497 ἐν
1937 3443 2089 3512 ἐμοὶ,

523 3551 711 3604 ταῦτα
737 3548 1043 3618 πράσσετε
1063 3566 1076 3579 ·
1131 3549 1226 3602 καὶ
1254 3547 1436 3612 πάλιν,
1480 3548 1642 3616 Ἡμῖν
1675 3548 1990 3616 ἐχαρίσθη,
2018 3549 2092 3602 οὐ

519 3653 712 3724 μόνον
741 3651 804 3705 τὸ
833 3653 921 3717 είς
945 3650 1134 3705 αὑτὸν
1152 3649 1482 3715 πιστεύειν,
1511 3649 1673 3703 ἀλλὰ
1707 3649 1810 3704 καὶ
1836 3647 1904 3702 τὸ
1939 3649 2094 3717 ὑπὲρ

521 3755 710 3812 αὐτοῦ
742 3753 1023 3824 πάσχειν.
1070 3753 1152 3806 Ta
1203 3752 1302 3823 μέν
1348 3752 1458 3823 γὰρ
1493 3751 1589 3804 τοῦ
1637 3752 1902 3822 παρόντος
1933 3752 2098 3820 ἀξιώ-

525 3876 672 3932 ματα
723 3858 839 3930 βίου
885 3857 1006 3912 τότε
1070 3857 1292 3928 μείζονα
1342 3855 1630 3926 φαίνεται,
1686 3855 1817 3910 ὅταν
1871 3856 1950 3919 είς
1999 3855 2096 3910 ἕνα

521 3965 751 4035 περιστῇ
777 3965 966 4034 μόνον’
1001 3962 1094 4015 ἐπὶ
1115 3962 1173 4016 δὲ
1202 3961 1310 4014 τῶν
1333 3957 1718 4030 πνευματικῶν
1735 3959 2044 4013 τούναντίον
2074 3974 2089 3989 ·

519 4067 640 4120 τότε
666 4065 900 4138 μάλιστα
921 4065 1130 4136 λάμπει
1155 4064 1215 4118 τδ
1235 4065 1335 4135 τῆς
1357 4064 1543 4136 τιμῆς,
1571 4063 1701 4116 ὅταν
1732 4061 1959 4125 πολλοὺς
1983 4061 2094 4132 τῆς

519 4171 813 4244 προεδρίας
837 4169 934 4242 ἔχῃ
965 4168 1276 4234 κοινωνοὺς,
1295 4168 1390 4222 καὶ
1413 4168 1540 4222 ὅταν
1567 4168 1596 4220 0
1626 4165 1869 4237 μετέχων
1897 4163 1972 4237 μὴ
2011 4159 2094 4229 εἷς

519 4270 577 4347 ᾖ,
600 4273 737 4328 ἀλλά
761 4271 986 4334 πολλοὺς
1016 4270 1114 4345 ἔχῃ
1136 4271 1262 4334 τοὺς
1284 4269 1393 4323 τῶν
1429 4269 1608 4324 αὐτῶν
1629 4267 2018 4329 ἀπολαύοντας.

597 4377 760 4448 Ὁρᾷς
808 4370 901 4429 οῦν
930 4375 1139 4438 πάντας
1175 4375 1592 4444 σημειοφόρους,
1629 4373 1723 4427 καὶ
1750 4372 1979 4426 ἕκαστον
2029 4371 2091 4425 τὸ

518 4479 690 4549 δνομα
727 4477 894 4531 αὑτοῦ
936 4475 1274 4548 βαστάζοντα
1328 4473 1560 4528 ἐνώπιον
1605 4475 1775 4529 ἐθνῶν
1807 4476 1901 4528 καὶ
1934 4474 2090 4544 βασι-

518 4583 676 4647 λέων,
705 4582 866 4636 αύτδν
908 4582 967 4636 δέ
1016 4582 1110 4636 καὶ
1149 4577 1379 4633 ἐνώπιον
1429 4577 1677 4649 γεέννης,
1717 4579 1814 4634 καὶ
1857 4577 2088 4633 ἐνώπιον

519 4686 814 4750 κολάσεως.
851 4685 990 4740 Ἀλλ’
1013 4685 1113 4738 οὐκ
1155 4679 1308 4736 εἶπεν
1341 4681 1515 4744 οὕτως
1534 4697 1550 4711 ο
1576 4679 1637 4733 οὐ
1675 4679 1786 4752 γὰρ
1829 4680 2090 4750 ἠδύναντο

518 4793 716 4846 ἐκεῖνοι
750 4791 1055 4862 βαστάζειν.
1089 4785 1247 4852 Εἶδες
1275 4788 1404 4856 ὅσης
1436 4785 1584 4839 ἐστὶν
1612 4785 1816 4857 ἀρετῆς
1854 4787 1888 4858 ή
1926 4785 2088 4857 φύσις

517 4897 552 4968 ή
585 4895 828 4968 ήμετέρα
852 4895 1072 4966 δεκτική
1097 4911 1112 4960 ;
1147 4893 1222 4956 ὡς
1252 4891 1403 4945 οὐδὲν
1431 4888 1723 4962 ἀνθρώπου
1765 4889 2087 4961 τιμιώτερον

519 5001 611 5054 καὶ
633 4999 825 5070 θνητοῦ
857 5000 1133 5072 μένοντος;
1160 4998 1223 5052 Τί
1243 4998 1350 5068 γάρ
1383 5013 1473 5068 μοι
1497 4995 1688 5048 τούτου
1727 4995 1911 5067 μεῖζον
1942 4994 2088 5067 ἐχεις

517 5103 725 5168 εἰπεῖνς
760 5102 888 5155 τίδὲ
913 5101 1057 5166 (nov;
1090 5099 1270 5155 πόσων
1302 5098 1359 5152 δὲ
1391 5097 1640 5167 ἀγγέλων
1679 5097 1776 5150 καὶ
1806 5095 2085 5166 ἀρχαγγέ-

517 5207 624 5260 λων
657 5205 758 5258 οὐκ
808 5204 953 5260 ἐστιν
1002 5205 1155 5271 ἀξιος
1194 5204 1223 5257 0
1271 5203 1426 5257 τοῦτο
1467 5201 1638 5255 εἰπὼν
1673 5200 1736 5254 τὸ
1786 5201 1977 5271 ρἦας
2028 5200 2086 5254 '0

515 5313 624 5384 γάρ
651 5311 709 5364 ἐν
737 5307 946 5379 σώματι
968 5307 1147 5380 θνητῷ
1195 5307 1289 5360 καὶ
1337 5308 1586 5378 ἐπικήρῳ
1622 5304 1800 5357 πάντα
1827 5303 1966 5374 ὑπὲρ
1993 5302 2084 5356 τοῦ

515 5415 748 5489 Χριστοῦ
770 5415 1018 5487 προδοὺς,
1046 5406 1120 5467 ὧν
1143 5412 1326 5482 κύριος
1345 5406 1436 5482 ἦν,
1454 5409 1654 5480 μᾶλλον
1678 5406 1734 5461 δέ
1761 5402 1836 5461 ὧν
1868 5407 1968 5459 οὑκ
1992 5401 2080 5476 ἦν’

515 5521 609 5574 καὶ
633 5521 742 5592 γὰρ
757 5520 849 5574 καὶ
875 5519 944 5572 τά
967 5515 1254 5579 ἐνεστῶτα,
1279 5515 1373 5568 καὶ¹
1396 5514 1462 5568 τὰ
1490 5514 1749 5586 μέλλοντα
1781 5509 2080 5582 προέδωκε,

517 5623 608 5676 καὶ
641 5617 838 5690 ὕψωμα
865 5621 958 5675 καὶ
994 5618 1153 5684 βάθος
1184 5619 1278 5674 καὶ
1305 5618 1481 5673 κτίσιν
1503 5617 1694 5686 ἑτέραν
1715 5633 1728 5649 ο
1761 5608 1916 5678 οὗτος
1937 5613 1983 5666 εί
2014 5614 2072 5667 ἐν

1277 241 1336 298 S.
1374 239 1662 298 JOANNIS
1700 241 2191 298 CHRYSOSTOMI
2229 242 2546 298 ARCIIIEP.
2585 241 3126 298 CONSTANTINOP.

3664 239 3772 295 510

2211 351 2484 422 ἀσωμάτῳ
2541 351 2698 420 φύσει
2728 346 2816 422 ἦν,
2856 350 2911 402 τί
2943 350 3041 402 οὐκ
3087 349 3152 402 ἀν
3195 343 3352 413 εἶπες
3401 349 3454 402 τί
3497 349 3554 403 δὲ
3583 351 3685 404 οὐκ
3712 353 3778 407 ἄν

2208 456 2441 527 inpage;
2484 457 2591 509 Kal
2613 455 2720 526 γάρ
2750 456 2846 510 καὶ
2868 457 2990 518 τοὺς
3015 455 3280 524 ἀγγέλους
3318 456 3406 510 διὰ
3438 456 3598 511 τοῦτο
3644 446 3776 512 θαυ-

2211 560 2386 627 μάζω,
2419 561 2499 612 ὅτι
2551 558 2964 630 κατηξιώθησαν
3006 560 3260 630 τοιαύτης
3305 561 3494 631 τιμῆς,
3542 562 3642 634 οὐχ
3696 564 3780 616 ὅτι

2207 661 2482 733 ἀσώματοι
2501 663 2686 733 ἔτυχον
2712 665 2861 728 ὄντες
2877 683 2890 695 ο
2919 666 3042 718 ἐπεὶ
3062 667 3154 718 καὶ
3169 669 3198 719 0
3220 666 3464 730 διάϐολος
3487 665 3776 736 ἀσώματός

2207 768 2266 821 τέ
2295 769 2410 821 ἐστι
2441 770 2536 822 καὶ
2564 769 2812 840 ἀόρατος,
2837 771 2952 824 ἀλλ’
2983 770 3132 840 ὅμως
3156 770 3372 823 πάντων
3401 771 3550 823 ἐστὶν
3582 770 3784 824 ἀθλιώ-

2206 889 2381 943 τερος,
2421 873 2608 944 ἐπειδὴ
2634 873 2712 944 τῷ
2744 875 3027 945 ποιήσαντι
3055 874 3427 946 προσέκρουσε
3469 874 3609 944 Θεῷ.
3657 874 3776 926 Ἐν-

2207 975 2396 1029 τεῦθεν
2428 977 2522 1030 καὶ
2547 977 2865 1049 ἀνθρώπους
2902 979 3120 1044 ἀθλίους
3139 974 3278 1034 εἷναί
3300 997 3500 1050 φαμεν,
3521 979 3621 1050 οὐχ
3647 979 3774 1033 ὃταν

2211 1079 2389 1150 σάρκα
2417 1082 2829 1154 περικειμένους
2863 1083 3081 1154 ἴδωμεν,
3113 1083 3229 1136 ἀλλ’
3249 1085 3378 1138 ὅταν
3418 1085 3497 1154 μὴ
3527 1085 3610 1148 είς
3656 1085 3774 1137 δέον

2209 1185 2346 1256 αὐτῇ
2379 1186 2692 1257 χρωμένους
2713 1203 2727 1217 ·
2779 1187 2902 1240 ἐπε)⁸
2933 1188 3028 1242 καὶ
3081 1189 3109 1240 ό
3140 1187 3350 1252 Παῦλος
3406 1189 3584 1258 σάρκα
3614 1205 3775 1258 περι-

2210 1289 2405 1347 έκειτο.
2418 1291 2588 1345 Πόθεν
2610 1287 2702 1346 οῦν
2721 1293 2961 1357 τοιοῦτος
2989 1289 3056 1364 ἦν
3078 1311 3091 1359 ;
3116 1295 3227 1348 Καὶ
3255 1293 3486 1357 οἴκοθεν,
3513 1294 3606 1347 καὶ
3628 1295 3778 1364 παρά

2209 1390 2364 1460 Θεοῦ,
2401 1394 2494 1447 καὶ
2543 1394 2631 1449 διὰ
2663 1394 2821 1448 τοῦτο
2852 1397 3002 1467 παρά
3031 1397 3187 1464 Θεοῦ,
3217 1396 3402 1467 ἐπειδὴ
3438 1396 3649 1450 οἴκοθεν
3668 1414 3682 1427 ο
3713 1398 3777 1450 οὐ

2209 1495 2317 1568 γάρ
2349 1498 2464 1550 ἐστι
2499 1499 2968 1572 προσωπολήπτης
2997 1501 3025 1552 ό
3057 1500 3208 1564 Θεός.
3250 1501 3313 1553 Et
3353 1501 3410 1554 δὲ
3444 1501 3644 1570 λέγοις,
3681 1504 3778 1555 καὶ

2209 1599 2326 1664 πῶς
2351 1601 2574 1655 δυνατὸν
2606 1603 2844 1667 ἐκείνους
2878 1603 3238 1674 μιμήσασθαι,
3268 1604 3497 1657 ἄκουσον
3524 1605 3578 1657 τί
3610 1622 3774 1675 φησιο

2208 1707 2467 1774 Μιμηταί
2489 1723 2607 1775 μου
2624 1707 2884 1777 γίνεσθε,
2907 1709 3101 1774 καθὼς
3121 1707 3282 1777 κάγὼ
3301 1709 3579 1776 Χριστοῦ.
3611 1710 3778 1761 Ἐκεῖ.

2209 1825 2298 1872 νος
2343 1809 2437 1862 τοῦ
2483 1810 2717 1881 Χριστοῦ
2747 1812 2938 1880 γέγονε
2982 1812 3254 1883 μιμητὴς,
3294 1813 3359 1863 σὺ
3396 1811 3454 1864 δὲ
3503 1811 3634 1864 ούδέ
3679 1811 3777 1864 τοῦ

2211 1915 2528 1984 συνδούλους
2569 1920 2776 1982 ἐκεῖνος
2817 1919 3098 1990 Δεσπότην
3131 1919 3390 1989 ἐζήλωσε,
3442 1919 3506 1970 σὺ
3549 1916 3606 1970 δὲ
3655 1915 3777 1968 οὐδὲ

2205 2017 2296 2072 τὸν
2321 2018 2634 2089 όμόδουλον;
2665 2023 2761 2075 καὶ
2788 2021 2948 2074 ποίαν
2971 2021 3113 2087 ἔξεις
3142 2020 3474 2088 ἀπολογίαν;
3505 2021 3616 2072 Καὶ
3659 2019 3777 2083 πῶς

2206 2124 2367 2178 αὐτὸν
2405 2127 2730 2196 ἐμιμήσατο,
2767 2126 2929 2196 φησί;
2965 2125 3132 2180 Τοῦτο
3159 2125 3216 2192 ἐξ
3249 2126 3423 2197 ἀρχῆς
3451 2126 3646 2178 σκόπει
3675 2127 3773 2178 καὶ

2206 2227 2302 2280 ἀπ’
2319 2227 2494 2280 αὐτῶν
2509 2229 2616 2282 τῶν
2637 2230 2956 2300 προοιμίων.
2991 2229 3208 2298 Ἐπειδὴ
3235 2229 3342 2299 γάρ
3365 2227 3472 2281 ἀπὸ
3490 2227 3598 2281 τῶν
3615 2227 3777 2280 θείων

2205 2333 2459 2402 ναμάτων
2486 2332 2739 2387 τοσοῦτον
2770 2333 2878 2405 πῦρ
2908 2332 3046 2403 ἔχων
3082 2333 3332 2404 ἀνῆλθεν,
3377 2333 3452 2395 ὡς
3483 2333 3617 2402 μηδέ
3645 2332 3780 2383 ἀνα-

2207 2439 2387 2506 μεῖναι
2423 2436 2737 2492 διδάσκαλον
2758 2453 2771 2466 °
2799 2438 2859 2490 οὐ
2901 2437 3010 2509 γάρ
3048 2437 3361 2508 περιέμεινε
3393 2437 3620 2508 Πέτρον,
3650 2437 3778 2490 οὐδὲ

2202 2533 2333 2609 ἦλθε
2364 2539 2498 2610 πρὸς
2540 2539 2814 2607 Ἰάκωϐον,
2849 2539 2970 2592 οὐδὲ
3000 2539 3136 2612 πρὸς
3167 2539 3324 2593 ἀλλον
3374 2540 3567 2594 οὐδένα
3586 2580 3600 2602 ,
3657 2541 3778 2594 ἀλλ’

2205 2644 2309 2696 ὑπὸ
2332 2644 2433 2714 τῆς
2476 2644 2784 2716 προθυμίας
2812 2644 3020 2716 ἀρθεὶς,
3059 2643 3201 2698 οὕτω
3227 2644 3325 2715 τὴν
3354 2645 3507 2698 πόλιν
3541 2644 3777 2716 ἀνῆψεν,

2203 2749 2280 2813 ὡς
2334 2749 2569 2820 πόλεμον
2617 2750 3073 2823 ἀναρριπισθῆναι
3113 2752 3232 2804 κατ’
3273 2750 3438 2804 αὐτοῦ
3491 2751 3730 2821 χαλεπόν
3759 2768 3773 2781 ·

2204 2859 2326 2911 ἐπεὶ
2373 2859 2467 2912 καὶ
2512 2859 2760 2923 Ἰουδαῖος
2808 2859 2906 2926 ὢν,
2950 2859 3020 2912 τά
3063 2861 3202 2931 ὑπὲρ
3227 2861 3325 2931 τὴν
3354 2858 3512 2925 ἀξίαν
3557 2861 3774 2925 ἐποίει,

2202 2966 2497 3038 δεσμεύων,
2520 2969 2767 3037 ἀπάγων,
2791 2967 3059 3040 δημεύων.
3079 2969 3233 3022 Οῦτω
3263 2971 3358 3022 καὶ⁹
3389 2969 3652 3039 Μωῦσῆς,
3675 2971 3776 3022 καὶ

2203 3071 2352 3144 [514]
2385 3073 2596 3137 οὐδενὸς
2652 3076 3128 3145 χειροτονήσαντος
3160 3075 3357 3141 αὐτὸν,
3411 3077 3511 3148 τήν
3548 3076 3768 3131 ἀδικίαν

2199 3180 2306 3236 τῶν
2335 3181 2626 3254 βαρϐάρων
2658 3181 2896 3236 ἐκώλυσε
2928 3182 3026 3254 τὴν
3052 3185 3192 3237 κατά
3214 3183 3321 3239 τῶν
3351 3185 3656 3256 ὁμοφύλων.

2271 3309 2452 3363 Ταῦτα
2479 3310 2588 3384 γὰρ
2615 3311 2794 3382 ψυχῆς
2823 3315 3072 3380 γενναίας
3097 3315 3366 3380 ἀπόδειξις
3417 3317 3511 3370 καὶ
3543 3316 3772 3389 γνώμης

2199 3418 2502 3490 ἐλευθέρας,
2558 3421 2658 3474 οὐκ
2711 3422 3053 3495 ἀνεχομένης
3087 3426 3214 3496 σιγῇ
3263 3425 3450 3496 φέρειν
3473 3426 3542 3480 τά
3565 3427 3770 3498 ἐτέρων

2199 3526 2362 3592 κακὰ,
2397 3525 2498 3580 κᾶν
2533 3527 2721 3597 μηδεὶς
2749 3529 2778 3581 0
2815 3526 3214 3604 χειροτονῶν
3249 3532 3372 3585 Ὅτι
3407 3533 3516 3604 γὰρ
3545 3533 3770 3599 δικαίως

2197 3635 2507 3707 ἐπεπήδησε
2528 3639 2590 3708 τῇ
2614 3638 2939 3709 προστασία,
2957 3637 3156 3704 ἔδειξεν
3177 3641 3206 3693 0
3229 3640 3360 3704 Θεὸς
3385 3645 3769 3714 χειροτονήσας

2198 3747 2358 3801 αὐτὸν
2386 3747 2639 3818 ῦστερονσ
2663 3749 2692 3802 0
2716 3751 2912 3803 καὶέπὶ
2928 3750 3142 3804 Παύλου
3165 3752 3483 3822 πεποίηκεν.
3514 3754 3638 3808 Ὅτι
3656 3754 3769 3828 γάρ

2197 3859 2292 3912 καὶ
2316 3853 2468 3922 οὗτος
2491 3858 2668 3923 καλῶς
2687 3859 2908 3930 ἐποίησε
2926 3860 3020 3914 τοῦ
3039 3860 3198 3932 λόγου
3222 3860 3498 3933 ἁψάμενος
3524 3863 3646 3918 τότε
3670 3866 3770 3918 καὶ

2195 3967 2294 4038 τῆς
2316 3967 2681 4032 διδασκαλίας,
2713 3968 2982 4022 καὶτοῦτο
3003 3969 3274 4040 ἐδήλωσεν
3300 3975 3329 4024 0
3365 3971 3518 4036 Θεὸς,
3553 3975 3767 4047 ταχέοκ

2197 4081 2355 4134 αὐτὸν
2385 4082 2477 4133 ἐπὶ
2498 4080 2556 4133 τὸ
2569 4081 2676 4134 τῶν
2693 4081 3026 4136 διδασκάλων
3057 4082 3273 4154 ἀξίωμα
3298 4083 3542 4153 ἀγαγών.
3575 4084 3639 4139 El
3664 4087 3770 4157 μὲν

2195 4189 2305 4259 γὰρ
2328 4188 2494 4261 τιμῆς
2521 4188 2703 4242 ἐνεκεν
2729 4189 2824 4243 καὶ
2850 4188 3141 4260 προεδρίας
3172 4190 3456 4262 ἐπεπήδων
3479 4194 3593 4256 τοῖς
3618 4194 3770 4263 πρά-

2194 4315 2389 4369 γμασι,
2412 4298 2506 4351 καλ⁸
2534 4298 2636 4368 τῆς
2665 4297 2842 4350 αὐτῶν
2869 4297 3183 4369 θεραπείας,
3210 4299 3433 4364 εἰκότως
3459 4299 3526 4354 ἂν
3549 4301 3772 4372 ἐνεκλήο

2195 4408 2385 4480 θησαν.
2429 4407 2646 4480 Ἐπειδὴ
2671 4407 2726 4462 δὲ
2751 4407 3034 4472 κινδύνους
3068 4409 3320 4479 ἠγάπων,
3371 4411 3466 4465 καὶ
3499 4411 3769 4476 θανάτους

2194 4517 2529 4584 ἐπεσπῶντο,
2561 4517 2646 4570 ἵνα
2677 4518 2804 4582 τοὺς
2825 4517 3017 4582 ἄλλους
3039 4518 3376 4573 διασώσωσιν
3396 4519 3662 4585 ἅπαντας,
3679 4522 3768 4588 τίς

2193 4623 2363 4689 οὕτως
2389 4624 2592 4690 ἄθλιος,
2627 4625 2770 4678 ὥστε
2804 4626 3097 4696 ἐγκαλέσαι
3145 4627 3425 4700 προθυμίᾳ⁵
3472 4630 3716 4702 τοσαύτῃ
3751 4647 3767 4697 ;

2194 4733 2316 4788 Ὀτι
2365 4732 2474 4804 γὰρ
2517 4732 2617 4801 τῆς
2647 4731 2754 4785 τῶν
2784 4732 3169 4804 ἀπολλυμένων
3200 4735 3479 4806 σωτηρίας
3523 4737 3766 4806 ἐρῶντες

2191 4841 2360 4897 ταῦτα
2386 4841 2673 4913 ἔπραττον,
2696 4839 2929 4911 ἐδήλωσε
2953 4841 3048 4894 καὶ
3083 4844 3116 4913 ή
3148 4842 3240 4895 τοῦ
3259 4841 3394 4896 Θεοῦ
3419 4843 3614 4914 ψῆφος,
3644 4845 3768 4917 ἐδή-

2192 4955 2330 5008 λωσε
2360 4956 2454 5008 καὶ
2478 4953 2634 5025 ήτῶν
2660 4952 2844 5017 κακῶς
2877 4952 3217 5024 ἐρασθέντων
3246 4954 3340 5008 τὸν
3361 4953 3539 5024 ἔρωτα
3567 4955 3764 5010 τοῦτον

2190 5062 2452 5117 ἀπώλεια.
2497 5061 2837 5133 Ἐπεπήδησε
2863 5061 2972 5133 γάρ
3001 5078 3132 5115 ποτε
3155 5062 3250 5117 καὶ
3277 5063 3462 5134 ἐτερος
3490 5065 3629 5134 ἀρχῇ
3667 5067 3768 5120 καὶ

2191 5169 2513 5240 προστασίᾳ,
2568 5165 2703 5220 ἀλλά
2745 5166 2944 5230 πάντες
2991 5165 3283 5227 ἀπέθανον,
3312 5169 3360 5218 οἱ
3395 5167 3491 5238 μὲν
3536 5170 3766 5240 ἐμπρη-

2191 5277 2426 5340 σθέντες,
2461 5276 2510 5328 οἱ
2557 5274 2614 5327 δὲ
2641 5275 2744 5346 γῆς
2784 5273 3062 5330 διαστάσει
3089 5273 3513 5339 καταποθέντες.
3542 5275 3617 5328 Ού
3646 5277 3766 5347 γὰρ

2187 5386 2275 5440 διά
2324 5383 2656 5455 προστασίαν
2688 5382 2844 5436 τοῦτο
2875 5382 3114 5446 ἐποίουν,
3143 5382 3277 5437 ἀλλά
3325 5382 3414 5436 διὰ
3463 5383 3767 5454 προεδρίας

2189 5494 2385 5566 ἔρωτα.
2424 5490 2759 5563 Ἐπεπήδησε
2786 5491 2880 5544 καὶ
2922 5491 3123 5557 Ὀζίας,
3144 5491 3282 5547 ἀλλά
3312 5492 3406 5547 καὶ
3442 5485 3596 5554 οὗτος
3619 5493 3775 5548 ἀκά-

2192 5607 2385 5680 θαρτος
2413 5603 2669 5674 γέγονεν·
2698 5601 3005 5673 ἐπεπήδησε
3055 5603 3146 5657 καὶ
3189 5604 3392 5677 Σίμων,
3438 5603 3576 5658 ἀλλά
3625 5620 3779 5659 κατ-
