4044 6206
339 267 372 299 κ

341 264 444 323 509

407 373 590 446 Ληρειί
630 372 868 428 custodes
913 372 1092 426 nostri.
1121 402 1194 412 —
1218 371 1274 428 Si
1305 372 1446 428 enim
1486 372 1755 442 prepriam
1804 383 1927 428 tan-

335 464 616 522 tunnnodo
655 463 817 519 vitam
867 463 1193 534 regentibus,
1237 463 1476 534 nihilque
1525 478 1623 533 pro
1664 463 1932 518 communi

337 559 569 612 utilitate
612 555 955 618 facientibus,
995 555 1168 625 angeli
1209 555 1277 609 ab
1302 555 1540 609 omnium
1582 556 1808 611 Domino
1835 556 1930 610 de-

332 648 507 718 putati
533 657 680 712 sunt,
718 646 854 700 sicut
878 646 952 699 ait
989 661 1122 698 unus
1143 661 1206 699 ex
1229 644 1408 713 justis,
1438 645 1657 716 Angelus
1689 646 1775 716 qui
1803 646 1930 699 eruit

333 756 418 793 nte
443 756 476 791 ο
495 740 765 808 juventute
803 753 917 790 mea
938 735 1093 810 (Cen.
1116 736 1205 790 48.
1241 736 1332 805 l6)
1362 753 1376 790 :
1406 737 1577 791 multo
1614 738 1781 806 magis
1819 737 1924 801 his,

335 831 534 902 quibus
584 831 748 885 totius
794 829 941 884 orbis
982 844 1110 884 cura
1155 829 1437 884 commissa
1481 837 1582 894 est,
1641 829 1930 898 taliumque

337 923 600 978 donorum
630 937 792 977 onera
821 922 1152 991 portantibus
1178 922 1402 977 virtutes
1428 921 1620 977 adsunt
1659 937 1925 992 supernae.

338 1014 406 1069 Et
422 1014 496 1068 illi
523 1012 740 1083 quidem
763 1013 848 1082 qui
877 1012 930 1067 in
958 1013 1192 1066 exercitu
1215 1011 1318 1065 hoc
1347 1011 1548 1066 honore
1571 1012 1753 1066 donati
1781 1022 1924 1077 sunt,

334 1112 596 1159 ornantur
624 1110 773 1157 veste
817 1102 1070 1172 pretiosa,
1110 1101 1288 1156 aureis
1319 1101 1594 1171 torquibus
1634 1103 1770 1156 colla
1799 1102 1928 1157 sub-

335 1195 469 1257 nixi,
500 1193 732 1248 nitentes
777 1191 1032 1261 undique,
1075 1200 1130 1246 et
1157 1189 1390 1260 undique
1426 1190 1782 1261 refulgentes;
1825 1193 1927 1246 i5te

335 1300 466 1343 vero
489 1297 678 1343 eatena
705 1299 802 1354 pro
831 1293 1019 1354 torque
1045 1283 1406 1338 circumdatus
1433 1323 1447 1349 ,
1479 1291 1653 1353 gestat
1686 1299 1922 1348 crucem,

336 1386 393 1434 et
420 1377 894 1448 persequutionem
923 1373 1154 1443 undique
1192 1373 1480 1438 sustinens,
1511 1373 1702 1428 famem
1732 1373 1926 1442 ubique

337 1469 668 1541 perpetiens.
697 1465 802 1523 Sed
832 1465 963 1520 nihil
1001 1475 1104 1530 est,
1133 1465 1499 1529 dilectissime,
1531 1465 1675 1534 quod
1706 1481 1772 1519 ex
1820 1465 1922 1519 hu-

335 1560 636 1634 juscemodi
677 1557 1014 1614 sermonibus
1045 1557 1379 1627 ingemiseas.
1408 1557 1678 1627 Siquidem
1708 1557 1808 1611 iste
1831 1572 1924 1611 or-

339 1661 495 1708 natus
523 1652 694 1707 multo
722 1659 805 1705 est
832 1649 925 1704 illo
953 1649 1144 1704 melior
1169 1658 1223 1704 ct
1256 1649 1473 1715 clarior,
1515 1657 1674 1718 atque
1697 1649 1921 1704 amicior

339 1745 470 1812 Deo,
499 1752 720 1814 propter
751 1741 892 1812 quod
922 1750 975 1796 et
999 1751 1217 1810 portans
1241 1740 1459 1795 minime
1489 1740 1781 1796 laborabat.
1813 1741 1924 1796 Hoc

339 1845 422 1890 est
444 1848 677 1904 namque
702 1831 966 1896 mirabile,
1004 1832 1127 1901 quia
1171 1846 1292 1886 cum
1323 1830 1569 1897 vinculis,
1601 1830 1916 1886 verberibus

335 1939 501 1997 atque
544 1925 856 1981 vulneribus
897 1925 1053 1995 longe
1097 1924 1426 1995 splendidior
1467 1936 1584 1979 erat
1619 1925 1920 1981 diademate

340 2033 676 2089 purpuraque
711 2017 1053 2087 fulgentibus.
1095 2016 1247 2083 Quod
1286 2017 1428 2071 enim
1467 2027 1614 2073 esset
1654 2033 1781 2074 vere
1809 2019 1920 2072 cla-

335 2111 466 2175 rior,
500 2118 554 2164 et
583 2109 707 2178 quia
747 2123 854 2162 non
897 2107 964 2162 ad
989 2122 1180 2162 senum
1209 2107 1575 2162 tantummodo
1603 2108 1700 2162 ista
1731 2108 1921 2163 dican-

337 2210 445 2266 tur,
475 2200 644 2269 ipsius
669 2199 988 2253 vestimenta
1017 2197 1334 2254 docuerunt.
1360 2197 1497 2253 Nam
1540 2199 1585 2253 si
1631 2199 1775 2254 mille
1801 2199 1948 2254 dia--

338 2291 552 2346 dentata
577 2290 902 2359 totidemque
929 2304 1187 2361 purpuras
1226 2291 1434 2345 ardenti
1463 2283 1702 2346 febribus
1732 2307 1920 2360 super-

336 2399 527 2455 ponas,
571 2399 641 2438 ne
681 2383 948 2438 modicum
991 2382 1206 2453 quidem
1243 2382 1472 2439 ﬂammae
1517 2383 1637 2454 ejus
1673 2384 1924 2439 valebunt

334 2478 700 2546 exstinguere.
729 2478 800 2529 At
827 2490 958 2531 vero
984 2474 1141 2544 hujus
1175 2475 1524 2542 semicinctia,
1551 2476 1920 2545 aegrotantium

332 2568 551 2622 admota
609 2566 953 2636 corporibus,
1022 2565 1239 2620 morbos
1289 2580 1478 2621 omnes
1539 2566 1809 2636 fugabant.
1863 2567 1920 2622 Si

332 2661 478 2715 enim
513 2659 746 2713 latrones
768 2657 1008 2713 videntes
1034 2657 1241 2728 signum
1274 2657 1402 2712 illud
1431 2659 1682 2725 militare,
1711 2676 1814 2714 non
1845 2662 1921 2715 ir-

335 2759 523 2816 ruunt,
555 2749 648 2805 sed
673 2750 845 2804 aversi
878 2758 1097 2818 repente
1117 2749 1398 2819 diffugiunt
1427 2767 1440 2804 :
1472 2751 1642 2805 multo
1671 2752 1838 2821 magis
1867 2761 1920 2807 et

332 2842 684 2912 aegritudines
740 2851 795 2896 et
848 2830 1120 2895 daemones
1174 2839 1375 2895 ChriSIi
1428 2841 1580 2910 signo
1629 2853 1918 2912 appareute

333 2932 626 3005 fugiebant.
659 2931 747 2986 Sic
770 2941 946 2987 autem
972 2931 1168 2986 Paulus
1195 2930 1400 2986 ferebat
1421 2931 1524 2986 hoc
1551 2933 1786 3003 signum,
1810 2950 1917 2989 non

331 3036 396 3081 ut
442 3026 591 3080 solus
633 3024 766 3079 illud
798 3032 1052 3093 portaret,
1099 3023 1193 3079 sed
1225 3033 1284 3079 ut
1327 3040 1514 3079 eomes
1543 3040 1754 3094 quoque
1786 3027 1917 3081 tales

333 3131 457 3171 esse
481 3117 702 3171 doceret
729 3130 794 3171 ac
827 3116 1062 3171 faceret:
1089 3125 1306 3185 propter
1342 3115 1484 3185 quod
1522 3117 1716 3170 clamat
1760 3128 1920 3188 atque

333 3209 468 3264 dicit
495 3226 509 3261 :
540 3206 825 3262 Imitatores
851 3209 948 3261 mei
971 3217 1145 3274 estote,
1177 3209 1304 3262 sicut
1338 3207 1526 3261 habetis
1551 3212 1769 3279 formam
1803 3227 1916 3265 nos.

335 3302 405 3358 Et
435 3316 638 3368 rursus,
673 3300 802 3367 Qut:
824 3300 1019 3354 vidistis
1050 3309 1096 3354 et
1124 3299 1355 3353 audiistis
1387 3299 1441 3353 in
1485 3316 1580 3362 me,
1605 3301 1711 3354 haec
1736 3303 1871 3372 agite
1896 3318 1917 3356 :

328 3404 391 3451 et
417 3410 626 3458 rursus,
669 3393 816 3448 Vobis
844 3393 1088 3447 donatum
1131 3403 1228 3458 est,
1274 3409 1377 3446 non
1403 3394 1565 3448 solum
1608 3404 1663 3447 ut
1714 3396 1770 3448 in
1805 3412 1917 3450 eum

331 3487 573 3546 credatis.
601 3486 691 3540 sed
733 3495 786 3539 ut
825 3488 976 3540 etiam
1016 3501 1107 3555 pro
1147 3484 1243 3539 illo
1278 3485 1543 3556 patiamini
1573 3484 1829 3558 (Philipp.
1861 3488 1916 3542 5.

334 3579 428 3633 17.
455 3586 504 3631 et
531 3577 586 3633 4.
621 3576 674 3632 9.
707 3586 754 3631 et
786 3577 834 3632 ι.
860 3575 976 3645 29).
1007 3575 1215 3631 Etenim
1251 3577 1527 3645 praesentis
1549 3575 1669 3631 vita:
1695 3576 1922 3647 dignita-

335 3681 420 3726 tes
446 3685 572 3726 tuuc
599 3670 854 3724 clariores
897 3667 1064 3723 videri
1095 3668 1291 3732 solent,
1323 3667 1538 3737 quando
1569 3669 1620 3722 in
1664 3684 1772 3723 uno
1800 3679 1919 3724 tan-

333 3771 448 3815 tum
474 3761 688 3815 homine
711 3759 1046 3815 constiterint
1073 3777 1089 3813 :
1112 3760 1165 3813 in
1193 3759 1555 3828 spiritualihus
1577 3775 1704 3814 vero
1729 3776 1760 3816 e
1787 3775 1921 3816 con-

338 3853 505 3906 trario
531 3861 657 3906 tunc
701 3852 868 3920 magis
909 3849 1192 3919 splendent
1221 3850 1469 3914 honores,
1501 3864 1621 3904 cum
1659 3851 1759 3904 sibi
1797 3852 1919 3922 plu-

333 3942 460 3997 rimi
489 3957 676 3997 eorum
717 3941 1095 3996 sontmunione
1145 3942 1438 4004 sociantur,
1483 3955 1604 3994 cum
1647 3956 1751 3996 non
1783 3959 1922 3999 unus

334 4043 423 4089 est
446 4036 713 4102 particeps
737 4031 1027 4102 dignitatis,
1060 4031 1154 4086 sed
1181 4031 1376 4086 multos
1417 4030 1578 4086 habet
1599 4032 1685 4101 qui
1717 4033 1919 4088 eisdem

337 4124 634 4181 honoribus
664 4123 1022 4192 perfruantur.

413 4216 599 4270 Omnes
619 4213 894 4270 Christiani
911 4213 1159 4285 signiferi.
1181 4243 1253 4254 -—
1272 4212 1432 4268 Vides
1453 4212 1610 4283 igitur
1631 4213 1714 4267 hic
1735 4227 1920 4268 omnes

338 4323 461 4364 esse
488 4305 792 4378 signiferos,
825 4313 880 4359 et
905 4304 1102 4359 Christi
1133 4318 1328 4359 nomen
1369 4319 1798 4373 unumquemque
1825 4320 1922 4372 ge-

335 4409 483 4454 stare
512 4400 564 4453 in
592 4405 882 4468 conspectu
904 4396 1141 4466 gentium
1175 4405 1334 4466 atque
1359 4411 1567 4466 regum,
1596 4396 1764 4465 ipsum
1794 4410 1922 4450 vero

339 4490 560 4546 Paulum
591 4489 750 4544 etiam
777 4503 899 4543 cum
940 4487 1040 4542 sibi
1071 4485 1354 4541 anathema
1387 4496 1554 4557 Optat,
1587 4499 1745 4558 atque
1789 4503 1921 4557 sup-

341 4585 580 4653 plicium.
610 4582 714 4638 Sed
740 4598 845 4636 non
878 4583 977 4635 hoc
1006 4581 1257 4650 praecepit
1282 4589 1335 4634 et
1359 4581 1589 4646 caeteris,
1617 4581 1754 4651 quod
1778 4591 1923 4636 certe

340 4674 417 4729 illi
446 4685 659 4745 portare
687 4688 790 4726 non
819 4681 1080 4744 poterant.
1109 4670 1328 4727 Vidistis
1350 4686 1540 4741 nempe
1568 4681 1778 4742 quanta:
1808 4687 1912 4726 no-

336 4776 448 4820 stra
471 4767 547 4819 sit
577 4774 767 4819 natura
797 4779 962 4832 capax
996 4763 1225 4826 virtutis,
1259 4777 1417 4832 quam
1449 4763 1581 4816 nihil
1610 4763 1679 4816 sit
1707 4763 1920 4817 homine

339 4857 648 4926 pretiosius,
691 4863 745 4908 et
771 4855 943 4909 adhuc
974 4855 1154 4922 utique
1184 4854 1410 4907 mortali.
1437 4853 1571 4920 Quid
1603 4853 1746 4908 enim
1791 4852 1922 4906 tnihi

339 4949 443 5004 hoc
484 4948 677 5016 majus,
719 4948 826 5001 imo
855 4946 978 5017 quid
1012 4946 1209 5016 poteris
1253 4946 1442 5001 saltem
1485 4947 1690 5015 aequale
1717 4961 1920 5000 memo-

340 5042 500 5095 rare?
543 5039 878 5106 Quantorum
929 5053 1034 5091 non
1077 5039 1198 5102 iste,
1239 5050 1440 5105 qumso,
1492 5036 1694 5091 honore
1731 5037 1922 5106 dignus

339 5141 423 5186 est
467 5129 802 5200 angelorum,
852 5129 942 5199 qui
989 5128 1092 5184 hoc
1136 5129 1353 5184 verbum
1387 5130 1553 5197 potuit
1595 5127 1780 5183 effari?
1821 5131 1920 5196 Qui

339 5223 484 5276 enim
518 5223 575 5276 in
600 5221 881 5290 temporali
913 5221 1016 5275 hoc
1043 5231 1202 5290 atque
1229 5219 1438 5273 mortali
1466 5234 1690 5288 corpore
1719 5221 1919 5274 consti-

338 5323 484 5366 tutus
521 5323 736 5377 cuncta,
768 5314 928 5367 etiam
969 5325 1195 5381 quorum
1240 5326 1344 5364 non
1373 5319 1490 5364 erat
1528 5309 1794 5375 dominus,
1826 5326 1922 5380 pro

337 5404 551 5460 Christo
577 5420 682 5457 non
706 5403 910 5457 dubitat
937 5401 1154 5464 offerre,
1182 5400 1268 5455 hic
1295 5401 1338 5455 si
1374 5401 1699 5468 incorporea:
1737 5399 1923 5455 fuisset

339 5508 561 5560 natur-zu,
593 5496 721 5566 quid
757 5497 970 5551 tandem
1011 5495 1210 5557 dicere,
1242 5493 1364 5563 quid
1399 5502 1574 5546 autem
1617 5494 1788 5546 facere
1813 5493 1923 5546 dis-

337 5592 593 5646 tulisset?
647 5589 777 5644 Nam
821 5599 876 5644 et
917 5589 1134 5658 angelos
1175 5596 1455 5656 propterea
1495 5587 1768 5652 miramur,
1817 5601 1922 5639 non

337 5701 463 5756 quia
502 5684 798 5754 incorporei
839 5690 965 5736 sunt
997 5682 1162 5737 creati
1197 5699 1209 5735 :
1244 5680 1503 5754 siquidem
1528 5697 1647 5739 cum
1675 5677 1915 5736 diabolus

1161 260 1253 318 DE
1291 261 1634 319 LAUDIBUS
1667 261 1722 317 S.
1753 261 1952 320 PAULI
2014 259 2369 318 APOSTOLI.
2410 262 2638 320 HOMIL.
2683 265 2794 322 VII.

3510 276 3616 332 5H)

2036 373 2105 428 sit
2132 373 2476 445 incorporeus
2505 387 2560 433 et
2581 379 2880 450 invisibilis,
2903 392 2985 438 est
3008 391 3181 440 tamen
3213 388 3458 443 omnibus
3485 392 3617 447 infe-

2035 465 2189 521 licior
2217 485 2231 522 :
2262 469 2385 538 quia
2407 469 2620 526 factoris
2645 472 2739 527 Dei
2765 476 2960 530 meruit
2986 475 3264 532 offensam.
3295 479 3425 535 Ilinc
3452 484 3613 538 etiam

2037 556 2279 614 homines
2318 560 2558 617 infelices
2604 579 2876 631 vocamus,
2923 583 3028 622 nou
3077 571 3201 640 quia
3247 572 3486 627 videmus
3522 591 3618 630 eos

2034 664 2195 704 carne
2250 651 2631 722 circumdatos,
2685 657 2779 711 sed
2825 673 2946 712 eum
3003 677 3109 714 non
3156 679 3238 725 ea,
3288 675 3341 718 ut
3385 675 3613 736 oportet,

2035 745 2542 815 utuntur:alioquin
2569 757 2622 801 et
2662 762 2824 804 carne
2850 751 3171 808 induebatur
3213 755 3429 811 Paulus.
3467 757 3617 816 Unde

2033 832 2193 901 igitur
2223 835 2340 889 talis
2367 838 2606 905 emersit,
2642 849 2696 894 et
2725 843 2942 896 tantus?
2987 843 3052 898 Et
3079 861 3149 898 ex
3182 849 3398 916 proprio
3425 850 3615 904 videli-

2031 934 2139 992 cet,
2169 936 2223 981 et
2251 943 2316 982 ex
2347 929 2453 984 Deo
2483 947 2496 984 :
2529 939 2582 984 et
2609 931 2806 987 idcirco
2842 951 2907 988 ex
2957 936 3088 1002 Deo,
3121 940 3244 1007 quia
3283 940 3351 995 de
3377 943 3615 1011 proprio.

2030 1016 2146 1069 Non
2174 1018 2316 1072 enim
2357 1028 2439 1074 est
2479 1034 2826 1088 personarum
2872 1037 3123 1096 acceptor
3158 1029 3297 1083 Deus
3330 1030 3464 1100 (Act.
3501 1033 3614 1104 10).

2031 1106 2087 1160 Si
2130 1118 2308 1162 autem
2345 1108 2567 1178 dixeris,
2612 1113 2676 1166 Et
2723 1116 3168 1183 quemadmodum
3221 1120 3367 1174 illum
3419 1122 3617 1178 imitari

2033 1200 2282 1265 possibile
2323 1200 2446 1255 est?
2497 1201 2644 1257 disce
2691 1204 2819 1273 quid
2871 1205 3067 1260 dixerit
3117 1226 3131 1260 :
3181 1207 3470 1265 Imitatores
3520 1215 3618 1266 mei

2030 1299 2200 1353 estote,
2241 1291 2370 1344 sicut
2417 1299 2464 1346 et
2501 1309 2592 1363 ego
2621 1292 2812 1348 Christi
2842 1297 2916 1366 (l.
2950 1296 3067 1350 Cor.
3099 1299 3184 1352 ll.
3219 1300 3296 1370 l).
3327 1302 3421 1356 Ille
3451 1303 3616 1372 ipsius

2028 1378 2224 1435 Christi
2269 1382 2492 1438 effectus
2533 1393 2615 1439 est
2661 1386 2913 1452 imitator,
2966 1395 3023 1442 tu
3069 1404 3201 1444 vero
3245 1405 3346 1446 nec
3387 1395 3617 1463 apostoli

2029 1475 2312 1528 conservi:
2344 1476 2434 1530 ille
2465 1477 2672 1531 Domini
2697 1479 2976 1534 annulator
3021 1481 3134 1546 fuit,
3154 1492 3207 1536 tu
3233 1495 3412 1539 autem
3443 1502 3618 1556 neque

2027 1565 2272 1619 Conservi
2301 1582 2315 1616 :
2345 1575 2398 1619 et
2437 1581 2594 1635 quam
2628 1567 2837 1622 tandem
2877 1570 3079 1639 poteris
3125 1573 3462 1643 negligentia:
3511 1585 3616 1632 tua:

2029 1657 2273 1710 umbram
2315 1656 2642 1712 obtendere?
2679 1659 3139 1725 Quemadmodum
3173 1679 3304 1719 vero
3331 1682 3452 1720 cum
3495 1668 3616 1722 imi-

2029 1755 2168 1801 tatus
2211 1748 2299 1813 sit,
2349 1748 2601 1803 ostendit.
2647 1749 2810 1819 quue
2856 1751 2923 1805 ab
2962 1752 3113 1807 initio
3142 1756 3422 1811 considera
3452 1767 3506 1812 et
3545 1760 3614 1814 ab

2028 1840 2160 1908 ipsis
2212 1840 2504 1910 principiis.
2556 1841 2779 1909 Quando
2839 1843 2980 1898 enim
3025 1861 3090 1900 ex
3140 1847 3245 1901 illis
3289 1849 3613 1909 salutaribus

2028 1933 2246 1985 emersit
2274 1932 2506 1998 fluentis,
2543 1941 2688 1987 tanto
2717 1934 2840 2004 igne
2865 1935 3054 2004 plenus
3081 1937 3272 2004 exivit,
3306 1949 3365 1994 ut
3391 1956 3490 1996 nec
3515 1958 3611 1997 ne-

2026 2023 2316 2076 cessarium
2343 2023 2445 2078 sibi
2483 2032 2694 2093 putaret
2729 2026 3063 2096 magistrum.
3092 2027 3210 2082 Non
3246 2031 3388 2084 enim
3417 2046 3609 2102 exspe-

2025 2116 2187 2170 ctavit
2208 2116 2445 2182 Petrum,
2470 2132 2568 2172 nec
2593 2119 2736 2174 venit
2761 2119 2828 2172 ad
2851 2118 3129 2186 Iacobum,
3153 2137 3328 2192 neque
3351 2122 3416 2177 ad
3442 2125 3608 2181 alium

2025 2206 2243 2261 omnino
2279 2222 2602 2278 quemquam
2636 2225 2651 2262 :
2689 2208 2785 2264 sed
2829 2211 3046 2279 propria
3085 2213 3358 2267 alacritate
3401 2225 3606 2284 raptus,

2027 2297 2096 2351 ita
2126 2307 2287 2352 totam
2313 2299 2452 2352 illam
2479 2299 2533 2352 in
2555 2314 2658 2369 qua
2687 2299 2862 2354 fuerat
2887 2300 3206 2370 baptizatus,
3234 2303 3612 2372 praedicatione

2024 2404 2119 2442 sua
2150 2388 2492 2444 inflammavit
2521 2390 2728 2456 urbem,
2762 2399 2819 2444 ut
2844 2392 3194 2446 saevissimum
3223 2402 3408 2447 contra
3437 2408 3497 2449 se
3518 2395 3614 2449 .Iu-

2024 2481 2261 2536 dzeorum
2283 2482 2519 2551 prmlium
2546 2483 2857 2538 concitaret.
2880 2483 2953 2554 (a)
2975 2480 3452 2554 [Violentissimum
3467 2487 3612 2542 enim

2025 2582 2462 2643 persequutorem
2510 2573 2756 2629 Christus
2805 2575 2860 2629 in
2912 2574 3345 2632 ardentissimum
3393 2588 3612 2648 repente

2027 2664 2426 2734 pnndicatorem
2483 2665 2899 2738 immutaverat.]
2953 2666 3225 2737 Siquidem
3277 2670 3434 2723 etiam
3487 2685 3612 2726 cum

2023 2753 2240 2809 Judaeus
2261 2765 2423 2820 esset,
2455 2769 2616 2824 supra
2647 2754 2957 2825 dignitatem
2987 2771 3138 2810 suam
3166 2758 3330 2811 multa
3363 2759 3608 2825 faciebat,

2023 2845 2266 2914 alligans,
2298 2845 2593 2912 abducens,
2626 2845 2844 2901 trahens
2867 2845 2919 2900 in
2951 2847 3222 2916 publicum
3255 2849 3606 2905 Christianos.

2024 2935 2112 2992 Sic
2137 2939 2298 2992 etiam
2339 2937 2513 2993 Moses
2551 2954 2672 2994 cum
2717 2954 2748 2993 a
2792 2939 3020 2994 nulloin
3044 2941 3396 3010 principatum
3429 2945 3609 3014 populi

2024 3027 2300 3082 ordinatus
2330 3028 2537 3096 fuisset,
2580 3029 2906 3084 contribules
2935 3044 3061 3086 suos
3090 3039 3269 3087 tamen
3295 3047 3328 3086 a
3359 3032 3612 3090 barbaro-

2023 3133 2138 3171 rum
2174 3119 2451 3188 iniquitate
2479 3119 2734 3175 defendit.

2096 3207 2435 3264 Fortitudinis
2463 3225 2578 3263 vera
2598 3211 2742 3281 signa
2767 3211 2821 3264 in
2847 3210 3036 3266 Paulo.
3066 3241 3136 3252 —
3160 3212 3286 3268 Haec
3306 3215 3449 3269 enim
3485 3224 3613 3271 sunt

2025 3299 2180 3355 fortis
2221 3300 2496 3370 cujusdam
2537 3315 2601 3356 ac
2641 3301 2808 3356 virilis
2837 3303 3000 3356 animi
3039 3311 3188 3358 certa
3227 3303 3551 3360 documenta
3594 3324 3609 3361 :

2026 3390 2129 3445 hoc
2148 3391 2357 3461 signum
2384 3393 2615 3461 propriae
2638 3392 2926 3463 liberaeque
2950 3395 3248 3460 sententiae,
3277 3411 3612 3466 nequaquam

2026 3481 2081 3536 in
2124 3483 2352 3537 aliorum
2380 3481 2759 3540 afflictionibus
2806 3493 2991 3540 tenere
3021 3487 3352 3555 patientiam,
3389 3488 3482 3542 sed
3515 3489 3612 3543 be-

2025 3574 2185 3644 nigne
2223 3585 2382 3645 atque
2413 3584 2723 3630 constanter
2758 3578 2894 3632 tueri
2923 3592 3039 3644 eos,
3083 3578 3171 3647 qui
3214 3579 3610 3647 opprimuntur,

2025 3665 2234 3719 etiamsi
2287 3665 2466 3719 nullo‘
2517 3664 2570 3719 in
2616 3667 2717 3720 hoc
2759 3667 3037 3721 ordinetur
3081 3666 3280 3721 officio.
3319 3667 3452 3733 Quia
3482 3683 3613 3723 vero

2023 3757 2165 3826 juste
2194 3771 2326 3826 opus
2352 3756 2650 3826 arripuerat
2679 3757 3028 3827 principatus,
3062 3758 3201 3813 Deus
3237 3757 3376 3814 hanc
3395 3758 3445 3813 ei
3467 3766 3616 3828 post-

2026 3865 2087 3905 ea
2129 3850 2354 3904 contulit
2401 3849 2736 3919 dignitatem.
2793 3848 3024 3919 ldipsum
3060 3858 3236 3903 autem
3278 3849 3508 3918 servavit
3552 3849 3609 3904 in

2025 3941 2190 3996 Paulo
2221 3959 2234 3995 :
2261 3940 2349 4011 qui
2376 3955 2533 4009 quam
2564 3948 2710 3995 recte
2748 3938 2949 3994 faceret
2993 3940 3132 3994 ultro
3159 3939 3421 4010 arripiens
3457 3939 3606 3994 initia

2025 4033 2290 4087 sermonis
2313 4040 2472 4100 atque
2495 4029 2770 4094 doctrinae,
2801 4029 2941 4084 Deus
2975 4030 3219 4084 similiter
3241 4029 3474 4083 ostendit
3496 4027 3612 4082 cito

2025 4125 2259 4180 doctoris
2300 4139 2422 4178 eum
2463 4122 2664 4177 honore
2696 4121 3007 4176 sublimans.
3047 4122 3102 4177 Si
3148 4123 3288 4175 enim
3320 4121 3612 4192 magisterii

2026 4226 2182 4287 atque
2209 4216 2466 4286 primatus
2486 4212 2806 4281 adipiscendi
2826 4213 2993 4282 gratia
3021 4212 3085 4266 ad
3108 4213 3437 4282 procuranda
3463 4222 3611 4271 tanta

2025 4307 2237 4376 negotia
2268 4305 2654 4375 prosiluissent,
2696 4313 3085 4373 consequenter
3113 4313 3294 4358 essent
3331 4303 3400 4358 de
3428 4304 3605 4364 alubi-

2028 4402 2173 4457 tione
2211 4398 2504 4468 culpabiles
2537 4413 2550 4450 :
2590 4411 2711 4451 cum
2739 4410 2868 4450 vero
2911 4395 3142 4465 pericula
3172 4395 3382 4465 utrique
3422 4395 3612 4466 dilige-

2026 4502 2168 4559 rent,
2199 4498 2506 4558 mortesque
2547 4488 2598 4541 in
2635 4501 2694 4542 se
2735 4486 2968 4556 undique
2993 4493 3358 4556 procurarent,
3391 4495 3449 4539 ut
3473 4485 3611 4541 alios

2027 4585 2364 4655 acquirerent
2391 4581 2442 4635 iu
2486 4580 2733 4642 salutem,
2765 4579 2884 4648 quis
2931 4586 3036 4631 tam
3062 4588 3245 4647 aperte
3287 4576 3469 4632 infelix
3497 4585 3603 4644 est,

2026 4679 2115 4748 qui
2144 4685 2304 4730 tanta:
2327 4672 2624 4728 devotionis
2651 4671 2884 4727 studium
2911 4670 3262 4724 criminetur?
3287 4667 3440 4735 Quod
3464 4669 3612 4724 enim

2026 4773 2249 4827 aliorum
2280 4777 2517 4822 amantes
2553 4765 2777 4820 salutem
2805 4765 2903 4817 ista
2934 4763 3270 4832 perfecerint,
3297 4769 3353 4816 et
3387 4769 3605 4816 senten-

2028 4867 2096 4920 tia
2126 4860 2415 4918 declaravit
2441 4859 2554 4925 Dei,
2588 4867 2848 4912 eteorum
2880 4855 3123 4925 perditio,
3167 4855 3256 4922 qui
3286 4854 3426 4907 male
3451 4853 3611 4907 istum

2027 4957 2409 5024 concupierunt
2441 4950 2717 5006 honorem.
2760 4948 3033 5002 Irrucruut
3069 4943 3328 5015 siquidem
3383 4953 3509 4999 tunc
3556 4953 3611 4998 et

2028 5049 2116 5103 alii
2149 5047 2199 5100 in
2243 5042 2541 5114 hujusmodi
2569 5040 2942 5111 principatum,
2985 5037 3079 5092 sed
3108 5036 3282 5106 potius
3305 5034 3613 5104 interempti

2028 5147 2153 5193 sunt
2187 5155 2198 5188 :
2231 5150 2352 5189 nam
2403 5135 2628 5187 alterum
2669 5129 2879 5199 quidem
2927 5129 3107 5198 lapsus
3145 5128 3212 5182 de
3252 5128 3386 5182 caelo
3411 5124 3617 5181 exussit

2029 5228 2184 5300 ignis,
2235 5227 2459 5280 alterum
2503 5223 2708 5276 subitus
2737 5215 2892 5274 tet'rze
2933 5219 3108 5273 hiatus
3149 5219 3442 5272 absorbuit.
3490 5214 3612 5269 Non

2031 5323 2172 5378 enim
2207 5327 2423 5390 propter
2449 5316 2817 5372 defensionem
2849 5313 3025 5384 populi
3062 5314 3160 5366 ista
3201 5309 3479 5373 faciebant,
3509 5304 3604 5360 sed

2029 5415 2098 5470 ob
2122 5413 2343 5483 gloriam
2372 5407 2661 5479 dignitatis.
2693 5405 2848 5460 Irruit
2885 5415 2940 5459 et
2963 5405 3136 5468 Ozias,
3163 5402 3258 5457 sed
3290 5402 3433 5470 lepra
3461 5413 3611 5453 eoru-

2027 5505 2326 5560 maculante
2362 5501 2577 5571 punitus
2620 5509 2703 5554 est
2740 5497 2817 5571 (2.
2869 5495 3048 5550 Paral.
3089 5495 3178 5564 26)
3213 5491 3407 5547 :irruit
3451 5489 3612 5547 etiam

2093 5620 2108 5649 ι
2145 5625 2175 5649 II

2093 5620 2108 5649 ι
2163 5625 2175 5635 .

2091 5625 2168 5743 (αξ
2176 5624 2307 5739 Osiri;
2325 5613 2824 5728 clauduntur
2845 5675 2894 5722 in
2908 5672 3076 5722 Graeco
3097 5680 3189 5718 non
3215 5673 3424 5718 exstant.
