4044 6206
424 261 514 318 5ll
1211 263 1265 317 S.
1300 261 1579 317 JOANNIS
1605 257 1976 312 CHRYSOST.
2022 255 2338 312 ARClllEP.
2381 255 2915 315 CONSTANTINOP.

423 385 628 450 Simon,
683 383 778 438 sed
828 378 1140 450 reprobatus
1205 384 1320 434 est,
1371 380 1425 425 et
1487 370 1621 424 mori
1673 370 1994 440 periclitatus

429 477 562 544 (Act.
604 475 662 544 8)
693 492 706 527 :
732 474 884 528 irruit
921 487 1045 526 vero
1083 468 1242 524 etiam
1279 464 1492 525 Paulus,
1535 461 1629 517 sed
1673 462 2000 532 apostolatus

425 566 589 634 gloria
630 573 914 619 coronatus
940 571 1040 616 est.
1080 559 1195 614 Non
1219 557 1360 612 enim
1400 556 1452 609 in
1496 554 1870 619 sacerdotium,
1903 569 2002 609 nec

426 658 706 721 honorem,
727 655 820 710 sed
843 656 894 709 in
921 650 1272 706 ministerium
1299 647 1452 701 irruit
1471 661 1534 700 ac
1558 645 1804 709 labores;
1835 648 2002 699 maxi-

427 764 616 818 meque
644 748 695 800 iu
725 746 826 800 hoc
853 745 969 799 zelo
991 753 1044 798 et
1057 743 1332 802 alacritate
1353 739 1658 809 properavit
1685 755 1699 791 :
1723 747 2000 807 propterea

425 838 760 906 pmdicatur,
789 843 1068 904 propterea
1093 830 1346 886 continuo
1376 831 1548 884 clarus
1577 827 1824 883 efﬁcitur.
1854 827 2002 884 Sicut

425 927 564 981 enim
595 925 684 996 qui
711 925 957 994 princeps
995 921 1154 976 fuerit
1179 920 1473 984 ordinatus,
1515 919 1617 972 nisi
1643 918 1800 988 digne
1825 920 1998 987 impo-

425 1018 584 1070 situtn
627 1015 726 1070 sibi
753 1013 1088 1068 administrct
1129 1010 1383 1075 officium,
1413 1017 1646 1063 meretur
1690 1009 1852 1063 etiam
1883 1024 1997 1062 ma-

423 1107 534 1174 jora
577 1105 835 1174 supplicia
863 1121 876 1155 :
904 1102 983 1157 sic
1013 1102 1148 1156 alter
1180 1100 1279 1155 etsi
1322 1113 1428 1152 non
1458 1098 1731 1153 ordinetur
1763 1097 1998 1165 quidem,

425 1195 679 1265 suscipiat
709 1205 906 1261 tamen,
946 1202 1001 1247 et
1043 1192 1180 1246 sicut
1206 1199 1417 1259 oportet
1463 1188 1700 1258 impleat,
1749 1203 1854 1240 non
1881 1188 1999 1241 dico

425 1286 799 1350 sacerdotium,
822 1284 917 1339 sed
938 1281 1342 1337 sollicitudinem
1371 1294 1658 1348 curamque
1687 1279 1996 1342 multorum,

429 1377 570 1431 amni
601 1377 837 1447 profecto
863 1385 943 1430 est
968 1375 1172 1429 honore
1197 1373 1561 1443 dignissimus.
1586 1372 1874 1440 Propterea
1900 1371 1997 1440 igi-

426 1478 512 1523 tur
536 1483 603 1523 ne
628 1483 790 1522 unum
819 1466 1028 1536 quidem
1053 1465 1192 1519 diem
1218 1465 1270 1518 in
1300 1464 1410 1518 otio
1439 1477 1624 1532 passus
1645 1469 1729 1516 est
1757 1462 2001 1531 etquiete

427 1559 651 1614 transire
678 1560 762 1612 hic
790 1559 839 1611 iu
866 1555 1186 1626 praedicandi
1211 1555 1403 1609 ardore
1424 1555 1538 1622 ipso
1561 1554 1680 1622 igne
1710 1552 1999 1607 vehemen-

437 1649 574 1712 tior;
616 1648 711 1702 sed
764 1649 920 1702 simul
961 1658 1020 1700 ut
1055 1646 1326 1700 salutifero
1365 1659 1429 1698 ex
1476 1643 1624 1698 fonte
1659 1644 1997 1710 conscendit,

427 1738 811 1808 plurimamque
840 1737 894 1790 itt
934 1752 994 1790 se
1016 1735 1281 1789 ﬂammam
1311 1734 1424 1802 ipse
1459 1731 1751 1797 succendit,
1775 1749 1879 1786 non
1911 1747 2002 1800 pe—

427 1829 595 1883 ricula
626 1827 816 1891 timuit,
845 1842 951 1879 non
977 1825 1252 1879 irrisiones
1278 1823 1488 1878 erubuit
1511 1831 1565 1877 et
1593 1822 1875 1892 opprobria
1903 1821 1999 1877 Ju-

425 1920 682 1983 dzeorum,
712 1931 886 1986 neque
919 1930 1220 1970 sermonem
1247 1928 1399 1968 suum
1428 1913 1494 1968 ab
1526 1913 1632 1968 illis
1658 1913 1836 1981 respui
1867 1912 2004 1966 indi-

425 2019 650 2081 gnanter
698 2008 820 2062 tulit
848 2024 862 2061 :
890 2022 999 2061 non
1051 2005 1196 2060 aliud
1255 2005 1541 2075 quidquam
1586 2003 1776 2058 horum
1827 2003 2002 2058 simile

425 2101 694 2172 cogitavit,
739 2099 834 2154 sed
859 2098 992 2154 alios
1015 2097 1282 2166 accipiens
1308 2097 1510 2161 oculos,
1538 2097 1718 2165 utique
1744 2095 1999 2159 caritatis,

425 2196 688 2264 aliamque
715 2201 968 2256 mentem,
1001 2191 1166 2246 multo
1191 2206 1310 2245 cum
1338 2191 1538 2258 impetu
1564 2189 1732 2246 instar
1755 2188 2004 2244 torrentis

427 2286 635 2355 irrupit,
664 2284 840 2338 omnia
867 2283 1064 2352 pariter
1094 2282 1402 2337 Judteorum
1427 2281 1644 2336 trahens
1682 2289 1839 2350 atque
1867 2296 2000 2336 con-

427 2376 664 2439 volvens,
691 2384 746 2429 et
787 2389 854 2428 ex
893 2373 1181 2441 Scripturis
1226 2373 1397 2442 ipsum
1426 2387 1546 2426 esse
1586 2371 1858 2426 Christum
1887 2373 2002 2426 evi-

427 2468 616 2523 denter
642 2465 951 2521 ostendens.
987 2464 1056 2519 Et
1082 2473 1227 2519 certe
1268 2463 1504 2518 nondum
1534 2464 1587 2518 in
1614 2477 1680 2518 eo
1704 2473 1810 2517 tam
1839 2464 2002 2518 multa

427 2558 609 2628 gratia:
663 2571 882 2610 munera
929 2555 1297 2622 coruscabant,
1357 2554 1592 2610 nondum
1640 2563 1784 2609 tanta
1834 2555 2006 2610 fuerat

428 2649 657 2718 Spiritus
694 2646 1084 2702 illuminatione
1129 2635 1376 2711 donatus,
1428 2645 1522 2705 sed
1569 2656 1744 2700 tamen
1796 2645 2004 2700 inflam-

431 2750 569 2796 mata
597 2743 850 2796 continuo
875 2739 1140 2804 voluntas,
1167 2738 1588 2808 mortificataque
1617 2739 1790 2792 anima
1815 2747 2004 2792 cuncta

430 2833 675 2899 faciebat,
703 2840 757 2886 et
779 2830 930 2902 quasi
956 2845 1168 2898 semper
1184 2829 1516 2884 satisfaceret
1547 2829 1656 2883 Deo
1675 2827 1742 2883 de
1770 2837 2007 2897 tempore

429 2925 535 2994 iam
563 2931 798 2992 peracto,
831 2922 908 2976 sic
949 2919 1170 2990 gerebat
1203 2918 1402 2984 omnia,
1437 2919 1514 2972 sic
1544 2919 1687 2972 lucra
1715 2919 2007 2987 spiritualia

432 3013 666 3083 undique
704 3013 1002 3081 colligebat,
1049 3011 1104 3064 in
1144 3011 1339 3076 locum,
1387 3009 1477 3078 qui
1524 3016 1668 3064 esset
1712 3009 1839 3064 belli
1885 3023 2008 3079 pars

433 3103 682 3166 maxima,
715 3110 771 3156 et
798 3101 1037 3156 laborum
1068 3099 1534 3170 periculorumque
1563 3098 1738 3168 plena,
1787 3098 2009 3154 fidenter

433 3192 691 3247 insiliens.
1358 3187 1360 3189 ’

507 3281 798 3336 Obcdientia
825 3280 980 3335 Pauli
1007 3279 1404 3334 commendatur.
1427 3308 1501 3320 —
1521 3279 1633 3334 Hoc
1653 3293 1783 3334 vero
1807 3275 2010 3349 majore

433 3390 643 3446 quoque
671 3373 1020 3429 admiratione
1046 3373 1263 3443 dignum
1289 3383 1392 3439 est,
1421 3371 1563 3443 quod
1587 3387 1708 3427 cum
1736 3381 1842 3426 tam
1869 3381 2011 3427 esset

434 3469 638 3534 audax,
685 3483 748 3522 ac
787 3467 932 3523 velut
973 3466 1040 3521 ad
1087 3481 1317 3536 pugnam
1360 3480 1572 3535 semper
1609 3465 1909 3529 accinctus,
1958 3473 2014 3520 et

436 3564 609 3633 ignetn
639 3560 924 3631 quemdam
955 3559 1204 3614 bellicum
1233 3559 1475 3627 spirans,
1504 3557 1576 3611 ita
1618 3571 1802 3612 rursus
1837 3556 2014 3625 placa-

435 3654 593 3710 bilem
621 3667 684 3707 ac
720 3650 1002 3706 ﬂexibilem
1031 3665 1090 3704 se
1120 3648 1390 3718 prazbebat
1422 3647 1719 3716 magistris,
1771 3655 1827 3702 ut
1852 3660 2012 3699 num-

434 3761 594 3817 quam
623 3759 718 3798 eos
748 3742 833 3798 vel
875 3741 930 3796 in
961 3750 1106 3796 tanto
1152 3741 1240 3794 illo
1283 3741 1481 3808 impetu
1517 3737 1806 3792 alacritatis
1841 3735 2012 3791 offen-

440 3839 608 3892 Jeret.
639 3836 817 3904 Itaque
844 3833 1065 3889 ferventi
1098 3842 1220 3888 tunc
1238 3875 1253 3900 ,
1283 3832 1364 3887 vel
1392 3830 1564 3900 potius
1592 3829 1786 3885 furenti
1814 3843 2014 3899 prame-

439 3935 628 3998 perunt
648 3967 664 3991 ,
695 3934 754 3979 ut
782 3925 882 3979 iret
907 3924 1129 3978 Tarsum
1169 3933 1327 3991 atque
1351 3921 1678 3986 Caesaream,
1707 3935 1806 3975 nec
1835 3928 2014 3976 tamen

435 4017 630 4075 renuit.
672 4017 929 4072 Dixerunt
957 4015 1082 4086 quia
1109 4029 1231 4070 eum
1275 4028 1369 4083 per
1391 4027 1601 4067 murum
1629 4011 1823 4081 deponi
1851 4025 2013 4081 opor-

434 4117 602 4177 teret,
647 4117 702 4164 et
740 4121 931 4178 passus
973 4114 1056 4162 est
1093 4124 1108 4161 :
1148 4105 1412 4160 dederunt
1443 4103 1721 4158 consilium
1763 4111 1822 4157 ut
1857 4111 2017 4172 caput

434 4206 679 4267 raderet,
713 4215 820 4258 non
849 4198 1044 4255 restitit
1075 4216 1089 4254 :
1120 4207 1403 4253 suaserunt
1439 4213 1508 4252 ne
1551 4197 1604 4251 in
1644 4197 1906 4252 theatrum
1935 4195 2017 4250 in-

433 4297 742 4367 grederetur
759 4335 774 4360 ,
803 4302 858 4350 et
884 4293 1064 4350 cessit.
1096 4291 1170 4346 Ita
1195 4307 1253 4347 se
1283 4291 1407 4346 huic
1434 4290 1513 4346 rei
1539 4299 1708 4344 totum
1734 4289 2013 4344 dedicave-

435 4397 548 4456 rat,
574 4395 634 4442 ut
659 4385 837 4441 omnia
862 4399 960 4454 pro
986 4383 1220 4438 fidelium
1250 4380 1564 4436 utilitatibus
1600 4379 1829 4435 libenter
1869 4379 2012 4434 acci-

435 4487 619 4549 peret,
648 4491 747 4548 pro
775 4476 1013 4546 ipsorum
1048 4473 1397 4530 tedificatione
1422 4485 1638 4540 pacem,
1669 4484 2010 4538 consensum,

434 4568 922 4640 dispensationem,
967 4565 1308 4622 concordiam
1345 4563 1648 4633 diligendo,
1676 4572 1732 4617 et
1765 4561 2014 4617 eumdem

437 4675 499 4716 se
523 4675 586 4716 ac
609 4674 823 4730 semper
840 4657 1098 4729 aequalem
1125 4655 1484 4728 praedicationi
1511 4655 1704 4725 ubique
1727 4653 2010 4710 servando.

435 4753 570 4809 Cum
596 4753 751 4824 igitur
774 4754 948 4816 audis,
983 4751 1124 4823 quod
1153 4750 1354 4806 sororis
1379 4749 1544 4804 filium
1573 4748 1778 4804 miserit
1803 4748 1869 4803 ad
1897 4747 2016 4803 Tri-

437 4847 659 4913 bunum,
685 4846 869 4901 volens
896 4844 964 4900 de
993 4845 1243 4914 periculis
1277 4843 1512 4908 liberari,
1539 4851 1594 4897 et
1619 4842 1762 4912 quod
1787 4842 2015 4913 appellet

433 4939 721 5005 Czesarem,
751 4939 1001 5008 quodque
1028 4937 1252 4992 Romam
1285 4937 1363 4991 ire
1393 4934 1634 5000 fesdnct,
1679 4950 2013 5005 nequaquam

435 5041 590 5099 putes
616 5029 836 5084 verbum
864 5043 984 5084 esse
1022 5029 1335 5083 formidinis.
1363 5027 1462 5095 Qui
1498 5027 1641 5082 enim
1677 5026 1922 5096 gemebat
1959 5025 2011 5080 in

435 5123 537 5178 hac
566 5136 628 5178 se
662 5121 836 5176 adhuc
874 5137 994 5177 esse
1037 5123 1141 5177 vita
1164 5164 1180 5190 ,
1210 5135 1384 5176 annon
1422 5119 1598 5190 potius
1641 5119 1868 5187 eligebat
1893 5133 2014 5174 esse

434 5230 557 5269 cum
586 5214 845 5270 Christo?
872 5215 962 5285 qui
987 5223 1041 5270 et
1073 5215 1260 5269 cadum
1289 5222 1508 5282 propter
1551 5211 1721 5280 ipsum
1749 5210 2012 5280 deSpicie-

440 5305 530 5360 bat
558 5316 612 5362 et
629 5306 868 5377 angelos,
896 5320 1001 5376 quo
1027 5305 1241 5360 tandem
1269 5313 1424 5373 pacto
1449 5302 1562 5356 lucc
1593 5303 1871 5372 przesentia
1894 5301 2011 5356 dili-

435 5398 636 5466 gebat?
668 5399 830 5469 Cujus
866 5397 1028 5470 igitur
1068 5397 1147 5452 rei
1186 5396 1352 5467 gratia
1396 5395 1495 5450 ista
1527 5393 1792 5450 faciebat?
1820 5393 2012 5450 Procul

439 5491 605 5546 dubio
626 5501 684 5546 ut
709 5491 903 5547 diutius
930 5489 1292 5559 praedicationi
1318 5488 1604 5554 insisteret,
1632 5503 1857 5558 cumque
1877 5488 2013 5542 mul-

439 5582 509 5636 tis
543 5581 665 5636 hinc
688 5582 1027 5638 credentibus
1054 5570 1213 5651 atque
1240 5579 1486 5634 omnibus
1521 5578 1788 5635 coronatis
1818 5579 1918 5634 iret
1943 5578 2012 5634 ad

437 5670 728 5729 Christum.
769 5673 902 5728 Nam
932 5674 1165 5747 profecto
1208 5670 1508 5739 metuebat,
1551 5685 1617 5727 ne
1651 5685 1851 5742 pauper
1888 5670 2012 5727 hinc

3575 248 3679 302 fili!

2107 379 2264 439 atque
2293 368 2445 438 inops
2473 367 2756 421 multorum
2783 367 2968 421 salutis
3007 364 3338 420 abscederet.
3381 365 3447 420 Et
3484 365 3683 422 ideirco

2109 459 2320 514 dicebat
2355 476 2367 510 :
2409 457 2712 510 Permanere
2748 466 2916 509 autem
2962 456 3014 508 in
3051 471 3202 509 carne
3244 457 3578 509 necessarium
3609 469 3683 511 est

2107 559 2312 621 propter
2333 565 2422 603 vos
2442 548 2700 619 (Philipp.
2725 549 2772 601 l.
2793 548 2908 616 9.4).
2937 549 3222 617 Propterea
3248 563 3376 618 ergo
3400 564 3520 604 eum
3542 550 3684 606 vide-

2106 650 2187 695 ret
2209 640 2482 694 meliorem
2503 653 2601 708 pro
2621 653 2679 692 se
2705 639 2754 692 in
2776 638 2977 707 judicio
3003 639 3322 706 processisse
3341 640 3681 707 sententiam,

2106 731 2326 800 ipsoque
2350 730 2559 784 dicente
2585 729 2746 784 Festo
2765 769 2779 792 ,
2810 728 3011 781 Absolvi
3037 738 3232 796 poterat
3260 729 3410 783 homo
3435 731 3556 796 iste,
3587 732 3685 784 nisi

2105 824 2406 892 appellasset
2452 821 2701 875 Cwsarent
2743 822 2760 889 (
2787 821 2900 875 Act.
2931 820 3020 876 26.
3047 821 3152 892 '52)
3185 839 3200 875 :
3230 823 3438 878 vinctus
3483 831 3684 890 tamen,

2105 928 2332 982 cumque
2361 912 2597 981 plurimis
2624 911 2833 974 vinctis,
2863 913 2949 981 qui
2975 913 3122 966 mille
3148 912 3378 966 facinora
3403 915 3687 968 commise-

2108 1015 2260 1069 rant,
2297 1005 2516 1065 ductus,
2550 1019 2656 1058 non
2687 1004 2896 1059 erubuit
2923 1019 3042 1058 cum
3090 1005 3194 1059 illis
3237 1005 3419 1076 ligari,
3447 1007 3687 1077 quinimo

2105 1095 2339 1150 omnium
2357 1096 2514 1150 simul
2538 1096 2894 1164 navigantium
2923 1111 3102 1150 curam
3127 1098 3364 1166 gerebat.
3383 1099 3462 1152 sui
3488 1101 3686 1169 quippe

2107 1204 2346 1252 securus,
2382 1203 2548 1258 seque
2573 1197 2742 1241 tutum
2768 1189 2898 1242 satis
2927 1203 3046 1242 esse
3071 1189 3416 1244 certissimus.
3443 1191 3686 1261 Cumque

2108 1282 2314 1335 vinctus
2345 1297 2437 1349 per
2467 1292 2574 1334 tam
2618 1289 2822 1334 vastum
2852 1281 3067 1350 pelagus
3096 1281 3382 1335 duceretur
3403 1322 3418 1347 ,
3453 1283 3521 1337 ita
3551 1299 3684 1352 gau-

2105 1373 2263 1427 debat
2292 1381 2490 1435 tamen,
2521 1383 2787 1441 tamquam
2815 1372 2869 1425 in
2891 1371 3175 1424 maximum
3206 1371 3489 1427 duceretur
3517 1374 3684 1442 impe-

2105 1465 2263 1518 rium.
2293 1463 2502 1518 Etenim
2530 1479 2636 1517 non
2663 1478 2879 1532 parvum
2905 1463 2980 1516 illi
3019 1463 3296 1532 pmmium
3324 1465 3468 1518 urbis
3498 1465 3683 1521 Roma:

2105 1556 2385 1610 conversio
2415 1554 2830 1624 proponebatur.
2865 1553 3059 1609 Verum
3089 1568 3156 1608 ne
3185 1554 3306 1610 illos
3330 1555 3564 1624 quidem,
3592 1558 3683 1627 qui

2108 1647 2308 1714 pariter
2343 1645 2690 1714 navigabant,
2717 1645 2992 1714 despectui
3022 1645 3296 1700 habendos
3326 1647 3524 1714 putavit
3549 1663 3562 1698 :
3587 1647 3683 1701 sed

2106 1737 2211 1791 illis
2250 1751 2461 1806 quoque
2488 1736 2726 1790 veritatis
2770 1736 3029 1791 suavitate
3058 1736 3358 1791 modulatus
3394 1748 3508 1802 est,
3542 1739 3682 1792 indi-

2106 1841 2236 1882 cans
2263 1827 2362 1882 sibi
2394 1828 2600 1882 divinos
2627 1827 2937 1896 apparuisse
2961 1829 3156 1890 vultus,
3199 1838 3254 1883 et
3290 1843 3373 1894 ea,
3419 1845 3538 1898 qua:
3565 1829 3684 1884 fite.

2105 1928 2225 1974 rant
2263 1919 2363 1974 sibi
2405 1919 2544 1974 dicta
2569 1960 2584 1983 ,
2629 1934 3056 1974 commemorans
3085 1939 3099 1974 :
3131 1920 3183 1974 id
3208 1932 3291 1976 est
3312 1963 3328 1987 ,
3359 1920 3472 1975 Tibi
3501 1923 3685 1976 donavi

2105 2011 2328 2066 homines
2369 2012 2492 2064 istos
2519 2011 2661 2080 (Act.
2684 2010 2773 2065 9.7.
2796 2009 2924 2082 24).
2967 2010 3079 2066 lloc
3109 2027 3234 2066 vero
3265 2011 3525 2075 faciebat,
3575 2029 3685 2067 non

2103 2105 2340 2172 seipsum
2370 2113 2681 2173 arroganter
2708 2104 2967 2158 extollens
2987 2147 3001 2170 ,
3044 2103 3137 2158 sed
3176 2104 3294 2158 illos
3323 2104 3422 2159 sibi
3451 2104 3518 2159 ad
3560 2120 3685 2174 per.

2105 2196 2410 2250 suasionem
2451 2195 2572 2249 fidei
2617 2209 2831 2264 parans.
2874 2184 3160 2262 Propterea
3198 2204 3251 2248 et
3279 2194 3418 2249 Deus
3447 2195 3686 2264 permisit

2109 2287 2325 2357 pelagus
2354 2287 2698 2352 commoveri,
2730 2296 2787 2340 ut
2830 2303 2925 2357 per
2965 2288 3016 2341 id
3045 2286 3184 2357 quod
3210 2286 3422 2340 auditus
3451 2303 3553 2342 non
3578 2297 3686 2356 est,

2106 2387 2160 2431 et
2207 2393 2303 2448 per
2349 2377 2400 2430 id
2445 2377 2584 2447 quod
2627 2377 2838 2432 auditus
2865 2386 2968 2442 est,
3015 2377 3302 2447 spiritualis
3345 2378 3488 2432 Pauli
3517 2379 3690 2449 gratia
3771 2400 3781 2409 τ

2106 2469 2451 2537 panderetur.
2475 2467 2606 2522 Nam
2629 2477 2683 2523 ct
2711 2483 2831 2523 cum
2856 2468 3089 2523 dedisset
3112 2469 3409 2534 consilium,
3435 2471 3691 2539 navigan-

2107 2559 2232 2614 dum
2263 2575 2368 2614 non
2397 2574 2538 2624 esse,
2567 2570 2903 2630 contemptus
2927 2567 3041 2624 est,
3065 2569 3384 2629 ventumque
3411 2568 3494 2613 est
3518 2576 3691 2630 usque

2106 2651 2172 2706 ad
2201 2660 2440 2706 extrema
2488 2651 2792 2706 discrimina
2827 2649 3035 2721 (lbid.).
3064 2650 3258 2705 Verum
3289 2666 3358 2706 ne
3381 2661 3692 2720 contemptu

2109 2741 2322 2811 quidem
2375 2757 2559 2797 eorum
2612 2741 2780 2797 factus
2828 2752 2911 2796 est
2957 2742 3272 2805 onerosior;
3327 2741 3420 2796 sed
3480 2757 3687 2805 rursus,

2108 2833 2257 2904 quasi
2306 2843 2455 2903 pater
2502 2834 2624 2888 filiis
2670 2816 2985 2904 providebat
3028 2837 3320 2905 agebatque
3362 2836 3575 2898 omnia,
3623 2851 3690 2890 ne

2109 2926 2386 2996 quisquam
2417 2927 2637 2995 periret.

2174 3016 2352 3071 Roma:
2367 3025 2605 3086 quantam
2618 3017 2907 3071 modestiam
2921 3018 3216 3072 exhibuerit.
3236 3015 3556 3086 Comparatio
3576 3033 3692 3069 cum

2111 3105 2240 3161 duce
2266 3107 2530 3161 exercitus.
2568 3135 2642 3147 --
2679 3106 2961 3176 Postquam
2997 3122 3124 3161 vero
3157 3106 3379 3160 Romam
3426 3107 3694 3176 ingressus

2111 3205 2196 3253 est
2214 3239 2230 3262 ,
2261 3197 2334 3252 ibi
2361 3211 2571 3266 quoque
2593 3205 2784 3266 quanta
2813 3211 2934 3250 cum
2963 3196 3222 3251 modestia
3249 3196 3524 3250 annuntiat
3548 3197 3692 3250 veri-

2113 3299 2296 3355 tatem,
2323 3299 2520 3359 quanta
2543 3290 2703 3344 etiam
2726 3304 2847 3344 cum
2871 3289 3115 3343 libertate
3139 3289 3366 3344 obstruit
3385 3303 3476 3342 ora
3504 3288 3695 3356 impio-

2113 3385 2262 3440 rum!
2294 3383 2490 3438 Verum
2519 3398 2617 3438 nec
2642 3383 2713 3437 ibi
2735 3391 2879 3438 stare
2907 3392 3207 3446 contentus,
3239 3382 3397 3436 etiam
3424 3381 3476 3435 in
3506 3380 3697 3449 Hispa-

2115 3474 2260 3529 niam
2299 3474 2584 3542 percurrit.
2627 3472 2764 3527 Cum
2811 3481 2988 3528 autem
3029 3473 3222 3542 saepius
3271 3472 3413 3525 varia
3462 3471 3698 3540 pericula

2114 3564 2441 3628 sustineret,
2469 3563 2768 3619 confidebat
2800 3563 2968 3634 magis
3007 3573 3166 3633 atque
3203 3561 3364 3618 ﬁebat
3399 3562 3650 3616 audacior
3679 3579 3695 3617 :
3738 3548 3741 3549 ν

2115 3671 2217 3712 nec
2244 3656 2356 3726 ipse
2389 3655 2559 3711 solum
2583 3696 2599 3723 ,
2631 3655 2725 3711 sed
2757 3654 2916 3710 etiam
2953 3653 3196 3724 discipuli
3227 3663 3441 3724 propter
3481 3654 3651 3722 ipsum
3676 3694 3692 3718 ,

2115 3750 2205 3820 qui
2229 3749 2341 3819 ejus
2367 3749 2548 3818 utique
2572 3747 2916 3803 firmabantur
2938 3747 3205 3818 exemplo.
3232 3746 3696 3816 Quemadmodum

2115 3839 2258 3894 enim
2285 3838 2329 3894 si
2351 3854 2472 3894 eum
2493 3837 2850 3893 remissiorem
2873 3836 3276 3907 segnioremque
3299 3835 3573 3899 vidissent,
3595 3835 3699 3904 ipsi

2116 3931 2278 3987 etiam
2305 3931 2529 3986 fortasse
2554 3929 2778 3985 fuissent
2805 3943 3036 3985 mmrore
3064 3928 3257 3998 dejecti
3283 3945 3297 3981 :
3329 3927 3401 3982 ita
3429 3928 3519 3996 qui
3544 3927 3700 3983 illum

2117 4021 2393 4077 fortiorem
2419 4022 2615 4077 factum
2644 4035 2765 4076 esse
2785 4019 3100 4085 cernebant,
3127 4029 3183 4074 et
3206 4020 3346 4074 inter
3368 4019 3585 4088 injurias
3610 4029 3701 4072 at-

2117 4127 2220 4183 que
2249 4113 2429 4182 plagas
2465 4111 2778 4166 constantire
2805 4125 2948 4180 smpe
2974 4111 3170 4164 virtute
3196 4119 3522 4164 crescentem
3545 4148 3563 4174 ,
3593 4109 3701 4180 ipsi

2116 4219 2327 4275 quoque
2352 4219 2473 4259 cum
2495 4203 2698 4273 majore
2719 4202 2906 4258 fiducia
2931 4201 3286 4271 przedicabant
3311 4219 3326 4254 :
3354 4201 3512 4272 idque
3529 4202 3703 4272 signi.

2117 4295 2284 4351 ficans
2307 4297 2378 4350 ait
2404 4335 2420 4363 ,
2449 4294 2535 4348 Ita
2561 4304 2614 4349 ut
2645 4295 2813 4364 plures
2836 4311 2864 4348 ε
2889 4293 3131 4363 fratribus
3155 4292 3458 4361 conﬁdentes
3483 4292 3703 4348 uinculis

2116 4387 2261 4448 meis,
2283 4386 2621 4440 abundantius
2639 4387 2876 4440 auderent
2897 4385 3005 4440 sine
3025 4385 3200 4438 timore
3223 4385 3423 4438 verbum
3443 4381 3539 4436 Dei
3559 4383 3706 4452 loqui

2122 4479 2142 4549 (
2168 4475 2362 4548 Philip.
2391 4481 2444 4532 1.
2476 4479 2543 4534 14
2564 4477 2606 4546 ).
2659 4477 2714 4534 Si
2744 4477 2886 4533 enim
2911 4476 3019 4532 dux
3047 4477 3250 4532 militia:
3279 4477 3436 4532 fuerit
3459 4476 3610 4532 fortis
3631 4491 3706 4534 ac

2117 4571 2400 4639 robustus,
2427 4586 2532 4626 non
2570 4570 2730 4626 modo
2767 4571 2979 4626 credens
3015 4580 3172 4640 atque
3201 4579 3575 4639 prosternens,
3605 4583 3707 4624 ve.

2118 4677 2234 4717 rum
2259 4662 2422 4717 etiam
2449 4661 2672 4718 vulnere
2700 4663 2813 4732 ipse
2841 4677 3144 4732 percussus,
3169 4660 3408 4716 subditos
3435 4674 3559 4715 suos
3580 4659 3707 4714 em.

2121 4753 2196 4810 cit
2221 4752 2499 4820 fortiores,
2530 4755 2801 4826 magisque
2827 4755 2929 4810 hoc
2968 4762 3185 4824 przestat
3213 4754 3516 4808 vulneratus
3542 4753 3656 4821 ipse
3681 4791 3702 4819 ,

2120 4859 2278 4914 quam
2307 4844 2614 4900 vulnerans.
2662 4844 2795 4900 Cum
2837 4845 2980 4899 enim
3014 4845 3049 4898 ii
3087 4845 3176 4914 qui
3205 4845 3305 4899 sub
3335 4844 3425 4898 tali
3461 4854 3707 4913 pugnant

2117 4937 2393 5008 magistro,
2427 4937 2656 4992 viderint
2682 4937 2880 4992 inflicta
2910 4937 3126 4992 vulnera
3147 4979 3160 5001 ,
3191 4938 3442 4992 ﬂuentem
3481 4937 3708 5005 sangui-

2118 5043 2240 5082 nem
2259 5069 2276 5096 ,
2304 5039 2356 5084 et
2386 5044 2453 5084 ne
2477 5030 2554 5084 sic
2583 5028 2798 5099 quidem
2834 5029 2976 5083 illum
3009 5029 3250 5084 hostibus
3287 5027 3568 5098 aliquando
3602 5040 3706 5080 ce-

2118 5117 2330 5174 dentem
2355 5161 2369 5183 ,
2402 5119 2498 5175 sed
2523 5127 2750 5176 stantem
2777 5120 2982 5175 fortiter
3006 5161 3022 5187 ,
3051 5119 3335 5191 hastasque
3359 5119 3652 5174 vibrantem
3687 5161 3706 5184 ,

2119 5218 2174 5264 et
2190 5209 2389 5265 crebris
2408 5211 2672 5282 certisque
2696 5212 2884 5267 ictibus
2905 5212 2957 5266 iu
2979 5211 3312 5266 adversarios
3330 5219 3705 5285 promentem,

2119 5318 2218 5358 nec
2246 5303 2464 5358 omnino
2491 5305 2776 5375 quidquam
2804 5315 3106 5375 parcentem
3129 5305 3322 5372 dolori,
3349 5305 3549 5376 majore
3576 5307 3706 5361 abs-

2118 5409 2222 5464 que
2242 5394 2405 5450 dubio
2434 5404 2580 5450 tanto
2608 5395 2728 5451 duci
2754 5397 3027 5452 alacritate
3052 5396 3366 5452 subduntur.
3392 5396 3502 5451 Hoc
3522 5397 3709 5467 itaque

2119 5485 2313 5543 factum
2339 5496 2392 5542 et
2413 5487 2596 5543 Paulo.
2627 5486 2877 5542 Videntes
2902 5489 3043 5542 enim
3070 5488 3214 5543 illum
3237 5488 3452 5558 ligatum
3473 5488 3708 5554 catenis,

2119 5587 2175 5633 et
2217 5571 2382 5634 nihilo
2423 5580 2598 5636 minus
2642 5581 2694 5634 in
2742 5595 2958 5636 carcere
3000 5581 3375 5651 praedicantem
3401 5621 3416 5645 ,
3461 5581 3716 5638 videntes

2120 5672 2280 5729 etiam
2304 5672 2662 5744 verberatum,
2685 5683 2740 5730 et
2767 5683 2943 5732 tamen
2969 5674 3310 5731 verberantes
3331 5676 3472 5746 ipsos
3492 5688 3716 5732 sermo-
