4044 6206
193 355 299 407 Si?)

180 487 254 521 ne
277 475 599 536 capientem,
624 466 879 533 majorem
902 465 1137 532 profecto
1164 462 1407 517 fiduciam
1428 458 1765 524 colligebant.

189 558 250 611 Et
277 555 479 611 idcirco
511 570 617 609 non
643 554 777 608 dixit
805 553 1116 621 simpliciter
1143 553 1496 621 Confidentes;
1522 552 1616 607 sed
1635 592 1652 605 .
1686 550 1770 603 Ita

182 660 237 700 ut
262 648 605 700 abundantius
634 645 875 699 auderent
900 646 1008 697 sine
1032 646 1209 697 timore
1237 644 1436 697 verbum
1460 642 1557 696 Dei
1585 642 1721 698 ιοαυί
1747 658 1767 695 :

174 740 381 808 magis,
414 738 585 806 inquit
606 778 620 801 ,
649 737 809 790 modo
837 751 994 806 quam
1024 750 1143 790 eum
1171 750 1343 789 essem
1372 735 1505 789 liber
1527 750 1557 788 a
1587 733 1771 787 vincu-

181 828 245 882 lis
269 869 285 892 ,
318 829 515 881 fratres
544 826 902 894 praedicabant
930 826 1258 879 fiducialiter.
1304 825 1451 878 Tunc
1480 825 1619 878 enim
1646 840 1769 877 cer-

188 920 384 973 tiorem
416 918 743 971 alacritatem
773 926 827 971 et
865 917 978 985 ipsc
1002 915 1283 984 capiebat,
1314 930 1375 968 ac
1404 914 1768 968 vehementius

180 1011 233 1062 in
257 1008 595 1062 adversarios
616 1006 903 1068 ferebatur,
922 1016 977 1059 et
995 1008 1318 1059 incrementa
1342 1005 1763 1074 persequutiouis

178 1098 404 1167 majoris
431 1097 505 1151 illi
529 1096 726 1152 ﬁebant
744 1111 901 1150 causa
922 1096 1254 1150 constantize.
1287 1095 1525 1149 inclusus
1552 1105 1633 1149 est
1653 1095 1770 1163 qui-

177 1190 300 1244 dem
332 1191 389 1243 in
415 1203 631 1243 carcere
650 1230 667 1254 ,
695 1195 1007 1257 tantumque
1036 1189 1086 1241 in
1117 1203 1182 1241 eo
1209 1188 1417 1241 virtutis
1444 1187 1676 1251 refulsit,
1711 1198 1766 1239 ut

174 1281 339 1332 etiam
371 1277 715 1333 fundamenta
745 1286 1091 1347 quaterentur
1128 1286 1183 1331 et
1220 1276 1352 1330 ostia
1387 1276 1763 1343 panderentur.

176 1371 468 1425 Custodem
490 1384 698 1440 quoque
723 1378 849 1423 tunc
875 1371 1048 1439 ipsum
1068 1369 1296 1423 carceris
1317 1369 1383 1422 ad
1406 1369 1562 1424 fidem
1589 1380 1763 1421 trans-

179 1462 295 1515 tulit
322 1463 460 1530 (Act.
499 1462 602 1530 l6),
626 1461 793 1530 judici
823 1476 958 1531 pene
989 1462 1265 1530 persuasit,
1302 1462 1371 1515 ita
1398 1470 1454 1515 ut
1482 1462 1597 1530 ipse
1621 1460 1766 1514 dice-

179 1564 258 1608 ret
285 1572 299 1605 :
334 1554 405 1607 In
436 1555 630 1607 modica
656 1570 734 1607 me
758 1556 939 1607 suades
968 1554 1310 1608 Christianum
1339 1557 1451 1622 ﬁeri
1481 1556 1501 1625 (
1530 1558 1641 1609 Act.
1670 1557 1760 1611 26.

176 1646 288 1714 28).
332 1645 544 1697 Rursus
565 1659 686 1697 cum
713 1643 1067 1712 lapidaretur,
1115 1646 1322 1714 plenam
1354 1647 1531 1715 populi
1573 1648 1765 1700 civita-

182 1745 285 1787 tem
317 1733 445 1786 ﬁdei
477 1735 594 1787 luce
619 1733 904 1787 donavit‘:
931 1742 985 1789 et
1019 1736 1277 1789 vocabant
1302 1752 1422 1790 eum
1449 1738 1598 1805 quasi
1618 1738 1763 1805 judi-

180 1825 347 1877 caturi
389 1824 561 1878 Judaei
585 1865 601 1887 ,
630 1833 758 1879 tunc
800 1826 960 1879 etiam
996 1826 1348 1881 Athenienses
1379 1828 1504 1881 facti
1543 1838 1668 1882 sunt
1698 1843 1763 1883 ex

180 1915 505 1970 adversariis
544 1916 774 1983 subditi,
802 1926 856 1970 et
881 1932 949 1971 ex
969 1917 1235 1986 judicibus
1266 1920 1482 1986 repente
1500 1919 1762 1989 discipuli.

176 2004 322 2059 Sicut
348 2006 497 2059 enim
541 2006 678 2074 ignis
707 2008 761 2060 in
799 2007 1035 2061 diversas
1060 2010 1374 2077 plerumque
1400 2011 1647 2064 materias
1678 2012 1762 2064 ἰιι-

179 2096 361 2150 cidem
393 2106 620 2165 augetur
652 2098 819 2167 magis
842 2139 857 2163 ,
885 2107 939 2152 et
975 2114 1039 2152 ex
1079 2100 1315 2167 subjecta
1344 2099 1444 2154 sibi
1470 2100 1763 2155 substantia

183 2187 513 2240 incrementa
538 2188 755 2241 sortitur
782 2204 795 2240 :
825 2190 903 2243 sic
932 2189 1089 2243 etiam
1118 2190 1292 2259 lingua
1324 2190 1474 2243 Pauli
1498 2232 1513 2254 ,
1542 2192 1763 2259 quibus-

178 2290 407 2344 cumque
417 2276 607 2331 fuisset
620 2277 854 2343 admota,
875 2279 940 2333 ad
961 2280 1194 2348 scipsum
1214 2294 1306 2335 eos
1324 2280 1575 2335 continuo
1591 2290 1764 2335 trans-

176 2368 397 2422 krebat.
450 2369 848 2438 lmpugnatores
889 2385 1100 2439 quoque
1147 2371 1261 2440 ejus
1307 2372 1552 2429 celeriter
1598 2374 1763 2443 ipsius

174 2459 335 2512 verbo
360 2459 508 2526 capti
542 2458 793 2527 pabulum
832 2460 1098 2529 quoddam
1125 2461 1381 2530 spirituali
1410 2463 1532 2520 huic
1560 2466 1759 2519 efllcie-

173 2549 365 2603 bantur
390 2550 537 2618 igni,
566 2565 772 2620 perque
807 2551 950 2619 ipsos
978 2552 1146 2621 magis
1175 2553 1445 2623 Evangelii
1470 2554 1608 2609 fama
1639 2570 1758 2610 ere-

172 2642 373 2705 scebat,
403 2641 604 2696 idcirco
630 2642 837 2696 dicebat
866 2660 880 2695 :
902 2644 1152 2713 Alligatus
1175 2660 1306 2709 sum,
1325 2647 1415 2697 sed
1438 2648 1638 2699 verbum
1667 2648 1762 2700 Dei

174 2741 369 2792 nonest
398 2731 669 2800 alligatum
694 2732 712 2802 (
738 2732 793 2784 2.
823 2731 953 2786 Tim.
980 2733 1035 2786 2.
1063 2734 1159 2804 9).
1190 2734 1462 2804 Fugabant
1493 2752 1614 2791 eum
1654 2738 1759 2790 frc-

173 2832 395 2892 quenter
427 2822 649 2887 inimici,
689 2830 747 2877 et
776 2833 1028 2892 quantum
1057 2826 1269 2893 quidem
1297 2826 1365 2880 ad
1393 2841 1504 2880 rem
1531 2836 1756 2894 Spectat.

174 2912 633 2981 persequebantur
661 2931 674 2965 :
704 2924 957 2982 quantum
982 2930 1115 2968 vero
1138 2915 1205 2969 ad
1233 2927 1485 2971 eventum
1516 2918 1614 2981 rei,
1641 2918 1759 2971 aliis

172 3004 452 3057 mittebant
479 3005 785 3073 magistrum
812 3007 900 3074 qui
922 3021 988 3061 eo
1004 3007 1259 3061 carebant
1285 3025 1298 3060 :
1326 3009 1570 3077 quodque
1594 3008 1758 3063 faeie-

172 3094 293 3147 baat
327 3095 490 3147 amici
528 3104 692 3163 atque
727 3096 1048 3162 concordes,
1081 3096 1179 3151 hoc
1212 3098 1354 3151 velut
1393 3098 1569 3152 studio
1605 3114 1757 3154 exse-

172 3186 478 3252 quebantur
522 3185 756 3247 inimici,
794 3202 1077 3255 numquam
1122 3189 1357 3243 sitientes
1398 3205 1521 3243 eum
1560 3190 1613 3243 in
1654 3206 1758 3244 una

173 3274 534 3328 habitaculum
558 3278 773 3344 regione
812 3278 1075 3331 collocare
1097 3319 1111 3342 ,
1138 3279 1232 3333 sed
1262 3281 1757 3349 persequutionibus

178 3364 496 3434 bsidiisque
525 3366 783 3434 pellentes
801 3408 815 3432 ,
843 3382 938 3435 per
966 3378 1183 3423 cunctas
1207 3370 1425 3424 omnino
1460 3372 1758 3440 provincias

230 3516 233 3519 ·
282 3506 381 3558 GL,
410 3498 703 3562 lapidantem
719 3500 955 3552 cititatem
978 3502 1220 3565 ingressus
1246 3503 1526 3555 immutavit.

1042 344 1128 400 DE
1161 348 1219 402 S.
1253 342 1558 399 MELETIO
1593 343 2059 398 ANTIOCllENO.
2088 376 2157 385 -—-
2188 344 2518 404 MONITUM.

3350 356 3450 412 5H

1878 457 2143 513 medicum
2162 460 2643 524 circumducebant,
2670 472 2722 516 ut
2742 478 2927 518 omnes
2943 463 3188 519 videlicet
3203 465 3451 519 salutaria

1875 547 1991 615 ejus
2032 549 2225 619 linguas
2271 552 2504 607 remedia
2546 554 2821 608 sentirent.
2870 554 3074 610 Rursus
3102 556 3453 626 alligaverunt

1873 657 1995 696 eum
2020 683 2034 704 ,
2064 642 2155 696 sed
2192 644 2366 696 acrius
2392 644 2443 696 in
2471 644 2829 698 defensionem
2861 646 2978 699 ﬁdei
3003 646 3291 717 discipulos
3318 662 3450 701 eon-

1875 731 2133 794 citaruut;
2162 732 2465 801 persequuti
2486 744 2626 797 sunt,
2650 744 2702 787 ct
2729 749 2832 788 non
2858 735 3170 790 habentibus
3192 739 3450 792 miserunt
3512 776 3524 791 .

1874 820 2215 890 magistrum;
2277 822 2341 874 ad
2373 823 2541 890 majus
2565 823 2820 891 judicium
2854 836 3273 894 provocaverunt
3294 869 3310 893 ,
3359 828 3454 883 sed

1874 909 2086 965 uberius
2115 911 2280 965 Judwi
2311 913 2619 966 beneﬁcium
2648 917 3047 980 contulerunt‘,
3072 927 3289 985 propter
3311 930 3450 986 quod

1873 1013 1926 1055 et
1949 1003 2116 1056 .luda-i
2158 1004 2404 1057 dicebant
2432 1005 2499 1059 de
2527 1007 2781 1075 apostolis
2813 1008 3053 1065 dolentes
3083 1027 3094 1061 :
3128 1010 3264 1074 Quid
3291 1013 3448 1081 facie-

1873 1110 1983 1145 mus
2025 1094 2139 1147 istis
2159 1096 2439 1148 hominibus
2465 1098 2481 1165 (
2508 1097 2619 1149 Act.
2650 1099 2703 1151 4.
2736 1098 2804 1151 16
2824 1098 2881 1168 )?
2922 1100 3023 1152 Per
3048 1117 3169 1167 qua:
3190 1101 3331 1155 enim
3357 1116 3451 1155 eos

1872 1186 2172 1253 Opprimerc
2203 1187 2478 1252 volumus,
2510 1202 2603 1256 per
2627 1203 2688 1241 ea
2728 1189 2837 1257 ipsa
2868 1190 3228 1258 provebinms.
3265 1192 3450 1245 Tradi-

1871 1274 2063 1327 derunt
2110 1275 2316 1329 custodi
2359 1279 2612 1341 carceris,
2657 1288 2713 1332 ut
2753 1296 2875 1334 eum
2920 1281 3200 1346 diligenter
3247 1282 3450 1350 ligaret,

1872 1366 1963 1419 sed
1992 1367 2104 1435 ipse
2132 1383 2160 1419 a
2190 1368 2352 1422 Paulo
2380 1371 2576 1424 arctius
2600 1371 2843 1440 alligatus
2870 1382 2971 1427 est.
3003 1373 3136 1427 Cum
3165 1374 3269 1428 reis
3293 1384 3452 1442 atque

1870 1457 2062 1511 vinctis
2099 1473 2219 1511 eum
2263 1460 2558 1525 miserunt,
2590 1477 2655 1515 ne
2698 1461 3003 1530 aufugeret;
3052 1473 3107 1516 at
3135 1465 3221 1517 ille
3252 1466 3450 1521 vinctos

1870 1548 2167 1603 Christiana
2198 1550 2436 1605 doctrina
2475 1553 2678 1606 imbuit.
2727 1554 3098 1621 [inposuerunt
3136 1570 3259 1609 eum
3288 1557 3406 1611 navi
3431 1596 3449 1620 ,

1871 1648 1926 1691 ut
1952 1640 2108 1707 plano
2132 1640 2291 1693 etiam
2318 1642 2557 1695 nolentes
2582 1644 2731 1697 ocius
2759 1644 2859 1696 iter
2880 1644 2995 1710 ejus
3017 1644 3252 1699 facerent
3277 1646 3445 1713 expli-

1868 1730 1978 1783 Cari
2002 1770 2018 1794 ,
2056 1731 2408 1800 accideusque
2445 1730 2774 1801 naufragium
2816 1732 3013 1785 factum
3052 1734 3450 1801 cumApostolo

1869 1820 2235 1888 navigantibus
2267 1836 2424 1875 causa
2454 1822 2727 1876 doctrinae.
2777 1822 3111 1877 Minabautur
3148 1824 3293 1877 mille
3320 1840 3444 1893 sup-

1869 1910 2021 1978 plicia
2046 1950 2061 1973 ,
2090 1919 2148 1964 ut
2187 1910 2361 1979 ignem
2403 1910 2791 1978 praedicationis
2829 1912 3231 1981 exstinguerent
3251 1953 3267 1976 ,
3296 1914 3382 1983 qui
3415 1932 3443 1966 ιθ

1869 2002 2141 2055 contrario
2173 2002 2340 2071 magis
2374 2002 2498 2056 inde
2521 2004 2816 2057 crescebat.
2865 2004 2934 2057 Et
2966 2006 3101 2059 sicut
3131 2006 3196 2060 de
3227 2006 3448 2059 Domino

1868 2094 2113 2148 dixerunt
2132 2136 2145 2157 ,
2178 2094 2481 2148 Occidamns
2507 2112 2651 2160 eum,
2684 2113 2745 2149 ne
2769 2098 2968 2149 veniunt
2995 2095 3213 2150 Romani
3231 2138 3245 2157 .
3271 2107 3317 2151 et
3346 2101 3444 2153 tol-

1868 2186 1972 2237 lunt
2000 2185 2162 2238 locum
2188 2195 2411 2239 nostrum
2438 2195 2587 2255 atque
2610 2196 2805 2255 gentem
2836 2185 3014 2255 (Joan.
3044 2189 3129 2241 il.
3161 2186 3274 2259 48),
3304 2190 3448 2243 acci-

1870 2276 2051 2346 ditque
2081 2278 2403 2332 contrarium
2435 2295 2449 2332 :
2478 2294 2599 2331 nam
2637 2278 2759 2347 quia
2802 2279 3111 2334 occiderunt
3137 2296 3257 2335 eum
3280 2321 3294 2343 ,
3326 2297 3447 2353 pru-

1867 2380 2043 2436 ptcrea
2068 2368 2290 2421 lictnani
2319 2377 2370 2421 et
2393 2377 2603 2437 gentem
2625 2384 2810 2423 eorum
2832 2379 2883 2423 et
2906 2370 3173 2424 civitatem
3194 2371 3447 2425 tulerunt:

1865 2468 1919 2512 et
1945 2474 2064 2528 qua:
2102 2460 2421 2527 putabantur
2449 2459 2823 2528 impedimenta
2855 2460 3262 2528 prmdicationis,
3292 2462 3444 2516 fortia

1865 2548 2229 2602 efficiebantur
2252 2549 2445 2603 auxilia
2472 2566 2485 2602 :
2509 2550 2586 2603 sic
2605 2549 2761 2604 etiam
2783 2550 3103 2619 praedicante
3124 2551 3307 2619 Paulo,
3328 2568 3446 2622 qua:

1863 2638 2149 2691 adversarii
2193 2638 2258 2691 ad
2304 2639 2713 2707 opprimendum
2759 2640 2985 2695 intulere
3027 2641 3285 2708 verbum,
3327 2642 3442 2697 haec

1865 2728 1990 2781 illud
2034 2730 2098 2782 ad
2138 2729 2457 2784 ineffabilem
2500 2730 2781 2799 quamdam
2819 2728 3149 2785 aliitudinem
3189 2732 3439 2786 subleva-

1863 2829 2003 2871 runt.
2033 2819 2209 2887 Super
2234 2820 2318 2873 bis
2343 2836 2470 2874 vero
2504 2821 2749 2875 omnibus
2784 2822 2982 2889 gratias
3013 2821 3151 2876 bono
3180 2830 3442 2877 tantarum

1864 2924 2038 2963 rerum
2067 2912 2269 2965 auctori
2294 2926 2515 2980 agamus
2544 2913 2670 2978 Deo,
2693 2913 3056 2982 glorificemus
3083 2913 3331 2978 Paulum,
3353 2930 3443 2982 per

1861 3019 2017 3071 quem
2050 3004 2146 3057 ista
2172 3005 2435 3074 completa
2460 3015 2583 3059 sunt
2612 3024 2624 3057 :
2653 3021 2872 3059 oremus
2896 3006 3076 3071 etiam,
3107 3015 3161 3058 ut
3187 3006 3284 3075 ipsi
3314 3022 3444 3075 quo-

1862 3111 1964 3163 que
1992 3096 2196 3151 eisdem
2226 3095 2559 3165 perfruamur
2589 3098 2775 3161 bouis,
2808 3098 2972 3166 gratia
2999 3104 3054 3151 et
3079 3096 3443 3151 misericordia

1863 3186 2070 3241 Domini
2116 3188 2282 3241 nostri
2327 3188 2453 3241 Jesu
2490 3187 2716 3250 Christi,
2763 3204 2855 3257 per
2892 3203 3051 3257 quem
3092 3198 3147 3242 et
3187 3204 3308 3242 cum
3338 3202 3445 3257 quo

1862 3281 2028 3349 gloria
2060 3280 2198 3334 Patri
2226 3320 2240 3344 ,
2271 3295 2392 3335 cum
2420 3280 2617 3349 Spiritu
2644 3292 2828 3334 sancto
2854 3322 2870 3346 ,
2905 3281 2957 3334 in
2986 3280 3178 3335 sai-cuia
3220 3280 3444 3334 smculo-

1862 3387 1998 3425 rum.
2028 3374 2219 3425 Amen.

1926 3510 1940 3538 ι
1976 3513 2074 3565 Gr.,
2099 3513 2144 3555 et
2166 3505 2341 3568 nuljort'
2363 3507 2585 3571 pro/uere
2605 3506 2796 3557 civitati.
2824 3512 3024 3570 Propter
3047 3507 3192 3571 quod,
3220 3514 3315 3557 etc.

172 3809 3406 3858 mw

1051 4011 1147 4071 AD
1182 4014 1558 4075 HOMJLIAM
1599 4014 1677 4073 ΙΝ
1724 4014 2074 4076 SANCTUM
2119 4020 2533 4082 MELETIUM.

178 4178 403 4233 omnino
428 4180 643 4236 videtur
672 4184 814 4239 hanc
858 4185 1132 4243 homiliam
1166 4190 1574 4258 pronuntiatam
1625 4191 1794 4249 fuisse
1833 4195 1914 4248 vel
1975 4210 2120 4251 anno
2165 4198 2303 4263 586,
2352 4210 2474 4269 post
2517 4216 2756 4256 mensem
2797 4199 2996 4256 Maium
3022 4243 3037 4271 ,
3087 4204 3171 4259 vel
3207 4204 3428 4259 ineunte

174 4308 310 4350 armo
334 4298 464 4353 387.

234 4432 308 4487 De
337 4433 397 4487 S.
436 4434 654 4492 Meletio
679 4441 928 4509 quaedam
950 4442 1190 4504 diximus
1216 4447 1269 4499 in
1306 4446 1429 4503 Vita
1461 4448 1518 4505 S.
1555 4450 1839 4507 Athanasii
1873 4453 1939 4508 ad
1990 4469 2192 4507 annum
2227 4455 2351 4509 561.
2387 4454 2434 4510 is
2492 4472 2686 4527 nempe
2726 4458 2796 4513 ab
2851 4458 3095 4521 Arianis,
3150 4458 3241 4529 qui
3299 4457 3414 4514 suis

168 4548 409 4612 partibus
439 4547 589 4622 [5l8]
616 4552 892 4608 addictum
924 4559 1207 4625 putabant,
1237 4563 1524 4619 ordinatus
1562 4566 1617 4619 in
1648 4567 1965 4638 episcopum
2015 4570 2438 4634 Antiochenam,
2479 4572 2574 4625 τοῦ
2604 4574 2893 4642 ὁμοουσεου
2926 4573 3184 4628 defensor
3214 4573 3421 4627 acerri-

166 4677 285 4716 mus
322 4673 483 4732 erat;
512 4681 623 4735 quo
646 4680 944 4739 comperto,
979 4672 1166 4728 Ariani
1197 4692 1361 4745 penes
1384 4695 1524 4747 quos
1565 4690 1679 4735 tum
1723 4699 1939 4737 summa
1960 4694 2097 4749 erat,
2129 4686 2405 4741 hominem
2438 4687 2489 4740 in
2521 4688 2776 4742 exsilium
2816 4688 3091 4759 deportari
3124 4699 3414 4744 curarunt.

170 4778 490 4838 Dedissidio
518 4796 698 4841 autem
724 4787 842 4857 ejus
874 4800 1114 4860 tempore
1144 4793 1307 4847 etiam
1367 4796 1506 4850 inter
1543 4794 1859 4853 Catholicos
1910 4799 2161 4864 suborto,
2203 4802 2325 4858 vide
2353 4819 2475 4873 quae
2504 4802 2744 4859 diximus
2778 4807 2830 4858 in
2872 4805 3073 4860 Monito
3105 4805 3171 4859 ad
3230 4803 3419 4860 llomi—

165 4898 289 4952 liam
312 4900 380 4953 de
408 4901 788 4957 Anathemate.
831 4903 1099 4961 Caeterum
1134 4909 1185 4961 in
1216 4910 1317 4963 hac
1360 4911 1582 4966 homilia
1613 4923 1667 4967 ct
1700 4914 1995 4983 imaginum
2032 4916 2215 4971 cultus
2240 4925 2295 4971 et
2344 4918 2665 4973 intercessio
2693 4918 3022 4975 Sanctorum
3058 4929 3244 4995 aperte
3271 4934 3416 4990 pra:-

165 5014 400 5068 dicatur.

232 5123 430 5181 incerti
460 5128 965 5200 interpretationem
996 5135 1181 5190 multis
1210 5136 1262 5190 in
1289 5137 1423 5192 locis
1459 5140 1803 5194 emendatam
1832 5156 1862 5194 e
1898 5141 2117 5211 regione
2140 5141 2311 5196 Graeci
2353 5152 2529 5197 textus
2559 5143 2778 5197 damus.
