4044 6206
527 290 630 353 5ὶό

1291 281 1350 334 S.
1391 278 1663 334 JOANNIS
1703 270 2176 334 CHRYSOSTOMI
2217 270 2536 330 ARClllEP.
2573 270 3106 328 CONSTANTINOP.
3695 275 3795 330 516

751 406 3372 438 ww

1413 494 1910 579 HOMILIA
1965 489 2826 574 ENCOMIASTICA

531 691 592 735 IN
623 689 688 733 ιι.
737 688 990 732 ΡΔἸἪΕΜ
1034 679 1324 726 NOSTBUM
1371 674 1725 722 MELETIUM,
1773 670 2320 715 ARCHIEPISCOPUM
2366 669 2598 710 MAG-NE
2629 669 3014 722 ANTIOCHLE,
3062 671 3140 712 ΕΤ
3183 671 3266 712 DE
3300 671 3528 715 STUDIO
3583 673 3796 718 εοκυιί

1773 774 1880 826 QUI
1921 771 2379 814 convenarum
2423 752 2532 831 ia).

1831 917 2084 928 ————

599 1062 649 1114 l.
697 1059 920 1113 Sacrum
970 1053 1108 1106 hunc
1149 1061 1360 1120 gregem
1393 1043 1562 1098 oculis
1605 1040 1836 1110 undique
1881 1039 2110 1094 circum-

527 1154 756 1223 spiciens
775 1192 791 1217 ,
837 1159 889 1203 et
927 1146 1228 1200 universam
1257 1140 1524 1194 civitatem
1551 1135 1734 1190 videns
1765 1133 1850 1188 hic
1881 1147 2110 1202 praesen-

532 1255 634 1296 tem
659 1283 675 1308 ,
722 1239 904 1294 nescio
931 1249 1090 1306 quem
1133 1233 1275 1302 prius
1317 1230 1528 1283 beatum
1572 1223 1946 1294 pronuntiem,
1989 1235 2110 1276 san-

530 1347 743 1388 ctunme
769 1331 1053 1392 Meletium,
1079 1323 1220 1394 quod
1250 1321 1330 1375 vel
1352 1328 1470 1390 post
1495 1324 1717 1372 mortem
1743 1323 1888 1369 tanto
1909 1312 2112 1366 honore

533 1427 755 1487 fruatur,
786 1437 852 1475 an
879 1428 1106 1474 vestram
1125 1415 1418 1474 caritatem,
1439 1408 1580 1478 quod
1608 1417 1805 1460 tantam
1827 1406 1880 1459 in
1905 1413 2112 1458 vestros

523 1525 773 1591 pastores
817 1508 1236 1566 benevolentiam
1267 1503 1426 1559 etiam
1454 1510 1574 1570 post
1609 1499 1887 1553 decessum
1927 1506 2109 1552 osten-

532 1588 692 1665 datis.
746 1604 937 1661 Beatus
963 1601 1108 1656 enim
1145 1597 1271 1659 ille,
1315 1593 1454 1664 quod
1497 1599 1698 1646 tantum
1747 1588 1826 1642 sui
1876 1601 2110 1640 amorem

531 1703 680 1757 vobis
705 1699 950 1754 omnibus
979 1688 1524 1765 potueritrelinquere
1549 1700 1564 1736 :
1596 1680 1735 1736 beati
1761 1694 1856 1734 vos
1876 1693 2110 1748 quoque.

533 1793 674 1866 quod
700 1835 715 1858 ,
756 1805 876 1844 cum
905 1785 1140 1842 caritatis
1177 1780 1475 1851 depositum
1505 1770 1816 1843 acceperitis
1835 1812 1849 1835 ,
1893 1783 2013 1822 eam
2037 1766 2108 1833 ei,

531 1885 622 1955 qui
651 1880 893 1950 deposuit
919 1919 932 1942 ,
977 1877 1234 1944 integram
1281 1870 1382 1924 huc
1411 1880 1578 1936 usque
1607 1871 1861 1934 perpetuo
1891 1874 2111 1916 conser-

531 1951 796 2030 vaveritis.
827 1969 1051 2037 Quintus
1076 1965 1218 2020 enim
1253 1975 1424 2015 annus
1449 1957 1558 2027 jam
1588 1951 1844 2025 prieteriit
1867 1991 1883 2016 ,
1918 1965 1984 2004 ex
2005 1961 2114 2018 quo

531 2067 621 2120 ille
663 2063 909 2132 migravit
944 2057 1009 2111 ad
1051 2055 1230 2111 Jesum
1255 2093 1268 2118 ,
1301 2065 1458 2120 quem
1485 2043 1821 2100 desiderabat
1848 2082 1863 2104 ,
1892 2055 1956 2094 ac
1986 2053 2109 2108 per-

533 2156 656 2212 inde
682 2131 812 2209 acisi
843 2150 954 2204 heri
989 2156 1042 2202 et
1071 2145 1264 2199 nudius
1292 2141 1480 2195 tertius
1509 2152 1630 2191 eum
1659 2131 1924 2188 vidissetis
1942 2171 1957 2196 ,
2005 2137 2111 2182 tam

521 2246 752 2303 ferventi
780 2257 962 2297 amore
1004 2239 1069 2290 ad
1113 2250 1236 2290 eum
1265 2231 1424 2286 hodie
1450 2225 1769 2282 accessistis.
1825 2223 2112 2290 PrOpterea

535 2343 719 2394 beatus
759 2333 850 2387 ille
891 2339 974 2384 est
1015 2325 1153 2397 quod
1189 2323 1319 2377 tales
1357 2317 1599 2389 genuerit
1641 2315 1778 2369 filios
1806 2330 1820 2366 :
1853 2309 1989 2366 beati
2019 2323 2114 2362 vos

536 2443 763 2500 quoque,
793 2421 930 2492 quod
963 2419 1112 2472 vobis
1133 2412 1378 2483 obtigerit
1399 2419 1456 2464 ut
1479 2409 1640 2463 talem
1660 2414 1862 2476 patrem
1891 2401 2114 2455 babere-

656 2494 874 2587 it‘gregia
904 2519 986 2567 est
1009 2507 1160 2563 radix
1190 2514 1246 2561 et
1271 2499 1612 2561 admirabilis,
1643 2495 1736 2551 sed
1758 2494 1958 2548 fructus
1983 2503 2114 2559 quo-

534 2629 636 2682 que
667 2583 770 2666 non
800 2583 937 2662 sunt
977 2599 1178 2670 indigni
1219 2597 1319 2652 hac
1345 2593 1543 2649 radice.
1593 2589 1803 2643 Etenim
1843 2583 2113 2654 quomodo

535 2679 684 2760 radix
714 2699 970 2771 qumpiam
1005 2689 1330 2748 admirabilis
1355 2726 1367 2751 ,
1399 2699 1516 2756 quae
1546 2683 1672 2736 latet
1701 2681 1752 2733 in
1788 2679 1908 2732 sinu
1933 2686 2110 2736 terrae,

535 2798 647 2866 ipsa
685 2765 895 2862 quidem
925 2801 1032 2840 non
1057 2789 1305 2854 apparet,
1344 2791 1438 2846 per
1465 2774 1666 2829 fructus
1707 2779 1886 2824 autem
1907 2765 2114 2820 virtutis

535 2905 646 2944 sum
672 2885 836 2941 robur
859 2879 1126 2935 ostendit:
1151 2876 1222 2929 ita
1251 2873 1414 2928 etiam
1444 2869 1632 2923 beatus
1658 2863 1902 2919 Meletius
1931 2861 1983 2914 in
2015 2859 2116 2913 bac

535 2995 692 3050 capsa
737 2976 1020 3036 conditus,
1067 2973 1178 3040 ipse
1217 2963 1427 3036 quidem
1475 2975 1582 3014 non
1619 2955 1854 3012 cernitur
1887 2967 1918 3005 a
1964 2949 2116 3004 nobis

536 3073 702 3126 oculis
729 3065 966 3135 corporis
991 3079 1006 3128 ;
1040 3077 1146 3130 'pcr
1175 3073 1269 3111 vos
1289 3070 1416 3108 vero
1441 3095 1454 3116 ,
1485 3048 1576 3120 qui
1605 3049 1735 3102 estis
1759 3045 1977 3104 fructus,
2005 3055 2116 3094 sua:

537 3159 935 3234 grati-.e"'vires
959 3151 1212 3208 ostendit.
1271 3147 1416 3201 Licet
1460 3156 1558 3195 nos
1596 3138 1874 3208 sileamus,
1921 3130 2118 3186 sufficit

537 3221 652 3309 dies
676 3251 842 3307 festus
863 3288 878 3313 ,
926 3255 980 3300 et
1016 3245 1188 3298 fervor
1229 3235 1392 3293 vestri
1419 3231 1618 3296 studii,
1664 3225 1732 3282 ad
1765 3225 1889 3280 tuba
1923 3221 2116 3278 clarius

450 3409 454 3412 ,
539 3339 972 3416 proclamandum
1019 3331 1187 3388 sancti
1227 3327 1422 3382 Meletii
1453 3325 1504 3377 in
1543 3336 1636 3374 vos
1665 3330 1934 3379 amorem,
1983 3321 2116 3364 tam-

539 3401 696 3506 quam
739 3433 792 3490 in
824 3429 977 3484 lilios.
1033 3423 1121 3478 Sic
1149 3421 1291 3476 enim
1315 3425 1519 3471 vestras
1546 3420 1750 3465 mentes
1779 3401 2021 3459 accendit
2047 3401 2114 3456 ad

541 3527 622 3582 sui
651 3537 886 3578 amorem
907 3559 921 3580 ,
951 3526 1007 3570 ut
1033 3514 1117 3569 vel
1144 3511 1209 3566 ad
1237 3509 1406 3564 solum
1439 3519 1630 3559 nomen
1670 3497 2034 3558 incalescatis,
2065 3501 2119 3547 et

541 3613 842 3673 excitcmini
869 3611 934 3664 ad
957 3611 1121 3680 ipsam
1149 3599 1574 3672 appellationem.

617 3705 803 3760 Meletii
829 3677 1007 3756 nomen
1045 3698 1164 3766 ﬁliis
1193 3693 1297 3747 suis
1339 3689 1524 3742 dabant
1572 3679 1895 3743 Amice/teni;
1931 3677 2119 3746 ipsius-

544 3815 639 3871 que
657 3795 922 3865 imaginem
947 3788 1126 3857 ubique
1151 3782 1436 3857 pingebant.
1457 3807 1530 3818 —-
1557 3776 1842 3842 Propterea
1867 3783 1964 3838 ego
1990 3781 2120 3836 quo-

545 3861 648 3960 que
673 3861 814 3940 nunc
855 3899 959 3937 non
1006 3889 1234 3938 temere,
1281 3872 1374 3927 sed
1412 3868 1585 3924 studio
1625 3873 1680 3918 et
1722 3861 1897 3917 dedita
1937 3873 2118 3927 opera,

547 3996 740 4036 nomen
773 3975 902 4032 illud
927 3974 980 4027 in
1011 3971 1143 4026 meis
1169 3966 1381 4022 assidue
1409 3960 1584 4016 verbis
1611 3965 1868 4018 annecto,
1915 3961 1968 4006 et
1993 3965 2120 4019 per-

547 4075 670 4127 inde
699 4085 761 4124 ac
785 4067 1044 4138 quispiam
1067 4104 1080 4126 ,
1123 4061 1209 4129 qui
1239 4069 1491 4110 coronam
1521 4051 1650 4105 texit
1685 4061 1896 4101 auream
1915 4084 1928 4104 ,
1977 4056 2122 4095 mar-

547 4163 744 4230 garitas
769 4158 960 4210 deinde
1005 4154 1244 4206 inserens
1263 4189 1278 4212 ,
1307 4158 1634 4212 gemmarum
1666 4134 1956 4207 frequentia
1985 4147 2121 4202 pra:-

550 4226 742 4304 elarius
779 4248 940 4301 efﬁcit
984 4243 1268 4297 diadema:
1303 4239 1371 4290 ita
1415 4250 1516 4304 ego
1559 4244 1768 4301 quoque
1809 4229 1964 4280 beato
2009 4226 2125 4290 ejus

551 4339 709 4408 capiti
735 4349 985 4389 coronam
1032 4341 1218 4384 texens
1244 4326 1602 4381 encomiorum
1629 4361 1643 4384 ,
1689 4319 1847 4372 veluti
1874 4315 2126 4382 margari—

554 4403 726 4484 tarum
755 4420 1097 4496 quarumdam
1127 4415 1476 4485 frequentiam
1499 4453 1515 4477 ,
1543 4424 1685 4477 saepe
1709 4407 1988 4474 repetitam
2012 4403 2126 4468 ejus

499 4567 504 4572 λ
555 4518 960 4588 appellationem
1001 4507 1224 4564 orationi
1253 4513 1463 4564 attexo,
1511 4514 1732 4570 sperans
1779 4498 1927 4560 fore,
1969 4505 2024 4546 ut
2051 4497 2126 4547 sic

555 4585 672 4668 eam
716 4605 1080 4680 iucundiorem
1125 4596 1340 4653 reddam
1369 4603 1422 4648 et
1468 4589 1893 4660 splendidiorem.
1946 4585 2128 4640 Solent

555 4705 696 4758 enim
725 4709 964 4756 amantes
984 4707 1186 4754 eorum,
1215 4704 1347 4757 quos
1365 4693 1562 4745 amant,
1585 4681 1670 4735 vel
1693 4679 1828 4734 nuda
1848 4678 2127 4748 complecti

557 4793 774 4849 nomina
799 4833 814 4854 ,
841 4800 895 4844 et
919 4787 1240 4842 incalescere
1279 4779 1342 4832 ad
1375 4777 1514 4846 ipsas
1536 4771 1916 4842 appellationes
1945 4789 1956 4823 :
1989 4769 2129 4837 quod

559 4885 707 4939 vobis
738 4895 944 4950 quoque
981 4879 1036 4933 in
1067 4877 1168 4931 hoc
1195 4875 1348 4928 beato
1371 4883 1466 4922 usu
1499 4866 1658 4921 venit.
1693 4863 1822 4918 Nam
1861 4877 1979 4916 cum
2008 4874 2129 4914 eum

559 4995 586 5029 ει
618 4973 874 5045 principio
899 4971 948 5024 in
974 4971 1238 5025 civitatem
1262 4965 1554 5034 ingressum
1583 4955 1942 5026 cxcepissctis,
1968 4965 2129 5006 unus-

559 5067 783 5135 quisque
826 5061 988 5113 lllium
1041 5074 1192 5113 suum
1239 5054 1353 5124 ejus
1399 5052 1613 5106 nomine
1659 5045 1987 5117 appellabat,
2043 5057 2134 5108 per

562 5150 1290 5228 appellationemexistimans
1306 5141 1663 5210 unusquisque
1683 5139 1736 5191 in
1753 5137 1967 5190 domum
1983 5147 2132 5185 suam

561 5258 803 5305 sanctum
857 5239 1230 5298 introducere,
1285 5231 1566 5298 missisque
1623 5227 1893 5295 patribus,
1943 5221 2054 5275 avis
2083 5229 2136 5272 et

565 5339 772 5411 proavis
795 5341 990 5387 matres
1018 5328 1154 5382 beati
1177 5323 1367 5377 Meletii
1390 5335 1580 5374 nomen
1606 5299 2137 5384 itnponcbantliberis

564 5402 696 5501 quos
721 5429 1054 5496 pepererant.
1092 5413 1340 5469 Naturam
1365 5411 1506 5462 enim
1539 5407 1779 5460 vincebat
1804 5417 1953 5456 amor
1981 5402 2138 5475 pieta-

629 5543 647 5574 ⁸
685 5541 811 5589 Alius
834 5536 1006 5594 codex,
1027 5527 1229 5584 virtutis,
1257 5521 1570 5594 pro,_gruti§a.

567 5571 1487 5714 uﬁiiéiiiiiﬁﬁ'éohiuiiihus
1497 5571 1694 5632 Codices
1707 5586 1822 5642 Reg.
1843 5573 1981 5636 mea,
1995 5571 2137 5633 2010,

693 5701 706 5714 .
732 5670 782 5713 et
803 5662 1009 5711 eolbert.
1033 5657 1142 5708 970.

732 5670 782 5713 et
803 5662 1009 5711 Colbert.
1033 5657 1142 5708 970.

2081 896 2476 950 διδωμι-

2223 1039 2288 1093 tis
2311 1081 2326 1105 ,
2353 1048 2407 1094 et
2435 1039 2684 1109 deinceps
2712 1038 2802 1109 qui
2833 1039 3204 1106 nascebantur,
3235 1057 3342 1096 non
3377 1045 3604 1100 naturali
3623 1047 3796 1104 solum

2217 1132 2622 1194 benevolentia,
2667 1132 2760 1186 sed
2791 1133 2950 1186 etiam
2989 1133 3180 1188 aﬂ'ectu
3207 1150 3330 1204 erga
3369 1136 3512 1191 illam
3557 1140 3794 1208 appella-

2217 1225 2452 1287 tionem,
2485 1231 2637 1278 erant
2664 1224 2774 1278 cari
2819 1225 3142 1294 parentibus.
3199 1227 3374 1295 Ipsum
3415 1229 3558 1282 enim
3603 1247 3796 1286 nomen

2217 1325 2272 1369 et
2295 1327 2663 1371 ornamentum
2685 1317 3034 1386 cognationis,
3069 1327 3122 1371 et
3148 1317 3338 1372 mdium
3369 1320 3587 1376 tutelam
3605 1364 3622 1386 ,
3649 1332 3704 1378 et
3723 1327 3794 1377 ita

2217 1409 2419 1464 vocatis
2446 1410 2670 1464 salutem
2689 1411 2956 1464 clamoris
2979 1411 3224 1465 solatium
3251 1428 3370 1468 esse
3396 1416 3792 1480 existimabant,

2217 1513 2270 1556 et
2295 1502 2514 1571 perinde
2537 1517 2600 1556 ac
2627 1502 2672 1556 si
2698 1503 2941 1572 quidam,
2981 1503 3226 1559 sedentes
3273 1507 3322 1558 iu
3363 1508 3595 1563 tenebris
3617 1553 3636 1572 ,
3672 1526 3796 1565 cum

2219 1610 2319 1648 una
2371 1596 2571 1664 lampas
2616 1606 2900 1664 conspecta
2953 1596 3146 1662 fuerit,
3199 1599 3394 1652 multas
3439 1599 3796 1658 accendentes

2220 1689 2461 1742 lucernas
2487 1727 2502 1753 ,
2557 1689 2918 1758 unusquisque
2962 1690 3120 1744 infert
3159 1691 3212 1744 in
3261 1690 3475 1746 domum
3501 1708 3690 1748 suam:
3723 1696 3792 1748 ita

2181 1811 2186 1816 -
2218 1783 2376 1836 etiam
2397 1795 2522 1834 cum
2549 1781 2638 1836 illa
2677 1781 2960 1849 appellatio
2997 1790 3264 1850 tamquam
3307 1783 3484 1838 lumen
3521 1783 3794 1840 incidisset

2219 1873 2270 1926 iu
2317 1872 2584 1926 civitatem
2608 1879 2630 1936 ,‘
2669 1872 2888 1940 quilibet
2939 1873 2992 1926 in
3033 1872 3248 1927 donuun
3287 1889 3436 1928 suam
3475 1876 3614 1930 beati
3656 1876 3796 1930 illius

2219 1979 2412 2019 nomen
2443 1963 2767 2028 introduxit,
2799 1965 2959 2019 veluti
2981 1965 3264 2033 quemdam
3295 1964 3601 2020 thesaurum
3627 1966 3795 2022 bono-

2219 2069 2334 2108 rum
2363 2053 2820 2108 innumerabilium
2845 2068 2936 2122 per
2947 2053 3086 2108 illius
3105 2053 3330 2108 all'erens
3349 2055 3790 2124 appellationem,

2217 2151 2435 2212 eratque
2463 2158 2592 2198 vere
2621 2142 2742 2198 illud
2773 2157 2974 2212 magna:
2997 2144 3204 2210 pictatis
3225 2143 3484 2198 doctrina.
3509 2144 3642 2198 Nam
3669 2161 3796 2200 cum

2216 2233 2429 2288 assidue
2473 2244 2792 2302 cogerentur
2829 2233 3136 2288 meminisse
3175 2235 3316 2289 illius
3341 2236 3714 2304 appellationis
3739 2249 3800 2292 et

2215 2334 2458 2380 sanctum
2499 2326 2668 2378 virum
2703 2325 2882 2378 animo
2909 2325 3188 2395 complecti
3213 2367 3228 2389 ,
3278 2325 3542 2380 habebant
3568 2328 3674 2381 hoc
3701 2343 3800 2381 no-

2216 2431 2338 2520 mea
2368 2425 2632 2520 tamquam
2661 2431 2806 2470 arma
2833 2416 3072 2486 quaedam
3091 2458 3110 2482 ,
3135 2417 3328 2486 quibus
3348 2416 3625 2488 fugabatur
3643 2434 3798 2488 quie—

2217 2509 2298 2562 vis
2337 2525 2366 2563 a
2413 2510 2616 2564 ratione
2669 2509 2841 2564 aliena
2897 2509 3104 2564 affectio
3153 2519 3208 2564 et
3253 2510 3538 2580 cogitatio,
3589 2509 3802 2581 fuitque

2219 2601 2272 2655 id
2299 2600 2432 2655 adeo
2459 2600 2736 2668 frequens,
2787 2610 2844 2654 ut
2873 2601 3065 2670 ubique
3092 2601 3142 2654 in
3184 2601 3336 2654 biviis
3361 2641 3376 2662 ,
3423 2603 3474 2656 in
3517 2601 3674 2665 foro,
3733 2603 3796 2658 in

2217 2690 2359 2759 agris
2387 2698 2444 2745 et
2473 2692 2522 2744 in
2557 2691 2655 2744 viis
2695 2692 2796 2745 hoc
2825 2705 3018 2744 nomen
3067 2691 3297 2760 undique
3341 2693 3798 2749 circumsonaret.

2216 2783 2332 2837 Non
2381 2797 2502 2853 erga
2547 2796 2738 2837 nomen
2785 2790 2961 2837 autem
2997 2784 3166 2836 solum
3209 2784 3344 2838 adeo
3388 2784 3560 2840 affecti
3603 2787 3804 2850 eratis,

2217 2874 2310 2929 sed
2353 2889 2475 2942 erga
2527 2874 2692 2944 ipsam
2741 2873 2902 2927 etiam
2961 2873 3182 2944 ﬁguram
3217 2875 3474 2944 corporis.
3515 2876 3806 2943 Quocum

2218 2967 2359 3020 enim
2387 2967 2584 3020 fecistis
2611 2965 2664 3020 in
2696 2966 3014 3028 nominibus,
3044 2966 3145 3020 hoc
3167 2968 3325 3020 etiam
3355 2966 3550 3020 fecistis
3575 2968 3630 3021 in
3653 2968 3808 3023 illius

2219 3059 2447 3127 imagine
2471 3075 2484 3111 :
2513 3059 2709 3113 ctenim
2735 3057 2788 3110 in
2831 3057 2963 3126 palis
2986 3057 3321 3121 annulorum,
3343 3069 3401 3112 et
3429 3059 3482 3111 in
3504 3057 3714 3127 sigillis,
3741 3071 3806 3114 et

2221 3149 2272 3201 in
2319 3148 2526 3217 phialis,
2569 3159 2622 3201 et
2662 3149 2712 3202 in
2763 3148 3112 3203 thalamorum
3163 3147 3469 3216 parietibus,
3519 3157 3574 3202 et
3599 3148 3808 3219 ubique

2221 3255 2423 3295 sacram
2467 3241 2608 3294 illam
2657 3239 2806 3292 multi
2831 3247 3212 3309 expresserunt
3251 3239 3556 3307 imaginem,
3601 3249 3808 3293 utnon

2221 3335 2390 3388 solum
2435 3334 2678 3387 audirent
2721 3341 2958 3384 sanctam
3008 3330 3150 3384 illam
3193 3329 3642 3398 appellationem.
3703 3333 3808 3385 sed

2221 3427 2377 3481 etiam
2424 3426 2616 3494 ubique
2665 3423 2900 3477 viderent
2944 3423 3160 3492 figuram
3201 3423 3457 3492 corporis,
3485 3431 3541 3476 et
3559 3421 3682 3490 ejus
3705 3437 3808 3476 ex-

2221 3520 2322 3572 silii
2351 3519 2611 3586 duplicem
2641 3518 3055 3572 consolationem
3085 3515 3402 3584 acciperent.

2295 3609 2527 3663 Meletius
2571 3610 2623 3662 in
2667 3609 2896 3662 milium
2923 3606 3192 3676 pulsus.-
3211 3605 3420 3660 Etenim
3447 3605 3684 3673 primum
3713 3605 3813 3658 in-

2221 3715 2456 3770 gressus,
2487 3699 2664 3752 statim
2691 3698 2942 3766 expulsus
2967 3705 3049 3750 est
3075 3711 3106 3750 e
3132 3695 3365 3758 civitate,
3399 3693 3628 3747 inimicis
3653 3695 3818 3748 veri-

2207 3787 2346 3846 tatis
2373 3807 2492 3846 eum
2521 3789 2925 3860 expellentibus.
2954 3787 3093 3842 Deus
3115 3801 3239 3842 vero
3261 3785 3309 3840 id
3331 3785 3612 3850 concessit,
3643 3786 3820 3838 simul

2224 3895 2278 3938 et
2337 3885 2476 3938 illius
2523 3883 2768 3936 virtutem
2825 3889 2879 3934 et
2921 3889 3152 3933 vestram
3197 3877 3558 3931 fortitudinem
3611 3875 3824 3930 volens

2225 3975 2524 4030 ostendere.
2557 3973 2688 4028 Cum
2713 3972 2854 4026 enim
2879 3970 3168 4040 ingressus,
3191 3969 3326 4022 sicut
3351 3967 3521 4020 Moses
3550 3966 3606 4019 in
3637 3965 3830 4037 Egy-

2227 4076 2372 4136 ptum
2421 4065 2694 4120 liberasset
2733 4065 3000 4118 civitatem
3041 4062 3108 4116 ab
3149 4075 3329 4115 errore
3353 4057 3595 4122 haeresis,
3629 4061 3833 4126 putri-
3869 4109 3876 4114 .

2225 4161 2428 4228 basque
2459 4156 2710 4211 membris
2730 4165 2785 4210 et
2803 4153 3274 4209 immedicabilibns
3299 4169 3327 4206 a
3359 4153 3560 4222 reliquo
3573 4167 3840 4221 corpore

2228 4253 2528 4323 amputatis,
2583 4253 2837 4319 integram
2885 4249 3201 4304 restituisset
3228 4247 3503 4301 sanitatem
3551 4246 3846 4302 Ecclesiae

2231 4341 2570 4404 multitudini,
2599 4340 2794 4394 inimici
2825 4339 3062 4393 veritatis
3101 4353 3204 4392 non
3243 4337 3470 4392 ferentes
3508 4339 3850 4391 correctio-

2228 4450 2372 4500 nem,
2433 4433 2695 4488 concitato
2745 4431 3104 4499 lmperatore,
3157 4427 3478 4498 expulerunt
3529 4441 3658 4480 eum
3735 4429 3860 4482 hac

2229 4526 2458 4589 civitate,
2510 4532 2879 4590 exspectantes
2920 4519 3052 4583 fore,
3101 4526 3159 4572 ut
3202 4519 3299 4572 hac
3341 4518 3544 4570 ratione
3582 4517 3862 4572 veritate

2233 4627 2412 4673 essent
2431 4614 2750 4682 superiores,
2783 4621 2836 4665 et
2861 4627 2976 4666 eam
3005 4625 3180 4664 rerum
3210 4607 3640 4662 emendationem
3675 4623 3870 4666 ever-

2236 4717 2427 4763 terent.
2474 4705 2663 4760 Evenit
2705 4711 2880 4758 autem
2907 4710 3092 4756 contra
3122 4714 3279 4768 quam
3307 4695 3714 4767 exspectabant
3735 4717 3758 4764 ;
3797 4716 3876 4756 ac

2235 4814 2354 4853 cum
2399 4797 2628 4852 studium
2674 4804 2926 4858 vestrum,
2961 4801 3069 4845 tum
3106 4792 3221 4860 ejus
3247 4790 3298 4843 in
3325 4787 3566 4843 docendo
3595 4791 3882 4848 scientia

2237 4893 2404 4960 magis
2447 4888 2682 4944 effulsit:
2716 4886 2855 4941 illius
2897 4883 3131 4954 quidem,
3165 4881 3306 4951 quod
3345 4881 3557 4950 triginta
3607 4881 3886 4948 diebus,

2239 4999 2336 5036 nec
2379 4983 2442 5036 iis
2483 4980 2694 5047 quidem
2724 4977 2960 5048 integris,
3007 4984 3210 5030 tantum
3237 4988 3333 5026 vos
3357 4970 3524 5040 potuit
3553 4969 3616 5024 in
3659 4975 3896 5030 studio

2241 5075 2360 5128 ﬁdei
2399 5073 2640 5136 fundare,
2690 5081 2748 5126 ut
2795 5081 2974 5140 postea
3006 5067 3331 5124 irruentibus
3353 5062 3650 5135 Spiritibus
3689 5067 3902 5126 inuu-

2241 5163 2579 5218 tnerabilibus
2627 5163 2918 5218 illabefacta
2965 5169 3020 5216 et
3061 5161 3371 5214 inconcussa
3425 5161 3732 5216 manserit
3795 5165 3908 5220 ina

2242 5255 2527 5310 doctrina:
2577 5251 2753 5306 fervor
2799 5263 2974 5307 autem
3021 5261 3197 5306 vester
3242 5265 3300 5304 se
3343 5258 3522 5317 aperte
3565 5259 3912 5320 ostendit.

2241 5347 2381 5418 quod
2409 5345 2642 5414 triginta,
2671 5352 2845 5398 etnec
2869 5344 2938 5404 iis
2965 5341 3178 5412 quidem
3207 5339 3446 5408 integris,
3469 5336 3700 5394 diebus
3737 5347 3920 5413 jam;

2245 5440 2310 5494 ab
2348 5438 2442 5492 illo
2471 5437 2670 5491 semina
2703 5445 2809 5488 tam
2855 5442 3104 5488 accurate
3149 5429 3474 5499 suscepistis,
3509 5436 3568 5480 ut
3603 5434 3704 5486 ad
3739 5452 3908 5506 pro.
3989 5421 3998 5434 ³

2246 5529 2460 5584 fundum
2505 5526 2698 5581 mentis
2739 5523 2944 5578 radices
2973 5517 3392 5583 transmiseritis,
3437 5525 3492 5570 et
3521 5519 3694 5577 nulli
3731 5527 3928 5586 deiu-

2244 5639 2371 5694 ceps
2397 5622 2552 5677 illatae
2579 5621 2646 5675 de
2673 5629 2865 5673 eietero
2890 5613 3156 5670 eesscritis
3188 5607 3483 5665 tentationi.
