4044 6206
255 336 358 391 517

202 458 212 520 ξ
317 451 374 503 2.
416 441 654 500 Heluius
680 441 800 496 urbe
824 440 998 511 pulsus
1035 437 1152 508 tegit
1181 444 1332 506 caput
1348 434 1596 505 prwsidis,
1629 449 1690 486 ne
1711 433 1842 520 [opif

201 525 211 602 ἶ
248 541 397 594 dibus
420 537 684 590 obruatur.
705 530 980 599 —Oper:e
1003 528 1235 598 pretium
1263 533 1344 580 est
1371 535 1545 578 autem
1575 538 1678 577 non
1711 519 1839 574 illud

248 627 682 698 praetermittere,
721 621 861 693 quod
910 619 1102 674 accidit
1145 619 1198 670 in
1247 617 1362 685 ejus
1411 612 1837 683 persequutione.

245 719 382 775 Nam
430 731 552 771 cum
593 728 795 784 praeses
835 709 1063 765 civitatis
1109 723 1269 763 curru
1314 715 1495 760 vectus
1539 704 1707 759 exiret
1746 717 1843 771 per

246 807 487 863 medium
515 805 711 868 forum,
745 801 964 857 sedente
991 799 1057 854 ad
1086 799 1225 853 latus
1259 806 1447 852 sancto
1475 795 1611 859 viro,
1641 793 1841 862 lapides

249 897 376 950 nive
402 895 706 949 crebriores
727 891 958 961 undique
987 889 1038 942 in
1067 896 1224 956 caput
1242 885 1484 954 prmsidis
1511 883 1836 945 ferebantur,

248 987 466 1040 civitate
508 985 651 1038 illam
697 997 802 1037 non
841 981 1045 1036 ferente
1081 977 1498 1047 separa-tionem,
1537 975 1632 1030 sed
1667 973 1840 1043 potius

250 1079 355 1130 vita
406 1074 657 1146 praesenti
704 1071 900 1142 privari
941 1070 1173 1133 volente,
1201 1083 1361 1138 quam
1389 1065 1571 1120 videre
1600 1072 1839 1118 sanctum

251 1167 403 1221 illum
437 1165 614 1218 avelli.
631 1162 773 1228 Quid
794 1176 922 1232 ergo
945 1169 1069 1214 tunc
1087 1159 1214 1213 fecit
1243 1158 1332 1212 ille
1357 1155 1581 1212 beatus?
1602 1155 1737 1209 Cum
1765 1155 1844 1207 vi-

250 1256 423 1322 disset
468 1255 643 1324 jactus
677 1252 941 1322 lapidum,
981 1249 1275 1320 compleris
1307 1249 1423 1303 suis
1449 1247 1684 1302 vestibus
1710 1260 1840 1299 cou-

254 1349 385 1400 texit
405 1356 568 1416 caput
598 1343 876 1414 pratsidis:
907 1342 1065 1397 simul
1110 1351 1166 1396 et
1202 1341 1451 1395 inimicos
1495 1339 1696 1409 pudore
1723 1338 1839 1392 afﬁ-

252 1441 403 1493 ciens
446 1439 518 1490 ob
556 1435 814 1504 insignem
861 1431 1345 1495 mansuetudinem,
1387 1439 1444 1486 et
1483 1445 1611 1484 suos
1643 1429 1841 1484 docens

255 1529 566 1598 discipulos,
587 1535 836 1596 quantam
864 1523 1147 1578 ostendere
1171 1531 1414 1592 oporteat
1444 1520 1748 1590 patientiam
1787 1520 1837 1572 in

258 1636 374 1686 eos,
412 1620 504 1688 qui
551 1619 742 1687 injuria
783 1617 1051 1677 afﬁciunt;
1096 1624 1151 1669 et
1189 1613 1327 1683 quod
1355 1627 1464 1667 non
1509 1613 1677 1666 solum
1709 1611 1838 1664 nihil

259 1720 500 1780 oporteat
537 1709 619 1763 eis
663 1707 786 1760 mali
815 1709 1010 1772 facere,
1037 1704 1132 1760 sed
1157 1704 1366 1758 etiamsi
1389 1704 1460 1757 ab
1485 1702 1602 1756 aliis
1631 1701 1714 1756 eis
1739 1702 1840 1754 im-

262 1803 461 1856 mineat
485 1800 796 1870 perieulum,
831 1799 879 1852 id
907 1811 1120 1867 quoque
1141 1796 1287 1850 omni
1307 1794 1485 1849 studio
1512 1793 1838 1863 propulsare.

259 1892 389 1958 Quis
416 1899 544 1944 tunc
569 1905 673 1943 non
719 1889 819 1942 fuit
859 1887 1276 1955 obstupefactus,
1301 1885 1566 1940 videnset
1596 1884 1839 1937 insanum

261 1995 499 2036 amorem
535 1981 784 2043 civitatis,
824 1988 878 2033 et
922 1991 1185 2033 summam
1228 1975 1617 2046 philosophiam
1649 1974 1840 2029 lenita-

263 2083 478 2140 temque
518 2081 574 2125 et
619 2069 1078 2123 mansuetudinem
1103 2067 1374 2122 doctoris?
1399 2076 1554 2121 erant
1579 2067 1721 2120 enim
1747 2066 1842 2119 ad-

261 2163 522 2218 mirabilia
545 2178 636 2227 ea,
662 2178 787 2229 quat
805 2171 924 2215 tunc
949 2159 1275 2215 acciderunt.
1293 2159 1492 2213 Pastor
1505 2157 1837 2228 abigebatur,

259 2263 314 2307 et
335 2268 472 2306 oves
495 2267 598 2305 non
628 2249 1088 2321 dispergebantur;
1112 2249 1432 2318 gubernator
1456 2263 1518 2302 es
1526 2247 1837 2316 pellebatur,

261 2355 313 2398 et
351 2341 550 2411 scapha
596 2355 703 2395 non
745 2340 1113 2408 mergebatur;
1163 2338 1394 2408 agricola
1440 2337 1734 2407 fugabatur,
1785 2345 1842 2390 et

265 2417 527 2501 vitis'plus
565 2429 766 2485 [metes
795 2429 1017 2485 ferebat.
1042 2429 1314 2495 Quoniam
1336 2429 1479 2482 enim
1506 2427 1721 2481 vinculo
1743 2442 1840 2480 .ea-

257 2524 431 2578 vitatis
472 2524 638 2578 eratis
679 2524 818 2576 inter
845 2536 939 2576 vos
984 2521 1210 2575 invicem
1236 2519 1488 2589 colligati,
1544 2532 1650 2571 non
1681 2517 1841 2571 illatae

260 2614 601 2675 tentatienes,
631 2627 738 2665 non
778 2610 1137 2679 impendentia
1175 2609 1430 2678 pericula,
1457 2622 1564 2662 non
1594 2607 1694 2661 vite
1720 2606 1842 2661 lon-

257 2706 466 2773 gitudo,
499 2719 603 2758 non
649 2702 972 2757 diuturnitas
1011 2702 1292 2770 temporis,
1339 2715 1514 2770 neque
1554 2698 1840 2777 quidquam

259 2797 530 2851 alind‘vos
573 2795 744 2864 potuit
783 2795 1136 2863 disjungerea
1184 2793 1322 2847 beati
1365 2793 1597 2863 paswris
1641 2790 1841 2846 Mcletii

257 2886 664 2946 consuetudine,
689 2885 784 2939 sed
810 2885 1178 2953 expellebatur
1205 2883 1439 2954 quidem,
1473 2893 1530 2938 ut
1553 2891 1697 2949 esset
1714 2897 1845 2953 pro-

256 2980 341 3032 cul
369 2994 402 3032 a
457 2978 626 3032 filiis:
677 2979 1002 3031 contrarium
1049 2984 1224 3030 autem
1267 2975 1478 3031 accidit.
1501 2975 1668 3044 Magis
1695 2974 1839 3030 enim

259 3069 410 3122 vobis
447 3067 906 3136 constringebatnr
954 3066 1179 3121 vinculis
1226 3067 1484 3130 caritatis,
1527 3074 1582 3118 et
1623 3072 1840 3134 accepta

257 3173 439 3210 secum
487 3161 729 3212 universa
768 3159 980 3212 civitate
1013 3159 1072 3211 in
1105 3157 1408 3212 Armeniam
1441 3155 1709 3225 profectus
1726 3165 1835 3210 est.

257 3249 322 3302 Et
347 3257 464 3302 erat
500 3249 714 3318 quidem
757 3264 951 3318 corpus
980 3249 1209 3318 positum
1237 3249 1288 3302 in
1317 3250 1506 3317 patria,
1539 3262 1689 3301 mens
1711 3262 1840 3301 vero

255 3349 310 3392 et
336 3339 608 3408 cogitatio,
658 3339 822 3392 veluti
869 3354 900 3392 a
948 3338 1263 3408 quibusdam
1312 3337 1521 3407 pennis,
1575 3338 1626 3391 in
1672 3337 1838 3390 altum

255 3429 396 3484 elata
434 3441 466 3481 a
507 3429 678 3498 gratia
717 3427 966 3496 Spiritus,
995 3436 1049 3482 et
1067 3427 1206 3496 apud
1237 3442 1332 3482 vos
1356 3435 1617 3498 perpetuo
1641 3426 1841 3496 degens

258 3519 567 3572 universum
617 3520 762 3574 hunc
785 3519 1034 3587 populum
1079 3518 1488 3584 circumferebat
1528 3518 1580 3571 in
1613 3517 1836 3571 visceri-

258 3606 374 3662 bus.
417 3607 570 3674 Quod
618 3609 789 3676 ipsum
835 3624 1044 3678 quoque
1087 3609 1233 3662 vobis
1277 3624 1374 3662 usu
1417 3607 1678 3661 veniebat.
1704 3607 1835 3662 Nam

255 3713 378 3750 cum
408 3697 495 3752 hic
532 3700 813 3763 sederetis,
865 3709 919 3753 et
946 3701 1077 3754 urbe
1103 3699 1692 3763 circumscriberemini,
1724 3699 1834 3769 spi-

256 3788 359 3840 ritu
384 3788 620 3841 caritatis
647 3791 698 3842 in
731 3790 1032 3843 Armeniam
1055 3789 1291 3858 quotidie
1319 3787 1608 3858 evolantes,
1637 3800 1690 3845 et
1714 3805 1837 3845 san-

255 3886 398 3931 etunt
419 3879 625 3932 vultum
651 3880 938 3942 intuentes,
967 3891 1021 3935 et
1044 3881 1482 3950 jucundissimam
1520 3882 1836 3952 beatamque

254 3981 441 4023 vocem
463 3969 764 4035 audientes,
793 3970 868 4024 sic
889 3972 1326 4027 .revertcbamini.
1352 3971 1421 4026 Et
1448 3982 1664 4042 propter
1681 3975 1834 4034 ,hanc

253 4073 470 4112 causam
501 4061 763 4114 concessit
793 4061 928 4114 Deus
954 4077 1074 4115 eum
1101 4064 1278 4115 statim
1312 4064 1503 4131 expelli
1543 4079 1573 4117 e
1597 4065 1830 4132 civitate,

255 4166 360 4217 quo
384 4191 400 4214 ,
450 4149 588 4204 sicut
632 4151 771 4217 dixi,
816 4153 1118 4208 ostenderet
1155 4153 1294 4208 Deus
1326 4165 1554 4209 vestram
1583 4156 1700 4211 fidei
1739 4158 1831 4211 fir-

253 4243 493 4296 mitatem
523 4242 752 4298 inimicis
775 4283 789 4308 ,
827 4245 917 4313 qui
944 4259 1037 4299 vos
1076 4256 1133 4301 et
1165 4246 1304 4300 illius
1329 4245 1381 4300 in
1404 4247 1646 4303 docendo
1687 4251 1834 4319 peri-

254 4332 377 4388 tiam
404 4337 804 4404 oppugnabant.

323 4423 516 4478 Meletii
536 4427 726 4481 reditus
763 4427 824 4481 ab
854 4428 1048 4482 exsilio.
1067 4429 1283 4484 —lllud
1309 4438 1485 4484 autem
1511 4429 1633 4485 hinc
1659 4433 1828 4501 palam

253 4524 353 4568 est.
385 4515 515 4568 Nam
545 4527 666 4584 post
696 4519 916 4586 primam
949 4535 1192 4574 reversus
1217 4523 1699 4590 persequutionem,
1725 4538 1827 4576 non

255 4605 460 4673 triginta
477 4607 650 4660 solum
673 4607 803 4672 dies,
829 4609 923 4662 sed
944 4611 1102 4664 etiam
1133 4625 1362 4676 menses,
1385 4621 1435 4665 et
1453 4628 1646 4666 annum
1665 4629 1827 4666 unum

249 4704 301 4747 et
329 4694 461 4749 duos
491 4708 544 4750 et
593 4697 771 4766 plures
814 4698 902 4753 hic
943 4709 1025 4753 est
1066 4711 1329 4755 versatus.
1353 4700 1484 4755 Cum
1515 4703 1655 4756 enim
1701 4704 1829 4758 satis

251 4800 495 4854 magnum
541 4787 824 4843 dedissetis
853 4801 1220 4860 argumentum
1246 4802 1439 4847 vestrae
1486 4794 1624 4848 circa
1670 4795 1825 4849 fidem

250 4873 513 4929 ﬁrmitatis
535 4918 551 4938 ,
583 4877 728 4932 dedit
760 4879 911 4934 vobis
940 4890 1254 4947 potestatem
1273 4882 1518 4952 jucunde
1547 4895 1601 4939 et
1637 4898 1827 4940 secure

249 4962 452 5018 fruendi
486 4976 656 5035 patre.
690 4969 813 5021 Erat
845 4970 986 5024 enim
1023 4973 1257 5024 maxima
1282 4973 1552 5042 voluptas,
1581 4975 1672 5030 illo
1701 4991 1826 5029 san-

246 5062 329 5106 cto
355 5053 457 5108 frui
484 5057 650 5110 vultu.
686 5057 799 5112 Non
847 5060 988 5114 enim
1017 5062 1186 5114 solum
1226 5062 1428 5118 docens
1452 5065 1534 5120 vel
1571 5065 1823 5134 laqueus,

246 5146 334 5196 sed
355 5147 517 5200 etiam
539 5150 583 5200 si
626 5159 826 5204 tantum
860 5152 1128 5207 videretur
1151 5195 1166 5216 ,
1195 5153 1323 5208 satis
1346 5165 1461 5209 erat
1487 5156 1551 5209 ad
1581 5157 1823 5210 introdu-

243 5235 464 5289 cendam
511 5253 724 5292 omnem
770 5242 982 5295 virtutis
1027 5243 1322 5298 doctrinam
1377 5246 1428 5299 in
1477 5262 1692 5312 eorum,
1737 5249 1824 5316 qui

245 5325 530 5391 videbant,
555 5331 808 5384 animam.
852 5333 1076 5402 Quando
1102 5337 1242 5389 enim
1271 5335 1334 5390 ad
1363 5353 1457 5392 vos
1499 5339 1741 5394 veniebat
1771 5349 1824 5395 et

242 5417 488 5472 universa
525 5423 713 5475 civitas
741 5424 789 5477 ei
838 5425 1048 5480 obviam
1079 5438 1448 5498 processerat,
1493 5431 1580 5483 alii
1607 5431 1820 5500 quidem

240 5522 407 5580 prope
427 5511 779 5581 accedebant,
820 5525 872 5571 et
913 5519 1074 5588 pedes
1106 5519 1495 5588 prchcnsabant
1518 5562 1530 5586 ,
1563 5531 1616 5576 et
1637 5538 1824 5576 manus

236 5603 617 5658 osculabantur
637 5647 650 5668 ,
681 5617 733 5659 et
758 5623 940 5663 vocem
975 5610 1289 5678 audiebant;
1322 5613 1409 5666 alii
1440 5621 1615 5667 autem
1642 5612 1824 5683 prohi-

237 5693 342 5748 biti
381 5696 742 5764 multitudine,
799 5700 966 5770 ipsum
1011 5705 1194 5772 procul
1238 5705 1510 5769 videntes,
1552 5713 1816 5777 tamquam

1385 321 1472 376 DE
1507 319 1565 374 S.
1607 313 1908 372 M-ELETIO
1949 315 2398 374 ANTIOCHENO.

3411 314 3521 371 518

1944 433 2030 499 qui
2072 431 2419 487 sufficientem
2471 431 2892 487 benedictionem
2916 446 2980 485 ex
3023 440 3238 500 aspectu
3278 439 3517 501 accepts-

1942 532 2090 584 sent,
2124 532 2176 577 et
2202 538 2306 576 non
2330 523 2504 577 minus
2527 521 2862 584 habuissent,
2885 538 3041 592 quam
3071 524 3157 590 qui
3200 539 3363 592 prope
3389 523 3515 577 fuis-

1943 622 2063 665 sent
2079 655 2091 676 ,
2114 615 2347 668 contenti
2375 612 2695 669 remdebant
2718 631 2731 667 :
2755 623 2807 667 et
2828 613 2967 681 quod
2991 613 3147 668 ﬁebat
3167 614 3217 666 it.
3243 615 3517 683 apostolis,

1946 703 2047 758 hoc
2074 705 2123 757 in
2146 721 2211 759 eo
2225 719 2436 774 quoque
2453 705 2808 772 contingebat.
2832 705 2980 759 Sicut
3001 706 3141 759 enim
3166 707 3216 759 in
3240 706 3518 775 apostolis,

1944 797 2030 863 qni
2066 796 2309 866 progredi
2345 804 2399 850 et
2435 795 2652 866 propius
2694 796 2948 851 accedere
2980 810 3083 850 non
3128 805 3408 866 poterant,
3437 797 3520 853 vel

1944 902 2063 939 cum
2087 888 2275 941 umbra
2305 902 2488 942 eorum
2511 888 2890 942 extenderetur
2927 897 2982 942 et
3029 897 3268 957 tangeret
3314 903 3408 943 eos
3433 890 3520 957 qui

1945 977 2130 1045 procul
2157 987 2337 1044 erant,
2380 979 2622 1032 eamdem
2659 977 3000 1032 attrahehant
3039 979 3288 1046 gratiam.
3330 988 3384 1032 et
3405 979 3520 1032 sani

1945 1068 2188 1122 similiter
2237 1069 2555 1122 recedebant
2580 1069 2728 1139 (Act.
2759 1069 2814 1123 5.
2845 1069 2944 1137 15)
2971 1086 2984 1122 :
3008 1068 3078 1122 ita
3107 1083 3248 1122 nunc
3271 1083 3484 1138 quoque
3505 1111 3521 1132 ,

1945 1159 2032 1228 qui
2079 1176 2180 1214 non
2214 1168 2460 1228 poterant
2497 1160 2755 1215 accedere
2774 1200 2790 1225 ,
2817 1169 3084 1228 tamquam
3110 1161 3337 1228 aliquam
3367 1161 3522 1230 spiri-

1945 1250 2139 1303 tualem
2184 1249 2453 1318 gloriama
2501 1259 2687 1305 sancto
2717 1250 2810 1303 illo
2851 1250 3024 1318 capite
3066 1250 3348 1316 emissam,
3375 1260 3427 1304 et
3454 1250 3526 1304 ad

1945 1355 2039 1393 eos
2054 1380 2068 1404 ,
2100 1340 2186 1410 qui
2211 1340 2516 1409 longissime
2534 1342 2788 1404 aberant,
2812 1339 3188 1409 pervadentem
3208 1341 3520 1404 sentientes,

1944 1430 2102 1483 etiam
2133 1429 2201 1482 ab
2224 1445 2290 1483 eo
2309 1471 2322 1492 ,
2353 1430 2498 1482 omni
2525 1429 2892 1484 benedictione
2919 1444 2986 1485 ex
3031 1430 3147 1483 solo
3172 1437 3388 1499 aspectu
3433 1445 3523 1484 re-

1945 1519 2072 1586 pleti
2092 1560 2107 1584 ,
2143 1534 2331 1572 omnes
2360 1518 2724 1573 discedebant.

1959 1641 1966 1646 -
2013 1611 2067 1664 5.
2109 1611 2238 1665 Cum
2269 1620 2445 1664 autem
2474 1609 2646 1664 visum
2691 1618 2834 1665 esset
2856 1610 3129 1664 communi
3177 1609 3287 1664 Deo
3309 1609 3524 1664 univer-

1943 1716 2124 1755 sorum
2150 1717 2272 1756 eum
2299 1715 2494 1755 vocare
2519 1717 2584 1755 ex
2603 1701 2710 1754 vita
2742 1700 3068 1769 praesentiet
3096 1699 3152 1754 in
3175 1700 3401 1754 chorum
3432 1714 3522 1752 an-

1943 1795 2183 1863 gelorum
2232 1792 2456 1858 referre,
2477 1807 2554 1846 ne
2582 1791 2686 1846 hoc
2709 1791 2922 1860 quidem
2952 1790 3144 1844 tinctum
3167 1799 3254 1844 est
3283 1799 3484 1844 temere
3505 1827 3524 1852 .

1945 1886 2038 1941 sed
2079 1886 2253 1955 ipsum
2286 1885 2502 1955 quidem
2542 1893 2734 1937 vocant
2777 1883 2955 1936 litem
3005 1882 3368 1950 Imperatoris,
3392 1896 3526 1935 cum

1946 1981 2082 2034 Dens
2112 1979 2366 2032 movisset
2391 1978 2793 2047 imperatorem.
2828 1975 3034 2030 Vocant
3059 1987 3190 2028 vero
3209 1975 3386 2042 ipsum
3415 1988 3548 2027 non.

1945 2071 1994 2122 in
2025 2070 2375 2138 propinquum
2403 2068 2600 2132 locum,
2628 2066 2721 2120 sed
2752 2067 2806 2120 in
2835 2063 3003 2132 ipsum
3031 2063 3310 2118 Thraciam
3339 2081 3354 2116 :
3386 2071 3446 2117 ut
3472 2073 3526 2116 et

1943 2153 2166 2225 Galatw,
2214 2169 2271 2213 et
2289 2159 2528 2229 Bithyni,
2572 2167 2628 2211 et
2660 2156 2899 2222 Cilices,
2939 2164 2998 2210 et
3041 2153 3421 2224 Cappadoces,
3473 2163 3527 2208 et

1943 2266 2150 2314 omnes,
2185 2250 2283 2320 qui-
2318 2249 2560 2302 Thraciae
2610 2247 2812 2302 vicinas
2854 2246 3100 2316 regiones
3125 2245 3396 2307 habitant,
3421 2259 3542 2299 no-

1943 2351 2053 2396 stra
2084 2342 2220 2394 bona
2261 2348 2647 2410 cognoscerent
2676 2347 2779 2393 εἰη
2804 2339 2904 2408 qui
2942 2346 3097 2392 erant
3139 2337 3332 2407 ubique
3361 2345 3530 2392 terra-

1946 2447 2062 2486 rum
2088 2432 2344 2501 episcOpi,
2376 2439 2644 2500 tamquam
2687 2429 2740 2484 in
2764 2431 3114 2501 archetypum
3141 2428 3414 2498 exemplar
3432 2469 3448 2490 ,
3474 2428 3528 2482 in

1945 2522 2090 2576 illius
2118 2522 2454 2577 sanctitatem
2485 2524 2770 2585 intuentes,
2790 2529 3103 2590 et'apertnm
3133 2519 3436 2588 exemplum
3458 2519 3532 2574 ab

1944 2629 2010 2670 eo
2029 2615 2372 2683 accipientes,
2391 2614 2472 2668 sui
2491 2613 2544 2667 in
2567 2611 2670 2667 hoc
2682 2627 2902 2667 munere
2919 2610 3080 2666 cilicii
3105 2611 3456 2666 certissimam
3475 2621 3530 2667 et

1946 2704 2294 2758 clarissimam
2322 2703 2582 2757 haberent
2621 2701 3340 2771 regnlam,quemadmodum
3361 2715 3530 2770 opor-

1944 2801 2052 2849 teat
2079 2794 2450 2848 administrare
2482 2795 2544 2848 "et
2583 2807 2769 2862 regere
2808 2791 3096 2846 Ecctesias.
3133 2791 3268 2846 Nam
3314 2801 3530 2861 propter

1945 2884 2090 2938 urbis
2137 2883 2574 2952 magnitudinem,
2602 2891 2658 2937 et
2693 2881 2838 2952 (πνοὰ
2879 2881 2989 2936 illic
3037 2880 3298 2936 resideret
3351 2881 3528 2950 impe-

1946 2984 2111 3038 rator,
2155 2974 2305 3028 multi
2355 2988 2421 3028 ex
2465 2973 2648 3031 multis
2689 2972 2822 3027 locis
2859 2973 3014 3027 orbis
3056 2982 3219 3027 terra:
3249 2971 3376 3028 illuc
3405 2983 3529 3029 tune

1945 3063 2285 3119 conﬂuebant
2328 3084 2342 3119 :
2387 3064 2621 3134 episcopi
2683 3075 2860 3117 autem
2940 3062 3330 3130 Ecclesiarum,
3385 3065 3528 3133 quod

1947 3158 2198 3212 Ecclesiae
2250 3172 2280 3210 a
2332 3156 2493 3226 longo
2526 3155 2667 3210 bello
2713 3164 2772 3210 et
2837 3164 3152 3224 tempestate
3201 3155 3530 3226 respirantes

1946 3246 2259 3320 principium
2288 3245 2432 3315 pacis
2461 3254 2516 3300 et
2552 3245 2940 3315 tranquillitatis
2971 3245 3274 3313 acciperent
3299 3285 3316 3312 ,
3361 3246 3529 3300 literis

1948 3337 2288 3406 Imperatoris
2318 3351 2506 3391 omnes
2555 3336 2682 3390 illuc
2728 3336 3072 3389 vocabantur.
3107 3336 3257 3391 Tunc
3285 3352 3412 3407 ergo
3443 3337 3528 3392 hic

1943 3445 2154 3499 quoque
2215 3437 2432 3484 sanctus
2491 3427 2619 3482 illuc
2649 3425 2883 3482 accedit.
2936 3427 3016 3481 Ac
3057 3427 3195 3482 sicut
3247 3427 3299 3482 in
3362 3428 3528 3482 tribus

1945 3520 2123 3589 pueris
2151 3519 2363 3586 accidit,
2391 3516 2603 3588 quando
2627 3527 2779 3580 erant
2806 3517 3072 3587 pra-conio
3111 3517 3451 3572 renuntiandi
3473 3527 3528 3574 et

1943 3609 2270 3676 eoronandi,
2298 3610 2558 3664 exstincta
2597 3610 2646 3661 vi
2683 3607 2848 3678 ignis,
2881 3603 3018 3661 fastu
3061 3607 3268 3678 tyranni
3313 3609 3526 3661 concul-

1943 3710 2098 3768 cato,
2128 3701 2399 3755 confutato
2425 3701 2569 3755 omni
2597 3714 2795 3770 genere
2833 3700 3144 3768 impietatis,
3178 3714 3242 3754 ex
3276 3701 3525 3755 universo

1941 3793 2073 3847 orbe
2100 3801 2257 3846 terra:
2281 3799 2435 3846 erant
2459 3792 2538 3845 eis
2563 3791 2864 3860 congregati
2888 3799 3218 3860 spectatores
3246 3809 3261 3846 :
3289 3807 3411 3846 nam
3433 3795 3526 3862 qui

1942 3884 2138 3954 ubique
2165 3895 2424 3940 terrarum
2456 3892 2610 3939 erant
2646 3892 2874 3951 satrapae
2897 3923 2911 3948 ,
2957 3883 3222 3952 principes
3265 3893 3320 3938 et
3350 3893 3526 3953 Inpar-

1940 3977 2076 4041 chre,
2108 3985 2327 4046 prepter
2347 3977 2504 4030 aliam
2533 3990 2747 4031 causam
2776 3976 2970 4041 vocati,
3008 3976 3125 4030 illos
3149 3987 3524 4046 spectaverunt

1938 4068 2197 4131 athletas;
2243 4067 2402 4120 etiam
2459 4075 2585 4120 tunc
2629 4066 2858 4133 accidit,
2889 4075 2945 4120 ut
2999 4067 3307 4134 przeclarum
3368 4069 3522 4126 ﬁeret

1937 4161 2092 4214 beato
2121 4159 2330 4214 Meletio
2362 4158 2625 4212 theatrum
2647 4199 2661 4223 ,
2687 4173 2806 4212 cmn
2852 4168 3069 4229 propter
3097 4159 3250 4213 aliam
3297 4175 3516 4216 causam

1937 4252 2107 4306 vocati
2137 4252 2371 4321 episcopi
2395 4252 2432 4316 ι,
2448 4251 2538 4322 qui
2560 4251 2754 4321 ubique
2779 4260 3044 4306 terrarum
3077 4252 3521 4311 administrabant

1936 4344 2200 4400 Ecclesias
2222 4385 2238 4410 ,
2264 4353 2638 4404 accesserunt,
2669 4351 2724 4398 et
2753 4351 2996 4398 sanctum
3033 4343 3179 4398 illum
3225 4354 3348 4399 sunt
3384 4361 3517 4402 con-

1938 4438 2196 4506 templati.
2228 4436 2513 4506 Postquam
2558 4447 2735 4490 autem
2763 4452 2882 4492 cum
2917 4435 3314 4504 adspexisscnt,
3346 4448 3400 4491 et
3427 4454 3520 4493 ae-

1935 4542 2120 4584 curate
2173 4529 2288 4598 ejus
2325 4528 2634 4582 didicissent
2682 4529 2966 4596 pietatem,
3000 4527 3312 4594 sapientiam
3359 4540 3520 4600 atque

1936 4623 2106 4678 zelum
2141 4622 2300 4688 fidei,
2335 4621 2502 4691 utqui
2537 4619 2820 4690 perfectam
2850 4628 2905 4674 et
2935 4619 3229 4674 absolutam
3263 4620 3314 4674 in
3341 4636 3399 4675 se
3425 4620 3520 4676 ha-

1937 4716 2083 4769 beret
2108 4729 2318 4768 omnem
2347 4713 2591 4766 virtutem
2613 4753 2627 4775 ,
2657 4727 2774 4780 qua:
2813 4711 2965 4764 decet
2995 4710 3324 4765 sacerdotem
3344 4753 3358 4776 ,
3394 4720 3518 4768 tunc

1934 4824 2054 4862 eum
2091 4807 2154 4874 ad
2187 4822 2244 4860 se
2272 4806 2479 4859 vocavit
2508 4805 2666 4857 Deus.

2007 4899 2110 4952 Cm'
2136 4907 2276 4952 extra
2299 4899 2514 4967 patriam
2544 4896 2754 4948 moritur
2778 4893 3031 4948 Meletius.
3059 4923 3131 4935 —-
3165 4893 3290 4948 Ideo
3331 4907 3513 4952 autem

1935 4993 2012 5046 sic
2041 4989 2252 5054 accidit,
2282 4999 2338 5044 ut
2360 4989 2529 5044 levius
2553 4987 2716 5043 ferret
2753 4995 2931 5040 nostra
2964 4987 3172 5041 civitas.
3194 4987 3325 5042 Nam
3354 4989 3399 5044 si
3428 4989 3517 5045 hic

1932 5083 2198 5139 emisisset
2227 5082 2454 5138 animam
2477 5122 2491 5145 ,
2537 5079 2768 5132 futurum
2799 5090 2913 5132 erat
2944 5078 3278 5135 intolerabile
3305 5083 3515 5150 pondus

1933 5172 2270 5227 calamitatis.
2318 5171 2449 5238 Quis
2496 5170 2635 5223 enim
2685 5169 3028 5222 snsdnuissct
3072 5169 3254 5225 videre
3300 5171 3512 5225 beatum

1933 5266 2080 5320 illum
2134 5273 2430 5318 extremum
2473 5262 2802 5315 emittentem
2859 5260 3144 5330 spiritum?
3189 5261 3305 5330 quis
3353 5262 3515 5314 susti-

1933 5359 2135 5412 nuisset
2172 5355 2351 5409 videre
2400 5354 2483 5408 illa
2512 5352 2792 5418 supercilia
2833 5351 3393 5420 oculorum‘deprimi,
3417 5365 3510 5406 os-

1933 5465 2035 5520 que
2073 5446 2276 5512 claudi,
2310 5454 2363 5502 et
2399 5445 2642 5498 mandata
2693 5443 2851 5496 cdere
2897 5442 3182 5496 novissima
3205 5439 3365 5511 ?quis
3410 5442 3512 5498 hoc

1997 5586 2013 5616 ¹
2050 5591 2099 5632 tn
2122 5582 2228 5631 haec
2249 5579 2396 5630 verba
2420 5577 2688 5644 hujusmodi
2706 5583 2814 5644 nota
2835 5573 3014 5644 legitur
3038 5574 3099 5644 in‘
3120 5571 3310 5644 duobus
3331 5573 3512 5639 calici-

1934 5651 2039 5703 Ims,
2067 5657 2179 5707 (une
2195 5653 2353 5707 autem
2375 5650 2444 5693 est
2468 5637 2565 5693 (Ilia
2587 5652 2733 5707 causa
2751 5638 2774 5686 γ
2791 5637 2973 5686 scilicet
2996 5641 3184 5707 centum
3205 5642 3250 5684 et
3277 5637 3512 5698 quinqua-

1934 5699 2308 5776 giut'a‘lipiscoui
2334 5709 2398 5756 ad
2423 5699 2704 5770 Grcgon'ttm
2729 5704 3056 5748 conveneram.
