4044 6206
457 294 559 351 519

465 404 767 472 adspiciens
811 417 918 459 non
961 401 1249 459 defecisset
1292 396 1657 469 magnitudine
1698 392 2057 449 calamitatis!

456 496 534 550 Ne
581 502 686 550 hoc
726 510 855 567 ergo
890 495 1191 558 accideret,
1231 490 1458 561 providit
1490 490 1659 553 Deus,
1693 496 1749 539 ut
1789 486 1842 540 in
1880 484 2052 537 aliena

462 591 678 661 regione
712 590 945 645 animam
979 586 1282 649 exhalaret,
1325 592 1383 637 ut
1422 592 1691 649 tempore,
1719 577 1858 648 quod
1887 578 2048 630 inter-

460 682 649 748 cessit,
686 681 824 737 hanc
846 681 1129 735 maximam
1158 675 1508 748 prmmcditati
1536 672 1911 734 calamitatem,
1929 683 2050 721 cum

456 773 759 829 videremus
812 771 1017 842 ingredi
1067 784 1302 839 corpus,
1357 782 1457 822 nec
1496 767 1675 819 animo
1731 769 2044 815 consterna-

458 877 661 925 remur,
696 876 816 915 cum
872 875 1026 915 meus
1068 859 1178 928 jam
1221 865 1364 911 esset
1412 854 1576 910 luctui
1630 850 1924 906 assuefacta
1952 865 1966 902 :
1995 856 2052 900 ut

456 954 614 1006 ctiam
646 951 886 1020 contigit.
913 950 1043 1005 Cum
1078 949 1220 1003 enim
1270 944 1627 1001 venerandum
1669 941 1795 996 illud
1842 952 2040 1007 corpus

458 1043 669 1111 excepit
695 1042 881 1096 civitas
906 1081 919 1104 ,
951 1040 1082 1094 luxit
1108 1038 1320 1109 quidem
1371 1045 1424 1088 et
1466 1032 1619 1087 valde
1647 1029 1870 1100 ejulavit
1898 1046 1911 1080 :
1944 1026 2039 1083 sed

393 1180 397 1185 .
466 1136 664 1189 luctum
716 1134 822 1188 cito
874 1131 1164 1203 repressit,
1211 1140 1315 1182 tam
1363 1135 1582 1196 propter
1634 1136 1847 1176 causam
1889 1134 2047 1189 quam

384 1240 389 1248 ·
470 1225 722 1287 diximus,
754 1238 910 1294 quam
940 1231 1159 1292 propter
1185 1235 1326 1285 eam,
1353 1232 1471 1285 quae
1497 1222 1578 1269 est
1607 1209 1850 1267 dicenda.

529 1313 668 1369 Laus
692 1313 932 1369 Flaviani
972 1310 1212 1384 episcopi.
1243 1338 1317 1350 -—
1341 1308 1606 1375 Beuiguus
1651 1303 1791 1357 enim
1842 1310 1896 1355 et
1939 1300 2051 1354 cle-

461 1423 612 1461 mens
644 1407 806 1473 Deus,
835 1405 1085 1459 misertus
1111 1402 1275 1456 u05tri
1304 1399 1526 1461 doloris,
1556 1396 1716 1449 alium
1744 1394 1849 1446 cito
1894 1392 2046 1445 nobis

456 1500 604 1555 dedit
635 1511 903 1571 pastorem
924 1541 938 1565 ,
974 1499 1062 1569 qui
1090 1498 1315 1551 virtutes
1345 1494 1482 1547 illius
1512 1496 1757 1544 accurate
1795 1484 2036 1539 referret.

455 1592 556 1658 Qui
582 1606 704 1647 eum
735 1590 919 1646 sedem
942 1588 1290 1649 ascendisset,
1328 1583 1513 1639 humili
1556 1590 1611 1634 et
1653 1577 1857 1646 lugubri
1893 1583 2042 1628 veste

456 1700 555 1739 nos
583 1684 762 1739 statim
786 1682 972 1748 exuit,
1000 1690 1053 1735 et
1082 1679 1320 1733 dolorem
1355 1672 1643 1736 exstinxit,
1675 1667 1814 1723 beati
1865 1674 2043 1719 autem

456 1776 651 1832 Meletii
683 1775 852 1845 magis
880 1774 1193 1828 memoriam
1240 1767 1534 1823 renovavit.
1560 1763 1630 1818 Et
1654 1761 1809 1815 dolor
1833 1757 2045 1828 quidem

456 1865 824 1931 ﬂaccescebat,
860 1880 1013 1919 amor
1040 1877 1172 1917 vero
1221 1857 1611 1915 accendebatur
1654 1848 2042 1913 vehementius,

452 1967 513 2014 et
540 1958 760 2012 omnino
786 1955 992 2011 sublata
1034 1953 1132 2008 fuit
1182 1950 1344 2005 animi
1394 1943 1691 2016 regritudo:
1724 1952 2043 2010 quamquam

455 2049 512 2103 in
536 2048 828 2104 aissione
847 2062 1056 2108 eorum,
1079 2044 1168 2114 qui
1195 2039 1457 2097 carissimi
1486 2044 1633 2100 sunt,
1663 2048 1766 2086 non
1797 2032 1869 2086 ita
1906 2028 2045 2083 solet

457 2140 838 2197 ercuireued
894 2137 1110 2210 quando
1158 2135 1277 2206 quis
1320 2131 1489 2187 lilium
1541 2125 1908 2185 carissimum,
1962 2120 2043 2173 vel

459 2232 623 2288 etiam
647 2231 1020 2285 honorabilem
1069 2229 1317 2284 maritum
1364 2220 1602 2277 amiserit
1638 2217 1848 2279 mulier,
1876 2213 2049 2268 donec

454 2323 575 2394 ejus
625 2323 921 2380 ferventem
967 2326 1251 2377 consonat
1298 2312 1630 2374 memoriam,
1679 2304 2048 2394 vehementior

458 2393 639 2468 luctus
689 2413 926 2467 animum
984 2418 1249 2479 occupat;
1303 2403 1517 2475 quando
1568 2413 1698 2454 vero
1753 2393 2047 2449 succedens

457 2515 671 2573 tempus
698 2503 894 2559 luctum
921 2498 1211 2562 sedaverit,
1237 2496 1394 2552 simul
1443 2508 1564 2549 cum
1594 2486 1928 2543 vehementia
1953 2484 2050 2539 do-

460 2597 591 2652 loris
617 2597 880 2653 exstincta
907 2606 990 2651 est
1016 2594 1177 2651 etiam
1196 2633 1212 2655 ,
1243 2607 1363 2660 qua:
1386 2587 1617 2655 vigebat,
1646 2580 1901 2636 memoria
1934 2595 1949 2631 :
1991 2579 2044 2630 in

458 2686 561 2744 hoc
583 2698 763 2744 autem
810 2688 967 2743 beato
984 2687 1102 2741 viro
1126 2682 1455 2741 contrarium
1479 2675 1707 2731 accidit:
1731 2686 1852 2726 nam
1882 2668 2047 2723 animi

456 2781 673 2852 quidem
696 2780 954 2851 agritudo
980 2779 1149 2849 ejecta
1180 2776 1401 2831 omnino
1448 2770 1562 2834 iuit,
1594 2762 1895 2852 recordatio
1919 2774 2047 2815 vero

461 2851 572 2925 non
594 2869 754 2924 simul
781 2868 915 2923 abiit
945 2882 1066 2922 cum
1100 2867 1285 2921 dolore
1303 2905 1318 2929 ,
1348 2861 1447 2925 sed,
1466 2866 1621 2915 aucta
1641 2865 1725 2909 est
1758 2851 2045 2905 vehemen-

459 2961 583 3017 litis.
611 2960 801 3017 Testes
819 2969 998 3015 autem
1026 2958 1159 3015 estis
1183 2973 1301 3024 vos,
1318 2954 1408 3024 qui
1429 2961 1550 3024 post
1574 2956 1777 3003 tantum
1806 2952 2039 3012 tempus,

1185 289 1243 344 S.
1282 284 1559 344 JOANNIS
1594 277 2064 339 CHRYSOSTOMI
2102 277 2417 334 ARCHIEP.
2458 276 2989 335 CONSTANTINOP.

3626 278 3733 334 5‘20

2161 408 2266 446 non
2294 407 2449 448 secus
2471 408 2535 448 ac
2559 407 2687 463 apes
2708 391 2883 446 favum
2900 435 2915 458 ,
2946 390 3342 447 circumvolatls
3361 406 3559 462 corpus
3596 391 3735 448 heati

2159 483 2354 538 Meletii
2381 502 2394 538 :
2423 499 2583 539 causa
2614 498 2741 538 vero
2762 492 2894 547 erat,
2920 498 3026 537 non
3054 498 3082 536 a
3114 492 3304 538 natura
3329 494 3479 538 ortus
3504 484 3555 537 in
3588 482 3735 538 illurn

2157 592 2328 641 arnor,
2380 575 2474 631 sed
2516 576 2644 630 recti
2686 575 2868 645 judicii
2913 574 3267 629 ratiocinatio.
3315 574 3441 630 ldeo
3489 591 3595 629 non
3643 575 3739 630 fuit

2157 678 2329 723 morte
2351 668 2612 722 exstincta
2643 668 2813 721 sancti
2840 666 3035 722 Meletii
3065 666 3340 733 memoria,
3365 676 3605 736 tempore
3631 683 3738 722 non

2155 761 2448 823 emarcuit;
2479 758 2572 812 sed
2596 768 2819 827 augetur
2839 769 2892 812 et
2917 758 3086 827 majus
3109 758 3302 826 accipit
3323 759 3731 825 incrementum,

2156 865 2260 904 non
2286 851 2336 903 in
2366 850 2429 903 iis
2454 850 2647 911 solum,
2677 850 2765 919 qui
2796 849 3078 915 viderunt,
3106 850 3200 904 sed
3245 850 3403 903 etiam
3435 851 3488 904 in
3513 852 3577 906 iis
3602 893 3617 915 ,
3646 852 3737 921 qui

2154 957 2260 995 non
2291 942 2553 996 viderunt.
2587 941 2683 995 Est
2707 943 2848 996 enim
2880 941 2983 996 hoc
2998 956 3210 1011 quoque
3236 943 3568 1009 admirabile,
3595 945 3740 1013 quod

2153 1034 2242 1102 qui
2274 1033 2489 1087 fuerunt
2518 1035 2656 1088 illius
2699 1035 2822 1087 vita:
2870 1042 3111 1102 tempore
3149 1034 3410 1102 juniores,
3443 1034 3479 1088 ii
3525 1052 3741 1105 quoque

2153 1124 2518 1181 accenduntur
2541 1125 2608 1178 ad
2655 1125 2794 1179 idem
2826 1124 3170 1179 desiderium.
3200 1128 3375 1193 Atque
3399 1140 3495 1179 vos
3520 1126 3739 1196 quidem

2156 1230 2314 1271 senes
2358 1217 2409 1269 in
2458 1216 2559 1271 hoc
2586 1216 2852 1285 superatis
2876 1230 2991 1281 eos,
3021 1216 3111 1285 qui
3139 1230 3245 1269 non
3283 1216 3562 1283 viderunt,
3591 1215 3739 1284 quod

2153 1322 2274 1361 cum
2303 1322 2370 1361 eo
2412 1307 2608 1361 versati
2638 1308 2768 1362 estis
2789 1348 2806 1373 ,
2848 1315 2903 1362 et
2928 1306 3154 1362 fructum
3186 1307 3498 1376 percepistis
3537 1296 3739 1361 sanctis

2153 1399 2269 1468 ejus
2293 1399 2725 1463 consuetudinis;
2753 1399 2842 1468 qui
2891 1408 3068 1452 autem
3108 1413 3215 1452 non
3257 1398 3539 1464 viderunt,
3571 1398 3625 1451 iu
3670 1413 3739 1452 eo

2153 1506 2249 1545 vos
2276 1501 2549 1561 superant,
2580 1491 2721 1560 quod
2749 1506 2869 1545 cum
2913 1491 3083 1544 virum
3132 1506 3237 1543 non
3268 1490 3641 1559 adspexeriut,
3675 1490 3733 1544 in

2152 1584 2325 1652 ipsum
2347 1597 2450 1637 non
2481 1583 2657 1638 minus
2681 1582 3007 1637 desiderium
3042 1582 3356 1636 ostendant.

2221 1676 2523 1730 Intercessio
2550 1676 2876 1731 Sanctorum.
2899 1704 2972 1716 —
2989 1674 3213 1730 Oremus
3240 1675 3415 1745 itaque
3440 1689 3628 1730 omnes
3656 1674 3739 1729 si-

2150 1770 2388 1826 multam
2415 1769 2751 1838 magistratus
2768 1782 2926 1836 quam
2951 1765 3158 1834 privati,
3183 1776 3287 1818 tam
3310 1765 3558 1821 mulieres
3575 1781 3740 1834 quam

2151 1861 2269 1927 viri,
2300 1871 2406 1915 tam
2435 1874 2591 1915 senes
2613 1873 2771 1928 quam
2792 1858 3017 1927 juvenes
3039 1896 3055 1920 ,
3079 1865 3186 1910 tam
3212 1856 3351 1909 servi
3378 1871 3535 1925 quam
3561 1856 3741 1919 liberi,

2150 1955 2362 2010 beatum
2391 1952 2563 2021 ipsum
2591 1950 2856 2005 Meletiqu
2884 1948 3073 2002 harum
3102 1962 3322 2017 precum
3363 1947 3564 2001 socium
3597 1948 3744 2001 acci-

2158 2047 2384 2116 pientes.
2414 2043 2510 2097 Est
2548 2043 2690 2096 enim
2717 2040 2767 2095 ei
2797 2053 2939 2093 nunc
2976 2038 3147 2107 major
3175 2036 3363 2093 ﬁducia
3388 2078 3405 2102 ,
3430 2046 3487 2093 et
3509 2052 3660 2090 amor
3689 2038 3745 2090 in

2153 2151 2252 2190 nos
2282 2134 2593 2197 ferventior,
2622 2140 2680 2185 ut
2706 2129 2820 2184 ham
2839 2128 2992 2183 nobis
3018 2136 3274 2199 augeatur
3298 2128 3493 2182 caritas
3513 2167 3531 2193 ,
3560 2135 3616 2180 et
3642 2142 3745 2182 nos

2151 2242 2342 2283 omnes
2395 2226 2449 2281 id
2507 2237 2895 2294 consequamur
2926 2261 2942 2287 ,
3001 2230 3060 2276 ut
3108 2220 3377 2291 quomodo
3430 2218 3516 2275 hic
3575 2234 3747 2289 prope

2151 2335 2329 2375 aream
2378 2319 2535 2372 istam
2578 2315 2851 2370 adetamus
2889 2313 2964 2386 (a)
2992 2354 3008 2378 ,
3051 2312 3121 2366 ita
3167 2311 3273 2367 illic
3326 2325 3536 2381 Quoque
3576 2324 3748 2379 pr0pe

2152 2410 2366 2466 beatum
2394 2418 2453 2462 et
2478 2414 2733 2460 azternum
2764 2404 2880 2473 ejus
2919 2401 3312 2456 tabernaculum
3342 2414 3495 2463 esse,
3523 2406 3577 2453 et
3604 2399 3745 2453 bona

2152 2512 2350 2557 aeterna
2378 2498 2531 2554 nobis
2572 2497 2802 2567 reposita
2829 2495 3079 2564 consequi
3111 2493 3373 2561 possimus
3399 2507 3414 2544 :
3444 2504 3561 2560 quae
3588 2489 3749 2544 detur

2151 2594 2306 2649 nobis
2332 2590 2579 2646 omnibus
2617 2588 2859 2643 obtinere
2881 2627 2897 2650 ,
2928 2586 3097 2655 gratia
3135 2595 3189 2638 et
3213 2583 3491 2636 clementia
3532 2576 3748 2634 Domini

2152 2684 2319 2741 nostri
2343 2684 2469 2739 Jesu
2492 2679 2736 2744 Christi;
2765 2694 2860 2749 per
2882 2693 3040 2747 quem
3067 2686 3122 2731 et
3162 2676 3372 2744 quicum
3402 2672 3543 2728 Patri
3571 2672 3745 2743 gloria

2150 2786 2207 2834 et
2236 2776 2532 2849 imperium,
2556 2773 2712 2828 simul
2731 2787 2854 2827 cum
2880 2778 3067 2825 sancto
3086 2767 3308 2837 Spiritu,
3337 2766 3391 2820 in
3416 2764 3611 2820 szecula
3636 2779 3745 2819 sas-

2158 2870 2422 2926 culorum.
2452 2869 2643 2921 Amen.

2213 2960 2288 3022 (a)
2318 2956 2566 3021 Capeulam
2585 2953 2906 3017 Reliquiarum
2938 2952 3046 3014 ejus
3076 2948 3323 3011 intelligit.

2438 3168 2567 3179 ..ι-ρο.-

1922 3289 2279 3352 MONITUM

551 3430 702 3485 Hauc
735 3428 1056 3485 concionem
1086 3424 1329 3479 habitam
1354 3437 1476 3477 esse
1510 3419 1738 3490 septima
1769 3416 1858 3471 die
1882 3413 2131 3469 Januarii
2164 3410 2293 3465 anui
2321 3406 2425 3462 587
2457 3405 2777 3475 Epiphaniae
2804 3402 3003 3455 festum
3032 3401 3377 3467 insequente,
3411 3408 3522 3463 quo
3549 3389 3734 3444 humi-

477 3545 609 3602 liam
642 3546 716 3600 De
745 3543 1015 3614 baptismo
1057 3538 1261 3595 Christi
1308 3535 1578 3600 recitavit,
1627 3533 1805 3600 ipsum
1841 3528 2125 3585 concionis
2158 3524 2324 3595 hujus
2374 3522 2593 3577 initium
2648 3526 2834 3588 aperte
2866 3516 3255 3569 demonstrat:
3298 3508 3450 3575 Quod
3490 3508 3739 3558 hesterno

479 3666 563 3727 die
586 3657 1037 3732 pertimescebam,
1078 3652 1276 3723 inquit,
1300 3650 1486 3712 evenit,
1514 3658 1563 3702 et
1610 3648 1679 3699 ad
1716 3645 1959 3713 effectum
1982 3641 2098 3710 jam
2146 3647 2457 3708 perductum
2491 3643 2603 3695 est;
2657 3647 2836 3701 nempe
2866 3629 2954 3683 ubi
3004 3628 3195 3698 festum
3248 3622 3523 3693 praeteriit,
3574 3620 3741 3675 simul

480 3783 644 3835 etiam
678 3775 967 3830 multitude
997 3788 1030 3823 a
1062 3768 1212 3822 nobis
1239 3765 1509 3827 abscessit,
1546 3762 1817 3830 minorque
1836 3758 1988 3811 nobis
2024 3768 2187 3810 coetus
2218 3763 2295 3808 est
2325 3751 2519 3821 factus.
2554 3749 2677 3805 lltec
2705 3762 2871 3817 porro
2905 3742 3097 3800 confer
3126 3756 3252 3797 cum
3296 3738 3449 3793 initio
3498 3735 3746 3790 liomilia:

484 3896 630 3948 illius
653 3891 729 3946 De
750 3889 1022 3959 baptismo
1047 3882 1275 3943 Christi,
1304 3880 1393 3933 ubi
1425 3879 1506 3933 sic
1536 3877 1750 3931 orditur
1774 3875 2196 3945 Chrysostomus
2221 3886 2235 3921 :
2272 3870 2467 3923 Omnes
2494 3884 2581 3920 vos
2602 3867 2655 3919 in
2677 3866 2868 3919 laetitia
2892 3863 3066 3925 hodie,
3116 3876 3209 3929 ego
3241 3873 3360 3910 uero
3406 3856 3461 3906 iu
3512 3868 3741 3908 maerore

483 4028 599 4071 sum
625 4009 787 4065 solus.
819 4005 963 4059 Nam
1002 4019 1119 4056 cum
1149 4003 1203 4054 in
1234 4000 1329 4051 hoc
1368 3996 1645 4066 spirituale
1695 3994 1912 4064 pelagus
1938 3992 2114 4045 oculos
2143 4006 2283 4044 meos
2318 3997 2582 4051 converto,
2606 3994 2655 4039 et
2689 3986 2970 4037 immensas
3000 3979 3254 4033 Ecclesia:
3272 3976 3486 4029 dit‘itias
3516 3974 3756 4042 comple-

486 4142 622 4197 ctor,
648 4145 709 4181 ac
733 4123 918 4179 deinde
951 4116 1209 4188 perpendo
1250 4115 1385 4184 fore,
1411 4121 1467 4165 ut
1492 4126 1611 4163 cum
1638 4109 1869 4178 primum
1924 4103 2230 4159 solemnitas
2266 4102 2370 4154 ista
2401 4097 2733 4167 praeterierit,
2776 4094 3063 4148 multitudo
3096 4108 3280 4145 rursus
3312 4092 3415 4144 ista
3449 4090 3654 4143 resiliat
3688 4107 3755 4143 ac

488 4243 744 4306 discedat,
784 4242 992 4294 crucior
1019 4250 1065 4293 et
1093 4236 1259 4291 animi
1299 4233 1482 4286 dolore
1537 4247 1703 4299 angor
1735 4246 1753 4283 :
1790 4227 1929 4298 quod
1956 4242 2076 4279 cum
2107 4233 2216 4276 tam
2244 4221 2437 4273 multos
2462 4219 2652 4273 liberos
2683 4216 2937 4286 pepererit
2965 4214 3226 4276 Ecclesia,
3254 4228 3357 4266 non
3407 4210 3518 4263 illis
3562 4209 3757 4263 itidem

492 4367 547 4419 in
571 4358 791 4430 singulis
814 4356 1070 4417 collectis,
1110 4352 1199 4405 sed
1236 4354 1289 4403 in
1329 4352 1463 4419 [esto
1501 4345 1831 4399 solummodo
1862 4343 1969 4412 frui
1995 4341 2182 4410 possit.
2229 4337 2365 4391 Hinc
2415 4337 2534 4390 luce
2568 4334 2770 4388 clarius
2791 4332 3212 4386 commonstrari
3247 4328 3480 4391 videtur,
3516 4326 3659 4378 hanc
3688 4324 3761 4377 de

498 4476 555 4531 S.
597 4473 835 4530 Luciano
864 4466 1157 4537 panegyriu
1196 4463 1452 4519 habuisse
1485 4461 1942 4529 Chrysustomum
1977 4454 2259 4525 postridie,
2323 4467 2486 4521 quam
2519 4451 2586 4505 de
2624 4450 2895 4521 baptismo
2929 4443 3135 4499 Christi
3170 4442 3226 4496 in
3281 4438 3582 4510 Epiphania
3612 4452 3759 4490 con-

1960 4632 3746 4669 Μ

1459 4844 1956 4931 HOMILIA
2006 4834 2749 4928 PANEGYRICA

446 5059 459 5132 ᾖ
1620 5105 1683 5150 tu
1726 5103 1779 5147 s.
1815 5098 2169 5145 summast
2213 5088 2536 5138 LUCIANUM
2567 5065 2684 5150 (a).

567 5316 625 5377 ι.
660 5317 725 5373 In
765 5309 1053 5371 socordiam
1090 5305 1424 5381 quorumdam
1454 5299 1704 5355 invehitur
1726 5313 1746 5363 ;
1771 5298 1966 5367 ﬂuxam
1993 5296 2080 5349 de-
2148 5273 2153 5278 ’
2184 5302 2427 5347 monstrat
2467 5291 2755 5345 divitiarum
2799 5298 3055 5343 naturam.
3109 5318 3155 5330 -
3181 5287 3333 5355 Quod
3378 5288 3636 5341 hesterno
3686 5289 3799 5343 die

557 5431 630 5493 ‹α›
662 5430 839 5480 eoum
859 5438 968 5476 cum
988 5420 1235 5472 σοδίοίδω
1249 5406 2080 5493 “'s-..W.etsoleatis-319;?
2183 5401 2508 5493 summa;
2528 5392 3799 5493 υετεξηξξξ,τίίιξι;ηξεηυεξς.ἓ,τεξ;.εξπίιξῖηιξεῖωὲτ

498 5458 1596 5567 "ﬁrmitatis;
1625 5458 1859 5534 Baptismo
1878 5458 2070 5523 Christi,
2184 5458 2247 5515 de
2277 5463 2449 5527 Spiritu
2480 5469 2527 5514 S.
2568 5469 2619 5512 et
2662 5471 2828 5514 contra
2867 5458 3077 5519 manes,
3112 5458 3223 5523 Qua:
3262 5461 3307 5509 in
3340 5458 3457 5509 ﬁtﬁt.
3491 5458 3663 5508 Morel.
3703 5466 3796 5510 est
