4044 6206
504 290 604 346 55H

493 404 671 473 -απεδή
681 419 838 474 μηπ,
863 403 959 456 καὶ
982 404 1217 459 ἐλάττων
1233 409 1371 478 ἡμῖν
1393 411 1421 460 0
1448 409 1702 478 σύλλογος
1726 411 1938 479 γέγονε.
1972 412 2083 463 Καὶ

489 488 650 559 οῇδειν
679 485 780 555 μὲν
810 483 968 539 τοῦτο
995 488 1405 559 συμϐησόμενον
1430 491 1666 555 πάντως·
1691 493 1752 545 οὐ
1787 494 1895 565 μὴν
1913 493 1978 546 δὲ
1995 492 2083 545 διὰ

503 569 660 622 τοῦτο
703 567 803 637 τῆς
840 570 1218 640 παραινέσεως
1262 573 1540 643 ἀπέστην·
1593 577 1641 627 εί
1683 575 1791 646 γὰρ
1824 575 1917 628 καὶ
1949 574 2024 645 μὴ
2055 587 2081 614 α

504 653 707 714 πάντες
759 651 1087 723 ἐπείσθησαν
1143 655 1193 706 οί
1246 655 1375 726 χθὲς
1411 657 1766 721 ἀκούσαντες,
1819 657 1934 711 ἀλλ’
1965 656 2084 710 οὐδὲ

507 735 706 797 πάντες
734 735 1057 803 ἠπείθησαν·
1076 738 1138 789 οὐ
1167 739 1360 809 μικρὸν
1379 740 1437 792 δὲ
1461 740 1617 793 τοῦτο
1638 743 1716 803 είς
1735 740 2085 812 παραμυθίας

504 816 661 885 λόγον
685 820 835 887 ἡμῖν·
859 819 1048 890 διόπερ
1065 821 1186 873 οὐδὲ
1210 823 1450 892 σήμερον
1483 824 1861 895 ἀποστήσομαι
1883 823 2085 892 ταύτης

497 899 603 968 ⁴τῆς
633 899 959 971 συμϐουλῆς·
994 903 1041 954 εἰ
1065 902 1176 974 γὰρ
1207 905 1300 957 καὶ
1331 906 1413 976 μὴ
1451 907 1518 958 δι’
1550 905 1730 976 ἡμῶν,
1765 907 1899 960 ἀλλά
1925 924 1988 974 γε
2015 906 2082 958 δι’

507 980 660 1049 ὑμῶν
688 982 904 1047 πάντως
936 983 1258 1040 ἀκούσονται
1280 987 1347 1041 τὰ
1375 989 1661 1060 λεγόμενα.
1681 991 1778 1054 Τίς
1801 991 1909 1060 γὰρ
1933 990 2086 1058 δυνη-

505 1061 624 1132 θείη
658 1066 781 1134 σιγῇ
803 1064 902 1135 τήν
929 1067 1200 1138 τοσαύτην
1232 1070 1411 1123 αὐτῶν
1443 1073 1715 1144 ρᾳθυμίαν
1750 1075 2013 1141 ἐνεγκεῖν,
2047 1072 2079 1142 ἦ

511 1146 829 1213 μεταδοῦναι
861 1148 1190 1221 συγγνώμης
1233 1154 1326 1206 καὶ
1355 1154 1650 1223 ἀπολογίας
1689 1155 1890 1218 αὐτοῖς,
1920 1155 1968 1208 οἳ
1997 1154 2082 1208 διὰ

508 1228 760 1283 τοσούτου
792 1232 986 1302 χρόνου
1003 1233 1102 1304 τὴν
1134 1234 1345 1306 μητέρα
1376 1237 1597 1302 ἰδόντες,
1615 1239 1711 1292 καὶ
1730 1238 1838 1291 τῶν
1857 1239 1914 1291 ἐν
1943 1238 2080 1308 αὐτῇ

508 1311 688 1366 καλῶν
731 1314 1140 1381 ἀπολαύσαντες
1171 1320 1507 1391 ἀπέστησαν,
1545 1324 1640 1376 καὶ
1672 1312 2084 1394 οὐκήνέσχοντο

506 1394 567 1446 τὸ
600 1395 850 1468 δεύτερον
885 1400 1210 1470 ἐπιστρέψαι
1239 1403 1267 1442 b
1293 1403 1474 1466 πάλιν,
1522 1406 1642 1458 οὐδὲ
1669 1405 1765 1475 τὴν
1809 1404 1900 1457 τοῦ
1961 1404 2083 1457 Νῶε

509 1484 854 1549 περιστεράν,
887 1481 1022 1534 ἀλλὰ
1052 1483 1143 1536 τὸν
1170 1484 1383 1556 κόρακα
1401 1488 1763 1557 ἐμιμήσαντο,
1793 1489 1886 1540 καὶ
1915 1487 2085 1540 ταῦτα

507 1561 603 1613 τοῦ
628 1563 916 1617 κλυδωνίου
942 1566 1196 1634 μένοντος
1223 1569 1323 1630 ἐτι,
1343 1570 1544 1622 καὶτοῦ
1567 1571 1830 1640 χειμῶνος
1852 1569 2083 1636 ἐκείνου,

510 1645 603 1695 καὶ
629 1645 1014 1718 χαλεπωτέρας
1047 1650 1165 1704 καθ’
1192 1652 1428 1722 ἑκάστην
1475 1654 1690 1723 ἡμέραν
1729 1653 2084 1724 ἐγειρομένης

509 1725 698 1793 ζάλης,
730 1730 950 1800 καὶτῆς
980 1731 1141 1800 ἁγίας
1185 1733 1387 1804 ταύτης
1431 1734 1668 1788 κιϐωτοῦ
1718 1735 2085 1806 προκειμένης

509 1810 569 1862 ἐν
600 1811 768 1881 μέσῳ,
800 1814 894 1867 καὶ
917 1815 1124 1878 πάντας
1149 1817 1441 1888 καλούσης,
1466 1820 1562 1870 καὶ
1591 1819 1726 1890 πρὸς
1756 1820 1950 1889 ἑαυτὴν
1974 1821 2088 1870 ἐπι-

511 1893 825 1964 σπωμένης,
860 1897 952 1949 καὶ
987 1897 1186 1968 πολλὴν
1222 1903 1336 1963 τοῖς
1377 1901 1778 1970 καταφεύγουσι
1816 1901 2088 1974 παρεχού-

511 1992 613 2046 σης
639 1977 736 2045 τὴν
776 1980 1109 2048 ἁσφάλειαν;
1151 1983 1225 2035 Οὐ
1270 1983 1377 2053 γὰρ
1408 1984 1636 2048 ὑδάτων,
1671 1985 1793 2038 οὐδὲ
1826 1987 2086 2056 κυμάτων

511 2057 764 2127 ἐμϐολὰς,
793 2061 929 2116 ἀλλὰ
955 2063 1061 2116 τῶν
1095 2065 1452 2133 ἁλογωτάτων
1487 2067 1677 2122 παθῶν
1714 2068 1815 2131 τὰς
1845 2071 2087 2138 συνεχεῖς

507 2142 874 2214 ἀποκρούεται
917 2147 1330 2214 ἐπαναστάσεις.
1377 2152 1472 2206 καὶ
1502 2152 1695 2221 φθόνον
1728 2156 1959 2225 ἀναιρεῖ,
1995 2154 2088 2206 καὶ

510 2226 770 2280 ἀπόνοιαν
803 2230 1168 2284 καταστέλλει.
1200 2230 1344 2286 Οὔτε
1374 2235 1481 2307 γὰρ
1517 2237 1546 2287 0
1579 2236 1830 2300 πλούσιος
1855 2234 2088 2290 ἐνταῦθα

507 2307 604 2361 τοῦ
638 2310 870 2380 πένητος
902 2313 1178 2384 ὑπεριδεῖν
1210 2315 1523 2386 δυνήσεται,
1555 2319 1768 2372 ἁκούων
1800 2320 1951 2392 παρά
1979 2320 2087 2373 τῶν

501 2391 669 2446 ’θείων
689 2393 937 2465 Γραφῶν.
964 2398 1045 2451 ὅτι
1101 2396 1275 2452 Πᾶσα
1310 2399 1469 2468 σὰρξ
1521 2403 1754 2471 χόρτος,
1792 2403 1888 2456 καὶ
1920 2400 2087 2456 πᾶσα

482 2471 660 2538 ’δόξα
681 2476 994 2547 ἀνθρώπου
1039 2479 1121 2544 ὡς
1169 2479 1351 2548 ἄνθος
1403 2482 1642 2551 χόρτου·
1693 2483 1816 2538 οὐτε
1841 2486 1873 2537 ’ό
1919 2485 2088 2553 πένης

511 2557 844 2614 πλουτοῦντα
874 2560 1060 2632 ἕτερον
1091 2561 1212 2615 ίδὼν
1261 2563 1532 2636 βασκανίᾳ
1557 2565 1847 2633 ἁλώσεται,
1874 2568 2087 2621 ἁκούων

510 2640 603 2693 καὶ
634 2641 796 2705 αὐτὸς
837 2643 1023 2711 ἐτέρου
1071 2647 1348 2716 προφήτου
1396 2647 1670 2716 λέγοντος·
1729 2649 1827 2718 Μὴ
1876 2650 2086 2719 φοϐοῦ.

510 2721 658 2774 ὅταν
687 2725 1008 2794 πλουτήσῃ
1042 2726 1353 2795 ἅνθρωπος
1374 2771 1388 2794 ,
1428 2731 1466 2798 ἢ
1507 2731 1651 2784 ὅταν
1699 2731 2020 2800 πληθυνθῇ
2051 2734 2088 2800 ἡ

509 2803 660 2868 δόξα
687 2807 794 2860 τοῦ
817 2809 990 2862 οῖκου
1010 2809 1214 2863 αὐτοῦ·
1234 2809 1322 2864 ὅτι
1347 2814 1457 2865 οὐκ
1483 2813 1552 2865 ἐν
1577 2813 1656 2878 τῷ
1679 2814 2091 2878 ἀποθνήσκειν

511 2888 698 2940 αὑτὸν
723 2889 982 2958 λήψεται
1011 2892 1083 2944 τὰ
1125 2893 1342 2957 πάντα,
1387 2895 1532 2949 οὐδὲ
1564 2897 2090 2966 συγκαταϐήσεται

511 2970 672 3034 αὐτῷ
691 2971 730 3037 ἠ
752 2971 900 3037 δόξα
929 2975 1137 3029 αὐτοῦ.
1166 2977 1400 3048 Τοιαύτη
1427 2978 1534 3049 γάρ
1554 2979 1655 3048 τῆς
1681 2981 1940 3052 εὐπορίας
1959 2982 2091 3034 ταύ-

515 3067 616 3120 της
645 3055 677 3122 ή
713 3053 872 3122 φύσις
891 3072 904 3084 ·
937 3058 998 3110 οὐ
1031 3059 1466 3128 συμμεθίσταται
1487 3064 1599 3123 τοῖς
1623 3061 1856 3132 ἔχουσιν,
1884 3065 1945 3116 οὐ
1973 3080 2091 3116 συν-

513 3136 786 3205 αποδημεῐ
810 3141 923 3201 τοῖς
951 3141 1313 3211 κεκτημένοις
1331 3183 1346 3205 ,
1375 3144 1436 3196 οὐ
1473 3143 1802 3214 παρίσταται
1835 3145 2088 3216 κρινομέ-

515 3235 628 3281 νοις
644 3221 761 3272 ἐκεί
787 3223 881 3274 καὶ
907 3222 1133 3286 εὐθύνας
1156 3225 1469 3294 ὑπέχουσιν,
1485 3226 1597 3280 ἁλλ’
1617 3228 1720 3281 ὐπὸ
1748 3228 1842 3281 τοῦ
1863 3229 2088 3284 θανάτου

513 3296 864 3355 διακόπτεται
893 3304 1129 3368 πάντως·
1151 3307 1376 3370 πολλοὺς
1405 3307 1460 3359 δὲ
1489 3308 1582 3361 καὶ
1609 3309 1714 3380 πρὸ
1740 3308 1830 3362 τοῦ
1858 3311 2089 3364 θανάτου

517 3383 822 3440 κατέλιπεν·
861 3387 1086 3451 ἄπιστος
1119 3391 1151 3460 ή
1184 3391 1402 3460 χρῆσις,
1431 3392 1682 3455 ἀϐέϐαιος
1707 3395 1740 3462 ή
1769 3393 2087 3458 ἀπόλαυσις,

514 3467 852 3532 ἐπικίνδυνος
873 3472 905 3540 ή
939 3472 1149 3540 κτῆσις.
1183 3473 1321 3525 Ἀλλ’
1341 3474 1401 3526 οὐ
1419 3475 1487 3527 τά
1504 3476 1602 3545 τῆς
1621 3477 1822 3547 ἀρετῆς
1842 3479 2088 3543 τοιαῦτα,

515 3552 612 3604 καὶ
644 3550 710 3604 τὰ
742 3553 840 3622 τῆς
869 3553 1268 3626 ἐλεημοσύνης·
1319 3556 1432 3610 ἀλλ’
1466 3558 1614 3612 ἔστιν
1659 3561 1853 3625 ἄσυλος
1886 3557 2037 3627 οὗτος
2063 3566 2091 3618 0

518 3635 811 3708 θησαυρός.
843 3637 1012 3690 Πόθεν
1054 3637 1213 3691 τοῦτο
1257 3639 1443 3710 δῆλον;
1489 3641 1549 3694 ’0
1579 3645 1710 3714 περὶ
1739 3644 1834 3698 τοῦ
1863 3646 2091 3701 πλούτου

512 3716 706 3770 τούτου
735 3719 1100 3788 φιλοσοφήσας
1134 3721 1228 3776 καὶ
1255 3721 1442 3786 εἰπὼν,
1479 3724 1560 3778 ὅτι
1597 3729 1678 3780 Οὐ
1709 3729 2090 3799 συγκαταϐή-

511 3815 685 3852 σεται
715 3799 874 3866 αὐτῷ
900 3802 938 3868 ἡ
971 3802 1119 3866 δόξα
1152 3805 1338 3859 αὑτοῦ
1364 3806 1556 3860 ὀπίσω
1583 3808 1790 3874 αὑτοῦ,
1825 3804 1978 3875 οὗτος
2001 3813 2092 3865 καὶ

515 3882 778 3953 περὶτῶν
801 3884 904 3953 τῆς
925 3885 1046 3957 ἐλεη
1056 3886 1288 3958 μοσύνης
1311 3887 1624 3961 θησαυρῶν,
1653 3892 1762 3945 τῶν
1791 3894 1877 3946 ἀεὶ
1901 3899 2092 3964 μενόν-

515 3982 625 4022 των
649 3967 740 4024 καὶ
763 3968 1032 4038 μηδέποτε
1055 3970 1735 4042 συλωμένων,·ὲπαίδευσεν
1756 3979 1902 4048 ἡμᾶς
1922 3979 2094 4044 οὕτως

516 4049 722 4103 εἰπών·
765 4053 1188 4120 Ἐσκόρπισεν,
1231 4055 1420 4110 ⁴ἔδωκε
1458 4057 1581 4124 τοῖς
1616 4059 1908 4128 πένησιν·
1943 4063 1980 4130 ἡ
2009 4063 2094 4117 δι-

517 4134 809 4200 καιοσύνη
837 4135 1024 4190 αὑτοῦ
1069 4137 1238 4206 μένει
1287 4143 1374 4206 είς
1412 4139 1522 4194 τὸν
1575 4141 1778 4197 αἰῶνα.
1813 4145 1876 4198 Τί
1903 4149 2091 4199 τούτου

516 4215 943 4295 παραδοξότερον
992 4220 1187 4288 γένοιτ’
1215 4222 1311 4285 ἁνς
1357 4221 1440 4276 Τά
1495 4225 1863 4295 συλλεγόμενα
1923 4228 2092 4282 ἀπόλ-

516 4293 724 4381 λυνται,
748 4300 934 4381 καλ,τά
988 4303 1392 4372 σκορπιζόμενα
1427 4305 1600 4374 μένει,
1641 4293 1735 4360 καί
1764 4309 1906 4377 μάλα
1939 4309 2090 4381 [59.5]

518 4378 878 4460 eight»;an
909 4383 1006 4450 μὲν
1034 4384 1142 4454 γὰρ
1177 4388 1205 4437 ὁ
1243 4386 1375 4448 Θεὸς
1410 4388 1758 4457 ὑποδέχεται,
1807 4392 1869 4442 ἐκ
1912 4378 1968 4443 δέ
1994 4378 2092 4460 τῆς

516 4459 611 4511 τοῦ
646 4458 779 4512 Θεοῦ
829 4464 1009 4533 χειρὸς
1046 4465 1221 4528 οὐδεὶς
1256 4468 1520 4537 ἁρπάζειν
1569 4470 1814 4524 δύναται·
1842 4471 1912 4524 τὰ
1943 4473 2000 4526 δὲ
2032 4458 2092 4526 ἐν

519 4540 881 4612 ἀνθρωπίνοις
941 4545 1254 4600 ἀποτίθεται
1312 4549 1632 4623 θησαυροῖς·
1681 4555 1808 4608 ἔνθα
1870 4555 2090 4622 πολλαῖς

519 4623 805 4706 ὑπόκειται
827 4629 946 4689 ταῖς
969 4629 1278 4694 ἐπιϐουλαῖς
1308 4643 1356 4696 ο,
1383 4631 1510 4686 ἔνθα
1537 4635 1704 4698 πολὺς
1727 4639 1754 4688 ό
1785 4637 1977 4706 φθόνος
2000 4641 2092 4693 καὶ

517 4708 551 4774 ή
594 4705 877 4792 βασκανία,
920 4711 1012 4781 Μὴ
1056 4713 1234 4765 τοίνυν
1275 4715 1504 4787 ἀμελῇς,
1554 4705 1824 4789 ἀγαπητέ,
1866 4724 1966 4792 τῆς
2005 4725 2090 4776 ἐν-

516 4788 692 4842 ταῦθα
719 4791 1016 4864 διατριϐῆς·
1042 4795 1145 4847 κᾶν
1162 4797 1269 4867 γάρ
1291 4815 1374 4862 τις
1397 4799 1603 4869 ἀθυμία
1623 4788 1832 4872 ἐνοχλῇ,
1859 4788 2091 4859 ἐνταῦθα

519 4873 896 4940 φυγαδεύεται·
927 4876 1028 4929 κᾶν
1053 4879 1330 4948 φροντίδες
1361 4880 1639 4950 βιωτικαὶ,
1670 4884 2087 4955 δραπετεύουσι·

519 4954 620 5039 κᾷν
678 4956 846 5024 ἄλογα
902 4959 1087 5030 πάθη,
1153 4961 1471 5018 σϐέννυται·
1529 4966 1634 5019 ἀπὸ
1691 4967 1746 5020 δὲ
1811 4969 1911 5038 τῆς
1957 4972 2090 5039 ἁγο-

522 5038 640 5106 ρᾶς,
681 5040 774 5090 καὶ
818 5041 926 5093 τῶν
968 5043 1230 5115 θεάτρων,
1293 5048 1388 5100 καὶ
1437 5048 1544 5100 τῶν
1594 5049 1767 5103 ἄλλων
1822 5038 2091 5123 συλλόγων

518 5118 626 5203 τῷν
681 5120 879 5203 ἔξωθεν
940 5125 1141 5190 πολλάς
1193 5130 1576 5200 ἐπισυρόμενοι
1639 5135 1960 5203 φροντίδας,
1993 5118 2091 5192 καὶ

518 5202 776 5272 ἀθυμίας,
812 5206 906 5258 καὶ
959 5207 1133 5278 ψυχῆς
1187 5212 1403 5274 νόσους,
1442 5215 1622 5268 οἴκαδε
1679 5202 2087 5290 ἁναχωροῦμεν.

523 5284 620 5339 Ἂν
650 5288 881 5342 ἐνταῦθα
920 5289 1200 5365 διατρίϐῃς
1249 5297 1504 5366 συνεχῶς,
1557 5300 1651 5353 καὶ
1710 5284 1853 5372 άπερ
1904 5303 2092 5369 ἔλαϐες

581 5505 601 5571 _‘
622 5500 823 5571 ﬁeghe!
842 5502 975 5553 Coib.
1002 5507 1050 5571 gi
1067 5507 1155 5570 γὰρ
1182 5509 1264 5571 μή.

573 5562 609 5603 ~b
633 5561 782 5630 Saw'l.
803 5561 1115 5679 ὐποστρέὲηὶ.

581 5629 605 5656 ο
633 5625 715 5675 Sic
736 5639 910 5676 omnes
931 5636 985 5678 et
1040 5632 1115 5679 avi

581 5625 715 5694 {Sic
736 5639 910 5694 0:00:33
931 5625 985 5694 εἰ
1004 5625 1154 5694 Savil.
1179 5631 1233 5681 in
1253 5645 1432 5694 ωσι-θη
1452 5632 1540 5682 sed
1572 5631 1719 5682 Savil.
1749 5633 1797 5684 in
1825 5641 1964 5686 lexm
1989 5640 2091 5687 ἔνθα

518 5688 684 5738 πολλαὶ
704 5691 752 5736 αί
777 5689 1034 5738 ἐπιϐουλαί.

1306 304 1365 361 S.
1403 305 1593 361 JOAN.
1633 304 2001 361 CIIRYSOST.
2045 303 2360 360 ARCHIEP.
2399 300 2935 361 CCNSTANTINOP.

3646 303 3756 365 529

2185 415 2384 480 ἔξωθεν
2435 415 2580 468 κακὰ
2633 415 2883 486 ἁποθήσῃ
2945 417 3192 481 πάντως⁸
3249 417 3314 471 ἂν
3362 417 3419 472 δὲ
3471 419 3755 496 ἁποπηδᾷς

2185 505 2279 556 καὶ
2340 504 2546 577 φεύγῃς
2605 508 2702 559 καὶ
2754 507 2897 579 άπερ
2950 508 3164 578 ἐκτήσω
3232 510 3384 583 παρὰ
3433 512 3542 567 τῶν
3590 515 3757 571 θείων

2184 593 2416 666 Γραφῶν
2485 597 2666 664 ἁγαθὰ
2725 597 2947 662 ἀπολεῖς
3019 601 3266 666 πάντως,
3347 606 3488 659 κατά
3560 609 3757 680 μικρὸν

2186 688 2250 740 ἐκ
2269 687 2377 739 τῶν
2409 686 2514 752 ἔξω
2554 689 2846 761 συνεδρίων
2890 693 2986 746 καὶ
3021 693 3310 759 διαλέξεων
3343 697 3758 772 ὑποσυρομένης

2185 792 2280 829 σου
2314 777 2410 847 τῆς
2434 777 2713 849 εὐπορίας.
2746 782 2858 834 Καὶ
2891 783 2971 836 ὃτι
3003 784 3178 838 ταῦτά
3215 788 3362 840 ἐστιν
3390 788 3589 861 ἀληθῆ,
3622 793 3755 844 ἀνα-

2185 867 2491 939 χωροῦντες
2515 871 2762 925 ἐντεῦθεν
2803 875 3139 930 σπουδάσατε
3172 879 3299 942 τούς
3346 881 3585 953 σήμερον
3620 885 3757 938 ἁπο-

2184 960 2500 1030 λειφθέντας
2532 963 2685 1025 ίδεῖν,
2735 965 2833 1019 καὶ
2879 966 3080 1035 δψεσθε
3139 970 3302 1023 πόσον
3348 972 3411 1024 :0
3455 973 3624 1043 μέσον
3659 977 3759 1043 τῆς

2185 1053 2454 1124 ὑμετέρας
2488 1054 2754 1124 εὐθυμίας
2789 1056 2885 1109 καὶ
2914 1057 3014 1127 τῆς
3042 1059 3264 1112 ἐκείνων
3289 1061 3536 1132 ἀθυμίας
3567 1063 3617 1117 ἃ.
3643 1065 3758 1135 Οὐχ

2185 1141 2356 1206 οὕτως
2401 1144 2519 1197 ἐστὶ
2551 1145 2736 1216 νύμφη
2784 1148 2922 1219 καλὴ
2979 1150 3072 1203 καὶ
3105 1151 3358 1222 ἐπίχαρις
3404 1157 3468 1206 ἐν
3523 1157 3759 1210 παστάδι

2185 1231 2491 1304 καθημένη,
2541 1236 2619 1297 ὡς
2674 1236 2790 1289 ἐστι
2836 1237 2982 1310 ψυχὴ
3025 1239 3312 1313 θαυμαστὴ
3340 1245 3433 1296 καὶ
3464 1243 3674 1311 ἔνδοξος
3699 1249 3758 1300 ἐν

2115 1379 2122 1388 ί
2195 1322 2492 1397 Ἐκκλησία
2525 1329 2848 1399 φαινομένη,
2884 1331 3070 1401 μύρων
3094 1333 3326 1387 πνέουσα
3350 1337 3757 1407 πνευματικῶν.

2196 1415 2255 1468 ‘0
2280 1415 2390 1487 γὰρ
2418 1418 2653 1471 ἐνταῦθα
2685 1421 2823 1489 μετὰ
2866 1423 3105 1487 πίστεως
3137 1425 3231 1477 καὶ
3267 1428 3500 1497 σπουδῆς
3522 1444 3761 1500 παραγιυ

2185 1513 2443 1582 νόμενος,
2496 1511 2725 1581 ,μυρίους
2777 1511 2955 1567 λαϐὼν
3009 1513 3194 1566 ἄπεισι
3261 1515 3598 1588 θησαυρούς·
3654 1519 3761 1574 κᾶν

2187 1604 2374 1677 ἀνοίξῃ
2397 1605 2459 1656 :0
2498 1603 2672 1673 στόμα
2715 1604 2897 1672 μόνον,
2947 1606 3128 1674 πάσης
3161 1606 3386 1672 εὐωδίας
3431 1610 3633 1674 εὐθέως
3663 1615 3762 1667 καὶ

2188 1699 2420 1752 πλούτου
2455 1701 2827 1769 πνευματικοῦ
2850 1703 2978 1765 :00;
3014 1704 3436 1776 συγγινομένους
3470 1707 3736 1778 ἐνέπλησε

2187 1789 2292 1843 κᾶν
2335 1789 2502 1860 μυρία
2538 1792 2824 1864 προσπέσῃ
2865 1793 3046 1857 δεινὰ,
3107 1797 3287 1850 πάντα
3335 1799 3476 1851 οῐσει
3525 1799 3759 1869 ῥᾳδίως,

2191 1880 2379 1951 ίκανὴν
2407 1881 2660 1952 ἀφορμὴν
2705 1883 2811 1937 ἀπὸ
2847 1884 2961 1937 τῶν
3004 1885 3173 1939 ’θείων
3217 1887 3448 1956 Γραφῶν
3483 1889 3762 1960 ὑπομονῆς

2187 1971 2283 2022 καὶ
2337 1970 2652 2039 φιλοσοφίας
2707 1973 2957 2026 ἐντεῦθεν
3007 1974 3204 2030 λαϐών.
3273 1978 3384 2030 Καὶ
3438 1979 3691 2047 καθάπερ
3733 1983 3764 2032 ό

2185 2060 2448 2131 διηνεκῶς
2491 2061 2584 2115 ἐπὶ
2641 2064 2740 2134 τῆς
2789 2065 2996 2137 πέτρας
3047 2066 3218 2130 ἐστὼς
3256 2079 3288 2106 ε
3335 2068 3446 2121 τῶν
3501 2071 3764 2141 κυμάτων

2187 2145 2484 2216 καταγελᾷ,
2521 2145 2750 2210 οὐτωςό
2795 2150 3069 2214 συνάξεως
3119 2150 3406 2204 ἀπολαύων
3449 2153 3762 2224 διηνεκοῦς,

2185 2228 2282 2280 καὶ
2308 2231 2419 2291 τοῖς
2451 2230 2622 2294 θείοις
2653 2231 3014 2302 ἁρδευόμενος
3036 2233 3235 2302 λόγοις,
3271 2235 3522 2308 καθάπερ
3541 2239 3639 2290 ἐπὶ
3661 2239 3764 2290 πέα

2177 2327 2322 2381 ’τρας
2346 2312 2447 2380 τῆς
2480 2313 2646 2383 όρθῆς
2666 2314 2774 2366 τῶν
2792 2318 3133 2386 πραγμάτων
3155 2319 3388 2389 κρίσεως
3417 2321 3621 2390 στήσας
3643 2322 3768 2374 ἐαυ-

2187 2395 2300 2455 τὸν,
2330 2396 2505 2452 οὐδενὶ
2535 2398 2644 2450 τών
2669 2398 3020 2470 ἀνθρωπίνων
3041 2399 3331 2464 ἁλώσεται,
3367 2402 3638 2474 ἀνώτερον
3663 2406 3769 2477 τῆς

2183 2481 2296 2535 τῶν
2324 2482 2588 2551 βιωτικῶν
2616 2484 2952 2552 πραγμάτων
2974 2486 3322 2554 καταστήσας
3345 2487 3534 2540 ἑαυτὸν
3556 2489 3767 2560 ἐπιδρο-

2192 2564 2300 2634 μῆς
2333 2564 2378 2604 ί·
2402 2565 2513 2618 οὐκ
2555 2566 2666 2618 ἀπὸ
2701 2566 3012 2636 συμϐουλῆς
3038 2567 3095 2619 δὲ
3134 2568 3316 2638 μόνον,
3349 2569 3482 2624 ἁλλὰ
3523 2572 3616 2624 καὶ
3654 2572 3768 2626 ἀπδ

2189 2648 2373 2717 εὐχῆς,
2404 2649 2498 2702 καὶ
2530 2649 2637 2702 ἀπὸ
2682 2651 2956 2722 πατρικῆς
2994 2651 3264 2718 εὐλογίας,
3297 2654 3392 2707 καὶ
3436 2653 3544 2707 ἀπὸ
3574 2657 3764 2725 κοινῆς

2191 2733 2429 2796 συνόδου,
2458 2733 2554 2786 καὶ
2583 2733 2691 2786 ἀπὸ
2737 2733 2839 2802 τῆς
2867 2735 2977 2787 τῶν
3026 2734 3270 2804 ἀδελφῶν
3310 2738 3554 2808 ἀγάπης,
3585 2742 3680 2792 καὶ
3705 2740 3767 2803 ἐξ

2185 2815 2391 2886 ἐτέρων
2423 2815 2628 2886 μυρίων
2690 2816 2891 2888 πολλὴν
2944 2818 3211 2886 ὠφέλειαν
3261 2821 3354 2873 καὶ
3403 2821 3765 2892 ψυχαγωγίαν

2190 2900 2654 2969 καρπωσάμενος.
2715 2898 2888 2962 οὔτως
2941 2901 3295 2972 ἀνεχώρησε,
3362 2906 3531 2974 μυρία
3579 2906 3766 2958 οῖκαδε

2190 2983 2371 3054 φέρων
2399 2981 2599 3050 ἀγαθά.
2634 2983 2776 3052 Ὅρα
2812 2978 2904 3036 οῦν
2948 2984 3122 3056 πόσης
3175 2987 3272 3056 μὲν
3333 2989 3490 3058 ὑμεῖς
3523 2991 3766 3059 σήμερον

2190 3063 2563 3118 ἁπολαύσεσθε
2589 3065 2688 3134 τῆς
2731 3065 3002 3134 εὐλογίας,
3057 3069 3228 3138 πόσην
3264 3070 3333 3124 δὲ·
3366 3073 3766 3144 ὐποστήσονται

2191 3147 2388 3200 ἐκεῖνοι
2410 3145 2506 3217 τὴν
2532 3146 2754 3218 ζημίαν.
2781 3148 2970 3219 Ὑμεῖς
2992 3150 3090 3220 μὲν
3113 3152 3221 3221 γὰρ
3246 3155 3538 3225 μαρτύρων
3572 3155 3767 3224 μισθὸν

2189 3229 2556 3300 λαμϐάνοντες
2604 3231 3005 3285 ἀπελεύσεσθε·
3053 3235 3251 3288 ἐκεῖνοι
3294 3235 3350 3288 δὲ
3398 3238 3534 3307 πρὸς
3561 3237 3638 3307 τῷ
3666 3236 3766 3291 τοῦ

2191 3311 2413 3382 κέρδους
2435 3313 2870 3384 ἀποστερηθῆναι
2883 3314 3093 3378 τούτου,
3108 3318 3201 3370 καὶ
3219 3318 3304 3370 ἐτέ
3313 3334 3409 3387 ραν
3431 3319 3638 3389 ὐποστή
3647 3336 3766 3372 σον-

2189 3411 2280 3447 ται
2311 3394 2534 3465 ζημίαν,
2559 3396 2623 3449 ἐκ
2645 3395 2756 3450 τῶν
2793 3399 3068 3468 ἀνονήτων
3085 3399 3376 3469 διατριϐῶν
3400 3400 3568 3455 πολὺν
3596 3417 3763 3471 φρον-

2189 3478 2351 3532 τίδων
2402 3479 2781 3549 ἐπισυρόμενοι
2824 3482 3073 3552 φορυτόν.
3110 3484 3337 3552 Ὠσπερ
3366 3483 3473 3553 γὰρ
3513 3487 3546 3538 d
3590 3484 3755 3553 δεχόο

2186 3579 2371 3631 μενος
2417 3561 2733 3630 προφήτην
2784 3565 2874 3628 είς
2922 3563 3107 3632 ὄνομα
3161 3565 3499 3637 προφήτου,
3541 3568 3769 3636 μισθὸν

2191 3644 2502 3714 προφήτου
2538 3643 2828 3713 λήψεται,
2864 3648 2964 3700 καί
2989 3651 3032 3701 ὁ
3064 3647 3394 3718 δεχόμενος
3423 3649 3660 3704 δίκαιον
3676 3653 3770 3715 είς

2192 3727 2380 3797 ὄνομα
2407 3727 2640 3782 δικαίου
2659 3768 2676 3792 ,
2707 3729 2933 3799 μισθὸν
2960 3729 3194 3786 δικαίου
3221 3731 3502 3802 λήψεται·
3534 3732 3710 3795 οὕτως
3740 3735 3772 3786 0

2191 3811 2476 3881 δεχόμενος
2535 3812 2788 3885 μάρτυρα
2841 3815 2920 3874 είς
2974 3813 3144 3883 ὄνομα
3209 3814 3517 3885 μάρτυρος,
3573 3814 3772 3886 μισθὸν

2187 3896 2372 3968 ’μάρτυ
2382 3912 2470 3965 ρος
2484 3895 2738 3967 λήψεται·
2757 3895 2995 3966 -ὐποδοχὴ
3019 3896 3074 3948 δὲ
3107 3896 3382 3967 μάρτυρος
3403 3897 3466 3951 :0
3493 3897 3774 3951 συνελθεῖν

2191 3983 2272 4042 είς
2309 3979 2406 4050 τὴν
2457 3979 2955 4052 ὲκείνουιμνήμην,
3003 3980 3062 4035 τὸ
3111 3982 3432 4051 κοινωνῆσαι
3485 3981 3636 4054 [526]
3668 3983 3773 4054 τῆς

2193 4066 2496 4138 διηγήσεως
2522 4064 2630 4118 τῶν
2658 4065 2853 4126 ἄθλων.
2881 4065 2942 4118 :0
2971 4065 3248 4135 θαυμάσαι
3285 4065 3352 4118 τὰ
3389 4065 3735 4136 γεγενημένα
3753 4106 3769 4127 ,

2192 4149 2252 4202 :0
2280 4148 2516 4217 ζηλῶσαι
2563 4147 2662 4218 τὴν
2709 4147 2926 4217 ἀρετὴν,
2967 4148 3026 4200 :0
3080 4150 3158 4211 είς
3199 4148 3418 4220 ἐτέρους
3462 4149 3773 4216 ἐξενεγκεῖν

2193 4232 2291 4294 τὰς
2315 4230 2683 4303 ἀνδραγαθίας
2725 4231 2826 4294 τὰς
2873 4232 3105 4286 ἐκείνου·
3135 4232 3306 4289 ταῦτα
3335 4232 3444 4286 τῶν
3475 4231 3773 4303 μαρτύρων

2193 4319 2262 4365 τὰ
2293 4313 2460 4376 ξένια·
2496 4313 2636 4366 οὐτω
2666 4315 2792 4376 τούς
2827 4314 3016 4380 ἁγίους
3043 4315 3266 4378 τούτους
3291 4334 3373 4379 τις
3411 4315 3771 4386 ὑποδέχεται,

2194 4396 2443 4466 καθάπερ
2463 4393 2552 4450 οῦν
2577 4397 2668 4449 καὶ
2685 4397 2840 4466 ὑμεῖς
2865 4399 3100 4469 τήμερον
3130 4400 3483 4470 πεποιήκατε.

2267 4480 2333 4549 β’.
2355 4481 2493 4543 Χθές
2515 4482 2612 4550 μὲν
2628 4477 2720 4534 οῦν
2735 4484 2764 4534 ό
2779 4483 3103 4553 Δεσπότηςή
3112 4482 3226 4552 μῶν
3241 4483 3396 4537 ῦδατι
3413 4482 3776 4546 ἐϐαπίσατο,

2197 4565 2433 4634 σήμερον
2449 4564 2506 4616 δὲ
2528 4567 2556 4616 ό
2570 4564 2752 4628 δοῦλος
2770 4566 2962 4639 αἵματι
2983 4565 3334 4640 βαπτίζεται·
3347 4567 3476 4643 χθὲς
3498 4566 3792 4642 ἠνεῴχθη-

2196 4666 2294 4701 σαν
2319 4648 2548 4718 οὐρανοῦ
2570 4649 2755 4709 πύλαι,
2781 4651 3022 4721 σήμερον
3042 4649 3500 4720 κατεπατήθησαν
3523 4648 3647 4702 ἆδου
3675 4648 3782 4702 πύο

2192 4731 2301 4786 λαι.
2327 4731 2438 4790 ,Καὶ
2473 4733 2548 4804 μὴ
2576 4731 2915 4806 θαυμάσητε,
2959 4735 3006 4786 εί
3064 4733 3344 4803 βάπτισμα
3373 4733 3436 4785 :0
3473 4730 3786 4802 μαρτύριον

2193 4817 2447 4870 ἐκάλεσα·
2479 4815 2575 4868 καὶ
2607 4817 2715 4887 γὰρ
2749 4817 2844 4868 καὶ
2875 4816 3106 4870 ἐνταῦθα
3134 4817 3193 4869 τὸ
3221 4814 3446 4885 Πνεῦμα
3471 4815 3607 4884 μετά
3640 4814 3788 4867 πολ-

2192 4899 2288 4968 λῆς
2319 4899 2614 4967 ἐφίπταται
2634 4901 2732 4968 τῆς
2751 4898 3047 4968 δαψιλείας,
3073 4900 3166 4952 καὶ
3195 4900 3603 4970 ἁμαρτημάτων
3621 4899 3791 4950 ἀναίο

2193 4997 2346 5054 ρεσις
2381 4983 2474 5034 καὶ
2523 4983 2699 5052 ψυχῆς
2751 4981 2961 5050 γίνεται
3014 4983 3294 5054 καθαρμὸς
3338 4980 3648 5050 θαυμαστός
3689 4998 3794 5045 τις

2191 5067 2286 5118 καὶ
2313 5066 2628 5137 παράδοξος·
2671 5068 2762 5119 καὶ
2793 5066 2979 5137 ὥσπερ
3009 5067 3058 5118 οἱ
3087 5065 3470 5135 βαπτιζόμενοι
3502 5065 3612 5125 τοῖς
3638 5061 3796 5117 ὓδα-

2195 5165 2298 5213 σιν,
2327 5149 2499 5212 οὕτως
2530 5152 2576 5200 οἱ
2608 5149 3010 5220 μαρτυροῦντες
3038 5148 3114 5218 τῷ
3148 5148 3262 5217 ἰδίῳ
3283 5147 3528 5200 λούονται
3552 5146 3794 5216 αἵματι·

2257 5335 2284 5373 d
2309 5332 2537 5400 Savil_._in
2563 5337 2722 5400 {exp},
2751 5332 2877 5400 Reg.
2911 5337 2964 5382 et
3001 5333 3219 5385 Colbert.
3250 5335 3473 5400 ῥᾳθυμίας
3533 5333 3689 5382 Savil.
3735 5338 3806 5386 in

2192 5409 2342 5456 marg.
2367 5402 2419 5458 eL
2440 5394 2610 5444 Morel.
2641 5394 2855 5458 άθυμίαςζ

2202 5521 2214 5536 ’
2261 5462 2282 5486 ε
2309 5455 2461 5536 ξιξγὶιέ
2497 5455 2831 5532 ἱηνωπεζέπὶ
2852 5463 2936 5516 τῆς
2973 5456 3239 5519 θαλάσσης,
3277 5459 3358 5506 καὶ
3381 5458 3456 5506 ἐπὶ
3481 5463 3564 5515 τῆς
3597 5455 3811 5522 πέτρας

2193 5521 2416 5573 ἀσσα).ὦς
2441 5520 2606 5572 ἑστώς.
3703 5520 3712 5522 ⁷

2199 5642 2233 5644 μ
2263 5567 2279 5616 ³⁸
2308 5582 2390 5629 Sic
2417 5579 2587 5644 δεινῇ...
2613 5579 2738 5644 Reg.
2779 5586 2834 5629 et
2873 5579 3031 5637 Colb.,
3052 5586 3201 5642 atque
3246 5582 3312 5628 ita
3345 5581 3469 5644 legi;
3491 5579 3812 5644 inlqrpzfcs;

2197 5642 2367 5690 MoreL
2393 5653 2510 5714 vefo
2539 5639 2771 5704 ἀνώτερον
2790 5647 2874 5700 τῆς
2898 5645 2992 5690 τῶν
3019 5639 3253 5706 βιωτικῶν
3275 5639 3560 5707 πραγμάτων
3583 5639 3813 5708 ἐπιδροέ

2195 5710 2284 5763 μῆς
2305 5719 2520 5764 γεγθνως.
3149 5733 3170 5758 ς
