4044 6206
347 254 443 312 5⁸81

339 362 812 440 pertimescebam,
840 364 1018 422 evenit
1043 373 1098 420 et
1119 363 1186 421 ad
1205 357 1456 421 .ctl'ectum
1479 365 1589 434 jam
1615 366 1930 436 perductum

343 469 459 522 est;
491 474 689 528 nempe
715 457 805 514 ubi
835 457 1030 514 festum
1057 458 1314 528 prteteriit
1333 499 1347 522 ,
1379 457 1537 512 simul
1570 460 1729 514 etiam
1757 459 1936 512 multi-

342 548 649 604 tudonobis
667 548 947 616 abscessit,
967 548 1248 618 minorque
1271 549 1424 603 nobis
1443 558 1614 604 coetus
1637 559 1716 604 est
1745 548 1934 603 factus.

340 638 456 696 Hoc
481 639 726 708 equidem
756 653 973 708 prorsus
997 647 1309 693 eventurum
1337 639 1566 693 sciebam
1579 681 1598 700 .,
1626 654 1735 695 non
1762 649 1935 694 tamen

340 728 544 785 idcirco
569 729 746 785 destiti
774 746 802 781 a
829 729 1195 784 cohortatione
1223 745 1238 781 :
1270 729 1396 785 licet
1419 730 1560 784 enim
1591 729 1726 786 haud
1754 744 1938 783 omnes

339 833 548 874 morem
580 818 881 889 gesserint,
920 819 1009 890 qui
1041 817 1291 874 hesterna
1323 819 1440 874 luce
1467 821 1782 884 audierunt,
1831 836 1936 873 non

340 917 518 964 tamen
555 924 749 966 omnes
775 911 932 964 etiam
959 925 1070 964 non
1108 909 1540 979 obtemperaruut
1571 927 1585 964 :
1613 926 1782 977 neque
1809 925 1938 964 vero

340 1014 528 1068 parum
555 999 696 1068 apud
722 1014 820 1054 nos
839 999 906 1054 ad
930 1000 1348 1054 consolationem
1368 998 1469 1055 hoc
1492 1001 1660 1066 valet;
1685 1002 1940 1072 quamob-

338 1107 452 1144 rem
475 1106 648 1160 neque
679 1091 934 1148 hodierno
953 1091 1040 1146 die
1065 1091 1134 1144 ab
1162 1090 1262 1148 hac
1282 1091 1641 1148 admonitione
1661 1092 1935 1149 desistam:

340 1194 463 1232 nam
490 1180 535 1232 si
556 1179 731 1236 minus
755 1196 822 1234 ex
845 1179 1023 1246 nobis,
1051 1195 1115 1234 ex
1137 1180 1288 1236 vobis
1312 1181 1524 1250 quidem
1553 1190 1699 1237 certe
1725 1183 1942 1237 audient

339 1286 462 1341 qua:
503 1270 772 1328 dicuntur.
814 1271 943 1340 Quis
983 1271 1123 1326 enim
1152 1281 1352 1327 tantam
1393 1272 1605 1328 illorum
1640 1275 1937 1329 socordiam

341 1363 555 1418 silentio
584 1363 724 1419 ferre
749 1363 913 1433 possit
940 1405 957 1431 ,
979 1371 1071 1417 aut
1089 1365 1243 1422 venia
1269 1364 1388 1422 illos
1421 1376 1474 1420 et
1500 1367 1840 1420 excusatione
1868 1366 1942 1420 di-

336 1469 471 1524 gnos
519 1453 717 1514 ducere
746 1496 764 1522 ,
811 1453 900 1524 qui
943 1469 1064 1510 cum
1113 1464 1261 1510 tanto
1309 1468 1549 1525 tempore
1596 1468 1818 1511 matrem
1858 1457 1940 1511 vi-

337 1547 567 1614 dissent,
595 1557 648 1601 et
675 1547 962 1612 bonorum,
991 1563 1112 1618 qua:
1142 1548 1194 1602 in
1221 1563 1281 1602 ea
1311 1557 1436 1602 sunt
1458 1587 1474 1613 ,
1501 1548 1790 1618 participes
1819 1542 1944 1602 facti

337 1645 556 1702 essent,
621 1647 997 1702 recesserunt,
1039 1653 1210 1706 neque
1255 1653 1440 1692 rursus
1484 1639 1684 1692 reverti
1743 1638 1941 1706 dignati

335 1735 478 1792 sunt,
506 1741 606 1782 nec
624 1727 926 1786 columbam
947 1729 1058 1784 Noe
1078 1727 1240 1800 (Gen.
1261 1727 1316 1798 8)
1344 1767 1357 1792 ,
1379 1727 1472 1781 sed
1494 1742 1711 1781 corvum
1751 1727 1938 1781 imitati

335 1829 459 1874 Sltttl.
483 1837 500 1887 ;
522 1819 687 1892 idque
713 1821 840 1876 dum
867 1829 1028 1876 aestus
1066 1819 1242 1876 adhuc
1284 1828 1338 1874 et
1385 1828 1669 1888 tempestas
1705 1819 1790 1874 illa
1820 1833 1943 1890 per-

339 1923 580 1979 severat,
625 1913 950 1984 graviorque
988 1912 1222 1982 quotidie
1263 1911 1494 1980 procella
1534 1911 1827 1978 excitatur,
1877 1926 1941 1965 ac

339 2006 610 2074 proposita
638 2005 690 2058 in
730 2003 907 2058 medio
933 2019 1055 2057 arca
1081 2004 1178 2057 ista
1219 2010 1402 2060 Sancta
1443 2011 1662 2057 cunctos
1695 2001 1937 2068 advocat,

339 2094 402 2150 ad
434 2108 494 2148 se
518 2093 740 2164 pellicit,
770 2103 824 2148 et
852 2076 1072 2147 multam
1099 2092 1300 2161 praebet
1322 2091 1389 2145 ad
1418 2106 1476 2146 se
1519 2090 1940 2161 confugientibus

337 2184 703 2239 securitatem?
719 2182 834 2238 Non
855 2184 995 2237 enim
1030 2197 1286 2249 aquarum
1310 2197 1483 2252 neque
1522 2179 1776 2236 ﬂuctuum
1801 2182 1938 2240 irru-

338 2276 546 2346 ptiones
565 2315 581 2338 ,
611 2274 704 2329 sed
749 2274 1026 2329 continuas
1047 2273 1490 2328 alienissimarum
1518 2288 1549 2328 a
1579 2274 1785 2328 ratione
1815 2289 1937 2344 per-

339 2367 693 2423 turbationum
731 2364 1024 2420 seditiones
1050 2371 1298 2429 coercet,
1331 2363 1579 2418 invidiam
1609 2364 1744 2418 tollit
1769 2373 1822 2418 et
1846 2380 1935 2418 ar-

336 2460 630 2530 rogantiam
675 2456 942 2512 refracnat.
969 2455 1097 2508 Nam
1125 2470 1295 2526 neque
1319 2455 1468 2509 dives
1494 2454 1770 2524 despicere
1798 2471 1930 2524 pau-

336 2564 514 2618 perem
547 2548 743 2618 poterit
762 2590 779 2614 ,
810 2562 930 2601 cum
959 2562 1023 2600 ex
1043 2545 1333 2614 Scripturis
1355 2545 1570 2609 audiet,
1609 2543 1785 2600 Omnis
1815 2561 1935 2598 caro

333 2643 523 2710 frenum
549 2679 565 2710 ,
593 2648 639 2692 et
666 2638 829 2692 omnis
851 2636 1020 2710 gloria
1043 2637 1262 2696 [taurinis
1305 2637 1453 2706 quasi
1477 2638 1574 2706 ﬁas
1601 2637 1724 2706 [aerii
1775 2635 1823 2708 (1
1831 2637 1927 2690 sai.

331 2731 422 2786 40.
468 2730 545 2800 6)
591 2744 811 2798 :neque
853 2743 1052 2806 pauper
1091 2729 1314 2784 alterum
1361 2727 1706 2786 ditescentem
1750 2727 1937 2784 videns

334 2819 530 2874 invidia
559 2821 830 2888 capietur,
862 2835 981 2886 cum
1008 2827 1067 2874 et
1092 2820 1206 2886 ipse
1229 2817 1406 2876 audiet
1431 2818 1656 2873 alterum
1688 2818 1930 2886 Prophe-

330 2919 439 2969 tam
476 2910 779 2972 dicentem,
812 2907 896 2962 Ne
936 2909 1160 2962 timueris
1209 2925 1325 2970 cum
1373 2907 1508 2963 dives
1557 2909 1723 2977 factus
1774 2909 1928 2979 fuerit

330 3003 480 3054 tanta
503 3043 518 3066 ,
560 3011 747 3054 etcum
785 3000 1120 3069 multiplicata
1163 2999 1316 3068 fuerit
1360 3001 1526 3069 gloria
1561 3002 1743 3053 domus
1795 3001 1928 3070 ejus.

342 3092 598 3160 Quoniam
615 3074 731 3145 eum
755 3093 998 3147 interierit
1023 3108 1122 3145 non
1147 3102 1307 3154 sumet
1329 3095 1529 3155 omnia;
1549 3109 1707 3163 neque
1726 3093 1932 3148 descen-

328 3183 412 3235 det
439 3199 554 3235 cum
589 3199 648 3237 eo
677 3183 842 3252 gloria
863 3185 971 3254 ejus
995 3184 1014 3254 (
1037 3181 1180 3237 Psal.
1210 3183 1301 3236 48.
1326 3183 1411 3236 17.
1441 3183 1508 3238 18
1611 3183 1755 3237 Talis
1782 3199 1930 3238 nam-

327 3290 434 3343 que
460 3284 543 3328 est
572 3289 731 3344 apum
763 3277 980 3328 istarum
1006 3286 1189 3328 natura
1215 3293 1228 3328 :
1251 3290 1357 3328 non
1388 3277 1778 3334 transferuntur
1800 3293 1921 3332 cum

328 3365 594 3430 dominis;
624 3380 728 3418 non
773 3380 893 3418 cum
929 3366 1325 3434 possessoribus
1369 3367 1783 3435 transmigrauit;
1815 3383 1923 3424 non

327 3456 383 3509 in
409 3457 668 3526 judicium
711 3456 914 3516 vocatis
942 3457 1049 3512 illic
1078 3472 1140 3512 ac
1171 3472 1358 3526 poenas
1389 3458 1656 3514 luentibus
1699 3459 1925 3528 patroci-

327 3558 520 3600 nantur
543 3589 558 3612 ,
594 3547 689 3601 sed
716 3562 814 3617 per
858 3557 1085 3602 mortem
1118 3549 1328 3617 penitus
1363 3549 1760 3620 praeciduntur;
1811 3551 1920 3604 imo

329 3637 522 3689 multos
565 3636 722 3690 etiam
747 3646 872 3690 ante
911 3646 1136 3690 mortem
1179 3637 1576 3694 deseruerunt:
1611 3638 1802 3694 inﬁdus
1844 3649 1925 3698 est

331 3743 476 3795 usus,
511 3729 714 3782 fructus
738 3727 998 3782 instabilis
1020 3769 1035 3796 ,
1069 3729 1364 3798 periculosa
1393 3732 1677 3800 possessio.
1711 3736 1781 3786 At
1810 3750 1912 3789 uoo

328 3819 594 3887 ejusmodi
622 3828 747 3874 sunt
772 3820 981 3875 virtutis
1019 3831 1072 3875 et
1098 3821 1449 3893 eleemosynae
1478 3821 1613 3880 bona
1639 3864 1654 3888 ,
1681 3839 1862 3880 verum
1891 3842 1920 3879 a

331 3910 654 3980 praedatione
677 3917 818 3963 tutus
837 3917 923 3963 est
940 3908 1026 3962 hic
1049 3911 1348 3964 thesaurus.
1372 3910 1522 3967 Unde
1545 3911 1647 3966 hoc
1673 3914 1921 3967 constat?

325 3999 426 4065 Qui
457 3999 525 4055 de
549 3999 749 4054 divitiis
777 4000 889 4054 istis
929 3999 1350 4071 philosophando
1388 4002 1538 4068 dixit,
1565 4001 1684 4056 Non
1712 4004 1919 4060 descen-

326 4091 408 4141 det
437 4105 550 4141 cum
571 4105 628 4142 eo
649 4089 812 4161 gloria
846 4090 954 4159 ejus
985 4100 1095 4158 post
1120 4107 1233 4143 eum
1257 4131 1271 4152 ,
1294 4091 1378 4144 hic
1401 4101 1455 4146 et
1474 4092 1541 4146 de
1568 4092 1920 4165 cleemosyute

327 4180 627 4244 thesauris,
655 4182 742 4250 qui
776 4191 1085 4250 permanent
1123 4199 1332 4252 semper
1367 4201 1463 4239 nec
1502 4203 1731 4256 unquam
1768 4203 1918 4243 com-

328 4269 588 4337 pilantur,
624 4286 722 4324 nos
747 4273 972 4326 erudivit
993 4314 1007 4334 ,
1033 4289 1152 4327 cum
1180 4275 1247 4327 ita
1272 4265 1400 4328 dixit
1425 4292 1438 4327 :
1471 4275 1718 4345 Dispersit
1740 4318 1755 4342 ,
1782 4280 1918 4336 dedit

327 4361 650 4429 pauperibus,
661 4362 861 4432 justitia
879 4364 986 4432 eius
1002 4373 1165 4416 manet
1185 4365 1236 4416 in
1253 4365 1490 4418 sarculum
1506 4366 1674 4436 (Psal.
1696 4369 1816 4423 lli.
1832 4371 1913 4440 9).

325 4449 461 4514 Quid
484 4450 587 4504 hoc
607 4451 900 4508 mirabilius
919 4467 1038 4506 esse
1065 4454 1228 4522 possit
1255 4454 1278 4507 ‘l
1300 4454 1428 4520 Qua:
1448 4457 1768 4526 colliguntur
1791 4475 1914 4527 per-

324 4547 454 4592 eunt
472 4580 488 4602 ,
520 4550 575 4593 et
603 4549 820 4595 manent
844 4557 961 4611 quae
985 4541 1397 4610 diSperguntur,
1427 4558 1490 4598 ac
1533 4547 1724 4600 merito
1747 4561 1875 4601 sane
1900 4565 1914 4602 :

325 4645 444 4682 nam
466 4629 566 4683 ista
590 4630 801 4699 quidem
824 4631 1048 4699 suscipit
1070 4632 1244 4695 Deus;
1272 4644 1526 4687 czetcrum
1549 4650 1611 4688 ex
1641 4635 1733 4690 Dei
1759 4653 1914 4692 manu

324 4736 514 4789 rapere
553 4736 712 4776 nemo
736 4732 911 4790 potest
940 4742 952 4775 :
983 4723 1068 4777 illa
1095 4738 1224 4779 vero
1261 4723 1311 4778 in
1343 4724 1612 4779 hominum
1655 4727 1916 4784 thesauris

323 4821 670 4879 reponuntur,
692 4812 776 4865 ubi
801 4814 980 4867 auritis
1003 4814 1206 4868 insidiis
1220 4825 1341 4868 sunt
1362 4814 1610 4880 obnoxia,
1634 4818 1721 4870 ubi
1745 4819 1915 4873 multa

325 4903 516 4957 invidia
545 4914 600 4958 et
629 4904 786 4958 livor.
817 4904 934 4958 Noli
965 4922 1128 4974 ergo,
1175 4907 1552 4970 dilectissime,
1606 4909 1708 4963 loci
1757 4911 1914 4979 hujus

325 4991 798 5062 frequentationem
819 5006 1161 5050 contemnere
1187 5015 1198 5048 :
1223 4997 1335 5050 sive
1349 4998 1489 5050 enim
1514 5001 1916 5068 mmrora'iquis

325 5085 589 5151 negotium
612 5084 857 5150 facessat,
879 5085 966 5138 hic
988 5086 1251 5152 relegatur
1276 5104 1290 5142 :
1316 5087 1428 5140 sive
1448 5104 1589 5141 curae
1611 5091 1911 5149 smculares.

323 5173 598 5242 aufugiunt
631 5192 643 5227 :
675 5175 789 5228 sive
817 5175 1004 5228 aliena:
1039 5192 1065 5227 a
1099 5176 1302 5229 ratione
1338 5179 1762 5246 perturbationes
1783 5221 1797 5238 ,
1833 5195 1915 5232 sc—

322 5261 516 5316 dautur
545 5279 561 5316 :
590 5278 620 5316 a
650 5263 766 5317 foro
800 5275 974 5317 autem
1020 5278 1074 5317 et
1101 5266 1322 5319 theatris
1350 5281 1411 5320 ac
1439 5269 1644 5322 cwtcris
1684 5268 1916 5336 profanis

323 5355 669 5409 conventibus
689 5398 703 5418 ,
733 5356 916 5410 multis
942 5357 1283 5411 accumulatis
1320 5358 1461 5411 curis
1492 5375 1554 5410 ac
1598 5360 1915 5414 mceroribus

324 5449 618 5516 animmque
655 5450 894 5514 morbis,
928 5448 1143 5504 domum
1189 5451 1443 5503 redimus.
1487 5449 1541 5504 Si
1590 5450 1673 5504 hic
1703 5452 1915 5508 assidue

321 5544 451 5604 Tom.
476 5537 524 5595 6,
550 5551 660 5600 pag.
683 5537 795 5610 298,
815 5545 863 5611 et
883 5547 1057 5649 [pstea
1069 5539 1173 5588 haec
1197 5552 1244 5588 in
1268 5547 1310 5588 s.
1327 5541 1599 5612 Luciamtrn,
1620 5541 1718 5612 μου
1751 5541 1911 5600 titulo,

322 5601 548 5648 Eundem
575 5601 808 5649 mundae
844 5599 882 5649 tl
915 5606 1236 5649 tmltalorttlt.
1288 5602 1459 5649 Habita
1493 5602 1580 5649 fuit
1613 5614 1665 5649 ιη
1697 5610 1911 5649 sanctmn

322 5599 808 5670 liiudem’pbstridie
844 5599 1236 5651 inumbrata-um.
1288 5601 1459 5650 Habita
1491 5602 1580 5662 fuit
1613 5601 1665 5652 in
1697 5599 1911 5653 sanctiora

324 5667 584 5720 martyrem
610 5667 884 5712 Luttammt.

1495 251 1561 308 tu
1599 252 1652 309 s.
1699 251 2046 310 LUCIANUM
2081 255 2494 328 MARTYREM.

3521 273 3630 332 522

2041 375 2295 438 terseris,
2323 387 2539 442 prorsus
2562 375 2721 431 etiam
2747 392 2814 434 ea
2840 393 2961 448 quas
2980 378 3112 436 foris
3154 385 3460 442 contraxlsti
3488 391 3626 445 mala

2043 457 2282 528 depones
2313 465 2435 518 :sin
2481 476 2659 520 autem
2705 468 2915 526 resilias
2953 469 3267 543 fugiasque,
3317 476 3404 532 illa
3430 480 3586 535 etiam
3609 521 3627 540 .

2042 566 2159 621 quae
2175 567 2443 610 sacrarum
2467 573 2568 626 ope
2593 558 2984 629 Scripturarum
3006 563 3142 623 bona
3167 565 3263 622 tibi
3289 574 3628 638 comparasti,

2045 657 2260 710 prorsus
2287 648 2499 702 amittes
2515 689 2532 712 .,
2577 659 2784 720 tumque
2831 667 2959 720 opes
2983 655 3180 710 sensim
3206 671 3239 710 a
3263 659 3501 726 profanis
3528 659 3631 715 illis

2043 737 2381 792 consessibus
2417 751 2472 797 et
2497 739 2774 810 colloquiis
2813 743 3188 814 subripientur.
3221 749 3394 818 Atque
3422 758 3478 803 ut
3517 749 3632 806 hzcc

2047 842 2178 884 vera
2206 844 2328 883 esse
2367 833 2599 886 noscatis
2621 871 2642 898 ,
2671 849 2792 887 cum
2827 835 2956 890 hinc
2990 837 3341 894 discesseritis
3361 882 3378 905 ,
3409 856 3501 897 eos
3539 845 3630 911 qui

2045 916 2202 973 hodie
2231 918 2512 977 ahfuerunt
2541 923 2718 979 videre
2745 925 2953 982 studete
2975 968 2990 993 ,
3041 937 3150 984 tum
3192 943 3449 999 quantum
3493 935 3632 995 inter

2042 1020 2272 1065 vestram
2301 1012 2461 1067 animi
2495 1016 2925 1086 tranquillitatem
2955 1029 3018 1075 et
3058 1021 3266 1078 illorum
3305 1026 3629 1087 anxietatem

2045 1098 2276 1167 intersit,
2303 1102 2758 1163 animadvertetis.
2780 1107 2902 1163 Non
2933 1111 3005 1166 ita
3027 1113 3244 1181 pulchra
3257 1125 3348 1170 est
3371 1133 3432 1173 ac
3458 1134 3628 1178 venu-

2043 1200 2124 1244 sta
2150 1206 2346 1260 sponsa
2373 1193 2428 1248 in
2456 1195 2694 1254 thalamo
2722 1199 2915 1256 sedens
2938 1242 2955 1266 ,
2980 1218 3044 1258 ac
3069 1205 3325 1262 mirabilis
3345 1219 3430 1267 est
3451 1213 3629 1270 anima

2043 1279 2383 1354 gloriosaque
2401 1327 2418 1352 ,
2448 1285 2576 1341 dum
2620 1289 2674 1343 in
2703 1290 2929 1348 ecclesia
2958 1295 3250 1363 spiritualia
3277 1302 3487 1370 spirans
3527 1320 3628 1361 uri-

2044 1383 2235 1442 guenta
2277 1388 2568 1446 comparet.
2599 1379 2700 1448 Qui
2729 1384 2869 1438 enim
2917 1385 3020 1443 huc
3061 1403 3180 1444 cum
3209 1390 3312 1450 ﬁde
3348 1409 3413 1452 ac
3451 1398 3632 1454 studio

2045 1465 2268 1519 ventitat
2291 1508 2304 1532 ,
2350 1469 2640 1526 innumeris
2676 1474 2940 1532 thesauris
2977 1479 3174 1538 ditatus
3216 1484 3494 1546 abscedit:
3525 1491 3627 1545 etsi

2046 1563 2246 1608 tantum
2274 1571 2334 1610 os
2361 1563 2651 1628 aperuerit,
2683 1566 2828 1620 omni
2850 1569 3072 1626 odorum
3093 1576 3351 1631 suavitate
3375 1581 3628 1637 continuo

2044 1657 2106 1739 ac
2144 1646 2504 1739 spiritualibus
2533 1653 2722 1721 Opibus
2748 1659 3037 1726 complebit
3061 1662 3202 1730 illos,
3231 1667 3321 1735 qui
3339 1683 3629 1739 congressu

2045 1734 2159 1803 ejus
2188 1736 2465 1804 fruuntur;
2514 1743 2613 1796 ctsi
2653 1756 2918 1805 sexcenta:
2947 1749 3238 1818 ingruerint
3251 1734 3623 1829 calamitates,

2044 1842 2230 1884 omnes
2257 1845 2412 1900 aequo
2436 1833 2614 1890 animo
2640 1835 2774 1892 feret
2799 1856 2812 1891 :
2847 1849 3028 1910 utpote
3049 1844 3141 1912 qui
3167 1861 3202 1904 e
3225 1848 3516 1919 Scripturis
3539 1855 3623 1909 di-

2045 1921 2180 1974 vinis
2210 1923 2472 1990 patientia:
2510 1926 2963 2001 philosophiaaque
3001 1935 3349 1998 sufﬁcientem
3379 1946 3626 2001 occasio-

2045 2008 2320 2107 nemliinc
2350 2019 2632 2087 acceperit.
2661 2019 2726 2072 Et
2749 2021 2886 2076 sicut
2915 2024 2959 2078 is
2982 2066 2997 2092 ,
3021 2028 3108 2094 qui
3141 2041 3393 2100 perpetuo
3415 2035 3466 2092 in
3493 2053 3629 2107 rupe

2042 2103 2304 2168 consistit,
2328 2105 2518 2162 ﬂuctus
2535 2109 2758 2179 despicit
2783 2113 2798 2144 ¹
2827 2130 2841 2166 :
2873 2115 2952 2171 sic
2975 2125 3028 2174 et
3055 2118 3099 2173 is
3117 2160 3131 2184 ,
3159 2123 3248 2190 qui
3275 2125 3484 2182 assidue
3501 2103 3626 2185 .col-

2044 2194 2176 2250 lecta
2199 2197 2506 2266 perfruitur,
2534 2216 2599 2256 ac
2627 2203 2823 2259 divinis
2838 2210 3175 2268 sermonibus
3194 2214 3463 2286 irrigatur,
3491 2229 3628 2276 taru-

2042 2300 2198 2352 quam
2227 2287 2279 2342 in
2311 2303 2441 2358 rupe
2468 2291 2521 2345 in
2555 2305 2704 2350 recto
2727 2311 2906 2352 rerum
2935 2298 3137 2368 judicio
3163 2319 3223 2360 se
3251 2306 3423 2375 ipsum
3458 2313 3627 2368 collo-

2041 2376 2216 2466 cavit,
2247 2379 2405 2434 nullis
2450 2383 2610 2437 rebus
2653 2382 2900 2443 humanis
2937 2390 3172 2458 capietur
3197 2411 3213 2447 ε
3243 2403 3300 2449 ut
3341 2397 3430 2466 qui
3460 2403 3628 2466 multo

2036 2465 2199 2523 altius
2225 2483 2284 2524 se
2311 2476 2644 2540 provexerit,
2690 2492 2848 2546 quam
2891 2494 2997 2548 quo
3027 2493 3246 2550 possent
3291 2465 3623 2558 negotiorum

2041 2558 2372 2614 szccularium
2405 2561 2736 2623 incursiones
2762 2569 3086 2640 pertingere.
3111 2571 3294 2644 Neque
3334 2592 3462 2634 vero
3496 2589 3627 2638 tan-

2041 2658 2153 2703 tum
2198 2667 2264 2708 ex
2309 2654 2692 2723 admonitione,
2732 2660 2828 2716 sed
2863 2663 3022 2717 etiam
3049 2681 3114 2719 ex
3134 2669 3407 2734 precibus,
3438 2687 3503 2728 ex
3535 2690 3628 2742 pa-

2042 2751 2189 2798 terna
2217 2743 2606 2814 benedictione,
2637 2764 2702 2804 ex
2717 2754 2985 2808 communi
3012 2768 3274 2822 conventu
3299 2758 3626 2834 fratrumque

2036 2836 2277 2901 caritate,
2307 2847 2466 2907 atque
2493 2839 2611 2895 aliis
2634 2844 2901 2902 sexcentis
2927 2859 2994 2900 ex
3020 2847 3180 2904 rebus
3205 2849 3369 2906 multa
3399 2853 3624 2916 utilitate

2038 2935 2195 2995 atque
2236 2929 2398 2984 animi
2447 2930 2802 2989 oblectatione
2839 2947 3088 3006 percepta
3127 2939 3268 2996 solet
3307 2942 3621 3012 discedere,

2035 3028 2199 3088 atque
2242 3019 2520 3080 innumera
2547 3022 2686 3080 bona
2735 3026 2950 3082 domum
2995 3041 3294 3098 reportare.
3347 3035 3624 3106 Perpende

2036 3109 2215 3180 itaque
2241 3110 2398 3170 hodie
2423 3126 2617 3184 quanta
2641 3133 2736 3172 vos
2761 3119 3128 3182 benedictione
3157 3127 3456 3186 cumulandi
3484 3133 3616 3199 sitis,

2035 3214 2235 3270 quanto
2255 3203 2340 3260 illi
2379 3205 2575 3260 damno
2599 3207 2908 3268 mulctandi.
2950 3209 3082 3266 Nam
3111 3229 3205 3268 vos
3229 3217 3442 3286 quidem
3475 3235 3620 3275 mar-

2037 3303 2208 3365 tyrum
2253 3297 2498 3376 mercede
2523 3307 2770 3370 percepta
2796 3299 3080 3358 discedetis
3109 3321 3122 3358 :
3151 3305 3227 3360 illi
3256 3322 3382 3364 vero
3399 3318 3622 3378 praster-

2031 3402 2191 3456 quam
2219 3388 2360 3458 quod
2381 3389 2530 3444 lucro
2556 3391 2658 3444 isto
2679 3392 3044 3470 privabuntur,
3067 3396 3174 3450 alio
3195 3413 3406 3468 quoque
3423 3399 3623 3460 damno

2030 3479 2329 3538 afﬁcientur
2353 3522 2369 3547 ,
2399 3482 2540 3550 quod
2577 3498 2644 3538 ex
2672 3481 2911 3538 futilibus
2953 3487 3388 3556 occupationibus
3423 3491 3622 3548 nuiltas

2030 3571 2445 3628 sollicitudinum
2511 3573 2698 3628 sordes
2763 3575 3099 3632 contraheut.
3162 3577 3617 3643 Quemadmodum

2029 3661 2169 3714 enim
2193 3662 2237 3716 is
2263 3661 2362 3728 Qui
2381 3662 2556 3732 recipit
2576 3664 2871 3734 prophetam
2893 3665 2947 3718 in
2967 3667 3168 3720 nomine
3185 3667 3463 3736 prop/tene,
3486 3685 3616 3724 mer-

2025 3754 2195 3807 cedem
2225 3755 2481 3826 propheta:
2515 3756 2764 3824 accipiet;
2807 3765 2853 3809 et
2895 3758 2982 3824 qui
2997 3757 3196 3826 justum
3224 3760 3398 3830 recipit
3442 3761 3495 3815 in
3523 3779 3618 3818 no-

2027 3845 2162 3900 mine
2176 3847 2310 3916 justi
2327 3887 2342 3914 ,
2373 3847 2648 3902 mercedem
2679 3848 2812 3917 justi
2849 3848 3060 3918 accipiet
3087 3848 3107 3918 (
3128 3847 3315 3904 Matth.
3346 3852 3433 3906 10.
3460 3852 3522 3908 41
3551 3853 3610 3923 ):

2024 3938 2102 3990 sic
2131 3945 2184 3989 et
2211 3937 2254 3990 is
2283 3939 2372 4006 qui
2417 3949 2704 4008 martyrem
2748 3940 2934 4006 recipit
2963 3941 3015 3994 in
3061 3943 3274 3997 nomine
3316 3945 3566 4015 martyris
3593 3987 3609 4008 ,

2024 4026 2326 4080 mercedem
2344 4027 2589 4098 martyris
2613 4027 2857 4095 accipiet.
2878 4027 3012 4082 Tum
3034 4044 3160 4083 vero
3187 4030 3308 4101 quis
3322 4041 3612 4102 martyrem

2023 4119 2250 4187 recipit,
2285 4133 2406 4173 cum
2433 4119 2499 4172 ad
2528 4119 2644 4187 ejus
2672 4119 2982 4173 meritoriam
3009 4122 3258 4174 convenit
3276 4163 3293 4187 ,
3321 4137 3442 4178 cum
3487 4124 3605 4192 ejus

2020 4211 2369 4266 certaminum
2400 4210 2716 4267 narrationis
2752 4210 2809 4264 lit
2849 4211 3131 4282 particeps,
3165 4227 3288 4266 cum
3320 4213 3456 4268 facta
3493 4215 3610 4271 col.

2018 4307 2348 4370 laudat,cum
2365 4304 2586 4364 virtutes
2612 4304 2866 4368 imitatur,
2885 4319 3005 4358 cum
3037 4306 3176 4372 apud
3204 4315 3431 4362 catteros
3463 4325 3606 4378 pra:-

2017 4395 2163 4453 clara
2183 4395 2322 4449 illius
2341 4393 2568 4450 facinora
2589 4394 2854 4463 praedicat.
2882 4395 3004 4449 llaec
3024 4405 3310 4466 martyrum
3332 4397 3606 4467 hospitalia

2019 4495 2143 4540 sunt
2172 4487 2310 4539 dona
2334 4500 2349 4550 ;
2377 4485 2455 4539 sic
2479 4484 2611 4538 istos
2631 4492 2844 4540 sanctos
2859 4484 2979 4556 quis
2998 4486 3239 4556 suscipit,
3262 4486 3406 4544 sicut
3433 4497 3488 4542 et
3506 4503 3604 4543 vos

2019 4578 2197 4646 utique
2213 4575 2472 4632 hodierno
2499 4574 2585 4629 die
2613 4573 2832 4632 fecistis.

2087 4671 2140 4725 2.
2173 4669 2478 4740 Martyrium
2503 4678 2575 4722 est
2603 4667 2911 4738 Baptismus.
2940 4697 3014 4716 νπ-
3041 4669 3163 4726 Heri
3208 4669 3384 4739 itaque
3415 4671 3596 4728 Domi-

2019 4779 2120 4820 nus
2158 4761 2371 4833 quidem
2416 4769 2599 4816 noster
2640 4776 2776 4828 aqua
2822 4760 3116 4828 baptizatus
3157 4770 3240 4822 est
3279 4763 3390 4834 (α),
3443 4763 3599 4818 hodie

2024 4868 2151 4910 vero
2193 4869 2378 4910 servus
2419 4851 2675 4920 sanguine
2702 4851 2997 4919 baptizatur
3031 4868 3044 4902 :
3075 4851 3328 4909 hesterno
3370 4852 3456 4906 die
3487 4854 3600 4906 caeli

2019 4953 2186 5015 porta:
2237 4951 2362 4998 sunt
2413 4951 2683 5008 reseratae,
2739 4941 2898 4996 hodie
2942 4941 3227 5000 inferorum
3273 4953 3440 5011 portae
3481 4953 3602 4998 sunt

2019 5037 2362 5094 Conculcatte.
2395 5035 2578 5104 Neque
2606 5033 2878 5092 miremini
2901 5073 2918 5098 ,
2947 5032 3091 5102 quod
3119 5033 3438 5104 baptismum
3467 5051 3602 5098 mar-

2022 5129 2214 5199 tyrium
2247 5127 2592 5196 nuncuparim
2625 5143 2638 5178 :
2669 5141 2792 5180 nam
2821 5134 2878 5180 et
2906 5124 2992 5180 hic
3019 5124 3249 5195 Spiritus
3276 5142 3395 5181 eum
3440 5127 3603 5184 multa

2015 5222 2228 5278 advolat
2253 5223 2511 5282 ubertate,
2533 5234 2598 5275 ac
2626 5228 2964 5288 peccatorum
2993 5219 3214 5274 abolitio
3243 5228 3298 5272 et
3321 5219 3515 5278 auium:
3545 5219 3605 5274 fit

2019 5315 2260 5384 purgatio
2286 5313 2527 5382 mra-dam
2558 5312 2815 5374 mirabilis
2835 5327 2903 5368 ac
2931 5312 3190 5380 stupenda
3221 5328 3234 5364 :
3261 5320 3316 5370 ct
3343 5309 3600 5380 quemad-

2017 5407 2233 5464 modum
2268 5405 2323 5468 ii,
2355 5405 2445 5473 qui
2475 5403 2834 5472 baptizantur,
2861 5403 3046 5472 aquis,
3079 5403 3146 5458 ita
3174 5400 3260 5470 qui
3289 5401 3602 5468 martyrium

2081 5541 2096 5572 ι
2124 5536 2270 5609 savii.
2296 5539 2347 5608 in
2364 5549 2540 5609 marg.,
2565 5535 2648 5601 qui
2668 5535 2720 5587 in
2741 5534 2869 5587 ηιανὶ
2888 5540 2934 5586 et
2955 5533 3008 5584 in
3030 5544 3150 5597 rupe
3173 5543 3340 5584 secure
3363 5536 3594 5599 emisisti.

2015 5601 2189 5668 ﬂuctus
2207 5598 2429 5668 ἀξενίσϋ-

2083 5664 2155 5724 (a)
2187 5661 2551 5725 tipiphaniorum
2574 5661 2755 5712 festum
2775 5668 3028 5710 memorat.
