4044 6206
366 232 469 288 585

356 349 387 402 6
417 347 481 418 δὴ
506 347 602 400 καὶ
626 348 720 402 ἐπὶ
753 348 940 402 τούτου
1000 351 1308 420 γεγένηται.
1358 355 1516 407 ’Λλλά
1545 357 1654 426 γὰρ
1689 358 1795 427 πρό
1827 357 1929 423 τῆς

359 431 572 501 σφαγῆς
612 433 908 499 ἀναγκαῖον
956 435 1130 485 εἰπεῖν
1175 437 1266 486 τοῦ
1301 435 1546 490 διαϐόλου
1574 440 1672 509 τὴν
1705 455 1932 508 πανουρ-

356 513 503 579 γίαν.
558 513 791 566 Συνιδὼν
825 514 931 584 γὰρ
973 515 1179 578 ἐκεῖνος
1217 517 1299 569 ὅτι
1333 519 1513 588 πάσης
1543 520 1810 591 τιμωρίας
1839 521 1932 573 καὶ

357 594 637 658 κολάσεως
661 597 834 660 εἴδους
863 598 1192 664 κατεγέλασε
1223 609 1264 662 ⁸,
1285 601 1379 654 καὶ
1408 601 1531 655 οὔτε
1582 605 1809 674 κάμινον
1835 604 1931 655 ἀν-

357 677 526 740 ἀοιας,
553 677 678 730 οὔτε
701 679 970 750 βάραθρον
989 680 1208 752 ὀρύξας,
1226 682 1347 735 οὕτε
1371 686 1560 755 τροχὸν
1585 687 1928 755 εὐτρεπίσας,

355 769 481 812 οοτε
511 763 592 824 εἰς
617 761 774 827 ξύλον
812 764 1126 830 ἀναγαγὼν,
1161 765 1284 817 οὔτε
1311 768 1390 829 είς
1423 769 1701 838 κρημνοὺς
1733 768 1893 838 ῥίψας
1912 809 1926 834 ,

354 842 478 894 οὔτε
496 844 578 904 εἰς
595 843 799 913 θηρίων
815 844 1030 909 ὀδόντας
1051 847 1076 896 ἐ
1084 847 1304 914 μϐαλὼν
1333 849 1518 917 ἴσχυσε
1549 850 1930 919 περιγενέσθαι

353 924 456 992 τῆς
490 924 587 976 τοῦ
629 926 784 992 ἁγίου
813 927 1147 994 φιλοσοφίας,
1179 928 1365 999 ἕτερον
1403 932 1662 1002 ἐπενόησε
1684 931 1932 1002 χαλεπώ-

353 1023 513 1076 τερον
545 1008 780 1076 τρόπον,
825 1011 917 1061 καὶ
946 1012 1161 1081 περιῄει
1205 1011 1384 1082 ζητῶν
1410 1015 1679 1084 τιμωρίαν
1721 1018 1927 1085 εὑρεῖν,

353 1088 496 1140 ῶστε
525 1089 624 1158 τὴν
653 1091 822 1160 αὐτὴν
857 1093 991 1162 ὁμοῦ
1021 1096 1113 1146 zeal
1157 1095 1492 1168 δριμυτάτην
1534 1099 1788 1166 γενέσθαι
1836 1100 1930 1151 καὶ

357 1173 731 1242 μακροτάτην.
775 1175 990 1246 Ἐπειδὴ
1024 1177 1133 1245 γὰρ
1161 1179 1268 1230 τῶν
1303 1180 1576 1234 κολάσεων
1599 1183 1657 1233 αἱ
1683 1183 1778 1250 μὲν
1799 1183 1931 1249 ἀφό-

355 1271 510 1323 ρητοι
564 1255 827 1327 ταχίστην
879 1259 1181 1328 παρέχουσι
1218 1261 1315 1332 τὴν
1365 1263 1715 1334 ἀπαλλαγὴν,
1773 1266 1829 1316 αἰ
1873 1265 1930 1318 δὲ

354 1336 786 1406 ἐπιμηκέστεραι
817 1339 1207 1410 ὑποτέμνονται
1233 1345 1330 1413 τὴν
1353 1344 1542 1416 ὀδύνην
1561 1385 1575 1407 ,
1600 1345 1929 1398 ἐσπούδασεν

355 1416 536 1485 εὑρεῖν
567 1417 790 1470 κόλασιν
832 1420 967 1489 ὁμοῦ
1005 1440 1063 1474 τε
1114 1424 1182 1476 τὰ
1217 1425 1501 1497 ἀμφότερα
1541 1426 1766 1495 ἔχουσαν
1787 1465 1801 1488 ,
1835 1429 1929 1480 καὶ

358 1500 535 1569 μῆκος
571 1502 667 1553 καὶ
695 1502 997 1575 ὑπερϐολὴν
1036 1505 1229 1576 ὀδύνης
1268 1509 1583 1578 ἀνήκεστον,
1621 1511 1706 1562 ἵνα
1736 1511 1831 1562 καὶ
1859 1513 1924 1580 τῇ

354 1582 677 1652 σφοδρότητι
717 1587 812 1637 καὶ
856 1587 934 1656 τῷ
974 1588 1164 1658 πλήθει
1217 1589 1312 1642 τοῦ
1354 1592 1545 1660 χρόνου
1592 1591 1652 1644 τὸ
1699 1592 1929 1663 στερρὸν

354 1665 633 1737 καταϐάλῃ
658 1670 758 1737 τῆς
779 1669 944 1722 αὐτοῦ
966 1670 1221 1734 διανοίας.

423 1747 535 1801 Καὶ
562 1750 614 1801 τί
647 1753 818 1815 ποιεῖς
853 1753 1013 1823 Λιμῷ
1048 1755 1141 1807 τὸν
1171 1755 1326 1823 ἅγιον
1354 1756 1684 1827 παραδίδωσι
1709 1755 1922 1809 τοῦτον·

356 1828 422 1880 σὺ
445 1829 504 1882 δέ
536 1830 696 1900 λιμὸν
732 1833 969 1898 ἀκούσας
1015 1836 1090 1907 μὴ
1133 1837 1409 1910 παρέλθῃς
1440 1839 1626 1903 ἀπλῶς
1671 1840 1733 1892 τὸ
1771 1839 1924 1907 λεγόο

359 1928 546 1980 μενον·
601 1915 853 1968 ἁπάντων
895 1917 1004 1988 γὰρ
1052 1920 1296 1974 θανάτων
1337 1915 1492 1985 οὗτός
1529 1925 1644 1976 ἐστι
1681 1923 1926 1993 χαλεπώ-

349 2012 528 2057 τατος.
561 1998 673 2050 Καὶ
721 1999 997 2071 μάρτυρες
1028 2005 1076 2055 οί
1123 2006 1319 2074 πεῖραν
1349 2005 1663 2076 εἰληφότες⁹
1711 2006 1784 2076 μὴ
1817 2005 1924 2077 γὰρ

350 2077 415 2159 δή
444 2080 603 2147 ἡμεῖς
640 2083 835 2152 πεῖραν
865 2082 1124 2155 λάϐοιμεν
1162 2103 1177 2118 ο
1207 2087 1387 2151 καλῶς
1435 2088 1544 2159 γάρ
1568 2088 1924 2159 ἐδιδάχθημεν

350 2157 626 2244 εθχεσθαι,
651 2162 726 2233 μὴ
751 2166 1009 2220 είσελθεῖν
1028 2168 1056 2207 b
1082 2170 1160 2233 είς
1190 2157 1923 2244 πειρασμόνξΚαθάπεργάρ

349 2241 542 2312 δήμιός
566 2260 650 2306 τις
679 2247 793 2307 τοῖς
828 2248 1154 2318 σπλάγχνοις
1187 2241 1335 2305 ἔνδον
1369 2254 1672 2325 καθήμενος
1708 2241 1922 2306 ἅπαντα

349 2325 664 2391 καταξαίνει
697 2329 764 2380 τὰ
803 2330 962 2401 μέλη,
1012 2332 1182 2402 πυρὸς
1228 2335 1427 2400 παντὸς
1456 2336 1549 2388 καὶ
1579 2335 1765 2406 θηρίου
1797 2353 1922 2404 σφο-

350 2407 601 2478 δρότερον
667 2411 964 2466 κατεσθίων
1030 2416 1294 2470 πάντοθεν
1347 2417 1409 2471 τὸ
1455 2419 1646 2488 σῶμα,
1701 2419 1919 2488 διηνεκῆ

348 2505 469 2573 1ιίνα
499 2491 593 2542 καὶ
640 2492 877 2562 ἄρρητον
923 2497 1179 2567 παρέχων
1226 2499 1439 2570 ὀδύνην.
1475 2501 1585 2554 Καὶ
1616 2501 1701 2553 ἵνα
1745 2501 1922 2573 μάθῃς

349 2571 471 2623 ὅσον
508 2573 626 2625 ἐστὶ
672 2574 860 2642 λιμὸς,
912 2579 1005 2629 καὶ
1039 2579 1246 2633 τέκνων
1278 2581 1649 2648 ἀπεγεύσαντο
1689 2571 1921 2654 μητέρες

349 2654 630 2719 πολλάκις,
659 2655 758 2728 τὴν
785 2655 878 2711 τοῦ
912 2659 1082 2712 κακοῦ
1110 2661 1296 2715 τούτου
1315 2663 1436 2733 βίαν
1459 2665 1559 2717 οὐκ
1579 2665 1914 2732 ἐνεγκοῦσαι·

347 2736 444 2789 καὶ
482 2738 686 2806 ταύτην
742 2738 839 2810 τὴν
885 2743 1168 2812 συμφοράν
1211 2745 1502 2815 τραγῳδῶν
1553 2748 1582 2799 6
1637 2749 1920 2817 προφήτης

346 2819 536 2888 ἔλεγε·
581 2821 784 2888 Χεῖρες
821 2825 1122 2891 γυναικῶν
1158 2829 1544 2896 οίκτιρμόνων
1565 2828 1821 2897 ἥψησαν
1848 2828 1918 2881 τὰ

345 2901 532 2982 τέκνα
574 2903 791 2960 αὐτῶν.
831 2904 938 2968 Οὓς
979 2906 1162 2961 ἔτεκον
1205 2910 1438 2979 μητέρες
1482 2911 1794 2982 κατήσθιον,
1824 2916 1918 2963 καὶ

346 2981 457 3037 τῶν
485 2985 851 3054 γεννηθέντων
894 2989 1119 3044 παιδίων
1147 2994 1181 3062 ή
1209 2993 1440 3046 τεκοῦσα
1467 2981 1678 3064 γαστὴρ
1705 2994 1920 3062 ἐγένετο

345 3065 546 3133 τάφος,
573 3069 670 3120 καὶ⁸
697 3068 912 3135 φύσεως
940 3072 1242 3143 ἐκράτησεν
1272 3077 1300 3128 6
1327 3074 1479 3144 λιμός
1496 3091 1509 3104 ·
1545 3075 1740 3146 μᾶλλον
1767 3075 1823 3128 δὲ
1858 3077 1917 3128 ού

346 3146 562 3215 φύσεως
601 3149 794 3217 μόνον,
819 3151 955 3204 ἀλλά
998 3155 1094 3206 καὶ
1142 3157 1242 3225 τῆς
1290 3159 1686 3227 προαιρέσεωςο
1721 3157 1821 3226 τῆς
1864 3157 1920 3210 δέ

345 3230 441 3298 τοῦ
471 3229 628 3296 ἁγίου
649 3230 840 3284 τούτου
861 3234 1233 3303 γενναιότητος
1257 3238 1356 3290 οὐκ
1385 3239 1675 3309 ἐκράτησε.
1707 3240 1800 3306 Τίς
1822 3240 1920 3292 οὐκ

346 3313 414 3367 ἂν
441 3313 739 3384 ἐκπλαγείη
771 3317 941 3370 ταῦτα
973 3319 1242 3384 ἀκούσας;
1275 3321 1466 3375 Καίτοι
1497 3321 1550 3374 τί
1584 3321 1799 3391 φύσεως
1831 3323 1922 3374 δυο

347 3396 552 3447 νατώτε
562 3412 684 3465 ρον;
708 3398 759 3449 τί
781 3397 838 3450 δὲ
860 3402 1230 3471 προαιρέσεως
1250 3403 1745 3476 ὀξυρρεπέστερονς
1783 3404 1920 3456 Ἀλλ’

351 3478 438 3529 ἴνα
479 3478 686 3548 μάθῃς,
734 3481 816 3533 ὅτι
848 3482 943 3533 τοῦ
979 3483 1142 3550 φόϐου
1182 3484 1276 3537 τοῦ
1319 3485 1454 3538 Θεοῦ
1499 3487 1651 3540 ούδέν
1707 3487 1921 3557 ἰσχυρό-

347 3577 536 3628 τερον,
572 3565 890 3634 προαίρεσις
921 3564 1069 3638 [5‘27]
1099 3567 1309 3635 φύσεως
1345 3569 1681 3638 εὐτονωτέρα
1712 3572 1881 3639 ἐφάνη
1905 3612 1919 3634 ,

353 3646 446 3695 καὶ
496 3647 739 3716 μητέρας
787 3649 882 3717 μὲν
935 3648 1161 3718 ἤλεγξε,
1203 3653 1294 3704 καὶ
1339 3652 1542 3705 ὠδίνων
1575 3653 1922 3706 ἐπιλαθέσθαι

354 3728 605 3798 ἐποίησε,
640 3731 731 3782 τὸν
763 3731 818 3783 δὲ
849 3733 1002 3799 ἅγιον
1037 3733 1224 3787 τοῦτον
1269 3735 1619 3788 ύποσκελίσαι
1648 3736 1746 3787 οὐκ
1772 3737 1922 3807 ἴσχυ-

356 3826 466 3873 σεν,
515 3811 635 3863 οὐδὲ
691 3815 1035 3884 περιεγένετο
1088 3816 1187 3886 τῆς
1238 3817 1621 3888 φιλοσοφίαςὴ
1668 3818 1921 3886 κόλασις,

353 3892 472 3944 οὐδὲ
495 3893 596 3963 τῆς
623 3894 875 3964 ἀνδρείας
902 3897 1203 3966 ἐκράτησεν
1232 3900 1263 3968 ἡ
1287 3899 1524 3968 τιμωρία
1543 3915 1558 3928 ’
1592 3899 1704 3951 ἀλλ’
1734 3900 1925 3969 ἔμενεν

353 3972 656 4041 ἀδάμαντος
693 3975 893 4038 παντὸς
933 3976 1273 4048 ἰσχυρότερος
1293 4020 1307 4040 ,
1340 3981 1460 4037 ταῖς
1487 3978 1717 4045 ἀγαθαῖς
1740 3981 1925 4049 ἐντρυ-

353 4052 469 4132 φῶν
501 4055 682 4107 ἐλπίσι
703 4095 717 4116 ,
765 4057 858 4109 καὶ
883 4061 947 4128 τῇ
982 4058 1089 4111 τῶν
1117 4059 1341 4126 ἀγώνων
1387 4061 1926 4132 ἐγκαλλωπιζόμενος

352 4131 636 4196 ὑποθέσει,
675 4135 866 4206 ἱκανὴν
907 4137 1259 4206 παραμυθίαν
1300 4138 1436 4208 έχων
1468 4139 1575 4192 τῶν
1608 4139 1782 4192 ἄθλων
1827 4141 1924 4210 τὴν

351 4214 604 4284 ἀφορμὴν
623 4257 636 4276 ,
679 4215 912 4284 μάλιστα
938 4219 1057 4271 καθ’
1093 4221 1327 4288 ἑκάστην
1355 4223 1567 4275 ἀκούων
1600 4224 1810 4276 Παύλου
1839 4224 1926 4275 λέ·-

350 4311 558 4361 γοντος⁸
594 4298 849 4367 Ἐνλιμῷ
868 4301 962 4352 καὶ
981 4300 1152 4369 δίψῃ,
1175 4303 1243 4355 ἐν
1256 4304 1342 4370 ψύ
1348 4321 1437 4370 χει
1453 4305 1550 4357 καὶ
1572 4307 1892 4373 γυμνότητι
1906 4323 1919 4336 ·

351 4377 445 4429 καὶ
484 4378 678 4456 πάλιν,
724 4382 895 4448 Ἀχρι
945 4381 1050 4449 τῆς
1083 4385 1211 4450 ἄρτι
1253 4383 1408 4452 ὥρας
1453 4387 1548 4439 καὶ
1599 4388 1923 4456 πεινῶμεν,

353 4456 448 4506 καὶ
499 4455 794 4525 διψῶμεν,
842 4460 940 4512 καὶ
970 4465 1450 4532 τυμνητεύομεν,
1483 4466 1578 4517 καί
1613 4455 1924 4534 κολαφιζό-

349 4539 516 4606 μεθαο
550 4539 666 4608 ᾔδει
690 4541 818 4610 γὰρ,
846 4542 959 4612 ⁴ᾔδει
989 4544 1196 4612 σαφῶς,
1223 4545 1304 4597 ὅτι
1325 4548 1445 4599 Οὐκ
1471 4547 1562 4598 ἐπ’
1594 4547 1747 4614 ἄρτῳ
1763 4551 1927 4616 μόνῳ

353 4617 595 4685 ζήσεται
616 4621 928 4688 ἄνθρωπος
947 4666 962 4689 ,
1002 4625 1140 4678 ἀλλ’
1168 4625 1238 4678 ἐν
1265 4628 1440 4680 παντὶ
1461 4628 1679 4696 ῥήματι
1701 4642 1721 4668 ο
1749 4631 1926 4683 ἐκπο-

348 4706 654 4774 ρευομένῳ
676 4708 772 4764 διὰ
793 4713 1088 4779 στόματος
1121 4714 1288 4768 Θεοῦ.
1333 4717 1420 4778 Ὠς
1447 4716 1502 4769 δὲ
1524 4715 1660 4770 είδεν
1681 4721 1708 4771 6
1734 4719 1926 4790 μιαρὸς

353 4790 560 4862 δαίμων
607 4796 709 4849 οὐκ
753 4798 1022 4853 ἐνδιδόντα
1067 4804 1132 4871 τῇ
1187 4803 1418 4878 τοσαύτῃ
1464 4805 1557 4857 τοῦ
1607 4807 1926 4877 πράγματος

354 4878 600 4950 ἀνάγκῃ,
647 4883 726 4937 ἔτι
769 4885 1154 4959 χαλεπωτέραν
1200 4891 1369 4943 ἐποίει
1399 4893 1496 4961 τὴν
1531 4894 1780 4962 βάσανον.
1820 4897 1926 4948 Καὶ

355 4965 462 5035 γάρ
491 4968 816 5024 εἰδωλόθυτα
860 4972 1070 5039 λαϐὼν,
1131 4976 1226 5028 καὶ
1273 4978 1372 5047 τὴν
1405 4977 1680 5048 τράπεζαν
1725 4982 1925 5035 τούτων

417 5151 443 5179 ι
474 5143 649 5216 Ιοςει.
672 5153 724 5193 ει
746 5147 894 5216 Sui}.
928 5150 975 5197 in
1003 5163 1152 5216 marg.
1179 5151 1250 5216 ὅτι
1271 5151 1424 5208 πάσης
1437 5154 1662 5216 τηιωρίας
1679 5156 1760 5216 καὶ
1781 5158 1926 5204 κολά-

417 5169 443 5179 -
475 5169 649 5192 -υτω,
672 5169 724 5193 τι
746 5169 894 5196 navu.
928 5169 975 5197 In
1003 5169 1152 5222 marg.
1179 5169 1250 5222 οςτι
1271 5169 1424 5208 πασης
1437 5169 1662 5260 τίμωριας
1679 5171 1760 5203 και
1781 5169 1925 5204 κολα-

356 5222 478 5259 αως
505 5206 656 5261 εἰδούς
678 5210 986 5268 κατεγέλασε.
1015 5212 1164 5260 δενιι.
1202 5223 1252 5259 ιιι
1278 5219 1438 5268 textu.
1507 5228 1587 5268 ex.
1617 5221 1669 5264 et
1695 5215 1828 5265 Colb.
1854 5219 1925 5265 ὅτι

773 5270 852 5316 καὶ
876 5272 1284 5348 ³κτίλάξπεωςιεῖδος
1311 5268 1618 5348 κατηγγέλξθη.
1646 5274 1772 5348 qura
1799 5277 1922 5340 R93.

353 5328 499 5399 Οομιλ
513 5334 578 5399 ει,
585 5328 738 5399 _Sa_Vil.
752 5330 921 5393 τροχὸν
928 5332 1312 5399 δείξας-5101⁵61ζ
1321 5328 1490 5399 τροχόν
1512 5328 1800 5399 εὐτρεπίσας.

402 5389 447 5438 ,δ
468 5389 616 5438 Savil.
633 5386 1036 5455 iq_mai'_g'.'1::‘ip¢v
1054 5386 1141 5441 τοῦ
1165 5392 1318 5442 κακοῦ
1341 5386 1604 5455 Haupt.
1619 5397 1740 5446 Ibid.
1772 5386 1923 5448 Savil.

356 5450 407 5518 ξιι
429 5463 577 5518 παῖε.
593 5457 647 5518 ει
668 5449 1072 5518 lorel'._nosiram
1101 5449 1761 5518 lectioqemaﬂqiuntquam
1784 5473 1926 5508 secu-

357 5515 438 5587 Ls
459 5514 534 5557 est
550 5512 824 5587 in'lerpfesi
843 5514 890 5560 In
913 5521 1052 5587 ιθιιιι
1073 5522 1237 5587 ειιιεῐη
1259 5516 1434 5587 ἕδξίΙη
1457 5517 1585 5587 Reg.
1607 5512 1661 5568 εἰ
1677 5519 1810 5569 Colb.
1842 5523 1926 5570 λά-

356 5571 536 5632 ϐοιμεν,
562 5571 754 5644 εὔχεσθε
775 5575 881 5632 γάρ,
915 5577 1046 5634 φησί,
1072 5577 1134 5637 μή
1159 5577 1396 5649 εἰσελθεῖν,
1421 5571 1516 5624 εις.
1534 5571 1562 5579 ⁷

422 5633 448 5663 ⁸
467 5633 640 5690 εμπ,
663 5631 784 5694 Reg.
813 5643 862 5683 el
885 5635 1131 5685 Colb.:‘cn’
1157 5638 1230 5685 ἐπὶ
1252 5655 1387 5686 παντι
1409 5640 1596 5700 ῥήματι.

1483 226 1547 278 IN
1577 225 1631 279 Β.
1664 225 2009 284 LUCHNUM
2041 227 2444 284 MARTYREM.

3514 247 3619 308 526

2037 356 2354 429 ἐμπλήσας,
2398 362 2502 435 πρὸ
2547 362 2653 414 τῶν
2698 361 2990 434 ὀφθαλμῶν
3044 362 3210 417 αὐτοῦ
3233 362 3449 432 τεθῆναι
3476 382 3621 438 παρ-

2034 447 2358 512 εσκεύασεν,
2390 451 2475 502 ἵνα
2511 452 2570 502 τὸ
2619 451 2716 519 τῆς
2757 452 3002 516 ἐξουσίας
3035 453 3248 524 ἕτοιμον
3297 452 3495 527 ἐκλύσῃ
3520 457 3621 528 τῆς

2036 536 2348 608 προθυμίας
2380 541 2478 609 τὴν
2517 541 2783 594 εὐτονίαν.
2829 542 2902 594 Ού
2941 545 3050 612 γὰρ
3081 542 3252 607 οὕτως
3283 543 3620 614 ἀλισκόμεθα

2040 627 2113 696 μὴ
2169 630 2513 698 φαινομένων
2563 631 2669 683 τῶν
2722 631 3082 695 δελεαζὸντων
3137 635 3510 704 πραγμάτων,
3543 635 3619 700 ὡς

2039 715 2145 784 πρὸ
2168 715 2276 767 τῶν
2302 717 2596 787 ὀφθαλμῶν
2625 719 2891 789 κειμένων
2911 737 2924 749 ο
2957 723 3078 773 ἐπεὶ
3109 721 3202 774 καὶ
3223 722 3322 792 τῆς
3346 721 3618 790 γυναικῶν

2040 803 2338 874 ἐπιθυμίας
2373 804 2730 876 εὐκολώτερον
2768 811 2830 866 ἄν
2860 825 2939 870 τις
2978 810 3270 879 κρατήσειε
3303 810 3376 879 μὴ
3407 809 3619 878 βλέπων

2036 893 2271 959 γυναῖκα
2322 890 2596 962 εὔμορφον
2618 932 2632 954 ,
2762 894 2998 964 συνεχῶς
3029 896 3107 957 εἰς
3138 895 3306 966 αὐτὴν
3336 895 3611 961 ἀτενίζων.

2054 976 2193 1031 Ἀλλ’
2239 979 2387 1048 ὅμως
2431 979 2526 1030 καὶ
2572 979 2775 1049 ταύτης
2805 981 3074 1051 ἐκράτησε
3109 982 3206 1052 τῆς
3232 983 3454 1052 ἐνέδρας
3483 984 3512 1035 ὀ
3535 984 3615 1035 δί-

2038 1081 2193 1126 καιος
2215 1106 2228 1129 ,
2263 1067 2356 1116 καὶ
2385 1065 2522 1135 ὅπερ
2555 1066 2802 1136 ἐνόμιζεν
2838 1067 2867 1118 6
2897 1068 3139 1130 διάϐολος
3173 1067 3417 1122 ἐκλύσειν
3450 1069 3616 1123 αὐτοῦ

2034 1149 2132 1218 τὴν
2165 1149 2435 1220 ἀνδρείαν,
2458 1152 2618 1204 τοῦτο
2654 1153 2886 1222 μάλιστα
2921 1154 3082 1206 αὑτὸν
3115 1155 3301 1224 ήλειψε
3329 1157 3464 1226 πρὸς
3491 1158 3617 1220 τοὺς

2036 1235 2283 1303 ἀγῶναςο
2319 1237 2378 1288 οὐ
2419 1237 2526 1307 γὰρ
2557 1239 2715 1308 μόνον
2745 1240 2894 1292 ούδέν
2937 1241 3134 1292 ἔπαθεν
3177 1241 3283 1293 ἀπὸ
3319 1240 3417 1311 τῆς
3442 1242 3616 1312 ὅψεως

1987 1370 1995 1379 ,
2033 1321 2142 1374 τῶν
2187 1323 2581 1390 εἰδωλοθύτων,
2619 1325 2753 1380 ἀλλὰ
2798 1327 2891 1380 καὶ
2935 1328 3128 1397 μᾶλλον
3175 1329 3310 1381 αὐτὰ
3350 1329 3616 1399 ἀπεστρέ-

2035 1425 2164 1477 φετο
2210 1412 2302 1463 καὶ
2351 1412 2566 1483 ἐμίσει·
2621 1414 2714 1467 καὶ
2744 1414 2878 1484 ὅπερ
2914 1413 3136 1467 ἐπὶτῶν
3165 1415 3374 1484 ἐχθρῶν
3409 1417 3614 1485 πάσχο-

2039 1513 2157 1565 μεν,
2179 1499 2405 1567 ὅσῳπερ
2430 1499 2494 1551 ἂν
2522 1499 2716 1563 αὐτοὺς
2745 1501 3120 1570 ἐμϐλέψωμεν,
3148 1501 3383 1571 τοσούτῳ
3417 1500 3614 1572 μᾶλλον

2033 1583 2231 1646 αὐτοὺς
2290 1585 2553 1655 μισοῦμεν
2612 1589 2703 1639 καὶ
2765 1589 3254 1658 ἀποστρεφόμεθα,
3317 1588 3474 1642 τοῦτο
3520 1589 3615 1642 καί⁹

2033 1674 2246 1736 ἐκεῖνος
2289 1673 2380 1725 ἐπί
2409 1675 2508 1742 τῆς
2545 1676 2746 1744 μιαρᾶς
2779 1676 2992 1744 ἐκείνης
3016 1676 3216 1746 ἔπασχε
3249 1677 3438 1740 θυσίας
3459 1677 3609 1730 τότε·

2039 1755 2239 1825 μᾶλλον
2279 1758 2386 1824 γὰρ
2425 1757 2590 1828 αὐτὴν
2626 1758 2766 1828 ὀρῶν
2813 1758 3153 1812 ἐϐδελύττετο
3196 1762 3291 1813 καὶ
3317 1761 3572 1831 ἀπεπήδα
3595 1801 3612 1823 ,

2032 1845 2127 1897 καὶ
2161 1846 2192 1914 ή
2229 1846 2457 1916 συνεχὴς
2482 1845 2602 1914 ὄψις
2631 1846 2827 1916 μᾶλλον
2859 1847 3021 1900 αὐτὸν
3049 1849 3129 1910 εἰς
3169 1851 3322 1918 μῖσος
3350 1848 3443 1901 καὶ
3471 1849 3613 1902 ἀπο-

2030 1929 2236 2001 τροπὴν
2263 1931 2368 1983 τῶν
2411 1931 2781 2001 προκειμένων
2823 1933 3074 1986 ἐνέϐαλλε
3095 1951 3108 1964 ·
3148 1935 3240 1987 καὶ
3275 1935 3368 1986 τοῦ
3397 1935 3560 2003 λιμοῦ
3581 1933 3611 1975 δ

2033 2016 2179 2086 μέγα
2224 2017 2434 2071 ἔνδοθεν
2481 2018 2819 2088 ἐμϐοῶντος,
2864 2019 3093 2073 καὶτῶν
3121 2021 3491 2091 προκειμένων
3522 2039 3612 2074 κε-

2027 2104 2268 2167 λεύοντος
2307 2105 2675 2173 ἐφάπτεσθαι,
2719 2109 2748 2158 6
2782 2105 2876 2159 τοῦ
2925 2105 3060 2159 Θεοῦ
3089 2107 3252 2174 φόϐος
3292 2108 3392 2171 τὰς
3424 2111 3610 2177 χεῖρας

2028 2191 2342 2256 ἀνέστελλε,
2369 2193 2462 2246 καὶ
2494 2193 2592 2262 τῆς
2623 2192 2836 2262 φύσεως
2866 2194 3034 2264 αὐτῆς
3066 2194 3423 2248 ἐπιλαθέσθαι
3470 2210 3610 2268 παρ-

2027 2277 2319 2341 εσκεύαξε⁶
2367 2281 2460 2332 καὶ
2513 2279 2790 2351 τράπεζαν
2841 2281 2983 2351 ὀρῶν
3039 2283 3240 2351 μιαρὰν
3285 2282 3378 2334 καὶ
3405 2283 3607 2352 ἐναγῆ,

2024 2361 2305 2431 τραπέζης
2338 2362 2578 2432 ἐμνήσθη
2609 2362 2802 2431 ἑτέρας
2831 2364 2932 2433 τῆς
2967 2363 3273 2434 φρικώδους
3309 2365 3402 2416 καὶ⁵
3439 2363 3610 2416 Πνεύ-

2028 2464 2196 2517 ματος
2238 2449 2548 2517 γεμούσης,
2606 2450 2698 2501 καὶ
2738 2449 2910 2512 οὓτως
2953 2450 3250 2520 ἐπυροῦτο,
3284 2450 3358 2513 ὼς
3397 2449 3609 2504 ἐλέσθαι

2025 2535 2200 2588 πάντα
2229 2535 2527 2606 ὑποστῆναι
2558 2538 2652 2589 καὶ
2681 2536 2891 2601 παθεῖν,
2931 2538 2964 2607 ἢ
2996 2538 3104 2590 τῶν
3145 2539 3357 2608 μιαρῶν
3385 2538 3610 2591 ἐκείνων

2025 2621 2441 2692 ἀπογεύσασθαι
2474 2624 2808 2694 ἐδεσμάτων.
2853 2625 3188 2696 Ἀνεμνήσθη
3230 2626 3449 2695 καὶτῆς
3475 2642 3606 2698 τρα-

2027 2709 2200 2779 πέζης
2234 2710 2453 2779 ἐκείνης
2488 2710 2594 2762 τῶν
2624 2711 2789 2779 τριῶν
2825 2711 3028 2764 παίδων
3048 2751 3062 2775 ,
3089 2712 3138 2763 οἳ
3166 2712 3274 2764 νέοι
3295 2711 3606 2782 ληφθέντες,

2024 2797 2118 2850 καὶ
2148 2800 2328 2866 πάσης
2367 2797 2564 2867 ἔρημοι
2595 2797 2929 2869 προστασίας
2953 2799 3101 2862 ὀντες
3121 2842 3136 2864 ,
3167 2801 3224 2852 ἐν
3262 2799 3514 2870 ἀλλοτρίᾳ
3534 2803 3606 2870 γῇ

2025 2884 2119 2937 καὶ
2169 2883 2429 2954 βαρϐάρῳ
2479 2882 2635 2954 χώρᾳ
2677 2883 2944 2953 τοσαύτην
2991 2885 3333 2949 ἐπεδείξαντο
3391 2885 3606 2953 φιλοσο-

2025 2970 2174 3039 φίαν,
2201 2970 2277 3033 ὼς
2307 2970 2469 3040 μέχρι
2495 2968 2592 3023 νῦν
2620 2969 2841 3040 ᾄδεσθαι
2868 2971 2966 3040 τὴν
2995 2971 3246 3042 ἀνδρείαν
3269 2971 3464 3024 αὐτῶν.
3498 2973 3606 3025 Καὶ

2023 3061 2073 3112 οἰ
2107 3060 2204 3129 μὲν
2257 3058 2496 3112 Ἰουδαῖοι
2525 3060 2625 3111 καὶ
2656 3059 2753 3128 τὴν
2791 3058 2997 3111 οἰκείαν
3024 3059 3240 3130 ἔχοντες
3278 3060 3378 3130 γῆν
3407 3059 3605 3130 ὴσέϐη-

2029 3164 2127 3200 σαν
2148 3187 2162 3209 ,
2193 3147 2285 3199 καὶ
2315 3148 2371 3198 ἐν
2399 3144 2477 3214 τῷ
2505 3146 2618 3215 ναῷ
2657 3145 3017 3214 διατρίϐοντες
3063 3145 3507 3219 εἰδωλολάτρουνο
3551 3148 3609 3202 οί

2024 3235 2081 3287 δὲ
2103 3235 2214 3287 νέοι
2244 3236 2439 3286 ἐκεῖνοι
2457 3235 2534 3296 εἰς
2560 3233 2660 3302 τὴν
2695 3231 3036 3305 βαρϐαρικὴν
3066 3233 3454 3304 ἀπενεχθέντες
3480 3236 3610 3305 γῆν,

2027 3320 2154 3374 ἔνθα
2195 3320 2385 3373 εἴδωλα
2417 3321 2513 3373 καὶ
2559 3319 2738 3390 πάσης
2765 3320 3020 3383 ἀσεϐείας
3048 3321 3301 3384 ὑπόθεσις
3322 3361 3337 3382 ,
3365 3321 3465 3392 τὴν
3505 3339 3601 3375 m-

2025 3407 2206 3478 τρῴαν
2247 3407 2544 3461 διετέλεσαν
2597 3408 2951 3476 φυλάττοντες
2987 3408 3276 3462 πολιτείαν.
3314 3410 3377 3463 Εἰ
3427 3409 3604 3463 τοίνυν

2026 3496 2076 3548 οἱ
2105 3495 2458 3564 αἰχμάλωτοι,
2485 3495 2578 3548 καὶ
2607 3494 2780 3548 δοῦλοι
2804 3535 2819 3557 ,
2853 3495 2949 3548 καὶ
2976 3495 3087 3548 νέοι
3120 3495 3227 3567 πρὸ
3257 3496 3357 3566 τῆς
3384 3496 3603 3567 χάριτος

2027 3581 2296 3651 τοσαύτην
2354 3582 2692 3645 ἐπεδείξαντο
2739 3582 3085 3650 φιλοσοφίαν,
3144 3582 3305 3651 φησὶ,
3345 3584 3502 3645 ποίας
3537 3584 3603 3637 ἂν

2029 3671 2217 3738 εἴημεν
2245 3673 2404 3739 ἡμεῖς
2431 3668 2762 3739 συγγνώμης
2789 3669 2950 3733 ἀξιοι,
2989 3669 3121 3738 μηδὲ
3147 3668 3282 3739 πρὸς
3300 3668 3398 3740 τὴν
3436 3670 3602 3741 αὐτὴν

2028 3756 2256 3817 ἐκείνοις
2283 3756 2483 3825 ἀρετὴν
2521 3755 2724 3830 φθάσαι
2747 3755 3091 3824 δυνηθέντες;

2098 3844 2166 3910 γ’.
2209 3843 2390 3896 Ταῦτα
2422 3843 2485 3912 δὴ
2518 3843 2692 3895 πάντα
2722 3842 3064 3912 λογιζόμενος
3091 3843 3356 3911 κατεγέλα
3384 3844 3481 3912 τῆς
3510 3841 3601 3895 τοῦ

2030 3927 2182 4000 [5:38]
2211 3929 2450 3981 διαϐόλου
2501 3929 2793 3998 πονηρίας,
2844 3930 3168 3998 κατεφρόνει
3226 3931 3321 3999 τῆς
3372 3945 3608 3992 κακουρ-

2029 4016 2152 4083 γίας
2170 4056 2184 4074 ,
2215 4016 2308 4068 καὶ
2337 4016 2472 4085 πρὸς
2517 4015 2667 4067 οὐδὲν
2695 4016 2923 4067 ἐνεδίδου
2954 4016 3061 4067 τῶν
3089 4015 3396 4086 ὁρωμένων.
3441 4014 3527 4077 Ὦς
3557 4015 3600 4066 δ’

2029 4098 2120 4156 οὖν
2153 4098 2288 4152 εἶδεν
2329 4100 2478 4153 οὐδὲν
2525 4100 2673 4170 αὐτῷ
2714 4118 2768 4152 τι
2816 4100 2972 4152 πλέον
3009 4101 3295 4169 γενόμενον
3339 4103 3367 4153 6
3408 4101 3598 4169 μιαρὸς

2030 4192 2258 4251 ἐκεῖνος,
2303 4188 2424 4256 ἄγει
2466 4187 2624 4239 πάλιν
2674 4188 2836 4240 αὐτὸν
2870 4190 2948 4249 εἰς
3001 4187 3060 4240 τὸ
3109 4187 3476 4257 δικαστήριον,
3509 4188 3600 4239 καὶ⁵

2033 4276 2330 4346 βασανίζων
2380 4277 2620 4343 συνεχεῖς
2672 4275 2842 4343 ἐπῆγε
2878 4273 3132 4336 πεύσειςο
3160 4277 3188 4327 ό
3213 4275 3269 4326 δέ
3307 4274 3444 4345 πρὸς
3474 4275 3598 4327 ἐκάο

2032 4382 2161 4434 στην
2188 4363 2375 4415 πεῦσιν
2400 4364 2748 4432 ἀπεκρίνατο,
2782 4363 2862 4414 ὅτι
2897 4363 3222 4431 Χριστιανός
3251 4364 3386 4427 εἰμι,
3421 4363 3595 4433 μόνον.

2034 4451 2128 4504 καὶ
2154 4450 2402 4517 λέγοντος
2435 4449 2526 4501 τοῦ
2571 4448 2798 4518 δημίου’
2835 4449 3000 4511 Ποίας
3045 4444 3094 4500 εἷ
3139 4449 3424 4518 πατρίδος;
3466 4450 3599 4519 Χρι-

2033 4539 2242 4601 στιανός
2269 4540 2403 4608 εἰμι,
2427 4536 2574 4607 φησί’
2612 4537 2675 4589 Τί
2708 4537 2848 4606 ἔχεις
2882 4537 3245 4607 ἐπιτήδευμα;
3280 4538 3599 4608 Χριστιανός

2031 4628 2163 4695 είμιο
2199 4625 2362 4687 Τίνας
2391 4625 2712 4694 προγόνους;
2742 4625 2770 4675 ὀ
2798 4624 2853 4675 δὲ
2877 4624 3012 4694 πρὸς
3039 4624 3252 4676 ἅπαντα
3289 4624 3489 4691 ἔλεγεν,
3516 4627 3597 4678 ὃτι

2032 4711 2351 4782 Χριστιανός
2380 4713 2521 4780 εἰμι·
2553 4711 2630 4763 ἐνὶ
2666 4709 2838 4779 τούτῳ
2869 4712 2963 4763 καὶ
2989 4709 3129 4780 ψιλῷ
3160 4709 3238 4780 τῷ
3277 4713 3482 4782 ῥήματι
3503 4711 3597 4764 τοῦ

2031 4798 2272 4850 διαϐόλου
2329 4797 2576 4867 πλήττων
2629 4795 2722 4866 τὴν
2769 4796 3045 4866 κεφαλὴν,
3106 4797 3198 4849 καὶ
3254 4798 3448 4868 συνεχῆ
3504 4799 3596 4851 καὶ

2032 4885 2301 4953 ἐπάλληλα
2323 4883 2392 4936 τὰ
2412 4882 2696 4952 τραύματα
2724 4882 2868 4952 αὐτῷ
2893 4883 3167 4952 παρέχων.
3190 4882 3383 4936 Καίτοι
3411 4901 3474 4952 γε
3502 4885 3596 4939 καὶ

2030 4973 2127 5041 τῆς
2149 4971 2344 5036 ἔξωθεν
2371 4969 2697 5031 παιδεύσεως
2725 4969 3001 5038 μετέσχεν,
3025 4969 3136 5021 ἀλλ’
3158 4969 3272 5040 ᾔδει
3305 4971 3490 5038 σαφῶς
3512 4971 3593 5024 δτι

2031 5063 2088 5113 ἐν
2115 5063 2222 5123 τοῖς
2261 5059 2512 5120 τοιούτοις
2562 5057 2768 5124 ἀγῶσιν
2816 5057 2876 5109 οὐ
2911 5057 3195 5129 ῥητορείας
3233 5059 3411 5130 χρεία,
3456 5058 3594 5114 ἀλλά

2033 5148 2263 5208 πίστεως
2285 5164 2296 5178 ’
2323 5146 2383 5198 οὐ
2406 5144 2701 5213 δεινότητος
2729 5142 2906 5209 λόγου,
2935 5143 3072 5195 ἀλλά
3094 5144 3340 5212 φιλοθέου
3377 5144 3555 5215 ψυχῆς
3575 5161 3589 5174 °

2030 5236 2186 5306 ἀρκεῖ
2214 5235 2360 5302 ρἦα
2401 5231 2492 5294 ἒν,
2537 5230 2727 5300 φησὶν,
2773 5228 2986 5281 ἃπασαν
3011 5229 3104 5282 τοῦ
3126 5231 3366 5283 διαϐόλου
3396 5229 3592 5299 τρέψαι

2030 5326 2127 5392 τὴν
2165 5320 2431 5388 ςάλαγγα.
2487 5318 2594 5371 Καὶ
2632 5318 2777 5370 δοκεῖ
2812 5317 2908 5386 μέν
2960 5321 3069 5382 τοῖς
3107 5320 3206 5371 οὐκ
3246 5317 3483 5388 ἀκριϐῶς
3505 5317 3590 5383 ἐξα

2031 5406 2305 5473 ετάζουσιν
2334 5404 2686 5467 ἀνακόλουθος
2723 5400 2858 5458 εἶναι
2902 5405 2933 5474 ἡ
2989 5405 3274 5475 ἀπόκρισις
3293 5420 3308 5435 ο
3337 5404 3384 5456 εί
3413 5403 3473 5457 δέ
3505 5422 3590 5470 τις

2032 5645 2052 5692 ὶ
2093 5581 2290 5692 vieini].
2310 5581 2370 5629 ὀι
2395 5580 2527 5632 Colb.
2573 5582 2687 5642 μέγα
2725 5580 2900 5628 ἔνδοθεν
2943 5574 3230 5638 ένηχοῦντος.
3274 5575 3400 5639 Reg.
3440 5583 3591 5644 μεγ-ε-

2051 5663 2090 5691 .α
2191 5681 2200 5691 .

2051 5663 2090 5691 ,α
2111 5663 2200 5691 ινο.
