4044 6206
318 236 426 291 5‘25

316 357 469 410 nant,
500 346 676 399 minus
698 359 1025 400 conveniens
1053 358 1172 397 esse
1202 341 1513 410 responsio;
1560 341 1653 395 sed
1695 342 1739 395 si
1788 342 1908 409 quis

312 440 575 495 attentius
598 452 716 492 eam
745 436 1070 499 consideret,
1100 450 1165 488 ex
1205 432 1303 486 hac
1342 447 1555 502 quoque
1594 432 1909 501 sapientiam

314 528 574 600 martyris
599 526 1013 581 auimadvertet.
1044 523 1146 591 Qui
1175 524 1315 578 enim
1338 564 1352 587 ,
1381 521 1714 576 Christianus
1751 537 1866 576 sum
1890 561 1907 586 ,

312 621 486 685 dixit,
514 628 569 673 et
598 618 820 687 patriam
870 626 923 670 et
965 630 1133 684 genus
1172 622 1227 668 et
1266 614 1397 669 artis
1435 612 1816 681 professionem
1858 620 1913 665 et

314 710 496 764 omnia
544 708 855 763 declaravit.
903 707 1018 773 Quo
1061 705 1273 759 tandem
1323 704 1511 773 pacto?
1557 703 1671 773 Ego
1714 703 1908 757 dicam.

315 799 656 855 Christianus
680 799 866 853 urbem
898 798 949 850 in
986 805 1127 850 terra
1160 810 1265 849 non
1298 794 1479 860 habet,
1503 795 1596 848 sed
1615 794 1909 848 Jerusalem

315 909 438 962 qua:
459 906 671 945 sursum
701 900 802 945 est.
832 888 939 944 ιιια
968 890 1124 951 enim,
1156 888 1346 957 inquit,
1370 902 1481 957 quae
1503 902 1703 940 sursum
1724 896 1794 939 est
1820 884 1914 938 Je-

316 983 559 1045 rusalem,
592 978 746 1032 libera
775 989 849 1033 est
879 993 898 1031 :
921 992 1032 1045 qua:
1060 986 1131 1030 est
1160 986 1319 1029 mater
1346 985 1520 1029 nostra
1547 973 1688 1043 (Gal.
1710 976 1765 1029 4-.
1787 974 1906 1043 26).

320 1068 628 1125 Christiano
657 1077 870 1123 terrena
899 1067 1041 1121 nulla
1078 1074 1163 1122 est
1204 1068 1336 1121 artis
1376 1064 1666 1135 professio,
1707 1065 1799 1119 sed
1843 1065 1911 1118 ad

316 1176 603 1231 supernam
634 1159 1097 1213 conversationem
1126 1160 1247 1211 vitm
1276 1158 1524 1226 pertinet.
1546 1155 1735 1209 Nostra
1758 1156 1908 1222 enim,

319 1252 506 1321 inquit,
527 1255 835 1304 conversatio
856 1250 908 1302 in
933 1250 1069 1303 cretis
1085 1259 1158 1303 est
1177 1246 1433 1321 (Philipp.
1450 1250 1502 1303 ὅ.
1519 1248 1633 1318 20).
1656 1248 1912 1303 Christia-

320 1358 419 1397 nus
458 1350 716 1412 cognatos
747 1341 906 1396 habet
942 1348 1158 1394 sanctos
1197 1353 1383 1393 omnes
1412 1355 1473 1393 ac
1500 1340 1641 1393 cives
1675 1358 1685 1391 :
1722 1339 1913 1393 Sumus

318 1436 471 1494 enim,
503 1433 691 1501 inquit,
714 1433 844 1486 cives
863 1443 1174 1496 sanctorum,
1208 1440 1253 1485 et
1282 1431 1538 1484 domestici
1573 1430 1668 1482 Dei
1694 1429 1909 1503 (Epiros.

317 1523 372 1576 2.
404 1523 495 1593 i9)
529 1542 541 1577 :
572 1524 747 1593 itaque
773 1539 882 1577 uno
909 1525 1073 1578 verbo
1100 1532 1155 1577 et
1178 1527 1298 1592 quis
1320 1532 1481 1586 esset,
1510 1532 1564 1577 et
1589 1522 1748 1586 unde,
1769 1531 1822 1577 et
1842 1539 1907 1577 ex

325 1615 515 1684 quibus
535 1656 550 1678 ,
576 1624 630 1667 et
655 1614 780 1684 quid
809 1629 967 1684 agere
992 1613 1227 1679 soleret,
1255 1613 1595 1668 exactissime
1617 1613 1795 1667 docuit
1811 1653 1824 1675 ,
1855 1623 1908 1668 ct

323 1711 479 1760 vitam
508 1723 628 1760 cum
661 1706 762 1760 hac
786 1720 919 1760 voce
947 1706 1121 1759 ﬁnivit
1139 1746 1153 1770 ,
1189 1706 1421 1774 abiitque
1444 1706 1644 1759 salvum
1668 1705 1906 1759 referens

318 1802 535 1855 Christo
562 1800 885 1870 depositum,
910 1813 972 1852 ac
997 1799 1224 1868 posteris
1242 1814 1311 1853 ex
1338 1798 1424 1863 iis,
1449 1813 1568 1867 quae
1593 1812 1780 1866 passus
1799 1804 1902 1864 est,

320 1891 740 1945 cohortationem
766 1889 1003 1958 reliquit,
1027 1897 1083 1942 ut
1099 1889 1367 1950 insistant,
1392 1887 1628 1957 nihilque
1649 1887 1753 1941 nisi
1775 1902 1904 1956 pec-

318 1991 491 2034 catum
517 1991 569 2033 et
599 1980 931 2049 negationem
962 1988 1167 2033 tantum
1195 1978 1567 2033 reformident.

392 2071 607 2124 Horatia
651 2072 951 2126 exhortatio.
973 2069 1183 2124 --H:ec
1223 2069 1399 2138 itaque
1437 2084 1539 2123 nos
1576 2068 1739 2123 etiam
1778 2083 1903 2121 cum

320 2164 644 2223 noverimus,
675 2160 819 2229 pacis
849 2170 1090 2229 tempore
1119 2159 1325 2214 bellicis
1353 2161 1411 2213 in
1444 2158 1604 2214 rebus
1630 2174 1731 2213 nos
1749 2171 1907 2213 altera

318 2268 564 2317 ceauius,
594 2262 655 2306 ut
687 2267 813 2306 cum
838 2252 964 2306 belli
990 2261 1198 2320 tempus
1221 2250 1529 2314 advenerit,
1562 2250 1765 2304 illustre
1803 2263 1901 2304 nos

319 2358 530 2412 quoque
555 2352 810 2412 tropteum
839 2343 1123 2412 erigamus.
1152 2341 1368 2396 Famem
1413 2341 1732 2411 contempsit
1771 2341 1857 2395 ille
1882 2359 1894 2393 :

570 2445 629 2492 ct
663 2452 763 2491 nos
791 2447 1212 2501 contemnamus,
1241 2451 1305 2491 ac
1343 2435 1545 2492 ventris
1566 2434 1900 2505 tyrannidem

1492 234 1558 292 IN
1588 236 1641 291 S.
1680 232 2029 291 LUClANUM
2061 224 2469 289 MARTYREM.

3501 222 3602 278 59.6

2015 352 2337 407 evertamus,
2368 351 2426 396 ut
2446 357 2489 395 Si
2520 351 2727 411 tempus
2748 340 3013 407 adveniat,
3046 340 3186 411 qdod
3218 350 3415 395 tantam
3450 339 3599 391 forn-

2015 433 2253 489 tudinem
2280 449 2311 487 a
2340 433 2491 488 nobis
2534 442 2811 503 reposcat,
2844 434 2895 487 in
2931 432 3230 487 minoribus
3256 444 3412 486 antea
3444 430 3604 486 rebus

2015 524 2321 590 exercitati,
2352 524 2591 593 przeclari
2626 524 2680 577 in
2711 533 3001 578 scainmate
3040 538 3462 593 compareamus.
3493 520 3600 575 Co-

2014 630 2129 669 ram
2169 614 2497 684 principibus
2539 615 2631 668 ille
2666 629 2735 668 ac
2758 614 2975 683 regibus
3002 614 3171 669 libere
3197 614 3445 684 loquutus
3469 623 3549 669 est
3580 630 3598 671 ξ

2016 706 2121 761 hoc
2145 721 2241 759 nos
2262 706 2516 759 faciamus
2538 719 2679 759 nunc
2704 719 2913 774 quoque
2941 721 2955 757 :
2986 718 3049 758 ac
3076 705 3119 757 si
3145 706 3198 757 in
3220 704 3595 774 opulentorum

2014 806 2068 851 et
2096 796 2377 851 illustrium
2418 796 2748 865 Paganoruin
2797 795 3149 851 conventibus
3187 795 3594 861 consideamus,

2015 886 2172 939 fidem
2215 902 2335 941 cum
2380 886 2575 939 fiducia
2614 886 2979 954 profiteamur,
3019 885 3339 940 irrideamus
3383 886 3595 941 illorum

2014 992 2242 1032 errores.
2270 979 2421 1045 Quod
2448 979 2494 1032 si
2523 994 2609 1033 res
2632 978 2845 1048 quidem
2890 993 3016 1033 suas
3062 979 3341 1049 magnifice
3364 977 3594 1045 eﬂ‘erre,

2016 1080 2224 1123 nostras
2243 1078 2419 1124 autem
2453 1069 2751 1139 deprimere
2781 1069 3172 1139 aggrediantur,
3202 1085 3273 1125 ne
3302 1078 3591 1133 taceamus,

2014 1172 2148 1214 neve
2176 1160 2368 1215 leniter
2393 1160 2626 1216 feramus
2654 1177 2667 1213 :
2700 1161 2794 1215 sed
2821 1161 3055 1229 ipsorum
3084 1160 3466 1229 turpitudinem
3490 1160 3589 1215 de—

2014 1260 2284 1321 tegentes,
2322 1253 2491 1306 multa
2528 1266 2648 1306 cum
2677 1252 2938 1321 sapientia
2978 1251 3276 1321 ﬁduciaque
3296 1266 3385 1306 res
3406 1266 3594 1304 omnes

2012 1342 2433 1397 Christianorum
2453 1343 2699 1398 laudibus
2723 1342 3043 1406 evellamus;
3066 1352 3121 1396 et
3144 1341 3591 1411 quemadmodum

2013 1432 2307 1503 Imperator
2336 1436 2386 1488 in
2416 1437 2590 1504 capite
2617 1436 2856 1491 diadema
2874 1475 2891 1500 ,
2930 1436 3007 1489 sic
3029 1445 3087 1490 et
3117 1449 3215 1488 nos
3241 1435 3437 1504 ubique
3460 1448 3591 1488 con-

2010 1526 2296 1582 fessionem
2328 1527 2453 1581 ﬁdei
2479 1527 2932 1582 circumferamus.
2960 1527 3077 1582 Non
3112 1528 3257 1579 enim
3282 1526 3429 1580 illum
3455 1524 3592 1579 adeo

2009 1632 2229 1685 corona,
2256 1627 2315 1672 ut
2339 1633 2435 1674 uos
2455 1617 2589 1672 fides
2605 1617 2823 1686 ejusque
2844 1618 3109 1671 confessio
3133 1616 3273 1671 solet
3288 1629 3587 1671 exornare:

2008 1726 2119 1765 non
2143 1710 2321 1764 verbis
2351 1717 2553 1763 tantum
2574 1750 2589 1775 ,
2622 1707 2719 1764 sed
2746 1709 2906 1761 etiam
2933 1707 3090 1761 rebus
3120 1707 3247 1776 ipsis
3268 1706 3318 1760 id
3340 1719 3589 1775 agamus,

2007 1812 2063 1856 ct
2081 1803 2243 1857 vitam
2262 1799 2598 1855 confessione
2624 1800 2836 1868 dignam
2859 1799 2911 1850 in
2938 1797 3183 1853 omnibus
3204 1796 3585 1851 exhibeamus:

2006 1907 2074 1947 ne
2102 1892 2347 1961 dogmata
2373 1906 2591 1960 operum
2618 1890 2958 1958 improbitate
2985 1887 3387 1953 dedecoremus,
3415 1886 3506 1940 sed
3531 1886 3585 1939 in

2005 1983 2256 2037 omnibus
2284 1983 2567 2036 Dominum
2608 1990 2851 2035 nostrum
2896 1979 3253 2051 gloriﬁcantes
3282 1992 3400 2032 cum
3430 1978 3588 2046 hujus

2004 2072 2207 2139 smeuli,
2232 2083 2340 2127 tum
2369 2072 2512 2126 illius
2538 2072 2740 2127 honore
2761 2072 3025 2141 potiamur
3054 2088 3067 2123 :
3097 2084 3255 2141 quem
3277 2083 3376 2123 nos
3397 2082 3586 2122 omnes

2006 2163 2206 2217 utinam
2253 2177 2671 2232 consequamur.
2709 2162 2878 2232 gratia
2926 2170 2983 2229 et
3021 2161 3348 2230 benignitate
3374 2158 3586 2213 Domini

2007 2254 2174 2309 nostri
2193 2252 2320 2307 Jesu
2338 2252 2567 2319 Christi,
2583 2268 2677 2322 per
2695 2268 2854 2323 quem
2876 2259 2930 2306 ct
2952 2266 3073 2306 cum
3101 2236 3205 2320 quo
3227 2249 3369 2303 Patri
3394 2247 3609 2326 gloria,

2007 2344 2288 2413 imperium
2320 2353 2373 2399 et
2399 2342 2591 2409 honor,
2617 2357 2719 2397 una
2746 2358 2866 2397 cum
2895 2352 3083 2397 sancto
3111 2355 3174 2395 ac
3209 2338 3419 2394 vivifico
3462 2336 3584 2408 Spi.

2002 2434 2128 2501 ritu,
2157 2449 2302 2490 nunc
2330 2443 2386 2489 et
2408 2448 2641 2504 semper,
2663 2441 2718 2489 et
2737 2433 2794 2490 in
2815 2432 3006 2490 saecula
3035 2432 3371 2488 saeculorum.
3394 2430 3587 2484 Amen.
