4044 6206
430 259 533 315 5‘27
1128 258 1185 310 S.
1227 256 1512 311 JOANNIS
1550 254 2042 311 CIIRYSOSTOMI
2084 254 2406 309 ARCIIIEP.
2449 250 3009 309 CONSTANTINOI‘.
3591 251 3702 309 528

2784 449 2819 455 ..-
2843 447 3129 454 um-..—
3176 444 3403 453 __..———-a——
3420 446 3561 455 ‘-~.._.

2784 449 2819 455 ..-
2843 448 2861 454 μ
3082 448 3129 452 -..-
3176 447 3403 453 __..——
3420 447 3561 455 --_.._.

838 454 993 462 ..-μ-ν
1008 454 1111 464 »σν-ι.
1140 452 1224 457 -η-λκ
1238 454 1245 457 ι
1274 453 1299 458 -ση
1314 454 1364 457 -Α
1374 452 1493 457 i-a-m-r
1514 453 1717 458 -ηκ-ν--Α
1732 451 2323 471 m-.———.———.—_..———.:—v.—.
2362 452 2375 455 -
2390 450 2781 474 -———-——————-—~—
2866 447 3076 454 ~—-————-—-
3204 464 3237 471 φ.
3575 447 3664 473 ³

1201 658 1281 719 ΙΝ
1323 655 1519 715 DUOS
1563 654 1972 714 SERMONES
2010 654 2088 712 IN
2133 652 2484 713 SANCTUM
2522 652 2879 712 BABYLAM

504 801 736 858 Homilia
768 804 821 857 in
853 802 910 857 S.
941 802 1218 873 Babylam,
1256 818 1419 873 quam
1445 803 1677 870 primam
1714 800 1981 863 locamus,
2038 809 2160 869 post
2187 799 2401 852 tertiam
2433 784 2497 860 de
2535 797 2746 851 Lazaro
2780 796 2962 852 habita
2999 807 3082 852 est
3119 811 3133 847 :
3167 812 3289 850 nam
3345 796 3448 850 sub
3476 796 3694 851 Initium

430 911 641 968 quartas
674 915 897 955 causam
926 900 1082 954 affert
1107 899 1532 969 Cbrysostomus
1554 912 1652 950 cur
1683 895 2037 949 bomiliarum
2071 895 2122 946 in
2147 894 2414 948 Lazarum
2448 904 2670 946 cursum
2719 890 3089 959 interceperit,
3133 888 3217 942 his
3251 890 3431 943 verbis
3461 907 3474 943 :
3503 884 3695 941 Verum

432 1008 533 1045 non
561 993 976 1047 existimavimus
1002 1008 1112 1044 esse
1137 1000 1308 1043 tutum
1339 989 1404 1042 Β.
1429 987 1650 1058 Babylae
1677 997 1725 1040 et
1751 988 1886 1055 bigae
1920 984 2020 1039 SS.
2053 984 2379 1055 Martyrum,
2417 986 2508 1054 qui
2541 993 2654 1051 post
2685 983 2838 1036 illuni
2868 991 3233 1045 occurrerunt,
3260 980 3525 1050 prteclara
3548 987 3697 1050 gesta

430 1084 699 1149 prwterire
731 1100 749 1138 :
786 1083 986 1151 quibus
1023 1089 1289 1136 consonat
1323 1079 1621 1134 Coucionis
1651 1080 1705 1131 in
1754 1079 1814 1131 S.
1844 1076 2103 1146 Babylam
2144 1074 2453 1140 exordium,
2508 1074 2754 1127 Volebam
2788 1074 3026 1143 equidem
3048 1072 3300 1126 hodierno
3348 1074 3433 1125 die
3463 1073 3699 1125 debitum

431 1180 662 1244 reddere,
687 1179 827 1248 quod
861 1193 1025 1245 nuper
1046 1178 1207 1239 vobis,
1235 1191 1354 1227 cum
1378 1175 1461 1228 hic
1486 1190 1673 1235 essem,
1707 1172 1949 1241 promisi.
1990 1169 2091 1224 Sed
2119 1171 2243 1239 quid
2270 1170 2468 1239 faciam
2489 1170 2515 1222 .’
2567 1167 2633 1221 Β.
2663 1166 2901 1237 Babylas
2936 1168 3284 1220 interveniens
3320 1170 3590 1234 apparuit,
3646 1175 3697 1221 ct

426 1272 499 1325 ad
530 1273 756 1339 seipsum
789 1286 881 1323 nos
912 1270 1130 1322 vocavit.
1169 1267 1311 1335 Bigze
1340 1276 1521 1324 autem
1563 1266 1895 1320 Sanctorum
1947 1264 2039 1332 qui
2073 1273 2196 1332 post
2226 1261 2286 1316 S.
2316 1261 2575 1331 Babylam
2623 1258 2983 1315 llomiliarum
3040 1260 3093 1312 in
3145 1258 3414 1312 Lazarum
3462 1274 3686 1313 cursum

431 1366 785 1435 intercepere,
811 1375 936 1419 sunt
960 1363 1060 1417 SS.
1093 1362 1421 1418 Juventinus
1449 1369 1504 1414 et
1533 1360 1863 1414 Maximinus
1912 1357 2199 1427 Martyres,
2228 1371 2463 1426 quorum
2498 1353 2733 1408 llomilia
2759 1354 2841 1409 sic
2880 1354 3070 1423 incipit
3100 1372 3114 1407 :
3149 1352 3331 1422 Nuper
3359 1351 3425 1405 Β.
3458 1352 3691 1424 Babylas

429 1476 547 1512 cum
578 1460 744 1512 tribus
770 1460 945 1528 pueris
982 1474 1075 1511 nos
1104 1457 1189 1509 hic
1221 1455 1594 1525 congregabat,
1636 1454 1789 1507 hodie
1822 1470 1923 1523 par
1950 1452 2053 1508 SS.
2109 1451 2349 1505 Militum
2377 1451 2430 1503 in
2470 1451 2584 1503 acie
2614 1450 2905 1503 exercitum
2930 1448 3134 1504 Christi
3176 1449 3472 1501 constituit.
3501 1447 3690 1516 Nuper

428 1550 690 1620 quadriga
716 1549 1040 1620 Martyrum,
1072 1550 1225 1602 hodie
1250 1550 1392 1617 biga.
1426 1546 1629 1616 Nuper,
1661 1548 1857 1616 inquit,
1902 1547 2115 1617 npq'mv,
2162 1561 2269 1599 non
2306 1554 2511 1607 autem,
2548 1544 2681 1607 heri,
2716 1553 2775 1599 ut
2803 1544 2871 1598 ab
2904 1543 3200 1612 lnterprete
3232 1543 3489 1611 deceptus
3524 1542 3691 1597 Tille-

429 1647 675 1700 montius
704 1646 907 1716 posuit.
945 1644 1229 1713 Negotium
1263 1643 1532 1698 facessere
1559 1644 1775 1698 videtur
1806 1643 1878 1709 id,
1903 1643 2052 1712 quod
2080 1642 2134 1696 in
2193 1655 2471 1711 postremo
2494 1640 2723 1695 exordio
2770 1640 2924 1703 dicit,
2960 1638 3145 1707 Nuper
3168 1637 3234 1692 Β.
3282 1637 3515 1709 Babylas
3568 1655 3689 1691 cum

431 1738 599 1790 tribus
628 1738 805 1805 pueris
838 1754 930 1790 nos
957 1737 1041 1789 Itic
1065 1734 1435 1805 congregabat.
1466 1736 1525 1789 lu
1551 1736 1653 1790 bac
1676 1736 1877 1805 quippe
1899 1733 2132 1789 Homilia
2174 1749 2240 1787 ne
2285 1732 2391 1803 γρῦ
2427 1733 2650 1802 quidem
2677 1732 2747 1787 de
2784 1732 2960 1787 tribus
2984 1734 3170 1800 pueris
3218 1731 3433 1801 legitur.
3468 1729 3693 1793 Verum,

428 1839 490 1881 ut
523 1829 677 1881 initio
710 1828 946 1881 bomiliae
974 1828 1197 1890 dicitur,
1230 1844 1335 1882 non
1371 1828 1799 1898 Chrysostomus
1823 1828 2000 1892 solus,
2031 1828 2125 1884 sed
2177 1841 2302 1881 cum
2329 1827 2421 1879 alii
2452 1829 2719 1889 seniores,
2756 1836 2870 1879 tum
2929 1824 3232 1895 Episcopus
3257 1824 3375 1894 ipse
3396 1824 3694 1879 Flavianus

426 1922 618 1975 eodem
648 1921 735 1975 die
758 1920 1064 1974 concionati
1100 1930 1229 1976 sunt
1258 1936 1272 1973 :
1302 1920 1430 1975 Hac
1463 1930 1511 1974 et
1541 1921 1653 1974 alia
1684 1921 1969 1989 ejusmodi,
2008 1921 2207 1991 inquit,
2253 1919 2547 1973 senioribus
2578 1917 3044 1972 commemoranda
3087 1916 3414 1982 doctoribus,
3443 1926 3494 1969 et
3546 1931 3690 1967 com-

428 2014 578 2065 muni
607 2016 749 2082 patri
780 2024 959 2067 nostro
986 2015 1336 2084 relinquemus
1368 2031 1387 2068 :
1422 2031 1504 2068 res
1535 2014 1675 2067 enim
1699 2015 2022 2081 antiquiores
2078 2012 2334 2082 prteclare
2361 2012 2504 2064 vobis
2539 2028 2571 2064 a
2625 2010 2834 2065 senibus
2872 2016 3093 2076 possunt
3125 2008 3341 2061 narrari
3366 2024 3385 2061 :
3408 2022 3526 2077 qua:
3575 2022 3699 2060 vero

430 2118 534 2155 non
561 2105 638 2156 ita
666 2105 870 2170 pridem
899 2122 960 2158 ac
981 2117 1164 2159 nostra
1193 2115 1349 2160 aetate
1378 2114 1501 2159 sunt
1525 2115 1693 2175 gesta,
1722 2104 1867 2158 vobis
1901 2105 2114 2173 juvenis
2140 2119 2233 2174 ego
2284 2104 2535 2167 narrabo,
2569 2117 2686 2173 quia
2721 2101 2973 2154 nimirum
2998 2110 3119 2171 post
3147 2100 3372 2163 obitum,
3399 2108 3517 2169 post
3540 2115 3690 2153 esse-

428 2194 584 2264 quias
617 2193 892 2266 Martyris,
914 2213 977 2249 ac
997 2199 1125 2251 dum
1142 2198 1198 2251 in
1226 2199 1479 2253 suburbio
1506 2206 1823 2263 moraretur,
1850 2197 2178 2251 acciderunt.
2228 2195 2358 2252 Haec
2403 2195 2509 2252 sibi
2543 2196 2851 2250 enarranda
2885 2198 3171 2266 proposuit
3235 2198 3692 2268 Cbrysostomus,

432 2296 627 2341 caetera
652 2292 930 2344 communi
974 2293 1111 2360 patri
1140 2302 1194 2346 et
1213 2291 1521 2347 senioribus
1543 2293 2028 2346 commemoranda
2075 2293 2317 2363 reliquit.
2358 2291 2776 2360 Verisimileque
2795 2301 2899 2355 est,
2923 2292 3162 2362 aliquem
3184 2306 3248 2347 es
3284 2292 3393 2345 illis
3417 2291 3485 2346 de
3507 2290 3689 2345 tribus

431 2382 620 2452 pueris
649 2382 809 2437 verba
839 2383 1053 2440 fecisse.
1079 2383 1281 2439 Eodem
1319 2384 1482 2453 igitur
1520 2400 1666 2440 anno
1699 2386 1882 2441 habita
1903 2396 1987 2442 est
2011 2388 2127 2444 haec
2167 2388 2414 2451 bomilia,
2447 2403 2557 2458 quo
2583 2388 2820 2443 bomilia-
2849 2388 2902 2442 in
2942 2388 3233 2450 Lazarum,
3271 2387 3481 2443 scilicet
3503 2403 3696 2442 mense

430 2473 697 2528 Januario
724 2489 737 2527 :
763 2483 815 2529 et
836 2475 1053 2545 quidem
1082 2477 1152 2531 ει
1187 2477 1433 2546 ejusdem
1471 2477 1694 2543 mensis,
1735 2487 1796 2533 ut
1827 2478 2059 2545 videtur,
2096 2495 2206 2550 qua
2233 2480 2324 2535 die
2350 2480 2733 2551 Martyrologia
2762 2482 2947 2536 omnia
2983 2480 3184 2537 festum
3210 2480 3269 2535 S.
3302 2480 3520 2552 Babylaz
3547 2482 3692 2536 indi-

436 2573 583 2618 cant.
616 2564 720 2631 Qui
750 2581 878 2653 vero
907 2566 1069 2622 fuerit
1096 2583 1272 2622 anuus
1297 2568 1404 2631 ille,
1441 2584 1549 2624 nou
1580 2569 1653 2623 ita
1679 2569 1836 2624 facile
1863 2580 1948 2624 est
1987 2570 2412 2641 deprehendere.
2441 2569 2825 2628 'l‘illemontius
2848 2588 3052 2627 annum
3099 2573 3343 2645 assignat
3378 2576 3484 2631 387
3522 2590 3535 2626 :
3571 2575 3697 2646 ejus

437 2656 708 2713 calculum
750 2658 1117 2723 cxcussimus,
1146 2659 1549 2729 levissimisque
1576 2661 1907 2730 coniecturis
1930 2663 2124 2717 fultum
2150 2678 2273 2718 esse
2296 2663 2649 2732 probavimus
2681 2664 2735 2718 iu
2765 2663 2975 2719 Mouito
2999 2665 3066 2719 ad
3100 2664 3390 2721 Homiliam
3417 2668 3470 2722 in
3493 2668 3709 2725 Kalen-

437 2747 560 2810 das.
583 2763 706 2817 quin
733 2746 1026 2803 Homiliam
1059 2749 1289 2819 primam
1318 2751 1386 2805 de
1419 2750 1630 2805 Lazaro
1664 2767 1773 2806 uno
1802 2751 1894 2806 die
1926 2753 2227 2823 praecessit.
2256 2754 2337 2808 lbi
2386 2753 2509 2810 vide
2541 2754 2638 2819 sis,
2668 2768 2880 2809 necnon
2907 2755 2961 2810 iu
2990 2754 3196 2811 Monito
3230 2758 3295 2811 ad
3330 2755 3598 2817 Homilias
3633 2762 3708 2817 de

436 2839 669 2895 Lazaro.

534 2954 783 3010 Homiliaa
825 2958 877 3011 in
922 2956 979 3010 S.
1017 2956 1272 3028 Babylam
1305 2956 1692 3029 subiungimus
1743 2958 1941 3013 librum
1976 2960 2127 3014 illum
2157 2963 2453 3031 prolixum,
2510 2964 2597 3019 cui
2633 2963 2841 3029 titulus,
2876 2963 2940 3018 In
2989 2964 3051 3021 S.
3085 2964 3367 3039 Babylam,
3412 2978 3462 3024 et
3511 2980 3701 3026 contra

447 3048 725 3103 lulianum
753 3060 908 3120 atque
932 3048 1163 3104 Gentiles
1206 3066 1225 3105 :
1254 3050 1519 3105 Savilium
1576 3057 1631 3105 e't
1684 3049 2015 3105 Frontonem
2064 3052 2319 3109 Ducaaum
2354 3057 2546 3118 secuti.
2583 3057 2679 3126 qui
2732 3058 2985 3112 similiter
3021 3058 3167 3113 hunc
3200 3059 3398 3114 librum
3433 3071 3556 3131 post
3587 3061 3709 3117 llo-

450 3139 656 3194 miliam
696 3141 1032 3196 locaverunt.
1074 3142 1297 3196 Librum
1331 3158 1595 3198 vocamus
1632 3158 1644 3194 :
1683 3158 1861 3213 neque
1908 3145 2053 3200 enim
2083 3147 2467 3203 existimamus
2490 3163 2612 3203 esse
2651 3150 2975 3203 concionem
3030 3150 3082 3204 iu
3116 3159 3265 3205 cmtu
3318 3153 3501 3222 populi
3546 3152 3709 3207 babi-

448 3242 595 3297 tam;
631 3247 755 3286 nam
787 3242 946 3289 tanta:
972 3235 1294 3303 prolixitatis
1326 3236 1525 3291 librum
1559 3239 1684 3306 quis
1714 3254 1823 3293 una
1879 3238 2000 3293 vice
2032 3240 2446 3308 pronuntiatum
2498 3241 2729 3296 credat?
2778 3242 2932 3297 Adde
2972 3259 3078 3297 non
3139 3231 3420 3299 terminari
3461 3245 3709 3301 clausula

443 3324 559 3387 illa,
589 3340 695 3395 qua
728 3324 781 3379 in
816 3326 1042 3395 gloriam
1066 3325 1349 3382 Trinitatis
1378 3330 1671 3386 conciones
1700 3345 1829 3385 suas
1855 3345 2049 3387 omnes
2079 3331 2283 3386 claudit
2303 3331 2754 3402 Cbrysostomus.
2784 3335 2864 3389 Ad
2894 3335 3006 3389 haec
3032 3345 3215 3390 autem
3250 3353 3401 3391 num.
3428 3337 3496 3391 Η
3520 3339 3652 3394 dicit
3688 3359 3705 3396 t

443 3415 573 3471 Ideo
604 3418 740 3472 enim
776 3420 901 3471 vivis
924 3419 1210 3471 etiamnum
1247 3419 1465 3474 testibus
1494 3422 1605 3476 haec
1640 3426 1832 3490 scribo,
1861 3440 1983 3494 qua:
2012 3439 2146 3479 sane
2193 3425 2356 3480 verba
2397 3441 2503 3479 non
2562 3427 2814 3481 videntur
2848 3426 3001 3499 [550]
3037 3445 3159 3484 esse
3210 3432 3591 3490 concionautis
3646 3435 3702 3487 iu

443 3522 591 3565 coetu
624 3512 829 3582 populi.
863 3512 952 3575 At,
983 3512 1214 3581 inquies,
1255 3529 1363 3569 non
1395 3517 1581 3584 paucis
1608 3518 1660 3571 in
1690 3520 1825 3574 locis
1870 3522 2139 3577 quasdam
2173 3535 2272 3574 ceu
2309 3530 2606 3587 praesentes
2634 3522 2951 3591 alloquitur.
2997 3522 3188 3593 ld.ego
3222 3524 3417 3590 fateor,
3449 3528 3543 3582 sed
3575 3545 3706 3583 ora-

445 3603 587 3656 torio
613 3618 764 3657 more
800 3612 851 3657 et
888 3604 1243 3659 declamantis
1266 3606 1372 3661 ritu
1396 3622 1494 3662 ceu
1527 3619 1824 3677 prieseutes
1861 3612 2129 3682 quosdam
2168 3612 2497 3680 compellat:
2531 3628 2654 3667 nam
2690 3615 2865 3669 oratio
2898 3625 3010 3669 tota
3050 3617 3500 3674 declamationem
3533 3623 3711 3690 lt'opis

447 3699 742 3767 tignrisque
768 3699 1158 3754 redundantem
1187 3702 1365 3769 sapit;
1392 3703 1475 3757 vel
1510 3704 1676 3759 etiam
1714 3706 1860 3762 hunc
1914 3722 2009 3763 seu
2042 3710 2241 3762 librum
2278 3724 2373 3763 seu
2421 3711 2728 3764 orationem
2759 3712 2926 3766 texuit
2954 3712 3146 3767 amicis
3169 3724 3224 3768 et
3254 3714 3309 3768 in
3334 3718 3578 3773 conclavi
3622 3738 3713 3775 re-

443 3791 745 3847 citaudant.

514 3906 752 3976 Tempus
783 3925 890 3975 quo
926 3910 1040 3965 haec
1071 3911 1291 3980 scripsit
1313 3912 1740 3985 Cbrysostomus
1764 3932 1956 3972 eruere
2004 3920 2130 3973 licet
2154 3936 2220 3975 ex
2253 3922 2372 3991 ejus
2397 3924 2575 3977 verbis
2624 3941 2775 3980 num.
2807 3927 2896 3993 ξι,
2934 3928 3025 3981 ubi
3058 3931 3191 3986 dicit
3234 3933 3345 4001 jam
3382 3934 3707 4004 vigesimum

442 4016 644 4054 anulum
672 4004 781 4072 agi,
804 4020 869 4057 ex
905 4020 1016 4073 quo
1053 4004 1303 4061 Julianus
1331 4007 1593 4076 Apostata
1625 4012 1883 4079 templum
1912 4010 2428 4084 Jerosolymitanum
2481 4018 2787 4074 instaurare
2824 4034 3058 4078 conatus
3093 4034 3177 4079 est
3209 4039 3224 4077 :
3276 4026 3329 4080 id
3363 4042 3493 4081 vero
3529 4036 3712 4082 tenta-

443 4093 792 4151 vitJulianus
824 4112 968 4152 anno
1003 4098 1204 4155 Christi
1233 4101 1360 4165 569.,
1411 4104 1554 4158 unde
1579 4114 1839 4174 sequatur
1876 4122 2021 4160 anno
2052 4107 2157 4161 582
2214 4111 2358 4164 hunc
2405 4113 2695 4181 scripsisse
2733 4114 2952 4172 librum.
2998 4118 3055 4172 Si
3085 4134 3353 4175 annorum
3410 4137 3706 4176 numerum

441 4196 695 4241 accurate
722 4190 965 4244 retulerit
996 4190 1447 4261 Cbrysostomus,
1483 4198 1649 4251 stabit
1691 4199 1951 4253 calculus.
1988 4198 2187 4255 Verum
2222 4204 2361 4257 solet
2385 4203 2473 4257 ille
2500 4220 2607 4259 non
2640 4215 2790 4262 tanto
2817 4211 3076 4280 scrupulo
3104 4212 3202 4267 bas
3226 4229 3339 4267 sua:
3374 4214 3539 4268 etiam
3571 4224 3713 4268 aeta-

442 4278 512 4330 tis
540 4288 697 4333 notas
728 4295 1000 4348 apponere
1032 4301 1047 4337 :
1083 4288 1283 4338 etenim
1320 4286 1549 4343 Homilia
1577 4290 1646 4343 Ill
1678 4292 1745 4345 dc
1779 4293 2343 4362 lncomprebeusibili,
2378 4313 2539 4365 quam
2591 4309 2835 4356 vertente
2855 4278 3000 4357 anno
3031 4304 3136 4358 586
3161 4308 3467 4362 certissime
3490 4308 3709 4375 babuit,

447 4382 625 4422 annos
656 4372 781 4425 item
815 4374 1004 4444 viginti
1041 4391 1293 4436 numerat
1325 4398 1356 4436 a
1405 4392 1647 4451 tempore
1685 4384 1885 4441 Juliani
1946 4390 2253 4459 Apostatae;
2315 4409 2439 4447 cum
2482 4404 2663 4449 autem
2724 4397 2814 4451 ille
2856 4415 3002 4454 anno
3041 4402 3145 4456 565
3200 4417 3371 4457 caesus
3405 4404 3496 4467 sit,
3529 4372 3712 4457 annos

443 4462 635 4565 saltem
676 4463 864 4565 viginti
892 4477 1129 4535 quatuor
1158 4472 1338 4527 dicere
1363 4475 1555 4529 debuit
1597 4495 1609 4529 :
1646 4492 1750 4530 non
1792 4481 1935 4533 enim
1974 4498 2002 4534 a
2034 4499 2166 4538 nece
2191 4485 2333 4553 ejus,
2374 4487 2466 4540 sed
2504 4504 2532 4542 a
2567 4497 2767 4543 tentata
2799 4493 2981 4561 templi
3011 4492 3456 4565 Jerosolymitaui
3484 4462 3715 4550 instau-

442 4556 673 4618 ratione,
706 4557 867 4610 etiam
894 4559 987 4622 ibi,
1014 4562 1281 4617 calculum
1310 4565 1511 4621 ducere
1542 4568 1775 4623 videtur.
1814 4568 1946 4627 Vide
1991 4573 2262 4630 Monitum
2300 4577 2355 4632 in
2414 4577 2677 4637 llomilias
2703 4584 2767 4637 de
2800 4556 3369 4655 lncomprehensibili,
3405 4588 3497 4642 ubi
3530 4588 3707 4641 alium

442 4647 572 4700 huic
602 4648 833 4703 similem
858 4652 1340 4711 anacbronismum
1369 4659 1752 4719 observamus.
1779 4666 1966 4736 Itaque
2016 4667 2119 4723 etsi
2175 4669 2322 4724 clare
2365 4671 2633 4727 calculum
2665 4686 2831 4744 ponat
2886 4677 3335 4749 Cbrysostomus,
3369 4695 3474 4734 non
3527 4696 3714 4748 usque

453 4957 1056 4975 M~

925 5179 1084 5261 DE
1136 5182 1582 5271 SANCTO
1630 5191 2564 5283 HIEROMARTYRE
2622 5188 2707 5270 (α)
2751 5199 3209 5285 BABYLA.

530 5377 579 5432 ί.
600 5376 849 5434 Volebam
870 5381 1113 5452 equidem
1134 5382 1393 5441 hodierno
1405 5387 1493 5443 die
1510 5389 1745 5445 debitum
1773 5391 2018 5460 reddere,
2124 5398 2266 5467 quod
2292 5413 2461 5467 nuper
2488 5398 2659 5463 vobis,
2693 5414 2812 5453 cum
2840 5400 2925 5455 bic
2944 5416 3143 5467 essem,
3174 5403 3389 5471 promisi
3419 5421 3431 5455 :
3456 5403 3545 5458 sed
3571 5405 3723 5473 quid

510 5509 585 5580 (⁸)
601 5519 718 5580 ηνρκ
738 5512 835 5572 ma‘
859 5512 1224 5580 humu".
1245 5530 1273 5567 ³
1294 5522 1467 5571 mis
1496 5525 1639 5573 medii
1662 5526 1752 5573 mi
1777 5524 1916 5576 mulo
1934 5525 2021 5577 ω.
2125 5487 2357 5542 faciam?
2383 5488 2575 5545 Beatus
2599 5489 2826 5562 Babylas
2864 5492 3226 5549 interveniens
3251 5494 3514 5564 apparuit,
3540 5504 3594 5547 et
3623 5498 3715 5551 ad

437 5568 702 5628 jccta‘ftut.
727 5568 916 5626 δοιιέει
941 5579 1087 5637 cultu,
1112 5568 1164 5632 ιῖι
1185 5568 1639 5646 (έυῑόρωίὲὶίέιὶἷηῦξ
1664 5568 1994 5648 irigc'iiigis.“
2131 5580 2367 5651 seipsum
2409 5597 2507 5637 nos
2531 5585 2772 5649 vocavit;
2805 5599 2908 5641 non
2954 5584 3093 5656 quod
3140 5600 3320 5641 voccm
3357 5585 3580 5651 miserit,
3601 5586 3723 5639 sccl
