4044 6206
234 211 339 269 5'27
1037 255 1040 258 .
1320 212 1402 267 DE
1449 211 1505 266 S.
1551 211 2100 268 IIIEIIOMAHTYILIC
2143 213 2433 266 B‘IBYLA.
3393 223 3496 278 528

367 412 1211 429 ’ἱ-δ-..ΑΨ--υ-...ο-ψ
1221 421 1341 428 m
1365 423 1521 429 _——____.
1532 423 1618 430 ...μ
1629 423 1683 429 ..μ-
1699 426 1702 428 -
1719 425 1762 429 -ς-
1773 423 1987 443 ..ηε-οη...-
1999 425 2020 429 ρ..
2033 423 2254 430 ...κανων-..ι
2265 424 2318 430 σε.
2333 422 2624 430 ..σι--ρ--α--ω
2641 421 3490 448 --ο-Μ--σ--υ--ε--Ἵ

367 434 620 441 Ψ-¹“-⁶-·--“
637 435 1205 442 υ--νή-’τν-*-οσοσ---
1216 435 1362 442 -.ο-..-
1389 437 1469 442 ιο-«ι-ι
1483 437 1502 443 α
1515 438 1559 442 ν--
1578 438 1605 443 ν-
1635 438 1640 443 1
1663 438 1718 443 ..σ-
1731 438 1792 443 --ρσςο
1855 437 1970 443 »σ-ιοο-
1995 438 2002 442 η
2016 436 2070 444 -υη
2092 438 2137 442 --π-
2155 437 2276 443 νεῖν-’δι
2287 439 2292 442 -
2307 438 2356 442 -—
2376 437 2414 443 ι.-
2425 436 2612 443 ~--———-A-~
2625 437 2716 443 cp.--
2731 433 3217 444 ῇ--Δ--ςας--α-νῌ-
3267 437 3429 444 α’-.νγο

237 419 1618 443 mmmsr::r:'
1629 423 1834 443 774—173

1831 423 1987 431 ...οη-..ρ-
1999 425 2020 429 μ.
2033 423 2254 430 ...κισ-...ιρι
2265 424 2318 430 ,σε
2333 422 2624 430 ...σι’-..ἠρρη-
2641 421 3428 444 --ο-Μ-*ι--σ-τῇ

1831 436 1970 443 ..νο-.-η-
1995 438 2002 442 η
2016 436 2070 444 -υ-
2092 438 2137 442 __--
2155 437 2276 443 -7._._.~-
2287 439 2292 442 .
2307 438 2356 442 ._
2376 437 2414 443 ..-
2425 436 2612 443 -ν----,Α--
2625 437 2716 443 -..ο-
2731 433 3217 444 -φ--Λ--ςας--α--κςα
3267 437 3428 444 ...ο-,νο

1647 621 1903 680 ADMON
1913 621 2081 681 ITIO.

221 768 356 825 adeo
381 775 588 824 certum
617 779 720 834 est,
760 787 828 825 an
860 769 990 827 huic
1024 767 1235 827 calculo
1264 772 1518 828 standum
1547 773 1638 828 sit.
1695 774 1748 828 Id
1778 792 1944 830 unum
1976 789 2268 846 possumus
2297 775 2415 829 sine
2458 774 2698 844 pericqu
2724 775 2924 840 dicere,
2966 789 3110 828 anno
3135 762 3352 828 circiter
3383 761 3489 826 38:2

225 863 372 915 hunc
396 862 595 915 librum
628 878 657 916 a
685 861 1083 934 Chrysostomo
1117 865 1380 933 scriptum
1416 864 1604 930 fuisse,
1651 881 1828 936 neque
1859 875 2036 920 tamen
2064 881 2368 935 repugnare
2409 865 2452 919 si
2485 867 2566 920 vel
2591 865 2776 934 paucis
2812 875 2956 931 ante,
3000 863 3082 920 vel
3139 863 3328 931 paucis
3359 875 3496 937 post

223 953 385 1007 annis
409 954 558 1007 illum
588 955 842 1008 ediderit.
879 954 1252 1022 IIermantius,
1280 958 1372 1028 qui
1400 965 1554 1026 putat
1585 959 1731 1012 hunc
1766 959 1964 1012 librum
1997 973 2119 1013 esse
2144 959 2458 1013 concionem
2509 958 2574 1012 ad
2606 957 2788 1026 populi
2842 965 3043 1011 coetum
3075 956 3340 1021 habitam,
3370 939 3490 1008 vult

219 1062 341 1100 eam
370 1047 422 1100 in
450 1062 654 1102 annum
686 1048 791 1104 386
823 1067 945 1105 cum
973 1050 1282 1106 tardissime
1307 1050 1541 1106 conferri
1581 1069 1594 1104 :
1625 1051 1753 1120 quia
1777 1064 1842 1104 eo
1876 1051 2110 1120 primum
2134 1066 2277 1104 anno
2304 1051 2584 1120 presbyter
2613 1050 2790 1105 factus
2822 1049 3247 1120 Chrysostomus
3270 1048 3496 1105 concio-

221 1140 340 1192 nari
370 1142 534 1208 ccepit
561 1157 575 1192 :
607 1157 732 1194 nam
775 1142 895 1211 ipso
929 1144 1255 1198 testificante
1273 1141 1688 1214 Chrysostomo,
1723 1143 1927 1197 nullam
1972 1151 2118 1208 ante,
2151 1159 2314 1213 quam
2345 1144 2626 1213 presbyter
2649 1152 2813 1206 esset,
2843 1141 3161 1196 concionem
3191 1139 3478 1193 habuerat.

222 1235 446 1297 Verum,
472 1246 532 1291 ut
562 1251 724 1306 supra
748 1237 1084 1301 dicebamus,
1112 1236 1320 1290 nullum
1354 1251 1464 1306 pra:
1497 1250 1556 1290 se
1583 1235 1686 1290 fert
1715 1237 1930 1306 signum
1994 1235 2081 1290 hic
2122 1236 2259 1291 liber
2291 1237 2570 1291 coneionis
2604 1237 2669 1290 ad
2721 1235 2981 1305 populum
3037 1233 3254 1298 hab-itm,
3297 1240 3493 1302 estque

220 1336 388 1382 tanta:
423 1328 747 1396 prolixitatis
776 1335 836 1381 ut
864 1343 971 1383 non
996 1330 1235 1399 potuerit
1263 1345 1368 1384 una
1396 1329 1572 1384 solum
1633 1329 1748 1384 vice
1782 1329 2022 1383 recitari.
2049 1330 2129 1383 Ad
2164 1331 2278 1384 haec
2303 1344 2435 1384 vero
2468 1332 2593 1397 quis
2623 1328 2810 1383 credat
2840 1342 2964 1382 etim
2996 1325 3371 1395 longissimam
3419 1323 3490 1378 il-
3539 1376 3542 1378 ,

218 1419 327 1474 Iam
362 1425 629 1478 monodia‘
660 1423 873 1480 Libanii
899 1423 1303 1487 refutationem,
1343 1437 1466 1492 quae
1495 1422 1726 1478 mediam
1755 1421 1926 1477 ferme
1969 1432 2176 1492 partem
2205 1421 2328 1474 libri
2363 1429 2616 1491 occupat,
2647 1420 2703 1472 in
2752 1428 2895 1474 metu
2925 1417 3110 1489 populi
3143 1416 3435 1486 protulisse
3466 1412 3490 1466 i

215 1511 495 1569 Hactenus
521 1516 588 1570 de
621 1527 885 1586 tempore.

286 1631 684 1702 Argumentum
713 1632 838 1687 libri
864 1639 944 1687 est
982 1630 1208 1687 historia
1237 1629 1484 1701 martyrii
1511 1628 1566 1684 S.
1593 1629 1809 1702 Babylae
1843 1629 2099 1700 Episcopi
2128 1629 2477 1696 Antiocheni,
2507 1627 2899 1684 declamatorio
2934 1643 3084 1682 more
3124 1635 3345 1681 narrata
3376 1635 3487 1681 tro-

213 1726 410 1795 pisque
432 1723 780 1792 redundans;
818 1725 872 1778 in
903 1739 1010 1794 qua
1043 1724 1360 1794 plerumque
1389 1723 1670 1778 veritatem
1694 1722 1991 1780 desideres.
2021 1723 2152 1778 Nam
2188 1735 2247 1779 ut
2279 1733 2487 1778 eertum
2529 1719 2786 1777 existimo
2815 1720 2872 1775 S.
2911 1714 3170 1791 Babylam
3205 1734 3301 1788 pro
3324 1708 3489 1772 Chri-

213 1835 302 1880 sto
327 1839 528 1880 cmsum
561 1839 702 1888 esse,
729 1823 803 1878 ita
837 1837 1009 1895 genus
1034 1832 1089 1878 et
1121 1837 1346 1879 causam
1401 1821 1650 1892 martyrii
1680 1836 1746 1876 ex
1778 1822 1959 1891 populi
2013 1837 2236 1876 rumore
2275 1823 2477 1892 potius,
2510 1835 2670 1892 quam
2707 1835 2770 1876 ex
2818 1835 2944 1874 vera
2985 1834 3162 1873 rerum
3207 1825 3487 1888 gestarum

212 1919 440 1973 historia
474 1935 502 1970 a
526 1918 919 1989 Chrysostomo
948 1915 1181 1987 proferri
1209 1932 1316 1973 non
1357 1917 1585 1971 dubium
1612 1924 1716 1971 est.
1774 1915 1908 1970 Nam
1939 1916 2084 1985 quis,
2121 1930 2329 1986 quaeso,
2397 1914 2486 1968 ille
2523 1912 2688 1967 fuerit
2739 1911 3111 1966 Romanorum
3179 1909 3484 1980 Imperator

208 2014 581 2077 Christianus,
608 2012 702 2082 qui
742 2012 874 2066 inita
905 2025 1030 2067 cum
1062 2026 1188 2082 rege
1214 2011 1447 2067 barbaro
1475 2025 1629 2081 pace,
1674 2013 1753 2075 Tea
1784 2011 2122 2073 conditione,
2155 2017 2213 2064 ut
2268 2008 2438 2063 filium
2478 2009 2565 2063 ille
2588 2008 2693 2064 sibi
2721 2005 3066 2062 educandum
3095 2003 3352 2067 traderet,
3389 2018 3485 2057 ac-

208 2115 429 2175 ceptum
463 2120 561 2174 pro
589 2106 816 2175 pignore
843 2105 996 2176 pacis
1020 2105 1190 2160 filium
1217 2104 1504 2160 confestim
1524 2104 1880 2176 iugulaverit,
1920 2119 2096 2174 eaque
2137 2104 2205 2158 de
2237 2119 2401 2159 causa
2431 2119 2459 2157 a
2489 2105 2648 2157 beato
2685 2102 2883 2173 Babyla
2935 2098 3180 2155 ecclesiae
3216 2098 3369 2153 aditu
3400 2098 3485 2152 in-

209 2201 508 2261 terclusus,
545 2198 796 2252 eumdem
832 2195 889 2251 S.
941 2196 1228 2268 praesulem
1265 2197 1320 2252 in
1365 2212 1642 2253 carcerem
1687 2197 1830 2252 trudi
1875 2206 1928 2253 et
1955 2197 2272 2251 obtruncari
2301 2195 2570 2270 jusserit?
2623 2193 2777 2248 Ilunc
2809 2192 3200 2262 Imperatorem
3252 2189 3476 2259 quidam

205 2293 324 2346 sive
353 2293 682 2348 scholiastes
715 2293 830 2349 sive
859 2292 1116 2348 librarius
1140 2292 1273 2347 dicit
1310 2307 1432 2349 esse
1461 2291 1877 2348 Numerianum.
1932 2291 2054 2357 Quo
2086 2291 2216 2362 quid
2254 2291 2534 2361 ineptius?
2569 2289 2706 2343 Nam
2741 2287 2824 2343 vel
2857 2278 3236 2342 Christianum
3291 2285 3477 2340 dicere

204 2383 627 2450 Numerianum,
660 2385 743 2440 vel
775 2383 1180 2440 interfectorem
1215 2384 1502 2455 cujusdam
1549 2385 1692 2456 regis
1722 2384 2080 2440 barbarorum
2113 2383 2210 2439 filii
2250 2384 2306 2439 in
2348 2384 2502 2454 pacis
2529 2384 2726 2455 pignus
2774 2382 2877 2437 sibi
2911 2381 3117 2446 traditi,
3171 2395 3326 2451 mque
3359 2397 3486 2435 cum

204 2489 336 2530 vera
375 2475 605 2532 historia
635 2487 858 2547 pugnat.
892 2475 1002 2530 Nec
1029 2475 1203 2545 magis
1230 2476 1472 2530 creditur
1493 2475 1645 2532 Actis
1696 2475 2026 2547 quibusdam
2057 2490 2089 2530 a
2119 2473 2385 2531 Bollando
2423 2464 2584 2531 editis
2617 2475 2684 2530 ad
2723 2474 2793 2530 24
2824 2473 3096 2540 Januarii,
3123 2474 3217 2528 ubi
3272 2471 3480 2530 Nume-

203 2566 403 2621 rianns
424 2565 695 2620 idolorum
717 2565 898 2620 cultor
927 2564 1205 2619 inducitur
1237 2564 1294 2620 S.
1333 2565 1588 2637 Babylam
1616 2573 1832 2621 tentans
1859 2566 1926 2620 ad
1963 2567 2298 2638 impietatem
2352 2581 2511 2623 suam
2543 2565 2777 2632 trahere,
2816 2567 3108 2635 ipsumque
3137 2580 3260 2620 eum
3295 2565 3482 2634 pueris

201 2659 537 2730 quibusdam
564 2656 810 2728 martyrii
843 2657 1014 2728 gloria
1042 2656 1284 2712 alliciens
1313 2672 1326 2708 :
1363 2673 1486 2728 qua:
1517 2666 1666 2723 certe
1697 2673 1806 2713 non
1841 2667 2072 2728 possunt
2101 2659 2167 2714 ad
2227 2658 2487 2730 Bahylam
2518 2667 2767 2714 nostrum
2805 2657 3021 2713 referri.
3073 2656 3211 2713 Ilinc
3236 2657 3471 2727 quaestio
3515 2729 3534 2738 _

200 2755 386 2807 oritur
415 2767 484 2804 an
516 2751 698 2820 plures
729 2747 972 2818 ejusdem
999 2749 1242 2804 nominis
1278 2749 1407 2805 sint.
1445 2751 1562 2817 Qua
1596 2750 1663 2805 de
1687 2766 1747 2806 re
1793 2751 1917 2806 vide
1947 2750 2271 2806 Bollandum
2305 2750 2357 2804 in
2389 2750 2541 2806 Actis
2571 2749 2672 2806 SS.
2705 2747 2957 2804 Januarii
3002 2751 3093 2804 2|.
3160 2749 3478 2807 Verisimile

200 2846 372 2914 igitur
405 2853 490 2899 est
523 2844 609 2897 hic
639 2842 1022 2913 Imperatorem
1054 2841 1365 2913 Philippum
1402 2841 1714 2905 memorari,
1775 2841 1870 2912 qui
1912 2842 2126 2913 imperii
2151 2842 2442 2898 invadendi
2467 2857 2631 2898 causa
2663 2857 2807 2898 caeso
2863 2844 3142 2900 Gordiano
3199 2845 3481 2915 Augusto,

197 2949 498 3009 postquam
536 2946 644 2992 tam
674 2937 860 3007 iniqua
889 2937 1034 2992 caede
1063 2937 1174 2991 voti
1197 2951 1424 3006 compos
1455 2936 1631 2993 factus
1666 2937 2015 2993 Antiochiam
2040 2947 2287 3002 venerat,
2317 2935 2603 2993 Paschatis
2641 2946 2885 3006 tempore
2919 2939 2986 2993 ad
3025 2937 3314 2994 ecclesiam
3344 2955 3482 3009 pre-

197 3046 326 3088 cum
381 3031 882 3103 mysteriorumque
915 3046 1144 3086 consors
1203 3029 1444 3096 futurus,
1487 3031 1797 3086 accedebat.
1836 3033 1958 3100 Quo
2009 3040 2317 3103 comperto,
2352 3031 2413 3087 S.
2439 3030 2666 3101 Babylas
2694 3031 3044 3086 accedentem
3079 3031 3467 3102 Imperatorem

197 3125 426 3194 repulit,
471 3124 719 3179 ecclesiae
747 3125 896 3180 aditu
927 3124 1228 3190 interdixit,
1261 3134 1312 3181 et
1335 3126 1720 3195 poenitentium
1749 3127 1872 3182 loco
1898 3143 1957 3184 se
1988 3128 2184 3183 sistere
2211 3126 2400 3196 jussit,
2457 3125 2632 3181 donec
2663 3126 2982 3197 paenitentia
3010 3125 3199 3180 ablato
3226 3127 3482 3196 expiato-

197 3231 306 3284 que
339 3217 571 3280 scelere,
626 3217 693 3271 ad
723 3217 1166 3272 communionem
1217 3218 1453 3273 fidelium
1485 3227 1671 3288 postea
1723 3219 2073 3289 reciperetur.
2111 3217 2263 3274 Hanc
2299 3235 2329 3275 a
2364 3219 2423 3273 S.
2475 3218 2712 3290 prmsule
2749 3217 3025 3287 repulsam
3075 3228 3232 3288 grato
3285 3218 3472 3273 animo

197 3312 563 3382 modesteque
588 3312 776 3368 tulisse
801 3311 1135 3382 Philippum,
1169 3321 1358 3367 narrat
1391 3311 1679 3375 Eusebius,
1717 3312 1958 3382 itemque
1985 3314 2369 3382 pmnitentium
2399 3313 2581 3368 locum
2617 3311 2840 3377 adiisse,
2873 3325 2936 3365 ac
2968 3319 3082 3365 tum
3118 3320 3484 3382 posteaquam

195 3405 411 3459 crimen
440 3405 740 3460 secundum
768 3405 1023 3461 Ecclesiae
1055 3413 1256 3460 statuta
1284 3403 1593 3470 confessus,
1644 3405 2078 3476 exhomologcsi,
2117 3416 2176 3460 ut
2207 3407 2496 3472 vocabant,
2524 3405 2688 3470 facta,
2723 3407 3070 3475 deposuerat,
3099 3403 3152 3458 in
3181 3404 3483 3461 Ecclesiam

191 3497 512 3553 admissum
540 3499 727 3555 fuisse.
761 3500 876 3555 Sub
909 3500 1024 3556 hcce
1047 3510 1228 3556 autem
1261 3501 1565 3571 imperante
1601 3501 1785 3570 Decio,
1822 3502 2265 3558 Christianorum
2304 3505 2481 3570 hoste,
2512 3503 2572 3558 B.
2600 3502 2834 3574 Babylas
2865 3518 2964 3574 pro
2985 3503 3209 3558 Christo
3236 3505 3480 3558 cervices

191 3592 367 3647 dedit.
407 3593 566 3659 Quod
601 3593 666 3647 de
702 3593 1026 3663 pmnitentia
1056 3594 1230 3663 deque
1257 3592 1679 3650 Christianismo
1710 3594 1943 3665 Philippi
1987 3594 2055 3649 ab
2087 3594 2327 3651 Eusebio
2362 3611 2472 3651 non
2498 3595 2653 3665 quasi
2683 3603 2914 3662 certum,
2940 3595 3034 3650 sed
3067 3610 3164 3650 ceu
3198 3611 3229 3649 a
3257 3595 3485 3665 quibus-

189 3683 322 3738 dam
357 3685 606 3739 auditum
634 3698 910 3751 narratur,
945 3701 974 3740 a
1007 3687 1194 3741 multis
1221 3695 1447 3740 vocatur
1477 3687 1530 3739 in
1584 3687 1833 3741 dubium.
1865 3687 2144 3741 Adcantur
2177 3688 2234 3753 ii,
2277 3689 2367 3758 qui
2399 3705 2461 3744 ex
2494 3689 2746 3743 instituto
2781 3704 2892 3743 rem
2927 3689 3176 3758 pluribus
3206 3698 3478 3743 tractave-

188 3789 345 3834 runt.
386 3775 695 3834 Verisimile
718 3788 899 3835 autem
935 3788 1036 3844 est,
1081 3779 1156 3833 uti
1191 3779 1461 3842 dicebam,
1493 3795 1558 3832 ex
1587 3779 1816 3834 historia
1864 3776 1956 3835 illa
1991 3782 2252 3837 Gordiani
2303 3799 2333 3837 a
2360 3783 2606 3852 Philippo
2637 3783 2762 3837 czesi
2797 3797 3052 3837 manasse
3104 3782 3276 3846 illam,
3313 3799 3480 3852 quam

186 3871 454 3939 superius
485 3886 550 3925 ex
585 3871 981 3942 Chrysostomo
1012 3871 1336 3938 retulimus;
1366 3873 1458 3927 sed
1494 3872 1564 3926 ita
1594 3872 1935 3942 deturpatam
1961 3873 2433 3944 deformatamque
2466 3875 2520 3928 in
2546 3876 2805 3929 omnibus
2829 3875 2947 3929 suis
2970 3874 3240 3944 partibus,
3277 3883 3338 3927 ut
3371 3875 3479 3928 alia

185 3964 420 4032 penitus
449 3978 573 4020 esse
607 3963 894 4032 videatura

271 4085 456 4157 Longe
486 4087 705 4142 saniora
733 4097 862 4142 sunt
891 4103 1011 4156 quae
1044 4088 1110 4142 de
1151 4087 1398 4156 reliquiis
1429 4087 1485 4142 S.
1517 4087 1734 4160 Babylae
1767 4105 1833 4143 ex
1867 4088 2134 4144 suburbio
2170 4086 2422 4159 Daphnes
2453 4091 2507 4145 in
2542 4091 2729 4146 urbem
2762 4090 3112 4146 Antiochiam
3144 4090 3479 4162 Chrysosto~

185 4199 321 4237 mus
347 4191 616 4243 recenset,
647 4196 856 4236 necnon
887 4180 954 4236 de
989 4182 1191 4251 templo
1213 4181 1480 4251 Apollinis
1509 4183 1774 4239 divinitus
1808 4192 1953 4238 tacto
1982 4195 2036 4239 et
2057 4185 2368 4240 combusto.
2399 4184 2607 4240 IIorum
2636 4187 2780 4240 enim
2819 4201 2924 4240 non
2962 4186 3079 4256 ipse
3107 4187 3272 4241 modo
3302 4186 3449 4256 Chry
3477 4222 3481 4227 ι

183 4287 478 4332 sostomus
498 4274 650 4347 [b5l]
675 4277 926 4331 oculatus
967 4276 1116 4331 testis
1143 4285 1279 4339 erat,
1311 4277 1403 4331 sed
1430 4278 1592 4330 etiam
1634 4294 1826 4334 omnes
1850 4279 1969 4348 ejus
2004 4279 2304 4347 auditores,
2337 4297 2479 4352 quos
2506 4281 2559 4335 in
2591 4282 2813 4336 homilia
2845 4297 2942 4338 sua
2974 4281 3295 4353 alloquitur.
3331 4283 3480 4338 Illius

179 4368 343 4422 etaim
377 4368 611 4438 prodiin
638 4383 764 4423 eum
793 4367 846 4422 in
878 4368 1100 4424 homilia
1135 4380 1247 4422 tum
1283 4369 1337 4422 in
1374 4369 1512 4424 libro
1551 4370 1618 4425 de
1646 4369 1846 4442 Bahyla
1880 4373 2212 4426 mentionem
2252 4372 2400 4427 facit.

272 4486 520 4544 IIomiliae
556 4489 932 4560 interpretatio
991 4491 1182 4547 Latina
1211 4504 1293 4547 est
1323 4493 1616 4550 Frontonis
1667 4493 1870 4549 Duczei.
1903 4495 2048 4550 Libri
2113 4512 2240 4554 vero
2289 4496 2341 4551 in
2377 4497 2636 4568 Babylam
2671 4507 2727 4552 ct
2762 4507 2954 4552 contra
2986 4494 3264 4552 Iulianum
3305 4497 3476 4551 inter-

173 4583 555 4649 pretationem
593 4600 788 4638 novam
819 4585 1233 4650 adornavimus,
1265 4588 1392 4657 quia
1421 4586 1677 4642 Germani
1707 4589 1870 4642 Brixii
1915 4591 2026 4656 illa,
2061 4607 2184 4662 qua:
2223 4591 2276 4645 in
2309 4590 2463 4662 prius
2502 4592 2666 4647 editis
2696 4603 2834 4657 erat,
2861 4590 3221 4661 paraphrasin
3250 4589 3478 4644 omnino

175 4674 432 4742 sapiebat
445 4715 460 4729 .

228 4980 3059 5012 'U———-—-————-——————-—-——--———-—-——-———————___._____.____

3071 5000 3461 5019 w

713 5142 888 5227 ΕΙΣ
944 5143 1171 5227 TON
1230 5143 1564 5226 ΛΓΙΟΝ
1621 5145 2379 5234 ΙΕΡΟΜΑΡΤΥΡΑ
2436 5150 2965 5239 ΒΑΒΥΛΑΝ.

251 5436 348 5492 α’.
367 5434 508 5503 Ἐγὼ
528 5434 627 5505 μὲν
648 5435 947 5507 ἐϐουλόμην
966 5438 1254 5491 ἀποδοῦναι
1272 5439 1330 5490 τὸ
1351 5459 1380 5510 χ
1386 5440 1507 5511 ρέος
1523 5442 1782 5512 τήμερον,

1895 5445 1944 5497 τε
1978 5444 2165 5508 milia);
2202 5447 2420 5513 Μεταξὺ
2455 5452 2642 5516 φανεὶς
2676 5454 2704 5503 ὀ
2739 5451 3005 5522 μακάριος
3038 5452 3302 5516 Βαϐύλας,
3333 5454 3466 5525 πρὸς

153 5523 194 5576 ὁ
239 5518 462 5589 πρώην
501 5516 734 5572 ἐνταῦθα
781 5519 1070 5590 γενόμενος
1114 5521 1427 5594 ὑπεσχόμην
1462 5524 1615 5597 ὑμῖν
1653 5525 1787 5578 ἀλλὰ
1895 5528 2086 5582 ἑαυτὸν
2135 5530 2281 5599 ἡμᾶς
2332 5533 2612 5600 ἐκάλεσεν,
2643 5537 2702 5589 οὐ
2739 5516 2935 5606 *φωνήν
2980 5536 3156 5604 ἀφεὶς,
3214 5536 3347 5592 ἀλλὰ
3378 5516 3467 5612 ’τῆ

535 5616 807 5672 i‘nttOL.
843 5615 961 5672 (in.
1006 5615 1069 5673 [ι.

3126 5619 3158 5677 8
