4044 6206
557 303 668 362 ’Ξηθ
1259 307 1316 362 S.
1355 305 1642 363 JOANNIS
1679 303 2173 372 CHRYSQSTOMI
2209 303 2534 362 ARCIIIEP.
2575 303 3128 364 CONSTANTINOP.

559 421 864 494 λαμπηδόνι
898 421 996 492 τῆς
1045 419 1216 488 ὂψεως
1252 417 1583 490 ἐκστρέψας
1627 418 1794 487 ἡμᾶς.
1832 415 1923 486 Μὴ
1955 414 2134 467 τοίνυν

553 514 928 586 ’δυσχεράνητε
981 511 1118 581 πρὸς
1151 509 1247 579 τὴν
1297 508 1590 580 ὑπέρθεσιν
1627 507 1728 578 τῆς
1795 505 2134 566 ἀποδόσεως⁶

561 607 780 669 πάντως
822 605 934 674 ὅσῳ
968 603 1170 656 πλείων
1197 601 1406 670 γίνεται
1428 602 1456 653 6
1483 600 1692 671 χρόνος,
1722 597 1962 666 τοσούτῳ
1988 597 2083 649 καὶ
2111 597 2139 649 6

561 697 719 760 τόκος
751 694 884 764 ὑμῖν
924 691 1164 759 αὒξεται.
1215 691 1371 744 Μετὰ
1420 691 1530 762 γὰρ
1567 689 1726 742 τόκου
1772 686 1836 740 τδ
1878 685 2140 758 ἀργύριον

562 785 719 840 τοῦτο
735 783 1041 838 καταϐαλού
1051 781 1190 854 μεθα
1209 799 1223 813 ·
1251 783 1348 834 ἐπε
1357 781 1439 851 ιδη
1457 781 1551 834 καὶ
1572 782 1600 833 6
1621 777 2141 850 παρακαταθέμενος

563 879 696 930 αὐτὸ
717 873 994 946 Δεσπότης
1019 872 1194 937 οὑτως
1221 872 1496 927 ἐκέλευσε.
1519 868 1860 943 Θαρροῦντες
1881 863 1974 920 οὖν
2001 865 2140 936 ὑπὲρ

564 968 672 1023 τῶν
707 963 1155 1036 δεδανεισμένων,
1202 964 1278 1027 ὡς
1316 963 1411 1016 καί¹
1442 960 1537 1014 τοῦ
1569 959 1864 1030 κεφαλαίου
1905 957 2000 1011 καὶ
2041 956 2140 1026 τῆς

562 1057 824 1128 ἐργασίας
878 1055 1148 1128 μενόντων
1197 1055 1347 1126 ὑμῖν,
1393 1052 1454 1106 τὸ
1499 1049 1854 1123 παρεμπεσὸν
1903 1050 2142 1119 σήμερον

571 1149 762 1220 κέρδος
812 1147 885 1219 μὴ
944 1145 1430 1218 παραδράμωμεν,
1473 1142 1609 1198 ἀλλά
1636 1139 2144 1212 κατατρυφήσωμεν

575 1240 684 1293 τῶν
716 1241 809 1293 τοῦ
844 1237 1116 1310 μακαρίου
1149 1235 1368 1290 Βαϐύλα
1400 1231 1861 1306 κατορθωμάτων.

637 1375 826 1437 Ὅπως
859 1374 957 1444 μέν
986 1369 1078 1428 οῦν
1105 1373 1207 1444 τῆς
1245 1371 1571 1444 Ἐκκλησίας
1603 1367 1842 1440 προέστη
1867 1366 1968 1438 τῆς
2012 1362 2143 1435 παρ’

571 1469 727 1537 ἡμῖν,
747 1466 842 1522 καὶ
868 1467 965 1536 τὴν
983 1465 1132 1536 ἱερὸν
1158 1463 1362 1536 ταύτην
1379 1463 1605 1516 διέσωσε
1629 1458 1786 1524 ναῦν,
1814 1461 1872 1513 ἐν
1895 1455 2143 1528 χειμῶνι,

567 1560 660 1612 καὶ
699 1557 949 1620 κλύδωνι,
1004 1556 1100 1610 καὶ
1153 1556 1383 1628 κύμασι,
1433 1553 1527 1608 καὶ
1567 1554 1698 1622 ὅσην
1751 1550 1888 1621 πρὸς
1927 1545 2147 1618 βασιλέα

567 1651 878 1722 παρρησίαν
917 1648 1248 1714 ἐπεδείξατο,
1287 1647 1384 1700 καὶ
1431 1644 1552 1708 πῶς
1601 1641 1700 1715 τὴν
1735 1640 1912 1713 ψυχὴν
1951 1638 2146 1709 ἔθηκεν

567 1743 708 1815 ὑπὲρ
741 1742 851 1796 τῶν
887 1739 1198 1814 προϐάτων,
1229 1737 1322 1792 καὶ
1341 1735 1440 1808 τὴν
1475 1735 1751 1808 μακαρίαν
1793 1730 2006 1802 ἐκείνην
2039 1728 2148 1782 ἐδέ-

569 1835 695 1898 ξατο
736 1835 950 1906 σφαγήν
970 1849 983 1862 ’
1025 1829 1221 1894 ταῦτα,
1253 1829 1348 1884 καὶ
1376 1827 1446 1882 τὰ
1479 1825 1728 1892 τοιαῦτα,
1763 1825 1877 1888 τοῖς
1915 1820 2150 1894 πρεσῦυ-

567 1925 749 1996 τέροις
775 1923 882 1978 τῶν
907 1921 1240 1976 διδασκάλων
1257 1919 1352 1972 καὶ
1383 1915 1462 1990 τῷ
1478 1915 1644 1987 κοινῷ
1662 1913 1830 1986 πατρὶ
1851 1910 1973 1985 [τῷ]
1992 1907 2148 1981 ήμῶν

569 2017 856 2088 ἀφήσομεν
888 2015 1086 2070 εἰπεῖν.
1111 2013 1194 2068 Τὰ
1239 2011 1350 2084 γὰρ
1387 2009 1722 2084 ἀρχαιότερα
1749 2003 1858 2060 τῶν
1885 2001 2149 2076 πραγμά-

567 2125 676 2162 των
702 2109 752 2161 οί
777 2105 1151 2178 γεγηρακότες
1175 2104 1304 2175 ὑμῖν
1323 2102 1577 2156 δύνανται
1601 2095 1907 2170 διηγεῖσθαι
1935 2093 2112 2159 καλῶς
2131 2109 2147 2126 ·

563 2199 671 2252 «ὅσα
700 2199 758 2252 δέ
783 2197 980 2250 νεωστὶ
1009 2195 1226 2264 γέγονε,
1250 2194 1348 2247 καὶ
1388 2193 1482 2246 ἐπὶ
1508 2192 1607 2262 τῆς
1629 2189 1848 2261 ήλικίας
1874 2187 1973 2258 τῆς
2017 2187 2151 2256 ἡμε-

569 2287 755 2360 τέρας,
784 2285 957 2340 ταῦτα
999 2287 1028 2340 6
1054 2283 1174 2348 νέος
1208 2281 1320 2352 ἐγὼ
1353 2281 1489 2352 πρὸς
1521 2279 1667 2350 ὑμᾶς
1699 2277 2052 2348 διηγήσομαι,
2083 2271 2152 2326 τὰ

563 2380 711 2452 ,μετά
735 2377 992 2448 τελευτὴν
1013 2376 1182 2445 λέγω,
1211 2373 1280 2427 τά
1313 2372 1452 2445 μετὰ
1477 2369 1578 2442 τὴν
1607 2368 1784 2439 ταφὴν
1816 2365 1912 2420 τοῦ
1947 2365 2152 2436 μάρτυ-

569 2491 686 2546 ρος,
715 2471 786 2526 τά
825 2471 988 2543 ήνίκα
1021 2469 1079 2522 ἐν
1121 2466 1198 2538 τῷ
1233 2462 1544 2538 προαστείῳ
1585 2459 1842 2533 διέτριϐε.
1883 2459 1995 2514 Καὶ
2035 2453 2152 2511 οῖδα

564 2564 695 2638 μὲν,
723 2565 806 2617 ὅτι
849 2561 1171 2632 γελάσονται
1208 2557 1309 2629 τὴν
1350 2555 1643 2626 ὑπόσχεσιν
1675 2551 1832 2624 ἡμῶν
1869 2549 2149 2620 Ἕλληνες,

563 2658 620 2712 εί
668 2653 810 2727 μετά
849 2651 1112 2722 τελευτὴν
1149 2649 1246 2704 καὶ
1291 2645 1470 2719 ταφὴν
1503 2645 1574 2700 τά
1613 2644 1707 2698 τοῦ
1753 2643 2019 2714 ταφέντος
2057 2639 2153 2693 καὶ

557 2743 912 2808 διαλυθέντος
937 2745 1018 2806 εἰς
1050 2741 1201 2796 κόνιν
1233 2734 1643 2808 ὑπισχνούμεθα
1671 2733 1852 2804 λέγειν
1877 2731 2150 2804 ἀνδραγα-

561 2839 823 2910 θήματα·
857 2836 917 2890 οὑ
955 2833 1062 2907 μήν
1103 2831 1194 2886 διά
1219 2831 1380 2885 τοῦτο
1417 2829 1735 2899 σιγήσομεν,
1771 2823 1908 2879 ἀλλά
1949 2822 2044 2876 καὶ
2082 2819 2151 2873 δι’

569 2929 712 2983 αὐτὸ
735 2927 896 2982 τοῦτο
928 2925 1164 2998 μάλιστα
1188 2921 1444 2994 ἐροῦμεν,
1475 2920 1563 2972 ῖνα
1591 2915 1652 2971 τὸ
1673 2914 1974 2989 παράδοξον
1995 2911 2154 2966 τοῦτο

567 3022 842 3088 δείξαντες
881 3017 1119 3090 ἀληθῶς,
1151 3016 1243 3070 τὸν
1271 3013 1484 3084 γέλωτα
1523 3012 1603 3075 είς
1623 3011 1720 3080 τήν
1748 3007 1969 3062 ἐκείνων
1997 3011 2155 3076 περι-

573 3114 862 3188 τρέψωμεν
903 3108 1167 3180 κεφαλήν.
1210 3103 1526 3177 Ἀνθρώπου
1563 3101 1658 3174 μὲν
1687 3099 1796 3172 γάρ
1837 3095 2024 3160 ἁπλῶς
2052 3095 2153 3150 οὑκ

573 3207 644 3260 ἂν
689 3203 900 3273 γένοιτο
929 3197 1333 3270 κατορθώματα
1368 3193 1507 3267 μετὰ
1541 3192 1830 3265 τελευτήν·
1875 3190 2152 3261 μάρτυρος

561 3297 631 3350 -δέ
681 3293 874 3364 γένοιτ’
926 3293 992 3346 ἂν
1037 3289 1212 3344 πολλά
1258 3289 1356 3344 καὶ
1407 3286 1640 3360 μεγάλα,
1675 3285 1772 3354 οὑχ
1810 3284 1896 3337 ἵνα
1943 3282 2154 3344 ἐκεῖνος

567 3383 957 3455 λαμπρότερος
991 3381 1216 3450 γένηται
1261 3377 1439 3447 (οὑδέν
1461 3376 1569 3448 γάρ
1597 3374 1746 3445 αὑτῷ
1772 3374 1852 3426 δεῖ
1876 3372 1974 3444 τῆς
2002 3370 2154 3442 παρὰ

577 3479 688 3532 τῶν
713 3475 922 3530 πολλῶν
949 3473 1152 3543 δόξης),
1170 3470 1284 3524 ἀλλ’
1315 3471 1405 3523 ἵνα
1433 3469 1497 3522 σὺ
1534 3466 1711 3538 μάθῃς
1742 3467 1770 3518 6
1801 3465 2049 3527 ἄπιστος,
2069 3463 2153 3517 ὅτι

565 3575 810 3632 νθάνατος
871 3565 1162 3639 μαρτύρων
1208 3562 1308 3616 οὑκ
1361 3560 1476 3614 ἐστι
1527 3559 1775 3624 θάνατος,
1823 3556 1960 3610 ἀλλὰ
2007 3553 2153 3625 ζωῆς

571 3659 1002 3736 ,βελτίονοςάρχὴ
1022 3656 1117 3710 καὶ
1143 3652 1416 3716 πολιτείας
1438 3649 1958 3722 πνευματικωτέρας
1969 3647 2153 3718 προοί-

585 3777 702 3831 μια,
748 3757 846 3811 καὶ
893 3753 1222 3826 μετάστασις
1273 3746 1380 3802 ἀπὸ
1421 3744 1530 3800 τῶν
1562 3743 1859 3799 ἐλαττόνων
1899 3740 2032 3811 πρὸς
2089 3739 2154 3793 τά

574 3850 794 3923 βελτίω.
819 3847 910 3918 Μὴ
927 3845 1036 3916 γάρ
1061 3843 1126 3915 δὴ
1147 3839 1306 3895 τοῦτο
1335 3839 1472 3911 ἴδῃς,
1488 3838 1570 3890 ὅτι
1593 3835 1798 3906 γυμνὸν
1821 3833 1914 3887 τοῦ
1949 3833 2154 3904 μάρτυ-

581 3961 675 4018 ρος
702 3942 766 3996 τδ
795 3939 957 4012 σῶμα
989 3936 1274 4008 πρόκειται
1306 3931 1405 4003 τῆς
1439 3929 1678 4001 ψυχικῆς
1709 3925 1987 3998 ἐνεργείας
2021 3925 2152 3998 ἐρη-

579 4053 716 4109 μονο
746 4034 858 4090 ἀλλ’
894 4033 1070 4086 ἐκεῖνο
1105 4028 1321 4090 σκόπει,
1350 4026 1432 4078 ὅτι
1461 4023 1561 4093 τῆς
1587 4021 1764 4093 ψυχῆς
1795 4019 1964 4090 αὐτῆς
1989 4019 2152 4090 ἐτέρα

575 4127 970 4202 ’παρακάθηται
1019 4121 1222 4194 μείζων
1267 4117 1417 4189 αὑτῷ
1463 4115 1714 4185 δύναμις,
1768 4113 1802 4183 ή
1852 4113 1945 4165 τοῦ
1997 4111 2151 4180 ἁγίου

573 4221 900 4289 ιΙῙνεύματος
929 4211 1112 4285 χάρις,
1153 4209 1318 4263 πᾶσιν
1359 4206 1499 4278 ὑπὲρ
1523 4205 1618 4276 τῆς
1647 4201 1994 4262 ἀναστάσεως
2027 4201 2154 4252 ἀπο-

577 4308 918 4380 λογουμένη,
969 4303 1037 4356 δι’
1083 4295 1157 4354 ὧν
1210 4295 1624 4367 θαυματοποιεῖ.
1701 4291 1852 4364 [552]
1923 4291 1985 4342 Εἰ
2044 4291 2153 4359 γὰρ

584 4402 796 4473 νεκροῖς
817 4395 1031 4466 σώμασι
1047 4389 1143 4445 καὶ
1171 4385 1499 4441 διαλυθεῖσιν
1523 4384 1603 4446 είς
1632 4383 1781 4434 κόνιν
1806 4380 2025 4451 μείζονα
2046 4379 2152 4432 τῶν

583 4467 804 4556 ζώντων
850 4483 1104 4538 ἁπάντων
1134 4477 1362 4544 δύναμιν
1385 4475 1413 4526 6
1459 4470 1589 4532 Θεὸς
1625 4469 1940 4540 ἐχαρίσατο,
1975 4467 2154 4538 πολλῷ

587 4580 788 4655 μᾶλλον
811 4579 998 4641 αὐτοῖς
1025 4575 1173 4646 ζωὴν
1215 4577 1490 4646 χαριεῖται
1509 4569 1707 4644 βελτίω
1735 4573 1834 4640 τῆς
1859 4568 2152 4640 προτέρας,

579 4675 679 4732 καὶ
719 4667 1138 4744 μακαριωτέραν
1183 4666 1326 4721 κατὰ
1350 4667 1443 4720 τὸν
1479 4664 1589 4717 τῶν
1627 4663 1909 4734 στεφάνων
1943 4663 2152 4736 καιρόν.

579 4771 718 4824 ξΓίνα
738 4763 832 4823 οὖν
862 4767 1010 4818 ἐστιν
1025 4761 1189 4816 αὑτοῦ
1210 4760 1277 4815 τά
1307 4757 1708 4829 κατορθώματα
1729 4773 1744 4824 ;
1781 4756 1942 4810 Ἀλλά
1973 4757 2049 4828 μὴ
2069 4757 2157 4811 80-
2179 4819 2191 4829 λ
2259 4751 2322 4829 σῖ

2179 4819 2228 4868 κ-
2256 4824 2347 4878 τοῦ
2362 4786 2594 4888 ila-:96;
2615 4815 2706 4868 τὸν
2743 4786 3077 4880 ὑψηλότατον
3113 4802 3212 4872 τῆς
3238 4797 3393 4866 δόξης
3437 4791 3682 4860 κατέχων
3705 4786 3840 4855 θρό-

588 4861 885 4936 ρυϐηθῆτε,
921 4857 986 4912 ἂν
1023 4856 1215 4928 μικρὸν
1241 4851 1498 4921 ἀνωτέρω
1524 4851 1616 4904 τὸν
1643 4849 1800 4918 λόγον
1835 4849 2154 4920 ἀγάγωμεν.

583 4955 693 5009 Καὶ
731 4953 840 5024 γάρ
869 4953 918 5004 οἱ
945 4950 1046 5014 τὰς
1075 4947 1291 5011 εἰκόνας
1317 4945 1581 5012 ἐπιδεῖξαι
1618 4942 1930 5016 βουλόμενοι
1953 4941 2152 5010 καλῶς,

585 5045 783 5118 μικρὸν
798 5045 893 5096 τοῦ
913 5041 1240 5096 πινακίσκου
1257 5038 1382 5102 τοὺς
1405 5037 1710 5108 θεωμένους
1727 5035 2153 5107 ἀποστήσαντες,

579 5137 756 5200 οὑτως
785 5133 954 5196 αὑτάς
989 5129 1411 5193 ἐκκαλύπτουσι,
1461 5127 1804 5200 σαφεστέραν
1832 5126 1911 5199 τῷ
1931 5127 2154 5198 διαστή-

586 5246 717 5301 ματι
755 5224 1034 5287 ποιοῦντες
1067 5221 1166 5292 τὴν
1193 5221 1316 5291 ὄψιν
1349 5222 1553 5287 αὐτοῖς.
1609 5221 1934 5294 ’Λνάσχεσθε
1977 5221 2156 5275 τοίνυν

583 5321 677 5374 καὶ
715 5319 873 5389 ὑμεῖς
911 5316 991 5378 είς
1026 5312 1268 5366 τούπίσω
1307 5312 1400 5365 τὸν
1431 5313 1587 5382 λόγον
1619 5313 1952 5367 άνελκόντων
1978 5312 2153 5384 ήμῶν.

665 5449 884 5522 Ἐπειδὴ
910 5448 1018 5520 γάρ
1047 5447 1076 5499 6
1109 5445 1318 5508 πάντας
1349 5443 1578 5516 ἀσεϐείᾳ
1602 5448 1832 5517 νικήσας
1869 5445 2154 5512 Ἰουλιανὸς

577 5545 749 5617 ἀνέϐη
801 5543 892 5596 ἐπὶ
921 5543 1012 5596 τὸν
1043 5539 1232 5613 θρόνον
1277 5540 1371 5594 τὸν
1418 5539 1718 5611 βασιλικὸν,
1747 5543 1842 5596 καὶ
1877 5541 1988 5596 τῶν
2022 5545 2156 5616 σκή-

583 5653 770 5728 πτρων
799 5633 1091 5689 ἐπελάϐετο
1115 5631 1225 5686 τῶν
1262 5631 1618 5699 δεσποτικῶν,
1653 5633 1854 5698 εὐθέως
1881 5634 1978 5689 καὶ
2013 5635 2155 5691 κατὰ

571 5725 677 5780 τοῦ
710 5727 1069 5800 πεποιηκότος
1097 5725 1257 5782 αὐτὸν
1293 5726 1393 5794 τὰς
1418 5727 1606 5804 χεῖρας
1629 5728 1832 5801 ἀντῆρε
1867 5728 2024 5795 Θεοῦ,
2056 5729 2152 5784 καὶ

3699 294 3802 352 530

2237 413 2330 468 τὸν
2353 413 2646 486 εὐεργέτην
2663 411 2918 481 ἠγνόησε,
2943 411 3034 468 καὶ
3054 407 3298 463 κάτωθεν
3313 405 3532 480 ἀπδτῆς
3553 409 3656 481 γῆς
3671 412 3802 484 πρδι

2235 505 2327 559 τὸν
2353 505 2578 575 οὐρανὸν
2611 503 2823 574 βλέπων
2863 502 3087 555 ὑλάκτει
3124 499 3266 552 κατὰ
3293 499 3420 562 τοὺς
3453 501 3800 570 μαινομένους

2236 597 2344 650 τῶν
2373 594 2572 658 κυνῶν,
2602 595 2652 648 οῖ
2675 594 2770 647 καὶ
2811 592 2921 645 τῶν
2953 590 3028 662 μὴ
3053 590 3386 662 τρεφόντων,
3419 589 3515 643 καὶ
3537 589 3647 643 τῶν
3678 607 3798 661 τρε-

2237 687 2446 757 φόντων
2491 685 2692 756 ὁμοίως
2740 681 3083 738 καταδοῶσι·
3122 680 3319 751 μᾶλλον
3368 679 3432 733 δῖε
3459 681 3556 732 καὶ
3585 681 3801 736 ἐκείνοιν

2239 777 2579 850 ἀγριωτέραν
2607 777 2782 847 ἐμάνη
2819 773 3037 845 μανίαν.
3079 773 3142 824 Οἱ
3178 771 3276 842 μὲν
3305 771 3414 842 γὰρ
3449 771 3545 824 καὶ
3577 773 3701 834 τούς
3731 772 3793 824 ol-

2241 869 2420 931 κείους
2457 868 2554 922 καὶ
2603 869 2732 930 τοὺς
2779 863 3093 936 ἀλλοτρίους
3133 862 3335 934 ὁμοίως
3373 862 3802 933 ἀποστρέφονται

2241 963 2335 1014 καὶ
2362 960 2636 1031 μισοῦσιν·
2667 953 2821 1021 οὗτος
2839 958 2896 1010 δέ
2919 957 3046 1019 τοὺς
3070 954 3167 1026 μὲν
3189 953 3502 1025 ἀλλοτρίους
3516 953 3618 1024 τῆς
3646 951 3802 1007 αὑτοῦ

2245 1047 2518 1117 σωτηρίας
2550 1044 2808 1116 δαίμονας
2837 1043 3040 1106 ἔσαινε,
3071 1041 3164 1094 καὶ
3195 1041 3357 1095 παντὶ
3375 1037 3672 1108 θεραπείας
3703 1038 3820 1092 ἐθε-

2247 1137 2451 1210 ράπευε
2481 1135 2702 1206 τρόπῳ·
2735 1134 2825 1187 τὸν
2853 1135 2909 1186 δέ
2949 1131 3266 1203 εὐεργέτην,
3310 1129 3402 1183 καὶ
3446 1128 3686 1198 σωτῆρα,
3719 1127 3804 1180 καὶ

2246 1229 2380 1300 μηδέ
2400 1225 2494 1279 τοῦ
2526 1223 2862 1292 Μονογενοῦς
2891 1221 3218 1291 φεισάμενον
3237 1217 3304 1272 δι’
3330 1218 3512 1281 αὑτὸν,
3537 1217 3818 1286 άπεστρά.

2244 1335 2340 1390 φη,
2368 1317 2464 1372 καὶ
2503 1316 2705 1387 ἐμίσει,
2739 1315 2833 1368 καὶ
2857 1313 2950 1366 τὸν
2977 1312 3210 1383 σταυρὸν
3235 1310 3468 1382 διέσυρε,
3501 1310 3753 1380 πρᾶγμα,
3781 1311 3810 1363 ὖ

2243 1415 2342 1483 τὴν
2372 1399 2698 1480 οἰκουμένην
2749 1407 2833 1462 ἐπ’
2863 1407 2984 1477 ὄψιν
3031 1405 3292 1477 κειμένην
3321 1405 3606 1475 ἀνέστησε,
3631 1403 3724 1456 καὶ
3753 1403 3814 1456 τὸ

2247 1507 2438 1568 σκότος
2485 1503 2751 1556 πάντοθεν
2788 1501 3060 1571 ἀπήλασε,
3113 1495 3344 1552 καὶτῶν
3393 1495 3628 1548 ἀκτίνων
3685 1495 3808 1566 ήμῖν

2245 1597 2627 1669 λαμπρότερον
2666 1595 2927 1662 εἰσήγαγε
2971 1589 3109 1660 φῶς.
3129 1589 3248 1642 κΚαὶ
3279 1586 3400 1640 οὑδὲ
3447 1584 3680 1639 ἐνταῦθα
3715 1585 3808 1654 τῆς

2252 1687 2450 1759 μανίας
2473 1686 2683 1748 ἵστατο,
2701 1682 2828 1735 ἀλλ’
2867 1683 2932 1735 ἐκ
2967 1680 3138 1751 μέσης
3163 1675 3576 1748 ἀναρπάσεσθαι
3613 1674 3712 1744 τῆς
3737 1674 3806 1724 οῖ-

2246 1782 2518 1854 κουμένης
2555 1780 2614 1833 τὸ
2643 1778 2754 1832 τῶν
2780 1775 3079 1830 Γαλιλαίων
3107 1772 3256 1834 ἔθνος
3295 1767 3661 1838 ἐπηγγέλλετο
3679 1782 3692 1794 ·
3723 1763 3817 1818 καὶ

2246 1875 2354 1945 γὰρ
2390 1871 2562 1932 οὕτως
2595 1871 2741 1940 ἡμᾶς
2774 1865 2956 1920 εἰώθει
2997 1864 3203 1918 καλεῖν.
3239 1861 3433 1916 Καίτοι
3465 1860 3516 1912 εἰ
3545 1857 3607 1910 τδ
3647 1857 3816 1925 δνομα

2216 1964 2357 2036 ,τῶν
2395 1958 2738 2033 Χριστιανῶν
2771 1957 2940 2029 μύσος
2969 1951 3108 2009 εῖναι
3138 1949 3376 2023 ἐνόμιζε,
3403 1949 3496 2002 καί¹
3529 1945 3729 2016 πολλῆς
3755 1947 3818 2000 τὸ

2250 2057 2484 2128 πρᾶγμα
2509 2054 2700 2124 γέμειν
2727 2048 3181 2120 αἰσχύνης,τίνος
3223 2045 3408 2098 ἕνεκεν
3431 2042 3530 2094 οὑκ
3571 2037 3818 2093 ἐντεῦθεν

2247 2151 2419 2222 ἡμᾶς.
2469 2147 2594 2201 ἀλλ”
2620 2145 2846 2215 ὀνόματι
2895 2141 3033 2210 ξένῳ
3093 2134 3474 2206 καταισχύνειν
3519 2129 3818 2199 ἐπεθύμεις

2261 2221 2422 2298 Ἇλλὰ
2437 2243 2546 2313 γὰρ
2569 2240 2687 2312 ᾔδει
2715 2234 2923 2306 σαφῶς,
2943 2234 3026 2286 ὅτι
3043 2233 3104 2285 τὸ
3121 2228 3402 2285 καλεῖσθαι
3431 2225 3538 2280 ἀπὸ
3557 2223 3658 2294 τῆς
3683 2221 3821 2292 πρὸς

2249 2337 2340 2391 τὸν
2370 2312 2604 2407 Χριστὸν
2625 2331 2974 2390 οἱκειώσεως,
3003 2325 3104 2378 οὑκ
3131 2319 3441 2394 ἀνθρώποις
3473 2317 3654 2389 μόνον,
3681 2312 3824 2367 ἀλλά

2249 2431 2342 2485 καὶ
2382 2406 2652 2498 ἀγγέλοις,
2683 2424 2780 2477 καὶ
2805 2424 2924 2484 ταῖς
2951 2417 3206 2487 ἀνωτέρω
3233 2414 3494 2483 δυνάμεσι
3528 2408 3700 2480 μέγας
3725 2406 3824 2458 κό-

2252 2537 2388 2596 σμος
2409 2521 2544 2576 ἐστί.
2575 2519 2676 2572 Διά
2695 2516 2854 2571 τοῦτο
2877 2513 3054 2568 πάντα
3077 2509 3269 2572 ἐκίνει,
3285 2505 3432 2562 ,ὥστε
3459 2501 3648 2556 τοῦτον
3669 2499 3824 2570 ἡμᾶς

2249 2593 2590 2686 ἀποσυλῆσαι
2619 2611 2713 2664 τὸν
2745 2607 2974 2678 κόσμον,
3001 2603 3097 2658 καὶ
3125 2597 3423 2655 καταλῦσαι
3449 2593 3512 2647 τὸ
3536 2593 3824 2662 κήρυγμα.

2264 2707 2426 2764 Ἀλλά
2479 2681 2638 2760 τοῦτο
2685 2701 2967 2772 ἀμήχανον
3010 2690 3102 2766 ἦν,
3149 2690 3301 2746 ἄθλιε
3341 2686 3438 2741 καὶ
3485 2681 3826 2750 ταλαίπωρε.

2250 2803 2442 2872 ῶσπερ
2471 2770 2751 2869 ἀμήχανον
2791 2770 2864 2862 ἦν
2903 2783 3254 2854 κατασκάψαι
3297 2780 3389 2834 τὸν
3427 2775 3676 2859 οὐρανὸν,
3725 2770 3828 2825 καὶ

2253 2856 2442 2948 σϐέσαι
2471 2856 2766 2958 τύνᾛιλιον,
2793 2856 2887 2937 καὶ
2929 2880 2998 2936 τὰ
3039 2876 3268 2949 θεμέλια
3296 2873 3398 2943 τῆς
3425 2856 3528 2942 γῆς
3553 2867 3828 2921 διασεῖσαι

2251 2986 2347 3042 καὶ
2371 2956 2720 3039 καταϐαλεῖν.
2737 2977 2848 3032 Καὶ
2867 2974 3040 3029 ταῦτα
3061 2963 3514 3044 προανεφῶνησεν
3539 2961 3568 3014 6
3589 2956 3826 3028 Χριστὸς

2251 3078 2425 3141 οὑτως
2449 3073 2644 3130 εἰπών·
2694 3071 2758 3124 '0
2802 3065 3058 3137 οὐρανὸς
3096 3061 3196 3116 καί
3221 3061 3258 3128 ἡ
3291 3057 3368 3129 τῆ
3415 3049 3826 3123 παρελεύσον-

2252 3189 2347 3226 ται
2367 3186 2379 3201 ·
2404 3140 2457 3224 οἱ
2482 3169 2550 3222 δὲ
2573 3168 2742 3236 λόγηοι
2766 3180 2885 3232 μου
2911 3162 2981 3215 οὐ
3005 3156 3094 3228 μὴ
3123 3152 3523 3222 παρέλθωσιν.
3565 3141 3704 3196 Ἀλλ’
3726 3140 3826 3236 οὐκ

2252 3263 2418 3334 ἀνέχῃ
2444 3258 2540 3313 τοῦ
2574 3228 2812 3326 Χριστοῦ
2849 3252 3100 3320 λέγοντος
3123 3264 3137 3276 ’
3164 3242 3358 3300 οὐκοῦν
3383 3239 3538 3309 δέχου
3583 3234 3682 3306 τὴν
3717 3228 3827 3284 ἀπὸ

2251 3323 2744 3424 τῶνῃπραγμάτων
2779 3346 2981 3414 φωνήν.
3027 3337 3168 3407 Ἐγὼ
3204 3334 3302 3408 μὲν
3327 3331 3435 3402 γάρ
3469 3323 3826 3388 καταξιωθεὶς

2253 3414 2472 3510 εἰδέναι..
2504 3414 2718 3498 τίποτέ
2751 3441 2898 3492 ἐστιν
2935 3433 3208 3502 ἀπόφασις
3235 3426 3396 3492 Θεοῦ,
3439 3421 3559 3482 πῶς
3585 3414 3828 3510 ἰσχυρὸν,

2253 3540 2347 3595 καὶ
2377 3507 2590 3609 ἄμαχον
2629 3533 2881 3604 πρᾶγμα,
2917 3525 3014 3580 καὶ
3053 3523 3154 3593 τῆς
3194 3518 3431 3590 φυσικῆς
3477 3507 3826 3568 ἀκολουθίας,

2253 3633 2348 3687 καὶ
2371 3631 2469 3701 τῆς
2495 3627 2604 3681 τῶν
2635 3622 2975 3696 πραγμάτων
3023 3615 3220 3685 πείρας
3261 3609 3479 3663 πάντων
3515 3603 3828 3665 ἀξιοπιστο-

2251 3725 2416 3797 τέραν
2438 3721 2641 3789 ταύτην
2667 3711 2806 3769 εἶναι
2837 3709 3178 3766 πεπίστευκα
3195 3721 3209 3734 ·
3236 3703 3300 3756 σὺ
3326 3699 3383 3754 δὲ
3405 3700 3432 3751 6
3461 3693 3638 3768 χαμαί⁵
3666 3690 3828 3761 συρό-

2257 3783 2418 3889 μενος
2453 3813 2554 3875 ἑτι,
2598 3783 2694 3864 καὶ
2733 3805 2870 3877 πρὸς
2898 3797 3176 3869 λογισμῶν
3210 3788 3542 3860 ἐπτοημένος
3581 3783 3830 3847 ἐξέτασιν

2254 3876 2634 3978 ἀνθρωπίνων,
2663 3876 2818 3967 δέχου
2857 3891 2953 3963 τὴν
2983 3887 3090 3942 ἀπὸ
3119 3883 3227 3938 τῶν
3256 3876 3594 3952 πραγμάτων
3621 3885 3828 3942 μαρτυ-

2257 3999 2404 4072 ρίαν·
2446 3993 2598 4048 οὑδέν
2624 3987 2910 4054 ἀντιλέγω,
2945 3980 3065 4036 οὑδέ
3093 3970 3400 4047 φιλονεικῶ.

2327 4087 2476 4162 [555]
2507 4085 2574 4156 β’.
2609 4082 2674 4136 Τί
2693 4075 2785 4134 οὖν
2812 4053 2959 4145 λέγει
2979 4073 3048 4126 τὰ
3069 4069 3406 4140 πράγματα;
3439 4053 3608 4112 Εἶπεν
3635 4055 3664 4105 6
3695 4054 3832 4160 ξρι-

2255 4143 2398 4247 στδς,
2415 4143 2606 4234 ὅτιιτὺν
2628 4171 2854 4244 οὐρανὸν
2871 4143 2963 4221 καὶ
2982 4164 3080 4234 τὴν
3095 4161 3197 4230 γῆν
3217 4151 3512 4210 ἀπολέσθαι
3541 4143 3832 4200 εὐκολώτε-

2257 4293 2369 4349 ρον,
2389 4275 2421 4344 ἢ
2448 4271 2556 4324 τῶν
2583 4264 2749 4321 αὐτοῦ
2771 4258 3048 4315 διαπεσεῖν
3069 4267 3192 4306 τινα
3215 4248 3409 4316 λόγων·
3425 4237 3835 4308 ἀντεφθέγξατο

3057 4347 3068 4349 μ
3167 4343 3194 4349 ,,
3404 4337 3415 4349 _
3567 4337 3575 4349 ,
3609 4347 3620 4349 4
3667 4348 3670 4349 ν
3765 4347 3786 4349 _
3805 4327 3834 4349 λ

2254 4327 2466 4428 τούτοις
2498 4363 2525 4416 6
2578 4355 2852 4430 βασιλεὺς,
2905 4349 3002 4404 καὶ
3049 4343 3344 4416 ἠπείλησεν
3393 4337 3710 4430 ἀναιρήσειν
3761 4327 3836 4381 τὰ

2253 4420 2521 4528 δόγματα.
2561 4420 2671 4505 ilo?)
2707 4442 2861 4500 οὖνὸ
2911 4435 3159 4510 βασιλεὺς
3197 4435 3225 4486 6
3271 4428 3444 4482 ταῦτα
3487 4420 3834 4490 ἀπειλήσας

2267 4511 2558 4609 ’Λπόλωλε,
2597 4540 2693 4595 καὶ
2727 4535 3066 4606 διέφθαρται,
3101 4527 3194 4580 καὶ
3242 4523 3336 4578 νῦν
3373 4522 3520 4574 ἐστιν
3569 4516 3650 4577 εἰς
3701 4511 3836 4582 ᾅδου

2255 4643 2354 4714 τὴν
2388 4605 2758 4707 ἀπαραίτητον
2789 4605 3074 4696 ἀναμένων
3115 4617 3357 4674 κόλασιν.
3403 4610 3514 4666 Ποῦ
3543 4605 3618 4662 δέ¹
3639 4609 3668 4659 6
3696 4606 3840 4714 va:

2323 4733 2402 4795 ος,
2432 4730 2460 4781 6
2485 4693 2668 4780 ἐικεῖνα
2693 4693 3146 4788 ἀποφηνάμενοςς
3189 4709 3278 4763 Ἐν
3300 4703 3568 4778 οὐρανοῖς,
3594 4700 3654 4751 ἐν
3679 4693 3840 4765 δεξιᾷ

2255 4931 2366 4968 νον.
2415 4878 2525 4965 Ποῦ
2565 4878 2660 4960 τοῦ
2695 4878 2956 4975 βασιλέως
2989 4897 3060 4949 τὰ
3089 4895 3384 4965 βλάσφημα
3411 4887 3649 4975 ῥήματα,
3673 4878 3772 4932 καὶ

2255 4965 2554 5061 ἀκόλαστος
2591 4965 2840 5063 γλῶττας
2887 4989 3077 5056 Τέφρα
3121 4981 3337 5050 γέγονε,
3383 4974 3490 5029 καί
3522 4970 3690 5033 κόνις,
3733 4965 3838 5019 καὶ

2257 5090 2552 5159 σκωλήκων
2572 5060 2768 5156 τροφή.
2801 5079 2912 5135 Ποῦ
2939 5076 3032 5131 τοῦ
3061 5065 3637 5146 Χριστοῦήάπόφασις
3659 5077 3674 5124 ;
3703 5060 3836 5111 Ἀπ’

2255 5151 2437 5254 αὐτῆς.
2466 5178 2574 5233 τῶν
2603 5151 2944 5248 πραγμάτων
2969 5168 3175 5236 λάμπει
3205 5161 3304 5232 τῆς
3331 5156 3610 5228 ἀληθείας,
3635 5151 3840 5220 ῶσπερ

2255 5271 2363 5326 ἀπὸ
2383 5240 2617 5336 ’.στήλης
2901 5259 3000 5328 τῆς
3031 5255 3139 5308 τῶν
3187 5251 3364 5322 ἔργων
3392 5245 3668 5307 ἐκϐάσεως
3721 5240 3842 5294 ἀπ-

2254 5330 2866 5434 αστράπτουσαίίξαίτοι
2887 5349 3039 5403 οὐδὲν
3054 5345 3171 5399 τότε
3189 5339 3488 5412 παρέλιπεν
3505 5337 3534 5388 6
3555 5330 3840 5404 βασιλεὺς,

2253 5454 2345 5508 τὸν
2361 5421 2508 5524 ’πρὸς
2532 5449 2682 5521 ἡμᾶς
2732 5443 2942 5518 μέλλων
2975 5435 3227 5510 αἴρεσθαι
3269 5430 3504 5501 πόλεμον
3527 5443 3542 5457 ο
3573 5423 3712 5478 ἀλλά
3741 5421 3843 5474 καὶ

2259 5515 2486 5618 μάντεις
2519 5515 2855 5604 ἐκάλει,’καὶ
2877 5531 3091 5614 ,γόητας
3127 5521 3460 5595 συνεκρότει,
3503 5516 3599 5618 καὶ
3647 5515 3840 5568 πάντα

2249 5607 2322 5710 ἦν
2351 5633 2620 5706 δαιμόνων
2650 5625 2822 5702 μεστά
2860 5611 2956 5680 καὶ
2986 5617 3312 5690 πνευμάτων
3341 5607 3615 5682 πονηρῶν.

2330 5696 2487 5790 Τίνες
2513 5719 2606 5779 οῦν
2637 5696 2690 5778 αἱ
2718 5721 2817 5784 τῆς
2859 5714 3154 5783 θεραπείας
3194 5707 3401 5776 ταύτης
3433 5699 3688 5774 ἀμοιῦαίς
3724 5696 3850 5775 υόιιι
