4044 6206
249 135 357 195 6‘29

244 264 391 337 quod
426 260 692 337 splendidi
735 261 847 316 oris
874 257 1133 329 dignitate
1168 270 1267 311 nos
1293 255 1357 310 ad
1402 268 1462 310 se
1494 254 1841 315 converterit.

244 359 324 414 Ne
343 360 503 430 igitur
530 370 674 425 :egre
695 353 901 415 feratis,
934 350 976 405 si
1005 348 1231 429 reddere
1257 346 1601 402 dilfernmus:
1629 347 1849 403 omnino

242 454 392 507 enim
429 458 632 521 quanto
658 443 989 516 protrahitur
1020 452 1232 511 tempus
1256 441 1486 511 longius,
1516 448 1666 495 tanto
1693 440 1847 494 vobis

241 552 299 597 ct
329 544 507 599 foenus
534 545 790 607 augetur:
810 550 932 589 nam
960 533 1240 604 pecuniam
1268 547 1389 586 cum
1405 531 1613 587 {tenore
1640 531 1845 601 persol-

245 647 437 687 veluus
463 628 612 699 (Luc.
643 627 729 683 l9.
754 625 886 695 35);
919 622 1135 694 quando
1162 622 1232 677 ita
1261 623 1516 677 Dominus
1550 622 1732 692 jussit,
1755 622 1844 691 qui

242 735 447 781 nostrae
477 724 618 777 illam
645 719 767 774 fidei
791 717 1085 773 commisit.
1142 715 1197 770 In
1238 723 1351 770 tuto
1381 729 1510 785 ergo
1535 728 1648 770 rem
1672 715 1846 771 credi-

242 825 354 870 tam
387 815 501 870 fore
546 811 882 867 conﬁdentes
907 850 921 873 ,
960 813 1147 876 utpote
1173 820 1294 862 cum
1340 820 1459 860 sors
1487 805 1637 861 vobis
1661 813 1715 860 et
1756 804 1841 860 lu-

236 923 399 964 crum
418 908 638 962 immota
665 913 722 959 et
746 911 897 957 certa
921 908 1215 966 maneant,
1240 899 1659 969 interrepentem
1682 896 1841 953 hodie

236 1012 511 1071 quaestum
536 1014 603 1052 ne
628 996 1126 1066 prmtermitlamu‘s,
1158 992 1251 1048 sed
1280 992 1553 1064 prmclaris
1580 992 1720 1047 beati
1740 993 1841 1047 lla-

239 1094 382 1165 bylze
410 1090 741 1146 facinoribus
772 1087 1125 1143 oblectcmur.

312 1184 538 1255 Babylas
574 1181 900 1235 Antiocheam
932 1176 1157 1233 ecclesia:
1184 1175 1491 1247 Episcopus.
1521 1206 1593 1216 —
1653 1176 1834 1230 Enim-

234 1290 368 1329 vero
396 1290 503 1344 quo
532 1281 683 1342 pacto
706 1268 992 1342 prtefectus
1034 1267 1156 1322 huic
1202 1266 1459 1322 Ecclesim
1499 1278 1696 1321 nostra:
1725 1267 1835 1321 foe-

232 1366 331 1431 rit,
362 1375 418 1420 et
444 1366 495 1419 in
521 1363 708 1419 mediis
735 1361 1005 1432 procellis,
1031 1358 1457 1430 tempestatibus,
1482 1357 1836 1429 fluctibusque

232 1470 445 1511 sacram
473 1455 613 1509 hanc
654 1454 831 1507 navim
862 1451 1093 1506 servarit
1116 1490 1131 1517 ,
1174 1458 1530 1520 quantamque
1558 1448 1828 1515 fiduciam,

229 1561 358 1601 etim
387 1546 768 1616 Imperatorem
800 1543 1183 1613 alloqueretur,
1208 1557 1315 1612 pra:
1335 1555 1393 1596 se
1422 1541 1620 1607 tulerit,
1647 1551 1702 1597 et
1724 1557 1831 1612 quo

228 1643 393 1705 pacto
426 1652 523 1706 pro
552 1632 739 1691 ovibus
764 1636 996 1689 animam
1022 1649 1173 1688 suam
1204 1634 1475 1704 posuerit,
1526 1648 1591 1688 ac
1619 1634 1827 1690 beatam

228 1725 377 1783 illam
406 1729 608 1784 endem
633 1726 878 1793 subierit,
908 1725 1021 1780 haec
1040 1734 1094 1780 et
1121 1724 1223 1778 alia
1244 1722 1507 1794 ejusmodi
1523 1723 1826 1780 senioribus

228 1817 703 1875 commemoranda
745 1815 1056 1872 doctoribus
1084 1825 1140 1871 et
1174 1815 1443 1870 communi
1476 1815 1610 1886 patri
1641 1823 1826 1870 nostro

228 1914 641 1978 relinquemus:
682 1925 768 1965 res
807 1909 951 1964 enim
1000 1908 1331 1979 antiquiores
1378 1907 1631 1977 prteclare
1674 1906 1826 1963 vobis

224 2017 254 2055 a
314 2002 535 2058 senibus
577 2008 801 2072 possunt
847 1998 1091 2065 narrari;
1134 2013 1253 2070 quae
1293 2013 1422 2053 vero
1457 2013 1566 2052 non
1605 1998 1677 2053 ita
1712 1998 1821 2068 pri-

224 2095 343 2150 dem
370 2110 437 2150 ac
472 2105 655 2149 nostra
685 2102 842 2149 :etate
892 2102 1015 2148 sunt
1057 2101 1228 2164 gesta,
1271 2091 1424 2147 vobis
1464 2090 1678 2162 juvenis
1720 2106 1822 2163 ego

224 2188 455 2241 narrabo
478 2227 497 2253 ,
526 2202 644 2256 qua:
673 2185 924 2240 nimirum
961 2194 1080 2254 post
1104 2183 1308 2240 obitum
1333 2225 1351 2249 ,
1393 2192 1513 2254 post
1540 2183 1821 2253 exsequias

222 2278 495 2348 martyris,
521 2292 585 2332 ac
607 2276 732 2331 dum
762 2276 814 2330 in
846 2275 1104 2331 suburbio
1131 2282 1448 2339 moraretur,
1482 2274 1815 2329 acciderunt.

218 2370 295 2423 Ae
315 2370 434 2423 seio
462 2368 710 2438 equidem
739 2366 876 2432 fore,
906 2375 963 2420 ut
989 2366 1311 2437 promissum
1333 2374 1572 2420 nostrum
1595 2363 1818 2435 gentiles

215 2460 500 2519 irrideant.
532 2458 673 2529 quod
698 2466 817 2529 post
837 2457 1039 2512 obitum
1068 2465 1123 2512 et
1142 2455 1426 2525 exsequias
1451 2454 1589 2525 ejus,
1616 2455 1703 2525 qui
1728 2470 1815 2510 se-

214 2554 400 2621 pultus
443 2553 517 2607 sit
558 2562 613 2607 et
654 2552 706 2605 in
748 2551 985 2606 cinerem
1027 2549 1361 2617 dissolutus,
1408 2563 1508 2604 nos
1557 2548 1812 2618 praeclara

213 2643 451 2699 laciniam
495 2651 1011 2697 commemoraturus
1040 2642 1413 2711 promittamus
1445 2655 1593 2697 :non
1636 2651 1811 2695 tamen

213 2732 418 2789 idcirco
466 2734 801 2799 tacebimus,
851 2732 947 2789 sed
995 2732 1066 2787 ob
1107 2737 1209 2788 hoc
1251 2732 1423 2801 ipsum
1476 2732 1811 2801 potissimum

210 2828 373 2881 verba
402 2826 666 2882 faciemus
685 2865 701 2892 ,
739 2835 799 2880 ut
820 2841 941 2883 cum
974 2840 1087 2879 rem
1124 2824 1278 2879 istam
1304 2823 1604 2879 mirabilem
1625 2831 1810 2879 osten-

210 2918 452 2973 (terimus
472 2961 489 2985 ,
532 2918 697 2974 risum
723 2925 778 2974 et
808 2931 1003 2977 sannas
1024 2916 1076 2970 in
1108 2916 1319 2972 illorum
1346 2922 1506 2985 caput
1525 2924 1808 2973 converta-

208 3025 348 3068 mus.
398 3013 532 3067 Nam
567 3013 798 3069 hominis
835 3012 1052 3083 quidem
1090 3011 1324 3083 cujusvis
1350 3020 1498 3068 recte
1522 3010 1661 3067 facta
1690 3019 1810 3082 post

208 3115 440 3159 mortem
488 3120 609 3161 esse
647 3113 958 3176 nequeunt,
999 3106 1253 3177 martyris
1290 3118 1423 3161 vero
1464 3111 1519 3159 et
1548 3104 1713 3159 multa
1753 3111 1810 3159 et

208 3213 401 3269 magna
428 3213 551 3253 esse
579 3208 803 3268 possunt
829 3215 842 3251 :
875 3212 978 3252 non
1007 3207 1065 3252 ut
1091 3198 1180 3253 ille
1201 3196 1295 3252 fiat
1323 3196 1607 3262 illustrior;
1633 3210 1808 3267 neque

207 3292 351 3345 enim
403 3290 498 3345 ille
539 3290 1007 3346 commendatione
1048 3289 1249 3360 indiget
1291 3288 1432 3357 vulgi
1465 3305 1478 3343 :
1508 3288 1603 3344 sed
1652 3292 1710 3343 tit
1750 3298 1808 3343 tu

207 3382 409 3446 discas,
438 3380 689 3447 infidelis,
714 3390 940 3436 mortem
966 3390 1258 3452 martyrum
1283 3395 1390 3435 non
1402 3392 1531 3439 'esse
1552 3389 1800 3444 mortem,

205 3473 300 3528 sed
328 3471 543 3527 initium
574 3472 695 3528 vita:
719 3473 979 3540 melioris,
1029 3473 1302 3543 magisque
1339 3472 1630 3540 spiritualis
1669 3486 1801 3527 con-

205 3561 532 3618 versationis
574 3562 890 3632 praeludium
915 3605 929 3627 ,
970 3571 1132 3633 atque
1157 3575 1186 3617 a
1213 3562 1566 3617 deterioribus
1594 3562 1659 3616 ad
1692 3578 1806 3618 me-

206 3656 340 3710 liora
364 3656 909 3726 transmigrationem.
937 3655 1055 3711 Noli
1088 3656 1231 3711 enim
1262 3655 1365 3710 hoc
1404 3665 1667 3725 spectare,
1697 3670 1796 3710 uu-

206 3747 337 3827 dpm
383 3751 635 3821 martyris
670 3763 865 3820 corpus
910 3750 1103 3805 anima:
1144 3751 1457 3820 operatione
1486 3750 1799 3807 destitutum

205 3853 328 3894 esse
354 3841 723 3910 propositum;
768 3841 862 3897 sed
895 3841 1022 3896 illud
1057 3842 1359 3906 considera,
1402 3844 1658 3913 majorem
1688 3844 1799 3914 ipsa

208 3932 384 3985 anima
410 3930 662 3986 virtutem
686 3932 760 3986 illi
782 3933 1069 4002 quamdam
1090 3933 1348 3999 assidere,
1375 3934 1603 4004 Spiritus
1629 3937 1799 3991 sancti

207 4022 459 4077 virtutem
488 4062 502 4090 ,
546 4040 665 4094 qum
712 4024 871 4080 editis
909 4040 937 4079 a
965 4041 1023 4080 se
1052 4026 1326 4082 miraculis
1355 4027 1604 4083 omnibus
1648 4044 1798 4099 spem

207 4123 411 4168 certam
440 4116 850 4169 resurrectionis
872 4116 986 4186 ejus
1010 4116 1152 4173 facit.
1182 4116 1237 4173 Si
1263 4118 1405 4172 enim
1432 4122 1656 4174 mortuis
1679 4134 1799 4176 eor-

207 4207 427 4275 poribus
452 4215 506 4260 et
531 4207 582 4260 in
611 4206 880 4277 pulverem
907 4208 1154 4264 resolutis
1176 4210 1453 4279 majorem,
1477 4225 1635 4280 quam
1666 4211 1800 4267 vivis

206 4295 460 4349 omnibus
484 4337 499 4361 ,
540 4297 795 4352 virtutem
834 4296 975 4353 Dens
1019 4298 1242 4369 largitus
1262 4308 1383 4367 est,
1434 4300 1601 4356 multo
1631 4302 1800 4372 magis

204 4388 372 4440 vitam
405 4386 511 4442 illis
532 4389 706 4458 priore
724 4390 985 4459 potiorem
1007 4405 1072 4445 ac
1090 4389 1405 4459 feliciorem,
1431 4408 1536 4463 quo
1558 4402 1799 4464 tempore

202 4492 436 4533 coronas
463 4478 702 4546 dividet,
752 4481 1027 4552 largietur.
1078 4482 1209 4551 Qua:
1250 4484 1462 4539 tandem
1495 4485 1655 4555 igitur
1683 4485 1800 4556 ejus

201 4580 334 4623 sunt
358 4580 505 4626 recte
528 4571 702 4627 facta?
734 4573 1110 4629 Verumtamen
1134 4575 1299 4630 nolite
1321 4577 1543 4643 turbari,
1576 4579 1621 4632 si
1642 4580 1800 4647 paulo

202 4663 372 4717 altius
412 4678 715 4719 sermonem
755 4665 1106 4722 duxerimus:
1136 4683 1257 4723 nan:
1287 4680 1343 4725 et
1384 4671 1472 4741 qui
1517 4682 1663 4727 recte
1701 4688 1797 4729 vo-

202 4754 325 4808 lunt
364 4754 621 4826 imagines
646 4759 963 4828 spectandas
985 4774 1301 4830 proponere,
1326 4778 1446 4818 eum
1470 4771 1801 4833 spectatores

202 4846 481 4914 paululum
510 4863 538 4900 a
569 4848 746 4903 tabula
799 4850 1056 4906 secedere
1095 4851 1353 4921 jusserint
1377 4895 1391 4917 ,
1438 4854 1558 4909 illas
1601 4857 1798 4914 deinde

198 4945 498 5007 retegunt,
538 4948 598 4993 ut
626 4939 794 5010 ipsius
818 4941 1083 4997 distantia
1111 4943 1372 5001 beneﬂcio
1408 4946 1606 5001 clarius
1631 4949 1699 5003 ab
1720 4949 1799 5006 eis

198 5030 419 5096 possint
457 5029 625 5085 videri
661 5049 675 5086 :
704 5034 945 5102 patimini
970 5047 1100 5105 ergo
1125 5052 1219 5090 vos
1243 5052 1456 5108 quoque
1502 5048 1795 5097 retrorsum

195 5120 507 5175 orationem
534 5136 634 5177 nos
662 5124 959 5179 retrahere.

270 5211 481 5266 Iuliani
518 5212 776 5285 Apostata:
818 5217 871 5271 in
900 5216 1214 5275 Christianos
1251 5233 1497 5288 conatus;
1521 5224 1801 5283 Christiani

191 5301 261 5356 ab
293 5305 413 5373 ipso
433 5302 637 5360 Galilei
672 5309 1018 5378 appellantur.
1053 5343 1124 5354 —
1154 5313 1439 5385 Postquam
1469 5319 1611 5373 enim
1639 5321 1684 5375 is
1706 5321 1795 5391 qui

192 5403 430 5449 cunctos
480 5395 749 5469 impietate
787 5402 1074 5471 superavit,
1117 5405 1169 5460 in
1215 5404 1613 5477 imperatorium
1645 5410 1791 5466 thro-

192 5502 333 5541 num
364 5489 605 5544 ascendit
626 5490 891 5559 Julianus,
921 5504 975 5551 ct
1024 5506 1293 5568 sceptrum
1341 5504 1566 5572 accepit,
1615 5506 1796 5561 confe-

191 5579 330 5632 stim
360 5578 412 5633 in
440 5595 585 5651 eum,
617 5598 647 5637 a
677 5599 783 5656 quo
808 5596 1015 5645 creatus
1044 5588 1236 5660 fuerat,
1270 5592 1434 5650 Deum
1464 5610 1648 5653 manus
1678 5612 1795 5655 sus-

1396 137 1484 194 DE
1522 139 1578 195 S.
1621 135 2164 193 lllEROMAl‘tTYRE
2204 134 2496 197 BABYLA.
3450 136 3553 194 550

1963 253 2101 319 tulit,
2131 253 2265 309 bene
2296 255 2537 313 meritum
2566 252 2633 306 de
2660 265 2719 308 se
2748 250 3024 324 ignoravit,
3053 262 3116 307 ac
3138 246 3204 307 de
3233 262 3371 309 terra
3404 253 3541 308 infe-

1954 345 2065 398 rius
2095 345 2146 398 in
2196 346 2381 399 eaélum
2438 342 2752 413 reSpiciens,
2799 341 3109 405 rabidorum
3160 357 3311 397 more
3358 356 3547 396 canum

1952 434 2251 499 allatrabat,
2275 435 2362 505 qui
2398 434 2449 489 in
2476 433 2718 489 homines
2739 448 2769 489 a
2798 433 2988 503 quibus
3016 449 3121 488 non
3149 434 3384 500 aluntur,
3413 443 3466 488 et
3498 434 3545 486 iu

1951 539 2047 580 cos
2078 527 2277 595 pariter
2303 542 2331 579 a
2362 525 2555 596 quibus
2583 524 2818 590 aluntur,
2851 524 3142 581 clamorem
3168 525 3359 581 tollunt
3392 533 3411 579 ε’
3443 526 3548 580 imo

1949 633 2078 673 vero
2104 619 2312 674 saeviori
2341 635 2496 689 quam
2530 619 2601 674 illi
2634 618 2812 674 furere
2837 617 3069 695 percitus
3117 628 3251 674 erat.
3297 618 3429 677 Nam
3476 616 3548 673 illi

1948 712 2161 783 quidem
2210 719 2262 766 et
2305 711 2626 767 domesticos
2665 712 2945 771 etalicnos
2990 713 3190 785 pariter
3234 708 3548 769 averSantur

1946 815 2001 860 ct
2029 805 2256 860 oderunt
2288 823 2299 857 :
2331 806 2418 860 hic
2462 816 2587 861 vero
2615 804 2944 863 (immunibus
2972 806 3037 859 ab
3066 806 3181 877 ejus
3208 806 3380 862 salute
3417 806 3548 860 alie-

1947 899 2029 950 nis
2056 895 2443 959 blandicbatur,
2474 906 2633 967 atque
2657 897 2802 952 onmi
2831 911 2924 952 eos
2953 897 3124 951 cultus
3150 909 3347 967 genere
3393 896 3542 953 coles

1945 986 2033 1049 bat
2066 1002 2079 1040 :
2114 986 2249 1053 bene
2296 996 2473 1041 autem
2531 988 2598 1042 de
2656 1002 2713 1043 se
2767 989 3053 1051 meritum,
3100 1000 3163 1045 ac
3207 994 3536 1046 servatorem

1942 1093 2118 1144 suum,
2149 1079 2344 1157 quique
2397 1094 2464 1134 ne
2493 1079 2629 1135 Filio
2678 1080 2893 1150 quidem
2936 1096 3033 1135 suo
3066 1081 3337 1151 unigenito
3374 1082 3541 1152 ipsius

1939 1184 2098 1227 causa
2125 1172 2381 1241 pepercit,
2410 1170 2755 1226 aversabatur
2775 1182 2827 1226 et
2854 1172 3055 1236 oderat,
3087 1187 3405 1243 crucemque
3440 1168 3539 1227 dc-

1943 1261 2170 1327 ridebat,
2199 1278 2312 1317 rem
2342 1278 2460 1331 qua:
2492 1270 2755 1325 terrarum
2788 1263 2970 1318 orbem
3003 1274 3226 1333 prauum
3257 1264 3307 1318 in
3342 1263 3531 1318 faciem

1942 1354 2275 1423 provolutum
2327 1353 2519 1427 erexit,
2567 1370 2687 1426 qua:
2748 1355 2996 1410 tenebras
3033 1355 3383 1424 undequaque
3423 1354 3536 1409 dis-

1937 1447 2120 1509 cussit,
2162 1456 2215 1502 et
2259 1446 2521 1503 solaribus
2544 1446 2705 1502 radiis
2735 1445 3149 1515 Splendidiorem
3182 1447 3355 1501 lucem
3383 1445 3535 1500 inve«L

1934 1539 2031 1594 xit.
2061 1540 2243 1610 Neque
2272 1556 2398 1594 vero
2424 1539 2528 1594 huc
2557 1555 2724 1613 usque
2752 1549 2954 1597 tantum
2980 1553 3291 1609 progressus
3313 1549 3394 1595 est
3414 1538 3534 1608 cjus

1936 1631 2101 1694 furor,
2126 1632 2217 1687 sed
2247 1648 2312 1687 ex
2356 1633 2486 1688 orbe
2532 1641 2789 1686 terrarum
2829 1633 3305 1687 exterminaturum
3346 1647 3405 1687 se
3428 1633 3533 1687 Cas

1933 1724 2190 1782 lilmorum
2230 1725 2497 1779 nationem
2525 1724 2906 1793 pollicebatur:
2931 1724 3008 1778 sic
3030 1724 3173 1780 enim
3202 1738 3300 1778 nos
3336 1722 3523 1793 appel‘

1932 1816 2042 1871 lare
2068 1816 2254 1870 solitus
2278 1823 2393 1871 erat
2420 1832 2434 1871 :
2465 1830 2783 1887 quamquam
2810 1816 2855 1869 si
2876 1814 3299 1871 Christianorum
3329 1822 3524 1870 nomen

1894 1928 1895 1931 η
1928 1908 2341 1964 abominandum
2387 1924 2507 1964 esse
2529 1908 2907 1972 arbitrabatur,
2940 1924 3051 1963 rem
3093 1909 3276 1963 multa:
3315 1909 3524 1978 plenam

1928 2000 2253 2073 ignominiar,
2285 2015 2387 2071 qua
2413 2000 2479 2058 de
2503 2015 2661 2056 causa
2688 2014 2791 2054 non
2822 1999 2942 2055 inde
2972 2013 3089 2066 nos,
3130 1999 3222 2061 sed
3257 2001 3523 2070 peregrini

1927 2095 2157 2150 nominis
2203 2093 2346 2150 illius
2391 2094 2677 2167 ignominia
2708 2102 2895 2148 notare
2937 2094 3225 2164 cupiebat?
3272 2097 3341 2149 At
3378 2096 3521 2149 enim

1926 2186 2092 2258 probe
2114 2195 2335 2243 noverat
2360 2201 2554 2247 nomen
2601 2185 2728 2241 illud
2758 2186 2898 2257 quod
2926 2185 3375 2244 necessitudinem
3424 2188 3525 2243 alia

1923 2293 2082 2348 quam
2107 2293 2228 2333 cum
2249 2276 2464 2333 Christo
2509 2276 2774 2349 designat,
2809 2292 2914 2333 non
2943 2275 3253 2333 hominibus
3293 2286 3519 2340 tantum,

1922 2369 2016 2426 sed
2041 2378 2095 2425 ct
2115 2369 2339 2441 angelis,
2368 2380 2424 2426 et
2449 2370 2813 2441 superioribus
2844 2370 3125 2426 virtutibus
3167 2385 3360 2449 magno
3397 2382 3518 2426 esse

1921 2471 2283 2517 ornamento:
2318 2462 2438 2517 ideo
2487 2461 2688 2517 nnllmn
2720 2477 2823 2515 non
2860 2460 3089 2532 lapidem
3135 2464 3400 2527 movebat,
3463 2464 3520 2517 ut

1919 2549 2022 2607 hoc
2063 2567 2162 2609 nos
2193 2562 2522 2628 ornamento
2550 2553 2801 2623 spoliaret
2844 2538 3370 2625 ac‘prtcdivatiouem
3409 2554 3517 2609 dis-

1919 2645 2174 2701 solveret.
2212 2645 2596 2702 Verumtamen
2629 2646 2739 2701 lieri
2771 2657 2876 2702 nOn
2929 2656 3136 2716 poterat
3181 2647 3328 2714 illud,
3360 2661 3392 2701 ο
3419 2649 3518 2702 mia

1917 2750 2004 2791 ser
2028 2745 2084 2801 et
2114 2736 2457 2802 iufortunate,
2506 2747 2562 2790 ut
2602 2743 2775 2807 neque
2820 2735 2935 2793 ﬁeri
2974 2746 3200 2813 poterat,
3225 2742 3284 2791 ut
3322 2736 3512 2791 cazlum

1915 2826 2240 2891 destructus,
2259 2828 2425 2883 Solem
2438 2828 2826 2899 exstingueres,
2851 2835 3006 2882 terra:
3023 2826 3365 2884 fundamenta
3384 2841 3514 2883 cena

1915 2932 2125 2981 cuteres
2151 2928 2308 2991 atque
2327 2931 2617 2984 cvertcrcs,
2650 2920 2808 2991 idque
2835 2920 3080 2990 prtcdixit
3113 2921 3240 2976 olim
3265 2921 3511 2977 Christus

1913 3025 2035 3067 cum
2063 3012 2134 3067 ita
2157 3012 2290 3067 dixit
2324 3029 2337 3066 :
2365 3010 2556 3067 Cazlum
2582 3023 2628 3067 et
2655 3022 2786 3066 terra
2811 3012 3091 3067 transibunt
3114 3028 3133 3077 ;
3155 3012 3302 3067 verba
3338 3000 3507 3068 autem

1914 3120 2025 3161 mea
2052 3121 2151 3160 non
2168 3104 2446 3160 transibunt
2471 3104 2489 3177 (
2514 3103 2699 3159 Matth.
2719 3104 2810 3160 24.
2839 3105 2908 3161 55
2924 3104 2968 3176 ).
2991 3103 3095 3160 Sed
3121 3104 3321 3161 Christi
3343 3104 3509 3161 verba

1914 3199 2051 3256 ferre
2099 3216 2204 3255 non
2258 3209 2432 3269 potes,
2463 3213 2648 3254 vocem
2676 3198 2833 3270 igitur
2859 3196 3118 3254 factorum
3152 3198 3389 3269 ipsorum
3415 3198 3511 3253 ad-

1913 3293 2084 3351 mitte.
2112 3292 2244 3348 Nam
2272 3308 2371 3363 ego
2415 3290 2656 3363 quidem,
2684 3290 2770 3347 cui
2812 3290 2955 3347 scire
2982 3289 3244 3361 contingit
3273 3289 3399 3360 quid
3439 3289 3510 3344 sit

1910 3384 2239 3441 denuntiatio
2261 3383 2463 3450 divina,
2490 3397 2648 3453 quam
2672 3391 2864 3457 petens
2899 3389 2954 3437 et
2975 3381 3170 3436 invicta
3192 3393 3278 3436 res
3306 3380 3393 3436 illa
3415 3380 3503 3440 sit.

1912 3477 2027 3547 ipso
2049 3490 2252 3531 natura:
2276 3474 2462 3531 ordine
2500 3476 2865 3544 factorumque
2897 3472 3137 3528 omnium
3174 3471 3501 3549 experientia

1908 3572 2189 3627 certiorem
2242 3585 2307 3626 ac
2333 3570 2436 3626 fide
2486 3569 2785 3640 digniorem
2841 3567 2987 3623 illam
3025 3581 3146 3622 esse
3192 3565 3394 3620 credo:
3446 3573 3503 3618 tu

1908 3679 2036 3719 vero
2061 3662 2151 3733 qui
2176 3662 2320 3717 lmmi
2345 3661 2520 3733 serpis
2543 3661 2735 3725 adhuc,
2764 3668 2819 3715 et
2845 3659 3195 3714 humanarum
3226 3656 3505 3726 cogitatio“

1908 3772 2033 3810 num
2072 3754 2533 3826 disquisitiouihus
2558 3767 2619 3808 es
2645 3752 2910 3819 addictus,
2940 3747 3303 3807 testimonium
3328 3746 3499 3803 facto-

1908 3862 2024 3904 rum
2049 3847 2273 3903 admitte
2303 3863 2317 3899 :
2351 3846 2481 3902 nihil
2511 3844 2841 3913 contradico,
2868 3858 2976 3900 non
2996 3839 3284 3900 contendo.

1976 3940 2031 3993 2.
2062 3938 2198 4007 Quid
2220 3954 2349 4010 ergo
2374 3953 2464 4005 res
2491 3946 2655 4009 gesta:
2686 3936 2945 3992 narrant?
2972 3935 3116 3991 Dixit
3146 3933 3395 3989 Christus
3424 3931 3499 3986 fa-

1906 4031 2063 4086 cilius
2101 4045 2244 4098 esse,
2272 4039 2331 4085 ut
2374 4028 2561 4085 ca-lum
2590 4036 2646 4083 et
2692 4035 2832 4082 terra
2883 4024 3212 4096 dispereunt,
3252 4037 3411 4093 quam
3442 4029 3500 4076 ιιι

1907 4137 2069 4183 unum
2095 4120 2307 4191 aliquod
2334 4118 2616 4175 verborum
2633 4117 2749 4188 ejus
2770 4116 3051 4172 intercidat
3075 4113 3225 4186 (Luc.
3251 4114 3338 4170 l6.
3363 4110 3453 4184 l7)
3478 4127 3493 4165 :

1904 4214 2223 4275 contradixit
2262 4213 2345 4268 liis
2376 4213 2690 4283 imperator,
2722 4217 2778 4266 et
2814 4209 3119 4265 Christiana
3156 4222 3216 4265 se
3245 4207 3494 4279 dogmata

1905 4309 2379 4365 cxterminaturum
2432 4305 2789 4361 comminatus
2835 4311 2936 4358 est.
3000 4301 3099 4357 Ubi
3140 4315 3282 4355 nunc
3337 4299 3496 4371 igitur

1904 4413 1986 4459 est
2015 4403 2103 4459 ille
2131 4403 2219 4473 qui
2262 4401 2384 4456 talia
2428 4399 2785 4455 comminatus
2806 4396 2932 4454 est?
2962 4395 3127 4452 Periit
3163 4404 3217 4451 et
3245 4409 3276 4451 e
3316 4392 3495 4449 medio

1904 4496 2146 4551 sublatus
2188 4503 2291 4562 est,
2318 4493 2535 4563 jamque
2561 4490 2699 4563 apud
2730 4490 2930 4546 inferos
2959 4487 3245 4545 inevitabili
3287 4484 3494 4555 suppli~

1904 4588 1990 4642 cio
2011 4596 2305 4657 torquetur.
2340 4586 2440 4642 Ubi
2470 4600 2596 4641 vero
2621 4584 2867 4640 Christus
2895 4593 2999 4649 est,
3027 4596 3056 4635 a
3093 4596 3201 4652 quo
3246 4580 3331 4635 ills
3370 4587 3497 4635 sunt

1904 4680 2246 4737 denuntiata?
2278 4681 2331 4737 In
2377 4680 2545 4747 cmlis,
2578 4679 2631 4734 in
2680 4679 2904 4734 dextera
2956 4675 3128 4731 Patris
3172 4673 3490 4729 altissimum

1904 4772 2087 4842 gloria:
2121 4773 2367 4827 thronum
2414 4772 2680 4826 obtinens.
2704 4770 2801 4826 Ubi
2826 4768 2984 4824 verba
3017 4766 3357 4837 Imperatoris
3387 4764 3495 4819 bla-

1904 4865 2145 4935 Spllcmtt,
2176 4876 2227 4919 et
2260 4864 2497 4919 insolens
2520 4864 2605 4918 illa
2662 4862 2881 4933 lingua?
2927 4860 3074 4918 Cinis
3117 4870 3173 4915 et
3217 4858 3410 4929 pulvis,
3441 4868 3497 4913 ct

1905 4956 2163 5010 vermium
2199 4956 2349 5011 cibus
2384 4955 2569 5010 evasit.
2602 4954 2701 5011 Ubi
2748 4953 2946 5009 Christi
2995 4950 3367 5008 denuntiatio?
3412 4951 3496 5005 Ab

1906 5046 2017 5114 ipsa
2049 5046 2268 5101 veritate
2290 5062 2468 5103 rerum
2497 5056 2762 5117 gestarum
2792 5047 2983 5111 elucet,
3007 5060 3072 5101 ac
3109 5054 3377 5115 tamquam
3425 5045 3495 5107 ab

1904 5154 2060 5195 aurea
2091 5140 2338 5195 columna
2362 5140 2587 5212 quadam
2614 5139 2682 5195 ab
2707 5150 2899 5196 eventu
2930 5138 3189 5195 factorum
3220 5146 3486 5195 coruscat.

1904 5230 2137 5289 Tametsi
2170 5231 2297 5286 nihil
2327 5232 2395 5287 ab
2422 5232 2744 5302 [mperatum
2774 5240 2884 5285 tum
2928 5232 3347 5303 prmtermjssum
3385 5236 3488 5289 est,

1903 5338 2011 5395 quo
2038 5338 2098 5380 sc
2118 5324 2184 5379 ad
2216 5325 2412 5381 bellum
2444 5325 2599 5380 nobis
2620 5322 2955 5380 inferendum
2985 5331 3318 5395 compararet
3355 5336 3368 5372 :
3397 5317 3491 5373 sed

1903 5426 1958 5473 et
1978 5417 2465 5487 vatesaccersebat,
2482 5428 2536 5475 et
2560 5418 2976 5493 pratstigiatorcs
3000 5414 3349 5479 convocabat,
3373 5428 3494 5469 oms

1903 5511 2095 5581 niaquc
2109 5511 2443 5582 daemonibus
2467 5522 2521 5569 et
2538 5512 2785 5585 malignis
2801 5511 3075 5584 spiritibus
3094 5506 3482 5566 redundabant.

1977 5604 2162 5661 Fama
2187 5602 2397 5663 Iuliano
2436 5610 2713 5681 imperante
2737 5606 3065 5681 gravissima;
3093 5601 3346 5675 Apollinis
3370 5618 3497 5672 qur-
