4044 6206
525 200 624 259 3'3!

515 315 631 370 vela
659 314 722 368 de
772 311 1012 382 Reliquiis
1059 307 1119 363 S.
1161 305 1386 386 Babylua.
1419 305 1637 372 -—Qu:e
1683 302 1896 356 tandem
1945 299 2102 368 igitur

527 407 697 460 cultus
733 402 885 458 istius
913 401 1059 455 fuere
1105 397 1360 468 prmmia?
1387 395 1665 449 Civitatum
1705 392 2030 457 eversiones,
2052 399 2105 445 et

531 499 695 552 fames
717 495 904 567 quovis
928 507 1122 564 genere
1157 490 1312 545 famis
1351 488 1611 543 acerbior.
1644 485 1804 540 Scitis
1831 485 1970 539 enim
1999 483 2102 538 uti-

528 603 632 656 que
668 602 730 640 ac
759 583 1130 647 recordamini,
1181 595 1287 651 quo
1335 587 1492 649 pacto
1521 576 1798 632 venalibus
1831 575 1990 629 rebus
2013 573 2091 628 de

529 679 770 731 stitutum
792 675 951 729 fuerit
993 673 1189 738 forum,
1218 686 1282 726 ac
1307 671 1479 740 plenze
1510 669 1830 723 tumultuum
1857 667 2105 731 officium,

525 785 646 824 cum
670 768 1028 838 unusquisque
1046 764 1186 835 quod
1219 763 1444 834 primum
1465 763 1804 825 occurrisset,
1823 759 2110 829 prteripere

527 857 877 914 contenderet
903 873 966 913 ac
999 855 1298 912 discedere.
1337 853 1441 912 Sed
1467 853 1590 924 quid
1627 867 1726 920 ego
1751 851 1945 906 famem
1966 851 2107 916 dico,

528 965 647 1003 enim
677 949 756 1004 vel
784 949 884 1020 ipsi
913 948 1064 1018 aquis
1093 947 1330 1002 destituti
1369 945 1543 1001 fontes
1571 953 1771 1010 essent,
1805 945 1977 998 fontes
2021 942 2111 1012 qui

529 1042 680 1110 copia
711 1043 1032 1096 fluentorum
1082 1039 1296 1094 flumina
1348 1039 1458 1108 ipsa
1505 1035 1862 1105 superabant?
1890 1033 2112 1102 Quando

528 1144 704 1188 autem
739 1133 794 1187 in
850 1132 1074 1186 fontium
1119 1131 1443 1186 mentionem
1501 1128 1806 1195 incidimus,
1840 1142 1937 1198 age
1963 1125 2113 1180 dein-

528 1239 656 1295 ceps
700 1223 767 1279 ad
804 1223 1052 1295 Daphnes
1078 1222 1387 1278 suburbium
1412 1220 1780 1284 ascendamus,
1813 1225 1869 1275 et
1919 1217 2115 1272 oratio-

529 1331 649 1371 nem
671 1315 738 1370 ad
763 1313 1010 1387 martyris
1033 1313 1288 1385 prmclara
1309 1313 1539 1368 facinora
1557 1311 1916 1366 traducamus.
1934 1309 2115 1364 Enim-

532 1424 661 1464 vero
705 1409 902 1479 probra
931 1415 986 1464 ct
1014 1407 1278 1465 dedecora
1323 1405 1597 1477 gentilium
1629 1404 1900 1475 divulgare
1927 1416 2116 1473 percu-

531 1503 674 1572 pitis,
704 1511 934 1557 attamen
982 1501 1083 1557 hoc
1114 1510 1266 1572 pacto
1284 1501 1443 1555 etiam
1487 1498 1576 1552 illa
1607 1499 1660 1552 in
1687 1497 1915 1552 medium
1945 1495 2114 1550 addu-

529 1607 713 1648 cemus
747 1611 760 1648 :
802 1593 1064 1664 siquidem
1093 1593 1182 1648 ubi
1227 1600 1520 1662 martyrum
1561 1587 1620 1643 (it
1668 1587 1888 1652 mentio,
1917 1587 2022 1642 illic
2063 1595 2117 1642 et

529 1685 802 1754 gentilium
849 1685 1079 1740 dedecus
1119 1683 1421 1740 innotescit.
1461 1681 1558 1736 l-lic
1613 1681 1774 1751 igitur
1825 1681 2118 1752 imperator

531 1792 652 1830 cum
699 1777 958 1849 Daphnen
1009 1777 1353 1842 ascendisset,
1407 1775 1516 1831 illic
1545 1775 1843 1845 Apollinem
1876 1774 2116 1844 precibus

533 1857 825 1938 fatigabat,
867 1868 1217 1936 sollicitabat,
1255 1867 1602 1938 supplicabat,
1631 1875 1691 1922 ut
1717 1865 1820 1922 sibi
1865 1865 1933 1921 de
1957 1865 2118 1922 rebus

533 1961 723 2016 futuris
769 1963 1042 2032 quidpiam
1081 1961 1482 2016 vaticinaretur.
1526 1960 1664 2030 Quid
1717 1960 1876 2030 igitur
1896 1973 2118 2029 magnus

535 2055 622 2109 ille
650 2057 923 2126 gentilium
955 2063 1105 2110 vates
1134 2055 1306 2110 deus?
1353 2055 1542 2110 Mortui
1577 2070 1664 2109 me
1694 2053 2010 2125 impediunt,
2037 2053 2118 2108 in—

534 2149 687 2216 quit,
717 2163 784 2202 ne
811 2147 1025 2218 loquar;
1061 2156 1116 2203 at
1143 2155 1199 2202 tu
1225 2148 1471 2217 capsulas
1511 2147 1732 2218 effringe
1751 2189 1766 2216 ,
1795 2161 1915 2204 ossa
1937 2146 2116 2212 effodi,

537 2246 777 2291 mortuos
819 2237 1068 2292 transfer.
1106 2237 1244 2303 Quid
1287 2237 1568 2293 scelestius
1598 2238 1680 2292 his
1707 2238 1972 2292 mandatis
2003 2237 2119 2292 fieri

537 2328 738 2398 possit"?
771 2329 1013 2383 lnsoiitas
1040 2329 1247 2384 dmmon
1289 2329 1661 2399 sepulcrorum
1689 2327 2017 2399 spoliationis
2037 2329 2118 2384 le-

537 2437 628 2492 ges
657 2420 881 2490 invehit,
911 2430 964 2476 et
987 2435 1155 2476 novos
1183 2420 1430 2492 abigcndi
1469 2421 1704 2491 hospites
1735 2420 1921 2476 modos
1962 2435 2121 2476 exco-

539 2516 690 2584 gitat.
745 2513 876 2583 Quis
929 2529 1178 2585 umquam
1228 2525 1468 2569 mortuos
1509 2513 1707 2584 cjectos
1747 2513 2121 2582 audivit?quis

537 2608 709 2661 anima
755 2607 1006 2662 destituta
1053 2622 1274 2678 corpora
1323 2607 1535 2662 sedibus
1581 2605 1708 2677 pelli
1766 2609 1914 2675 jussa
1967 2604 2118 2672 vidit,

537 2699 983 2771 quemadmodum
1013 2700 1098 2754 hic
1147 2701 1450 2771 imperavit,
1492 2707 1871 2754 etcommunes
1920 2705 2122 2752 natura:

539 2793 680 2862 leges
707 2791 944 2848 funditus
969 2791 1197 2846 evertit?
1225 2793 1360 2847 Sunt
1382 2791 1522 2846 enim
1568 2789 1705 2860 apud
1734 2789 1985 2846 mortales
2005 2803 2124 2844 om-

541 2881 634 2938 nes
665 2887 746 2939 ha:
767 2885 910 2955 leges
936 2899 1268 2946 communes,
1297 2893 1350 2938 ut
1379 2884 1465 2953 qui
1488 2882 1593 2938 vita
1613 2882 1822 2938 functus
1848 2891 1950 2950 est,
1981 2896 2120 2939 terra

539 2975 818 3038 condatur,
869 2975 1150 3043 sepultura:
1195 2973 1453 3038 tradatur,
1501 2988 1565 3028 ac
1614 2974 1734 3028 sinu
1783 2989 1984 3043 magnae
2009 2988 2124 3028 om-

541 3066 685 3119 nium
710 3067 894 3119 matris
922 3065 1255 3121 obvolvatur.
1287 3069 1458 3134 Atque
1485 3065 1581 3120 has
1608 3081 1713 3120 non
1742 3065 1982 3132 Gra‘eus,
2014 3080 2118 3120 non

545 3155 819 3222 barbarus,
845 3172 950 3209 non
979 3156 1172 3228 Scytha
1197 3198 1212 3222 ,
1247 3172 1343 3210 nec
1369 3158 1412 3211 si
1451 3158 1570 3226 quis
1595 3156 1698 3211 illis
1723 3157 2006 3212 immanior
2032 3171 2120 3212 re-

543 3249 796 3316 periatur,
825 3263 1071 3318 umquam
1103 3249 1244 3319 leges
1269 3249 1553 3314 convulsit,
1582 3249 1676 3304 sed
1721 3258 2043 3304 reverentur
2071 3257 2125 3304 et

542 3339 826 3391 observant
855 3353 1061 3404 omnes,
1089 3339 1326 3410 adeoque
1373 3355 1537 3394 sacra:
1562 3350 1616 3395 et
1653 3340 1791 3410 apud
1815 3355 2004 3396 omnes
2029 3357 2124 3397 ve-

544 3429 819 3483 neratione
868 3439 990 3484 sunt
1037 3431 1237 3500 dignm;
1275 3431 1486 3486 daemon
1517 3440 1694 3488 autem
1742 3433 1946 3488 sublata
1977 3433 2120 3487 larva

537 3521 841 3574 communia
869 3529 1070 3576 natura;
1098 3522 1344 3588 dogmata
1375 3522 1545 3591 palam
1591 3532 1856 3593 oppugnat
1887 3539 1900 3577 :
1943 3523 2110 3592 piacuv

545 3609 651 3668 lum
681 3614 843 3680 enim,
876 3614 1066 3682 inquit,
1107 3623 1232 3668 sunt
1253 3614 1464 3668 mortui.
1493 3613 1607 3668 Non
1636 3615 1830 3668 mortui
1869 3623 1990 3670 sunt
2015 3613 2092 3683 pit

545 3705 743 3766 culum,
777 3703 1154 3760 scclestissime
1181 3703 1412 3770 dzemon,
1446 3705 1538 3760 sed
1561 3705 1807 3760 voluntas
1835 3719 1996 3775 prava
2036 3720 2126 3760 res

544 3798 898 3852 abominanda
930 3806 1030 3853 est.
1063 3797 1216 3864 Quod
1266 3799 1310 3852 si
1354 3797 1636 3853 dicendum
1679 3799 1748 3852 sit
1773 3797 2124 3852 admiratione

545 3893 759 3962 dignum
787 3891 1002 3962 aliquid,
1027 3892 1264 3946 vivorum
1283 3891 1459 3961 potius
1481 3890 1730 3961 nequitiae
1757 3890 1936 3960 plena,
1963 3905 2122 3960 quam

547 3993 872 4037 mortuorum
914 3982 1223 4038 detestanda
1259 3991 1384 4038 sunt
1418 3997 1640 4052 corpora
1669 3998 1687 4036 :
1713 3997 1834 4036 nam
1883 3981 1974 4037 illa
2005 3983 2124 4053 qui-

547 4077 668 4128 dem
718 4075 910 4128 anima:
959 4074 1280 4128 famulantur
1325 4073 1594 4142 imperiis;
1629 4073 1744 4128 lucc
1771 4087 1902 4128 vero
1931 4073 2126 4127 immo-

547 4166 666 4219 bilia
690 4165 904 4234 jaccnt:
934 4163 1072 4234 quod
1103 4173 1280 4219 autem
1309 4163 1576 4219 immobile
1596 4173 1678 4218 est
1702 4163 1953 4232 omnique
1967 4177 2128 4218 sensu

545 4259 877 4324 destitutum,
909 4257 975 4311 ab
1001 4257 1146 4310 omni
1175 4255 1542 4312 criminatione
1567 4256 1790 4310 liberum
1819 4271 1938 4311 esse
1966 4255 2122 4310 solet.

546 4351 872 4419 Quamquam
902 4350 1097 4418 alioqui
1127 4364 1193 4402 ne
1222 4349 1460 4402 vivorum
1478 4347 1690 4415 quidem
1719 4361 1942 4416 corpora
1973 4347 2126 4402 dixe-

549 4443 648 4496 rim
681 4455 779 4511 ego
805 4450 992 4494 natura
1021 4454 1140 4493 esse
1158 4438 1533 4504 abominanda,
1566 4437 1658 4491 sed
1691 4437 1883 4506 ubique
1908 4451 2126 4507 pravam

547 4543 600 4586 et
649 4545 952 4600 perversam
1008 4530 1332 4584 voluntatem
1381 4530 1618 4584 omnium
1669 4527 2127 4584 criminationibus

546 4639 663 4678 esse
693 4623 996 4679 obnoxiam.

625 4717 867 4784 Daphnes
895 4725 1138 4769 lentatum
1164 4714 1226 4767 ab
1250 4715 1485 4786 Apolline
1499 4724 1726 4784 stuprum
1754 4715 2129 4785 exprobrat.—

548 4803 662 4855 Non
705 4817 901 4870 corpus
943 4810 1218 4854 mortuum
1261 4809 1344 4855 est
1371 4801 1666 4870 piaculum,
1713 4815 1745 4853 ο
1788 4801 2000 4870 Apollo,
2032 4800 2128 4855 sed

550 4895 777 4962 puellam
821 4903 969 4947 caste
1013 4894 1196 4948 vivere
1239 4894 1502 4948 volentem
1556 4893 1837 4965 persequi,
1883 4893 2129 4964 virginis-

547 5002 650 5054 que
671 4987 936 5054 pudicitize
957 4994 1195 5056 stuprum
1218 4985 1429 5052 offerre,
1455 4994 1509 5040 et
1527 4987 1593 5040 ab
1611 4986 1902 5055 impudenti
1919 4987 2128 5042 actione

551 5077 828 5143 depulsum
879 5077 1078 5144 lugere.
1115 5075 1219 5131 hoc
1257 5077 1590 5132 accusatiOne
1619 5077 1844 5147 dignum
1863 5085 1919 5133 et
1946 5089 2124 5146 paena.

549 5170 626 5222 Ac
659 5168 808 5221 multi
835 5167 1045 5237 quidem
1069 5167 1206 5237 apud
1242 5183 1339 5222 nos
1367 5169 1638 5230 mirabiles
1677 5169 1958 5239 magnique
2001 5183 2126 5237 pro-

551 5261 724 5329 pheta!
739 5261 1080 5326 exstiterunt,
1097 5261 1188 5330 qui
1209 5259 1274 5315 de
1297 5261 1454 5316 rebus
1489 5261 1675 5320 futuris
1691 5261 1956 5315 vaticinati
1979 5268 2124 5326 sunt,

547 5365 646 5405 nec
675 5351 880 5419 uspiam
911 5351 975 5404 iis
999 5365 1028 5403 a
1063 5351 1254 5421 quibus
1281 5351 1741 5421 iuterrogabantur
1771 5351 2124 5421 imperabant,

549 5455 606 5496 ut
658 5443 1030 5498 defunctorum
1085 5459 1204 5499 ossa
1261 5445 1610 5501 refoderent:
1646 5445 1770 5514 quin
1813 5445 1930 5512 ipse
1965 5445 2126 5498 etiam

549 5535 816 5602 Ezechiel,
855 5553 1022 5608 prope
1069 5537 1180 5610 ipsa
1219 5547 1368 5592 stans
1411 5537 1532 5591 hssa
1586 5536 1798 5608 (Ezech.
1827 5536 1936 5607 57)
1961 5576 1975 5601 ,
2019 5549 2126 5590 non

545 5627 710 5683 modo
727 5631 858 5685 nihil
885 5631 952 5687 ab
975 5632 1076 5688 illis
1097 5630 1506 5704 impediebatur,
1535 5629 1626 5685 sed
1657 5638 1710 5684 et
1743 5627 1964 5718 carnem
1995 5629 2120 5696 illis,

1393 189 1447 245 s.
1491 187 1725 247 JOANN.
1765 181 2232 244 cnnrsos'rout
2261 161 3114 236 ARCHIEP.CONSTANTINOP.

3701 167 3807 224 πὶ

2219 307 2432 356 nervos,
2487 291 2762 362 pollesque
2801 285 3168 348 circumdedit,
3197 295 3258 337 ac
3306 294 3490 336 rursus
3537 278 3606 334 ad
3644 279 3804 334 vitam

2213 389 2301 442 illa
2323 386 2607 440 revocavit.
2629 384 2847 452 Magnus
2867 391 3046 433 autem
3071 377 3278 446 Moyses
3299 389 3402 428 non
3421 373 3570 442 juxta
3599 379 3806 426 mortua

2215 481 2360 536 stetit
2404 494 2544 538 ossa.
2575 477 2667 530 sed
2712 476 2880 544 ipsum
2929 474 3188 540 integrum
3218 475 3484 523 mortuum
3529 463 3807 535 proferens

2214 570 2412 640 Joseph
2459 567 2652 638 (Exod.
2699 567 2786 620 15.
2839 563 2980 631 l9),
3037 562 3106 614 ita
3149 559 3322 614 futura
3353 555 3712 626 prtedicebat:
3745 571 3808 610 ac

2217 662 2407 716 merito
2431 674 2578 713 sane.
2603 657 2734 712 Nam
2761 655 2969 709 illorum
2995 651 3213 722 quidem
3255 649 3420 703 verba
3449 647 3678 717 Spiritus
3705 645 3804 700 do-

2215 768 2340 808 num
2368 757 2520 806 erant
2543 765 2558 814 ;
2585 748 2776 802 horum
2802 755 2978 800 autem
3004 741 3165 798 verba
3202 740 3345 794 fraus
3373 748 3427 794 et
3447 736 3804 800 mendacium,

2214 842 2355 914 quod
2379 840 2521 895 nulla
2550 846 2723 909 potest
2751 837 2957 890 ratione
2983 832 3164 888 celari.
3192 830 3336 885 Nihil
3361 829 3502 884 enim
3519 823 3666 882 aliud
3695 826 3810 880 haec

2217 935 2378 989 fuisse
2405 945 2560 1002 quam
2586 929 2858 984 obtentum
2887 935 2941 980 et
2985 931 3323 994 praetextum,
3369 935 3432 974 ac
3465 919 3682 974 beatum
3709 917 3811 971 Ba-

2217 1024 2392 1096 bylam
2421 1036 2547 1078 eum
2585 1017 2980 1081 reformidasse,
3013 1015 3145 1069 satis
3175 1013 3344 1082 liquet
3385 1026 3452 1066 ex
3477 1010 3564 1074 iis,
3591 1023 3712 1078 qua:
3741 1007 3810 1060 ab

2219 1117 2545 1186 lmperatore
2593 1121 2719 1168 sunt
2765 1119 2880 1166 acta
2931 1128 2944 1163 :
2987 1107 3248 1179 siquidem
3293 1105 3511 1175 reliquis
3561 1101 3812 1158 omnibus

2219 1207 2430 1264 omissis
2455 1205 2678 1260 mortuis
2697 1203 2868 1259 solum
2899 1201 3043 1256 illum
3067 1209 3356 1270 martyrem
3383 1197 3501 1252 loco
3539 1195 3809 1250 movebat.

2219 1299 2547 1368 Quamquam
2569 1298 2612 1351 si
2633 1294 2776 1366 quod
2805 1294 2949 1348 illum
2973 1291 3388 1353 abominaretur,
3417 1303 3480 1342 ac
3506 1302 3610 1342 non
3631 1287 3816 1356 potius

2221 1391 2450 1455 timeret,
2477 1388 2592 1442 hare
2615 1389 2682 1442 ab
2711 1386 2800 1441 illo
2821 1385 3161 1456 gerebantur,
3183 1380 3444 1452 confringi
3473 1379 3731 1444 loculum,
3757 1379 3814 1432 in

2219 1495 2367 1536 mare
2390 1479 2646 1550 demergi,
2677 1478 2728 1534 in
2753 1477 3091 1532 solitudinem
3120 1474 3416 1538 amandari,
3440 1472 3526 1528 vel
3552 1473 3656 1526 alio
3675 1486 3815 1540 quo-

2221 1573 2360 1642 piam
2410 1569 2720 1640 pcrditionis
2763 1583 2958 1638 genere
3003 1566 3167 1622 deleri
3206 1563 3502 1633 jubendum
3549 1562 3676 1625 fuit;
3709 1562 3816 1616 hoc

2221 1662 2363 1718 enim
2388 1651 2742 1716 abominaiuis
2771 1659 2974 1714 fuisset.
3003 1658 3076 1712 lta
3109 1656 3234 1712 fecit
3257 1657 3399 1710 Deus
3425 1670 3546 1710 cum
3575 1653 3643 1708 de
3670 1669 3810 1724 gen-

2223 1753 2352 1808 tium
2393 1751 2877 1808 abominationibus
2906 1749 3159 1804 Hebraeos
3201 1747 3507 1816 alloquutus
3547 1755 3649 1810 est,
3677 1759 3814 1798 con-

2221 1844 2378 1916 fringi
2399 1853 2599 1900 statuas
2627 1844 2858 1913 ipsarum
2883 1840 3078 1912 jussit,
3107 1855 3214 1894 non
3251 1838 3319 1893 ab
3347 1835 3616 1891 suburbiis
3641 1836 3692 1890 in
3719 1850 3818 1889 ur-

2223 1937 2317 1993 bes
2347 1937 2550 2008 piacula
2575 1934 2870 1990 transferri.
3319 1939 3324 1944 '
3447 1921 3450 1934 '

2294 2029 2347 2083 5.
2378 2027 2628 2098 Apollinis
2649 2025 2891 2096 Daphnes
2918 2024 3157 2096 templum
3177 2023 3391 2094 fulmine
3407 2031 3621 2076 tactum.
3642 2050 3714 2060 —
3733 2021 3816 2074 Ac

2225 2119 2536 2174 movebatur
2581 2118 2796 2188 quidem
2849 2117 2967 2172 loco
2993 2125 3229 2186 martyr;
3259 2113 3469 2169 daemon
3523 2120 3700 2166 autem
3743 2125 3819 2165 ne

2225 2211 2302 2267 sic
2327 2210 2538 2280 quidem
2563 2209 2844 2265 securitate
2872 2207 3144 2263 fruebatur
3169 2245 3185 2270 ,
3217 2205 3312 2260 sed
3339 2204 3620 2260 confestim
3665 2202 3818 2258 didi—

2224 2303 2298 2358 cit
2318 2316 2438 2356 ossa
2465 2301 2678 2370 quidem
2699 2299 2944 2370 martyris
2961 2299 3078 2352 loco
3099 2297 3296 2351 moveri
3315 2309 3492 2365 posse,
3517 2308 3818 2348 manusau-

2225 2405 2332 2449 tem
2371 2395 2618 2465 martyris
2661 2393 2844 2448 evitari
2887 2406 2992 2446 non
3029 2404 3206 2459 posse.
3249 2387 3382 2442 Nam
3433 2387 3591 2442 simul
3629 2401 3695 2441 ac
3735 2385 3821 2440 lo-

2225 2487 2378 2542 eulus
2427 2485 2494 2540 ad
2545 2485 2729 2540 urbem
2795 2491 3090 2553 protractus
3141 2488 3262 2546 est,
3309 2478 3376 2534 de
3425 2479 3563 2533 cmlo
3613 2476 3820 2532 fulmen

2227 2583 2280 2636 in
2313 2591 2502 2636 statum
2545 2593 2702 2650 caput
2730 2580 3024 2635 immissum
3054 2587 3246 2634 cuncta
3283 2575 3596 2632 combussit.
3628 2574 3820 2628 Enim-

2229 2689 2360 2730 vero
2393 2675 2437 2728 si
2483 2673 2657 2728 minus
2701 2680 2876 2736 antea,
2925 2681 3036 2726 tum
3085 2671 3271 2726 saltem
3311 2668 3528 2737 impium
3579 2665 3824 2733 Impera--

2229 2775 2396 2821 torem
2439 2766 2594 2820 irasci
2631 2781 2724 2834 par
2758 2765 2873 2828 fuit,
2917 2778 2970 2818 et
3009 2765 3059 2818 in
3105 2761 3413 2830 martyrium
3451 2757 3698 2828 martyris
3737 2754 3822 2827 (a)

2229 2861 2360 2914 iram
2405 2857 2716 2924 effundere,
2766 2855 2860 2911 sed
2913 2869 2981 2910 ne
3035 2863 3144 2908 tum
3203 2851 3416 2923 quidem
3469 2863 3628 2904 ausus
3672 2848 3774 2902 fuit
3803 2865 3821 2902 :

2231 2961 2408 3007 tantus
2434 2950 2581 3004 illum
2605 2951 2763 3004 timor
2787 2954 3154 3017 occupaverat,
3203 2946 3330 3015 quin
3361 2945 3536 3014 potius
3565 2943 3690 2996 licet
3728 2942 3824 2996 in-

2229 3042 2474 3098 cendium
2515 3039 2720 3096 videret
2767 3038 3124 3104 intolerabile,
3175 3051 3496 3105 causamque
3549 3034 3714 3104 probe
3755 3032 3824 3086 il-

2229 3131 2332 3187 lius
2360 3139 2560 3196 nosset,
2591 3131 2803 3200 quietus
2845 3129 2960 3183 fuit.
2981 3127 3166 3197 Neque
3191 3140 3318 3181 vero
3361 3135 3563 3179 tantum
3597 3123 3696 3178 hoc
3719 3123 3821 3176 mi-

2230 3239 2348 3278 tum
2389 3231 2473 3278 est
2495 3222 2638 3294 quod
2663 3223 2972 3292 martyrium
2997 3236 3105 3274 non
3147 3218 3426 3284 subvertit,
3458 3217 3552 3272 sed
3579 3215 3721 3287 quod
3749 3230 3821 3269 ne

2232 3322 2428 3368 tectum
2457 3312 2672 3383 quidem
2727 3311 2926 3380 templo
2973 3325 3160 3365 rursus
3207 3309 3478 3378 imponere
3511 3321 3673 3362 ausus
3709 3317 3816 3362 est.

2229 3404 2459 3460 Noverat
2486 3404 2703 3474 quippe,
2729 3411 2950 3458 noverat
2975 3402 3264 3456 immissum
3289 3415 3413 3456 esse
3437 3400 3639 3454 cladem
3665 3414 3696 3452 a
3725 3415 3820 3452 nu-

2231 3498 2374 3553 mine
2391 3540 2407 3564 ,
2431 3513 2494 3552 ac
2517 3497 2942 3567 pertimescebat,
2970 3511 3036 3550 ne
3058 3495 3102 3550 si
3131 3495 3256 3564 quid
3279 3495 3499 3550 ulterius
3515 3494 3818 3562 excogitas-

2231 3598 2334 3656 set,
2364 3590 2538 3660 ignem
2570 3589 2716 3644 illum
2743 3589 2796 3643 in
2817 3603 2969 3644 suum
2989 3595 3147 3657 caput
3173 3595 3492 3642 accerseret.
3527 3585 3816 3654 Propterea

2229 3698 2451 3740 cernere
2497 3683 2754 3753 templum
2787 3681 3048 3751 Apollinis
3087 3681 3158 3735 ita
3182 3679 3478 3735 desolatam
3521 3679 3817 3734 su5tinuit:

2233 3792 2406 3846 neque
2433 3776 2536 3830 ulla
2567 3775 2667 3829 fuit
2699 3773 2802 3828 alia
2829 3787 3010 3838 causa,
3043 3773 3112 3828 ob
3139 3787 3296 3842 quam
3328 3771 3380 3826 id
3405 3771 3542 3840 quod
3565 3777 3818 3824 evenerat

2231 3869 2450 3924 minimc
2475 3867 2773 3938 reparavit,
2806 3865 2905 3920 nisi
2933 3865 3080 3920 solus
3107 3865 3294 3931 timor,
3319 3864 3406 3933 qui
3447 3878 3568 3918 eum
3593 3862 3816 3916 invitum

2230 3960 2462 4030 quietem
2477 3973 2632 4028 agere
2655 3958 2859 4028 coegit:
2879 3955 3034 4025 idque
3057 3969 3178 4010 cum
3205 3954 3365 4010 sciret
3387 3963 3634 4024 quantam
3663 3951 3816 4022 igno-

2235 4051 2454 4105 miniam
2475 4049 2706 4105 daemoni
2733 4049 3072 4119 relinqueret,
3095 4057 3348 4118 quantum
3366 4045 3604 4116 martyrii
3627 4043 3816 4099 decus.

2231 4141 2386 4196 Stant
2413 4141 2558 4196 enim
2583 4140 2694 4209 jam
2723 4154 2820 4210 pro
2846 4137 3061 4208 tropaeis
3091 4138 3319 4207 parietes
3341 4177 3357 4200 ,
3387 4148 3442 4191 et
3470 4135 3590 4190 tuba
3617 4134 3816 4188 clario-

2231 4249 2347 4288 rem
2363 4247 2548 4288 voccm
2576 4231 2820 4297 mittunt;
2843 4245 2906 4285 ac
2931 4230 3176 4300 Daphnes
3202 4228 3410 4294 incolis,
3433 4227 3575 4281 urbis
3602 4227 3815 4291 incolis,

2233 4325 2316 4381 his
2343 4325 2432 4396 qui
2457 4341 2486 4380 e
2509 4323 2807 4395 longinquis
2835 4323 3141 4393 regionibus
3173 4322 3296 4376 illuc
3335 4322 3626 4385 ventitant,
3659 4320 3820 4390 hujus

2233 4417 2404 4473 aetatis
2429 4432 2493 4472 ac
2519 4425 2816 4486 temporum
2845 4414 3142 4470 futurorum
3187 4414 3490 4468 hominibus
3519 4415 3634 4482 ipso
3662 4428 3820 4482 aspe-

2231 4519 2321 4566 ctu
2350 4519 2540 4565 cuncta
2567 4515 2818 4572 narrant,
2861 4508 3054 4562 luctam
3075 4547 3092 4574 ,
3124 4521 3469 4576 congressum
3488 4547 3504 4573 ,
3537 4506 3819 4560 victoriam

2233 4602 2499 4674 martyris.
2523 4601 2654 4656 Nam
2678 4600 2768 4670 qui
2799 4600 2956 4670 longe
2983 4599 3200 4654 dissitas
3219 4607 3302 4653 est
3328 4613 3358 4651 a
3379 4597 3630 4652 suburbio
3651 4637 3668 4661 ,
3693 4611 3818 4650 cum

2233 4693 2550 4765 martyrium
2573 4690 2786 4761 quidem
2813 4691 2986 4746 loculo
3007 4689 3339 4753 destitutum,
3355 4687 3610 4755 templum
3637 4695 3820 4740 autem

2233 4786 2493 4856 Apollinis
2509 4793 2648 4840 tecto
2669 4783 2928 4854 privatum
2951 4783 3168 4836 intuitus
3193 4779 3364 4848 fuerit,
3387 4777 3594 4832 thorum
3617 4777 3820 4831 utrius-

2236 4892 2342 4948 que
2367 4889 2581 4931 causam
2618 4874 2905 4930 verisimile
2937 4881 3018 4926 cst
3054 4870 3432 4941 quaasiturum;
3461 4883 3691 4936 cumque
3716 4865 3820 4921 de-

2233 4969 2356 5024 inde
2377 4976 2539 5023 totam
2570 4967 2844 5022 historiam
2872 4964 3136 5028 didicerit,
3165 4963 3244 5017 sic
3273 4961 3396 5016 inde
3421 4960 3812 5015 discessurum.

2233 5059 2508 5131 Ejusmodi
2529 5067 2654 5114 sunt
2674 5057 2925 5128 praeclara
2949 5055 3198 5126 martyris
3224 5064 3346 5122 post
3370 5053 3572 5106 obitum
3593 5051 3712 5121 ejus
3741 5050 3824 5104 fa-

2232 5152 2434 5208 cinora.
2464 5149 2818 5218 Quamobrem
2847 5159 3076 5202 vestram
3097 5160 3308 5215 quoque
3325 5143 3484 5198 laudo
3507 5142 3780 5196 civitatem
3805 5182 3819 5204 ,

2233 5242 2370 5313 quod
2399 5242 2619 5296 multum
2639 5256 2762 5308 erga
2787 5248 3029 5292 sanctum
3063 5237 3220 5291 istum
3246 5235 3477 5289 studium
3503 5233 3824 5288 exhilmcri-

2234 5337 2322 5391 tis.
2351 5333 2480 5388 Nam
2509 5347 2615 5402 quo
2641 5340 2880 5399 tempore
2906 5328 3126 5396 Daphne
3153 5325 3547 5388 revertebatur,
3581 5331 3688 5388 tela
3715 5339 3822 5375 nn-

2235 5426 2316 5482 bis
2345 5423 2598 5480 civitasin
2619 5424 2758 5478 viam
2783 5421 2948 5478 eﬂusa
2976 5428 3077 5484 est;
3099 5433 3258 5473 vacua
3287 5417 3501 5470 fuerunt
3523 5415 3652 5472 viris
3677 5413 3822 5481 fora,

2233 5535 2416 5576 vacuae
2439 5517 2648 5572 feminis
2670 5516 2842 5579 mdes,
2869 5513 3064 5568 deserti
3091 5526 3122 5566 a
3151 5511 3444 5579 virginibus
3465 5508 3677 5562 thalami
3700 5524 3714 5560 :
3739 5509 3826 5565 sic

2295 5633 2372 5696 (τι)
2405 5633 2674 5696 Hartyrium
2691 5631 2913 5695 martyris
2937 5636 3011 5682 est
3037 5627 3242 5681 ecclesia
3263 5627 3501 5689 martyris.
