4044 6206
255 301 362 360 533
1065 302 1153 360 DE
1191 303 1252 361 S.
1330 304 1626 373 BABYLA,
1665 304 1936 363 CONTRA
1977 304 2313 367 JULIANUM
2353 304 2440 362 ET
2478 303 2837 363 GENTILES.

255 426 311 472 et
338 415 518 472 omnis
541 424 673 472 etas
702 458 717 483 ,
740 424 795 472 et
823 426 1044 490 uterque
1074 435 1232 475 sexus
1256 420 1573 477 exsilierunt
1597 436 1662 479 ex
1693 421 1845 490 urbe,

256 518 530 579 tamquam
567 518 770 579 patrem
796 524 860 564 ex
910 510 1062 580 longa
1094 510 1518 582 peregrinatione
1547 522 1667 583 post
1706 512 1848 566 mul-

258 607 372 654 tum
401 610 612 669 tempus
630 607 988 655 revertentem
1015 602 1303 672 recepturi.
1327 603 1405 658 Ac
1425 618 1520 659 vos
1541 603 1752 674 quidem
1783 604 1848 659 il-

257 694 369 751 lum
392 693 583 751 eodem
612 694 729 748 zelo
754 708 1135 749 succensorum
1162 695 1321 750 coetui
1390 695 1696 752 reddidistis
1714 738 1729 763 ,
1755 697 1851 752 Dei

257 801 389 840 vero
423 784 593 856 gratia
617 794 875 855 perpetuo
904 800 1120 840 manere
1166 784 1273 842 illic
1303 801 1408 841 non
1454 787 1726 857 permisit,
1759 788 1851 843 sed

261 893 450 933 rursus
471 878 619 932 illum
647 878 786 931 ultra
815 877 1009 933 flumen
1042 878 1116 951 (a)
1145 880 1446 945 transtulit,
1467 889 1521 935 ut
1550 880 1712 934 multa
1740 881 1852 935 loca

263 968 413 1022 suavi
435 966 686 1038 martyris
707 966 872 1022 odore
890 970 1308 1039 complerentur.
1340 968 1523 1039 Neque
1555 986 1701 1037 vero,
1732 985 1854 1027 cum

267 1058 373 1113 huc
396 1058 653 1125 venisset,
683 1058 831 1113 solus
857 1074 1138 1115 mansurus
1155 1058 1284 1129 fuit,
1303 1060 1395 1117 sed
1424 1060 1654 1116 vicinum
1676 1061 1856 1116 confe-

265 1154 390 1207 stim
420 1161 475 1208 et
499 1152 963 1219 contubernalem,
992 1152 1286 1225 iisdemque
1316 1155 1551 1210 moribus
1577 1154 1855 1223 prirditum

266 1246 495 1316 accepit.
520 1244 649 1299 Nam
676 1254 731 1301 et
750 1245 991 1314 ejusdem
1034 1245 1361 1315 praalectura:
1392 1249 1656 1316 particeps
1694 1249 1860 1303 factus

269 1348 373 1403 est,
401 1346 455 1392 et
484 1336 741 1407 atqualem
770 1336 1020 1407 loquendi
1048 1336 1345 1393 libertatem
1373 1338 1424 1392 in
1459 1352 1618 1393 causa
1643 1338 1860 1408 religio-

272 1429 358 1483 nis
387 1420 627 1483 exhibuit
660 1445 672 1481 :
707 1436 1031 1499 quapropter
1055 1438 1108 1482 et
1135 1427 1274 1484 idem
1306 1444 1368 1484 ac
1397 1429 1509 1499 ipse
1531 1429 1860 1484 domicilium

273 1521 522 1585 obtinuit,
550 1537 656 1574 non
684 1519 901 1587 frustm,
929 1529 987 1575 ut
1007 1520 1235 1585 videtur,
1262 1520 1350 1576 hic
1375 1522 1634 1577 mirabilis
1663 1531 1863 1591 marty-

274 1612 353 1665 ris
369 1611 621 1665 imitator.
644 1610 817 1667 Tanto
837 1609 979 1665 enim
1002 1620 1242 1680 tempore
1267 1612 1371 1666 illic
1390 1610 1652 1667 laboravit
1673 1612 1739 1666 ad
1766 1612 1868 1666 lm-

279 1701 793 1771 peratorem‘literas
823 1701 1059 1767 mittens,
1094 1702 1436 1771 magistratus
1483 1702 1860 1772 interpellans,

278 1803 333 1849 et
355 1793 595 1862 corporis
616 1793 969 1848 ministerium
1001 1793 1218 1863 martyri
1246 1792 1515 1849 deferens.
1542 1794 1699 1849 Scitis
1723 1794 1865 1849 enim

281 1884 463 1952 utique
488 1899 549 1939 ac
577 1882 969 1951 recordamini,
1014 1898 1118 1953 quo
1165 1892 1319 1954 pacto
1354 1884 1543 1939 :estivo
1596 1894 1869 1953 tempore,

282 1974 407 2029 dum
439 1974 717 2029 meridiani
748 1974 876 2029 solis
906 1974 1068 2028 radiis
1113 1974 1302 2029 caelum
1349 1975 1580 2042 arderet,
1612 1989 1733 2030 cum
1758 1975 1870 2032 suis

283 2066 647 2121 assessoribus
666 2065 888 2136 singulis
913 2066 1100 2121 diebus
1117 2066 1241 2121 illuc
1260 2074 1525 2141 pergeret,
1550 2082 1654 2123 nou
1678 2076 1871 2137 utspe-
1912 2094 1913 2097 η

3428 306 3539 364 556

1953 420 2132 477 funem
2179 420 2374 487 traxit,
2421 430 2475 477 et
2502 421 2551 477 ei
2593 421 2682 491 qui
2712 428 2978 475 structura
3008 418 3181 489 aliqua
3230 417 3536 489 indigebat,

1953 520 2077 568 ante
2119 512 2265 581 ipsos
2311 512 2583 567 ministros
2607 511 3017 581 obtemperavit.
3048 509 3278 565 Noverat
3306 510 3535 580 quippe,

1956 612 2176 661 noverat
2194 616 2389 674 quanta
2418 604 2517 675 ipsi
2556 604 2745 659 horum
2784 618 2944 659 causa
2973 603 3189 674 praemia
3221 602 3542 657 reservanda

1956 705 2136 751 essent
2164 706 2358 766 :atque
2386 695 2583 752 idcirco
2608 696 2662 750 in
2686 696 2941 765 obsequio
2965 696 3216 765 cultuque
3246 704 3540 766 martyrum

1956 788 2373 858 perseverabat,
2400 802 2505 841 non
2527 786 2822 857 splendidis
2846 798 3047 842 tantum
3076 785 3312 841 aedificiis
3337 795 3546 840 struen<

1958 880 2040 937 dis
2062 922 2076 947 ,
2105 888 2195 933 aut
2220 879 2489 934 continuis
2521 879 2666 934 festis
2695 878 3047 941 celebrandis,
3072 878 3163 932 sed
3194 877 3383 948 potiori
3411 890 3547 945 qua-

1959 971 2081 1026 dam
2113 971 2193 1025 Itis
2232 970 2478 1023 omnibus
2507 970 2715 1025 ratione
2745 986 2757 1023 :
2790 985 3019 1040 quanam
3052 970 3136 1023 illa
3166 969 3377 1023 tandem
3405 968 3430 1022 3
3458 966 3547 1021 \"i-

1964 1072 2067 1117 tam
2094 1062 2332 1116 imitatur
2361 1060 2571 1115 illorum
2595 1103 2609 1127 ,
2642 1062 3003 1116 fortitudinem
3034 1062 3342 1127 :emulatur,
3366 1075 3430 1116 ac
3456 1074 3549 1129 per

1962 1154 2139 1208 omnia
2164 1153 2445 1222 imaginem
2481 1164 2771 1222 martyrum
2801 1170 2894 1223 pro
2916 1153 3115 1208 viribus
3138 1154 3191 1209 in
3217 1153 3395 1226 seipso
3418 1168 3552 1208 cou-

1963 1254 2163 1300 servat.
2192 1245 2326 1300 Vide
2357 1246 2498 1299 enim
2538 1261 2551 1298 :
2586 1255 2947 1316 exposuerunt
2976 1245 3047 1311 illi
3093 1258 3319 1315 corpora
3348 1253 3553 1299 macta-

1966 1338 2131 1403 ti0ui;
2160 1346 2213 1391 at
2241 1340 2325 1393 hic
2366 1338 2602 1392 membra
2651 1338 2828 1392 carnis
2864 1337 3201 1392 mortificavit
3225 1378 3241 1406 ,
3274 1352 3391 1408 qua:
3431 1346 3559 1391 sunt

1964 1443 2127 1498 super
2155 1438 2347 1482 terram
2383 1446 2395 1481 :
2421 1428 2729 1483 restiterunt
2754 1428 2830 1482 illi
2856 1427 3083 1483 llamtnre
3111 1428 3245 1497 ignis
3265 1469 3280 1491 ,
3306 1427 3391 1482 hic
3410 1426 3555 1497 cupi-

1968 1519 2147 1575 ditatis
2175 1519 2442 1574 flammam
2468 1521 2715 1574 restiuxit
2744 1537 2758 1573 :
2788 1528 3089 1590 pugnarunt
3121 1520 3195 1574 illi
3223 1534 3344 1581 cum
3382 1518 3559 1574 denti-

1965 1612 2066 1667 bus
2096 1611 2383 1665 bestiarum
2404 1652 2420 1678 ,
2467 1610 2565 1666 sed
2609 1620 2664 1666 et
2693 1610 2779 1665 hic
2806 1611 3152 1666 saevissimam
3180 1611 3231 1665 in
3262 1610 3415 1664 nobis
3441 1623 3563 1678 per-

1970 1703 2332 1759 turbationum
2392 1703 2523 1757 iram
2580 1701 2805 1757 sedavit.
2857 1702 3055 1756 llorum
3113 1702 3269 1772 igitur
3319 1701 3559 1755 ctuniuut

1969 1810 2126 1851 causa
2154 1796 2263 1850 Deo
2288 1794 2484 1866 gratias
2509 1809 2725 1865 agamus
2743 1836 2759 1862 ,
2792 1794 2932 1865 quod
2954 1804 3003 1849 cl
3028 1803 3291 1866 martyres
3318 1791 3469 1845 nobis
3491 1791 3559 1845 ita

1970 1902 2259 1959 generosos
2289 1888 2505 1958 largitus
2531 1887 2637 1953 sit,
2670 1897 2723 1942 et
2751 1888 3073 1959 martyribus
3099 1886 3287 1956 dignos
3319 1896 3562 1956 pastores

1972 1978 2039 2032 ad
2094 1978 2610 2033 consummationem
2667 1987 3010 2044 sanctorum,
3059 1977 3110 2031 in
3157 1974 3561 2030 aedificationem

1974 2070 2215 2140 corporis
2241 2070 2437 2126 Christi
2459 2069 2671 2142 (Ep/tes.
2700 2071 2754 2129 4.
2776 2070 2888 2143 12),
2924 2086 3045 2126 cum
3067 2084 3171 2141 quo
3200 2069 3343 2125 Patri
3369 2067 3559 2138 gloria,

284 2170 456 2215 ctaret
479 2160 676 2227 solum,
699 2159 793 2215 sed
825 2159 984 2215 etiam
1012 2168 1068 2214 ut
1092 2159 1141 2213 in
1164 2174 1373 2225 eorum,
1396 2174 1514 2230 qua:
1529 2160 1870 2229 gerebantur,

284 2251 616 2306 consortium
640 2251 863 2306 veniret.
897 2250 1028 2306 Nam
1061 2260 1114 2307 et
1136 2250 1340 2321 lapides
1362 2250 1557 2321 sa'pius
1586 2252 1790 2320 attigit,
1821 2262 1876 2309 et

356 2386 426 2447 (a)
458 2392 689 2435 Orontem
715 2383 943 2447 intelligit
966 2385 1025 2434 ad
1045 2398 1193 2448 quem
1217 2386 1415 2435 ﬂuvium
1438 2387 1528 2435 sita
1553 2385 1810 2436 Antiochia.

1978 2162 2173 2228 honor,
2210 2162 2531 2231 imperium,
2580 2178 2701 2218 cum
2749 2173 2938 2219 sancto
2985 2172 3038 2219 et
3085 2162 3293 2218 vivifico
3330 2158 3563 2229 Spiritu,

1978 2268 2118 2309 nunc
2147 2261 2201 2308 et
2224 2268 2460 2323 semper,
2490 2262 2544 2309 et
2574 2254 2625 2309 iu
2649 2255 2842 2309 sazcula
2869 2253 3209 2310 szecnlorum.
3242 2253 3439 2307 Amen.

1058 2598 1400 2681 LIBER
1453 2597 1574 2680 IN
1630 2593 2187 2679 SANCTUM
2240 2597 2801 2701 BABYLAM,

1175 2772 1423 2819 comm
1466 2772 1812 2828 mmmam,
1857 2771 1940 2817 ET
1980 2771 2229 2818 comma
2270 2775 2581 2821 cumules
2606 2756 2716 2840 (a).

1724 2927 1995 2971 -—--oo

381 3047 434 3102 1.
465 3044 721 3101 Dominus
750 3052 934 3099 noster
961 3041 1118 3098 Jesus
1139 3037 1387 3096 Christus
1411 3038 1726 3111 supplicium
1756 3040 1897 3111 jam-

301 3136 414 3208 iant
459 3134 761 3201 subiturus,
813 3141 869 3189 et
910 3142 1084 3188 morte
1110 3130 1315 3185 vivifica
1365 3129 1688 3197 moriturus,
1740 3138 1897 3186 nocte

305 3228 400 3284 illa
429 3236 699 3297 postrema
718 3225 1007 3294 discipulos
1026 3222 1252 3279 seorsim
1274 3222 1501 3289 vocavit,
1526 3222 1761 3292 ipsisque
1787 3230 1897 3276 tum

306 3323 415 3377 alia
442 3321 608 3377 multa
638 3319 841 3375 monita
863 3317 1044 3385 dedit,
1077 3326 1187 3373 tum
1219 3316 1335 3372 hmo
1361 3316 1521 3371 etiam
1546 3314 1705 3370 verba
1736 3313 1896 3369 fecit:

308 3416 471 3470 Antea
492 3456 508 3480 ,
550 3429 695 3467 amen
734 3413 848 3467 dico
873 3410 1040 3477 vobis,
1062 3410 1149 3481 qui
1175 3409 1333 3465 credit
1365 3409 1417 3463 in
1443 3424 1552 3474 me,
1584 3423 1764 3477 opera,
1791 3420 1904 3475 qua:

308 3524 407 3577 ego
426 3508 562 3576 facio
580 3547 596 3571 ,
623 3514 669 3560 et
695 3505 805 3574 ipse
830 3503 1012 3575 faciet,
1036 3512 1082 3556 et
1106 3502 1306 3572 majora
1328 3500 1408 3555 his
1428 3499 1579 3570 faciet
1603 3496 1780 3567 (Joan.
1814 3496 1901 3551 Η.

316 3599 431 3667 12).
465 3597 623 3668 Atqui
653 3596 805 3650 multi
833 3594 921 3649 alii
968 3592 1206 3664 magistri
1230 3591 1515 3656 exstitere,
1543 3588 1631 3659 qui
1671 3587 1897 3657 discipu~

316 3692 401 3746 los
427 3690 729 3744 habuerunt
757 3697 811 3743 et
838 3686 1090 3741 miracula
1116 3690 1511 3756 perpetrarunt,
1543 3690 1603 3737 ut
1626 3680 1796 3736 Graeci
1820 3679 1906 3747 ja-

315 3784 506 3837 ctitant
533 3798 549 3847 ;
584 3790 819 3836 attamen
851 3778 1029 3833 nullus
1068 3791 1251 3832 eorum
1283 3788 1531 3845 umquam
1556 3771 1731 3827 simile
1754 3768 1910 3841 quid-

320 3876 463 3946 piam
491 3875 571 3929 vel
601 3874 836 3943 cogitare
860 3871 945 3926 vel
968 3871 1146 3925 dicere
1171 3884 1331 3923 ausus
1351 3876 1453 3923 est.
1476 3865 1657 3936 Neque
1688 3872 1911 3935 possunt

318 3966 608 4036 quidquam
637 3978 821 4019 eorum
846 4004 861 4029 ,
903 3962 1002 4017 etsi
1048 3958 1336 4016 admodum
1391 3956 1726 4028 impudentes
1767 3956 1907 4023 sint,

321 4059 719 4130 prmdictionem
735 4069 1106 4111 sermonemve
1125 4053 1352 4109 similem
1372 4066 1538 4122 penes
1554 4065 1611 4106 se
1627 4048 1908 4113 exhibere;

321 4153 419 4208 sed
471 4159 683 4223 spectra
731 4148 1103 4204 defunctorum
1145 4154 1586 4212 mortuorumque
1630 4142 1911 4195 simulacra

323 4245 478 4301 multi
520 4259 704 4299 eorum
744 4242 928 4297 dicunt
955 4255 985 4295 a
1018 4238 1261 4309 plurimis
1304 4236 1442 4307 apttd
1488 4251 1545 4290 se
1588 4233 1911 4289 mirabilium

325 4336 685 4408 patratoribus
710 4332 957 4396 ostendi;
983 4346 1145 4386 voces
1169 4330 1296 4384 item
1323 4343 1353 4383 e
1378 4327 1637 4397 sepulcris
1658 4325 1722 4379 ad
1750 4339 1913 4394 quos-

323 4430 448 4482 dam
474 4427 698 4481 emissas
723 4425 966 4494 jactitant
999 4440 1012 4475 :
1036 4420 1177 4493 quod
1213 4430 1389 4494 autem
1420 4419 1538 4489 quis
1563 4433 1626 4471 ex
1654 4417 1803 4479 viris,
1825 4413 1915 4485 qni

325 4520 466 4588 apud
492 4535 550 4573 se
574 4520 823 4574 vixerunt
873 4526 929 4573 et
971 4514 1307 4571 admirationi
1339 4513 1501 4570 habiti
1541 4520 1699 4576 sunt,
1728 4520 1818 4564 aut
1848 4524 1915 4564 ex

326 4612 393 4665 its
412 4624 547 4680 quos
579 4619 697 4680 post
726 4608 1005 4664 decessum
1038 4592 1170 4663 deos
1196 4611 1606 4675 reputaverunt,
1632 4602 1738 4657 tale
1759 4600 1916 4673 quid-

326 4702 469 4772 piam
498 4700 776 4770 discipulis
803 4699 997 4754 dixerit
1022 4739 1038 4765 ,
1086 4697 1261 4752 nullus
1289 4711 1475 4751 eorum
1503 4693 1773 4748 affirmare
1817 4706 1914 4745 att-

325 4794 471 4847 deat.
509 4793 736 4848 Causam
764 4799 941 4845 autem
960 4832 974 4855 ,
1004 4791 1048 4845 si
1075 4790 1280 4859 placet,
1306 4788 1574 4858 aperiam;
1598 4800 1694 4841 cur
1714 4784 1919 4840 scilicet

326 4902 447 4940 cum
473 4895 664 4939 cetera
690 4885 869 4939 omnia
902 4882 1240 4953 impudenter
1268 4879 1593 4945 effutieriut,
1624 4887 1679 4932 et
1723 4876 1919 4948 perfri-

326 4988 410 5030 cta
453 4976 626 5031 fronte
657 4975 863 5031 mentiti
894 4974 1030 5039 sint,
1066 4972 1198 5028 nihil
1245 4970 1544 5041 liujusmodi
1588 4968 1919 5025 comminisci

326 5071 441 5123 ausi
471 5070 598 5124 sint.
631 5068 745 5123 Non
772 5070 915 5123 enim
944 5066 1041 5121 abs
1072 5081 1162 5131 re,
1194 5081 1366 5135 neque
1410 5064 1525 5119 sine
1562 5060 1788 5131 quadam
1830 5077 1920 5116 ra-

329 5163 475 5216 tione
495 5176 524 5215 a
557 5160 648 5217 tali
673 5169 977 5215 commento
1007 5158 1348 5220 abstinuere;
1378 5155 1473 5210 sed
1502 5163 1677 5209 astute
1702 5152 1920 5222 conspi-

328 5255 434 5311 cati
466 5263 589 5307 sunt
614 5251 849 5323 pestiferi
880 5251 956 5304 illi
984 5250 1227 5304 homines
1247 5263 1366 5303 eum
1386 5287 1401 5313 ,
1430 5247 1517 5317 qui
1543 5246 1717 5299 fucum
1748 5243 1924 5299 facere

329 5346 493 5408 velit,
526 5352 777 5413 Oportere
800 5340 1093 5413 probabilia
1122 5340 1387 5414 quaedam,
1409 5347 1464 5391 et
1490 5335 1713 5390 fallacia:
1742 5333 1919 5404 plena,

325 5453 451 5508 qua:
493 5434 645 5491 facile
675 5452 779 5490 non
804 5433 1004 5504 possint
1038 5431 1153 5485 falsi
1182 5428 1365 5501 argui,
1395 5428 1655 5497 proferre.
1683 5423 1815 5479 Nam
1868 5423 1921 5477 in

326 5544 483 5585 more
505 5537 589 5584 est
613 5536 675 5583 ut
692 5528 927 5600 piscibus
951 5526 1242 5595 avibusque
1268 5519 1633 5577 callidioribus
1662 5532 1768 5573 non
1796 5513 1924 5571 nudi

325 5680 1003 5805 at)
1036 5688 1183 5746 ttcgg.
1212 5678 1358 5742 1673,
1377 5676 1520 5737 9.55,
1549 5673 1690 5735 3H7,
1716 5678 1768 5725 et
1790 5671 1921 5725 Colb.

2010 2938 2185 2952 ﬂ

1999 3039 2148 3096 hami
2168 3049 2551 3113 proponantur,
2572 3039 2667 3096 sed
2699 3054 2821 3096 esca
2850 3038 3133 3109 obtegente
3161 3036 3236 3091 illi
3273 3033 3581 3106 capiantur,

2001 3139 2163 3202 atque
2188 3132 2258 3187 ita
2278 3131 2491 3188 venatio
2516 3141 2739 3202 utraque
2766 3145 3022 3202 prospere
3038 3127 3194 3185 cedat
3212 3146 3226 3195 ;
3244 3127 3289 3183 si
3318 3142 3448 3183 vero
3461 3141 3589 3182 con-

2002 3222 2188 3293 spicua
2214 3223 2347 3279 retia
2371 3233 2587 3291 essent,
2621 3238 2791 3293 neque
2827 3222 3001 3294 pisces
3041 3235 3213 3290 neque
3255 3233 3381 3274 aves
3416 3216 3592 3273 irreti-

2002 3322 2193 3373 rentur
2221 3330 2502 3385 umquam,
2530 3315 2639 3370 imo
2666 3328 2795 3370 vero
2822 3329 2890 3369 ne
2933 3312 3013 3369 vel
3061 3310 3321 3366 tantillum
3366 3307 3592 3365 accede-

2009 3412 2163 3471 rent;
2191 3405 2285 3461 scd
2325 3414 2435 3461 tum
2464 3407 2697 3477 piscator
2716 3447 2730 3471 ,
2764 3412 2873 3460 tum
2899 3410 3121 3460 venator
3148 3402 3326 3459 vacuis
3350 3398 3595 3455 manibus

2010 3496 2269 3555 redirent.
2292 3497 2425 3566 Quia
2462 3499 2624 3570 igitur
2665 3498 2777 3554 illis
2802 3498 2854 3552 in
2884 3498 3159 3569 proposito
3200 3503 3316 3551 erat
3350 3491 3596 3548 homines

2012 3602 2111 3645 ceu
2135 3604 2330 3661 sagena
2350 3606 2545 3661 capere
2568 3633 2583 3659 ,
2614 3605 2723 3646 non
2750 3588 2945 3645 nudam
2968 3586 3227 3643 fallaciam
3251 3587 3302 3640 in
3326 3585 3481 3653 lutjns
3520 3582 3596 3635 vi-

2010 3692 2083 3740 ta:
2106 3684 2329 3756 pelagus
2364 3683 2657 3751 immisere,
2688 3683 2780 3739 sed
2808 3683 2872 3738 iis
2894 3681 3137 3738 confictis
3165 3692 3228 3732 ac
3251 3674 3558 3747 compositis
3578 3715 3594 3740 ,

2013 3776 2206 3848 quibus
2232 3775 2926 3847 possentimprudentiores
2952 3786 3164 3843 capere,
3192 3768 3414 3825 ulterius
3443 3780 3598 3820 men-

2015 3867 2169 3923 dacio
2198 3867 2442 3938 progredi
2467 3867 2907 3938 supersederunt,
2930 3864 3087 3922 veriti
3118 3878 3184 3919 ne
3219 3862 3353 3916 ultra
3384 3858 3599 3914 modum

2017 3960 2396 4030 procederent,
2428 3968 2851 4028 metuentesque,
2884 3972 2950 4012 ne
2977 3954 3328 4026 posteriorum
3359 3948 3599 4005 fraudum

2018 4050 2371 4107 immoderato
2392 4060 2490 4105 t'tsu
2538 4050 2742 4119 priores
2779 4048 3171 4103 subverterent.
3198 4043 3330 4099 Nam
3358 4042 3413 4117 si
3433 4040 3600 4096 dixis-

2019 4152 2139 4200 sent
2182 4158 2400 4199 suorum
2449 4141 2752 4213 quempiam
2784 4154 2897 4195 rem
2937 4137 3100 4193 talem
3132 4134 3423 4207 pollicitum
3451 4147 3601 4199 esse,

2016 4236 2230 4307 qualem
2255 4234 2527 4305 discipulis
2552 4234 2810 4289 Servator
2830 4240 3012 4286 noster
3039 4227 3322 4300 promisit,
3351 4224 3510 4280 etiam
3539 4222 3605 4277 iis

2020 4343 2154 4400 quos
2183 4329 2503 4397 deceperant
2532 4341 2651 4381 sese
2698 4324 2954 4380 ridiculos
3004 4319 3390 4393 prmbuisscnt,
3424 4325 3605 4386 utpote

2022 4422 2111 4491 qui
2134 4436 2201 4475 nc
2226 4419 2531 4475 verisimilia
2558 4416 2773 4489 quidem
2804 4414 3013 4470 mentiri
3047 4420 3295 4484 possent:
3320 4409 3442 4464 talia
3464 4408 3605 4462 enim

2021 4512 2316 4585 prtedieere
2358 4521 2520 4581 atque
2572 4518 2829 4582 przestare
2854 4506 2921 4562 ad
2952 4506 3160 4562 beatam
3192 4503 3332 4559 illam
3357 4501 3608 4556 virtutem

2023 4607 2191 4662 solam
2220 4605 2469 4676 pertinet.

2099 4699 2353 4755 Humana:
2396 4696 2670 4753 Gentilium
2722 4694 2955 4749 victimae.
2985 4721 3056 4732 —
3082 4687 3233 4756 Quod
3287 4687 3332 4742 si
3390 4695 3613 4757 potuere

2024 4792 2152 4849 olim
2179 4792 2452 4847 daemones
2483 4790 2547 4843 iis
2567 4829 2581 4853 ,
2620 4801 2754 4857 quos
2782 4786 3137 4854 deceperant,
3179 4777 3420 4835 nonnihil
3446 4776 3613 4849 phan-

2028 4888 2267 4942 tasmatis
2288 4883 2538 4939 exhibere
2561 4923 2577 4948 ,
2624 4880 2675 4935 id
2708 4890 2831 4934 tunc
2856 4876 3031 4933 evenit
3055 4915 3070 4940 ,
3099 4889 3221 4929 cum
3251 4870 3464 4926 luminis
3492 4868 3615 4925 fons

2026 4980 2185 5050 vulgo
2229 4976 2465 5033 nondum
2514 4973 2755 5044 cognitus
2799 4978 2962 5026 esset.
3015 4967 3108 5022 lllo
3148 4965 3343 5037 quippe
3375 4973 3616 5033 tempore

2028 5082 2138 5128 tum
2166 5087 2231 5127 ex
2260 5070 2378 5124 aliis
2400 5066 2640 5133 fallaclis,
2670 5073 2778 5119 tum
2802 5077 2867 5117 ex
2896 5058 3024 5131 ipsis
3045 5058 3321 5114 sacrificiis
3340 5064 3615 5111 ostensum

2026 5174 2109 5222 est
2133 5180 2193 5219 ea
2211 5206 2225 5228 ,
2259 5178 2377 5235 qua:
2404 5160 2719 5233 gerebantur
2738 5198 2753 5223 ,
2780 5156 3081 5211 daemonum
3122 5167 3283 5223 opera
3314 5164 3452 5205 esse.
3479 5146 3614 5203 Nam

2029 5257 2172 5329 quod
2201 5256 2434 5309 humano
2454 5250 2712 5323 sanguine
2736 5262 2859 5303 aras
2887 5261 3011 5301 snas
3040 5245 3307 5301 cruentari
3330 5241 3612 5311 juberent,

2029 5360 2085 5405 et
2119 5364 2150 5404 a
2180 5346 2555 5419 generantibus
2579 5342 2714 5397 tales
2739 5338 2839 5395 sibi
2871 5338 3044 5409 parari
3085 5335 3326 5390 victimas
3361 5329 3617 5400 pra‘oipe-

2028 5451 2168 5503 rent.
2197 5440 2247 5495 id
2273 5453 2430 5510 quam
2454 5436 2672 5492 insanire
2699 5432 2930 5504 speciem
2960 5445 3064 5485 non
3090 5427 3279 5482 obruat
3297 5421 3445 5490 Ῥρυί
3472 5420 3617 5474 enim

2027 5531 2422 5591 calamitatibus
2478 5529 2678 5585 nostris
2734 5538 3024 5593 numquam
3077 5519 3338 5574 satiantur.
3369 5555 3385 5584 ,
3442 5526 3618 5582 neque

2031 5631 2192 5686 ullum
2248 5627 2407 5682 finem
2451 5623 2805 5680 terminumve
2848 5622 3053 5689 ponunt
3098 5611 3240 5667 bello
3290 5616 3477 5664 contra
3521 5620 3619 5659 nos

2032 5724 2263 5791 indicto,
2290 5719 2383 5779 sed
2411 5714 2698 5775 immortali
2731 5725 2941 5781 semper
2972 5706 3119 5764 rabie
3146 5703 3321 5773 ducti,
3351 5715 3412 5758 ac
3441 5698 3487 5755 si
3514 5711 3621 5754 non
