4044 6206
409 289 514 348 535

410 401 540 456 satis
565 399 636 454 sit
658 396 726 454 ad
745 411 927 452 eorum
950 392 1266 464 explendum
1287 391 1538 452 animum,
1564 389 1700 458 quod
1733 388 1978 442 mulieres

409 505 462 548 rt
495 491 694 562 parvuli
733 491 908 546 ovium
950 489 1212 555 boumque
1256 473 1370 538 loco
1403 483 1468 536 ad
1500 497 1618 535 aras
1645 495 1767 534 suas
1803 493 1980 533 mune-

415 583 620 646 lentnr,
667 595 856 636 novam
908 575 1176 631 homicidii
1225 574 1552 642 iniquitatem
1597 569 1989 639 exqugitarunt.

423 673 820 741 inauditumque
871 666 1186 724 calamitatis
1241 665 1502 720 induxere
1553 661 1790 715 modum.
1849 658 1994 724 Quos

419 765 559 818 enim
595 779 686 831 par
703 771 821 816 erat
850 767 1242 828 peremptorum
1269 753 1441 809 cmdes
1465 753 1666 822 lugere,
1689 751 1752 806 iis
1782 762 1998 819 persua-

419 868 538 905 serc
585 860 638 904 ut
674 850 738 902 ad
785 849 1031 903 miseram
1075 846 1216 900 illam
1260 841 1586 897 subeundam
1637 839 1836 894 credam
1879 850 1999 892 sese

424 941 672 1000 timeri-ent
696 957 710 1004 ;
743 947 902 1008 utque
923 953 1028 992 non
1053 936 1197 1005 leges
1221 931 1377 986 modo
1399 931 1464 985 ab
1489 928 1790 984 hominibus
1816 926 1998 996 posita:

425 1031 790 1094 violarentur,
850 1028 994 1096 ipsas
1058 1039 1269 1095 quoque
1317 1031 1529 1084 naturae
1577 1019 1718 1088 leges
1769 1015 2004 1070 funditus

425 1123 842 1184 destruxerunt,
888 1118 1054 1187 ipsam
1103 1115 1382 1172 adversum
1412 1126 1472 1166 se
1501 1117 1740 1164 naturam
1779 1105 2006 1177 grassari

433 1221 680 1268 riu-antes
703 1251 717 1275 ,
760 1208 1106 1275 omniumque
1149 1201 1576 1259 scelestissimam
1601 1197 1799 1254 cuidem
1830 1195 1882 1250 in
1914 1195 2008 1246 hu-

437 1301 636 1358 minum
669 1299 830 1352 vitam
876 1295 1204 1356 indecentes.
1226 1291 1406 1350 Nullos
1445 1289 1588 1344 enim
1627 1286 1868 1340 iniu‘ticos
1893 1297 2010 1352 per-

435 1392 561 1445 inde
607 1399 764 1460 atque
806 1395 1054 1457 parentes
1095 1395 1217 1440 tunc
1260 1379 1614 1438 formidabant
1655 1390 1843 1432 omnes
1887 1389 1900 1426 :
1947 1386 2012 1426 ac

440 1485 631 1554 quibus
659 1482 884 1542 maxime
925 1477 1194 1534 fidendum
1224 1483 1338 1529 crat
1357 1514 1370 1537 ,
1414 1487 1507 1527 eos
1533 1473 1582 1523 in
1613 1468 1797 1540 primis
1820 1480 2008 1532 su5pc-

440 1589 555 1628 ctos
585 1573 848 1627 habebant
880 1579 932 1624 et
959 1567 1359 1626 aversabantur.
1389 1560 1661 1630 Siquidem
1687 1556 1874 1612 nefarii
1905 1554 2016 1607 da:-

443 1679 628 1718 mones
651 1705 666 1726 ,
697 1677 795 1734 per
823 1675 940 1730 quae
982 1659 1118 1712 Deus
1147 1656 1262 1709 illos
1287 1653 1354 1707 ad
1386 1651 1541 1721 hujus
1570 1646 1753 1704 mundi
1778 1655 2021 1702 contem-

443 1755 732 1824 plationem
775 1749 1090 1813 induxerat,
1139 1761 1232 1815 per
1273 1742 1458 1798 eadem
1490 1740 1556 1794 ab
1583 1737 1844 1808 ejusmodi
1881 1736 2022 1790 dono

446 1843 677 1912 dejicere
714 1839 1048 1909 satagebant,
1092 1835 1216 1890 dum
1248 1849 1340 1888 eos
1368 1832 1454 1901 qui
1481 1831 1642 1890 vitam
1689 1827 2026 1886 ministrave-

447 1943 600 1999 raut,
647 1931 833 1985 mortis
875 1938 1120 1982 auctores
1162 1925 1584 1988 constituerent,
1634 1920 1908 1976 declarare
1935 1931 2022 1971 vo-

451 2025 643 2089 lentes,
676 2021 804 2076 nihil
832 2035 924 2074 eos
949 2018 1176 2088 amplius
1204 2033 1266 2072 ex
1293 2016 1381 2070 Dei
1411 2014 1644 2069 bonitate
1671 2019 2029 2080 consequutos

438 2129 576 2168 .esse
605 2133 618 2165 :
649 2125 703 2167 ut
730 2113 815 2182 qui
848 2127 949 2163 non
982 2109 1100 2162 aliis
1126 2123 1259 2176 opus
1285 2104 1540 2160 haberent
1568 2099 1994 2156 interfectoribus
2014 2138 2028 2164 ,

457 2221 614 2274 quam
645 2203 966 2272 paremihus.
1005 2201 1127 2254 lla-e
1167 2197 1374 2252 etiamsi
1412 2209 1660 2264 magnum
1691 2192 1902 2262 aliquod
1934 2190 2034 2244 mi-

457 2296 698 2354 raculum
740 2293 1119 2360 subsequatum
1167 2287 1355 2352 fuisset
1404 2286 1494 2356 (ne
1538 2285 1708 2338 dcam
1756 2291 2029 2338 ostensum

461 2388 624 2444 fuisse
645 2424 660 2450 ,
703 2399 814 2436 rem
847 2382 1088 2450 exiguam
1115 2392 1176 2432 ac
1207 2377 1354 2432 nihili
1400 2373 1692 2428 faciendam
1717 2411 1734 2440 ,
1771 2373 2037 2440 multaque

461 2481 672 2550 plenam
703 2474 904 2528 fallacia
955 2471 1145 2541 esse);
1195 2468 1288 2522 sed
1327 2467 1532 2522 etiamsi
1569 2480 1696 2520 vere
1738 2479 1922 2532 magna
1951 2478 2040 2532 pa-

465 2577 600 2625 trata
641 2566 895 2629 fuissent,
925 2579 986 2618 ea
1018 2577 1144 2616 sane
1169 2575 1286 2630 quae
1313 2557 1452 2621 dixi,
1495 2557 1558 2611 iis
1585 2556 1772 2610 saltem
1802 2555 1892 2623 qui
1933 2570 2037 2608 nou

466 2670 646 2718 mente
684 2656 823 2725 capti
867 2665 1020 2720 sunt,
1051 2653 1414 2708 dctnonstrare
1445 2657 1687 2717 posxunt,
1721 2648 1932 2717 quinam
1957 2661 2043 2700 es-

467 2761 586 2806 sent
614 2749 704 2818 qui
733 2747 851 2802 talia
880 2755 1116 2816 agerent,
1145 2757 1300 2813 quam
1331 2740 1595 2810 llagitiosi,
1619 2751 1778 2808 quam
1807 2737 2040 2800 scelesti,

467 2843 554 2910 qui
593 2840 722 2896 nihil
753 2855 856 2892 non
881 2837 1190 2894 molirentur
1215 2833 1281 2890 ad
1311 2840 1542 2887 nostram
1574 2839 1848 2899 statusque
1879 2828 2046 2882 nostri

471 2931 893 2988 snln‘ersiouem.

545 3023 602 3086 ἢ.
628 3021 856 3078 Christus
883 3019 1034 3073 etiam
1063 3016 1341 3072 Gentilibus
1367 3015 1496 3068 bona
1515 3012 1746 3066 contulit.
1765 3039 1832 3050 ——
1849 3010 1918 3063 At
1951 3008 2052 3062 Do-

481 3114 658 3168 minus
685 3121 864 3167 noster
901 3110 1056 3168 Jesns
1099 3107 1244 3170 nihiL
1275 3107 1380 3160 tale
1423 3103 1704 3173 imperavit
1745 3100 1926 3164 nobis;
1959 3099 2052 3153 sed

481 3203 740 3262 mirabilis
767 3217 885 3255 cum
921 3201 987 3254 sit
1014 3199 1082 3252 ob
1113 3196 1386 3267 prodigia,
1430 3208 1530 3248 nec
1573 3192 1750 3246 minus
1777 3189 2056 3260 praceptis

480 3310 637 3367 quam
669 3294 832 3363 signis
855 3290 1224 3352 admirandus,
1267 3288 1385 3357 jure
1411 3286 1478 3340 ab
1505 3283 1750 3340 omnibus
1777 3281 2053 3345 adoretur,

485 3405 546 3444 ac
571 3389 707 3442 Deus
724 3400 841 3440 esse
861 3383 1130 3438 credatur.
1161 3380 1304 3434 llauc
1324 3379 1465 3434 enim
1489 3377 1810 3446 impietatem
1831 3371 2058 3426 adventu

483 3487 599 3554 ipse
627 3499 725 3539 suo
749 3481 940 3536 solvit:
963 3478 1208 3549 quodque
1235 3474 1528 3528 mirabilius
1551 3481 1654 3536 est,
1686 3484 1715 3522 a
1739 3467 1850 3523 fera
1882 3467 1973 3520 illa
2005 3473 2058 3518 et

473 3575 706 3628 immani
755 3569 1036 3643 tyrannide
1081 3582 1183 3621 non
1229 3579 1327 3620 nos
1373 3571 1597 3625 tantum,
1645 3560 1734 3630 qui
1780 3559 2064 3612 adoramus

489 3681 632 3730 eum,
662 3663 753 3718 sed
784 3663 940 3716 etiam
968 3672 1081 3726 eos,
1109 3657 1198 3726 qui
1227 3656 1395 3725 ipsum
1423 3650 1748 3720 blaSphemis
1775 3648 1931 3702 dictis
1957 3647 2060 3699 im-

491 3763 714 3824 petnnt,
763 3751 1006 3807 liberavit
1033 3766 1044 3801 :
1072 3761 1242 3816 neque
1285 3744 1425 3800 enim
1470 3739 1756 3797 Gentilium
1791 3738 2066 3808 quisquam

495 3847 628 3908 eules
657 3843 856 3898 hostias
894 3838 1222 3894 daemonibus
1255 3835 1365 3891 suis
1395 3831 1612 3903 posthac
1643 3829 1919 3885 immolare
1943 3843 2068 3882 coa-

497 3949 614 3992 ctus
659 3944 740 3990 est
765 3952 777 3988 :
803 3941 946 3994 tanta
975 3915 1166 3998 nempe
1197 3941 1321 3981 usus
1363 3935 1444 3981 est
1485 3937 1609 3994 erga
1637 3935 1806 3992 genus
1831 3927 2070 3974 nostrum

501 4028 856 4098 benignitate;
889 4023 1194 4093 majoraque
1227 4020 1360 4074 bona
1398 4018 1534 4072 Deus
1561 4015 1788 4069 inimicis
1815 4012 1926 4067 suis
1947 4027 2074 4066 eon-

500 4122 647 4187 tulit,
680 4134 837 4189 quam
877 4116 1014 4176 mala
1041 4113 1312 4172 diametros
1343 4109 1544 4163 amicis.
1581 4107 1857 4160 Daemones
1883 4101 2077 4172 quippe

501 4227 624 4274 eos,
656 4211 744 4280 qui
783 4223 840 4263 se
879 4207 1114 4266 colerent.
1142 4213 1195 4257 et
1221 4202 1563 4266 honorarent,
1595 4196 1659 4250 ad
1692 4193 1939 4266 proprios
1963 4207 2077 4246 ma-

505 4301 728 4360 ctandos
767 4298 904 4356 filios
941 4301 1258 4364 coegermit;
1305 4289 1549 4346 Christus
1583 4301 1710 4341 vero
1743 4283 2074 4338 adversarios

506 4406 633 4446 suos
655 4389 736 4442 his
759 4386 1034 4458 prireeptis
1059 4384 1253 4438 liberos
1277 4395 1394 4434 esse
1420 4377 1641 4440 curavit,
1669 4384 1723 4434 et
1747 4373 1896 4429 ferini
1918 4373 2073 4426 mini-

479 4537 482 4548 ,
507 4481 653 4542 sterii
683 4476 1062 4534 immunitatem
1083 4515 1096 4537 ,
1129 4480 1182 4527 et
1211 4483 1394 4540 pacem
1439 4469 1578 4524 hanc
1605 4465 1898 4522 mirabilem
1925 4505 1938 4527 ,
1973 4478 2076 4516 non

511 4572 620 4626 suis
647 4568 805 4622 modo
825 4565 1070 4628 contulit,
1091 4563 1183 4618 sed
1207 4571 1258 4616 ct
1279 4560 1463 4613 alienis
1481 4558 1726 4629 praestitit
1754 4574 1766 4610 :
1795 4553 2080 4614 Ostendeus

513 4665 634 4722 illos
672 4673 924 4734 tyrannos
969 4660 1176 4729 generis
1225 4655 1387 4708 nostri
1433 4653 1614 4708 hostes
1651 4659 1705 4708 et
1747 4655 2083 4717 corruptores

513 4770 662 4814 esse:
711 4759 1034 4822 quapropter
1061 4749 1218 4802 etiam
1249 4745 1331 4809 iis,
1365 4744 1449 4812 qui
1481 4741 1579 4796 sibi
1609 4739 1902 4803 hazrebaut,
1933 4751 2084 4806 quasi

515 4845 704 4910 alienis
757 4842 1073 4902 utebantur,
1112 4836 1267 4896 alieni
1309 4835 1501 4904 quippe
1555 4845 1737 4888 revera
1781 4837 1955 4890 erant.
1997 4827 2090 4880 Ille

515 4950 642 4994 vero
683 4950 778 4988 rex
819 4941 1027 4986 creator
1061 4936 1116 4984 et
1157 4937 1393 4982 servator
1423 4923 1582 4976 totius
1625 4920 1832 4990 generis
1875 4917 2090 4976 humani

516 5035 672 5090 erat;
723 5025 946 5092 ideoque
986 5021 1053 5076 ab
1097 5034 1154 5074 se
1183 5019 1367 5078 alienis
1392 5013 1538 5086 quasi
1569 5012 1797 5084 propriis
1839 5010 2091 5079 pepercit.

520 5119 729 5174 Etenim
759 5115 1028 5186 proprium
1059 5113 1173 5182 ejus
1195 5110 1456 5177 Opifieium
1489 5113 1604 5160 erat
1637 5103 1862 5156 humana
1886 5113 2092 5164 natura,

520 5206 965 5278 quemadmodum
997 5202 1283 5272 discipulus
1309 5199 1423 5267 ejus
1452 5197 1559 5250 ait:
1591 5193 1658 5248 In
1688 5179 1892 5264 propria
1933 5192 2058 5243 venit
2081 5229 2095 5252 ,

523 5313 566 5355 et
594 5301 674 5354 sui
702 5316 816 5354 eum
846 5315 946 5352 non
975 5302 1266 5366 receperunt
1294 5291 1470 5364 (Joan.
1509 5291 1554 5342 1.
1587 5286 1694 5356 il).
1725 5285 1848 5353 Ejus
1871 5297 1994 5336 vero
2022 5290 2102 5334 to—

525 5405 630 5447 tam
671 5395 722 5446 iu
765 5405 860 5444 nos
889 5387 1222 5444 clementiam
1273 5395 1524 5442 enarrare
1570 5391 1672 5431 non
1715 5383 1796 5429 est
1825 5371 2103 5443 praesentis

528 5483 819 5552 temporis;
851 5481 942 5535 sed
985 5476 1190 5536 etiamsi
1217 5489 1310 5543 per
1336 5481 1521 5524 cuneta
1553 5465 1741 5520 sarcula
1771 5465 1836 5520 de
1867 5463 1954 5516 illa
1987 5459 2105 5530 quis

529 5579 855 5643 loqueretur,
876 5569 1080 5624 etiamsi
1105 5577 1302 5620 tantam
1329 5563 1540 5614 haberet
1570 5557 1838 5620 virtutem,
1856 5561 2102 5622 quantam

533 5681 625 5730 par
651 5673 729 5717 cst
761 5663 1099 5729 incorporeas
1139 5657 1252 5709 illas
1281 5653 1476 5705 habere
1507 5649 1725 5701 virtutes
1748 5687 1760 5706 ,
1795 5659 1860 5697 ne
1891 5644 1964 5696 sic
1995 5643 2110 5709 qui:

529 5755 652 5814 dem
681 5755 821 5810 illam
847 5767 939 5823 pro
965 5751 1216 5822 dignitate
1242 5753 1420 5818 posset
1442 5743 1696 5810 attingere
1735 5739 1899 5806 Quam
1933 5735 2102 5790 bones

1107 281 1164 338 8.
1203 277 1479 337 JOANNIS
1513 275 1985 334 CIIRYSOSTOM!
2021 274 2336 332 ARCIIIEI‘.
2379 275 2908 333 CONSTANTINOP.

3567 279 3674 336 556

2099 388 2238 442 enim
2272 387 2369 450 sit,
2401 387 2511 456 ipse
2545 389 2688 440 solus
2729 390 2872 442 norit
2892 430 2904 450 .
2935 388 3358 458 quandoquidem
3389 390 3502 460 ipse
3529 394 3678 446 solus

2099 477 2168 530 ita
2201 478 2368 531 bonus
2399 487 2499 532 est.
2534 478 2663 532 Vide
2709 479 2866 548 igitur
2903 496 3020 550 qua:
3059 481 3217 534 verba
3249 481 3523 548 discipulis
3555 501 3678 549 pro-

2099 569 2233 624 ferat
2263 591 2275 626 :
2308 572 2486 635 Amen,
2511 587 2656 625 amen
2677 573 2787 626 dico
2815 571 2969 638 vobis,
2996 573 3082 642 qui
3101 572 3258 624 credit
3287 572 3338 626 in
3367 591 3466 636 me,
3497 591 3674 642 opera,

2100 681 2211 734 qua:
2229 681 2318 734 ego
2347 665 2498 732 facio,
2523 674 2566 718 et
2589 666 2696 734 ipse
2723 666 2894 734 faciet,
2926 676 2972 718 et
3001 665 3076 718 his
3107 666 3300 735 majora
3326 667 3476 736 faciet
3499 665 3678 736 (Joan.

2105 757 2190 810 11.
2223 753 2335 824 12).
2362 753 2542 824 Neque
2567 757 2707 810 enim
2741 765 2940 809 tantum
2973 756 3074 810 illis
3101 754 3317 810 honoris
3344 757 3680 822 contulisset,

2105 847 2205 901 uisi
2245 847 2500 901 immema
2547 846 2783 900 bonitate
2823 846 3070 914 praeditus
3103 857 3266 900 esset.
3295 846 3444 912 Quod
3481 846 3525 900 si
3567 848 3686 912 quis

2108 935 2396 989 dubitando
2421 945 2624 1006 quaarat
2648 949 2678 988 a
2699 933 2871 999 nobis,
2893 935 3104 988 ubinam
3137 935 3292 988 finem
3317 935 3556 990 habuerat
3586 937 3690 988 hoe

2109 1027 2413 1092 oraculum,
2443 1034 2660 1095 accepto
2689 1025 2856 1092 libro,
2895 1025 2980 1078 cui
3022 1041 3214 1080 nomen
3247 1027 3373 1080 Acta
3416 1027 3690 1096 apostolo-

2113 1134 2226 1171 rum
2248 1158 2264 1185 ,
2291 1119 2380 1188 qui
2411 1133 2514 1172 non
2559 1117 2794 1172 omnium
2817 1157 2833 1184 ,
2864 1117 2958 1171 sed
2985 1117 3141 1170 unius
3167 1116 3249 1172 vel
3277 1117 3503 1172 duorum
3531 1128 3646 1172 acta
3672 1159 3690 1182 ,

2113 1225 2281 1278 eaque
2311 1224 2414 1263 non
2448 1209 2520 1263 ita
2551 1209 2715 1262 multa
2743 1210 2980 1262 continet
3003 1249 3018 1270 ,
3051 1207 3249 1261 videbit
3273 1217 3500 1277 aagrotos
3527 1209 3578 1261 in
3613 1209 3690 1261 le-

2115 1299 2269 1352 ctulis
2293 1297 2692 1364 decumbentes,
2723 1297 3044 1370 umbraSque
3071 1295 3344 1351 beatorum
3375 1296 3584 1350 illorum
3610 1298 3696 1352 vel

2117 1390 2234 1444 solo
2279 1397 2418 1442 tactu
2466 1387 2745 1442 sanitatem
2773 1386 3101 1450 restituisse;
3131 1385 3428 1458 multosque
3467 1386 3696 1442 furiosos

2121 1480 2266 1534 Pauli
2293 1487 2492 1533 tantum
2517 1479 2846 1534 vestimentis
2865 1479 2931 1532 ab
2957 1479 3188 1548 agitante
3219 1493 3277 1532 se
3302 1478 3542 1532 dic-mone
3567 1479 3696 1532 lihe-

2121 1584 2286 1628 ratos.
2311 1571 2460 1638 Quod
2493 1572 2538 1626 si
2565 1572 2682 1640 quis
2709 1571 2821 1624 haec
2847 1569 3018 1623 fucum
3045 1585 3162 1624 esse
3190 1569 3323 1624 dicat
3353 1582 3406 1624 et
3433 1579 3704 1639 portento-

2124 1678 2242 1717 rum
2273 1662 2522 1732 figmenta
2552 1676 2657 1714 non
2685 1659 2978 1724 credibilia,
3012 1659 3094 1712 vel
3119 1673 3179 1712 ea
3207 1675 3324 1729 quae
3347 1673 3487 1718 nuiic
3517 1659 3704 1714 viden-

2129 1763 2215 1808 tur
2243 1753 2372 1807 satis
2397 1760 2521 1806 sunt
2549 1751 2614 1804 ad
2641 1750 3010 1819 blasphemum
3037 1748 3152 1820 ejus
3178 1765 3240 1804 os
3269 1749 3620 1804 obturandum
3651 1760 3706 1804 et

2128 1843 2575 1908 confundendum,
2603 1852 2656 1897 et
2680 1841 2746 1896 ad
2772 1841 3024 1896 etfrenem
3051 1842 3164 1910 ejus
3195 1842 3422 1912 linguam
3453 1843 3708 1897 eohibcn-

2130 1933 2276 1990 dam.
2305 1934 2452 1988 Nulla
2480 1933 2619 1990 enim
2642 1933 2694 1987 in
2717 1931 2845 1987 orbe
2873 1942 3054 1986 nostro
3083 1941 3163 1986 est
3192 1933 3356 2000 regio,
3391 1933 3531 1986 nulla
3551 1947 3708 2002 gens,

2133 2027 2275 2081 nulla
2303 2027 2463 2092 urbs,
2509 2025 2596 2080 ubi
2636 2025 2749 2078 haec
2777 2024 3030 2078 miraciua
3061 2038 3163 2080 non
3191 2023 3522 2078 celebrentur
3551 2041 3562 2076 :
3592 2041 3712 2093 quae

2135 2119 2313 2187 utique
2349 2116 2394 2170 si
2425 2116 2670 2186 figmenta
2695 2123 2906 2179 essent,
2937 2129 3046 2168 non.
3083 2113 3430 2187 admirationi
3455 2113 3716 2166 haberen-

2139 2215 2241 2263 tur.
2270 2207 2432 2277 Cujus
2469 2185 2554 2262 rei
2598 2205 2956 2260 testimonium
2987 2219 3080 2258 vos
3125 2204 3223 2272 ipsi
3247 2185 3520 2257 exhibere
3559 2211 3714 2270 pote-

2138 2300 2272 2354 stis:
2305 2313 2412 2352 non
2440 2297 2582 2354 enim
2615 2295 2770 2352 fidem
2810 2293 3022 2349 aliunde
3051 2293 3280 2347 tuutuari
3318 2307 3452 2360 opus
3492 2292 3716 2345 habebi-

2141 2407 2260 2446 mus
2281 2431 2296 2456 ,
2327 2405 2446 2445 cum
2475 2403 2571 2443 vos
2615 2386 2808 2442 inimici
2838 2386 3002 2440 nostri
3032 2401 3150 2440 eam
3181 2383 3544 2438 cxhibueritis.
3573 2383 3715 2446 Cur,

2142 2495 2324 2552 qumso
2347 2523 2361 2548 ,
2393 2481 2730 2536 Zoroastrem
2785 2477 2862 2552 (η)
2891 2479 3036 2534 illum
3065 2488 3118 2531 et
3145 2476 3414 2529 Zaniolxin
3455 2475 3603 2529 multi
3651 2493 3722 2529 ne

2145 2575 2360 2629 nomine
2387 2573 2599 2644 quidem
2629 2579 2860 2636 norunt,
2895 2571 3000 2625 imo
3031 2570 3236 2624 nonnisi
3267 2568 3547 2622 admodum
3570 2571 3728 2636 pauci

2148 2668 2380 2724 norunt?
2406 2682 2580 2722 nonne
2617 2665 2736 2736 quia
2781 2663 3034 2734 figiuenta.
3069 2673 3220 2716 erant
3265 2661 3439 2716 omnia
3460 2702 3472 2720 ,
3505 2677 3624 2729 qua:
3655 2661 3726 2714 de

2150 2759 2254 2814 illis
2282 2759 2636 2815 dicebantur?
2665 2757 2993 2826 Quamquam
3023 2765 3130 2808 tum
3173 2753 3242 2807 illi
3261 2795 3273 2816 ,
3303 2761 3412 2808 tum
3445 2753 3480 2806 ii
3507 2752 3594 2822 qui
3637 2753 3726 2807 illa

2151 2852 2540 2916 confinxerunt,
2573 2849 2670 2903 viri
2701 2863 2888 2918 graves
2913 2845 3076 2900 fuisse
3113 2843 3382 2908 ferantur;
3413 2843 3484 2896 illi
3511 2841 3728 2912 quidem
3795 2879 3798 2884 ι

2152 2945 2219 3000 ad
2251 2944 2541 3016 praestigias
2569 2940 2914 2996 inveniendus
2944 2937 3410 3016 exercendasquea
3437 2935 3494 2990 hi
3513 2949 3642 2989 vero
3661 2934 3730 2987 ad

2155 3037 2486 3093 mendacium
2528 3035 2810 3090 verborum
2851 3033 2968 3088 fuco
3011 3003 3452 3085 adumbrauduin.
3481 3027 3585 3082 Sed
3617 3025 3731 3080 haec

2157 3131 2349 3184 frustra
2379 3137 2432 3184 et
2475 3129 2738 3183 incassum
2795 3124 3135 3196 proferuntur
3163 3163 3178 3187 ,
3207 3120 3418 3190 quando
3447 3120 3618 3187 ipsum
3646 3134 3734 3172 are

2158 3231 2465 3293 gementum
2498 3235 2716 3291 pravum
2737 3227 2790 3272 et
2812 3217 2966 3270 l'allax
2991 3229 3110 3270 esse
3134 3215 3488 3280 comperitur;
3522 3219 3580 3266 ut
3599 3225 3732 3262 eon-

2164 3325 2243 3370 tra
2274 3313 2484 3384 quando
2531 3320 2732 3367 certum
2765 3321 3052 3376 verumque
3073 3313 3158 3360 est
3178 3344 3193 3369 ,
3223 3303 3412 3356 frustra
3439 3301 3616 3354 omnia
3649 3313 3738 3352 ce-

2165 3407 2322 3470 dunt,
2352 3421 2469 3474 quae
2501 3403 2566 3457 ad
2615 3401 2745 3456 illud
2795 3398 3137 3454 evertendam
3168 3395 3234 3450 ab
3277 3393 3503 3448 inimicis
3528 3391 3740 3459 excogi-e
3773 3383 3782 3396 '

2167 3505 2342 3560 tantm
2369 3511 2382 3547 ε
2413 3492 2648 3550 veritatis
2673 3491 2868 3560 quippe
2891 3488 3050 3542 robur
3072 3485 3219 3540 nullo
3243 3493 3362 3550 eget.
3383 3481 3612 3545 auxilio;
3645 3479 3742 3532 sed

2167 3588 2373 3645 etiamsi
2399 3584 2660 3646 innumeri
2685 3584 2790 3637 sint
2818 3581 2908 3651 qui
2934 3579 3074 3633 illam
3099 3578 3434 3644 exstinguere
3457 3580 3738 3635 conemur,

2169 3698 2275 3738 non
2303 3680 2474 3734 solum
2505 3695 2608 3732 non
2639 3675 2927 3734 destruitur
2948 3714 2962 3738 ,
3005 3670 3095 3726 sed
3125 3669 3282 3724 etiam
3325 3663 3746 3746 impugnantium

2171 3790 2330 3847 Opera
2351 3772 2676 3844 splendidior
2694 3767 3074 3835 sublimiorque
3091 3762 3283 3826 evadit,
3305 3761 3525 3830 illosque
3541 3755 3744 3816 irridet,

2173 3868 2262 3938 qui
2295 3865 2488 3921 frustra
2518 3877 2634 3917 sese
2661 3859 2966 3920 excruciant
2986 3864 3040 3910 et
3067 3853 3351 3914 insaniunt.

2248 3955 2321 4010 Re
2361 3971 2465 4019 um,
2500 3949 2934 4022 philosOphorum,
2957 3949 3211 4000 rhetorum
3239 3950 3412 3996 contra
3441 3935 3752 3992 Christianos

2177 4055 2382 4100 conatus
2410 4044 2541 4097 vani.
2572 4071 2642 4081 -—
2669 4039 2856 4096 Nostra
2880 4037 3072 4110 quippe
3101 4035 3184 4088 illa
3205 4073 3224 4099 ,
3248 4047 3363 4100 qua:
3387 4043 3482 4082 vos
3507 4029 3753 4095 figmenta

2180 4151 2296 4191 esse
2321 4133 2519 4198 dicitis,
2551 4141 2604 4186 et
2632 4129 2836 4201 tyranni
2865 4138 2919 4182 et
2951 4140 3099 4195 reges
3123 4134 3176 4178 et
3205 4118 3428 4176 dicendo
3454 4117 3632 4174 invicti
3661 4131 3754 4168 so.

2184 4227 2406 4298 phistae;
2439 4224 2671 4292 itemque
2697 4216 2996 4289 philomphi
3023 4225 3076 4270 et
3103 4211 3507 4283 pra‘stigiatores
3531 4215 3590 4261 et
3617 4205 3756 4272 magi

2185 4331 2238 4377 et
2266 4321 2534 4373 daunones
2567 4313 2838 4368 destruere
2867 4317 3151 4372 curarum;
3181 4304 3242 4356 Et
3265 4303 3518 4368 inﬁrmata
3543 4307 3613 4352 est
3638 4313 3756 4352 cana

2189 4424 2265 4468 ira
2296 4411 2409 4464 illos
2440 4409 2613 4479 lingua
2637 4420 2808 4460 eorum
2833 4403 2852 4471 (
2881 4401 3026 4456 Paul.
3059 4399 3144 4452 65.
3177 4396 3252 4464 9),
3303 4391 3592 4448 secundum
3635 4403 3764 4458 pro-

2190 4505 2457 4577 pheticum
2507 4511 2847 4559 sermonem,
2893 4501 2946 4546 et
2994 4491 3205 4558 Sagitltc
3251 4483 3573 4555 parvulorum
3615 4481 3765 4548 [actm

2189 4569 2305 4650 sunt
2339 4593 2502 4664 plaga:
2531 4604 2702 4645 eorum
2728 4583 2886 4657 (Ibid.
2915 4597 2961 4635 υ.
2997 4579 3070 4650 8).
3101 4579 3268 4646 lit-ges
3299 4573 3490 4644 quippe
3529 4585 3592 4623 ex
3633 4569 3766 4620 insi-

2192 4689 2292 4743 diis
2318 4693 2500 4740 contra
2533 4695 2628 4735 nos
2655 4676 2868 4732 structis
2898 4681 3097 4726 tantum
3127 4667 3312 4722 lucrati
3343 4671 3488 4728 sunt,
3511 4671 3766 4729 quantum

2195 4781 2321 4834 satis
2348 4783 2462 4831 erat
2485 4771 2550 4827 ad
2579 4769 2731 4826 ferini
2759 4765 2920 4821 animi
2951 4764 3142 4818 famam
3171 4757 3308 4827 apud
3336 4769 3523 4810 omnes
3549 4751 3648 4804 sibi
3677 4764 3770 4818 pa-

2197 4870 2412 4926 randam
2445 4883 2459 4920 :
2491 4864 2560 4916 ob
2586 4863 2719 4920 iram
2757 4857 2895 4913 enim
2923 4863 3105 4909 contra
3137 4858 3397 4917 martyres
3440 4849 3735 4909 susceptam
3755 4879 3774 4902 ,_

2199 4964 2248 5016 in
2273 4971 2606 5014 communem
2639 4961 2876 5007 naturam
2910 4943 3240 5002 ferocientes,
3267 4951 3385 4990 sese
3413 4932 3775 5000 imprudentes

2199 5049 2463 5110 sexcentis
2505 5041 2806 5116 opprobriis
2844 5034 3102 5092 obnoxios
3145 5025 3504 5083 reddiderunt.
3533 5020 3776 5075 Philoso-

2205 5145 2288 5216 phi
2323 5149 2496 5194 autem
2523 5145 2577 5190 et
2605 5131 2743 5188 acuti
2783 5128 3023 5184 rhetores
3053 5121 3354 5190 opinionem
3383 5127 3660 5183 magnam,
3687 5109 3778 5161 alii

2153 5279 2156 5282 .
2207 5207 2502 5304 probitatis,
2525 5226 2612 5280 alii
2637 5218 2952 5292 eloquentia:
2977 5213 3116 5284 apud
3146 5211 3336 5264 multos
3361 5207 3632 5266 habentes,
3659 5208 3780 5292 post

2207 5325 2542 5379 commissam
2574 5318 2853 5371 adversum
2885 5321 2982 5363 nos
3010 5319 3235 5376 pugnam
3280 5295 3481 5353 ridiculi
3509 5287 3722 5353 effceli',
3758 5305 3788 5340 :.

2213 5418 2390 5496 pueris
2431 5411 2720 5484 nugacibus
2761 5401 2892 5470 nihil
2913 5398 3124 5454 differre
3143 5392 3239 5446 visi
3278 5397 3422 5445 sunt.
3450 5389 3490 5439 Α
3521 5391 3598 5437 tot
3639 5379 3784 5434 enim

2277 5552 2347 5612 (ιι)
2375 5555 2621 5597 Zoroaster
2641 5543 2837 5603 magica:
2862 5537 2978 5585 artis
2996 5535 3236 5584 inventor,
3257 5525 3338 5586 qui
3359 5523 3462 5570 risit
3484 5533 3546 5566 eo
3567 5518 3668 5576 ipso
3683 5513 3786 5566 die,

2663 5605 2704 5612 ··
2875 5601 2882 5608 ·
2940 5611 2961 5612 η
2996 5596 3005 5612 ι
3059 5593 3118 5612 πη
3173 5605 3196 5612 -.
3259 5589 3274 5612 ι
3327 5583 3482 5612 ruent.
3523 5580 3779 5612 dnl'rSFlta-

2299 5580 2324 5600 ιι
2376 5580 2612 5597 unusnon,-
2643 5580 2716 5592 ιι...
2755 5580 2836 5589 ...πη
2863 5580 2976 5585 ..-μη
3227 5580 3234 5584 ν
3279 5580 3289 5586 _

2213 5580 2309 5678 qui)
2333 5580 2472 5668 initus
2507 5615 2597 5658 est.
2625 5617 2646 5650 \
2663 5580 2746 5678 id;
2773 5601 2970 5678 Plinium
3050 5593 3242 5678 ζ5οὠ¹

2216 5637 2309 5678 Ιμιυ
2335 5637 2472 5668 "aut;
2507 5637 2597 5658 una.
2633 5637 2646 5650 ν
2664 5637 2740 5654 suc.
2775 5637 2784 5650 ι
2807 5637 2970 5653 ...η-...η
2995 5637 3026 5643 --
3050 5637 3133 5665 1.--.
3437 5649 3442 5654 ι
3465 5658 3470 5664 Ψ
3503 5643 3512 5652 .
3781 5637 3788 5646 '

2216 5685 2306 5725 rat.
2345 5682 2516 5730 Hang.
2543 5677 2592 5717 et
2616 5667 2818 5730 Sintiam.
2858 5657 3089 5730 {annonis
3107 5637 3678 5730 Pgtliagot'ﬁeJdtantalus,
3703 5647 3800 5695 qua

2223 5703 2306 5802 {Ti-23
2331 5703 2526 5785 5.15.133.)
2543 5703 3064 5779 a‘tmise'i‘e'e'inniu.
3089 5703 3176 5766 ea.
3203 5703 3422 5760 ιιςι-υιιυι.
3453 5704 3535 5752 ω..
3563 5703 3611 5750 4.
