4044 6206
154 367 360 433 παῖδας
383 369 506 423 ἀντὶ
541 369 831 440 προϐάτων
865 372 958 424 καὶ
1002 371 1138 441 βοῶν
1170 374 1249 436 εἰς
1286 374 1412 436 τοὺς
1457 370 1638 424 αὐτῶν
1669 386 1840 422 κατα-

158 458 502 527 σφάττεσθαι
525 458 763 528 βωμοὺς,
787 459 1086 530 ἐπενόησαν
1110 461 1267 530 ξένην
1287 460 1636 532 ἀνδροφονίας
1661 477 1839 530 παρα-

157 548 379 616 νομίαν,
413 547 508 598 καὶ
545 547 858 616 καινότερον
890 551 1177 620 συμφορᾶς
1223 550 1590 618 ἐπεισήγαγον
1616 548 1832 618 τρόπον.

159 635 272 697 Οὓς
317 634 430 704 γὰρ
482 633 589 686 ἔδει
629 634 845 688 πενθεῖν
900 635 998 698 τάς
1032 637 1141 688 τῶν
1196 637 1555 707 ἀνῃρημένων
1601 635 1836 704 σφαγὰς,

161 721 392 785 τούτους
419 721 648 775 ἔπεισαν
676 724 757 784 εἰς
789 721 889 792 τὴν
923 722 1112 775 ἀθλίαν
1135 724 1349 793 ἐκείνην
1378 722 1688 793 μιαιφονίαν
1715 740 1832 792 προ-

166 826 323 877 άγειν
357 809 576 873 αύτούς.
599 811 710 863 Καὶ
737 811 824 863 ἵνα
852 811 927 880 μὴ
955 811 1116 880 μόνον
1143 813 1189 864 οἰ
1217 811 1366 882 παρά
1395 812 1503 865 τῶν
1537 809 1840 880 ἀνθρώπων
1865 795 1867 804 Ι

166 897 417 960 τεθέντες
456 897 830 967 ἀτιμάζωνται
860 899 1034 969 νόμοι,
1079 899 1329 961 καὶτοὺς
1365 899 1466 968 τῆς
1503 897 1716 966 φύσεως
1745 896 1850 947 αὑ·-

165 985 293 1048 τοὺς
321 984 560 1054 θεσμοὺς
587 987 651 1036 ἐκ
679 985 894 1056 βάθρων
923 987 1257 1049 ἀνέσπασαν,
1287 987 1456 1055 αὐτὴν
1493 986 1611 1039 καθ’
1640 979 1867 1054 ἑαυτῆς

167 1071 443 1141 ἐκϐακχεύ
455 1088 662 1136 σαντες,
686 1073 780 1124 καὶ
804 1072 894 1124 τὸν
922 1073 1176 1126 ἁπάντων
1203 1073 1553 1143 ἐναγέστερον
1583 1072 1739 1141 φόνον
1763 1073 1841 1133 εἰς

168 1163 256 1215 τον
280 1162 394 1214 τῶν
416 1161 720 1234 ἀνθρώπων
742 1163 1053 1232 εἰσάγοντες
1075 1164 1207 1234 βίον.
1227 1164 1462 1228 Ούδένας
1484 1164 1591 1235 γὰρ
1615 1163 1842 1235 ἐχθροὺς

168 1248 309 1300 οὕτω
343 1251 550 1315 λοιπὸν,
580 1251 656 1314 ὡς
687 1253 814 1314 τοὺς
850 1252 1246 1323 γεγεννηκότας
1277 1252 1513 1316 ἀπαντες
1551 1252 1762 1305 ἔδεισαν
1789 1265 1838 1317 ο,

170 1339 261 1390 καὶ
279 1335 365 1401 οἷς
395 1339 565 1407 ἐχρῆν
596 1338 830 1408 μάλιστα
859 1339 1074 1392 πάντων
1097 1339 1576 1411 θαῤῥεῖν,τούτους
1611 1340 1841 1410 μάλιστα

171 1427 390 1480 πάντων
412 1426 482 1478 δι’
512 1425 745 1495 ὑποψίας
764 1421 906 1495 εἶχον
935 1427 1030 1480 καὶ
1055 1427 1476 1496 ἀπεστρέφοντο.
1496 1430 1558 1480 Οἱ
1579 1429 1685 1500 γὰρ
1711 1427 1841 1480 ἀλά-

173 1531 363 1584 στορες
410 1515 631 1576 ἐκεῖνοι,
668 1513 734 1566 δι’
766 1507 840 1566 ὧν
884 1517 912 1566 ό
944 1513 1077 1577 Θεὸς
1116 1515 1310 1578 αὐτοὺς
1348 1516 1440 1568 ἐπὶ
1469 1514 1564 1585 τὴν
1610 1515 1842 1585 θεωρίαν

170 1602 321 1654 τοῦδε
349 1601 444 1654 τοῦ
475 1602 680 1671 κόσμου
722 1603 1032 1672 παρήγαγε,
1063 1603 1149 1655 διά
1181 1603 1384 1656 τούτων
1412 1604 1609 1667 αὐτοὺς
1641 1603 1842 1673 ταύτης

171 1689 423 1745 ἐκϐαλεῖν
463 1688 874 1760 ἐφιλονείκησαν
906 1691 1004 1758 τῆς
1053 1690 1281 1761 δωρεᾶς,
1313 1692 1438 1754 τοὺς
1481 1691 1617 1762 πρὸς
1638 1691 1698 1743 τὸ
1742 1689 1842 1760 ζῇν

173 1776 720 1847 ὑπηρετησαμένους,
759 1775 984 1839 τούτους
1037 1778 1132 1830 καὶ
1180 1777 1274 1830 τοῦ
1303 1776 1532 1830 θανάτου
1575 1779 1844 1846 καταστή-

175 1881 364 1925 σαντες
403 1864 631 1928 αἰτίους,
681 1864 870 1932 ὦσπερ
900 1864 1162 1930 ἐπιδεῖξαι
1196 1864 1527 1936 βουλόμενοι,
1561 1867 1644 1918 ὅτι
1684 1864 1843 1917 πλέον

173 1950 322 2005 οὐδὲν
356 1951 540 2014 αὐτοῖς
574 1950 796 2018 γέγονεν
842 1952 906 2003 ἐκ
949 1951 1046 2021 τῆς
1076 1951 1414 2021 ἀγαθότητος
1442 1951 1536 2004 τοῦ
1570 1951 1735 2004 Θεοῦ·
1781 1951 1843 2004 ού

174 2039 280 2107 γάρ
314 2039 520 2109 ἐτέρων
551 2039 830 2108 δεήσονται
863 2039 1112 2107 σφαγέων
1131 2040 1182 2104 b,
1212 2039 1350 2092 ἀλλά
1381 2039 1487 2091 τῶν
1519 2039 1844 2109 φυσαμένων

177 2127 374 2184 αὐτῶν.
400 2126 586 2179 Ταῦτα
617 2129 665 2178 εί
713 2127 806 2179 καὶ
853 2127 1036 2196 θαῦμά
1073 2145 1124 2179 τι
1176 2127 1652 2199 παρηκολούθησεν
1682 2127 1842 2196 μέγα,

178 2216 248 2284 μή
273 2217 356 2268 δτι
387 2212 442 2266 εἰ
472 2232 571 2267 που
605 2232 657 2266 τι
689 2215 782 2266 καὶ
816 2215 1028 2284 ἐδείχθη
1067 2217 1259 2284 μικρὸν
1302 2216 1396 2268 καὶ
1442 2215 1653 2278 οὐδενὸς
1698 2214 1845 2280 ἀξιον

173 2299 355 2366 λόγου,
388 2301 485 2352 καὶ
514 2300 716 2369 πολλῆς
743 2301 803 2367 γέ
815 2317 912 2370 μον
935 2303 1150 2372 ἀπάτης
1182 2298 1268 2372 ἦν,
1300 2302 1416 2354 ἀλλ’
1446 2303 1494 2354 εἰ
1519 2302 1612 2354 καὶ
1638 2301 1845 2370 μεγάλα

173 2383 237 2459 ἦν
263 2389 334 2440 τά
362 2389 624 2459 γινόμενα
653 2389 847 2454 ταῦτα,
881 2389 1024 2460 άπερ
1046 2385 1347 2456 εἰπον,τοῖς
1377 2391 1450 2462 μὴ
1483 2390 1603 2443 λίαν
1628 2389 1846 2459 ἐξεστη-

175 2477 326 2530 κόσιν
380 2478 542 2530 ἰκανά
587 2476 780 2540 δεῖξαι,
819 2477 959 2540 τίνες
995 2474 1136 2548 ἦσαν
1171 2481 1220 2530 οἱ
1274 2479 1368 2531 καὶ
1397 2481 1578 2531 ἐκεῖνα
1616 2477 1843 2549 ἐργαζό-

177 2583 348 2632 μενοι,
389 2565 508 2628 πῶς
536 2564 686 2636 [558]
723 2567 908 2636 μιαροὶ
943 2566 1035 2618 καὶ
1073 2566 1404 2637 παμμίαροι,
1433 2566 1526 2618 καὶ
1557 2566 1733 2618 πάντα
1759 2566 1844 2617 ἐπ’

177 2650 459 2722 ἀνατροπῇ
489 2663 511 2690 ε
547 2653 640 2705 καὶ
665 2651 764 2721 τῆς
795 2651 942 2722 ζωῆς
972 2653 1064 2705 καὶ
1095 2653 1191 2722 τῆς
1224 2653 1606 2715 καταστάσεως
1633 2651 1848 2706 τεκταί-

173 2756 359 2801 νοντες
387 2741 487 2808 τῆς
521 2739 817 2808 ἡμετέρας.
1637 2726 1642 2730 ’

241 2827 312 2896 β’.
347 2827 490 2879 Ἀλλ’
516 2828 614 2896 οὐχ
646 2829 673 2880 ό
691 2827 891 2898 Κύριος
920 2827 1077 2897 ήμῶν
1107 2826 1310 2898 Ἰησοῦς
1325 2826 1564 2880 τοιοῦτον
1581 2826 1732 2879 οὐδὲν
1750 2829 1847 2880 ἐπ·-

173 2915 363 2980 ἐταξεν
392 2914 701 2985 ἡμῖν,ἀλλά
725 2915 1036 2986 θαυμαστὸς
1057 2914 1132 2967 ῶν
1158 2915 1244 2967 διὰ
1275 2915 1342 2968 τὰ
1371 2915 1647 2984 τεράστια,
1665 2914 1751 2968 διὰ
1781 2913 1850 2968 τά

175 3005 578 3074 προστάγματα
609 3004 716 3056 τῶν
749 3003 1043 3073 θαυμάτων
1085 3004 1182 3073 οὐχ
1218 2999 1401 3075 ἦττον,
1442 3003 1595 3074 παρὰ
1630 3003 1849 3056 πάντων

175 3093 240 3153 ἇν
280 3095 641 3162 προσκυνοῖτο
675 3092 899 3155 δικαίως
938 3093 1030 3145 καὶ
1063 3091 1372 3144 πιστεύοιτο
1398 3087 1534 3144 εἶναι
1559 3091 1711 3154 Θεός.
1738 3092 1850 3161 Τὴν

175 3181 281 3250 γὰρ
305 3179 657 3249 παρανομίαν
675 3179 878 3248 ταύτην
907 3179 1068 3242 αὐτὸς
1097 3177 1264 3232 ἐλθὼν
1291 3178 1474 3232 ἔλυσε·
1509 3179 1604 3231 καὶ
1634 3179 1695 3231 τὸ
1721 3178 1842 3231 θαυ-

177 3265 535 3336 μαστότερον,
568 3266 648 3318 ὅτι
675 3265 776 3334 τῆς
810 3265 1006 3334 ἀγρίας
1038 3267 1130 3318 καὶ
1155 3265 1398 3335 ἀπηνοῦς
1429 3265 1759 3336 τυραννίδος,
1787 3266 1846 3318 ού

176 3359 299 3416 τοὺς
338 3352 780 3423 προσκυνοῦντας
820 3355 978 3406 αὐτὸν
1014 3353 1172 3423 μόνον
1217 3355 1398 3422 ἡμᾶς,
1431 3353 1569 3406 ἀλλά
1601 3354 1695 3406 καὶ
1725 3354 1852 3416 τοὺς

179 3439 640 3510 βλασφημοῦντας
692 3440 852 3494 αὐτὸν
896 3440 1136 3502 ἐκείνους
1187 3433 1526 3510 ἀπήλλαξεν·
1578 3441 1700 3493 οὐδὲ
1743 3440 1851 3510 γὰρ

188 3528 458 3599 Ἑλλήνων
497 3546 580 3591 τις
617 3529 697 3581 ἐτι
741 3527 992 3591 τοιαύτας
1027 3528 1218 3590 θυσίας
1257 3531 1368 3592 τοῖς
1402 3528 1592 3582 ἑαυτοῦ
1633 3528 1851 3598 δαίμοσι

182 3620 482 3686 πῳσάγειν
526 3619 888 3686 ἠνάγκασται.
917 3617 1168 3687 Τοσαύτη
1197 3615 1333 3686 πρὸς
1376 3615 1437 3667 τὸ
1473 3616 1739 3686 ἡμέτερον
1765 3615 1852 3669 ἀεὶ

179 3707 563 3776 φιλανθρωπία
604 3706 866 3776 κέχρηται
902 3705 1077 3773 γένος,
1122 3705 1213 3757 καὶ
1246 3697 1321 3756 ὧν
1356 3705 1404 3756 οἱ
1447 3704 1699 3773 δαίμονες
1726 3705 1853 3767 τοὺς

183 3794 387 3852 ἑαυτῶν
418 3794 606 3861 φίλους
641 3793 968 3863 εἰργάσαντο
1001 3792 1206 3853 κακῶν,
1243 3791 1462 3861 μείζονα
1499 3793 1528 3844 6
1567 3790 1700 3854 Θεὸς
1728 3791 1852 3854 τοὺς

189 3881 412 3950 ἐχθροὺς
446 3880 473 3919 ά
508 3881 762 3950 ἐποίησεν
802 3880 1003 3948 ἀγαθά.
1035 3881 1098 3932 Οἱ
1147 3879 1245 3946 μὲν
1283 3879 1390 3949 γάρ
1433 3878 1684 3947 δαίμονες
1727 3879 1852 3941 τοὺς

189 3969 590 4039 θεραπεύοντας
627 3970 822 4033 αὐτοὺς
843 3969 936 4023 καὶ
972 3969 1261 4040 τιμῶντας,
1285 3969 1392 4022 τῶν
1411 3968 1626 4021 οἰκείων
1649 3967 1853 4021 παίδων

187 4058 440 4123 γενέσθαι
479 4059 724 4127 σφαγέας
757 4059 1104 4127 ἠνάγκασαν·
1131 4057 1250 4120 οδε
1288 4055 1524 4127 Χριστὸς
1561 4058 1687 4117 τοὺς
1715 4056 1854 4107 ἀπο-

186 4146 584 4216 στρεφομένους
604 4146 765 4200 αὐτὸν
787 4146 990 4199 τούτων
1014 4146 1120 4198 τῶν
1148 4144 1534 4213 ἐπιταγμάτων
1557 4141 1853 4213 ἀπήλλαξε,

187 4234 277 4284 καὶ
311 4235 413 4303 τῆς
459 4233 755 4304 θηριώδους
786 4233 1125 4303 λειτουργίας
1173 4233 1269 4301 τήν
1312 4231 1582 4293 ἀτέλειαν,
1618 4231 1712 4283 κα)⁸
1755 4230 1854 4301 τὴν

187 4320 504 4392 θαυμαστὴν
531 4321 735 4390 ταύτην
764 4322 1005 4391 εἰρήνην,
1028 4321 1126 4376 οὐκ
1156 4322 1234 4382 εἰς
1259 4321 1382 4382 τοὺς
1402 4320 1635 4383 οἰκείους
1661 4320 1855 4388 μόνους

190 4410 548 4472 συνέκλεισεν,
580 4409 716 4462 ἀλλά
755 4409 848 4462 καὶ
881 4410 960 4471 είς
990 4411 1114 4471 τοὺς
1137 4409 1447 4479 ἀλλοτρίους
1470 4407 1724 4478 ἐξήγαγε,
1751 4407 1856 4460 δει-

190 4501 315 4561 κνὺς
341 4500 422 4550 ὅτι
450 4500 645 4550 ἐκεῖνοι
671 4498 766 4566 μὲν
788 4497 1039 4566 τύραννοί
1068 4513 1213 4558 τινες
1254 4495 1462 4548 καὶτοῦ
1486 4496 1678 4563 γένους
1701 4494 1855 4565 ἡμῶν

184 4588 363 4656 ἐχθροὶ
392 4587 487 4639 καὶ
523 4586 796 4656 λυμεῶνές
820 4589 945 4648 εἰσι,
972 4585 1038 4639 δι’
1065 4586 1094 4638 ὃ
1131 4586 1224 4638 καὶ¹
1251 4588 1363 4648 τοῖς
1386 4584 1752 4655 ᾠκειωμένοις
1781 4583 1857 4646 ὡς

185 4675 483 4744 ἁὲλοτρίοις
517 4676 842 4744 ἐκέχρηντο·
891 4674 986 4734 καὶ
1016 4673 1124 4743 γὰρ
1169 4669 1308 4744 ἦσαν
1359 4672 1647 4743 ἀλλότριοι.
1691 4672 1749 4724 '0
1799 4671 1856 4723 δὲ

185 4763 435 4829 βασιλεὺς
471 4763 563 4814 καὶ
597 4763 925 4833 δημιουργὸς
962 4762 1057 4814 καὶ
1091 4761 1271 4832 σωτὴρ
1305 4759 1397 4812 τοῦ
1442 4760 1642 4822 παντὸς
1669 4759 1856 4827 γένους

182 4849 488 4919 ἀνθρώπων
540 4851 701 4912 αὐτὸς
744 4846 844 4920 ἦν·
893 4850 972 4902 διὸ
1006 4849 1098 4902 καὶ
1147 4848 1255 4902 τῶν
1304 4847 1749 4918 ήλλοτριωμένων
1781 4847 1856 4909 ὡς

186 4937 328 4988 ἰ-ὶίων
357 4937 616 5005 ἐφείδετο.
648 4938 758 4990 Καὶ
801 4937 910 5008 γὰρ
944 4933 1012 5008 ἦν
1059 4938 1188 4990 ἴδιον
1223 4936 1383 5006 ἔργον
1429 4935 1593 4988 αὐτοῦ
1635 4936 1782 4987 πᾶσα
1821 4937 1855 5006 ή

179 5025 288 5077 τῶν
325 5025 629 5095 ἀνθρώπων
666 5026 847 5094 φύσις.
884 5025 1068 5089 καθὼς
1097 5026 1191 5078 καὶ
1224 5026 1252 5076 6
1286 5022 1533 5094 μαθητὴς
1554 5023 1719 5076 αὑτοῦ
1749 5041 1855 5092 φη-

183 5129 281 5164 σιν·
313 5114 418 5177 εἰς
455 5115 524 5166 τὰ
565 5113 686 5166 ἴδια
728 5111 894 5183 ἦλθε,
922 5113 1020 5167 καὶ
1061 5115 1114 5166 οὶ
1158 5112 1293 5165 ἴδιοι
1330 5111 1518 5164 αὐτὸν
1570 5113 1682 5166 οὐκ
1731 5113 1857 5165 ἐδέ-

179 5201 365 5262 ξαντο
393 5212 440 5252 ε.
483 5200 644 5253 ’Λλλά
672 5204 850 5255 πᾶσαν
887 5200 988 5271 μὲν
1011 5198 1174 5252 αὐτοῦ
1207 5199 1526 5268 καταλέγειν
1553 5199 1649 5269 τὴν
1670 5199 1858 5268 φιλανο

241 5325 271 5353 ⁸
293 5325 444 5373 εει-Η.
471 5326 520 5372 in
545 5338 695 5384 marg.
725 5329 778 5372 el
795 5324 949 5372 codex
974 5336 1100 5372 unus
1121 5321 1374 5370 ἐδεδίεσαν.

292 5388 378 5433 sic
400 5390 510 5457 δαν.
539 5394 590 5458 (:3
613 5400 740 5458 uqus
766 5387 942 5458 codex_,
981 5386 1220 5458 alqu1c:__ila
1248 5385 1439 5458 legerat
1464 5384 1668 5458 ἱεμένω.
1695 5389 1855 5458 γριιις,

179 5447 262 5508 alij
300 5450 512 5508 σφαγῶν.
554 5449 706 5495 Paulo
749 5457 860 5508 post
903 5451 1001 5494 duo
1045 5447 1236 5494 codices
1260 5447 1432 5492 αὐτῶν.
1479 5447 1672 5500 Τούτοις
1698 5448 1736 5493 εἰ
1776 5447 1857 5493 καὶ

177 5506 837 5579 ῡαῦιιᾴτιπαρηκολσῦωσε,
872 5511 936 5570 μὴ
970 5511 1227 5572 θαυμάσῃς·
1262 5508 1334 5554 ὅτι
1364 5508 1403 5554 εἶ
1437 5524 1528 5555 που
1552 5509 1629 5554 καὶ
1655 5509 1855 5571 ἐδείχθη,

195 5586 264 5611 ἰκ
355 5605 367 5615 .

178 5586 212 5625 μ
241 5585 410 5695 ξμῧιιο
431 5643 548 5695 [ηδεἱ
571 5636 624 5679 (ιι
642 5632 790 5680 Savil.
821 5647 870 5680 In
892 5647 1024 5695 marg
1065 5635 1133 5681 ἐπ’
1159 5633 1378 5694 ἐκτροπῇ.

236 5689 268 5728 ά
301 5692 397 5754 ΑᾼΙὶἱ
417 5692 513 5746 τοῖς
533 5693 726 5754 ἐχθροῖς.

245 5755 271 5786 ⁸
286 5751 389 5803 ΔΜ
408 5755 464 5801 οὐ
487 5751 766 5805 παρέλαϐον.

1017 273 1102 328 [ηε
1135 275 1190 328 s.
1227 272 1817 344 BABYLA,9‘ONTRA
1853 275 2194 333 JULIANUM
2225 278 2315 333 ET
2347 255 2704 335 animus.

3493 256 3601 317 536

1945 369 2188 441 θρωπίαν
2209 375 2271 426 οὐ
2304 375 2397 428 τοῦ
2425 375 2686 446 παρόντος
2721 374 2933 445 καιροῦ,
2963 374 3096 428 ἀλλά
3117 375 3220 428 κᾶν
3246 375 3453 440 πάντας
3477 379 3604 441 τοὺς

1941 461 2142 522 αἰῶνας
2178 462 2305 531 περὶ
2354 463 2524 531 αὐτῆς
2553 461 2856 532 φθέγγηταί
2905 479 3009 527 τις,
3044 462 3145 515 κᾶν
3194 461 3460 532 τοσαύτην
3503 464 3601 534 ἔχῃ

1940 548 2187 616 δύναμιν,
2211 550 2342 620 ὅσην
2363 548 2461 611 τὰς
2489 550 2810 619 ἀσωμάτους
2831 549 3088 620 δυνάμεις
3106 549 3270 614 εἰκὸς,
3292 550 3409 602 οὐδὲ
3435 549 3604 613 οὕτως

1941 636 2203 704 ἐφάψεται
2232 636 2332 704 τῆς
2357 637 2509 702 ἀξίας
2533 637 2859 692 ποτέ.”οσον
2885 637 2991 708 γάρ
3021 640 3166 691 ἐστιν
3196 638 3418 706 ἀγαθὸς,
3449 638 3604 708 μόνος

1939 721 2076 777 οἶδεν
2125 723 2305 787 αὐτὸς,
2342 724 2524 794 ἐπειδὴ
2560 726 2651 777 καὶ
2710 726 2867 795 μόνος
2913 727 3057 779 ἐστὶν
3098 725 3268 789 οὕτως
3320 723 3337 764 ί
3381 726 3601 793 ἀγαθός.

1949 810 2084 880 Ὀρα
2113 810 2243 878 γοῦν
2266 805 2353 863 οἷα
2375 814 2485 874 τοῖς
2511 811 2778 882 μαθηταῖς
2806 827 2987 883 φησιν·
3027 812 3222 882 Ἀμὴν,
3258 811 3422 880 ἀμὴν
3450 812 3606 880 λέγω

1940 897 2101 965 ὑμῖν,
2136 901 2169 951 o'
2203 900 2503 952 πιστεύων·
2541 901 2627 964 εἰς
2660 899 2792 969 ἐμὲ,
2850 899 2920 953 τὰ
2956 902 3128 968 ἔργα,
3179 898 3219 953 ἃ
3267 900 3380 964 ἐγὼ
3433 898 3600 966 ποιῶ,

1941 986 2220 1053 κάκεῖνος
2258 986 2516 1052 ποιήσει,
2541 988 2636 1040 καὶ
2667 987 2905 1056 μείζονα
2939 989 3158 1040 τούτων
3179 987 3434 1052 ποιήσει.
3470 987 3604 1040 Οὐδὲ

1942 1073 2050 1144 γὰρ
2082 1073 2147 1127 ἂν
2174 1074 2442 1146 τοσαύτης
2483 1067 2666 1138 αὐτοῖς
2709 1075 2977 1144 μετέδωκε
3014 1075 3112 1143 τῆς
3143 1075 3329 1144 τιμῆς,
3369 1075 3442 1146 μὴ
3483 1075 3604 1128 λίαν

1943 1161 2037 1214 καὶ
2068 1161 2310 1232 ἀπείρως
2347 1161 2421 1214 ὢν
2466 1162 2685 1230 ἀγαθός.
2736 1163 2798 1215 El
2829 1162 2885 1215 δέ
2926 1179 3009 1224 τις
3048 1162 3178 1230 ἡμῖν
3214 1162 3603 1232 ἀμφισϐητοίη,

1944 1241 2046 1300 ποῦ
2074 1249 2225 1312 τέλος
2255 1249 2410 1320 ἔσχεν
2435 1243 2588 1312 οὗτος
2607 1253 2634 1304 ὁ
2656 1251 2921 1321 χρησμὸς.
2947 1250 3008 1302 τὸ
3030 1249 3229 1320 βιϐλίον
3258 1249 3392 1318 μετά
3419 1253 3605 1321 χεῖρας

1944 1335 2139 1400 λαϐὼν,
2162 1338 2190 1390 ὃ
2213 1338 2452 1391 καλεῖται
2487 1341 2583 1408 μὲν
2606 1339 2836 1409 Πράξεις
2861 1338 3190 1401 ἀποστόλων,
3210 1337 3323 1407 ἔχει
3356 1337 3412 1388 δὲ
3439 1337 3608 1401 αὐτὰς

1943 1424 2004 1476 οὐ
2039 1425 2238 1489 πάσας,
2268 1426 2382 1479 ἀλλ’
2411 1427 2532 1479 οὐδὲ
2564 1427 2778 1479 πάντων
2809 1426 3136 1490 αὑτῶν,ἀλλ’
3164 1425 3280 1488 ἐνὸς
3308 1425 3340 1495 ἦ
3373 1425 3483 1486 δύο,
3514 1427 3608 1478 καὶ

1943 1512 2145 1575 ταύτας
2189 1513 2613 1583 εὐαριθμήτους,
2664 1515 2852 1584 ὄψεται
2890 1516 3016 1577 τοὺς
3053 1514 3150 1583 μὲν
3197 1513 3606 1586 ἀρρωστοῦντας

1945 1603 2165 1655 ἐπὶτῶν
2205 1604 2468 1657 κλινιδίων
2516 1605 2963 1674 κατακειμένους,
3001 1604 3100 1666 τὰς
3149 1604 3204 1657 δὲ
3252 1604 3409 1666 σκιὰς
3451 1605 3609 1673 μόνον

1945 1690 2053 1743 τῶν
2089 1690 2370 1762 μακαρίων
2408 1692 2630 1745 ἐκείνων
2664 1692 3042 1761 ἐφαπτομένας
3067 1709 3126 1744 τε
3157 1692 3334 1744 αὐτῶν
3362 1692 3475 1760 ἃμα
3516 1690 3608 1742 καὶ

1946 1777 2044 1848 τὴν
2077 1778 2285 1846 ὑγίειαν
2328 1778 2721 1848 ἐργαζομένας,
2758 1779 2971 1842 πολλοῖς
3010 1779 3065 1831 δὲ
3115 1779 3225 1831 τῶν
3275 1779 3608 1848 μαινομένων

1945 1866 2050 1917 τῶν
2084 1865 2314 1935 ἱματίων
2349 1866 2561 1918 Παύλου
2599 1867 2749 1919 οὐδὲν
2797 1866 2956 1918 πλέον
2990 1865 3175 1936 ἐδέησε
3222 1865 3356 1936 πρὸς
3388 1865 3484 1936 τὴν
3515 1865 3608 1917 τοῦ

1946 1955 2220 2018 κινοῦντος
2248 1956 2442 2017 αὐτοὺς
2477 1955 2727 2024 δαίμονος
2755 1955 3093 2024 ἀπαλλαγήν.
3131 1953 3192 2006 Εἰ
3231 1953 3286 2006 δέ
3315 1970 3400 2016 τις
3435 1952 3609 2006 ταῦτα

1944 2039 2113 2109 τῦφον
2143 2037 2284 2095 εἶναι
2319 2041 2485 2109 λέγοι,
2516 2041 2610 2094 καὶ
2639 2041 2923 2110 τερατείαν
2957 2040 3287 2110 πλασμάτων
3323 2039 3604 2093 ἀπίθανον.

1946 2130 2082 2184 ἀλλά
2110 2131 2177 2185 τά
2201 2148 2263 2199 γε
2299 2131 2394 2184 νῦν
2430 2129 2682 2201 ὁρώμενα
2714 2130 2871 2182 ἰκανά
2895 2129 2956 2181 τὸ
2990 2128 3306 2199 βλάσφημον
3335 2128 3609 2197 ἐμφράξαι

1949 2218 2121 2289 στόμα
2151 2219 2242 2272 καὶ
2289 2217 2681 2286 καταισχῦναι,
2719 2216 2813 2269 καὶ
2858 2215 2955 2286 τὴν
3004 2215 3332 2284 ἀχαλίνωτον
3369 2214 3612 2282 γλῶτταν

1947 2307 2209 2376 ἐπισχεῖν.
2241 2305 2315 2359 Οὐ
2353 2304 2462 2375 γάρ
2501 2307 2646 2357 ἐστιν
2678 2307 2734 2357 ἐν
2782 2306 2847 2374 τῇ
2885 2303 3004 2355 καθ’
3045 2303 3190 2373 ἡμᾶς
3233 2301 3523 2373 οἰκουμένη
3549 2302 3610 2353 οὑ

1948 2395 2119 2466 χώρα,
2148 2395 2250 2448 οὐκ
2275 2394 2444 2458 ἔθνος,
2470 2393 2622 2466 [559]
2653 2393 2713 2446 οὐ
2743 2395 2918 2456 πόλις,
2954 2391 3082 2446 ἔνθα
3110 2392 3278 2446 ταῦτα
3301 2392 3398 2445 οὐκ
3429 2392 3613 2463 ᾅδεται

1946 2483 2016 2534 τά
2041 2481 2342 2553 παράδοξα,
2365 2482 2425 2534 οὐ
2453 2481 2831 2552 θαυμασθέντα
2863 2480 2992 2533 ποτέ
3013 2483 3060 2533 εἰ
3082 2479 3372 2550 πλάσματα
3398 2475 3482 2550 ἦν.
3505 2481 3615 2531 Καὶ

1949 2569 2041 2623 τοῦ
2080 2570 2242 2637 λόγου
2274 2569 2369 2639 τὴν
2412 2569 2714 2640 μαρτυρίαν
2759 2568 2913 2638 ὑμεῖς
2959 2568 3024 2622 ἂν
3053 2568 3385 2638 παράσχοιτε
3411 2567 3616 2638 ταύτην

1949 2659 2111 2728 ἡμῖν·
2145 2657 2207 2710 ού
2263 2656 2369 2728 γὰρ
2400 2655 2705 2726 δεησόμεθα
2740 2657 2868 2726 παρ’
2908 2655 3109 2724 ἐτέρων
3141 2654 3238 2725 τὴν
3288 2654 3467 2707 πίστιν
3507 2655 3617 2709 τῶν

1947 2745 2256 2815 λεγομένων
2281 2744 2486 2806 λαϐεῖν,
2514 2743 2542 2794 ὑ
2552 2742 2668 2812 μῶν
2695 2742 2803 2795 τῶν
2833 2741 3040 2813 ἐχθρῶν
3069 2741 3271 2810 ταύτην
3304 2740 3615 2812 παρεχομέ-

1951 2848 2056 2884 νων
2090 2833 2236 2902 ήμῖν.
2269 2831 2400 2884 Εἰπὲ
2430 2830 2536 2901 γάρ
2565 2847 2676 2900 μοι,
2703 2829 2789 2882 διὰ
2817 2829 2866 2881 τί
2896 2829 2986 2882 τὸν
3021 2830 3382 2901 Ζωροάστρην
3412 2831 3616 2880 ἐκεῖνον

1952 2921 2045 2972 καὶ
2087 2919 2179 2972 τόν
2230 2917 2493 2988 Ζάμολξιν
2525 2918 2645 2971 οὐδὲ
2685 2917 2744 2981 ἐξ
2786 2917 3047 2987 ὀνόματος
3097 2917 3275 2970 ἴσασιν
3321 2917 3370 2968 ot
3410 2915 3616 2979 πολλοὶ,

1954 3007 2153 3078 μᾶλλον
2184 3007 2240 3060 δὲ
2275 3006 2396 3059 ούδέ
2444 3023 2608 3068 τινες,
2652 3005 2792 3076 πλὴν
2836 3005 3032 3072 ὀλίγων
3055 3003 3245 3068 τινῶν;
3283 2999 3373 3075 ἆρ’
3400 3003 3497 3073 οὐχ
3535 3005 3617 3056 ὅτι

1950 3096 2244 3166 πλάσματα
2270 3090 2337 3166 ἦν
2366 3094 2435 3146 τά
2456 3095 2582 3164 περὶ
2605 3093 2829 3146 ἐκείνων
2853 3091 3119 3162 λεγόμενα
3140 3093 3390 3156 ἀπαντα;
3425 3091 3617 3144 Καίτοι

1950 3201 2012 3253 γε
2043 3185 2284 3236 κάκεῖνοι
2322 3182 2415 3234 καὶ
2444 3184 2492 3234 οἱ
2519 3181 2587 3234 τὰ
2613 3180 2838 3233 ἐκείνων
2865 3179 3146 3242 συνθέντες
3178 3179 3341 3231 δεινοὶ
3366 3176 3619 3246 γενέσθαι

1950 3275 2216 3343 λέγονται,
2247 3274 2294 3325 οἰ
2329 3272 2426 3342 μὲν
2456 3271 2709 3342 γοητείαν
2733 3271 2912 3342 εὑρεῖν
2955 3270 3047 3322 καὶ
3086 3266 3444 3338 ἐργάσασθαι,
3475 3267 3524 3318 οἰ
3561 3263 3617 3318 δὲ

1953 3380 2015 3416 συ
2025 3363 2241 3414 σκιάσαι
2266 3359 2458 3429 ψεῦδος
2477 3362 2544 3428 τῇ
2572 3357 2679 3411 τῶν
2707 3358 2876 3426 λόγων
2897 3355 3234 3426 πιθανότητι.
3265 3353 3424 3408 Ἀλλά
3447 3353 3622 3406 πάντα

1956 3451 2132 3520 μάτην
2152 3447 2358 3517 γίνεται
2387 3447 2480 3501 καὶ
2506 3447 2652 3516 εἰκῆ,
2684 3445 2811 3498 ὅταν
2840 3446 2873 3515 ἡ
2899 3443 3008 3496 τῶν
3037 3442 3341 3512 λεγομένων
3368 3441 3619 3504 ὑπόθεσις

1953 3536 2129 3609 σαθρά
2162 3537 2256 3590 καὶ
2283 3535 2482 3605 ψευδὴς
2522 3530 2656 3588 οὖσα
2695 3533 2850 3604 τύχῃ,
2882 3532 3072 3602 ῶσπερ
3117 3527 3229 3596 οὖν,
3269 3531 3395 3583 ὅταν
3426 3529 3621 3599 ἰσχυρὰ

1953 3625 2046 3678 καὶ
2079 3623 2305 3694 ἀληθής,
2346 3621 2562 3675 ἅπαντα
2591 3621 2752 3674 πάλιν
2797 3619 2974 3690 μάτην
3004 3619 3214 3687 γίνεται
3263 3616 3360 3669 καὶ
3403 3617 3524 3685 εἰκῆ
3553 3616 3620 3669 τὰ

1955 3710 2090 3781 πρὸς
2121 3709 2431 3781 ἀνατροπὴν
2460 3707 2816 3777 ἐπινοούμενα
2863 3705 3014 3777 παρά
3052 3704 3160 3758 τῶν
3199 3703 3437 3775 ἐχθρῶν·
3474 3702 3621 3755 οὐδε-

1957 3800 2087 3869 μιᾶς
2123 3797 2228 3868 γὰρ
2274 3797 2443 3850 δεῖται
2490 3794 2739 3866 βοηθείας
2768 3795 2800 3865 ή
2838 3794 2939 3862 τῆς
2973 3791 3228 3862 ἀληθείας
3281 3791 3458 3860 ἰσχύς·
3487 3789 3622 3843 ἀλλά

1955 3885 2056 3938 κᾶν
2085 3885 2308 3955 μυρίους
2352 3883 2449 3954 ἐχῃ
2481 3885 2605 3946 τοὺς
2649 3882 2971 3944 σϐεννύντας
3013 3879 3201 3950 αὐτὴν,
3237 3879 3296 3932 οὐ
3334 3879 3491 3948 μόνον
3522 3877 3623 3931 οὐκ

1955 3972 2290 4041 ἀφανίζεται,
2321 3971 2456 4024 ἀλλά
2499 3971 2592 4024 καὶ
2624 3970 2690 4023 δι’
2737 3969 2915 4022 αὐτῶν
2962 3966 3070 4020 τῶν
3120 3965 3450 4038 ἐπηρεάζειν
3496 3967 3620 4017 ἐπι-

1956 4058 2280 4131 χειρούντων
2303 4059 2632 4129 φαιδροτέρα
2666 4057 2756 4110 καὶ
2792 4056 3099 4126 ὑψηλοτέρα
3131 4056 3324 4119 ἄνεισι,
3357 4054 3465 4108 τῶν
3499 4053 3622 4123 εἰκῆ

1956 4147 2263 4200 κοπτόντων
2294 4146 2521 4208 ἑαυτοὺς
2550 4144 2644 4197 καὶ
2675 4143 3015 4213 μαινομένων
3042 4141 3419 4210 καταγελῶσα.

2028 4240 2108 4292 Τὰ
2145 4239 2242 4308 μὲν
2270 4237 2377 4307 γὰρ
2416 4238 2544 4306 παρ’
2579 4237 2732 4306 ἡμῖν,
2761 4235 2797 4288 ἆ
2835 4252 2970 4304 φατε
3013 4233 3307 4304 πλάσματα
3338 4228 3497 4294 εἶναι,
3531 4231 3622 4284 καὶ

1955 4327 2206 4399 τύραννοι
2233 4325 2325 4378 καὶ
2358 4323 2594 4394 βασιλεῖς
2627 4323 2719 4376 καὶ
2752 4322 2924 4390 λόγων
2963 4320 3166 4391 ἄμαχοι
3211 4321 3482 4389 σοφισταὶ,
3523 4319 3624 4390 ήδη

1955 4414 2013 4467 δὲ
2051 4415 2146 4467 καὶ¹
2188 4413 2465 4482 φιλόσοφοι
2509 4411 2604 4463 καὶ
2639 4410 2836 4481 γόητες
2889 4409 2984 4462 και)⁵
3017 4410 3179 4478 μάγοι
3233 4408 3327 4460 καὶ
3373 4407 3626 4477 δαίμονες

1959 4502 2205 4557 καθελεῖν
2239 4498 2613 4560 ἐσπούδασαν,
2663 4497 2771 4550 Καὶ
2819 4497 3235 4564 ἐξησθένησεν
3282 4495 3376 4548 ἐπ’
3403 4495 3626 4561 αὐτοὺς

1958 4592 1996 4658 ἡ
2045 4590 2298 4659 γλῶσσα
2341 4586 2572 4650 αὐτῶν,
2607 4584 2744 4638 κατά
2776 4585 2866 4637 τὸν
2915 4582 3251 4654 προφητικὸν
3305 4581 3481 4650 λόγον,
3532 4583 3625 4636 καὶ

1958 4677 2112 4746 Βέλη
2140 4679 2166 4719 ε
2191 4677 2422 4743 νηπίων
2441 4672 2818 4743 ἐγενήθησαν
2845 4673 2904 4724 al
2938 4671 3161 4739 πληγαὶ
3190 4669 3405 4724 αὐτῶν.
3431 4670 3493 4723 Οἱ
3527 4668 3626 4740 μὲν

1961 4768 2068 4837 γὰρ
2093 4765 2330 4836 βασιλεῖς
2351 4763 2602 4817 τοσοῦτον
2635 4761 2931 4834 ἐκέρδαναν
2951 4761 3014 4812 ἐκ
3037 4760 3136 4828 τῆς
3169 4759 3288 4811 καθ’
3313 4758 3473 4828 ἡμῶν
3508 4759 3626 4812 ἐπι-

1959 4855 2175 4924 ϐουλῆς,
2212 4854 2334 4906 ὅσον
2364 4850 2654 4922 θηριωδίας
2684 4847 2838 4912 δόξαν
2868 4849 3019 4918 παρά
3049 4848 3214 4900 πᾶσιν
3237 4846 3420 4899 λαϐεῖν
3444 4847 3494 4901 δ.
3529 4847 3627 4899 Διά

1956 4946 2067 5016 γὰρ
2099 4944 2188 4996 τὸν
2219 4941 2359 4994 κατὰ
2394 4941 2502 4992 τῶν
2535 4935 2828 5008 μαρτύρων
2861 4935 3029 5005 θυμὸν
3063 4937 3143 4998 εἰς
3179 4936 3279 5006 τὴν
3314 4934 3416 5004 τῆς
3442 4933 3625 5003 κοινῆς

1957 5033 2172 5102 φύσεως
2203 5027 2567 5098 ἐξενεχθέντες
2589 5026 2875 5094 ἀπήνειαν,
2909 5023 3124 5094 μυρίοις
3157 5024 3382 5086 ἑαυτοὺς
3408 5023 3468 5075 οὐ
3501 5039 3624 5074 συν-

1956 5120 2092 5172 εῖδον
2125 5115 2505 5188 περιϐαλόντες
2541 5113 2818 5167 ὀνείδεσιν.
2845 5114 2908 5165 OE
2939 5111 3000 5166 δὲ
3031 5114 3310 5184 φιλόσοφοι
3337 5111 3430 5164 καὶ
3463 5109 3625 5162 δεινοὶ

1957 5203 2186 5278 ῥήτορες
2211 5203 2366 5268 δόξαν
2399 5201 2619 5273 πολλὴν,
2653 5203 2703 5254 οἰ
2748 5202 2844 5272 μὲν
2871 5202 2963 5255 ἐπὶ
3006 5202 3318 5272 σεμνότητι,
3357 5200 3404 5250 οἰ
3444 5197 3501 5248 δὲ
3532 5197 3625 5250 ἐπὶ

1955 5294 2130 5362 λόγων
2171 5293 2403 5362 δυνάμει
2454 5291 2606 5363 παρά
2659 5293 2771 5353 τοῖς
2799 5290 3016 5353 πολλοῖς
3059 5290 3291 5358 ἔχοντες,
3336 5282 3474 5351 μετά
3526 5281 3626 5350 τήν

1957 5379 2093 5448 πρὸς
2123 5378 2271 5447 ἡμᾶς
2316 5375 2495 5447 μάχην
2533 5376 2924 5446 καταγέλαστοι
2961 5373 3234 5442 γεγόνασι,
3281 5368 3376 5419 καὶ
3419 5365 3625 5418 παίδων

1957 5465 2264 5536 ληρούντων
2293 5463 2477 5526 ἁπλῶς
2498 5465 2648 5518 οὐδὲν
2671 5463 2942 5533 διαφέρειν
2964 5459 3166 5522 ἔδοξαν.
3187 5453 3316 5508 ’Λπὸ
3329 5453 3436 5525 γὰρ
3457 5451 3626 5505 ἐθνῶν

2026 5567 2044 5606 ί
2073 5569 2166 5616 Alii
2193 5567 2342 5622 οὗτος.

2022 5634 2045 5669 Β
2073 5631 2165 5677 Alii
2190 5631 2270 5676 καὶ
2296 5632 2444 5691 βέλος.

2025 5692 2050 5730 h
2073 5693 2152 5738 Sin:
2188 5705 2276 5736 nus
2297 5681 2329 5739 ’ρ
2359 5681 2561 5750 δίιγίιίο,
2590 5689 2864 5749 postulante
2893 5693 3061 5732 sensu.
3097 5681 3293 5732 Edilum
3339 5683 3499 5735 fuerat
3525 5682 3634 5731 ξλα-

1981 5758 2058 5802 ὗῡν
2090 5757 2221 5802 non.
