4044 6206
355 270 462 330 837

355 389 451 444 καὶ
477 387 667 460 δήμων
713 385 984 441 τοσιύτων
1014 383 1076 438 οὐ
1131 381 1292 451 σοφόν
1335 396 1479 443 τινα,
1518 377 1620 430 οὐκ
1657 377 1881 444 ἄσοφον,
1926 371 2028 425 οὐκ

355 476 547 548 ἄνδρα,
573 476 634 528 οὐ
668 476 923 543 γυναῖκα,
949 471 1061 527 ἀλλ’
1091 468 1211 524 οὐδέ
1236 466 1444 521 παιδίον
1477 463 1669 536 μικρὸν
1703 463 2028 548 μεταπεῖσαι

357 562 606 633 ῐσχυσαν,
636 561 771 615 ἀλλά
804 557 1065 621 ’τοσοῦτός
1098 559 1214 610 ἐστι
1242 553 1351 607 τῶν
1380 553 1469 606 ὐπ’
1499 551 1678 605 αὐτῶν
1706 547 2029 620 γεγραμμέ-

359 667 467 703 νων
488 651 516 702 0
540 650 732 718 γέλως,
758 647 899 700 ὥστε
922 642 1285 714 ἀφανισθῆναι
1315 641 1410 694 καὶ
1432 639 1500 694 τά
1525 638 1702 709 βιϐλία
1726 637 1912 695 πάλαι,
1936 634 2030 687 καὶ

359 737 476 806 ἄμα
503 737 580 806 τῷ
608 733 912 804 δειχθῆναι,
947 732 1042 784 καὶ
1073 728 1370 784 ἀπολέσθαι
1401 726 1470 780 τὰ
1513 725 1702 780 πολλά.
1740 724 1805 776 El
1838 721 1897 775 δέ
1926 720 2028 774 πού

359 841 411 876 τι
437 823 533 876 καὶ
569 820 819 891 εὑρεθείη
854 817 1138 880 διασωθέν,
1183 814 1332 887 παρά
1363 813 1705 884 Χριστιανοῖς
1737 809 1893 863 τοῦτο
1921 825 2028 861 σω-

361 909 589 980 ζόμενον
624 907 774 980 εὖροι
803 925 887 970 τις
927 907 992 960 ἀν
1015 922 1030 936 ⁸
1060 902 1313 957 τοσοῦτον
1353 901 1629 971 ἀπέχομεν
1672 897 1872 970 βλάϐην
1908 894 2033 949 τινὰ

363 995 515 1066 παρὰ
552 996 648 1066 τῆς
694 996 918 1048 ἐκείνων
971 989 1296 1045 ὑποπτεύειν
1329 987 1647 1057 ἐπιϐουλῆςο
1684 983 1827 1038 οὕτω
1867 999 2034 1035 κατα-

361 1084 609 1153 γελῶμεν
643 1083 742 1154 τῆς
796 1079 994 1149 πολλῆς
1041 1079 1148 1134 τῶν
1192 1074 1604 1148 μηχανημάτων
1646 1071 1823 1124 αὐτῶν
1874 1086 2026 1140 περι-

363 1171 572 1242 εργίας.
597 1168 734 1222 Οῦτε
757 1167 865 1238 γὰρ
888 1169 936 1221 εἰ
967 1166 1034 1219 τὰ
1060 1163 1288 1234 σώματα
1310 1162 1644 1232 ἀδαμάντινα
1665 1159 1760 1211 καὶ
1785 1156 2034 1227 ἄφθαρτα

361 1254 429 1329 ἦν
461 1260 590 1329 ἡμῖν
613 1297 625 1321 ,
669 1256 994 1326 σκορπίους,
1030 1253 1123 1306 καὶ
1163 1251 1348 1319 ὄφεις,
1384 1249 1476 1302 καὶ
1525 1246 1636 1318 πῦρ
1685 1248 1804 1308 ταῖς
1850 1245 2036 1315 χερσὶν

365 1346 783 1415 ἐπισφίγγοντες
829 1341 1113 1411 ὲδείσαμεν
1158 1340 1256 1404 ἂν,
1294 1337 1429 1392 ἀλλὰ
1476 1336 1572 1390 καὶ
1607 1331 2032 1402 ἐπεδειξάμεθα·

366 1434 491 1486 οὐτε
533 1431 721 1503 ἐπειδὴ
749 1431 846 1493 τὰς
881 1429 1058 1500 ψυχὰς
1101 1429 1233 1499 ἡμῖν
1275 1427 1368 1480 καὶ
1410 1426 1508 1497 τὴν
1556 1424 1740 1476 πίστιν
1784 1420 2038 1490 τοιαύτην

367 1521 770 1574 κατεσκεύασεν
796 1523 824 1572 0
845 1515 1098 1587 Χριστὸς,
1122 1515 1190 1568 τὰ
1224 1514 1489 1586 φάρμακα
1526 1510 1635 1564 τῶν
1664 1508 1873 1580 ἐχθρῶν
1891 1507 2039 1578 ἔχον-

366 1627 458 1672 τες
502 1608 839 1677 δεδοίκαμεν.
877 1607 940 1657 Et
989 1602 1097 1673 γὰρ
1137 1603 1321 1656 ἐπάνω
1361 1601 1571 1670 ὄφεων,
1606 1598 1702 1653 καί
1743 1597 2038 1666 σκορπίων,

368 1697 464 1750 καὶ
506 1695 685 1765 πάσης
725 1692 820 1744 τοῦ
867 1691 1118 1745 διαϐόλου
1148 1690 1246 1760 τῆς
1297 1686 1610 1760 τυραννίδος
1660 1688 1850 1739 πατεῖν
1891 1681 2039 1756 [560]

369 1785 500 1853 ἡμῖν
531 1780 910 1843 ἐπιτέτακται,
949 1775 1130 1847 πολλῷ
1171 1775 1369 1847 μᾶλλον
1402 1775 1586 1828 ἐπάνω
1616 1773 1913 1842 σκωλήκων
1950 1770 2044 1823 καὶ

369 1868 690 1937 κανθάρων·
730 1865 984 1920 τοσοῦτον
1024 1864 1133 1936 γὰρ
1170 1864 1232 1917 τὸ
1274 1861 1437 1934 μέσον
1462 1862 1560 1932 τῆς
1605 1861 1804 1914 τούτων
1842 1857 2044 1930 βλάϐης

372 1960 507 2031 πρὸς
533 1959 630 2030 τὴν
658 1959 866 2012 ἐκείνου
890 1957 984 2010 τοῦ
1016 1955 1252 2028 πονηροῦ
1277 1955 1526 2026 δαίμονος
1555 1953 1862 2024 ἐπιϐουλήν.

441 2049 512 2111 γ’.
535 2047 638 2102 Καὶ
661 2047 731 2100 τὰ
757 2048 858 2116 μὲν
885 2047 1131 2117 ἡμέτερα
1151 2043 1393 2111 τοιαῦτα,
1415 2043 1484 2097 τὰ
1499 2043 1554 2096 δέ
1574 2043 1838 2112 ὑμέτερα,
1857 2037 2044 2093 ἐπολέο

377 2152 518 2208 μησε
559 2135 658 2206 μέν
693 2135 879 2198 αὐτοῖς
908 2135 1083 2198 οὐδεὶς
1117 2133 1375 2186 οὐδέποτε
1396 2148 1410 2162 ·
1439 2131 1559 2184 οὐδὲ
1595 2131 1702 2200 γὰρ
1733 2129 1890 2200 θέμις
1911 2128 2048 2199 Χρι-

375 2226 631 2286 στιανοῖς,
687 2222 902 2293 ἀνάγκῃ
939 2222 1034 2275 κα)⁴
1090 2220 1181 2292 βίᾳ
1235 2219 1632 2291 καταστρέφειν
1671 2217 1770 2289 τὴν
1813 2216 2042 2286 πλάνην,

376 2308 513 2364 ἀλλά
540 2311 632 2362 καὶ
675 2308 976 2362 πειθοῖκαὶ
1021 2307 1166 2377 λόγῳ
1207 2305 1302 2360 καὶ
1340 2305 1638 2377 προσηνεία
1677 2306 1775 2375 τὴν
1806 2303 1915 2357 τῶν
1951 2303 2047 2357 ἀν-

377 2397 612 2468 θρώπων
647 2396 976 2468 ἐργάζεσθαι
1006 2394 1304 2466 σωτηρίαν.
1337 2393 1500 2446 Ὅθεν
1528 2392 1705 2455 οὐδεὶς
1736 2390 1844 2445 τῶν
1866 2391 1934 2445 τά
1954 2389 2048 2444 τοῦ

376 2483 616 2556 Χριστοῦ
643 2484 986 2556 φρονούντων
1011 2482 1267 2554 βασιλεὺς
1287 2481 1532 2551 δόγματα
1557 2479 1677 2533 καθ’
1705 2477 1860 2550 ὑμῶν
1883 2478 2047 2550 ἔθηκε

375 2571 623 2634 τοιαῦτα,
654 2565 742 2625 οία
779 2571 900 2625 καθ’
933 2571 1090 2642 ἡμῶν
1133 2569 1185 2623 οἱ
1225 2569 1293 2622 τά
1339 2568 1447 2622 τῶν
1480 2567 1749 2638 δαιμόνων
1779 2565 2047 2636 θεραπεύ-

379 2675 572 2738 σαντες
598 2670 624 2699 ι
645 2657 972 2730 ἐπενόησαν.
1018 2656 1158 2710 Ἀλλ’
1193 2657 1344 2728 ὅμως
1381 2658 1650 2726 τοσαύτης
1694 2654 2050 2738 ἀπολαύσασα

376 2736 627 2814 ἡσυχίας,
651 2741 746 2796 καὶ
777 2742 870 2795 ὐπ’
897 2740 1110 2804 οὐδενὸς
1135 2739 1490 2810 ἐνοχληθεῖσά
1519 2755 1648 2792 ποτε
1673 2739 1774 2808 τῆς
1810 2736 2052 2808 Ἐλληνι-

379 2832 483 2901 κῆς
514 2829 938 2900 δεισιδαιμονίας
967 2831 1002 2901 ἡ
1047 2828 1224 2900 πλάνη
1268 2828 1363 2898 ἀφ’
1393 2828 1593 2898 ἐαυτῆς
1635 2825 1867 2898 ἐσϐέσθη
1889 2865 1905 2891 ,
1957 2827 2052 2880 καὶ

379 2919 510 2989 περὶ
535 2916 732 2988 ἑαυτὴν
759 2917 1000 2988 διέπεσε,
1039 2915 1291 2987 καθάπερ
1332 2914 1442 2968 τῶν
1483 2915 1754 2985 σωμάτων
1784 2914 1855 2968 τά
1889 2931 2054 2986 τηκε-

381 3006 496 3060 δόνι
531 3004 906 3079 παραδοθέντα
931 3005 1141 3076 μακρᾷ,
1167 3004 1263 3057 καὶ
1285 3001 1510 3074 μηδενὸς
1536 3001 1675 3056 αὐτὰ
1702 3001 2048 3073 βλάπτοντος,

382 3094 668 3164 αὐτόματα
687 3093 990 3166 φθείρεται,
1022 3093 1118 3147 καὶ
1145 3091 1465 3146 διαλυθέντα
1488 3091 1631 3144 κατὰ
1651 3091 1842 3161 μικρὸν
1861 3091 2056 3158 ἀφανί-

383 3181 556 3246 ζεται.
592 3182 756 3235 Ὥστε
789 3183 842 3234 εί
864 3181 959 3235 καὶ
989 3180 1064 3252 μὴ
1085 3179 1272 3234 τέλεον
1301 3178 1331 3230 0
1360 3178 1649 3238 σατανικὺς
1674 3172 1827 3240 οὗτος
1847 3177 2052 3250 ἐξήλει-

385 3286 522 3323 πται
560 3268 733 3338 γέλως
759 3268 870 3322 ἀπὸ
900 3269 1000 3338 τῆς
1032 3268 1134 3338 γῆς
1154 3307 1169 3333 ,
1212 3267 1328 3321 ἀλλ’
1365 3266 1527 3320 ίκανά
1554 3283 1620 3335 γε
1665 3266 1734 3320 τά
1767 3266 1870 3338 ἥδη
1901 3267 2058 3336 γενό-

387 3375 529 3432 μενα
559 3355 937 3412 πιστώσασθαι
965 3357 1059 3410 καὶ
1101 3357 1242 3427 ὑπὲρ
1273 3356 1382 3410 τῶν
1431 3354 1733 3428 μελλόντων
1756 3355 1918 3426 ὑμᾶς.
1949 3354 2057 3409 Τοῦ

386 3446 496 3518 γὰρ
518 3446 764 3508 πλείονος
787 3444 1205 3512 καθαιρεθέντος
1228 3444 1288 3497 ἐν
1307 3442 1448 3496 οὓτω
1476 3442 1652 3514 χρόνῳ
1687 3441 1898 3514 βραχεῖ,
1931 3441 2060 3513 περὶ

386 3534 481 3590 τοῦ
523 3534 843 3605 λειπομένου
893 3532 1068 3596 οὐδεὶς
1112 3532 1479 3602 φιλονεικήσει
1520 3530 1728 3586 λοιπόν.
1769 3530 1903 3585 Οὐδὲ
1949 3532 2059 3603 γὰρ

389 3622 598 3685 πόλεως
627 3621 882 3693 ἀλούσης,
921 3623 1016 3676 καὶ
1055 3620 1252 3692 τειχῶν
1289 3618 1748 3688 κατενεχθέντων,
1789 3619 1886 3672 καὶ
1938 3618 2061 3689 βου-

387 3711 710 3783 λευτηρίων,
742 3710 837 3764 καὶ
879 3709 1143 3780 θεάτρων,
1181 3707 1274 3760 καὶ
1321 3707 1638 3777 περιπάτων
1687 3707 2060 3761 κατακαυθέν-

389 3816 518 3863 των,
560 3800 650 3852 καὶ
677 3798 785 3852 τῶν
812 3799 869 3852 ἐν
901 3796 1092 3870 ἡλικίᾳ
1125 3796 1344 3850 πάντων
1389 3793 1751 3868 ἀνῃρημένων
1792 3795 1952 3856 στοάς
1978 3811 2063 3859 τις

395 3885 519 3942 ἰδὼν
553 3884 959 3957 ἡμικαύστους,
1005 3884 1101 3938 καὶ
1135 3884 1322 3936 οἰκιῶν
1376 3881 1570 3951 ὀλίγων
1630 3881 1840 3934 ἐστῶτα
1882 3881 2059 3953 μέρη,

395 3975 535 4046 μετά
562 3974 818 4048 γραῖδίων
848 3973 875 4013 δ
898 3973 992 4028 καὶ
1017 3972 1242 4026 παιδίων
1272 3972 1504 4044 μικρῶν,
1531 3971 1967 4042 ἀμφισϐητήσειε
1986 3970 2064 4041 τῷ

391 4065 701 4138 νικήσαντι,
724 4063 820 4118 καὶ
859 4062 1268 4134 περιγενομένῳ
1290 4058 1383 4113 τοῦ
1416 4059 1678 4124 πλείονος,
1708 4059 1784 4122 ὼς
1812 4059 1874 4112 οὐ
1904 4057 2064 4114 δυνα-

401 4155 546 4227 μένῳ
570 4151 1010 4222 κατεργάσασθαι
1041 4150 1102 4203 τὸ
1131 4147 1499 4218 περιλειφθέν.
1539 4147 1676 4200 Ἀλλ’
1693 4148 1752 4199 οὐ
1784 4147 1854 4201 τά
1873 4164 1935 4216 γε
1955 4146 2064 4200 τῶν

397 4239 595 4304 ἀλιέων
627 4239 872 4300 τοιαῦτα,
913 4237 1046 4291 ἀλλὰ
1084 4236 1206 4290 καθ’
1252 4236 1489 4306 ἑκάστην
1517 4233 1666 4288 ἀνθεῖ
1697 4234 1796 4306 τὴν
1828 4234 2063 4306 ἡμέραν,

394 4328 490 4391 καὶ
514 4325 684 4378 ταῦτα
705 4326 766 4377 οὐ
797 4324 862 4376 δι’
888 4325 1228 4395 εὐρυχωρίας
1263 4323 1406 4386 τινος
1447 4324 1539 4374 καὶ
1576 4321 1813 4384 ἀνέσεως
1851 4323 1932 4384 είς
1976 4321 2068 4376 τὸν

396 4414 668 4484 ἡμέτερον
703 4411 1024 4482 είσαχθέντα
1063 4411 1197 4481 βίον,
1233 4410 1370 4463 ἀλλά
1393 4409 1482 4463 διὰ
1515 4410 1746 4480 θλίψεως
1771 4421 1816 4475 ο,
1846 4410 1939 4464 καὶ
1971 4427 2069 4464 πο-

394 4501 598 4570 λέμων,
635 4499 728 4553 καὶ
763 4499 966 4570 μάχης.
1017 4497 1076 4550 '0
1122 4497 1219 4567 μὲν
1261 4497 1372 4566 γὰρ
1413 4495 1763 4566 Ἑλληνισμὸς
1793 4497 2067 4569 πανταχοῦ

299 4593 304 4598 “
395 4589 496 4659 τῆς
520 4587 626 4657 γῆς
671 4585 946 4650 ἐκταθεὶς,
990 4583 1087 4638 καὶ
1127 4583 1225 4649 τὰς
1268 4585 1522 4638 ἀπάντων
1554 4581 1854 4654 ἀνθρώπων
1892 4583 2069 4656 ψυχὰς

397 4672 706 4745 κατασχὼν,
743 4673 916 4738 οὕτως
940 4671 1167 4743 ὕστερον
1198 4669 1338 4742 μετά
1367 4669 1463 4741 τὴν
1489 4669 1754 4740 τοσαύτην
1783 4671 1954 4742 ίσχύν,
1977 4672 2068 4726 καὶ

396 4765 496 4834 τὴν
533 4762 794 4822 ἐπίδοσιν.
825 4761 930 4815 ὑπὸ
955 4761 1056 4832 τῆς
1086 4758 1178 4813 τοῦ
1206 4757 1442 4830 Χριστοῦ
1475 4757 1742 4830 κατελύθη
1765 4759 2066 4831 δυνάμεως·

395 4848 456 4904 τὸ
483 4848 540 4903 δὲ
571 4849 832 4920 κήρυγμα
864 4848 926 4902 τὸ
950 4848 1220 4919 ἡμέτερον
1239 4847 1300 4900 οὐ
1335 4846 1473 4917 μετά
1501 4846 1562 4899 τὸ
1589 4846 1896 4917 διαδοθῆναι
1927 4865 2066 4902 παν·

395 4935 584 5004 ταχοῦ,
611 4937 703 4988 καὶ
726 4937 914 5008 στῆναι
938 4935 1191 5006 βεϐαίως,
1223 4934 1348 5005 ἔσχε
1375 4937 1500 4999 τοὺς
1524 4935 1914 5006 πολεμοῦντας,
1931 4934 2067 4989 ἀλλὰ

395 5024 526 5092 πρὶν
583 5023 617 5089 ἢ
662 5023 905 5093 παγῆναι
940 5023 1037 5076 καὶ
1079 5023 1408 5094 φυτευθῆναι
1443 5023 1500 5076 ἐν
1537 5025 1657 5086 ταῖς
1698 5024 1806 5077 τῶν
1841 5023 2066 5078 ἀκουόν-

394 5126 505 5163 των
552 5109 774 5180 ψυχαῖς,
826 5110 888 5176 ἐξ
933 5110 1115 5165 αὐτῶν
1159 5111 1270 5166 τῶν
1320 5113 1622 5184 προοιμίων
1669 5113 1806 5183 πρὸς
1846 5113 2066 5167 ἅπασαν

396 5197 736 5282 ἡναγκάζετο
764 5198 1205 5270 παρατάττεσθαι
1230 5198 1328 5270 τὴν
1370 5200 1717 5271 οίκουμένην,
1759 5200 1917 5268 Πρὸς
1961 5200 2068 5268 τὰς

396 5288 608 5356 ἀρχὰς,
642 5286 794 5356 πρὸς
839 5287 946 5354 τὰς
1001 5285 1320 5354 ἐξουσίας,
1363 5288 1514 5356 πρὸς
1557 5287 1697 5354 τοὺς
1731 5287 2062 5357 κοσμοκράο

402 5361 580 5442 τοραςέ
625 5375 731 5429 τοῦ
783 5377 1045 5440 σκότους
1092 5374 1200 5429 τοῦ
1251 5373 1462 5441 αἰῶνος
1512 5375 1755 5439 τούτου,
1807 5376 1958 5444 πρὸς
1994 5376 2068 5431 τὰ

399 5463 773 5529 πνευματικὰ
799 5460 911 5530 τῆς
936 5463 1229 5532 πονηρίας
1254 5479 1268 5494 ο
1296 5461 1448 5516 οὐπω
1482 5461 1594 5534 γὰρ
1633 5462 1728 5516 τοῦ
1773 5463 2066 5534 σπινθῆρος

398 5547 499 5617 τῆς
535 5546 768 5611 πίστεως
820 5549 1081 5620 ἁφθέντος
1121 5548 1336 5615 καλῶς,
1381 5549 1628 5626 ποταμοὶ
1686 5550 1780 5604 καὶ
1840 5549 2066 5605 ἄϐυσσοι

462 5633 488 5697 ξ
653 5635 996 5697 θεραπεύοντες.

460 5692 492 5734 ιι
513 5694 612 5767 Ali!
646 5692 838 5767 codiges
860 5692 976 5767 μέρη
997 5697 1342 5767 καὶμγραῑδζων,
1366 5698 1536 5752 Morel.
1553 5700 1666 5764 μέρη
1689 5698 1808 5761 μετὰ
1824 5700 2065 5766 γραῖδίων,

405 5758 666 5824 nugs-9.52031
686 5758 779 5824 ’καὶ
792 5758 966 5824 ,γραίδα
989 5758 1345 5824 μεταπαιδίων.
1521 5809 1524 5814 .

465 5818 489 5847 ⁸
514 5816 614 5868 Alii
633 5818 708 5868 διὰ
733 5816 952 5871 θλίύᾶεων.

1143 276 1226 332 ’8.
1265 271 1552 330 JUANNIS
1587 260 2082 324 CHRYSOSTUMI
2121 259 2436 316 ARCHIEP.
2480 253 3026 314 CONST‘ANTINOP.

2130 368 2394 425 πάντοθεν.⁸
2420 369 2703 442 ἐπέρρεον.
2738 369 2883 422 Ἵστε
2908 368 2964 422 δὲ
2992 368 3164 439 δήπου
3192 368 3269 433 ώς
3289 369 3390 424 οὐκ
3415 370 3562 426 ἐστιν
3589 371 3704 427 τσον
3722 373 3789 428 τὸ

2129 458 2342 528 μυρίοις
2384 457 2527 510 ἔτεσι
2569 455 2796 528 ῥιζωθὲν
2844 456 3158 510 ἀνασπάσαι
3201 457 3399 526 φυτὸν,
3451 447 3545 519 καὶ
3589 459 3652 513 τδ
3693 463 3791 515 ἐπὶ

2126 545 2224 614 τῆς
2251 545 2354 616 γῆς
2385 545 2505 616 ἄρτι
2547 543 2700 596 τεθέν
2722 557 2734 571 ⁸
2782 542 2916 596 ἀλλά
2955 542 3047 596 καὶ
3087 542 3292 598 τούτων
3329 543 3502 610 οὓτως
3532 547 3788 618 ἐχόντων,

2128 631 2392 694 ἐπέκλυζε
2421 631 2518 702 μὲν
2549 631 2628 683 ἐτι
2673 631 2867 704 μικρὸν
2907 629 3036 684 ὄντα
3060 629 3150 684 τὸν
3191 631 3483 704 σπινθῆρα,
3524 634 3601 698 ὼς
3628 634 3786 708 ἔφην,

2130 721 2228 790 τῆς
2267 720 2548 783 εὐσεϐείας
2577 720 2638 773 τὸ
2667 720 2774 773 τῶν
2814 719 3072 773 ἐναντίων
3101 720 3358 790 πέλαγοςο
3393 725 3422 776 0
3451 724 3508 777 δέ
3538 725 3599 778 οὐ
3633 725 3791 797 μόνον

2131 808 2230 860 οὐκ
2261 807 2546 861 ἐσϐέννυτο
2575 806 2775 878 τούτῳ,
2816 806 2952 861 ἀλλά
2989 807 3083 861 καὶ
3127 807 3331 878 μείζων
3373 811 3664 883 γενόμενος
3696 817 3793 870 καὶ

2131 894 2482 967 φαιδρότερος
2510 895 2690 950 πάντα
2715 895 2870 968 ἐπῄει
2896 895 3103 964 ταχέως
3131 895 3182 960 ἀ,
3209 895 3278 949 τά
3310 897 3408 968 μέν
3435 899 3547 952 τῶν
3580 901 3797 972 ἐχθρῶν

2134 981 2413 1036 καταλύων
2444 982 2539 1036 καὶ
2566 983 2868 1037 ἀναλίσκων
2909 982 3143 1046 εὐκόλως
3167 1022 3183 1047 ,
3221 984 3293 1037 τὰ
3334 985 3389 1038 δὲ
3429 985 3538 1038 τῶν
3579 989 3797 1043 οἰκείων

2134 1068 2386 1134 ἀνιστῶν,
2411 1069 2504 1123 καὶ
2537 1070 2672 1140 πρὸς
2699 1070 2830 1139 ὕψος
2851 1069 3060 1138 ἄφατον
3083 1069 3276 1142 αἴρων,
3303 1072 3481 1126 καίτοι
3515 1073 3668 1146 [541]
3698 1076 3796 1128 ἀν-

2133 1155 2274 1227 δρῶν
2305 1156 2536 1209 εὐτελῶν
2572 1159 2667 1212 κα)⁸
2703 1159 2932 1228 ἀσήμων
2971 1158 3475 1229 ὐπηρετησαμένων
3512 1162 3681 1232 αὐτῷ.
3721 1162 3802 1217 T0

2133 1243 2190 1296 δὲ
2222 1244 2391 1297 αἴτιον
2428 1246 2528 1298 οὐκ
2554 1241 2622 1315 ἦν
2655 1245 2763 1298 τῶν
2801 1245 2998 1299 ἀλιέων
3025 1246 3252 1301 ἐκείνων
3286 1247 3411 1300 οὐτε
3450 1248 3520 1302 τὰ
3554 1252 3798 1320 ῥήματα,

2135 1329 2258 1384 οὐτε
2285 1331 2352 1384 τὰ
2377 1331 2649 1402 θαύματα,
2675 1331 2806 1385 ἁλλά
2830 1334 2926 1402 τῆς
2953 1335 3034 1397 εἰς
3057 1335 3255 1397 αὐτοὺς
3278 1336 3607 1408 ἐνεργούσης
3636 1337 3803 1391 δυνά-

2142 1435 2284 1488 μεως
2313 1419 2407 1471 τοῦ
2445 1418 2699 1488 Χριστοῦ.
2725 1418 2846 1472 Τῶν
2875 1420 2978 1492 γάρ
3007 1420 3180 1475 ταῦτα
3209 1421 3618 1494 ἐργασαμένων,
3649 1425 3678 1476 ό
3701 1423 3806 1495 μὲν

2141 1500 2210 1576 ἦν
2245 1507 2586 1576 σκηνοποιὸς,
2614 1509 2641 1560 0
2670 1507 2898 1572 Παῦλος,
2933 1510 2960 1561 0
2993 1508 3198 1579 Πέτρος
3238 1509 3294 1562 δέ
3315 1509 3531 1574 ἁλιεὺς,
3571 1511 3664 1564 καὶ
3703 1513 3810 1566 οὐκ

2141 1592 2207 1646 ἂν
2241 1591 2415 1657 οὓτως
2452 1593 2693 1647 εὐτελέσι
2744 1595 2838 1648 καὶ
2881 1599 3158 1659 ταπεινοῖς
3210 1597 3411 1651 πλάσαι
3463 1615 3517 1652 τι
3564 1598 3809 1652 τοιοῦτον

2141 1680 2344 1751 ἐπῆλθέ
2385 1698 2516 1734 ποτε
2539 1721 2552 1744 ,
2584 1681 2722 1752 πλὴν
2766 1683 2815 1734 εἰ
2847 1682 3132 1754 μαίνεσθαί
3169 1700 3253 1747 τις
3289 1684 3489 1747 αὐτοὺς
3528 1686 3661 1755 φαίη
3712 1687 3826 1740 καὶ

2143 1770 2497 1840 παραπαίειν.
2523 1771 2646 1824 Ὅτι
2671 1772 2728 1824 δέ
2751 1772 2851 1824 οὐκ
2873 1771 3160 1841 ἐμαίνοντο
3181 1772 3338 1844 δῆλον
3367 1771 3426 1837 ἐξ
3452 1766 3526 1828 ὧν
3558 1775 3812 1840 είπόντες

2143 1859 2537 1930 κατώρθωσαν,
2567 1862 2661 1913 καὶ
2685 1861 2749 1913 ὲκ
2769 1860 2877 1914 τῶν
2908 1861 2988 1914 ἔτι
3009 1861 3105 1913 καὶ
3129 1861 3223 1915 νῦν
3244 1861 3582 1932 πειθομένων
3602 1864 3810 1927 αὐτοῖς.

2145 1950 2259 2004 Οὐκ
2297 1947 2362 2002 ἀν
2397 1945 2489 2002 οὖν
2525 1966 2652 2003 ποτε
2693 1948 2920 2003 τοιαῦτα
2960 1949 3274 2018 ἐψεύσαντο,
3321 1950 3445 2004 οὐδέ
3491 1951 3816 2021 ἐκόμπασαν

2144 2034 2354 2101 ἁπλῶς.
2404 2037 2513 2089 Καὶ
2544 2035 2672 2106 γὰρ,
2703 2037 2842 2109 ὅπερ
2873 2037 3177 2108 ἀρχόμενος
3209 2037 3366 2108 ἐφην,
3400 2040 3429 2091 0
3471 2039 3678 2110 μέλλων
3715 2041 3811 2106 ἐξ·

2145 2124 2384 2194 απατᾷν,
2414 2113 2668 2194 ψεύδεται
2704 2126 2824 2196 μὲν,
2861 2125 3115 2195 ψεύδεται
3139 2125 3194 2178 δὲ
3227 2125 3326 2197 οὐχ
3366 2125 3536 2190 οὕτως
3569 2127 3645 2190 ὡς
3677 2130 3819 2182 πᾶσι

2145 2212 2401 2280 γενέσθαι
2428 2216 2765 2284 καταφανής.
2796 2214 2859 2266 Εἰ
2887 2212 2995 2283 γὰρ
3024 2212 3248 2267 καὶτῶν
3289 2215 3628 2285 πραγμάτων
3657 2215 3822 2268 ἐκϐεο

2147 2299 2412 2371 ϐηκότων,
2439 2303 2534 2357 καὶ
2561 2301 2832 2356 τοσούτων
2862 2302 3285 2374 μαρτυρούντων
3309 2302 3389 2375 τῷ
3414 2303 3577 2365 τέλει,
3612 2305 3722 2356 τῶν
3756 2321 3820 2358 τε

2145 2387 2206 2441 ἐν
2236 2388 2462 2453 ἐκείνοις
2479 2389 2886 2443 πιστευσάντων
2904 2393 3014 2454 τοῖς
3038 2390 3250 2462 χρόνοις
3275 2390 3369 2443 καὶ
3390 2390 3501 2443 τῶν
3525 2390 3582 2458 ἐξ
3608 2390 3820 2444 ἐκείνου

2147 2477 2425 2548 πανταχοῦ
2463 2479 2635 2534 ταῦτα
2674 2479 2929 2550 ᾀδόντων,
2982 2478 3043 2532 οὐ
3092 2479 3226 2550 παρ’
3266 2480 3397 2551 ἡμῖν
3450 2479 3632 2549 μόνον,
3678 2479 3821 2534 ἀλλά

2147 2564 2242 2618 καὶ
2266 2565 2418 2636 παρά
2451 2565 2767 2638 βαρϐάροις,
2809 2567 2902 2621 καὶ
2937 2569 3053 2631 τοῖς
3099 2567 3324 2621 ἐκείνων
3355 2567 3555 2639 μᾶλλον
3587 2567 3821 2637 ἐκτεθη-

2152 2653 2459 2724 ριωμένοις,
2494 2655 2642 2724 ὅμως
2667 2654 2774 2708 είσί
2795 2671 2942 2719 τινες
2969 2654 3108 2726 μετά
3133 2654 3372 2710 τοσαῦτα
3400 2657 3698 2728 τεκμήρια,
3723 2657 3824 2710 καὶ

2147 2740 2250 2811 τῆς
2280 2741 2608 2814 οίκουμένης
2657 2741 2733 2806 ὡς
2778 2742 2952 2795 εἰπεῖν
2992 2743 3210 2814 ἀπάσης
3253 2743 3355 2814 τὴν
3409 2744 3736 2815 μαρτυρίαν,
3771 2745 3826 2798 0!

2148 2829 2490 2885 διαπιστοῦσι
2519 2833 2632 2895 τοῖς
2663 2831 3071 2903 γεγενημένοις,
3118 2833 3214 2886 καὶ
3245 2832 3429 2887 πολλοὶ
3457 2831 3631 2895 οὕτως
3683 2832 3828 2886 ἀϐα-

2153 2916 2420 2982 σανίστως
2461 2918 2557 2972 καὶ
2582 2917 2970 2985 ἀνεξετάστως·
2995 2919 3077 2984 τίς
3101 2919 3167 2974 ἂν
3190 2919 3340 2993 παρά
3364 2920 3464 2991 τὴν
3478 2919 3652 2991 ἀρχὴν
3683 2915 3827 2990 μήτε

2152 3006 2456 3078 πράγματα
2497 3005 2867 3078 θεασάμενος,
2931 3009 3070 3080 μήτε
3121 3005 3428 3080 μαρτυρίας
3477 3005 3826 3072 ἀξιοπίστους

2159 3092 2362 3146 τούτων
2401 3092 2540 3164 ἔχων
2558 3133 2574 3157 ,
2605 3093 2808 3165 ταύτην
2840 3095 2906 3149 ἂν
2935 3094 3034 3166 τὴν
3061 3094 3246 3148 πίστιν
3286 3094 3504 3160 ἐδέξατο
3533 3096 3601 3165 τῇ
3638 3093 3826 3164 ψυχῆς

2154 3179 2208 3233 τί
2236 3179 2292 3234 δὲ
2321 3180 2459 3244 δλως
2506 3180 2602 3235 καὶ
2633 3181 2811 3254 ἐπῆρε
2837 3193 2861 3222 ο
2889 3181 3091 3236 πλάσαι
3121 3182 3218 3237 καὶ
3255 3179 3526 3236 συνθεῖναι
3565 3198 3618 3234 τι
3651 3181 3829 3234 τοιοῦ-

2152 3284 2246 3322 τον
2277 3268 2509 3335 αὐτούς;
2541 3267 2680 3322 Οὔτε
2715 3269 2826 3341 γὰρ
2869 3269 3042 3339 λόγων
3093 3270 3236 3339 ίσχύῖ
3279 3269 3421 3339 (πῶς
3458 3269 3588 3340 γὰρ,
3620 3263 3696 3321 ὧν
3729 3268 3830 3322 θάο

2153 3371 2312 3427 τερος
2342 3353 2468 3410 οὔτε
2492 3356 2798 3428 γράμματα
2828 3358 2966 3419 ὅλως
2999 3358 3269 3427 ἠπίστατο
3289 3359 3327 3428 ;)
3346 3358 3502 3424 ,οὐτε
3531 3357 3830 3428 χρημάτων

2155 3441 2421 3515 ἐθάρρουν
2452 3445 2757 3518 περιουσίᾳο
2794 3445 2890 3499 καὶ
2931 3444 3040 3518 γὰρ
3073 3445 3176 3516 τῆς
3200 3445 3505 3515 ἀναγκαίας
3537 3446 3691 3516 μόλις
3734 3446 3828 3498 εὐ-

2157 3531 2358 3602 πόρουν
2386 3532 2626 3604 τροφῆς,
2676 3531 2786 3587 ἀπὸ
2818 3532 2918 3603 τῆς
2941 3531 3050 3587 τῶν
3076 3532 3276 3604 χειρῶν
3315 3531 3509 3604 τέχνης
3529 3530 3826 3596 διαζῶντες

2158 3618 2481 3690 ἀμφότεροι.
2525 3619 2665 3673 Ἀλλ’
2712 3620 2833 3673 οὐδὲ
2889 3619 2982 3672 ἐπὶ
3029 3620 3219 3689 γένους
3257 3619 3602 3692 λαμπρότητι
3643 3619 3827 3690 παρῆν

2157 3706 2342 3770 αὐτοῖς
2369 3707 2511 3777 μέγα
2532 3709 2767 3778 φρονεῖν·
2790 3706 2885 3760 τοῦ
2913 3707 3012 3779 μὲν
3029 3707 3139 3778 γὰρ
3170 3702 3293 3760 οὐδὲ
3317 3707 3409 3760 τὸν
3437 3707 3645 3779 πατέρα
3667 3707 3827 3777 ῐσμεν

2159 3794 2308 3858 ὅστις
2333 3790 2420 3866 ῆν,
2455 3793 2628 3858 οὕτως
2652 3791 2720 3866 ἦν
2748 3794 2961 3866 ἄσημος
2994 3796 3087 3849 καὶ
3115 3796 3325 3866 ἀφανής
3346 3812 3359 3824 ·
3400 3795 3492 3848 τοῦ
3522 3796 3731 3868 Πέτρου
3766 3793 3826 3850 δέ

2159 3880 2317 3952 δῆλος
2343 3881 2438 3953 μέν
2468 3883 2615 3936 ἐστιν
2642 3884 2670 3935 0
2693 3882 2893 3955 πατὴρ,
2911 3881 3164 3936 τοσοῦτον
3181 3883 3237 3938 δέ
3262 3883 3376 3954 ἔχει
3397 3883 3624 3954 θατέρου
3643 3883 3837 3954 πλέον,

2159 3970 2284 4024 ὅσον
2311 3971 2411 4040 τὴν
2453 3971 2826 4042 προσηγορίαν
2872 3970 3039 4024 αὐτοῦ
3080 3970 3357 4044 γνώριμον
3403 3974 3534 4042 ἡμῖν
3565 3973 3832 4044 ἐποίησαν

2161 4058 2220 4114 αἱ
2243 4059 2458 4130 Γραφαὶ
2492 4059 2673 4130 μόνον,
2702 4059 2797 4112 xal
2825 4058 2984 4113 τοῦτο
3006 4059 3093 4115 διὰ
3126 4060 3219 4114 τὸν
3246 4061 3380 4114 υἱόν.
3411 4061 3481 4115 Εἰ
3507 4060 3565 4113 δέ
3599 4061 3692 4114 καὶ
3720 4060 3838 4131 χώ-,

2169 4163 2269 4218 ραν
2293 4163 2379 4210 τις
2406 4146 2674 4211 καίέθνος
2715 4146 2989 4213 ἐξετάζειν
3041 4147 3300 4218 βούλοιτο,
3344 4147 3435 4201 τὸν
3477 4148 3576 4217 μὲν
3631 4147 3834 4201 Κίλικα

2167 4234 2414 4306 εὑρήσει,
2449 4234 2540 4288 τὸν
2570 4234 2628 4288 δέ
2657 4234 2864 4299 πόλεως
2895 4238 3109 4306 ἀσήμου
3133 4235 3377 4306 πολίτην,
3408 4235 3606 4307 μᾶλλον
3629 4236 3685 4290 δέ
3709 4236 3836 4289 οὐδέ

2167 4323 2395 4387 πόλεως,
2426 4323 2562 4378 ἀλλά
2591 4322 2782 4395 κώμης
2801 4324 2901 4394 τῆς
2933 4325 3188 4394 ἐσχάτης*
3223 4323 3334 4378 ἀπὸ
3364 4323 3642 4394 Βηθσαϊδὰ
3684 4325 3830 4395 γάρ·

2163 4409 2265 4479 τῆς
2288 4409 2576 4474 Γαλιλαίας
2601 4411 2658 4463 δέ
2692 4412 2807 4464 ἐστι
2842 4411 3042 4482 χωρίον
3085 4411 3227 4465 οὕτω
3256 4409 3610 4482 καλούμενον,
3657 4411 3716 4475 ἐξ
3766 4407 3837 4484 ἧς

2167 4500 2197 4552 0
2226 4498 2496 4567 μακάριος
2531 4498 2736 4563 ἐκεῖνος
2773 4494 2863 4568 ἦν.
2911 4499 3022 4552 Καὶ
3063 4498 3164 4562 τὰς
3208 4499 3406 4568 τέχνας
3439 4499 3495 4552 δέ
3527 4516 3613 4561 τις
3657 4500 3839 4552 αὐτῶν

2169 4585 2438 4649 ἀκούσας,
2473 4584 2662 4655 ὄψεται
2699 4586 2852 4641 οὐδὲν
2886 4587 3034 4658 μέγα
3070 4586 3300 4656 ἐχούσας
3339 4587 3430 4640 καὶ
3479 4588 3697 4657 σεμνόνο
3740 4587 3840 4642 τοῦ

2175 4674 2272 4744 μὲν
2307 4673 2416 4746 γὰρ
2443 4674 2638 4737 ἁλιέως
2661 4675 2690 4728 0
2719 4676 3042 4745 σκηνοποιὸς
3071 4674 3416 4746 τιμιώτερος,
3439 4675 3549 4728 τῶν
3579 4676 3635 4729 δὲ
3662 4675 3842 4729 ἄλλων

2172 4762 2535 4834 χειροτεχνῶν
2568 4762 2966 4835 εὐτελέστερος.
3007 4763 3176 4818 Πόθεν
3221 4759 3335 4826 οὖν,
3365 4763 3484 4816 είπέ
3515 4781 3628 4834 μοι,
3673 4763 3841 4816 πόθεν

2166 4853 2402 4922 πρᾶγμα
2429 4849 2686 4904 τοσοῦτον
2702 4849 3095 4922 ὑποκρίνασθαι
3118 4851 3450 4921 ἐτόλμησαν;
3473 4851 3652 4914 ποίαις
3671 4853 3840 4923 ἐπαρ-

2167 4938 2353 4997 θέντες
2397 4939 2609 5004 ἐλπίσι;
2649 4938 2758 4992 τίνι
2795 4939 3194 5014 θαρῤήσαντεςς
3232 4935 3341 5010 ἆρα
3369 4937 3446 5008 τῷ
3480 4937 3711 5008 καλάμῳ
3748 4940 3842 4993 καὶ

2165 5026 2244 5097 τῷ
2269 5027 2571 5098 ἀγκίστρῳ,
2601 5027 2634 5098 ἢ
2663 5028 2728 5097 τῇ
2766 5025 2932 5096 σμίλῃ
2967 5027 3062 5079 καὶ
3086 5024 3164 5096 τῷ
3191 5028 3488 5097 τρυπάνῳ;
3524 5024 3639 5078 Οὐκ
3667 5025 3842 5078 ἀπελ-

2166 5115 2352 5179 θόντες
2375 5112 2689 5183 ἀπάγξεσθέ
2716 5129 2841 5180 που,
2880 5109 2915 5182 ἥ
2958 5114 3052 5166 καὶ
3091 5113 3566 5190 κατακρημνίσετε
3612 5112 3846 5178 ἑαυτοὺς

2164 5202 2438 5270 τοσαύτην
2467 5199 2887 5269 ὀφλισκάνοντες
2912 5201 3134 5262 ἀνοιαν;

2237 5289 2299 5344 δ’.
2333 5288 2526 5359 Θῶμεν
2560 5287 2636 5350 δέ,
2661 5289 2709 5343 εί
2735 5285 3008 5358 βούλεσθε.
3049 5286 3168 5340 καθ’
3204 5287 3349 5359 ὑμᾶς
3379 5289 3473 5343 καὶ
3501 5289 3560 5343 τὸ
3581 5289 3850 5349 ἀδύνατον

2162 5377 2320 5433 τοῦτο
2353 5375 2603 5447 γενέσθαι
2649 5365 2894 5437 δυνατὸν,
2947 5376 3040 5430 καὶ
3086 5375 3178 5428 τὸν
3228 5376 3328 5446 μὲν
3359 5376 3470 5430 ἀπὸ
3502 5379 3600 5447 τῆς
3647 5376 3848 5447 λίμνης

2162 5464 2451 5520 ἀνελθόντα
2493 5463 2692 5533 λέγειν,
2727 5461 2808 5516 ὅτι
2854 5462 2919 5516 Ἦ
2959 5461 3086 5516 σκιά
3133 5461 3226 5515 τοῦ
3273 5463 3524 5533 σώματος
3567 5462 3662 5516 τοῦ
3704 5461 3852 5536 ἐμοῦ

2226 5577 2433 5637 ᾂδενὶι.
2467 5581 2521 5626 et
2543 5588 2671 5626 unus
2715 5575 2824 5625 cod.
2867 5574 3022 5637 πάντα
3059 5573 3193 5636 ἐπῄει
3235 5576 3437 5637 ταχέως,
3482 5575 3654 5626 Morbi.
3682 5583 3738 5626 el
3759 5578 3858 5628 dii

2162 5633 2315 5713 πάῒτσξ
2329 5640 2467 5713 ,ξετιει
2487 5654 2595 5713 ταῖς·
2609 5637 2766 5713 ,ντίοξ
2789 5635 2944 5713 ιειξιέίξ
2967 5633 3199 5713 Pw???
3217 5633 3446 5713 3.391%"?-

2236 5704 2259 5732 °
2285 5699 2380 5750 Alii
2404 5699 2526 5756 ὅλως
2547 5697 2711 5762 ἐπῇρε,
2734 5699 3116 5762 δεγίΙᾹῐιηωΗυ
3137 5697 3288 5762 ριαίίί
3313 5699 3531 5762 ὃλωςῗκαὶ
3553 5700 3714 5762 ἐπῇρε,
3739 5698 3850 5748 no-

2171 5763 2265 5811 rel.
2293 5767 2346 5809 et
2367 5762 2518 5824 Sayil.
2544 5760 2594 5812 in
2619 5759 2768 5824 marg.
2798 5761 2918 5817 ὅλως
2943 5760 3149 5824 ἐξιπῇρι.
3177 5759 3305 5811 Infra
3325 5761 3476 5811 Savil.
3499 5762 3548 5812 in
3592 5759 3736 5811 testu
3761 5777 3845 5824 με.

2175 5822 2494 5901 γαλοφρονεῖν.
