4044 6206
224 380 335 439 537

228 498 447 571 [.opulis
474 492 827 567 gentibusque
876 503 981 542 non
1012 487 1304 557 sapientem
1350 477 1652 551 quempiam
1674 512 1689 537 ,
1718 483 1823 524 non

231 592 610 662 insipientem,
640 598 745 638 non
769 581 941 636 virum
962 620 978 645 ,
1007 594 1112 633 non
1143 575 1455 635 mulierem,
1485 582 1588 622 non
1633 575 1826 633 parvu-

232 685 349 739 lum
390 678 457 734 ad
486 691 636 732 suam
666 672 979 744 pertrahere
1022 665 1339 723 sententiam
1382 662 1702 730 potuerunt;
1733 647 1829 704 sed

237 785 427 828 eorum
458 767 655 837 scripta
682 778 852 833 usque
891 760 1026 815 adeo
1064 759 1177 813 risu
1206 755 1358 825 digna
1402 758 1547 812 sunt,
1576 756 1632 799 ut
1652 759 1716 798 ex
1742 754 1834 795 eo-

241 882 362 920 rum
390 861 537 917 libris
565 859 654 913 alii
678 830 883 927 jamdiu
914 850 1188 922 perierint,
1214 845 1305 900 alii
1334 842 1511 897 statim
1550 846 1707 905 atque
1735 830 1833 888 visi

244 964 373 1009 sunt
392 923 740 1007 exoleverint.
772 943 925 1011 Quod
963 942 1007 996 si
1047 939 1173 1011 quid
1195 953 1259 993 ex
1289 936 1353 990 iis
1396 930 1664 1001 supersit,
1695 923 1835 995 apud

244 1045 582 1101 Christianos
622 1037 823 1093 servari
869 1034 1236 1102 comperitur:
1270 1035 1472 1082 tantum
1499 1022 1649 1075 abest
1675 1026 1731 1072 ut
1772 1031 1839 1071 ex

246 1151 437 1193 eorum
462 1131 671 1191 insidiis
698 1126 879 1184 damni
921 1123 1190 1196 quidpiam
1230 1118 1382 1173 nobis
1409 1112 1702 1170 timemlmn
1747 1123 1837 1162 su-

251 1230 560 1298 spicemur;
605 1224 675 1277 ita
724 1220 962 1275 ridemus
1008 1224 1253 1269 versutos
1294 1212 1504 1265 illorum
1558 1205 1841 1259 adversum

252 1337 354 1376 nos
379 1327 620 1373 conatus.
644 1314 828 1383 Neque
853 1310 995 1366 enim
1017 1306 1062 1363 si
1081 1319 1307 1375 corpora
1329 1301 1483 1356 nobis
1508 1295 1843 1353 adamantina

254 1422 440 1469 essent
485 1420 539 1466 et
582 1403 1000 1475 incorruptibilia
1026 1442 1040 1467 ,
1081 1397 1426 1468 scorpiones,
1471 1396 1747 1459 serpentes
1794 1391 1848 1438 et

257 1506 436 1575 ignem
466 1516 625 1556 manu
672 1498 934 1566 stringere
978 1490 1389 1547 formidaremus
1409 1527 1423 1549 ,
1450 1497 1636 1538 verum
1668 1486 1851 1532 osten-

257 1569 409 1652 tandi
436 1608 593 1649 causa
620 1591 945 1652 faceremus;
974 1585 1051 1639 sic
1074 1596 1248 1652 neque
1273 1577 1484 1649 quando
1515 1574 1668 1629 nobis
1693 1569 1849 1625 Chri-

261 1699 380 1743 stus
398 1684 659 1756 ejusmodi
682 1681 889 1735 animos
914 1690 1075 1747 atque
1100 1675 1255 1728 ﬁdem
1283 1669 1507 1742 paravit,
1526 1677 1728 1719 venena
1752 1660 1853 1714 llu-

264 1781 425 1835 stium
478 1789 640 1845 penes
688 1788 788 1827 nos
831 1769 1089 1823 habentes
1135 1760 1579 1833 pertimescimus.
1626 1754 1759 1809 Nam
1808 1751 1853 1805 si

266 1871 425 1927 nobis
463 1869 672 1940 jussum
728 1873 811 1920 est
858 1878 1019 1932 supra
1068 1867 1383 1927 serpentes,
1437 1850 1747 1919 scorpiones
1801 1853 1855 1900 et

270 1935 491 2023 omnem
522 1958 721 2017 diaboli
758 1953 1092 2028 tyrannidem
1130 1947 1402 2003 ambulare
1432 1942 1591 2014 (Luc.
1619 1935 1855 2003 10.19),

268 2055 438 2111 multo
462 2051 631 2122 magis
652 2064 812 2117 supra
835 2059 1047 2101 vermes
1068 2051 1123 2098 et
1140 2038 1463 2095 lumbricos:
1489 2040 1691 2088 tantum
1716 2028 1858 2083 enim

266 2158 351 2202 est
378 2118 719 2200 intervallum
751 2140 888 2193 inter
916 2136 1128 2192 illorum
1160 2136 1538 2189 nocumentum
1564 2132 1619 2180 et
1644 2118 1860 2189 maligni

270 2235 466 2299 diaboli
490 2231 729 2288 insidias.

340 2331 398 2392 3.
430 2328 498 2383 Et
526 2335 828 2380 nostrarum
853 2320 1068 2392 quidem
1095 2331 1271 2373 rerum
1314 2315 1402 2369 illa
1436 2322 1520 2369 est
1559 2310 1694 2367 ratio
1724 2351 1742 2378 ,
1773 2323 1865 2363 ve-

275 2433 417 2483 stras
455 2426 635 2478 autem
680 2432 768 2474 res
805 2411 1131 2485 oppugnavit
1169 2422 1327 2464 nemo
1362 2420 1611 2476 umquam
1644 2422 1658 2458 :
1692 2412 1866 2471 neque

274 2515 418 2577 enim
452 2512 531 2568 las
549 2518 634 2566 est
668 2505 985 2564 Christianis
1010 2501 1328 2558 necessitate
1350 2514 1413 2554 ac
1441 2495 1687 2553 violentia
1717 2510 1869 2551 erro-

275 2622 393 2673 rem
417 2604 750 2665 subvertere,
778 2600 872 2655 sed
898 2596 1135 2661 suadela,
1156 2607 1410 2650 sermone
1433 2600 1486 2646 et
1507 2588 1869 2645 mansuetudi-

278 2716 349 2756 ne
378 2697 658 2754 hominum
684 2695 831 2751 salus
857 2689 1090 2753 curanda
1112 2698 1215 2745 est.
1240 2683 1597 2753 Quamobrem
1622 2696 1781 2737 nemo
1801 2697 1868 2737 ex

277 2790 600 2848 Christianis
634 2782 1046 2855 lmperatoribus
1078 2780 1198 2837 talia
1226 2784 1411 2836 contra
1438 2789 1535 2831 vos
1562 2772 1738 2844 posuit
1776 2771 1872 2827 de-

280 2891 454 2944 creta,
478 2878 652 2951 qualia
674 2883 866 2931 contra
886 2887 984 2928 nos
1011 2871 1046 2926 ii
1066 2869 1157 2941 qui
1185 2867 1457 2927 daemones
1483 2862 1748 2919 colebant.
1771 2862 1870 2917 At-

281 2984 465 3031 tamen
486 2983 643 3026 error
671 2967 760 3023 ille
787 2963 1084 3034 gentilium,
1111 2966 1310 3014 tantam
1338 2962 1700 3024 consequutus
1719 2952 1872 3023 quie-

284 3073 394 3120 tem
423 3075 479 3119 et
508 3078 539 3117 a
569 3060 782 3117 nemine
808 3058 1046 3112 turbatus
1074 3065 1349 3121 umquam,
1375 3064 1470 3119 per
1495 3060 1556 3102 sc
1577 3056 1751 3101 tamen
1779 3057 1875 3101 ex—

286 3158 515 3213 stinctus
541 3162 660 3219 est,
681 3158 737 3207 et
773 3150 827 3205 in
854 3162 916 3205 se
956 3148 1070 3217 ipse
1112 3143 1349 3209 corruit,
1392 3154 1541 3196 more
1568 3152 1874 3208 corporum,

290 3264 408 3320 qua:
435 3247 690 3304 diuturna
710 3244 832 3298 tabe
868 3238 1083 3303 iniecta,
1115 3234 1329 3292 nemine
1358 3232 1605 3295 laedente,
1638 3245 1733 3300 per
1758 3241 1878 3283 sese

292 3346 726 3412 corrumpuntur,
756 3345 811 3390 et
848 3331 1101 3404 paulatim
1127 3328 1383 3385 dissoluta
1422 3332 1665 3396 pereunt.
1698 3321 1879 3390 Itaque

295 3433 395 3490 etsi
432 3430 704 3488 satanicus
731 3428 832 3482 iste
859 3425 999 3480 risus
1032 3437 1138 3477 non
1176 3433 1394 3491 prorsus
1424 3418 1476 3471 in
1508 3425 1649 3472 terra
1677 3413 1882 3469 deletus

295 3534 396 3591 est,
425 3531 481 3577 at
502 3531 623 3592 qua:
665 3519 775 3588 jam
801 3515 1135 3584 contigerunt
1162 3512 1292 3567 satis
1332 3517 1457 3564 sunt
1482 3507 1549 3562 ad
1584 3506 1883 3560 futurorum

298 3611 717 3671 continuandam
766 3608 945 3663 ﬁdem.
976 3605 1109 3661 Cum
1155 3603 1296 3658 enim
1342 3603 1410 3655 ita
1456 3599 1603 3655 brevi
1646 3608 1886 3666 tempore

300 3706 527 3762 maxima
553 3716 676 3773 pars
695 3714 881 3763 eversa
902 3698 1012 3769 jam
1038 3694 1216 3762 fuerit,
1246 3693 1312 3748 de
1332 3693 1536 3762 reliquo
1557 3703 1715 3745 nemo
1743 3695 1890 3758 post-

301 3812 364 3857 ea
392 3793 814 3852 controversiam
838 3790 1099 3845 movebit.
1128 3787 1335 3843 Etenim
1369 3786 1499 3839 urbe
1519 3792 1692 3853 capta,
1722 3779 1888 3834 muris

298 3889 509 3954 dirutis,
535 3885 821 3958 praetoriis,
845 3881 1086 3947 theatris,
1115 3877 1434 3934 ambulacris
1459 3875 1681 3938 exustis,
1706 3871 1889 3927 casis-

300 3996 406 4051 que
449 3977 700 4033 omnibus
732 3975 822 4044 qui
859 3970 1044 4027 ﬂorida
1071 3978 1224 4025 erant
1260 3976 1447 4033 artate,
1478 3966 1524 4020 si
1571 3964 1689 4035 quis
1729 3961 1892 4017 serui-

304 4081 453 4125 ustas
473 4067 711 4139 porticus
734 4065 929 4127 videat,
955 4076 1245 4132 paucarum
1271 4059 1465 4114 aedium
1490 4063 1693 4111 stantes
1720 4053 1892 4109 adhuc

307 4172 508 4232 partes,
540 4174 663 4214 cum
690 4156 913 4213 aniculis
938 4163 993 4212 ct
1016 4152 1277 4224 puerulis,
1322 4164 1652 4219 nequaquam
1682 4145 1889 4209 victori,

306 4256 396 4325 qui
423 4266 688 4307 summam
715 4250 790 4304 rei
811 4246 1064 4312 confecit,
1097 4244 1352 4310 timuerit,
1376 4257 1443 4297 ne
1465 4241 1605 4311 quod
1622 4239 1893 4295 residuum

310 4358 392 4402 cst
420 4350 680 4417 perlicere
712 4359 817 4398 non
846 4341 1040 4396 valeat.
1072 4339 1398 4393 Piscatorum
1444 4343 1619 4389 autem
1660 4346 1748 4385 res
1790 4344 1897 4384 non

314 4441 383 4496 ita
412 4455 472 4493 se
503 4436 736 4501 habent,
784 4433 878 4488 sed
908 4431 1145 4505 quotidie
1174 4429 1342 4499 magis
1367 4427 1643 4496 magisque
1670 4422 1859 4478 ﬂorent
1878 4460 1896 4490 ,

317 4548 419 4586 non
443 4545 537 4600 per
557 4538 795 4597 apertam
825 4525 1091 4594 planitiem
1114 4536 1177 4577 ac
1205 4536 1297 4591 per
1311 4520 1544 4590 quietem
1570 4516 1636 4571 ad
1664 4524 1901 4571 nostram

316 4636 483 4691 usque
518 4627 732 4675 aetatem
769 4616 1041 4681 deductzn,
1072 4612 1167 4668 sed
1195 4627 1292 4683 per
1325 4622 1591 4665 :erumnas
1611 4648 1626 4674 ,
1670 4606 1806 4661 bella
1850 4612 1905 4659 et

316 4713 518 4783 prmlia.
552 4708 833 4765 Gentilitas
853 4707 1052 4778 quippe
1079 4719 1202 4759 cum
1227 4703 1420 4773 ubique
1442 4710 1701 4757 terrarum
1729 4696 1906 4767 prola-

320 4814 371 4858 ta
397 4804 639 4858 omnium
676 4801 885 4855 animos
909 4804 1246 4867 occupasset,
1276 4795 1347 4850 ita
1372 4793 1610 4857 demum,
1642 4798 1763 4861 post
1791 4798 1908 4843 tan-

322 4909 430 4952 tum
457 4897 624 4952 robur
647 4904 805 4963 atque
842 4892 1227 4947 incrementum
1249 4932 1262 4955 ,
1307 4904 1337 4942 a
1364 4886 1563 4945 Christi
1590 4885 1787 4939 virtute
1818 4898 1907 4938 so—

324 4987 427 5046 luta
449 4995 533 5042 est
553 5004 567 5051 ;
591 4984 897 5056 prmdicatio
919 4992 1095 5037 autem
1126 4991 1305 5037 nostra
1333 4995 1436 5033 non
1462 4987 1586 5032 tunc
1604 4976 1787 5033 hostes
1812 4975 1911 5029 ha-

327 5078 452 5133 bere
471 5078 658 5148 erepit,
677 5090 797 5131 cum
818 5075 1012 5147 ubique
1040 5083 1325 5144 propagata
1353 5070 1577 5127 ﬁrmiter
1606 5074 1793 5133 staret,
1817 5066 1910 5121 sed

329 5172 633 5240 priusquam
662 5168 714 5222 in
742 5167 1045 5223 auditorum
1076 5166 1268 5220 animis
1297 5163 1617 5232 deligeretur
1645 5169 1699 5215 et
1727 5157 1916 5212 funda-

329 5272 495 5325 retur,
524 5259 593 5312 ab
616 5260 732 5329 ipso
760 5258 837 5313 rei
860 5256 1174 5328 primordio,
1198 5264 1383 5311 contra
1404 5253 1720 5307 universum
1748 5260 1918 5304 terra-

328 5366 445 5407 rum
472 5351 661 5404 orbem
682 5350 851 5404 aciem
882 5350 1147 5405 instruere
1165 5345 1473 5417 cogebatur,
1507 5345 1692 5399 Contra
1727 5340 1917 5411 princi-

330 5453 479 5510 patus
499 5452 546 5494 et
578 5449 867 5510 potestates,
890 5450 936 5495 et
962 5450 1179 5495 rectores
1199 5437 1518 5493 tenebrarum
1538 5437 1710 5489 δινευιὶ
1740 5434 1914 5504 hujus,

328 5534 570 5589 adversus
586 5533 873 5604 spiritantia
896 5533 1127 5603 nequitia:
1151 5530 1370 5603 (Ep/res.
1395 5529 1448 5584 6.
1478 5527 1570 5597 12)
1590 5544 1603 5579 :
1627 5542 1747 5580 cum
1774 5525 1916 5580 enim

332 5622 564 5678 scintilla
604 5621 727 5678 ﬁdei
755 5622 991 5678 nondum
1028 5623 1163 5678 bene
1202 5634 1428 5676 accensa
1461 5625 1635 5684 esset,
1679 5625 1790 5672 tum
1822 5614 1893 5670 llu

336 5714 479 5773 mina
523 5722 579 5767 et
616 5713 793 5784 abyssi
822 5713 1055 5781 undique
1083 5711 1393 5768 induebant.
1426 5708 1586 5766 Scitis
1614 5723 1774 5777 porro
1813 5720 1918 5760 non

340 5805 559 5883 perinde
596 5820 713 5862 esse
746 5804 977 5879 plantam
1006 5803 1072 5862 ab
1110 5801 1583 5861 innumerabilibus
1609 5798 1717 5872 jam
1761 5801 1912 5858 annis

982 372 1070 429 DE
1106 371 1164 429 S.
1207 365 1508 430 BABYLA,
1548 352 1825 418 CONTRA
1860 346 2201 408 JULIANUM
2242 348 2329 404 ET
2369 339 2724 403 GENTILES.

3396 316 3503 377 5'58

1937 464 2404 533 radicesagentcm
2431 458 2679 523 evellere,
2706 464 2865 523 atque
2887 465 3003 506 eam
3027 462 3148 519 qua:
3169 460 3337 516 nuper
3355 444 3513 501 Insita

1934 559 2113 614 fuerit.
2159 557 2265 613 Sed
2311 557 2363 609 in
2404 569 2468 610 eo
2508 552 2583 606 rei
2613 558 2750 604 statu
2784 544 2991 617 pietatis
3031 539 3316 597 scintillam
3344 536 3518 591 ad'oic

1939 650 2221 712 modicam,
2256 658 2312 701 ιιι
2340 646 2473 709 dixi,
2515 641 2791 697 inundavit
2815 634 3245 691 adversariorum
3279 629 3517 698 pelagus,

1939 758 2056 813 qua:
2106 751 2281 795 tamen
2337 736 2529 803 nedum
2576 732 3027 800 exstingueretur,
3072 723 3243 793 major
3270 720 3430 774 etiam
3460 730 3523 769 ac

1940 807 2273 902 splendidior
2303 828 2491 882 effecta
2513 867 2528 889 ,
2561 822 2738 878 omnia
2779 821 2883 883 cito
2917 814 3271 888 pervadebat,
3305 827 3392 875 res
3432 807 3526 861 ad-

1942 922 2295 977 versariorum
2347 917 2499 971 facile
2546 914 2834 969 devastans
2871 925 2935 963 ac
2979 918 3321 966 consmnens,
3373 913 3523 954 suam

1944 1028 2074 1069 vero
2095 1027 2207 1067 rem
2231 1010 2439 1078 erigens
2465 1017 2622 1074 atque
2651 1005 2702 1060 in
2734 1003 3047 1056 immensam
3076 997 3269 1049 tollens
3294 989 3528 1044 altitudi-

1948 1119 2091 1168 nem,
2128 1102 2337 1156 etiamsi
2366 1100 2461 1153 viri
2503 1107 2690 1151 tenues
2718 1102 2877 1162 atque
2906 1089 3118 1145 obscuri
3152 1102 3269 1142 eam
3299 1081 3528 1139 admini-

1948 1205 2200 1252 strarcnt.

2034 1287 2155 1340 Vilis
2185 1283 2483 1338 conditionis
2519 1279 2745 1334 homines
2783 1293 2889 1329 rem
2915 1272 3253 1327 Christianam
3282 1283 3534 1337 propaga-

1953 1395 2087 1440 ruut.
2115 1381 2319 1436 —Ncc
2366 1381 2417 1434 in
2460 1392 2619 1432 causa
2673 1382 2826 1428 erant
2872 1371 3189 1441 piscatorum
3234 1360 3533 1433 hujusmodi

1954 1477 2117 1531 verba
2156 1472 2239 1526 vel
2280 1468 2569 1531 miracula,
2610 1465 2705 1520 sed
2729 1461 2925 1517 Christi
2951 1460 3119 1513 virtus
3162 1456 3213 1509 in
3243 1453 3371 1523 ipsis
3400 1466 3533 1519 ope-

1956 1583 2100 1625 rans.
2134 1566 2211 1622 Ex
2243 1564 2346 1617 illis
2375 1561 2540 1624 enim,
2574 1558 2665 1627 qui
2695 1556 2814 1610 talia
2843 1552 3138 1622 patrabant,
3177 1548 3313 1600 alter
3344 1541 3539 1597 l‘aulus

1958 1666 2091 1723 erat,
2126 1654 2474 1711 tentoriorum
2514 1648 2734 1712 artifex;
2762 1646 2897 1699 alter
2924 1644 3114 1697 Petrus
3144 1640 3373 1709 piscator
3400 1650 3413 1687 :
3448 1647 3542 1688 ne-

1958 1766 2062 1822 que
2088 1759 2193 1804 tam
2224 1745 2468 1802 tenuibus
2495 1741 2799 1796 hominibus
2823 1739 2875 1792 in
2905 1745 3135 1790 mentem
3167 1732 3402 1786 venisset
3426 1742 3543 1780 um—

1960 1857 2119 1912 quam
2149 1853 2267 1895 rem
2298 1836 2455 1891 talem
2498 1832 2822 1901 conﬁngere,
2866 1826 2967 1881 nisi
2990 1825 3107 1895 quis
3134 1838 3229 1877 eos
3263 1817 3545 1873 insaniisso

1961 1944 2016 1991 ct
2041 1942 2217 1990 mente
2238 1942 2421 2001 captos
2451 1930 2616 1984 tuisse
2638 1926 2799 1981 dicat.
2827 1921 2980 1991 Quod
3006 1929 3181 1974 autem
3213 1931 3318 1970 non
3346 1911 3543 1967 insani-

1965 2035 2113 2091 reut,
2148 2026 2317 2096 palam
2345 2030 2429 2079 est
2455 2031 2565 2075 tum
2595 2035 2659 2074 ex
2690 2018 2770 2082 iis,
2815 2030 2934 2085 qua:
2975 2023 3223 2067 sermone
3251 2004 3547 2076 perfecere,

1965 2127 2077 2174 tum
2098 2132 2163 2172 ex
2189 2116 2273 2184 iis,
2296 2114 2385 2185 qui
2409 2113 2699 2175 etiamnum
2721 2108 2825 2163 illis
2844 2105 3232 2172 obtemperant.
3251 2097 3547 2165 Numquam

1967 2214 2124 2284 igitur
2150 2210 2270 2266 talia
2300 2209 2373 2263 illi
2400 2204 2641 2263 ementiti
2669 2202 2910 2264 fuissent,
2937 2197 3017 2253 vel
3043 2190 3377 2266 gloriabundi
3396 2187 3553 2258 jacti—

1969 2280 2190 2358 lassent.
2216 2299 2458 2362 Etenim,
2484 2305 2542 2351 ut
2566 2292 2826 2365 principio
2866 2288 3105 2347 dicebam
3124 2327 3139 2350 ,
3170 2283 3265 2354 qui
3304 2280 3554 2350 decipere

1968 2396 2117 2460 vult,
2161 2391 2417 2449 mentitur
2459 2387 2675 2459 quidem
2695 2428 2710 2453 ,
2741 2383 2835 2440 sed
2867 2397 2970 2437 non
3002 2380 3075 2434 ita
3110 2374 3382 2438 mentitur,
3405 2379 3463 2426 ut
3485 2369 3555 2424 ab

1970 2485 2218 2543 omnibus
2256 2478 2586 2553 deprehendi
2631 2476 2817 2548 possit.
2848 2473 2981 2530 Nam
3025 2470 3093 2534 si,
3141 2476 3420 2539 postquam
3466 2474 3556 2516 res

1970 2578 2307 2647 contigerunt
2342 2580 2397 2628 et
2423 2580 2528 2626 tam
2575 2567 2729 2623 multi
2770 2580 2952 2621 earum
2996 2569 3245 2617 eventum
3294 2553 3557 2612 testiﬁcati

1972 2678 2126 2733 sunt,
2159 2676 2270 2722 tum
2308 2679 2376 2719 ex
2418 2662 2484 2716 iis
2507 2702 2524 2728 ,
2555 2658 2646 2731 qui
2677 2658 2779 2712 illis
2813 2652 3142 2723 temporibus
3167 2647 3509 2705 crediderunt
3540 2685 3558 2709 ,

1975 2768 2086 2815 tum
2134 2772 2203 2813 ex
2252 2755 2351 2819 iis,
2399 2753 2488 2824 qui
2536 2757 2722 2821 postea
2776 2746 2893 2800 haec
2942 2742 3137 2811 ubique
3183 2736 3557 2800 celebrarunt,

1975 2865 2076 2906 nec
2098 2846 2237 2918 apud
2263 2860 2361 2902 nos
2385 2852 2613 2907 tantum,
2641 2838 2734 2894 sed
2763 2834 2903 2906 apud
2928 2833 3205 2896 barbaros,
3230 2837 3283 2883 et
3302 2825 3440 2896 apud
3465 2840 3561 2880 eos

1976 2941 2068 3013 qui
2098 2940 2226 3013 ipsis
2254 2935 2495 2994 barbaris
2520 2931 2856 2989 ell'eratiores
2891 2935 3036 2989 sunt,
3064 2928 3354 2992 supersunt
3382 2928 3558 2972 tamen

1977 3009 2227 3107 quidam,
2257 3029 2348 3101 qui
2387 3036 2507 3099 post
2552 3034 2630 3081 tot
2657 3025 2840 3094 signa,
2872 3027 2922 3075 et
2955 3016 3137 3086 totius,
3166 3019 3227 3066 ut
3248 3012 3320 3068 ita
3347 3009 3520 3065 dicam
3543 3046 3564 3073 ,

1979 3098 2124 3185 orbis
2150 3098 2531 3187 testimonium,
2558 3117 2719 3174 rebus
2743 3114 2906 3186 gestis
2927 3126 3031 3166 non
3047 3111 3297 3171 credunt,
3318 3118 3383 3158 ac
3409 3098 3566 3157 multi

1984 3220 2131 3277 nullo
2154 3215 2436 3281 examine,
2488 3211 2631 3268 nulla
2677 3204 3056 3280 perquisitione
3098 3197 3373 3272 prmmissa
3404 3211 3417 3249 :
3449 3191 3571 3263 quis

1982 3313 2050 3367 ab
2076 3310 2263 3377 initio,
2308 3306 2467 3362 nullis
2496 3300 2790 3375 perspectis
2832 3297 3030 3362 rebus,
3077 3291 3224 3347 nullo
3261 3286 3368 3343 ﬁde
3409 3284 3571 3355 digno

1986 3400 2291 3459 testimonio
2333 3371 2589 3459 munitus,
2622 3371 2785 3446 ibanc
2837 3387 2995 3442 ﬁdem
3039 3384 3218 3438 animo
3262 3371 3573 3446 exceperit?

1986 3494 2113 3565 quid
2153 3490 2363 3552 tandem
2392 3488 2513 3543 illos
2541 3482 2809 3540 induxerit
2836 3479 2902 3535 ad
2934 3478 3038 3532 tale
3072 3472 3342 3545 quidpiam
3366 3468 3572 3536 tingen-

1987 3587 2116 3642 dum
2142 3592 2194 3638 et
2222 3574 2771 3637 comminiscendum?
2798 3571 2980 3641 Neque
3004 3570 3146 3623 enim
3185 3560 3397 3619 dicendi
3425 3559 3476 3613 vi
3510 3557 3570 3609 ﬁ-

1991 3676 2225 3739 debant;
2252 3670 2363 3742 (qui
2394 3670 2536 3724 enim
2562 3666 2613 3721 id
2638 3665 2751 3719 ﬁeri
2782 3661 2969 3733 possit,
2992 3673 3112 3712 cum
3137 3656 3276 3708 alter
3290 3667 3358 3706 ne
3397 3650 3578 3704 literas

1990 3769 2204 3841 quidem
2234 3738 2489 3832 nosset?)
2518 3773 2689 3829 neque
2719 3754 3021 3811 divitiarum
3048 3747 3236 3818 copim,
3264 3742 3457 3815 quibus
3483 3738 3579 3793 ali-

1993 3869 2174 3918 menta
2202 3830 2500 3913 necessaria
2525 3852 2611 3906 vix
2646 3852 2989 3917 suppeterent
3011 3882 3025 3907 ,
3051 3849 3106 3896 et
3133 3837 3221 3908 qui
3251 3835 3442 3890 diurno
3465 3830 3581 3899 opi-

1996 3953 2116 4007 ﬁcio
2136 3949 2472 4009 victitarent;
2505 3956 2677 4013 neque
2702 3939 2769 3995 de
2817 3934 3029 4007 generis
3054 3928 3337 4002 splendore
3366 3921 3582 3995 gloriari

1997 4050 2243 4115 poterant
2273 4057 2289 4094 :
2319 4036 2539 4093 alterius
2567 4033 2709 4088 enim
2738 4045 2804 4084 ne
2831 4036 3032 4097 patrem
3059 4021 3271 4093 quidem
3302 4016 3579 4076 novimus,

2000 4105 2071 4192 ita
2096 4144 2210 4191 erat
2229 4132 2492 4188 obscurus
2519 4136 2677 4194 atque
2703 4123 2950 4193 ignotus;
2977 4115 3119 4172 Petri
3140 4127 3269 4168 vero
3290 4118 3439 4181 pater
3463 4105 3584 4177 qui-

1999 4227 2121 4283 dem
2152 4233 2310 4279 notus
2337 4228 2450 4285 est,
2477 4216 2572 4273 sed
2612 4214 2664 4269 id
2704 4220 2907 4267 tantum
2945 4205 3174 4276 amplius
3211 4202 3391 4264 habet,
3422 4211 3581 4267 quam

2001 4319 2159 4383 alter,
2190 4312 2331 4385 quod
2360 4310 2528 4366 solam
2572 4305 2739 4378 patris
2772 4299 3218 4372 appellationem,
3258 4290 3418 4359 idque
3462 4301 3588 4357 pro-

2004 4419 2121 4482 pter
2146 4375 2333 4470 ﬁlium,
2362 4375 2636 4471 Scriptura
2661 4396 3063 4450 commemoret.
3086 4385 3143 4442 Si
3170 4382 3440 4454 regionem
3465 4375 3585 4447 quis

1962 4517 1974 4528 '
2004 4469 2056 4557 et
2079 4508 2290 4571 gentem
2308 4469 2585 4565 explorare
2607 4489 2754 4553 velit,
2777 4485 2939 4539 alium
2959 4480 3176 4535 Cilicem
3200 4469 3588 4545 deprehendet,

2006 4594 2169 4649 alium
2193 4588 2435 4661 ignobilis
2463 4584 2608 4640 urbis
2635 4582 2804 4637 civem
2830 4595 2846 4644 ',
2872 4577 2977 4630 imo
2998 4587 3125 4627 vero
3150 4584 3255 4625 non
3288 4567 3434 4622 urbis
3452 4605 3468 4631 ,
3493 4562 3589 4618 sed

2009 4683 2109 4738 vici
2139 4678 2305 4736 inﬁmi
2331 4675 2560 4733 incolam
2590 4690 2603 4727 :
2643 4666 2943 4726 Bethsaidze
2985 4663 3158 4726 enim,
3186 4658 3288 4713 vici
3319 4668 3509 4723 nempe
3541 4652 3593 4707 in

2010 4776 2227 4833 Galilzea
2256 4773 2333 4826 sic
2358 4768 2565 4832 vocati,
2607 4764 2793 4819 beatus
2823 4760 2911 4815 ille
2940 4760 3020 4811 vir
3066 4752 3234 4810 incola
3274 4758 3409 4806 erat.
3441 4748 3598 4800 Artes

2012 4882 2140 4923 vero
2164 4878 2351 4921 eorum
2378 4862 2422 4916 si
2448 4859 2566 4930 quis
2594 4855 2792 4919 audiat,
2818 4850 2948 4906 nihil
2984 4859 3231 4916 magnum
3260 4842 3348 4898 vel
3368 4839 3600 4894 honora-

2017 4965 2120 5019 bile
2148 4954 2441 5027 compcriet
2520 4965 2640 5006 nam
2670 4949 2934 5019 piscatore
2960 4938 3175 5012 quidem
3216 4927 3495 4990 honestior
3515 4937 3600 4989 est

2016 5052 2370 5108 tentoriorum
2391 5043 2615 5108 artifex;
2644 5037 2855 5095 exteris
2880 5044 3057 5089 autem
3104 5027 3396 5084 artiﬁcibus
3421 5024 3596 5086 vilior.

2018 5145 2330 5209 Uudenam,
2374 5152 2592 5209 quaeso,
2626 5133 2765 5189 unde
2808 5144 2920 5186 rem
2962 5136 3161 5182 tantam
3193 5122 3445 5179 simulare
3484 5114 3601 5173 anui

2018 5232 2282 5291 fuissent?
2311 5246 2415 5304 qua
2457 5244 2553 5299 spe
2593 5224 2761 5282 elati?
2790 5223 2875 5278 cui
2906 5218 3169 5277 ﬁdentes?
3215 5231 3283 5272 an
3313 5214 3516 5269 calamo
3545 5216 3601 5263 et

2020 5330 2218 5384 hamo?
2256 5303 2520 5380 ancultro
2545 5328 2599 5374 et
2623 5313 2888 5373 terebris?
2921 5311 3179 5367 Homines
3201 5303 3394 5364 insani,
3419 5312 3598 5353 annon

2022 5418 2370 5476 abscedentes
2394 5429 2491 5469 vos
2513 5407 2933 5481 strangulabitis,
2960 5413 3050 5458 aut
3069 5396 3368 5471 prxcipites
3384 5387 3603 5446 dabitis!

2092 5514 2147 5567 ι.
2187 5509 2472 5579 Fingamus
2497 5511 2672 5557 autem
2700 5542 2713 5566 ,
2742 5498 2787 5553 si
2817 5497 3031 5567 placet,
3060 5504 3173 5546 rem
3202 5501 3319 5557 quae
3352 5481 3465 5537 ﬁeri
3500 5494 3599 5535 ne-

2023 5616 2180 5679 queat
2207 5644 2224 5671 ,
2252 5603 2363 5657 ﬁcri
2390 5613 2575 5654 revera
2606 5607 2763 5665 posse
2788 5633 2802 5658 ,
2833 5599 2887 5643 et
2908 5600 3029 5641 eum
3058 5581 3145 5653 qui
3170 5594 3202 5636 e
3230 5588 3415 5647 stagno
3443 5571 3604 5646 prodo

2027 5703 2087 5757 iit
2130 5698 2311 5753 dicere
2338 5712 2351 5749 :
2380 5692 2580 5749 Umbra
2624 5683 2865 5754 corporis
2893 5678 2994 5733 mei
3026 5683 3267 5731 mortuos
3292 5666 3607 5730 suscitavit;

2031 5807 2150 5851 eum
2198 5802 2324 5844 vero
2371 5782 2459 5855 qui
2506 5798 2571 5839 es
2624 5774 2963 5849 pelliceorum
3008 5763 3362 5825 tentoriorum
3402 5754 3621 5825 ofﬁcina
