4044 6206
487 316 589 373 559

485 433 612 486 exiit
641 471 657 499 ,
690 434 833 502 paria
866 434 932 489 de
959 435 1285 489 vestimentis
1310 437 1419 489 suis
1440 435 1686 504 jactitare
1717 453 1729 489 :
1761 436 1878 504 quis
1917 433 2067 488 audi-

485 533 659 579 torum
688 541 856 595 usque
893 527 1028 580 adeo
1067 535 1246 582 mente
1279 536 1465 597 captus
1509 536 1623 582 erat
1647 568 1661 589 ,
1701 538 1760 580 ut
1800 528 1938 581 circa
1981 540 2066 581 res

478 623 656 671 tantas
699 618 854 672 nudis
884 619 1058 672 verbis
1103 619 1258 672 ﬁdem
1305 619 1567 674 haberet?
1613 618 1721 674 Cur
1755 620 1929 673 nullus
1974 619 2064 671 illo

481 717 722 778 tempore
746 709 932 764 artifex
961 710 1228 780 quidpiam
1269 712 1443 766 simile
1468 711 1535 766 dc
1561 713 1739 780 seipso
1765 751 1781 775 ,
1809 721 1900 764 aut
1929 710 2064 764 alius

479 802 545 854 de
577 801 668 855 illo
695 801 870 855 dixit?
899 803 1056 872 Atqui
1097 804 1139 858 si
1187 819 1272 859 res
1318 813 1513 856 nostra:
1562 803 1808 872 ﬁgmenta
1839 811 2021 856 essent
2044 842 2059 866 ,

475 909 568 947 eos
598 895 686 963 qui
735 904 915 963 postea
959 897 1210 959 fuerunt,
1257 894 1464 949 facilius
1511 894 1702 948 similia
1747 894 2061 947 mentituros

477 984 639 1038 fuisse
670 979 955 1040 verisimile
984 995 1116 1040 erat.
1151 985 1226 1040 llli
1254 987 1394 1039 enim
1427 985 1631 1055 priores
1671 1001 1773 1038 non
1814 994 2060 1053 poterant

479 1075 725 1143 exemplo
755 1072 974 1128 aliorum
1005 1118 1020 1139 ,
1061 1076 1147 1142 qui
1193 1077 1624 1144 prmcessisseut,
1669 1090 1815 1144 spem
1863 1074 2059 1128 habere

471 1165 611 1218 circa
657 1165 891 1233 ﬁgmenti
923 1180 1260 1229 successum;
1299 1167 1349 1219 hi
1383 1181 1508 1220 vero
1539 1166 1892 1234 posteriores,
1940 1166 2057 1219 illos

475 1253 648 1308 intuiti
675 1297 689 1320 ,
715 1267 1073 1311 commentum
1101 1257 1306 1312 facilius
1335 1260 1448 1311 ausi
1476 1257 1731 1322 fuissent,
1762 1273 1880 1314 cum
1914 1258 2056 1326 prio-

472 1362 589 1399 rum
640 1348 939 1415 exemplum
1007 1350 1390 1418 posterioribus
1447 1349 1690 1404 ﬁduciam
1749 1349 2050 1419 prmberet.

473 1438 622 1504 quasi
653 1438 828 1492 nullus
855 1439 904 1492 in
938 1447 1075 1493 terra
1107 1449 1282 1495 mente
1321 1440 1572 1508 praeditus
1602 1449 1782 1505 esset,
1813 1441 1905 1495 sed
1934 1457 2050 1494 om-

471 1545 568 1583 nes
594 1538 772 1584 mente
800 1532 938 1600 capti
965 1541 1018 1584 et
1046 1531 1212 1586 insani
1240 1542 1421 1586 essent
1441 1575 1455 1599 ,
1487 1533 1555 1586 ita
1585 1544 1639 1586 ut
1663 1533 1830 1588 cuivis
1865 1533 2053 1589 liceret

469 1639 818 1695 qumcumque
846 1626 1006 1680 vellet
1039 1626 1105 1679 de
1138 1627 1314 1695 seipso
1353 1625 1532 1682 dicere
1567 1627 1790 1697 aliisque
1829 1642 2049 1697 persua-

470 1715 617 1770 dere.
649 1716 808 1786 Nuga:
839 1717 991 1786 plane
1015 1758 1030 1782 ,
1059 1726 1113 1771 et
1140 1719 1246 1772 risu
1279 1718 1434 1788 digna
1466 1729 1590 1773 sunt
1617 1719 1888 1790 gentilitia:
1912 1721 2047 1775 stul—

469 1805 596 1859 titia:
626 1807 805 1860 verba.
829 1807 1284 1873 Quemadmodum
1313 1810 1454 1864 enim
1495 1811 1538 1863 si
1579 1810 1700 1880 quis
1738 1812 1926 1865 carlum
1964 1827 2050 1865 sa-

469 1896 613 1964 gittis
645 1895 899 1966 impetere
925 1901 1088 1965 velit,
1120 1901 1269 1970 quasi
1317 1903 1437 1956 telis
1478 1902 1648 1971 ipsum
1696 1904 2045 1974 dirupturus;

467 1999 559 2044 aut
604 1989 872 2046 Oceanum
921 1993 1171 2060 haurire,
1218 1997 1368 2065 quasi
1415 1999 1657 2053 manibus
1696 2010 2046 2055 cvacuaturus

466 2080 612 2133 illum
637 2121 652 2147 ,
691 2097 753 2136 ex
801 2083 1173 2138 urbanioribus
1217 2101 1373 2140 nemo
1409 2088 1544 2153 erit,
1579 2088 1703 2157 quin
1740 2089 1947 2155 rideat,
1980 2106 2046 2145 ex

467 2173 800 2239 gravioribus
824 2190 982 2230 nemo
1011 2192 1114 2231 non
1145 2177 1196 2232 id
1223 2179 1402 2234 effusis
1431 2180 1677 2250 lacrymis
1702 2182 1999 2252 deplorabit
2027 2201 2040 2237 :

467 2263 546 2316 sic
588 2278 708 2318 cum
746 2266 898 2319 nobis
940 2269 1164 2336 gentiles
1201 2270 1618 2325 contradixerint
1641 2313 1655 2336 ,
1699 2288 1796 2341 par
1832 2283 1914 2327 est
1951 2289 2044 2330 eos

466 2353 692 2410 irridere
717 2371 779 2410 ac
798 2357 1076 2426 deplorare
1104 2377 1118 2413 :
1149 2374 1260 2414 rem
1283 2361 1422 2415 enim
1447 2361 1612 2431 magis
1636 2362 1854 2416 arduam
1876 2365 2044 2419 susci-

464 2446 646 2514 piunt,
679 2462 836 2516 quam
862 2448 951 2519 qui
982 2451 1061 2505 vel
1104 2451 1290 2505 cadum
1335 2451 1622 2508 confodere
1666 2455 1747 2508 vel
1792 2455 2040 2524 abyssum

463 2552 721 2594 evacuare
759 2555 819 2594 se
853 2555 1012 2610 posse
1044 2542 1354 2610 speraverit.
1396 2542 1578 2612 Neque
1619 2543 1759 2597 enim
1799 2545 1886 2598 lux
1926 2561 2043 2599 um-

461 2645 618 2699 quam
651 2632 874 2686 obscura
902 2634 1004 2686 erit
1026 2675 1039 2697 ,
1072 2634 1243 2689 donec
1270 2635 1355 2688 lux
1377 2636 1516 2701 erit,
1541 2651 1714 2707 neque
1737 2646 2040 2693 nostrarum

459 2738 635 2778 rerum
672 2727 866 2781 veritas
895 2727 1257 2784 confutabitur
1287 2749 1300 2781 :
1331 2732 1529 2785 veritas
1555 2734 1748 2802 quippe
1775 2743 1856 2789 est
1878 2775 1893 2803 ,
1936 2749 2039 2806 qua

462 2818 592 2873 nihil
620 2820 864 2875 validius.
894 2821 1044 2889 Quod
1074 2823 1230 2891 igitur
1256 2834 1433 2879 vetera
1464 2825 1550 2880 illa
1574 2868 1590 2892 ,
1616 2842 1736 2896 qua:
1759 2843 1888 2883 aure
1913 2843 2036 2898 per-

458 2910 720 2979 cipimus,
756 2927 862 2964 non
904 2913 1078 2966 minus
1117 2915 1387 2970 credibilia
1429 2917 1568 2981 sint,
1616 2933 1774 2988 quam
1816 2934 1878 2974 ea
1919 2936 2038 2989 qum

458 3016 600 3058 nunc
623 3006 904 3072 prmseutia
933 3007 1203 3062 cernimus
1229 3048 1246 3072 ,
1278 3009 1449 3078 quivis
1490 3025 1595 3064 non
1630 3021 1809 3067 mente
1851 3023 2037 3081 captus

457 3099 513 3145 et
531 3092 745 3149 insanus
765 3097 1082 3153 conﬁteatur
1105 3117 1118 3164 ;
1143 3108 1201 3154 ut
1224 3110 1401 3156 autem
1427 3102 1700 3157 victoriam
1721 3105 2037 3162 cumulatius

454 3181 748 3239 referamus
772 3227 787 3251 ,
814 3201 926 3242 rem
953 3189 1316 3246 admirandam
1343 3233 1357 3257 ,
1388 3201 1545 3248 atate
1586 3204 1762 3249 nostra
1791 3205 1992 3264 gestam
2015 3238 2030 3264 ,

401 3339 414 3344 κ
459 3273 708 3328 referam.
730 3278 798 3330 At
818 3294 884 3332 ne
911 3281 1190 3336 turbemini
1217 3324 1230 3347 ,
1263 3283 1307 3336 si
1335 3284 1642 3339 miraculum
1671 3295 1853 3342 nostra
1879 3298 2035 3345 aetate

457 3365 657 3420 editum
690 3379 1024 3424 narraturum
1053 3388 1136 3427 me
1163 3375 1430 3444 pollicitus
1456 3418 1470 3442 ,
1509 3393 1574 3432 ex
1610 3379 1775 3433 veteri
1812 3380 2034 3435 historia

455 3457 814 3513 narrationem
843 3460 1062 3516 ordiar:
1096 3478 1268 3533 neque
1293 3465 1434 3518 enim
1476 3467 1528 3520 in
1565 3467 1648 3522 his
1692 3469 1862 3523 solum
1901 3485 2032 3525 con-

452 3545 636 3600 sistam
657 3588 672 3612 ,
695 3563 864 3618 neque
886 3567 1024 3606 novo
1043 3565 1356 3623 argumento
1375 3556 1547 3611 aliena
1565 3568 1742 3613 vetera
1766 3560 1990 3616 referam
2015 3579 2029 3617 :

455 3651 576 3690 nam
608 3647 829 3710 utraque
859 3652 1043 3698 mutuo
1069 3643 1312 3712 haerent,
1345 3661 1445 3701 nec
1471 3647 1591 3702 licet
1624 3664 1809 3704 eorum
1836 3652 2028 3707 seriem

455 3727 761 3800 disjungere
789 3777 805 3800 ,
837 3745 896 3790 ut
919 3737 1113 3794 auditis
1143 3739 1302 3794 rebus
1329 3743 1686 3811 comperietis.

524 3822 576 3875 5.
623 3822 848 3879 Historia
873 3826 1206 3899 Imperatoris
1232 3832 1496 3902 cujusdam
1527 3833 1775 3902 fabulosa.
1807 3865 1880 3876 —
1903 3835 2031 3893 Erat

449 3913 569 3980 quis
615 3915 907 3984 Imperator
960 3920 1035 3992 (α)
1082 3922 1342 3992 majorum
1387 3933 1692 3980 nostrorum
1736 3943 1890 3993 :cvo,
1937 3929 2028 4000 qui

446 4004 621 4072 qualis
670 4009 724 4062 in
767 4012 974 4066 ctetcris
1025 4013 1204 4081 fuerit,
1255 4015 1434 4073 dicere
1477 4035 1726 4090 nequeo:
1757 4032 1812 4078 at
1847 4024 2027 4079 audito

446 4097 651 4153 scelere
674 4141 690 4165 ,
723 4102 863 4170 quod
892 4106 1109 4175 aggredi
1149 4118 1231 4162 est
1272 4123 1434 4164 ausus
1457 4150 1473 4176 ,
1517 4113 1774 4183 reliquam
1816 4131 2024 4172 morum

452 4185 834 4245 immanitatem
887 4197 1242 4264 cognoscetis.
1301 4199 1579 4265 Quodnam
1637 4204 1798 4273 igitur
1849 4208 2024 4262 scelus

449 4277 809 4336 illud?Genti
847 4299 967 4340 cum
1013 4288 1109 4342 illo
1152 4289 1344 4344 bellum
1394 4296 1596 4362 gerenti
1645 4296 1812 4350 visum
1856 4297 2026 4354 fuerat

449 4366 641 4422 bellum
673 4371 881 4429 solvere
911 4387 1318 4450 mutuarumque
1346 4384 1567 4436 cmdium
1611 4387 1768 4440 linem
1809 4388 1980 4445 facere
2004 4432 2020 4457 ,

445 4473 530 4512 res
556 4463 880 4532 componere
904 4507 918 4531 ,
948 4470 1180 4534 pericula
1219 4483 1271 4525 et
1306 4472 1611 4529 formidines
1652 4477 1840 4535 sedare
1863 4521 1877 4544 ,
1911 4481 2022 4536 suis

443 4563 502 4602 se
531 4550 688 4607 rebus
714 4557 986 4614 continere
1010 4599 1025 4625 ,
1055 4575 1226 4630 neque
1272 4562 1354 4617 his
1393 4564 1680 4632 ampliores
1721 4576 1970 4636 expetere
2002 4587 2016 4622 :

442 4652 698 4709 prmstare
767 4649 907 4702 enim
970 4651 1328 4708 mediocribus
1373 4654 1489 4710 sine
1541 4655 1823 4714 formidine
1875 4659 2013 4729 frui,

441 4749 601 4800 quam
630 4736 919 4807 majoribus
949 4741 1213 4799 inhiantes
1243 4744 1294 4798 in
1327 4754 1468 4800 metu
1503 4763 1565 4802 ac
1599 4749 1790 4805 timore
1825 4752 2018 4822 degere

441 4839 656 4896 semper
677 4870 692 4895 ,
722 4832 963 4901 malaque
986 4838 1195 4892 czeteris
1230 4837 1518 4895 inferentes
1543 4883 1557 4908 ,
1598 4843 1666 4898 ab
1711 4844 1815 4900 illis
1857 4847 2017 4900 vicis.

441 4918 542 4971 sim
589 4921 850 4991 accipere.
898 4926 1032 4982 Cum
1076 4938 1252 4984 autem
1298 4934 1643 4988 constitutum
1689 4937 1790 4993 illis
1833 4947 2014 5005 esset,

440 5007 582 5062 bello
631 5025 845 5079 prorsus
887 5015 1161 5087 deposito,
1205 5023 1435 5091 quietam
1471 5026 1764 5097 transigere
1809 5030 2013 5087 vitam.

442 5100 613 5154 visum
654 5111 737 5156 est
782 5103 932 5160 ﬁrma
982 5110 1224 5176 pactione
1257 5114 1551 5186 validisque
1587 5119 1974 5174 conditionibus
1997 5122 2012 5152 ¹

437 5208 626 5264 pacem
653 5197 913 5252 stabilire.
942 5199 1075 5255 Tum
1102 5203 1304 5260 foedere
1337 5206 1474 5263 facto
1499 5249 1513 5270 ,
1541 5210 1666 5264 dato
1691 5199 2015 5282 acceptoque

429 5283 734 5353 juramento
756 5329 772 5355 ,
803 5290 912 5360 regi
945 5301 1199 5359 przctetea
1240 5311 1337 5352 suo
1371 5301 1594 5355 suadere
1620 5314 1879 5356 conantur
1904 5344 1918 5368 ,
1949 5304 2013 5357 ﬁ-

438 5376 566 5432 lium
591 5396 742 5434 suum
771 5382 1057 5439 admodum
1086 5403 1304 5458 puerum
1330 5431 1344 5456 ,
1378 5392 1428 5446 iu
1473 5394 1701 5448 solidum
1746 5396 1890 5464 pacis
1932 5397 1980 5464 pi

439 5483 578 5539 gnus
621 5473 872 5530 traditum
915 5477 998 5544 iis,
1031 5481 1118 5550 qui
1149 5485 1294 5552 prius
1337 5484 1516 5539 hostes
1547 5495 1697 5541 erant
1720 5526 1734 5553 ,
1770 5487 2013 5544 ﬁduciam

499 5604 515 5676 ξ
551 5611 680 5676 tinus
702 5613 911 5676 secunda
935 5627 1095 5670 manu,
1114 5615 1418 5676 jm'anwutiv,
1445 5631 1547 5676 pro,
1574 5616 1932 5670 conditionibus.

495 5665 579 5745 (ιι),
605 5674 650 5715 ιιι
674 5671 845 5745 lodice
865 5682 976 5745 μίξις.
1001 5665 1132 5745 2939'
1145 5665 1370 5730 scribitur
1393 5665 1456 5728 :iu'
1467 5665 2002 5745 marg;;"v;.:;g,:;¢;;~;.;;.

433 5740 526 5790 qua
549 5729 614 5779 de
635 5744 693 5780 rc
714 5731 892 5784 dictum
915 5729 964 5784 iu
987 5741 1175 5790 uenite.

1182 320 1237 376 S.
1280 319 1560 376 JOANNIS
1595 315 2066 375 CllRYSOSTOMl
2107 313 2427 370 ARCIIIEP.
2471 311 3000 370 CONSTANTINOP.

3654 321 3762 377 5&0

2175 435 2431 496 praestare
2469 441 2625 496 posse
2644 467 2660 493 ,
2707 427 2972 497 simulque
3001 429 3255 497 promsiti
3285 431 3368 484 sui
3397 431 3760 494 testimonium

2170 519 2450 586 exhibere,
2474 519 2614 589 quod
2646 535 2838 588 nempe
2871 522 2987 576 sine
3011 521 3136 576 dolo
3159 537 3343 592 pacem
3371 540 3492 581 cum
3523 527 3652 598 ipsis
3679 532 3728 586 fe

2170 614 2325 664 cerit.
2351 611 2462 678 Qua
2493 612 2736 665 oratione
2767 627 2859 665 rex
2882 611 3144 668 adductus
3166 613 3332 670 ﬁlium
3355 617 3520 683 dedit,
3553 629 3611 674 ut
3638 623 3758 691 qui-

2169 701 2290 757 dem
2317 704 2654 758 existimabat
2676 705 2782 770 ille,
2805 705 2993 759 amicis
3017 716 3069 760 et
3091 708 3280 775 sociis;
3310 721 3369 764 ut
3390 727 3514 767 vero
3540 716 3615 769 rei
3640 718 3749 770 exio

2171 801 2254 847 tus
2284 795 2560 863 probavit,
2589 793 2718 850 fera:
2748 796 2985 850 omnium
3017 799 3434 857 immanissimas.
3465 805 3595 859 Nam
3627 823 3751 864 cum

2168 885 2418 938 amicitia:
2447 895 2502 940 et
2527 885 2746 940 foederis
2787 886 2904 956 lege
2934 903 3152 957 puerum
3187 891 3389 960 regium
3425 897 3750 966 accepiSSet,

2167 974 2343 1028 omnia
2372 976 2531 1029 simul
2560 977 2891 1031 conculcavit
2915 987 2970 1032 et
3001 982 3214 1046 evertit,
3233 981 3551 1053 jurameuta,
3581 987 3750 1043 [ωας-

2163 1079 2244 1130 ra,
2276 1065 2547 1120 hominum
2573 1069 2949 1137 reverentiam,
2974 1071 3221 1140 pietatem
3252 1088 3376 1144 erga
3402 1076 3589 1144 Deum,
3620 1091 3752 1135 aeta-

2163 1157 2232 1211 tis
2273 1160 2790 1215 commiserationem
2825 1179 2838 1214 :
2868 1177 2974 1215 non
3027 1162 3260 1218 belluam
3306 1166 3450 1222 illam
3491 1169 3749 1238 juventus

2160 1250 2330 1317 ﬂexit,
2360 1269 2464 1306 non
2490 1269 2551 1307 ea
2574 1269 2694 1323 qua:
2722 1254 3024 1322 hujusmodi
3051 1257 3254 1314 scelera
3281 1262 3428 1330 sequi
3455 1265 3587 1318 solet
3613 1266 3748 1320 ultio

2163 1352 2364 1398 trucem
2407 1345 2676 1400 hominem
2703 1344 2995 1412 deterruit;
3030 1363 3134 1402 non
3167 1352 3332 1420 patris
3374 1353 3536 1408 ﬁliqu
3571 1355 3743 1425 depo-

2160 1437 2335 1491 nentis
2364 1439 2524 1492 verba
2553 1439 2787 1492 animum
2817 1440 3060 1506 subiere,
3107 1457 3225 1511 qua:
3255 1443 3380 1497 dum
3416 1448 3468 1498 in
3499 1449 3746 1503 manibus

2163 1526 2395 1582 traderet
2423 1530 2648 1592 fecerat,
2679 1544 2873 1599 rogans
2902 1544 3021 1584 eum
3044 1571 3060 1596 ,
3099 1540 3156 1586 ut
3183 1535 3234 1586 in
3280 1549 3465 1603 magna
3490 1552 3614 1590 cura
3646 1538 3745 1592 ha-

2158 1617 2309 1673 beret
2328 1661 2342 1684 ,
2369 1634 2429 1676 se
2461 1620 2571 1674 ﬁlio
2608 1621 2778 1690 ipsum
2809 1622 3134 1679 constituere
3164 1635 3367 1694 patrem
3397 1631 3544 1696 quasi
3583 1629 3650 1684 ab
3677 1645 3743 1686 se

2152 1714 2411 1782 genitum,
2429 1714 2718 1770 obsecrans
2745 1724 2802 1770 ut
2824 1731 2946 1770 eum
2977 1718 3047 1772 ita
3070 1722 3331 1774 enutriret
3356 1723 3735 1794 educaretque,

2153 1812 2206 1857 et
2235 1804 2496 1873 majorum
2535 1820 2751 1860 suorum
2783 1805 3060 1863 nobilitate
3093 1808 3309 1878 dignum
3339 1799 3618 1878 redderet;
3654 1815 3740 1869 in-

2155 1905 2234 1950 ter
2262 1897 2376 1952 huic
2399 1897 2560 1952 verba
2586 1898 2828 1952 dextram
2847 1901 2994 1970 pueri
3015 1900 3304 1980 homicida}
3321 1903 3518 1959 dextric
3534 1906 3732 1975 junxit,

2151 1995 2206 2042 et
2235 1989 2480 2058 perfusus
2500 1991 2746 2062 lacrymis
2769 1992 3048 2048 abscessit.
3081 1993 3275 2049 llorum
3306 1996 3396 2051 ille
3420 1999 3738 2054 scelestissi-

2149 2092 2271 2131 mus
2287 2079 2416 2132 nihil
2432 2081 2482 2134 in
2500 2082 2679 2136 animo
2695 2083 2917 2151 recepit,
2933 2084 3026 2138 sed
3045 2085 3108 2139 iis
3125 2086 3370 2142 omnibus
3383 2088 3737 2146 simulexcus-

2148 2169 2244 2236 sis,
2263 2170 2461 2225 ca‘dem
2484 2173 2716 2226 omnium
2736 2172 2960 2228 cazdium
2982 2175 3418 2232 immanissimani
3437 2189 3728 2250 perpetrat.

2149 2261 2261 2316 Hoc
2289 2263 2430 2316 enim
2464 2263 2718 2334 ﬂagitium
2743 2266 2937 2334 proprii
2961 2265 3054 2319 ﬁlii
3073 2266 3219 2322 czede
3243 2270 3477 2324 atrocius
3502 2283 3612 2325 est:
3633 2289 3731 2329 vos

2149 2361 2310 2407 testes
2340 2354 2568 2423 appello,
2591 2355 2680 2425 qui
2723 2371 2829 2410 non
2858 2358 2930 2411 ita
2959 2357 3298 2427 doluissetis,
3329 2363 3372 2415 si
3417 2364 3631 2432 quidem
3657 2382 3730 2422 ex

2147 2459 2268 2498 meo
2294 2444 2484 2499 affectu
2516 2457 2750 2501 vestrum
2781 2450 2953 2504 metiri
2983 2450 3157 2517 liceat,
3178 2452 3220 2506 si
3247 2453 3528 2510 audissetis
3551 2455 3726 2524 ipsum

2146 2533 2310 2588 ﬁlium
2337 2536 2593 2592 occidisse
2616 2552 2768 2593 suum
2797 2557 2808 2593 :
2840 2547 2968 2594 tunc
2999 2541 3142 2594 enim
3167 2557 3288 2596 cum
3315 2546 3584 2600 communi
3609 2549 3730 2618 lege

2147 2628 2405 2682 naturalLs
2436 2643 2647 2698 quoque
2683 2627 2778 2685 lex
2821 2631 3056 2687 subverti
3096 2633 3406 2692 videretur:
3439 2639 3524 2692 hic
3546 2650 3726 2696 autem

2145 2717 2367 2786 plurima
2411 2719 2569 2774 simul
2614 2732 3030 2788 concurrerunt,
3057 2739 3175 2793 qua:
3231 2741 3336 2792 pra:
3387 2729 3727 2787 multitudine

2141 2808 2366 2862 naturali
2391 2811 2704 2866 necessitate
2729 2810 2945 2866 fortiora
2973 2814 3100 2867 sint.
3121 2815 3337 2882 Quoties
3352 2819 3490 2872 enim
3514 2836 3726 2876 meeum

2138 2907 2328 2967 reputo
2368 2900 2663 2968 puerulum,
2693 2902 2781 2972 qui
2826 2902 2957 2958 nihil
2999 2904 3206 2973 injurize
3252 2907 3468 2976 fecerat,
3497 2925 3528 2964 a
3571 2923 3728 2981 patre

2143 2988 2413 3053 traditum,
2456 3004 2486 3043 a
2538 2991 2797 3060 majorum
2849 3008 3069 3049 suorum
3111 3000 3253 3066 regia
3297 2999 3602 3066 abductum,
3631 3004 3725 3072 qui

2137 3076 2459 3134 domesticas
2486 3079 2727 3147 delicias,
2750 3083 2994 3152 gloriam,
3019 3083 3297 3154 honorem,
3318 3104 3440 3143 cum
3466 3100 3723 3148 extranea

2137 3168 2452 3226 educatione
2477 3182 2919 3242 commutaverat,
2949 3185 3008 3230 ut
3037 3177 3367 3246 pactionibus
3389 3179 3530 3235 initis
3549 3181 3720 3237 scele-

2137 3272 2251 3319 stus
2277 3265 2363 3320 ille
2395 3266 2562 3322 fidere
2589 3278 2807 3337 posset:
2837 3269 2905 3324 ab
2935 3271 3047 3339 ipso
3074 3282 3256 3342 postea
3287 3274 3424 3328 male
3446 3275 3717 3347 affectum,

2136 3355 2419 3424 splendore
2459 3365 2693 3427 paterna:
2734 3359 2924 3414 domus
2954 3360 3072 3430 ejus
3109 3363 3276 3432 gratia
3321 3365 3606 3434 privatum,
3649 3369 3718 3424 ab

2135 3446 2434 3518 eodemque
2461 3448 2676 3505 demum
2722 3451 3080 3520 interfectum,
3110 3457 3377 3511 contraria
3417 3459 3609 3528 patior,
3641 3462 3719 3514 si-

2135 3537 2246 3592 mul
2273 3539 2456 3593 animo
2483 3541 2867 3597 contabescens
2895 3553 2948 3598 et
2977 3555 3297 3614 exmstuans,
3325 3563 3546 3618 quorum
3574 3551 3719 3607 aliud

2134 3627 2232 3696 ira,
2261 3631 2400 3685 aliud
2434 3635 2684 3689 maestitia
2714 3635 2870 3707 parit.
2901 3635 3032 3690 Cum
3080 3640 3221 3692 enim
3265 3641 3438 3710 cogito
3481 3643 3717 3697 scelera-

2136 3727 2245 3774 tum
2291 3721 2438 3778 illum
2485 3738 2770 3794 armatum,
2815 3726 3152 3798 gladiumque
3202 3729 3512 3798 vibrantem,
3560 3735 3718 3802 pueri

2132 3813 2326 3868 collum
2378 3816 2890 3885 apprehendentem,
2921 3827 2976 3873 et
3015 3835 3121 3888 qua
3165 3819 3384 3876 dextera
3414 3823 3717 3894 depositum

2131 3915 2425 3974 receperat,
2453 3905 2639 3962 eadem
2664 3907 2897 3978 gladium
2936 3909 2988 3963 in
3018 3909 3148 3964 illud
3189 3911 3568 3978 intendentem,
3598 3914 3716 3968 dis-

2129 4010 2350 4067 rumpor
2395 4008 2555 4068 atque
2604 3999 2680 4054 ira
2735 4000 3026 4070 prwfocor;
3073 4018 3257 4058 rursus
3299 4019 3418 4058 cum
3458 4005 3713 4075 juvenem

2129 4088 2402 4158 conspicio
2431 4088 2826 4156 formidantem,
2858 4099 3193 4160 trementem,
3221 4096 3576 4166 extremisque
3613 4112 3712 4167 ge-

2129 4181 2347 4237 mitibus
2386 4182 2694 4251 ejulantem,
2743 4191 2946 4253 patrem
2993 4185 3365 4240 inclamantem
3414 4185 3712 4258 horumque

2127 4285 2339 4325 causam
2389 4288 2508 4328 esse
2551 4273 2837 4340 dicentem,
2866 4289 2929 4330 ac
2975 4275 3176 4330 caedem
3225 4292 3328 4331 non
3370 4277 3440 4344 ei,
3471 4279 3560 4348 qui
3588 4279 3709 4348 gla-

2128 4362 2273 4417 dium
2318 4364 2370 4418 in
2417 4373 2601 4434 guttur
2650 4365 3032 4436 inﬁgeret,.sed
3085 4368 3286 4437 parenti
3337 4367 3709 4436 imputautem,

2125 4468 2298 4522 neque
2322 4452 2502 4523 fugere
2545 4469 2716 4526 neque
2753 4471 2812 4510 se
2837 4457 3018 4511 ulcisci
3047 4472 3222 4526 posse,
3249 4457 3342 4512 sed
3383 4456 3576 4512 frustra
3606 4475 3706 4529 pa-

2124 4559 2330 4600 rentem
2353 4546 2616 4611 incusare,
2639 4547 2842 4618 plagam
2875 4549 3139 4619 excipere,
3168 4549 3444 4619 palpitare,
3472 4549 3711 4606 calcibus

2123 4637 2481 4706 pavimentum
2527 4637 2725 4704 ferire,
2777 4649 2973 4695 terram
3014 4641 3317 4710 sanguineis
3363 4639 3489 4696 rivis
3532 4642 3710 4710 inqui-

2120 4743 2283 4782 nare:
2314 4729 2427 4798 ipsa
2451 4729 2580 4784 mihi
2607 4731 2812 4786 viscera
2846 4730 3242 4801 discerpuntur,
3271 4732 3526 4802 cogitatio
3549 4734 3698 4788 obte~

2120 4820 2391 4886 nebratur,
2420 4835 2484 4876 ac
2511 4822 2778 4877 maestitiae
2803 4823 2972 4894 caligo
2995 4823 3235 4893 quaedam
3278 4825 3446 4879 oculis
3471 4825 3709 4880 oﬁ‘uudi-

2120 4920 2223 4965 tur.
2242 4911 2312 4966 At
2334 4911 2445 4968 fera
2466 4913 2553 4967 illa
2577 4913 2705 4967 nihil
2737 4913 2910 4968 simile
2939 4929 3092 4983 passa
3113 4924 3228 4981 est;
3256 4914 3347 4969 sed
3374 4929 3436 4969 ac
3461 4916 3509 4969 si
3535 4931 3709 4986 agnus

2117 5003 2199 5057 vel
2225 5003 2422 5058 vitulus
2446 5003 2544 5060 sibi
2574 5004 2886 5059 mactandus
2901 5015 3062 5072 esset,
3078 5005 3155 5060 sic
3179 5005 3248 5060 ad
3273 5006 3528 5061 nefariam
3559 5008 3705 5062 illam

2116 5093 2316 5149 caedem
2342 5094 2562 5150 affectus
2592 5105 2726 5151 erat.
2775 5095 2842 5150 Et
2887 5111 3020 5165 puer
3047 5096 3258 5166 quidem
3307 5097 3455 5166 plaga
3485 5110 3706 5166 recepta

2111 5184 2326 5254 jacebat
2353 5194 2592 5242 mortuus
2619 5205 2632 5241 :
2662 5186 2927 5242 homicida
2957 5203 3083 5242 vero
3119 5188 3306 5243 sceleri
3333 5189 3708 5257 patrocinaba-

2117 5285 2222 5344 tur,
2256 5279 2639 5347 posterioribus
2672 5280 2851 5349 priora
2883 5280 3134 5350 obtegere
3163 5296 3375 5336 curans.
3406 5283 3560 5338 Putat
3588 5283 3708 5338 for-

2117 5377 2258 5425 tasse
2301 5371 2561 5440 quispiam
2609 5386 2698 5426 me
2727 5371 2794 5426 de
2843 5373 3116 5440 sepultura
3163 5372 3500 5443 loquuturum
3553 5387 3701 5441 esse,

2114 5460 2499 5533 dicturumque,
2530 5461 2781 5517 defuncto
2807 5477 2874 5518 ne
2904 5463 3164 5517 tantillum
3193 5463 3408 5533 quidem
3436 5474 3588 5520 terrm
3615 5466 3701 5520 in-

2117 5553 2452 5609 tcrfcctorem
2478 5553 2692 5610 dedisse
2721 5573 2734 5609 :
2767 5570 2866 5624 ego
2905 5569 3029 5608 vero
3057 5557 3288 5609 atrocius
3325 5557 3465 5610 aliud
3497 5556 3694 5611 dicam.

2113 5643 2244 5698 Nam
2275 5660 2396 5699 cum
2426 5644 2636 5715 iniquas
2663 5661 2850 5700 manus
2879 5647 2965 5700 tali
3009 5648 3264 5715 sanguine
3292 5647 3562 5712 foedasset,
3592 5664 3696 5702 no-

2115 5751 2339 5808 vamque
2364 5736 2670 5808 tragwdiam
2698 5737 3045 5804 exhibuisset,
3076 5753 3136 5794 ac
3161 5738 3206 5792 si
3235 5737 3361 5792 nihil
3389 5750 3696 5816 perpetras-
