4044 6206
260 232 361 290 5H

252 358 334 406 set
366 344 649 417 impudens
695 344 804 407 ille,
851 341 981 413 ipsis
1024 341 1191 412 petris
1218 340 1424 406 durior,
1463 341 1530 397 ad
1560 342 1844 398 ecclesiam

256 444 350 498 Dei
382 440 672 497 concessit.
710 436 871 493 Forte
915 435 1178 490 mirantur
1201 434 1438 504 quidam,
1468 450 1565 489 cur
1612 450 1718 490 non
1748 436 1849 490 im-

253 537 418 590 missa
442 534 512 589 de
538 532 672 588 ca-lo
698 531 849 599 plaga
880 542 1164 598 percussus
1208 526 1367 580 fuerit
1397 526 1487 595 qui
1524 527 1646 581 talia
1688 541 1850 581 ausus

253 636 419 691 esset,
447 632 543 678 aut
562 638 659 678 cur
685 636 794 675 non
826 621 965 675 Deus
989 634 1108 673 eum
1139 617 1358 672 fulmine
1389 615 1615 683 ferierit,
1644 626 1698 672 ut
1724 627 1850 673 ante

256 719 559 787 ingressum
599 728 661 768 os
692 710 819 766 illud
851 708 1131 778 impudens
1158 709 1316 778 igneo
1340 708 1445 763 ictu
1474 707 1845 777 conflagraret.

257 811 366 880 Ego
398 822 529 863 vero
577 805 623 861 si
666 803 859 875 quibus
911 801 1028 856 hazc
1076 801 1325 870 cogitatio
1373 800 1609 854 animum
1663 800 1843 865 subiit,

254 901 418 956 laudo
443 914 541 955 eos
576 907 633 953 ct
661 907 851 951 mstum
880 908 1066 949 eorum
1092 892 1361 957 admiror;
1400 901 1635 947 attamen
1661 906 1846 945 eorum

253 994 499 1049 laudibus
535 1000 590 1047 et
618 986 956 1045 admirationi
997 1001 1104 1039 non
1142 985 1419 1038 minimum
1454 982 1721 1053 quidpiam
1748 982 1844 1037 dc-

250 1099 372 1141 esse
399 1093 548 1154 puto.
575 1081 724 1135 Justa
764 1079 960 1149 quippe
1007 1075 1371 1145 indignatione
1408 1073 1659 1127 commoti
1696 1082 1842 1137 sunt,

252 1186 363 1231 tum
387 1188 553 1243 super
579 1171 775 1240 injuste
798 1183 940 1224 casso
962 1180 1148 1237 puero,
1189 1175 1298 1218 tum
1339 1178 1501 1233 super
1524 1164 1617 1218 Dei
1642 1163 1845 1232 legibus

250 1270 322 1324 ita
353 1280 563 1323 temere
607 1262 851 1328 violatis;
895 1259 989 1315 sed
1021 1260 1097 1313 ira
1146 1257 1414 1312 ferventes
1456 1270 1561 1310 non
1587 1264 1842 1325 quantum

251 1377 387 1430 opus
418 1368 536 1413 erat
563 1361 948 1426 perSpexerunt
972 1370 985 1405 :
1014 1350 1229 1421 iustitia:
1258 1350 1401 1403 enim
1444 1347 1600 1417 hujus
1629 1348 1709 1402 lex
1740 1348 1841 1400 alia

250 1451 408 1520 longe
427 1449 672 1518 superior
692 1449 742 1501 in
763 1444 910 1500 caelis
927 1452 1027 1498 est.
1043 1442 1298 1509 Quaenam
1321 1441 1479 1510 igitur
1500 1439 1614 1493 haec
1632 1439 1749 1492 lex?
1765 1438 1843 1493 Ne

251 1541 622 1612 peccatoribus
655 1537 899 1607 protinus
923 1535 1054 1589 ultio
1081 1532 1359 1598 inferatur,
1388 1530 1484 1585 sed
1512 1530 1839 1600 delinquenti

252 1642 465 1701 tempus
507 1630 666 1684 detur
705 1638 761 1683 et
804 1625 1051 1691 inducite,
1098 1631 1156 1678 ut
1192 1623 1440 1678 delictum
1470 1623 1640 1692 possit
1676 1637 1840 1677 excu-

251 1735 381 1790 tere,
409 1734 467 1779 et
492 1739 589 1793 per
608 1719 973 1792 paenitentiam
1002 1717 1067 1771 iis
1087 1717 1177 1787 qui
1204 1716 1337 1770 nihil
1367 1716 1490 1770 mali
1510 1715 1842 1771 admiserunt

248 1816 447 1885 aequari
480 1833 494 1869 :
525 1813 670 1885 quod
698 1822 822 1866 tunc
844 1812 896 1864 in
926 1808 1130 1864 nefario
1156 1807 1250 1861 illo
1277 1807 1698 1861 demonstratum
1725 1814 1836 1871 est;

248 1907 379 1962 nihil
422 1906 567 1961 enim
620 1902 864 1975 profecit,
893 1900 988 1956 sed
1036 1901 1154 1955 sine
1200 1898 1574 1954 emendatione
1621 1898 1834 1951 mansit.

186 2068 202 2081 .
252 2000 389 2055 Deus
413 2007 564 2053 certe
593 1996 856 2067 benignus
882 2009 1005 2050 cum
1032 1995 1121 2059 sit,
1154 1991 1257 2046 hoc
1287 1991 1639 2062 prospiciens,
1669 2005 1736 2043 ne
1766 1990 1836 2043 ita

245 2092 463 2165 quidem
488 2088 813 2158 contempsit
840 2088 1013 2151 illum,
1040 2100 1140 2140 nec
1163 2099 1283 2155 qua:
1320 2099 1351 2138 a
1382 2098 1443 2139 se
1484 2091 1637 2138 erant
1661 2081 1837 2137 facere

244 2183 436 2248 desiit;
468 2180 564 2237 sed
610 2181 759 2235 illum
787 2186 843 2234 et
867 2191 1068 2249 aegrum
1110 2175 1366 2241 visitavit,
1392 2181 1446 2229 et
1471 2173 1588 2243 ejus
1625 2181 1836 2228 restau-

247 2274 431 2330 randze
468 2272 683 2328 sanitati
713 2270 935 2326 studuit.
963 2268 1059 2324 Ille
1094 2281 1221 2323 vero
1256 2265 1549 2322 remedium
1593 2264 1837 2333 accipere

242 2367 448 2434 uoluit;
475 2366 586 2421 imo
609 2364 676 2420 ad
717 2364 819 2419 hoc
845 2363 1066 2418 missum
1094 2360 1360 2416 medicum
1387 2358 1640 2415 concidit.
1656 2357 1834 2414 Medi-

240 2463 357 2515 cina
387 2474 550 2530 porro
588 2468 645 2514 et
685 2457 963 2512 medicinae
988 2453 1180 2509 modus
1218 2451 1522 2523 huiusmodi
1551 2458 1686 2506 erat.

308 2553 365 2609 6.
406 2550 632 2623 Babylo:
661 2549 1028 2621 Imperatorem
1056 2546 1280 2601 ecclesia:
1305 2544 1449 2598 aditu
1476 2553 1631 2597 arcet.
1652 2573 1726 2584 â€”
1753 2542 1833 2598 Eo

240 2653 485 2713 tempore
511 2657 617 2713 quo
638 2641 826 2696 drama
852 2636 983 2694 illud
1003 2648 1061 2693 et
1084 2637 1292 2693 facinus
1317 2637 1547 2691 immane
1572 2634 1831 2690 miseran-

236 2736 475 2807 dumque
514 2734 791 2804 agebatur,
836 2731 936 2787 fuit
974 2732 1059 2786 vir
1106 2743 1329 2801 magnus
1356 2739 1413 2785 et
1452 2727 1733 2795 mirabiiis,
1783 2727 1828 2783 si

237 2837 416 2883 tamen
443 2826 522 2882 fas
551 2829 621 2881 sit
660 2827 811 2880 illum
834 2824 1102 2895 appellare
1125 2823 1321 2888 virum,
1350 2822 1440 2892 qui
1465 2821 1622 2893 hujus
1653 2822 1829 2893 gregis

234 2936 420 2976 curam
452 2920 693 2990 gerebat,
721 2919 935 2973 nomine
959 2916 1205 2988 Babylas.
1245 2915 1343 2971 Hic
1369 2916 1567 2986 itaque,
1602 2916 1690 2970 cui
1712 2916 1827 2971 haec

232 3012 435 3066 Clu-isti
464 3011 705 3066 Ecclesia
750 3025 780 3064 a
822 3007 1057 3080 Spiritus
1086 3006 1254 3079 gratia
1281 3006 1586 3061 concredita
1631 3005 1822 3071 fuerat,

232 3103 379 3173 quod
419 3103 623 3157 Heliam
653 3102 878 3171 ejusque
913 3100 1161 3155 aemulum
1190 3098 1449 3154 Joannem
1480 3098 1827 3153 antecelleret

231 3210 342 3249 non
394 3194 642 3259 dixerim,
675 3208 744 3246 ne
789 3191 917 3262 quid
966 3189 1244 3245 molestius
1296 3188 1586 3258 proferam,
1626 3187 1721 3244 sed
1752 3187 1824 3242 ita

228 3286 440 3355 attigit,
474 3297 532 3339 ut
576 3300 644 3339 ne
684 3284 945 3337 tantillum
995 3281 1208 3351 quidem
1259 3280 1534 3350 generosis
1563 3277 1824 3348 ejusmodi

228 3379 367 3432 viris
410 3376 629 3431 inferior
659 3384 825 3431 esset.
855 3374 1037 3443 Neque
1091 3374 1232 3426 enim
1277 3386 1564 3440 paucarum
1611 3369 1822 3424 urbium

228 3470 581 3534 tetrarcham,
626 3482 801 3538 neque
851 3468 1024 3538 gentis
1077 3466 1233 3520 unius
1280 3480 1482 3534 regem,
1523 3462 1618 3518 sed
1672 3478 1819 3527 eum,

225 3564 322 3632 qui
377 3564 657 3616 maximam
703 3560 850 3614 orbis
903 3569 1109 3629 partem
1174 3565 1416 3622 teneret,
1458 3555 1599 3609 hunc
1646 3554 1819 3624 ipsum

228 3653 447 3707 scilicet
488 3651 906 3721 sanguinarium,
936 3650 1024 3719 qui
1066 3648 1330 3719 plurimas
1376 3654 1582 3716 gentes,
1626 3645 1820 3700 multas

227 3746 436 3808 urbes,
494 3744 812 3798 immensum
863 3740 1154 3796 exercitum
1212 3736 1609 3802 moderabatur,
1659 3742 1820 3805 atque

223 3835 385 3891 omni
414 3850 479 3890 ex
524 3844 673 3903 parte
701 3831 1053 3888 formidabilis
1078 3838 1215 3896 erat,
1247 3828 1315 3882 ab
1359 3826 1568 3895 imperii
1611 3825 1818 3895 magni-

228 3930 453 3993 tudine,
493 3943 523 3981 a
571 3941 779 3982 morum
834 3923 1143 3988 ferocitate,
1184 3920 1337 3991 quasi
1377 3918 1483 3972 vile
1519 3932 1582 3970 ac
1622 3916 1820 3970 nullius

226 4021 392 4091 pretii
445 4019 799 4087 mancipium,
848 4017 916 4069 ab
966 4013 1194 4069 ecclesia
1246 4011 1449 4079 expulit
1499 4024 1620 4063 cum
1675 4016 1818 4062 tanta

227 4115 487 4169 firmitate
532 4112 802 4181 animique
839 4106 1171 4172 constantia,
1214 4112 1411 4174 quanta
1465 4112 1645 4172 pastor
1695 4114 1817 4154 sca-

224 4207 441 4261 biosam
480 4214 533 4258 et
569 4201 865 4257 morbidam
903 4213 1057 4253 ovem
1087 4211 1114 4250 a
1144 4210 1304 4268 grege
1340 4202 1540 4259 arceat,
1564 4191 1818 4247 cohibens

224 4316 297 4353 ne
340 4296 557 4351 morbus
585 4297 700 4367 ejus
742 4303 963 4349 crateras
992 4306 1120 4346 oves
1159 4288 1376 4343 alliciat.
1424 4286 1479 4341 ld
1519 4300 1648 4339 vero
1694 4283 1821 4338 fecit

221 4389 533 4446 Servatoris
559 4386 779 4442 verbum
828 4385 1178 4447 confirmans,
1222 4394 1415 4450 nempe
1456 4393 1668 4433 servum
1699 4391 1819 4431 esse

222 4482 410 4536 solum
448 4494 591 4545 eum,
624 4479 712 4549 qui
742 4485 1017 4548 peccatum
1049 4473 1226 4537 faciat,
1254 4471 1496 4542 quamvis
1537 4478 1818 4524 sexcentas

220 4575 409 4644 capite
435 4586 662 4627 coronas
684 4578 877 4643 gestet,
911 4569 1152 4640 quamvis
1180 4564 1447 4620 universis
1476 4565 1641 4618 totius
1674 4562 1818 4616 orbis

223 4666 541 4720 hominibus
570 4664 835 4735 imperare
864 4660 1103 4715 videatur
1130 4676 1144 4712 :
1175 4658 1320 4713 illum
1348 4671 1478 4711 vero
1505 4654 1594 4726 qui
1618 4653 1818 4708 nullius

220 4760 439 4833 peccati
481 4759 580 4814 sibi
625 4758 872 4814 conscius
910 4757 1011 4823 sit,
1040 4755 1139 4810 etsi
1182 4755 1319 4808 inter
1359 4749 1602 4805 subditos
1641 4748 1815 4802 locum

221 4854 445 4917 habeat,
468 4852 583 4921 plus
603 4865 757 4920 quam
780 4863 932 4919 reges
952 4861 1138 4903 omnes
1158 4859 1380 4915 regnare
1398 4840 1817 4898 existimandum

212 4962 369 5002 esse.
401 4944 595 5001 Statim
622 4957 749 5013 ergo
776 4939 1055 5011 imperanti
1081 4936 1330 5009 pra-cepit
1358 4933 1602 4989 subditus
1628 4973 1643 4996 ,
1670 4930 1817 4987 etde

214 5041 469 5095 ontnium
512 5035 847 5092 moderatore
870 5032 1127 5104 judicium
1158 5030 1310 5096 tulit,
1335 5037 1492 5098 atque
1521 5025 1820 5082 damnatio-

212 5135 308 5188 nis
337 5129 660 5185 sententiam
685 5126 882 5183 emisit.
921 5124 1003 5179 Tu
1035 5138 1161 5178 vero
1207 5122 1332 5175 dum
1376 5119 1491 5174 haec
1528 5118 1680 5173 audis
1705 5159 1719 5182 ,
1750 5131 1819 5172 ne

210 5228 428 5279 dictqu
474 5218 648 5276 obiter
694 5226 998 5289 prmtercas.
1026 5214 1157 5270 Nam
1183 5212 1268 5268 vel
1298 5211 1400 5266 hoc
1440 5210 1610 5264 solum
1636 5248 1650 5275 ,
1676 5206 1819 5277 quod

208 5314 610 5385 Imperatorem
636 5308 879 5367 subditus
907 5306 1169 5379 quispiam
1193 5303 1261 5359 ab
1285 5301 1524 5357 ecclesia:
1556 5298 1817 5353 vestibulo

204 5409 469 5480 ejecerit,
498 5404 696 5460 sufï¬cit
714 5402 781 5458 ad
807 5400 1110 5456 auditorum
1131 5398 1337 5451 animos
1361 5392 1670 5480 excitandos
1692 5407 1818 5464 per-

203 5474 626 5568 cellendosque.
671 5495 729 5551 Si
774 5494 855 5549 vis
904 5501 1080 5547 autem
1135 5498 1301 5544 totum
1352 5474 1665 5542 miraculum
1692 5483 1819 5539 dili-

198 5602 416 5668 genter
462 5591 829 5655 edisÂ¢ere,ne
872 5583 1097 5654 simplici
1144 5580 1361 5637 dictioni
1403 5577 1646 5633 attendas
1673 5617 1689 5645 ,
1721 5573 1817 5632 sed

211 5701 409 5749 tecum
435 5692 622 5756 reputa
652 5680 927 5748 satellites,
959 5686 1190 5733 scutatos
1207 5717 1223 5743 ,
1250 5674 1512 5741 tribunos,
1534 5668 1701 5727 duces
1724 5668 1817 5740 qui

1027 226 1115 283 DE
1144 226 1202 284 S.
1243 226 1540 293 BABYLA,
1580 227 1853 285 CONTRA
1892 228 2231 289 JULIANUM
2270 231 2361 290 ET
2398 232 2758 294 GENTILES.

3437 246 3544 304 512

1959 344 2013 398 in
2058 345 2202 415 regia
2244 345 2499 413 aluntur,
2531 363 2626 404 eos
2666 348 2756 419 qui
2800 346 3105 406 civitatibus
3149 354 3533 427 praeficiuntur,

1953 437 2301 504 pra-euntium
2328 437 2546 503 fastum,
2572 440 2908 510 sequentium
2937 451 2989 496 et
3010 442 3332 515 ahigcntium
3361 449 3543 503 multi-

1954 530 2222 593 tudinem,
2251 531 2519 601 aliumque
2558 532 2865 587 famulatum
2895 542 3087 589 totunt.
3124 535 3325 593 Deinde
3366 539 3537 609 ipsum

1954 620 2330 689 Imperatorem
2358 622 2409 677 in
2443 624 2655 689 medio,
2688 625 2888 694 ingenti
2919 642 3037 681 cum
3068 630 3205 682 fastu
3238 630 3541 701 ingredien-

1954 720 2060 765 tem
2083 754 2095 775 ,
2124 712 2214 783 qui
2241 713 2599 769 honorabilior
2630 716 2875 770 videatur
2912 734 2976 771 ex
3009 721 3245 775 vestibus
3269 763 3284 785 ,
3310 736 3376 777 ex
3409 738 3539 793 pur-

1953 817 2079 871 pura
2101 845 2115 867 ,
2145 820 2209 858 ex
2237 806 2461 874 geminis
2495 816 2601 859 tum
2631 808 2862 878 undique
2889 812 3087 877 sparsis
3119 811 3169 865 in
3210 812 3394 867 dextra
3421 856 3436 878 ,
3468 816 3535 870 ad

1952 896 2352 950 commissuram
2379 898 2734 966 paludamenti
2756 941 2769 963 ,
2799 912 2907 954 tum
2932 917 2997 957 ex
3020 902 3317 959 diademate
3340 906 3391 958 in
3419 909 3537 975 ejus

1951 987 2121 1054 capite
2142 986 2484 1055 fulgentibus.
2512 988 2693 1058 Neque
2718 989 2818 1044 huc
2848 1006 3014 1061 usque
3042 992 3321 1061 imaginem
3354 996 3533 1058 sistas.

1950 1077 2044 1129 sed
2073 1092 2187 1129 eam
2212 1093 2377 1147 usque
2398 1078 2464 1131 ad
2492 1094 2701 1133 servum
2729 1080 2819 1135 Dei
2842 1082 3051 1135 beatum
3075 1082 3325 1155 Bahylam
3348 1097 3533 1140 exten-

1949 1167 2069 1232 das,
2104 1168 2323 1239 ejusque
2357 1170 2605 1225 humilem
2667 1172 2926 1241 habitunt,
2958 1175 3208 1230 amictum
3239 1179 3531 1247 vulgarem,

1948 1260 2181 1314 animum
2208 1263 2514 1330 contritum,
2534 1278 2749 1317 sensum
2777 1265 2844 1319 ab
2864 1266 3008 1319 omni
3036 1266 3253 1321 audacia
3278 1269 3531 1332 alienum;

1947 1360 2003 1408 et
2031 1369 2150 1407 cum
2180 1354 2364 1409 ambos
2394 1354 2741 1425 descripseris
2765 1367 3053 1428 mutuoque
3073 1361 3380 1424 contuleris,
3407 1372 3533 1416 tunc
3598 1392 3609 1401 Îº

1946 1458 2058 1498 rem
2108 1444 2249 1499 illam
2288 1446 2597 1501 mirabilem.
2629 1448 2794 1517 probe
2836 1464 3164 1519 cognosces;
3203 1453 3310 1506 imo
3351 1469 3417 1508 ne
3455 1455 3534 1509 sic

1946 1537 2156 1605 quidem
2179 1553 2365 1593 accura
2375 1549 2423 1594 te
2442 1541 2865 1607 comprehendes
2882 1560 2894 1595 :
2912 1543 3052 1597 illam
3070 1546 3265 1615 quippe
3285 1546 3531 1617 loquendi

1947 1628 2243 1685 libertatem
2286 1646 2384 1686 nec
2422 1648 2600 1686 sermo
2635 1648 2736 1687 nec
2761 1636 2869 1689 oris
2899 1638 3105 1705 species
3150 1650 3532 1709 repraesentare

1945 1729 2153 1788 potest,
2181 1721 2274 1774 sed
2305 1722 2416 1776 sola
2443 1724 2768 1793 experientia
2797 1736 2850 1779 et
2874 1742 3018 1781 usus.
3043 1728 3211 1784 Porro
3244 1731 3530 1800 impertur-

1944 1813 2122 1868 batum
2151 1813 2265 1882 ejus
2285 1814 2519 1870 animum
2549 1816 2639 1871 ille
2663 1818 2810 1873 solus
2840 1819 3004 1887 probe
3035 1835 3192 1875 nosse
3221 1824 3406 1891 possit,
3437 1826 3528 1894 qui

1944 1902 2169 1971 idipsum
2219 1918 2339 1958 cum
2386 1905 2477 1959 illo
2524 1905 2729 1961 ï¬ducia:
2768 1909 2976 1962 culmen
3024 1910 3285 1980 attingere
3330 1914 3523 1967 valeat.

1941 1992 2219 2057 Quomodo
2246 1994 2391 2055 enim,
2407 2010 2568 2050 senex
2596 1996 2682 2051 ille
2709 1999 2970 2053 accessit?
2989 2003 3255 2070 quomodo
3272 2003 3528 2059 satellites

1942 2086 2183 2155 trajecit?
2204 2089 2471 2157 quomodo
2494 2105 2555 2145 os
2583 2091 2829 2161 aperuit?
2849 2094 3114 2163 quomodo
3140 2096 3386 2166 loquutus
3406 2098 3527 2153 est?

1940 2178 2205 2247 quomodo
2238 2181 2532 2251 corripuit?
2555 2183 2823 2252 quomodo
2868 2183 3111 2241 dextram
3158 2187 3410 2256 imposuit
3436 2205 3528 2258 pe-

1938 2272 2072 2325 ctori
2121 2269 2195 2325 illi
2230 2270 2406 2326 adhuc
2446 2272 2818 2328 intumescenti
2857 2283 3016 2345 atque
3067 2276 3215 2333 cmde
3265 2277 3527 2334 ferventi?

1938 2360 2205 2453 quomodo
2248 2361 2566 2417 homicidam
2596 2364 2824 2434 repulit?
2849 2364 2990 2420 Nihil
3031 2382 3211 2423 rerum
3253 2378 3645 2453 gestarumf"

1937 2451 2195 2507 exterruit
2234 2460 2291 2507 et
2328 2467 2359 2507 a
2392 2456 2665 2524 proposito
2693 2454 2932 2512 deduxit.
2961 2456 3006 2513 0
3032 2458 3270 2515 animum
3322 2460 3525 2532 imper-

1938 2543 2178 2597 territum
2198 2584 2213 2609 ,
2245 2554 2584 2617 mentemque
2612 2546 2894 2603 sublimem
2921 2550 2934 2602 l
2958 2564 2991 2604 0
3018 2550 3235 2606 caeleste
3262 2561 3445 2623 pectus
3469 2565 3525 2610 et

1934 2636 2285 2691 constantiam
2314 2636 2641 2707 angelicam!
2670 2641 2749 2692 Ac
2768 2639 2813 2693 si
2844 2639 2987 2694 enim
3016 2655 3263 2711 pompam
3293 2643 3435 2701 illam
3467 2646 3522 2701 in

1935 2741 2091 2781 muro
2126 2726 2389 2796 depictam
2424 2729 2792 2797 conSpieeret,
2816 2730 2894 2783 sic
2940 2729 3202 2800 intrepide
3230 2735 3406 2786 omnia
3432 2749 3524 2803 ge-

1933 2834 2156 2874 nerosus
2184 2820 2265 2875 vir
2286 2818 2523 2889 perfecit.
2550 2821 2677 2875 Erat
2703 2821 2845 2877 enim
2868 2820 3062 2877 divinis
3090 2822 3171 2876 his
3187 2822 3523 2894 dogmatibus

1932 2910 2238 2977 institutus,
2266 2911 2409 2981 quod
2454 2912 2691 2979 scilicet,
2725 2912 2915 2968 umbra
2941 2922 2996 2969 ct
3024 2914 3288 2969 somnium
3332 2914 3522 2987 hisque

1931 3001 2170 3058 inaniora
2205 3003 2313 3058 sint
2353 3003 2509 3074 hujus
2546 3004 2729 3059 mundi
2767 3007 2998 3076 negotia.
3026 3005 3149 3061 ideo
3173 3008 3303 3062 nihil
3334 3023 3520 3065 eorum

1932 3094 2104 3165 ipsum
2134 3095 2424 3161 exterruit,
2455 3095 2563 3151 imo
2591 3095 2835 3151 fiduciam
2873 3097 3051 3152 omnia
3090 3097 3370 3153 indidere:
3398 3099 3519 3155 illa-

1931 3203 2049 3241 rum
2081 3188 2276 3258 quippe
2304 3204 2481 3243 rerum
2512 3198 2759 3259 aspectus
2788 3188 2902 3260 ejus
2932 3200 3163 3245 mentem
3192 3192 3519 3249 transmitte-

1929 3270 2020 3326 bat
2055 3272 2122 3325 ad
2163 3287 2451 3342 supernum
2482 3288 2658 3343 regem
2684 3314 2698 3337 ,
2728 3274 2815 3343 qui
2844 3273 2992 3328 sedet
3024 3288 3184 3345 super
3224 3275 3514 3332 Cberubim

1928 3370 1983 3416 et
2010 3362 2241 3415 intuetur
2268 3361 2490 3432 ahyssos
2509 3403 2525 3429 ,
2553 3363 2618 3417 ad
2651 3362 2898 3417 thronum
2926 3364 3215 3434 gloriosum
3256 3375 3307 3420 et
3335 3366 3516 3421 excel-

1927 3465 2066 3518 sum,
2096 3451 2160 3506 ad
2186 3452 2449 3507 cmlestem
2481 3453 2794 3516 exercitum,
2816 3453 2880 3507 ad
2900 3454 3164 3526 myriadas
3184 3457 3514 3526 angelorum,

1926 3542 1992 3596 ad
2022 3543 2183 3597 millia
2212 3544 2649 3612 archangelorum
2676 3587 2690 3611 ,
2718 3544 2784 3598 ad
2818 3545 3052 3600 terribile
3096 3546 3221 3600 illud
3249 3547 3513 3612 tribunal,

1925 3634 1991 3688 ad
2035 3633 2289 3705 judicium
2337 3634 2462 3688 illud
2508 3635 2625 3690 sine
2666 3637 2976 3705 acceptione
3026 3650 3412 3705 personarum,
3445 3637 3512 3691 ad

1923 3727 2138 3784 fluvium
2168 3729 2321 3799 ignis,
2346 3727 2412 3782 ad
2435 3727 2674 3782 Judiccm
2699 3729 2889 3799 ipsum.
2908 3728 3241 3797 Quapropter
3261 3742 3320 3783 se
3347 3736 3513 3783 totum

1924 3835 1954 3874 a
1978 3831 2117 3875 terra
2149 3821 2200 3875 in
2231 3820 2419 3875 malum
2447 3820 2770 3874 transferens
2793 3860 2808 3884 ,
2842 3821 2991 3889 quasi
3023 3819 3096 3872 illi
3125 3818 3294 3873 Judici
3337 3819 3517 3874 adsta-

1924 3921 2025 3975 ret,
2056 3911 2332 3982 ipsumque
2355 3913 2701 3981 imperantem
2723 3910 2957 3975 audiret,
2993 3920 3048 3965 ut
3078 3910 3334 3965 nefarium
3364 3913 3511 3967 illum

1924 4017 1986 4056 ac
2011 4003 2293 4057 scelestum
2317 4018 2380 4056 ex
2411 4016 2565 4055 sacro
2591 4001 2713 4055 ovili
2746 4001 3042 4069 expelleret
3060 4041 3074 4066 ,
3104 4001 3182 4055 sic
3196 3981 3366 4071 .ejecit
3394 4014 3447 4057 et
3481 4018 3511 4056 a

1923 4092 2144 4162 reliquis
2187 4092 2375 4146 ovibus
2417 4089 2808 4162 sequestravit,
2846 4090 2912 4143 ad
2954 4089 3083 4143 nihil
3113 4104 3298 4145 eorum
3341 4093 3512 4161 respi-

1922 4188 2071 4243 ciens
2092 4228 2108 4253 ,
2140 4202 2261 4257 quae
2299 4186 2611 4241 videbantur
2652 4183 2909 4240 terribilia
2961 4198 3118 4248 esse,
3150 4183 3245 4240 sed
3290 4184 3513 4240 viriliter

1924 4283 2070 4337 illum
2090 4297 2150 4335 ac
2166 4294 2428 4351 generose
2445 4277 2729 4333 admodum
2756 4277 3020 4347 repellens
3046 4277 3255 4332 violatis
3275 4277 3367 4333 Dei
3385 4277 3514 4348 legi-

1923 4372 2027 4428 bus
2037 4388 2194 4443 opcm
2217 4372 2355 4426 tulit.
2370 4371 2525 4440 Atqui
2552 4356 2749 4440 quanta
2770 4384 2893 4439 erga
2912 4379 3135 4425 cmteros
3150 4368 3341 4424 ï¬ducia
3358 4385 3512 4424 usum

1925 4469 2072 4523 illum
2090 4482 2208 4521 esse
2230 4482 2324 4536 par
2340 4466 2454 4521 est?
2474 4465 2572 4533 Qui
2590 4465 2730 4521 enim
2756 4464 3103 4533 imperantem
3124 4471 3265 4517 tanta
3279 4478 3397 4516 cum
3420 4477 3514 4531 po-

1923 4567 2115 4614 testate
2137 4572 2418 4628 aggressus
2443 4566 2544 4622 est,
2572 4570 2731 4625 quem
2760 4553 3087 4623 reliquorum
3117 4552 3514 4607 formidaverit?

1926 4649 2180 4719 Equidem
2195 4648 2401 4717 opinor,
2422 4647 2527 4701 imo
2541 4660 2644 4700 non
2656 4645 2864 4715 Opinor,
2880 4643 2971 4699 sed
2988 4643 3171 4708 credo,
3183 4644 3351 4697 virum
3366 4643 3513 4700 illum

1925 4758 2025 4797 nec
2062 4741 2129 4796 ad
2170 4741 2394 4812 gratiam
2425 4754 2525 4795 nec
2552 4737 2619 4792 ad
2659 4738 2838 4793 odium
2882 4735 3151 4807 quidpiam
3192 4733 3385 4790 fecisse
3428 4735 3513 4789 vel

1924 4834 2122 4889 dixisse
2149 4847 2436 4904 umquam;
2463 4829 2558 4885 sed
2582 4829 2838 4883 adversus
2868 4827 3111 4881 timorem
3136 4867 3153 4894 ,
3180 4834 3235 4880 et
3258 4825 3516 4881 adversus

1925 4927 2119 4982 timore
2145 4925 2496 4997 potentiorem
2522 4921 2881 4976 adulationem
2907 4959 2924 4986 ,
2952 4928 3006 4974 et
3028 4919 3129 4973 alia
3153 4918 3368 4983 similia,
3395 4933 3516 4988 qua:

1924 5018 2065 5090 apud
2107 5016 2352 5074 homines
2384 5015 2547 5069 multa
2574 5013 2805 5078 adsunt,
2838 5012 3037 5067 utiliter
3062 5010 3378 5083 fortiterque
3404 5020 3518 5067 steâ€”

1924 5113 2072 5177 tisse,
2095 5124 2160 5164 ac
2181 5123 2248 5163 ne
2278 5106 2541 5162 tantillum
2565 5105 2778 5176 quidem
2800 5105 2931 5160 recti
2956 5104 3138 5174 judicii
3160 5105 3513 5160 adulterasse.

1933 5203 1989 5259 Si
2019 5202 2161 5257 enim
2189 5199 2414 5254 amictus
2439 5198 2559 5262 viri,
2588 5197 2827 5252 dentium
2849 5197 2988 5252 risus
3011 5238 3027 5264 ,
3057 5196 3251 5267 pedum
3278 5197 3517 5252 incessus

1924 5295 2042 5363 ejus
2052 5306 2231 5347 mores
2243 5298 2472 5360 arguunt
2486 5287 2676 5360 (Eccli.
2708 5288 2795 5345 i9.
2813 5287 2926 5359 26),
2946 5288 3112 5343 multo
3128 5288 3296 5358 magis
3311 5294 3509 5341 cmtera

1923 5385 1991 5441 ab
2010 5399 2077 5441 eo
2098 5382 2352 5454 praeclare
2365 5389 2513 5452 gesta
2540 5379 2824 5437 ostendere
2842 5388 3063 5451 possunt
3083 5388 3295 5449 quanta:
3310 5377 3363 5431 in
3391 5376 3515 5432 reli-

1923 5491 2028 5549 qua
2041 5476 2148 5532 vita
2171 5475 2382 5531 virtutis
2402 5472 2564 5530 fuerit
2587 5490 2600 5530 :
2625 5488 2800 5546 neque
2818 5473 2960 5529 enim
2982 5473 3050 5528 ob
3073 5470 3319 5526 fiduciam
3336 5469 3512 5526 solum

1922 5569 2372 5628 admirandusille
2394 5576 2499 5636 cst,
2521 5567 2616 5625 sed
2632 5565 2774 5637 quod
2804 5565 3047 5621 fiduciam
3086 5564 3228 5619 illam
3245 5576 3312 5617 eo
3341 5578 3512 5635 usque

1924 5663 2256 5737 produxerit,
2278 5671 2388 5719 tum
2408 5660 2573 5719 etiam
2592 5658 2735 5731 quod
2759 5659 2809 5717 ei
2835 5655 2964 5711 nihil
2991 5655 3212 5713 ulterius
3227 5654 3515 5713 addiderlt.
