4044 6206
440 206 546 262 545

511 336 565 387 7.
595 331 740 386 'I‘alis
760 327 957 398 quippe
981 332 1063 378 cst
1088 318 1281 375 Christi
1309 315 1565 386 sapientia
1585 353 1600 374 ,
1627 323 1748 380 qum
1779 322 1877 362 nec
1897 306 2020 377 plus

437 428 585 498 justo
613 424 892 479 decertare
921 415 1191 487 permittat
1217 454 1231 477 ,
1255 409 1351 464 sed
1379 407 1572 474 ubique
1601 398 2024 457 moderationem

440 488 639 574 servet.
666 513 824 583 Atqui
847 511 944 580 ipsi
971 508 1186 570 licebat,
1215 505 1260 556 si
1287 498 1565 562 voluisset,
1587 496 1723 549 ultra
1751 488 2022 561 progredi.

443 613 503 666 Ei
535 608 675 664 enim
703 605 791 674 qui
818 603 938 655 vita:
969 611 1149 653 curam
1177 593 1458 663 abjecisset
1484 587 1610 661 (non
1641 584 1782 638 enim
1810 591 2026 652 prorsus

439 700 778 759 accessisset,
807 693 908 748 nisi
936 707 993 745 se
1021 685 1321 757 hujusmodi
1343 677 1750 751 cogitationibus
1773 670 2027 727 armavis-

440 793 545 862 set)
568 833 582 856 ,
612 803 730 844 cum
759 791 1020 856 potestate
1043 779 1218 833 omnia
1254 775 1426 828 facere
1451 770 1682 832 licebat,
1710 777 1764 820 et
1792 764 2025 831 Impera-

442 896 616 938 torem
649 871 986 934 contumeliis
1030 879 1314 939 aSpergcre
1340 905 1354 928 ,
1386 872 1440 918 et
1463 860 1706 915 diadema
1752 855 1822 910 de
1855 852 2028 922 capite

438 973 748 1037 detrahere,
777 979 830 1024 et
859 964 1050 1038 pugnis
1077 977 1139 1016 os
1163 955 1509 1016 contundere,
1536 949 1750 1021 quando
1781 945 2026 999 dextram

440 1068 492 1120 in
529 1075 712 1136 pectus
735 1033 989 1128 imp-egit.
1019 1054 1124 1110 Sed
1169 1050 1298 1105 nihil
1343 1048 1533 1100 horum
1573 1043 1738 1097 fecit:
1771 1033 2028 1107 spirituali

447 1171 675 1225 namque
700 1153 812 1208 sale
838 1148 1106 1206 conditam
1131 1141 1360 1197 habebat
1385 1138 1616 1191 animam
1642 1151 1656 1187 :
1680 1130 2028 1202 quamobrem

448 1247 580 1303 nihil
610 1257 812 1299 temere
837 1240 920 1294 vel
943 1237 1137 1293 frustra
1159 1232 1282 1303 egit,
1313 1229 1407 1284 sed
1435 1226 1611 1280 omnia
1642 1232 1788 1278 recto
1810 1217 2030 1274 rationis

445 1338 645 1410 judicio
661 1345 714 1390 et
730 1332 928 1388 saniori
952 1328 1146 1384 modo’:
1173 1340 1278 1378 non
1299 1315 1739 1392 quemadmodum
1760 1310 2030 1381 gentilium

445 1432 714 1499 sapientes
739 1468 754 1491 ,
786 1421 880 1494 qui
920 1419 1191 1474 moderate
1224 1424 1513 1480 numquam
1541 1449 1557 1473 ,
1583 1405 1677 1459 sed
1709 1403 1904 1471 ubique
1927 1440 1940 1462 ,
1975 1407 2033 1452 ut

447 1525 517 1578 ita
556 1522 728 1575 dicam
742 1489 765 1583 ν,
795 1489 886 1569 aut
912 1513 1029 1583 plus
1058 1517 1149 1563 aut
1177 1507 1350 1560 minus
1376 1545 1390 1570 ,
1419 1515 1575 1572 quam
1606 1512 1703 1567 par
1727 1503 1836 1559 est,
1866 1489 2034 1546 confi-

451 1616 686 1670 dentiam
717 1610 970 1666 exhibent
995 1618 1170 1666 suam,
1199 1601 1271 1653 ita
1299 1606 1356 1652 ut
1384 1606 1644 1662 nusquam
1672 1583 2031 1649 fortitudinis,

450 1707 543 1762 sed
570 1701 1005 1759 irrationabilium
1036 1695 1318 1750 affectuum
1354 1687 1656 1758 Opinionem
1705 1681 1899 1749 ubique
1933 1677 2034 1731 sibi

449 1796 772 1856 concilient;
799 1791 885 1846 ubi
917 1792 1090 1843 minus
1121 1781 1440 1854 prmstitere,
1472 1771 1805 1834 formidinis;
1831 1768 1917 1822 ubi
1942 1782 2034 1820 ex-

448 1901 682 1946 cessere.
708 1880 1021 1952 arrogantiae
1046 1886 1102 1931 et
1125 1888 1274 1929 vana:
1301 1869 1486 1941 gloria:
1513 1863 1651 1934 apud
1691 1875 1879 1917 omnes
1903 1871 2033 1912 con-

453 1980 598 2034 victi.
621 1980 688 2031 At
710 1991 813 2029 non
836 1947 966 2027 item
999 1971 1186 2024 beatus
1214 1965 1301 2019 ille
1326 1981 1340 2017 :
1368 1975 1472 2016 non
1499 1958 1641 2014 enim
1671 1965 1871 2009 temere
1895 1947 2036 2020 quod

450 2075 503 2127 in
534 2079 766 2124 mentem
797 2067 998 2120 subiret
1027 2060 1237 2131 agebat.
1265 2055 1359 2111 sed
1387 2051 1596 2108 cunctis
1619 2054 1866 2103 accurate
1906 2057 2038 2098 exaa

451 2162 688 2225 minatis,
712 2154 1149 2222 concinnatisque
1173 2147 1465 2204 secundum
1491 2143 1694 2197 divinas
1717 2140 1860 2209 leges
1885 2136 2035 2205 cogi-

452 2252 742 2309 tatinnihus
759 2291 774 2313 ,
798 2249 874 2302 sic
899 2246 964 2300 ad
983 2258 1116 2313 Opus
1137 2257 1227 2296 eas
1258 2237 1460 2293 eduxit.
1483 2234 1712 2302 Ideoque
1748 2229 2037 2284 sectionem

452 2362 560 2402 non
593 2346 644 2398 in
677 2339 961 2412 superficie
993 2345 1197 2390 tantum
1226 2331 1351 2386 fecit
1373 2371 1388 2394 ,
1420 2342 1486 2382 ne
1509 2325 1681 2394 major
1707 2336 1830 2392 pars
1862 2318 2038 2375 allecti

453 2438 677 2494 membri
716 2439 1050 2494 remaneret;
1077 2441 1246 2497 neque
1285 2420 1687 2494 profundiorem
1710 2458 1724 2483 ,
1752 2429 1912 2484 quam
1943 2427 2040 2483 par

453 2539 602 2596 erat,
630 2543 698 2583 ne
737 2527 903 2597 plaga:
929 2534 1158 2578 excessu
1202 2515 1482 2572 sanitatem
1509 2514 1916 2577 corrumperet;
1941 2503 2036 2557 sed

456 2625 605 2695 plaga
635 2621 699 2675 ad
731 2595 973 2674 morbum
1004 2616 1351 2680 attemperata
1376 2649 1390 2671 ,
1419 2605 1498 2660 sic
1519 2603 1772 2673 optimam
1803 2595 2041 2651 adhibuit

459 2711 798 2770 medicinam.
837 2708 971 2762 Ilinc
1001 2705 1149 2759 illum
1182 2702 1278 2766 ira,
1311 2695 1538 2768 ignavia,
1571 2688 1872 2761 arrogantia
1901 2729 1917 2754 ,
1944 2701 2039 2740 va-

453 2823 536 2862 nre
578 2803 759 2876 gloria":
800 2797 1047 2867 cupidine
1067 2838 1080 2860 ,
1105 2792 1227 2846 odio
1248 2833 1263 2857 ,
1287 2797 1466 2852 metu,
1503 2783 1805 2838 adulatione
1844 2790 2038 2848 purum

455 2915 578 2956 esse
601 2899 822 2950 fidenter
852 2885 1261 2961 pronuntiarim.

528 2990 712 3043 Modus
740 2987 791 3039 in
821 2959 983 3038 rebus.
1006 3009 1077 3019 -—
1103 2974 1253 3044 Quod
1283 2973 1327 3028 si
1354 2969 1476 3042 quid
1499 2968 1917 3034 inexspectatum
1943 2959 2027 3013 di-

455 3098 579 3139 cere
605 3095 739 3150 opus
768 3078 855 3142 sit,
886 3090 991 3128 non
1018 3080 1126 3125 tam
1151 3071 1315 3123 miror
1351 3065 1564 3119 beatum
1596 3059 1742 3114 illum
1769 3053 1909 3124 quod
1934 3051 2043 3106 Im-

461 3172 717 3242 peratoris
761 3167 997 3221 furorem
1043 3160 1333 3229 reprimere
1375 3168 1533 3208 ausus
1573 3151 1662 3216 sit,
1709 3160 1864 3218 quam
1903 3141 2045 3212 quod

459 3261 774 3321 intellexerit
815 3266 1073 3326 quatenus
1101 3254 1202 3305 hoc
1227 3251 1397 3318 ipsum
1429 3246 1600 3299 facere
1625 3247 1915 3309 oporteret,
1949 3249 2048 3289 nec

457 3356 740 3426 quidquam
767 3349 987 3403 ulterius
1015 3345 1098 3398 vel
1125 3341 1309 3397 fecerit
1333 3337 1417 3392 vel
1445 3334 1656 3390 dixerit.
1685 3329 1837 3396 Quod
1865 3336 2044 3381 autem

466 3451 569 3503 hoc
591 3447 660 3500 sit
688 3445 776 3498 illo
803 3438 1094 3496 mirabilius
1119 3477 1135 3502 ,
1163 3433 1359 3488 multos
1403 3427 1640 3482 invenire
1682 3431 1782 3486 est,
1811 3419 1899 3490 qui
1926 3431 2046 3472 cum

459 3538 585 3594 illud
617 3535 856 3598 fecerint,
887 3531 989 3584 hoc
1013 3534 1267 3598 praestare
1291 3537 1396 3577 non
1423 3522 1724 3590 potuerunt.
1757 3513 1890 3567 Nam
1918 3526 2039 3564 cum

464 3632 707 3685 libertate
732 3624 874 3695 loqui
904 3620 1123 3691 quilibet
1148 3630 1291 3685 saepe
1330 3619 1590 3684 possunt;
1619 3607 1844 3676 idipsum
1871 3614 2048 3658 autem

465 3733 726 3789 tempore,
752 3708 931 3778 modo,
963 3709 1329 3766 moderatione
1350 3719 1412 3757 ac
1438 3699 1713 3771 prudentia
1740 3693 2049 3765 congruenti

465 3786 746 3883 prmstarc.
778 3807 954 3877 magni
981 3799 1384 3868 admirandique
1407 3793 1566 3849 animi
1588 3800 1688 3847 est.
1712 3786 2051 3855 Quandoqui-

468 3905 590 3959 dem
610 3903 823 3957 beatum
849 3875 1013 3953 David
1036 3907 1224 3963 magna
1247 3904 1366 3944 cum
1383 3882 1699 3942 conﬁdentia
1719 3875 2052 3934 contumeliis

467 3997 686 4053 incessit
712 3992 911 4057 Semei,
938 3989 1220 4055 virumque
1247 3980 1559 4050 sanguinum
1587 3971 1790 4029 vocavit
1817 3969 1892 4040 (2.
1922 3967 2050 4036 Reg.

473 4090 560 4143 I6.
589 4088 642 4157 5)
672 4103 686 4151 ;
719 4092 774 4138 at
813 4097 920 4136 non
962 4078 1013 4134 id
1039 4091 1138 4147 ego
1182 4073 1428 4128 ﬁduciam
1470 4067 1557 4122 vel
1585 4065 1879 4119 libertatem
1907 4058 2056 4113 dixe-

473 4177 615 4240 rim,
668 4174 760 4228 sed
813 4172 1003 4239 linguae
1061 4146 1234 4234 potius
1283 4154 1737 4226 intemperantiam
1787 4146 2056 4215 animique

474 4265 771 4328 audaciam,
798 4256 1208 4317 contumaciam,
1237 4247 1614 4319 arrogantiam,
1644 4251 1699 4297 et
1725 4238 1934 4310 quidvis
1957 4250 2056 4305 po-

473 4359 597 4422 tius,
627 4369 784 4425 quam
831 4351 1146 4405 libertatem.
1175 4346 1279 4400 Par
1308 4351 1392 4397 est
1419 4340 1583 4402 enim,
1611 4343 1670 4390 ut
1712 4341 1863 4403 puto,
1894 4343 2014 4383 eum
2040 4368 2056 4391 ,

475 4450 567 4520 qui
596 4446 973 4514 redarguturus
999 4450 1103 4505 est,
1135 4437 1202 4491 ab
1227 4431 1445 4489 audacia
1475 4427 1704 4483 maxime
1733 4432 1890 4492 atque
1914 4436 2064 4473 arro-

475 4737 596 4777 cum
630 4717 835 4789 putrida
863 4713 1102 4768 membra
1123 4759 1126 4761 λ
1147 4720 1389 4763 resecare
1433 4709 1488 4757 et
1515 4695 1789 4754 :estuantia
1829 4691 2064 4760 compri-

479 4831 629 4872 mere
666 4829 800 4883 orus
843 4817 946 4874 est,
974 4821 1082 4861 non
1113 4804 1203 4858 irae
1235 4798 1374 4870 pleni
1406 4793 1718 4850 medicinam
1747 4785 2064 4857 aggrediun-

478 4923 594 4964 tur:
617 4906 710 4961 sed
736 4919 852 4960 .unc
875 4901 1102 4956 maxime
1119 4898 1172 4951 in
1189 4887 1520 4950 convenienti
1537 4893 1674 4940 statu
1693 4879 2064 4952 cogitationem

481 5002 752 5055 continere
800 4994 1035 5058 student,
1067 5004 1134 5044 ne
1161 4980 1486 5057 perturbatio
1523 4975 1687 5031 animi
1729 4978 1918 5028 noceat
1943 4965 2065 5020 arti.

483 5090 634 5160 Quod
661 5093 704 5143 si
737 5090 802 5154 is,
831 5085 918 5157 qui
945 5095 1139 5151 corpus
1170 5088 1360 5132 sanare
1386 5070 1550 5139 cupit,
1583 5073 1724 5120 tanta
1754 5076 1886 5132 opus
1913 5058 2070 5113 habet

486 5183 646 5238 animi
676 5175 1078 5247 tranquillitate,
1106 5169 1402 5224 animarum
1433 5159 1645 5216 medico
1687 5153 1833 5226 quid,
1862 5165 2067 5221 quzeso,

491 5271 787 5328 faciendum
817 5276 1128 5325 statuemus,
1157 5271 1211 5313 et
1237 5263 1489 5326 quantam
1517 5251 1569 5304 in
1597 5263 1663 5303 eo
1685 5240 2071 5316 philosophiam

491 5357 863 5434 requiremus?
893 5355 1072 5422 Longe
1097 5348 1350 5418 majorem
1374 5343 1592 5404 scilicet,
1613 5346 1666 5393 et
1690 5345 1886 5391 tantam
1907 5344 2074 5401 quan-

495 5422 605 5507 tam
650 5451 740 5506 ille
781 5455 982 5518 martyr
1017 5440 1274 5498 exhibuit.
1319 5433 1481 5490 Nobis
1506 5430 1646 5485 enim
1692 5422 1947 5496 quosdam
1977 5435 2076 5475 ceu

488 5543 743 5599 terminos
773 5551 825 5594 et
846 5536 1053 5608 regulas
1081 5544 1304 5604 ponens,
1322 5536 1378 5582 ut
1406 5523 1528 5580 inde
1551 5518 1766 5575 modum
1795 5511 1982 5584 agendi
2014 5511 2068 5564 in

491 5633 698 5690 caeteris
728 5629 1070 5702 proportione
1108 5621 1332 5696 quadam
1359 5624 1686 5680 mutuemur,
1715 5607 1791 5662 sic
1818 5605 2070 5660 miserum

1183 187 1239 244 S.
1282 180 1560 242 JOANNIS
1595 171 2044 235 ClIR‘SOSTOIl

2151 167 2435 226 iRCI‘IIIZP.
2477 161 3009 224 CONSTANTINOI’.

3612 159 3718 216 5»ιὺ

2138 301 2284 356 illum
2313 315 2342 354 a
2363 314 2515 354 sacro
2542 300 2721 353 limine
2745 294 2960 365 repulit.
2991 293 3310 360 Videturque
3331 305 3492 344 unum
3513 299 3717 345 tantum

2137 401 2260 445 tunc
2289 390 2456 460 probe
2479 399 2683 459 gestum
2709 401 2844 456 Opus
2875 383 3037 439 fuisse
3061 399 3076 447 ;
3103 382 3198 436 sed
3222 381 3266 435 si
3293 382 3410 450 quis
3436 381 3562 435 illud
3585 397 3720 436 exa-

2134 483 2298 536 minet
2325 490 2378 534 ct
2404 481 2633 550 undique
2649 489 2893 533 accurate
2919 473 3302 544 pcrpendat,,ct
3329 471 3639 533 secundum.
3661 481 3720 526 et

2135 574 2348 628 tertium
2383 571 2506 624 huic
2551 569 2784 632 insitum,
2819 579 3173 635 magnumque
3216 563 3457 617 utilitatis
3502 563 3719 616 thesau-

2134 681 2254 720 rum
2304 663 2552 732 reperiet.
2577 661 2709 714 Nam
2755 659 2842 728 qui
2875 666 2998 710 tunc
3036 645 3393 724 rejicicbatur,
3427 668 3560 706 unus
3603 664 3722 708 tan-

2136 765 2248 809 tum
2278 764 2434 818 erat;
2484 753 2573 820 qui
2626 751 2827 806 lucrum
2880 747 3002 800 inde
3055 752 3413 815 reportarunt,
3469 744 3716 812 plurimi:

2134 844 2400 914 siquidem
2432 844 2483 896 in
2513 841 2736 911 imperio
2761 838 2895 907 ejus,
2925 836 3064 906 quod
3103 835 3385 890 maximam
3414 834 3557 889 orbis
3597 850 3723 903 par-

2135 944 2239 990 tem
2269 931 2749 1002 complectebatur,
2780 935 3037 997 quotquot
3060 925 3318 979 increduli
3343 932 3513 990 erant,
3537 925 3722 978 obstu-

2136 1025 2329 1095 pefacti
2355 1023 2634 1092 miratique
2657 1029 2800 1086 sunt,
2828 1018 2919 1072 ubi
2952 1017 3249 1071 didicerunt
3276 1024 3522 1085 quautam
3550 1015 3722 1068 servis

2134 1120 2248 1174 suis
2274 1117 2515 1172 Christus
2541 1113 2785 1184 loquendi
2814 1111 3056 1165 fiduciam
3081 1108 3376 1174 indidisset,
3400 1121 3548 1160 suam
3576 1107 3723 1175 ipso-
3769 1109 3776 1115 ’

2135 1226 2252 1264 rum
2283 1207 2593 1262 illiberalem
2637 1213 2692 1259 et
2738 1203 2997 1271 abjectam
3026 1201 3335 1254 servitutem
3381 1198 3718 1264 deriserunt,

2137 1301 2385 1354 viderunt
2411 1305 2663 1367 quantum
2695 1295 2833 1348 inter
2861 1293 3279 1346 Christianorum
3310 1289 3638 1344 nobilitatem
3665 1298 3722 1342 et

2137 1390 2413 1461 gentilium
2456 1386 2834 1455 turpitudinem
2878 1381 3197 1437 discriminis
3241 1389 3402 1434 esset.
3446 1378 3654 1432 Etenim
3683 1379 3722 1431 ii

2147 1480 2287 1550 apud
2317 1479 2454 1544 illos,
2482 1477 2675 1547 quibus
2699 1489 2968 1529 sacrorum
2995 1488 3121 1527 cura
3147 1470 3448 1526 concredita
3472 1478 3574 1534 est,
3601 1468 3724 1538 plus

2138 1587 2298 1642 quam
2347 1569 2611 1632 dominos,
2665 1567 2782 1636 plus
2831 1580 2987 1634 quam
3039 1563 3179 1616 idola
3227 1576 3321 1616 sua
3369 1561 3726 1631 Imperatores

2141 1665 2344 1727 colunt,
2378 1661 2694 1729 illorumque
2719 1666 2864 1712 metu
2897 1655 3194 1712 simulacris
3220 1655 3330 1709 suis
3367 1653 3619 1720 assident,
3647 1653 3725 1708 ita

2140 1764 2199 1808 ut
2224 1750 2437 1822 maligni
2457 1751 2729 1804 daemones
2749 1746 3161 1816 lmperatoribus
3183 1745 3282 1799 sibi
3309 1743 3484 1798 collati
3506 1742 3726 1797 honoris

2139 1844 2367 1914 gratiam
2399 1841 2647 1896 habeant.
2695 1839 2876 1908 Itaque
2900 1837 2987 1892 ubi
3013 1835 3270 1905 contingit
3292 1834 3586 1904 quempiam
3616 1832 3727 1887 Im-

2140 1944 2439 2006 peratorem
2468 1930 2656 1994 creari,
2687 1931 2776 1999 qui
2805 1943 2924 1983 cum
2953 1928 3058 1982 illis
3085 1926 3342 1995 religione
3368 1939 3471 1977 non
3499 1936 3727 1977 consen‘

2148 2028 2265 2090 tiat,
2297 2026 2340 2080 si
2369 2024 2492 2095 quis
2533 2023 2796 2078 idolorum
2841 2019 3034 2090 templa
3080 2016 3435 2087 ingrediatur,
3465 2015 3516 2069 in
3559 2015 3728 2068 muris

2142 2121 2340 2190 passim
2384 2116 2582 2172 videbit
2627 2124 2875 2172 extensas
2922 2127 3234 2168 aranearum
3280 2110 3430 2175 telas,
3477 2115 3730 2176 tantoque

2145 2213 2361 2283 pulvere
2384 2223 2727 2279 conspersum
2757 2215 3004 2270 statuam,
3051 2212 3109 2257 ut
3148 2217 3319 2272 neque
3347 2215 3525 2263 nasus,
3551 2211 3731 2267 neque

2150 2307 2358 2372 oculus,
2385 2319 2556 2374 neque
2584 2303 2684 2356 alia
2715 2299 2914 2371 qumvis
2939 2311 3063 2368 pars
3091 2297 3268 2350 vultus
3296 2301 3562 2363 appareat,
3589 2291 3730 2343 alta-

2148 2402 2286 2456 rium
2313 2413 2444 2454 vero
2469 2396 2704 2465 reliquiae
2735 2392 2928 2457 solum,
2971 2389 3157 2459 majori
3186 2387 3405 2454 abrupta
3435 2393 3599 2453 parte,
3630 2396 3731 2435 su-

2145 2499 2387 2562 persunt,
2425 2497 2480 2544 et
2505 2487 2700 2556 alioqui
2731 2494 2834 2539 tam
2860 2483 3024 2538 densa
3057 2481 3286 2548 undique
3311 2476 3472 2531 herba
3496 2476 3731 2529 circum-

2147 2585 2269 2640 data
2301 2591 2444 2647 sunt,
2475 2590 2534 2636 ut
2563 2581 2652 2650 qui
2696 2577 2885 2632 altaria
2912 2590 3032 2630 esse
3063 2575 3285 2642 ignoret,
3317 2584 3561 2624 acervum
3587 2576 3730 2620 ster-

2146 2675 2352 2747 quilinii
2397 2688 2520 2729 esse
2567 2679 2732 2740 putet.
2785 2669 2951 2737 Ilujus
2991 2666 3065 2720 rei
3095 2678 3251 2718 causa
3278 2670 3379 2726 est,
3421 2659 3561 2729 quod
3599 2659 3733 2712 olim

2147 2768 2251 2822 illis
2280 2765 2469 2819 liceret
2496 2773 2846 2832 quzecumque
2873 2757 3068 2811 vellcnt
3110 2751 3352 2806 sull'urari
3396 2760 3452 2804 et
3495 2764 3587 2818 per
3614 2756 3732 2801 sta-

2147 2868 2354 2914 tuarum
2386 2855 2586 2910 cultum
2615 2851 2786 2906 ventri
2829 2848 3142 2917 indulgere:
3173 2857 3314 2897 nunc
3356 2850 3530 2895 autem
3569 2853 3732 2907 quam

2145 2951 2216 3006 ob
2237 2962 2448 3003 causam
2475 2959 2592 3000 sese
2611 2939 3001 2997 crueiavcrint?
3027 2935 3334 2990 Assidentes
3353 2933 3494 2986 enim
3515 2945 3576 2983 ac
3602 2943 3728 2982 sese

2149 3038 2490 3097 conﬁcientes
2529 3035 2594 3089 ab
2625 3033 2728 3086 illis
2753 3046 2819 3086 ne
2858 3029 3134 3083 minimum
3160 3023 3368 3095 quidem
3400 3021 3603 3092 przcmii
3632 3033 3736 3072 ex-

2149 3140 2390 3203 spectant
2420 3147 2434 3183 :
2464 3135 2586 3182 sunt
2627 3126 2772 3180 enim
2813 3123 2956 3193 ligna
3003 3132 3058 3176 et
3099 3118 3301 3188 lapides
3330 3134 3344 3168 :
3373 3114 3512 3184 quod
3553 3121 3734 3165 autem

2151 3225 2270 3278 illos
2297 3222 2363 3276 ad
2393 3219 2742 3276 simulandum
2781 3216 2977 3271 cultum
3021 3212 3239 3277 inducit,
3268 3219 3348 3264 cst
3377 3208 3546 3262 honor
3574 3219 3732 3273 quem

2151 3317 2254 3372 illis
2297 3313 2550 3369 exhibent
2598 3311 2991 3378 Imperatores;
3037 3318 3221 3358 verum
3262 3310 3316 3355 et
3362 3299 3450 3352 ille
3494 3295 3735 3351 sublatus

2151 3416 2234 3462 cst
2252 3447 2267 3472 ,
2297 3403 2508 3474 quando
2537 3402 2885 3470 Imperatores
2914 3395 3157 3465 sapiunt,
3201 3399 3255 3448 et
3281 3391 3371 3445 Dei
3417 3387 3607 3443 Filium
3633 3383 3735 3437 ad-

2153 3505 2328 3551 orant.

2224 3589 2278 3644 8.
2309 3587 2410 3640 Res
2437 3584 2836 3640 Christianorum
2861 3580 2912 3632 in
2939 3575 3320 3649 persequutione
3343 3573 3522 3641 ﬂorent
3551 3567 3736 3636 magis.

2105 3705 2110 3712 ε
2152 3710 2224 3723 —-
2245 3683 2311 3734 At
2338 3686 2519 3732 nostra
2549 3691 2652 3729 non
2681 3674 2781 3728 hoc
2804 3687 2862 3726 se
2896 3670 3096 3724 habent
3117 3664 3297 3727 modo,
3319 3661 3410 3717 sed
3436 3660 3589 3729 plane
3609 3672 3741 3712 con-

2155 3773 2337 3828 trario.
2356 3768 2488 3824 Cum
2515 3769 2654 3824 enim
2682 3765 2799 3836 quis
2824 3762 3078 3832 religione
3105 3758 3379 3813 nobiscum
3399 3750 3741 3808 consentiens

2157 3861 2555 3933 imperatorium
2603 3857 2712 3911 adit
2757 3855 3027 3916 thronum,
3056 3848 3475 3905 Christianorum
3523 3855 3609 3895 res
3652 3855 3743 3893 se-

2157 3929 2370 4024 gniores
2397 3948 2632 4004 evadunt
2665 3964 2680 4000 :
2711 3953 2915 3999 tantum
2937 3941 3088 3995 abest
3107 3946 3164 3992 ut
3184 3934 3429 3990 humanis
3451 3929 3744 3986 honoribus

2160 4020 2468 4113 erigantur;
2499 4053 2620 4093 cum
2663 4044 2840 4090 autem
2870 4033 2990 4103 quis
3021 4029 3214 4099 impius
3239 4026 3395 4081 nobis
3431 4023 3582 4093 plane
3611 4020 3745 4075 infe-

2161 4146 2276 4191 stus
2301 4131 2697 4199 innumerisque
2723 4141 2820 4181 nos
2840 4125 2992 4179 malis
3012 4123 3246 4174 afficiens
3274 4116 3548 4185 imperium
3573 4120 3740 4176 tenet,

2163 4238 2288 4282 tunc
2333 4228 2524 4280 florent
2551 4229 2728 4276 nostra
2767 4233 2830 4273 ac
2865 4213 3221 4286 splendidiora
3261 4208 3584 4268 efficiuntur,
3618 4215 3744 4257 tunc

2164 4317 2503 4390 pranniorum
2530 4323 2584 4368 et
2605 4320 2923 4380 tropmorum
2969 4315 3197 4376 tempus,
3226 4312 3349 4356 tunc
3384 4310 3701 4353 coronarum
3726 4334 3744 4357 ,

2165 4409 2569 4481 praeconiorum,
2593 4420 2656 4458 ac
2672 4400 2994 4456 fortitudinis
3013 4392 3320 4452 exhibenda:
3340 4390 3568 4445 occasio.
3591 4385 3750 4452 Quod

2165 4507 2207 4560 si
2236 4503 2357 4573 quis
2385 4501 2528 4555 dicat
2569 4497 2728 4552 etiam
2761 4507 2900 4548 nunc
2943 4501 3224 4558 superesse
3263 4483 3422 4539 urbes
3457 4495 3574 4550 qua:
3603 4478 3749 4532 circa

2167 4595 2429 4648 idolorum
2473 4589 2730 4644 insaniam
2776 4598 2957 4654 parem
3002 4578 3252 4635 exhibent
3291 4574 3526 4634 cultum,
3575 4569 3752 4637 primo

2168 4683 2383 4752 quidem
2425 4693 2619 4749 paucas
2647 4673 2965 4735 numerabit,
2997 4675 3360 4725 verumtamen
3399 4677 3464 4716 ne
3504 4661 3602 4714 hac
3625 4659 3750 4728 qui-

2171 4776 2290 4832 dem
2323 4775 2529 4828 rati0ne
2553 4768 2730 4824 verbis
2759 4765 2892 4820 meis
2917 4762 3116 4817 officiet
3149 4777 3162 4812 :
3193 4763 3372 4810 manet
3396 4753 3533 4808 enim
3560 4749 3753 4805 eadem

2173 4865 2500 4938 hypothesis,
2531 4875 2593 4915 ac
2619 4873 2714 4929 pro
2740 4856 3061 4925 Imperatore
3101 4851 3243 4904 cives
3271 4845 3487 4909 habent,
3517 4841 3606 4910 qui
3654 4856 3756 4909 pa-

2173 4935 2287 5016 rem
2315 4959 2419 5013 illis
2439 4960 2690 5025 praestent
2716 4951 2993 5004 honorem.
3017 4946 3189 5013 Atque
3209 4939 3360 5005 hujus
3383 4935 3555 4990 cultus
3577 4947 3759 4986 causa:

2175 5060 2300 5108 sunt
2326 5047 2554 5118 crapula:
2600 5052 2655 5099 et
2692 5037 3106 5098 comessationes
3151 5045 3259 5087 tum
3288 5028 3488 5082 diurna:
3515 5033 3623 5077 tum
3656 5037 3759 5074 uo-

2177 5152 2400 5204 σιω-ηπ,
2421 5112 2608 5200 ἰὶὺὶω,
2641 5144 2911 5205 tympana,
2941 5128 3156 5182 libertas
3198 5113 3649 5190 impudentissime
3683 5112 3764 5164 Io-

2178 5231 2372 5304 quendi
2401 5227 2593 5296 turpia,
2621 5221 2814 5292 agendi
2841 5219 3095 5288 turpiora,
3119 5227 3235 5267 sese
3249 5211 3381 5264 cibis
3403 5199 3766 5275 ingurgitandi

2179 5326 2350 5380 donec
2396 5293 2766 5386 dirumpantur
2814 5327 2924 5382 pra:
2966 5308 3240 5367 ebrietate,
3282 5293 3665 5355 debacchandi,
3711 5301 3768 5343 et

2183 5417 2234 5470 in
2283 5411 2632 5468 foedissimam
2676 5403 2932 5458 insaniam
2986 5393 3262 5452 delabentli
3313 5409 3326 5444 :
3369 5389 3420 5442 hi
3469 5380 3770 5452 turpissimi

2183 5512 2422 5574 sumptus
2461 5501 2569 5570 jam
2607 5495 2868 5550 labentem
2915 5503 3148 5545 errorem
3198 5483 3436 5548 detinent
3472 5485 3526 5532 et
3553 5475 3770 5543 fovent.

2186 5566 2562 5666 Opulentiorcs
2605 5586 2746 5643 enim
2792 5597 2885 5638 eos
2927 5580 3013 5651 qui
3063 5578 3129 5633 ob
3176 5573 3432 5650 ignaviam
3456 5566 3600 5622 fame
3627 5580 3759 5636 per-
