4044 6206
375 235 478 290 ωδ

380 353 538 406 eunt.
571 341 626 396 in
696 340 943 400 ordinem
992 341 1341 411 parasitorum
1393 337 1644 404 adscitos,
1698 347 1962 407 tamquam

376 451 536 490 canes
573 436 715 490 circa
764 450 976 489 mensas
1011 434 1322 489 victitantes
1363 433 1652 495 enutriunt,
1684 430 1966 500 impuden-

379 539 458 582 tes
489 537 702 581 ventres
728 527 1024 596 iniquarum
1057 528 1331 597 epularum
1360 529 1598 598 reliquiis
1634 527 1961 593 distendunt,

378 630 430 675 et
468 635 572 689 pro
623 619 789 673 lubito
840 620 904 674 iis
947 630 1187 674 utuntur.
1245 620 1354 675 Nos
1399 637 1526 674 vero
1569 621 1658 690 qui
1706 621 1963 690 insipien-

379 713 504 766 tiam
565 711 1001 780 iniquitatemque
1061 722 1289 767 vestram
1335 728 1680 778 aversamur,
1731 728 1824 768 eos
1875 718 1962 786 qui

381 817 488 872 prze
534 802 739 871 ignavia
772 801 912 857 fatue
958 801 1224 868 laborant,
1267 819 1370 857 non
1415 804 1640 870 alimus,
1689 806 1783 860 sed
1837 807 1964 876 ipsis

377 890 686 956 suademus,
712 899 768 943 ut
789 891 1096 957 laborantes
1118 903 1170 946 et
1193 893 1292 946 sibi
1315 905 1367 947 et
1391 894 1510 948 aliis
1531 896 1726 952 vietum
1756 908 1961 966 parent;

378 997 468 1035 eos
493 992 694 1050 autem,
726 984 814 1052 qui
855 984 1045 1039 mutilo
1070 996 1192 1040 sunt
1219 1002 1474 1055 corpore,
1503 989 1572 1042 ab
1617 990 1680 1042 iis
1705 991 1792 1059 qui
1834 993 1966 1048 sub-

379 1074 682 1134 ministrare
699 1084 940 1142 possunt,
964 1077 1314 1140 necessariam
1333 1080 1502 1134 solum
1525 1095 1700 1136 eseam
1722 1085 1964 1152 accipere

378 1165 722 1238 concedimus
755 1185 768 1220 :
796 1169 1210 1226 conieSsationes
1234 1212 1249 1234 ,
1280 1172 1565 1228 ebrietates
1589 1193 1624 1240 ,’
1659 1191 1720 1230 ac
1759 1178 1963 1248 reliqua

377 1259 554 1314 omnis
582 1257 784 1311 insania
809 1267 864 1312 et
894 1260 1162 1328 turpitudo
1188 1276 1215 1313 a
1248 1263 1400 1317 nobis
1425 1264 1694 1320 eliminata
1723 1278 1824 1334 est,
1871 1285 1967 1324 eo-

378 1362 601 1416 rumque
641 1347 759 1402 loco
802 1348 1012 1410 inducta
1043 1360 1169 1404 sunt
1193 1367 1539 1423 quaecumque
1575 1357 1789 1426 gravia,
1819 1375 1964 1428 qua:-

377 1451 604 1506 cutnqne
629 1448 795 1506 casta,
828 1455 1174 1511 quazcumqtte
1216 1442 1380 1512 justa,
1409 1461 1755 1519 qutecuntque
1784 1449 1966 1504 lauda-

379 1527 525 1594 bilia,
554 1529 596 1582 si
623 1544 727 1599 qua
758 1531 946 1596 virtus,
978 1533 1022 1585 si
1069 1549 1170 1602 qua
1221 1535 1352 1589 laus.
1377 1535 1576 1592 Cetera
1618 1555 1795 1608 porro,
1843 1557 1964 1612 qua:

379 1622 448 1676 de
493 1622 824 1692 philosophis
853 1624 965 1677 suis
1002 1623 1311 1692 jactabundi
1348 1626 1610 1690 dictitant,
1644 1646 1832 1684 vanam
1857 1634 1966 1701 glo-

380 1716 535 1780 riam,
577 1715 850 1768 audaciam
875 1705 930 1768 iet
957 1716 1175 1784 puerilis
1205 1717 1363 1772 animi
1385 1733 1547 1788 opera
1573 1720 1960 1776 demonstrant.

380 1804 494 1861 Non
528 1806 632 1860 illic
663 1805 841 1878 (apud
869 1807 1232 1879 Christianos)
1261 1809 1406 1864 dolio
1432 1811 1550 1880 quis
1577 1823 1797 1882 accepto
1845 1830 1964 1870 sese

382 1899 593 1963 inclusit
622 1903 720 1970 (α),
749 1917 852 1954 non
882 1901 1072 1955 laceris
1119 1904 1306 1971 pannis
1332 1905 1555 1961 vestitus
1583 1905 1754 1960 forum
1792 1908 1966 1962 cireu-

383 1990 492 2043 ivit.
545 1991 669 2049 llazc
696 1992 888 2060 quippe
916 1992 1037 2047 licet
1060 1993 1319 2048 mirabilia
1349 2009 1468 2050 esse
1506 1995 1800 2063 videantur,
1831 2001 1966 2054 mul-

384 2089 595 2149 tumque
624 2081 826 2135 laboris
855 2090 908 2136 et
936 2098 1188 2138 (erumnas
1239 2085 1488 2154 habeant,
1550 2087 1764 2159 indigna
1809 2091 1966 2146 laude

383 2182 524 2223 sunt.
554 2171 650 2225 Est
679 2181 854 2225 autem
911 2173 1105 2228 diaboli
1151 2177 1360 2231 astutia:
1407 2192 1536 2245 eos,
1580 2180 1668 2248 qui
1721 2181 1820 2235 sibi
1851 2196 1965 2236 ser-

382 2261 546 2327 viunt,
586 2262 856 2317 laboribus
895 2263 1199 2333 hujusmodi
1228 2267 1495 2336 addicere,
1541 2271 1629 2339 qui
1657 2280 1710 2325 et
1733 2287 1761 2324 a
1790 2286 1848 2327 se
1872 2273 1967 2328 de-

381 2360 561 2419 ceptos
604 2353 965 2420 discrucient,
1029 2366 1084 2409 ct
1143 2359 1374 2413 maxime
1419 2360 1656 2415 omnium
1716 2362 1966 2421 ridiculos

379 2443 685 2499 exhibeant.
715 2445 890 2501 Labor
918 2449 1057 2501 enim
1085 2449 1148 2513 is,
1176 2465 1240 2504 ex
1265 2467 1370 2520 quo
1397 2453 1599 2508 nullum
1624 2454 1827 2510 lucrum
1854 2472 1967 2512 ma-

381 2542 494 2599 nat,
520 2536 665 2588 omni
697 2552 916 2604 prorsus
962 2539 1118 2595 laude
1139 2552 1301 2601 caret.

453 2628 822 2682 Circulatorum
853 2631 1189 2700 quorumdam
1224 2643 1475 2704 .gesla.—
1503 2635 1773 2706 Siquidem
1799 2639 1964 2694 etiam

379 2734 524 2778 nunc
548 2729 672 2773 sunt
703 2721 946 2776 homines
979 2723 1188 2790 perditi,
1226 2725 1522 2782 innumeris
1555 2729 1692 2798 ple‘ni
1732 2728 1963 2800 ﬂagitiis,

380 2810 470 2877 qui
495 2809 667 2878 plura,
686 2827 842 2880 quam
870 2811 1213 2882 philosophus
1240 2815 1348 2881 ille,
1367 2818 1682 2885 exhibuere;
1714 2821 1801 2876 a-lii
1823 2823 1964 2877 enim

376 2901 563 2955 clavos
586 2903 923 2958 acutissimus
951 2905 1282 2976 deglntiunt,
1331 2911 1418 2964 alii
1463 2912 1669 2967 calceos
1712 2914 1968 2970 mandunt

377 3002 436 3048 .et
459 2994 749 3062 devorant,
776 2997 862 3051 alii
884 2997 951 3051 ad
981 2999 1080 3059 alia
1115 3000 1454 3055 sceleratiora
1486 3003 1621 3057 male
1657 3006 1882 3060 consulti
1909 3021 1968 3062 se

379 3084 866 3157 conferunt:atqui
911 3088 1024 3148 luce
1063 3091 1219 3161 longe
1271 3103 1396 3148 sunt
1433 3095 1776 3159 mirabiliora,
1807 3113 1966 3168 quam

380 3175 581 3230 dolium
608 3187 663 3232 et
692 3181 849 3248 panni
877 3197 892 3235 :
924 3197 1106 3236 verum
1154 3199 1326 3253 neque
1359 3185 1472 3240 luce
1509 3201 1682 3256 neque
1729 3189 1817 3243 illa
1845 3203 1971 3258 pro-

382 3266 590 3332 bamus,
624 3271 718 3324 sed
746 3271 962 3339 perinde
986 3273 1383 3344 philosophum,
1407 3285 1562 3344 atque
1593 3277 1688 3332 hos
1709 3288 1764 3333 et
1783 3295 1969 3337 omnes

382 3371 648 3430 quotquot
698 3374 1006 3431 portentosa
1057 3364 1358 3435 hujusmodi
1411 3367 1700 3435 exhibent,
1746 3373 1970 3428 miseros

380 3451 736 3520 praedicamus
777 3464 828 3507 et
859 3453 1218 3524 deploramus.
1265 3457 1369 3512 Sed
1415 3460 1601 3528 multa,
1646 3460 1813 3529 dices,
1844 3478 1971 3520 usus

381 3550 465 3596 est
492 3543 636 3612 apud
668 3560 846 3614 regem
877 3546 1122 3616 loquendi
1168 3549 1430 3607 libertate.
1464 3551 1752 3615 Videamus
1794 3555 1972 3628 itaque

383 3639 649 3707 egregiam
693 3638 940 3707 loquendi
991 3640 1308 3711 libertatem,
1364 3660 1494 3700 num
1522 3655 1576 3701 et
1621 3648 1731 3717 ipsa
1778 3649 1847 3704 sit
1888 3651 1972 3705 vel

385 3736 699 3796 portentoso
726 3729 870 3784 dolio
899 3731 1142 3799 ineptior.
1167 3734 1417 3801 Quaenam
1442 3737 1526 3798 illa
1555 3737 1814 3794 libertas?
1837 3739 1972 3796 Cum

386 3816 451 3870 ad
479 3818 671 3872 Persas
695 3832 934 3875 moveret
961 3821 1199 3892 Macedo,
1231 3825 1356 3886 dum
1387 3827 1484 3896 ipsi
1513 3827 1767 3896 adstaret,
1819 3845 1972 3900 roga-

387 3918 575 3979 retque
601 3926 669 3965 an
699 3914 944 3981 quapiam
989 3929 1047 3970 re
1071 3931 1204 3986 opus
1231 3917 1483 3985 haberet,
1531 3919 1705 3987 Nulla,
1759 3922 1970 3992 inquit:

386 4004 562 4059 solum
588 4021 656 4059 ne
680 4004 810 4067 mihi
852 4021 946 4060 rex
976 4007 1212 4066 umbram
1240 4007 1396 4064 faciat
1428 4028 1440 4063 :
1471 4020 1594 4066 tunc
1618 4013 1759 4067 enim
1801 4015 1976 4084 philo-

389 4093 590 4163 sophus
644 4095 1000 4168 apricabatur.
1055 4099 1244 4153 Annon
1302 4099 1507 4168 pudore
1555 4101 1974 4159 sull‘undemiui?

391 4199 566 4239 annon
607 4167 704 4241 vos
749 4186 1053 4257 obtegetis?
1079 4203 1257 4249 annon
1300 4189 1424 4244 hinc
1467 4190 1788 4248 facessentes
1834 4201 1975 4250 terra

395 4289 488 4328 vos
511 4275 768 4343 obruetis,
798 4276 864 4331 de
910 4277 976 4330 iis
1004 4278 1166 4331 altum
1212 4279 1496 4348 sapientes,
1545 4280 1614 4336 de
1640 4283 1831 4351 quibus
1874 4299 1974 4354 pu-

393 4364 521 4419 dore
542 4365 679 4429 affiei
703 4377 976 4436 oporteret
999 4367 1022 4420 ?
1048 4368 1254 4436 Quanto
1275 4370 1414 4423 enim
1437 4370 1602 4424 satius
1629 4371 1812 4427 fuisset
1830 4383 1977 4429 veste

392 4457 634 4511 indutum
662 4455 1034 4522 crassiuscula,
1069 4461 1217 4531 operi
1260 4473 1558 4528 vacantem,
1588 4463 1804 4533 aliquid,
1835 4467 1974 4534 quod

393 4552 508 4604 usoi
537 4549 695 4614 foret,
725 4565 754 4603 a
784 4565 908 4618 rege
935 4552 1169 4619 petiisse,
1211 4566 1368 4621 quam
1399 4551 1574 4607 lacero
1614 4553 1772 4622 pallio
1815 4555 1976 4610 vesti-

394 4652 504 4694 tum
534 4642 738 4696 sedisse
767 4642 1112 4712 apricantem,
1145 4641 1310 4695 instar
1334 4641 1642 4697 lactentium
1671 4661 1975 4713 puerorum,

391 4746 527 4800 quos
571 4733 710 4787 lotos
735 4741 788 4786 et
817 4741 1004 4786 unctos
1033 4733 1262 4787 nutrices
1292 4732 1417 4788 inibi
1439 4733 1503 4786 ad
1534 4750 1652 4789 eam
1683 4750 1793 4789 rem
1815 4736 1980 4790 collo-

392 4833 538 4889 cant,
569 4825 640 4879 ob
669 4840 828 4894 quam
859 4835 983 4880 tunc
1005 4823 1355 4895 philosophus
1380 4825 1601 4881 sedebat
1625 4826 1846 4882 infelicis
1866 4829 1978 4884 ani-

392 4915 527 4969 Cula:
556 4916 779 4984 gratiam
823 4915 1101 4985 ﬂagitans?
1131 4915 1237 4970 Sed
1282 4915 1590 4969 admiranda
1632 4917 1856 4973 fortasse
1897 4927 1980 4974 est

393 5007 482 5060 illa
529 5006 778 5076 loquendi
827 5007 1045 5062 libertas
1063 5007 1088 5059 ’ἰ
1119 5008 1230 5062 lmo
1259 5023 1384 5063 vero
1420 5008 1551 5070 nihil
1599 5009 1684 5062 illa
1715 5010 1978 5080 prodigio-

391 5098 528 5152 sius.
583 5098 786 5152 Bonum
834 5098 977 5153 enim
1009 5099 1179 5152 virum
1226 5107 1436 5168 oportet
1486 5099 1622 5154 facta
1661 5116 1753 5155 sua
1802 5103 1974 5156 omnia

394 5189 603 5257 publica
633 5189 860 5244 utilitate
890 5189 1086 5251 metiri,
1115 5189 1445 5260 aliorumque
1467 5191 1626 5244 vitam
1655 5191 1974 5258 emendare;

391 5282 666 5351 postulare
693 5291 868 5338 autem
903 5297 968 5337 ne
1008 5281 1109 5336 sibi
1139 5283 1379 5336 umbram
1427 5283 1641 5348 faceret,
1685 5301 1842 5356 quam
1883 5301 1972 5340 ur-

393 5376 540 5444 hem,
583 5391 742 5448 quam
771 5374 1010 5440 domum,
1043 5391 1200 5447 quem
1243 5375 1433 5441 virum,
1489 5392 1646 5446 quam
1699 5377 1975 5435 mulierem

455 5657 526 5719 ω)
566 5656 626 5708 ω
651 5663 916 5718 mogenem
937 5655 1155 5719 Cynicum
1179 5654 1364 5706 alludit.
1451 5660 1461 5671 '

1152 224 1247 279 ‘DE
1285 223 1344 278 S.
1388 220 1680 289 BAB'YLA,
1721 217 1992 275 CONTRA
2023 215 2365 276 JULIANlIM
2405 220 2494 277 ET
2533 221 2900 281 GENTILES.

2067 96 2076 100 -
2091 90 2146 100 ν.-.
2161 85 2210 109 ,ει

3539 233 3644 304 δίς

2074 337 2452 392 conservavit?
2497 337 2672 394 Indica
2717 339 2858 408 quod
2901 355 2966 394 ex
3012 340 3263 412 loquendi
3293 343 3536 402 libertate
3564 349 3648 409 lu:

2071 441 2218 480 crum
2249 443 2264 481 :
2293 441 2412 480 nam
2443 427 2645 482 lucrum
2669 443 2696 482 a
2721 429 2884 484 libera
2918 433 3166 502 martyris
3190 448 3320 488 voce
3348 443 3528 491 natum
3550 453 3648 506 nos

2071 519 2441 588 ostendimus,
2497 531 2551 576 et
2605 524 2825 579 ulterius
2891 526 3156 596 progressi
3206 527 3398 585 clarius
3443 532 3649 600 aperio.—

2070 625 2208 665 mus.
3478 609 3483 614 ’

2141 702 2194 755 9.
2239 701 2449 756 Interim
2493 704 2580 758 ille
2626 704 2873 774 injurium
2919 688 3063 761 illum
3111 710 3351 777 punivit,
3386 720 3647 782 quatenus

2070 791 2332 845 sacerdoti
2364 791 2443 846 fas
2469 804 2583 849 erat
2604 836 2617 860 ,
2653 797 2947 866 principum
2979 799 3118 853 altos
3147 801 3365 868 spiritus
3389 805 3646 872 coercuit,

2071 882 2278 936 violatis
2309 883 2400 936 Dei
2431 886 2634 956 legibus
2659 903 2813 956 opem
2842 890 2994 956 tulit,
3033 892 3352 961 supplicium
3384 908 3483 963 pro
3508 911 3653 965 caeso

2065 975 2262 1044 juvene
2300 980 2516 1048 exegit,
2545 981 2782 1035 omnium
2825 984 3206 1052 suppliciorum
3235 987 3603 1056 gravissimum
3630 1029 3647 1062 ρ

2072 1067 2134 1121 iis
2159 1076 2305 1123 certe
2329 1071 2414 1139 qui
2448 1080 2626 1127 mente
2651 1074 2848 1127 valent.
2872 1074 3182 1129 Meministis
3208 1077 3363 1146 plane
3383 1120 3398 1143 ,
3429 1094 3548 1145 cum
3582 1080 3651 1136 de

2071 1159 2216 1215 caede
2243 1161 2400 1216 verba
2443 1162 2776 1231 faceremus,
2807 1167 3074 1235 quomodo
3116 1171 3308 1240 singuli
3347 1173 3648 1242 auditorum

2071 1249 2552 1318 inﬂammarentur,
2583 1265 2634 1309 et
2665 1257 2957 1326 principem
2986 1260 3230 1314 manibus
3267 1271 3446 1317 tenere
3484 1279 3648 1333 cupe-

2070 1350 2225 1406 rent,
2262 1353 2422 1412 atque
2464 1345 2689 1400 ultorem
2733 1349 2976 1403 alicunde
3019 1351 3181 1406 credis
3220 1367 3498 1423 apparere.
3540 1355 3651 1414 Hoc

2070 1427 2246 1498 itaque
2274 1430 2458 1486 beatus
2485 1434 2576 1488 ille
2609 1435 2688 1490 vir
2712 1435 2854 1503 fecit,
2883 1453 3202 1509 pmnamque
3222 1441 3320 1510 ipsi
3349 1457 3649 1513 congruen-

2071 1526 2174 1572 tem
2203 1521 2490 1590 imposuit,
2518 1540 2636 1593 qua:
2664 1537 2845 1596 posset
2870 1529 3013 1583 illum
3043 1541 3354 1588 convertere
3377 1573 3392 1598 ,
3419 1535 3462 1588 si
3493 1535 3650 1591 modo

2069 1611 2311 1680 stupidus
2346 1613 2631 1670 admodum
2678 1635 2782 1672 non
2818 1619 3006 1676 fuisset
3029 1661 3042 1685 ,
3074 1638 3178 1677 non
3220 1625 3288 1678 ab
3327 1626 3651 1696 lmperatore

2071 1707 2343 1772 postulans
2383 1717 2441 1762 ut
2478 1724 2506 1761 a
2550 1711 2663 1766 sole
2705 1727 2764 1768 se
2803 1713 3146 1770 calefaciente
3184 1716 3523 1787 deﬂecteret,
3555 1721 3649 1776 sed

2071 1795 2405 1865 impudenter
2461 1801 2513 1854 in
2567 1817 2716 1857 sacra
2778 1813 2927 1874 septa
2988 1806 3306 1863 insilientem
3365 1813 3648 1886 omniaque

2070 1889 2521 1955 confundentem,
2574 1907 2672 1948 ceu
2731 1911 2914 1950 canem
2972 1906 3062 1951 aut
3117 1899 3421 1968 improbum
3481 1903 3650 1960 famu-

2072 1985 2178 2032 lum
2209 1995 2238 2034 ι
2267 1980 2546 2036 dominicis
2579 1983 2730 2038 atriis
2752 2027 2765 2048 ,
2798 1985 3088 2055 depellens.
3122 1990 3278 2044 V'ides
3318 2006 3403 2045 me
3434 2007 3537 2047 non
3562 1994 3650 2063 ja-

2070 2070 2330 2125 ctabunde
2364 2073 2596 2139 dixisse,
2631 2076 2848 2144 puerilis
2891 2078 3080 2132 animae
3122 2090 3272 2149 gesta
3301 2096 3420 2138 esse
3443 2095 3652 2138 vestro-

2070 2177 2188 2217 rum
2210 2165 2648 2235 philosophorum
2675 2169 2926 2224 miracula
2961 2185 2990 2224 a
3027 2171 3222 2244 Babyla
3259 2175 3653 2234 demonstrari?

2069 2252 2140 2309 At
2167 2265 2468 2322 temperans
2510 2255 2637 2323 fuit,
2677 2261 3140 2332 continentemque
3165 2264 3325 2319 vitam
3355 2268 3462 2337 egit
3496 2269 3653 2325 Sino.

2071 2344 2250 2413 pensis
2275 2345 2378 2410 ille,
2415 2348 2502 2416 qui
2527 2363 2592 2402 ne
2617 2348 2880 2418 legitimas
2901 2351 3113 2421 quidem
3141 2358 3349 2425 nuptias
3369 2369 3652 2416 contraxe-

2071 2433 2160 2493 rit.
2189 2433 2293 2490 Sed
2317 2436 2456 2491 adde
2480 2439 2747 2508 quomodo
2781 2448 2834 2494 et
2871 2457 2975 2511 qua
3013 2445 3238 2499 ratione.
3279 2447 3324 2501 Τ
3330 2464 3361 2500 u
3391 2465 3517 2505 vero
3546 2468 3650 2508 non

2071 2525 2256 2592 addes,
2279 2528 2404 2596 quin
2434 2528 2683 2584 libentius
2704 2547 2824 2585 eum
2853 2533 3194 2590 continentia:
3213 2537 3454 2595 laudibus
3481 2543 3657 2612 priva?

2071 2617 2174 2683 bis,
2192 2633 2346 2687 quam
2375 2623 2740 2689 temperantia:
2765 2624 2980 2679 modum
3001 2625 3214 2692 efferas,
3235 2629 3304 2683 ita
3327 2646 3518 2700 nempe
3539 2643 3654 2690 tur-

2072 2711 2155 2778 pis
2174 2723 2236 2764 ac
2261 2709 2524 2767 dedecore
2545 2714 2732 2782 plenus
2749 2724 2848 2770 est.
2879 2717 2960 2772 Ad
2978 2719 3200 2774 aliorum
3225 2737 3434 2794 quoque
3457 2742 3650 2800 nugas,

2073 2815 2264 2855 vanum
2302 2803 2532 2858 studium
2580 2817 2633 2861 et
2679 2809 3056 2878 turpitudinem
3079 2812 3306 2870 libenter
3325 2818 3648 2878 transirem:

2072 2906 2195 2945 nam
2223 2893 2331 2958 ubi,
2360 2910 2542 2965 qua‘so
2561 2937 2574 2960 ,
2599 2899 2725 2953 utile
2753 2909 2836 2954 est
2883 2900 3170 2957 humanum
3205 2919 3388 2961 semen
3412 2921 3648 2978 gustare,

2073 2993 2130 3037 ut
2159 2984 2384 3040 faciebat
2427 2987 2705 3059 Stagirites
2731 2989 2807 3060 (α)
2830 2992 2854 3046 ?
2881 3008 3000 3063 qua:
3027 2994 3224 3050 utilitas
3247 3011 3367 3051 cum
3399 3001 3656 3060 matribus

2073 3085 2127 3130 et
2152 3077 2424 3133 sororibus
2451 3082 2682 3148 misceri,
2710 3090 2768 3137 ut
2788 3085 2951 3150 Stare,
2968 3087 3082 3140 sive
3105 3090 3356 3156 porticus,
3377 3093 3657 3168 prmfeetus

2076 3165 2424 3237 philosophus
2449 3170 2562 3240 lege
2592 3173 2767 3226 sanxit
2798 3175 2911 3244 (b)?
2938 3175 3236 3232 Aeadentite
3265 3195 3475 3252 quoque
3508 3165 3653 3253 prin-

2073 3258 2269 3328 cipem,
2301 3259 2520 3330 ejusque
2550 3264 2877 3334 magistrum,
2913 3267 3144 3339 itemque
3169 3271 3324 3339 alios,
3355 3275 3442 3341 qui
3469 3277 3655 3346 majori

2075 3350 2408 3406 admirationi
2437 3352 2733 3421 habentur,
2767 3357 2852 3413 his
2889 3361 3250 3418 obsemniores
3285 3366 3447 3421 fuisse
3470 3378 3654 3427 esten?

2075 3441 2276 3507 derem,
2305 3444 2664 3518 infamemque
2697 3465 2984 3519 puerorum
3022 3468 3277 3520 amorem,
3305 3473 3461 3527 quem
3491 3459 3659 3517 Itone-.-

2076 3542 2216 3587 stum
2243 3545 2296 3588 et
2333 3546 2532 3604 partem
2562 3539 2914 3610 philosophice
2943 3558 3062 3599 esse
3101 3554 3374 3614 statuunt,
3398 3552 3542 3605 omni
3566 3566 3655 3607 re-

2077 3631 2214 3678 tecta
2239 3626 2490 3696 allegoria
2518 3629 2844 3688 deuudarem
2873 3675 2886 3696 ,
2915 3635 3017 3689 nisi
3062 3637 3213 3691 nobis
3239 3637 3305 3691 ad
3334 3639 3434 3694 alia
3465 3657 3657 3712 prope-

2078 3716 2318 3772 rentibus
2346 3719 2515 3772 oratio
2545 3720 2753 3790 longius
2782 3725 3205 3794 protraheretur,
3233 3742 3297 3783 ac
3325 3730 3425 3784 nisi
3455 3746 3522 3786 ex
3549 3747 3658 3798 uno

2078 3824 2233 3879 quam
2263 3811 2474 3866 ridiculi
2505 3815 2686 3868 caeteri
2715 3815 2823 3869 sint
2851 3818 2980 3870 satis
3008 3829 3334 3887 argueretur.

2147 3899 2335 3954 Contra
2372 3900 2660 3957 Platonem.
2695 3934 2768 3945 —
2805 3906 3027 3973 Quando
3070 3910 3211 3964 enim
3244 3912 3539 3982 praecipuus
3565 3917 3654 3984 qtti

2079 3991 2402 4047 severiorem
2434 3993 2780 4066 philosophia:
2811 4006 3014 4066 partem
3041 4001 3188 4068 sequi
3218 4001 3515 4070 videbatur,
3548 4015 3656 4060 tum

2079 4097 2144 4136 ex
2175 4083 2425 4153 loquendi
2451 4084 2660 4152 ﬁducia,
2693 4095 2802 4141 tum
2825 4103 2888 4144 ex
2919 4093 3286 4160 temperantia,
3311 4094 3443 4150 adeo
3466 4098 3656 4177 turpis,

2080 4177 2214 4232 adeo
2233 4177 2498 4234 absurdus
2517 4189 2572 4235 et
2591 4181 2800 4250 ineptus
2825 4197 2941 4237 esse
2961 4183 3327 4252 deprehensus
3344 4197 3445 4254 est,
3467 4191 3662 4260 quippe

2081 4267 2170 4337 qui
2217 4268 2461 4322 humanis
2485 4271 2627 4324 vesci
2665 4271 2912 4326 carnibus
2951 4272 3256 4330 indifferens
3290 4291 3408 4331 esse
3433 4277 3658 4344 dixerit,

2081 4375 2336 4429 quorsum
2361 4361 2551 4416 attinet
2571 4372 2757 4418 contra
2779 4373 3004 4420 caeteros
3026 4366 3190 4439 verba
3211 4367 3406 4435 facere,
3429 4384 3548 4423 cum
3574 4371 3662 4427 ille

2081 4451 2171 4518 qui
2200 4451 2264 4505 ad
2306 4451 2568 4522 fastigium
2606 4455 2832 4510 instituti
2875 4458 3078 4524 positus
3108 4473 3220 4527 prm
3248 4460 3364 4514 aliis
3393 4459 3659 4531 fulgebat,

2083 4553 2188 4600 tam
2210 4544 2486 4613 ridiculus,
2510 4547 2727 4616 puerilis
2751 4557 2806 4603 et
2833 4550 3028 4603 stultus
3055 4553 3357 4620 apparuerit
3378 4555 3661 4609 omnibus?

2082 4636 2437 4702 Quamobrem
2467 4654 2533 4694 eo
2561 4639 2842 4694 redeamus
2863 4680 2879 4705 ,
2921 4642 3061 4697 unde
3085 4642 3149 4696 ad
3177 4643 3290 4698 brec
3327 4644 3548 4701 dicenda
3576 4646 3664 4700 di-

2081 4729 2250 4797 gressi
2290 4743 2494 4783 sumus.
2539 4729 2846 4785 lncredulos
2887 4732 3064 4802 itaque
3092 4733 3279 4788 beatus
3308 4735 3394 4790 ille
3422 4735 3488 4790 ita
3517 4751 3666 4792 com-

2082 4820 2309 4889 pescuit,
2337 4817 2520 4874 fideles
2540 4829 2716 4875 autem
2742 4821 3100 4891 religiosiores
3126 4824 3356 4880 reddidit
3381 4843 3394 4879 :
3421 4841 3523 4881 non
3551 4828 3664 4897 pri-

2083 4919 2235 4964 vatos
2264 4910 2444 4972 modo.
2474 4911 2570 4968 sed
2597 4914 2755 4966 etiam
2783 4914 2981 4968 milites
3003 4955 3018 4981 ,
3051 4915 3313 4983 tribunos,
3345 4917 3661 4990 przefcetos.

2083 5001 2371 5058 ostendens
2397 5003 2772 5073 Imperatorem
2801 5015 2855 5060 et
2878 5007 3112 5062 omnium
3152 5011 3497 5068 novissimum
3526 5015 3664 5084 apud

2085 5093 2352 5148 Christum
2379 5110 2524 5150 mera
2557 5097 2768 5152 nomina
2794 5112 2931 5161 esse,
2962 5108 3015 5153 et
3035 5098 3337 5158 diademate
3359 5104 3664 5158 redimitum

2085 5199 2192 5238 non
2216 5185 2404 5254 potiori
2427 5199 2547 5241 esse
2576 5186 2946 5257 loco,qnando
2971 5190 3242 5259 punitione
3262 5201 3317 5246 et
3334 5193 3666 5246 correctione

2085 5277 2340 5332 utendum
2373 5288 2475 5334 est.
2513 5279 2594 5334 Ad
2623 5279 2738 5336 hac
2763 5295 2890 5336 vero
2923 5281 3259 5353 impudentes
3288 5284 3437 5347 illos,
3470 5285 3558 5354 qui
3587 5285 3661 5340 di-
3742 5283 3752 5302 '

2085 5379 2269 5425 ccrent
2300 5380 2480 5426 nostra
2510 5387 2616 5427 non
2644 5370 2785 5428 aliud
2817 5387 2936 5430 esse
2962 5389 3118 5444 quam
3151 5373 3326 5427 fucum
3361 5381 3415 5428 et
3440 5374 3664 5444 figmen:

2255 5530 2558 5602 aristoteles.
2825 5561 2853 5586 -.
3348 5599 3358 5602 _
3401 5600 3408 5602 _
3453 5593 3482 5602 ._
3554 5592 3652 5602 _..

2149 5592 2381 5666 (ὀλῑειιο
2423 5595 2604 5645 Citieus
2625 5607 2808 5647 uxores
2839 5603 3120 5644 communes
3166 5603 3276 5656 esse
3316 5593 3503 5659 statuit.
3554 5592 3681 5662 γέηςρ

2088 5665 2203 5708 ιαεν
2207 5663 2221 5704 ι
2225 5663 2341 5712 tum,
