4044 6206
342 251 450 308 817

349 375 481 431 tum,
507 359 817 425 refrenavit,
846 358 1206 428 apostolorum
1237 355 1478 410 ﬁduciam
1504 357 1752 424 operibus
1775 371 1920 410 cum.

349 455 608 524 probans,
637 451 940 518 ducensque
984 447 1174 502 talibus
1210 445 1337 500 olim
1376 446 1501 500 viris
1543 460 1679 514 opus
1723 446 1882 500 fuisse
1907 485 1922 508 .

345 544 564 618 quando
603 545 874 612 signorum
919 538 1153 594 ostensio
1195 536 1451 606 majorem
1488 536 1614 606 ipsis
1654 535 1926 605 przebebat

349 644 684 707 potestatem.
715 632 951 686 Tertium
989 643 1197 699 quoque
1237 627 1546 699 praeclarum
1585 627 1786 680 facinus
1821 641 1926 680 non

349 734 468 787 leve
492 727 923 800 deprehenditur,
955 724 1254 779 futurorum
1294 723 1488 792 quippe
1514 723 1845 776 sacerdotum
1875 729 1928 776 et

348 837 531 892 regum
559 818 783 880 animos,
808 816 998 869 horum
1019 812 1231 882 quidem
1257 811 1540 882 depressit,
1565 812 1776 865 illorum
1801 826 1928 864 vero

349 912 574 976 extulit,
601 907 879 963 declarans
904 905 1236 960 sacerdotem
1264 917 1384 956 cum
1419 913 1572 956 terrm
1606 912 1714 956 tum
1743 915 1927 955 eorum

348 1019 467 1074 qua:
493 1003 544 1055 in
576 1010 718 1054 terra
743 1005 1028 1068 geruntur,
1059 996 1235 1050 verius
1265 996 1572 1063 prmlectum
1599 1008 1736 1055 esse,
1771 1007 1929 1062 quam

349 1108 470 1149 eum
509 1091 598 1162 qui
642 1103 869 1160 purpura
919 1087 1186 1149 induitur,
1213 1095 1572 1155 Oportereque
1617 1094 1928 1153 potestatem

351 1188 493 1243 illam
524 1200 629 1238 non
661 1185 920 1245 minuere,
949 1179 1039 1233 sed
1069 1179 1300 1239 animam
1330 1177 1502 1247 potius
1532 1191 1748 1241 exuere,
1773 1190 1930 1244 quam

352 1287 668 1352 potestatem
693 1316 711 1344 ,
743 1289 900 1345 quam
931 1273 1072 1328 Deus
1099 1286 1329 1342 superne
1368 1271 1464 1340 ipsi
1502 1270 1760 1325 attribuit.
1799 1269 1931 1324 Nam

347 1372 418 1437 is,
449 1369 536 1438 qui
580 1367 656 1422 sic
693 1366 982 1428 moriatur,
1023 1363 1180 1418 etiam
1212 1373 1330 1431 post
1369 1371 1592 1417 mortem
1629 1362 1794 1431 possit
1820 1377 1934 1416 orn-

353 1475 450 1517 nes
477 1458 697 1528 juvare;
729 1455 819 1525 qui
854 1470 980 1510 vero
1020 1453 1160 1507 hunc
1199 1453 1436 1507 ordinem
1475 1451 1786 1522 dereliquit,
1827 1467 1933 1505 non

351 1553 513 1608 modo
560 1559 680 1621 post
729 1559 950 1604 mortem
995 1547 1191 1602 nemini
1233 1545 1461 1616 profuit,
1507 1545 1599 1600 sed
1655 1546 1811 1600 etiam
1853 1544 1934 1596 vi-

354 1661 486 1701 vens
529 1645 722 1698 multos
768 1657 832 1696 ex
871 1641 1095 1694 subditis
1139 1638 1410 1692 molliores
1453 1635 1660 1702 eﬂ'ecit,
1702 1646 1757 1689 et
1795 1632 1934 1704 apud

347 1746 566 1792 exteros
629 1731 994 1802 vituperabilis
1040 1729 1396 1797 ridiculusque
1437 1736 1561 1782 est:
1614 1727 1935 1797 insnperque

350 1821 479 1883 hinc
516 1824 811 1880 abscedens
850 1821 1016 1875 multo
1056 1835 1176 1875 cum
1226 1818 1487 1874 dedecore
1511 1833 1576 1885 ac
1600 1833 1831 1872 maerore
1867 1815 1934 1869 ad

353 1918 546 1976 Christi
601 1913 831 1970 tribunal
875 1913 1121 1977 sistetur,
1155 1909 1293 1964 unde
1344 1909 1514 1978 ipsum
1571 1909 1622 1961 in
1667 1909 1935 1978 fornacem

354 2011 618 2066 abducant
645 2014 935 2076 poestates
963 1988 1028 2058 ad
1061 2003 1111 2056 id
1142 2002 1426 2071 deputatae.
1459 1999 1815 2067 Quamobrem
1845 2013 1936 2053 sa-

353 2103 510 2174 piens
538 2100 751 2170 quidam
791 2106 1001 2162 monet,
1033 2095 1116 2149 Ne
1141 2095 1360 2164 accipias
1389 2094 1568 2164 faciem
1593 2103 1766 2148 contra
1795 2103 1937 2147 tuam

353 2198 576 2252 animum
610 2193 806 2266 (Ereti.
838 2193 890 2247 ι.
932 2191 1004 2246 26
1027 2191 1070 2261 ).
1111 2190 1262 2257 Quod
1293 2192 1337 2244 si
1364 2190 1480 2243 viro
1519 2189 1710 2260 injuria
1747 2189 1938 2244 aﬂ'ecto

357 2305 462 2343 non
495 2297 662 2341 tutum
697 2293 781 2340 est
805 2282 1174 2345 diSsimulare,
1207 2280 1318 2349 qui,
1347 2281 1554 2334 violatis
1593 2280 1679 2333 Dei
1711 2279 1934 2349 legibus,

357 2388 494 2436 tacet
519 2393 581 2432 ac
613 2376 847 2447 uegligit,
867 2389 973 2444 quo
997 2373 1256 2442 supplicio
1285 2371 1476 2441 dignus
1506 2386 1611 2426 non
1641 2372 1776 2425 erit?
1805 2368 1937 2425 Cum

357 2471 441 2526 his
468 2469 627 2526 etiam
657 2465 799 2520 aliud
822 2507 837 2530 ,
867 2465 951 2519 his
989 2481 1095 2518 non
1136 2463 1310 2517 minus
1340 2462 1534 2517 bonum
1560 2503 1574 2527 ,
1603 2477 1700 2516 nos
1724 2462 1935 2529 docuit,

354 2571 602 2633 oportere
635 2559 837 2620 scilicet
879 2570 1142 2627 quemque
1185 2569 1282 2608 suo
1323 2553 1464 2624 fungi
1506 2554 1702 2616 otticio,
1731 2554 1936 2608 etiarnsi

355 2655 556 2709 nullum
582 2652 703 2706 inde
726 2653 930 2705 lucrum
958 2648 1022 2702 ad
1053 2648 1184 2702 alios
1205 2656 1420 2702 emanet
1451 2665 1462 2700 :
1495 2661 1663 2715 neque
1684 2647 1825 2700 enim
1851 2647 1939 2701 ille

353 2743 621 2816 quidpiam
642 2758 706 2797 ex
739 2739 986 2811 loquendi
1012 2738 1260 2794 libertate
1288 2737 1352 2792 ad
1383 2736 1722 2806 Imperatoris
1745 2737 1938 2791 utilita-

355 2848 458 2894 tem
487 2837 720 2892 lucratus
750 2842 867 2899 est;
897 2842 1127 2887 attamen
1158 2831 1299 2902 quod
1341 2845 1502 2901 penes
1529 2845 1589 2885 se
1613 2839 1730 2884 erat
1769 2838 1936 2885 totum

353 2928 612 2999 implevit,
635 2941 697 2980 ac
720 2924 850 2978 nihil
877 2925 1138 2993 reliquum
1168 2923 1310 2978 fecit.

425 3018 730 3088 Martyrium
755 3016 915 3070 amicti
942 3014 1167 3086 Bnbylw.
1201 3044 1274 3055 —
1308 3015 1406 3080 Qui
1434 3025 1610 3067 autem
1645 3011 1832 3067 morbo
1860 3012 1938 3066 la-

354 3110 594 3174 borabat,
619 3109 916 3178 arrogantia
935 3121 1028 3161 sua
1050 3105 1266 3161 artiﬂcis
1292 3105 1531 3176 peritiam
1554 3104 1790 3159 inutilem
1817 3103 1940 3158 red-

352 3201 524 3264 didit,
553 3198 748 3270 ingenti
784 3213 905 3252 cum
953 3197 1130 3251 furore
1173 3196 1618 3251 medicamentum
1657 3209 1689 3249 e
1718 3195 1938 3250 vulnere

355 3305 658 3348 removens.
687 3292 762 3344 Ac
782 3290 824 3342 si
849 3289 991 3344 enim
1018 3288 1274 3342 nonsatis
1298 3295 1437 3342 esset
1464 3302 1649 3343 necem
1675 3295 1933 3356 patrasse,

354 3394 409 3439 et
433 3384 486 3438 in
515 3381 768 3451 templum
800 3380 888 3434 Dei
918 3378 1252 3448 impudenter
1279 3378 1546 3445 insiliisse,
1574 3377 1710 3433 caedi
1734 3377 1934 3432 caedem

354 3474 574 3530 alteram
616 3470 844 3540 adjecit,
877 3478 930 3524 et
972 3484 1034 3524 ac
1076 3469 1119 3522 si
1162 3469 1508 3523 contenderet
1551 3469 1935 3540 posterioribus

357 3565 531 3633 priora
556 3577 808 3631 superare
830 3602 844 3623 ,
874 3575 937 3616 ac
977 3559 1339 3628 praecedentes
1369 3559 1583 3614 morbos
1608 3558 1936 3629 subsequen-

354 3660 483 3716 tium
521 3654 880 3725 magnitudine
906 3653 1192 3708 obscurare
1219 3653 1236 3720 (
1261 3651 1380 3706 talis
1403 3652 1600 3722 quippe
1621 3661 1705 3706 est
1739 3651 1934 3706 diaboli

353 3748 578 3812 insania,
605 3756 663 3801 ut
695 3746 964 3800 contraria
995 3745 1149 3798 simul
1194 3744 1380 3814 paret)
1413 3761 1426 3796 :
1459 3744 1537 3798 sic
1565 3745 1777 3814 utrique
1799 3745 1930 3799 caedi

321 3891 326 3896 .
355 3839 408 3894 id
429 3838 680 3893 eximium
710 3835 892 3900 dedit,
925 3844 982 3890 ut
1016 3835 1419 3904 congruentiam
1442 3834 1727 3904 quamdam
1753 3846 1934 3890 mutuo

354 3931 631 3985 haberent.
660 3929 726 3982 Et
762 3936 878 3984 erat
903 3927 1118 3998 quidem
1150 3927 1295 3995 prior
1323 3929 1471 3996 pueri
1495 3926 1670 3982 caedes
1707 3929 1931 3982 misera-

353 4023 508 4078 bilior
527 4020 782 4085 secunda,
807 4020 1040 4076 secunda
1065 4035 1188 4074 vero
1206 4019 1512 4075 sceleratior
1529 4021 1722 4089 priore,
1745 4036 1934 4088 nempe

351 4115 518 4169 sancti
549 4112 785 4183 Babylie.
824 4111 1013 4165 Anima
1057 4112 1253 4180 quippe
1291 4128 1409 4180 qua:
1453 4114 1616 4166 semel
1659 4122 1932 4182 peccatum

350 4205 646 4274 degustarit
675 4205 690 4234 ¹
717 4218 780 4257 ac
803 4217 960 4256 sensu
991 4211 1158 4269 caret,
1187 4205 1409 4257 multum
1433 4203 1613 4272 adjicit
1640 4203 1826 4259 morbo
1855 4204 1935 4258 in-

349 4303 700 4349 crementum.
729 4291 794 4347 Et
822 4293 1272 4363 quemadmodum
1295 4294 1521 4352 scintilla
1544 4295 1597 4350 in
1618 4297 1931 4351 immensam

350 4385 631 4441 materiam
664 4385 903 4440 incidens
932 4386 1072 4455 quod
1097 4388 1329 4442 occurrit
1349 4388 1527 4442 statim
1554 4388 1804 4454 incendit,
1838 4406 1933 4444 ne-

352 4493 454 4545 que
474 4476 558 4530 hic
583 4486 758 4532 tamen
783 4477 1047 4544 consistit,
1071 4477 1164 4532 sed
1194 4478 1335 4547 quod
1361 4479 1624 4549 reliquum
1647 4490 1726 4534 est
1750 4481 1928 4536 statim

350 4569 652 4635 consumit,
691 4578 746 4624 et
791 4579 988 4639 quanto
1027 4569 1176 4640 plura
1223 4571 1432 4625 ﬂamma
1477 4571 1926 4640 apprehenderit,

350 4669 500 4713 tanto
525 4658 780 4728 majorem
813 4661 917 4715 vim
954 4661 1147 4730 accipit
1171 4661 1237 4716 ad
1265 4662 1587 4732 reliquorum
1617 4664 1926 4732 perniciem,

349 4748 906 4820 deprehensorumque
947 4750 1210 4821 lignorum
1247 4752 1400 4821 ecpia
1441 4753 1505 4832 iis
1548 4769 1666 4824 quae
1694 4769 1818 4809 mox
1848 4755 1930 4809 in-

349 4840 667 4896 ﬂammanda
694 4852 817 4897 sunt
846 4843 1100 4899 insidiosa
1119 4844 1315 4912 evadit,
1347 4843 1558 4900 ﬂamma
1588 4847 1653 4902 iis
1676 4863 1795 4916 qua:
1815 4847 1927 4918 jam

344 4943 592 5003 (ξονι-θριξὶ
619 4944 744 4988 sunt
768 4949 979 5006 semper
1003 4951 1060 4990 se
1076 4947 1315 4992 armante
1344 4948 1528 4992 contra
1557 4953 1620 4993 ea
1656 4955 1775 5011 qua:
1804 4955 1927 4995 mox

343 5025 701 5094 corripientur
723 5043 735 5077 :
760 5027 838 5081 sic
860 5042 917 5081 se
939 5027 1096 5083 habet
1115 5038 1168 5084 et
1190 5030 1391 5098 peccati
1414 5040 1622 5096 natura,
1640 5031 1730 5086 ubi
1751 5047 1928 5102 qnam-

343 5117 465 5170 dam
496 5117 687 5170 animae
717 5119 1090 5188 cogitationem
1120 5123 1496 5191 occupaverit,
1525 5139 1622 5178 nec
1647 5129 1924 5195 quisquam

342 5216 426 5262 est
455 5209 544 5280 qui
575 5209 771 5263 malum
802 5211 1134 5280 exstinguat,
1167 5212 1386 5268 ulterius
1413 5229 1689 5284 progressa
1714 5219 1926 5285 gravior

341 5311 393 5353 et
427 5300 594 5370 magis
635 5300 889 5356 indomita
933 5299 1160 5365 efﬁcitur
1190 5319 1202 5355 :
1233 5302 1458 5372 ideoque
1489 5305 1777 5374 posteriora
1809 5308 1922 5375 ple-

343 5405 564 5462 rumqne
588 5402 803 5462 peccata
828 5392 1083 5448 validiora
1106 5393 1252 5449 fuere
1276 5395 1561 5464 prioribus,
1581 5396 1755 5451 anima
1777 5411 1922 5450 sem-

345 5498 439 5552 per
462 5487 814 5551 posteriorum
844 5487 1149 5544 accessione
1175 5487 1240 5543 ad
1280 5489 1536 5560 majorem
1565 5489 1918 5559 arrogantiam

406 5597 424 5626 ί
460 5597 729 5665 ξῐξιιεμοοᾲ.
759 5607 810 5650 et
831 5599 968 5651 Savil.
991 5602 1039 5650 in
1075 5613 1250 5664 marg,
1275 5602 1436 5652 anima
1453 5599 1628 5665 quippe
1653 5601 1716 5651 ad
1735 5600 1917 5651 nautam

335 5655 485 5706 semel
506 5655 748 5707 inclinata.

1088 245 1143 300 S.
1181 243 1458 301 JOANNIS
1483 244 1954 301 ειιιὶῐδοδτωιι
1993 246 2309 302 ARClIlEP.
2351 249 2892 310 CONSTANTINOP.

3501 271 3609 326 διε

2032 367 2085 411 et
2113 369 2473 430 contemptum
2515 365 2650 419 elata
2674 407 2688 430 ,
2720 381 2783 422 ac
2824 383 2918 438 per
2948 369 3062 425 haec
3091 373 3196 428 vim
3235 393 3386 433 suam
3417 383 3612 439 αἰεευι-

2032 456 2187 504 vente
2212 491 2226 513 ,
2259 455 2458 520 peccati
2485 469 2610 510 vero
2637 458 2801 512 robur
2824 461 3021 517 alente.
3053 464 3142 520 Sic
3170 469 3348 538 itaque
3375 474 3526 529 multi
3560 477 3612 531 iu

2032 558 2190 597 ornne
2239 555 2572 612 peccatorum
2623 565 2790 618 genus
2841 569 2947 608 non
2991 556 3331 616 advertentes
3378 566 3612 638 prolapsi

2032 643 2176 701 sunt,
2200 638 2320 705 quia
2347 638 2610 696 ﬂarnmam
2637 644 2786 699 initio
2811 663 2915 702 non
2942 655 3299 710 restinxerunt
3323 676 3334 710 :
3357 659 3424 712 ita
3453 663 3615 717 miser

2035 724 2124 779 ille
2150 730 2390 795 graviora
2416 732 2683 799 prioribus
2711 740 3002 806 posteriora
3033 743 3293 812 adjunxit.
3322 749 3612 821 Postquam

2034 817 2173 872 enim
2197 819 2447 888 juvenem
2478 825 2623 880 illum
2664 842 2997 897 peremerat,
3030 849 3058 886 a
3089 837 3236 891 cmde
3277 841 3343 894 ad
3372 841 3614 898 inferen-

2033 907 2154 962 dam
2185 913 2380 981 templo
2408 913 2652 983 injuriam
2694 935 3006 990 progressus
3045 936 3165 991 est,
3196 943 3260 984 ac
3298 947 3481 989 rursus
3513 935 3614 992 hac

2037 999 2118 1053 via
2158 1003 2485 1069 procedens,
2531 1007 2595 1061 ad
2631 1014 2988 1080 arrogantiam
3031 1027 3216 1072 contra
3256 1024 3614 1082 sacerdotium

2036 1089 2388 1147 exhibendam
2415 1111 2473 1151 se
2499 1099 2732 1156 accinxit
2763 1105 2800 1168 ¹,
2830 1116 3179 1179 sanctumque
3209 1113 3352 1170 l'erro
3378 1120 3612 1175 vinctum

2035 1191 2087 1234 et
2106 1180 2156 1234 in
2178 1196 2444 1241 carcerem
2461 1190 2759 1258 conjectum
2781 1196 2859 1250 sic
2887 1200 3025 1252 ultus
3045 1211 3144 1265 est,
3167 1204 3405 1262 beneficii
3427 1226 3614 1281 pinnas

2037 1281 2282 1338 repetens
2305 1315 2321 1339 ,
2349 1291 2577 1347 cumque
2613 1296 2734 1337 eum
2782 1285 2904 1341 ideo
2944 1290 3231 1359 admirari,
3265 1311 3522 1355 coronare
3558 1313 3614 1356 et

2039 1360 2192 1427 plus,
2219 1378 2375 1431 quam
2422 1380 2694 1437 parentes,
2738 1373 3000 1434 honorare
3021 1393 3309 1452 oporteret,
3344 1392 3613 1446 maletico-
3680 1451 3686 1456 κ

2038 1466 2154 1504 rum
2204 1470 2324 1508 eum
2387 1461 2568 1516 subire
2619 1465 2822 1522 vincula
2881 1472 3316 1548 vinculorumque
3373 1483 3612 1540 miserias

2037 1545 2226 1614 coegit.
2270 1575 2276 1580 ~

2113 1639 2199 1693 10.
2232 1642 2318 1697 Sic
2342 1685 2356 1706 ,
2397 1649 2842 1715 quemadmodum
2873 1656 3111 1715 dicebam
3131 1704 3146 1728 ,
3175 1665 3449 1723 subortum
3481 1687 3610 1741 pec-

2040 1743 2211 1786 catum
2233 1777 2249 1801 ,
2283 1739 2492 1794 neruine
2516 1742 2829 1809 prohibente
2861 1764 2926 1803 ne
2954 1752 3018 1805 ad
3047 1756 3304 1814 ulteriora
3325 1739 3612 1832 progrede-

2040 1832 2204 1890 retur,
2226 1825 2460 1884 cohiberi
2505 1844 2685 1900 postea
2711 1843 3076 1914 continerique
3105 1865 3209 1904 non
3239 1825 3456 1921 potest:
3488 1872 3613 1926 per—

2040 1913 2164 1972 inde
2197 1927 2355 1988 atque
2398 1924 2517 1993 equi
2550 1924 2822 1996 furentes,
2856 1935 3067 2002 rejectis
3103 1956 3132 1993 e.
3161 1956 3386 2011 corpore
3416 1945 3575 2002 frenis
3596 1991 3613 2016 ,

2040 2007 2383 2077 excussisque
2409 2016 2709 2072 sessoribus
2738 2037 2800 2076 ac
2827 2027 3029 2092 supinis
3067 2029 3209 2085 humi
3251 2035 3448 2090 relictis
3467 2079 3481 2103 ,
3519 2056 3616 2095 oc-

2039 2103 2372 2157 currentibus
2397 2107 2681 2164 admodum
2708 2115 2913 2170 molcsti
2943 2131 3098 2184 sunt,
3129 2126 3444 2198 nernineque
3470 2133 3618 2185 cohi-

2041 2187 2235 2258 hente,
2270 2195 2464 2266 impetu
2491 2215 2610 2256 sese
2632 2205 2681 2256 in
2711 2208 2994 2278 pnecipitia
3019 2215 3325 2282 conjiciunt.
3358 2187 3482 2277 ideo
3501 2227 3616 2278 ani-

2042 2297 2156 2338 mas
2194 2285 2494 2356 hujusmodi
2522 2295 2709 2351 salutis
2737 2308 2930 2356 nostra:
2971 2305 3215 2364 inimicus
3259 2312 3309 2367 in
3355 2312 3616 2373 insaniam

2040 2375 2274 2446 conjicit,
2306 2397 2361 2437 ut
2383 2399 2473 2438 eas
2502 2386 2742 2445 desertas
2761 2434 2774 2457 ,
2804 2398 3016 2453 nemine
3039 2413 3256 2460 curante
3278 2446 3295 2471 ,
3324 2411 3619 2480 corripiens

2040 2466 2344 2539 disperdat,
2369 2484 2423 2530 et
2448 2477 2742 2538 innumeris
2762 2485 3057 2546 circumdet
3083 2495 3253 2548 malis.
3287 2466 3493 2557 Etenim
3523 2506 3617 2573 qui

2040 2573 2266 2629 corpore
2292 2565 2564 2638 laborant,
2595 2574 2762 2630 donec
2795 2579 3028 2636 medietis
3059 2599 3118 2638 se
3144 2587 3290 2644 adire
3314 2594 3616 2663 patiuntur,

2039 2667 2283 2721 magnam
2309 2657 2494 2716 salutis
2517 2679 2662 2732 spem
2691 2667 2919 2737 habent;
2953 2689 3072 2730 cum
3107 2695 3230 2733 vero
3258 2683 3308 2736 in
3333 2686 3620 2753 phrenesin

2042 2741 2177 2811 lapsi
2218 2747 2453 2804 calcibus
2492 2753 2751 2823 impetunt
2794 2763 3146 2836 mordentque
3185 2787 3276 2825 eos
3305 2741 3450 2846 [qui
3491 2796 3547 2832 se
3585 2797 3617 2836 a

2041 2834 2228 2889 morbo
2267 2853 2455 2894 eruere
2482 2846 2689 2911 volunt,
2732 2859 2840 2906 tum
2886 2869 3012 2911 sane
3053 2859 3411 2922 incnrabiliter
3446 2887 3618 2940 :Pgt'o-

2042 2930 2188 3026 tant,
2217 2942 2320 2982 non
2346 2938 2450 2986 tam
2479 2934 2550 2989 ob
2574 2941 2746 2995 morbi
2775 2955 3018 3002 naturam
3045 2993 3058 3014 ,
3087 2967 3242 3021 quam
3271 2959 3391 3026 quia
3418 2930 3618 3019 deserti
3707 2965 3718 2994 ί

2039 3009 2256 3071 fuerunt
2278 3018 2345 3073 ab
2373 3021 2438 3075 iis
2457 3063 2472 3084 ,
2501 3027 2588 3094 qui
2619 3027 2763 3096 ipsos
2788 3048 2814 3084 a
2841 3033 3019 3093 furore
3048 3040 3274 3099 liberare
3299 3050 3616 3116 potuissent.

2039 3102 2096 3157 ln
2137 3121 2296 3175 quem
2340 3110 2574 3170 furorem
2614 3117 2735 3187 hic,
2777 3125 2843 3178 de
2866 3142 2972 3197 quo
3011 3131 3310 3203 loquimur,
3345 3154 3404 3194 se
3433 3147 3618 3213 coiije-

2038 3195 2112 3250 cit
2135 3215 2149 3250 :
2172 3204 2558 3270 comprehenso
2578 3226 2806 3284 namque
2826 3219 3031 3276 medico
3047 3266 3060 3290 ,
3087 3224 3212 3281 dum
3236 3232 3357 3285 vuln
3367 3249 3426 3287 us
3446 3237 3510 3289 ad
3519 3237 3619 3293 hnc

2041 3312 2283 3372 sit-caret,
2315 3320 2434 3361 eum
2464 3312 2640 3366 statim
2681 3318 2920 3386 expulit,
2951 3330 3005 3376 et
3030 3339 3058 3376 a
3089 3325 3245 3381 domo
3266 3346 3421 3400 quam
3452 3339 3639 3404 potuit

2040 3393 2347 3467 longissime
2376 3407 2570 3476 exegit.
2599 3407 2919 3484 Licebatque
2940 3417 3027 3472 hic
3055 3419 3280 3478 Herodis
3305 3425 3487 3482 drama
3513 3447 3619 3486 non

2040 3493 2240 3542 tantum
2271 3493 2486 3549 auribus
2512 3499 2810 3569 percipere,
2839 3507 2931 3560 sed
2953 3523 3133 3565 coram
3163 3513 3346 3584 majori
3375 3534 3493 3572 cum
3519 3536 3614 3588 pe-

2041 3577 2260 3634 tulantia
2313 3595 2521 3652 gestum
2572 3603 2861 3659 spectare:
2894 3600 3014 3667 quia
3070 3601 3200 3657 illud
3244 3577 3438 3674 'majori
3491 3577 3618 3666 cum

2038 3675 2397 3731 ostentatione
2426 3689 2480 3733 et
2505 3695 2760 3750 apparatu
2786 3687 3029 3745 diabolus
3060 3692 3110 3746 in
3137 3697 3316 3751 mundi
3349 3697 3616 3757 theatrum

2040 3763 2228 3820 iterum
2259 3768 2500 3836 induxit,
2529 3789 2625 3842 pro
2651 3779 2916 3834 tetrarcha
2945 3798 3224 3850 personam
3266 3787 3608 3858 Imperatoris

2037 3859 2387 3926 constituens,
2411 3875 2466 3918 et
2490 3880 2586 3934 pro
2608 3883 2708 3921 una
2731 3883 2888 3926 causa
2907 3872 3100 3944 duplex
3127 3879 3202 3932 rei
3222 3894 3616 3952 argumentum,

2038 3947 2129 4002 illo
2157 3949 2310 4021 longe
2341 3956 2543 4023 turpius
2563 3998 2580 4024 ,
2611 3960 2884 4029 praebens;
2925 3965 2992 4018 ita
3023 3977 3078 4022 ut
3102 3984 3206 4024 non
3239 3988 3460 4029 numero
3492 3985 3613 4030 tau-

2039 4048 2149 4094 tnm
2177 4083 2190 4107 ,
2225 4042 2317 4097 sed
2345 4045 2456 4114 ipsa
2485 4061 2699 4118 quoque
2724 4067 2902 4108 rerum
2933 4065 3118 4112 natura
3153 4063 3405 4132 tragoedia
3447 4068 3616 4123 multo

2037 4131 2294 4202 insigniur
2321 4147 2484 4192 esset.
2505 4138 2619 4194 Non
2649 4143 2790 4197 enim
2819 4143 2904 4199 hic
2923 4147 3060 4202 sicut
3085 4149 3195 4205 illic
3222 4131 3418 4223 nuptia:
3445 4156 3615 4212 viola-

2035 4223 2229 4281 baritur
2251 4268 2264 4291 ,
2295 4243 2465 4298 neque
2489 4247 2554 4284 ex
2581 4231 2853 4303 illegitimo
2874 4237 3015 4292 coitu
3041 4281 3056 4303 ,
3085 4241 3180 4296 sed
3216 4257 3283 4297 ex
3319 4246 3616 4305 scelestiori

2034 4319 2254 4386 puerilis
2285 4320 2448 4374 credis
2479 4321 2880 4392 inquinamento
2903 4369 2917 4392 ,
2946 4344 3011 4384 ex
3043 4333 3320 4403 tyrannide
3347 4337 3614 4394 crudelis-

2037 4408 2192 4475 sima,
2221 4419 2277 4464 et
2303 4425 2370 4466 ex
2405 4413 2706 4483 iniquitate,
2739 4433 2844 4472 non
2884 4419 2937 4473 in
2967 4436 3212 4492 uxorem,
3241 4425 3418 4482 sedin
3443 4428 3615 4498 ipsam

2034 4503 2436 4558 sanctimoniam
2469 4507 2728 4574 exhibita,
2758 4508 2892 4565 hanc
2919 4511 3194 4568 historiam
3233 4517 3498 4588 malignus
3523 4520 3614 4576 ille

2036 4592 2230 4645 texuit.
2259 4592 2547 4662 Conjectus
2573 4613 2700 4667 ergo
2727 4599 2778 4653 in
2807 4615 3078 4658 carcerem
3110 4604 3297 4661 beatus
3328 4608 3414 4662 ille
3438 4650 3452 4672 ,
3485 4626 3614 4680 gau-

2033 4683 2192 4738 debat
2219 4687 2430 4755 quidem
2456 4687 2523 4743 de
2556 4689 2798 4758 vinculis,
2833 4693 2926 4747 sed
2948 4694 3160 4751 dolebat
3185 4698 3250 4753 de
3281 4699 3612 4758 vinculorum

2032 4779 2265 4834 auctoris
2314 4781 2547 4850 pernicie
2578 4801 2591 4836 :
2635 4799 2806 4853 neque
2840 4787 2982 4841 enim
3021 4799 3198 4857 pater,
3229 4807 3399 4861 neque
3426 4794 3611 4864 paedo-

2035 4869 2191 4937 triba,
2214 4886 2335 4926 cum
2364 4872 2452 4927 ille
2472 4873 2538 4928 de
2566 4873 2654 4928 lilii
2675 4915 2690 4941 ,
2721 4874 2807 4931 hic
2835 4875 2902 4932 de
2928 4877 3169 4950 discipuli
3193 4879 3391 4952 ﬂagitio
3413 4884 3496 4940 vel
3519 4900 3615 4940 ea-

2035 4962 2268 5016 lamitate
2293 4963 2547 5019 clariores
2577 4967 2826 5035 evadunt,
2860 4983 3090 5025 maerore
3116 4987 3334 5028 vacuam
3364 4975 3611 5045 volupta-

2033 5062 2139 5107 tem
2165 5069 2230 5109 ex
2254 5054 2338 5108 illa
2361 5055 2598 5110 claritate
2619 5057 2850 5126 capiunt.
2875 5060 3229 5127 Quamobrem
3257 5064 3444 5122 beatus
3470 5067 3610 5122 Pau-

2033 5142 2114 5197 lus
2151 5142 2438 5199 Corinthiis
2479 5146 2688 5201 dicebat
2718 5166 2731 5202 :
2763 5148 2980 5206 Oramus
3026 5164 3193 5208 autem
3226 5165 3282 5210 ut
3324 5157 3454 5211 nihil
3484 5161 3608 5213 mali
3646 5227 3653 5238 ι

2031 5235 2249 5306 faciatis,
2296 5255 2394 5292 non
2425 5249 2477 5292 ut
2518 5256 2610 5294 nos
2650 5243 2847 5310 probati
2886 5261 3256 5317 appareamus,
3301 5251 3391 5304 sed
3430 5262 3486 5305 ut
3521 5268 3608 5307 vos

2030 5326 2164 5394 quod
2193 5328 2383 5383 bonum
2411 5340 2483 5383 est
2513 5332 2708 5399 faciatis
2739 5348 2756 5386 :
2786 5350 2877 5387 nos
2919 5345 3088 5389 autem
3113 5348 3167 5390 ut
3206 5341 3403 5409 reprobi
3443 5343 3607 5400 simus

2030 5421 2104 5492 (2.
2133 5420 2258 5476 Cor.
2279 5423 2363 5478 15.
2395 5422 2471 5493 7).
2496 5425 2583 5480 Sic
2605 5426 2780 5496 itaque
2800 5427 3112 5484 admirando
3144 5431 3218 5485 illi
3241 5433 3355 5487 viro
3375 5437 3605 5505 optatior

2091 5601 2107 5630 ι
2143 5600 2397 5673 tlnus’ood.
2436 5609 2560 5662 post,
2601 5603 2828 5664 accinxit,
2855 5606 3012 5667 addit,
3057 5620 3208 5672 neque
3237 5622 3294 5659 eo
3319 5611 3470 5673 stetit,
3511 5619 3598 5665 sed
3668 5653 3672 5656 ι

2025 5668 2239 5712 sumtum
2259 5662 2415 5727 ferro,
2433 5673 2527 5712 εις,
2820 5662 2825 5664 ·
3001 5662 3010 5667 -
3129 5662 3141 5672 .
3414 5662 3423 5664 ἡ
3458 5662 3469 5673 ,
3517 5662 3546 5698 ,ζ
