4044 6206
377 346 483 408 549

379 469 496 517 erat
523 453 768 526 discipuli
799 456 968 524 salus,
1005 467 1164 525 quatn
1195 452 1425 508 carceris
1462 464 1703 515 merces;
1733 449 1964 519 optatius

378 553 528 616 item,
559 558 616 606 ut
646 549 940 618 discipulus
968 546 1289 616 resipiscens
1316 544 1398 598 his
1433 559 1554 599 eum
1589 542 1831 597 laudibus
1861 541 1968 612 pri-

375 651 589 705 vasset;
619 642 726 694 imo
755 641 952 708 potius,
984 648 1042 692 ut
1072 651 1290 706 prorsus
1317 635 1371 689 in
1401 637 1537 688 hanc
1565 632 1965 702 perVersitatem

379 735 564 802 lapsus
611 747 716 786 non
765 738 927 785 esset.
971 728 1168 783 Nolunt
1205 727 1346 781 enim
1391 725 1558 779 sancti
1599 737 1824 778 coronas
1865 723 1964 778 sibi

380 827 520 880 nec-ti
542 841 606 879 ex
635 824 823 877 alienis
849 821 1242 876 calamitatibus
1274 838 1287 872 :
1321 818 1459 889 quod
1487 817 1532 872 si
1558 816 1625 870 ab
1651 816 1838 870 alienis
1864 831 1964 870 no-

376 916 494 972 lint,
523 914 693 968 multo
717 927 846 966 sane
869 912 1042 966 minus
1062 927 1091 965 a
1115 909 1531 964 domesticorum
1557 909 1826 961 aerumnis.
1856 907 1967 973 Qua

382 1007 449 1058 de
471 1019 630 1059 causa
655 1005 843 1059 b'eatus
872 1003 1036 1057 David
1064 1014 1183 1072 post
1212 1013 1407 1070 tropaea
1441 1009 1495 1054 et
1525 1000 1798 1054 victoriam
1828 1000 1970 1070 Iuge-

380 1097 472 1151 bat
491 1107 544 1151 et
563 1097 977 1166 lacrymabatur,
1000 1095 1142 1165 quod
1167 1110 1227 1150 ea
1249 1110 1369 1148 cum
1394 1093 1484 1147 ﬁlii
1513 1093 1814 1148 calamitate
1837 1109 1968 1147 con-

378 1191 561 1259 juncta
599 1197 745 1244 esset
777 1207 790 1243 ε
823 1189 948 1258 quin
978 1199 1032 1244 et
1061 1189 1376 1244 exeuntibus
1414 1187 1635 1242 ducibus
1675 1188 1838 1241 multa
1872 1204 1968 1257 pro

384 1282 593 1353 tyranni
617 1281 786 1335 salute
811 1282 1172 1350 prmcipiebat,
1197 1290 1250 1336 et
1277 1295 1390 1347 eos,
1414 1281 1500 1349 qui
1526 1281 1698 1346 ipsum
1725 1281 1969 1335 occidere

383 1373 705 1441 cupiebant,
738 1373 818 1427 bis
847 1372 1328 1426 verbis‘coliibebat
1363 1390 1375 1424 :
1408 1372 1612 1440 Parcite
1641 1389 1794 1441 puero
1817 1372 1970 1426 Abes-

383 1463 545 1516 salom
591 1461 666 1534 (Ξ.
702 1463 829 1534 Reg.
863 1463 948 1517 18.
977 1461 1033 1534 5)
1065 1479 1078 1516 :
1107 1472 1161 1517 et
1185 1472 1504 1532 prostratum
1530 1463 1760 1533 lugebat,
1789 1463 1968 1518 inimi-

385 1567 612 1622 cumque
651 1567 771 1606 cum
812 1551 1097 1623 gemitibus
1133 1564 1187 1607 et
1214 1553 1410 1607 amaris
1446 1553 1695 1624 lacrymis
1727 1554 1966 1625 compcl-

386 1641 548 1696 labat.

430 1730 876 1802 Paterspiritualis
886 1733 1139 1788 amantior
1154 1733 1485 1803 prolis,quam
1504 1734 1967 1802 carnalis.—Quod

384 1821 428 1875 si
457 1823 714 1876 naturalis
741 1833 895 1893 pater
919 1823 990 1876 ita
1029 1823 1196 1894 prolis
1222 1839 1408 1877 amans
1439 1835 1520 1879 est
1545 1866 1560 1890 ,
1605 1825 1772 1878 tnulto
1802 1826 1968 1895 magis

384 1914 672 1982 spiritualis
705 1932 718 1967 :
747 1914 889 1983 quod
930 1916 1072 1969 enim
1113 1915 1408 1970 secundum
1437 1916 1683 1987 Spiritum
1721 1925 1968 1984 parentes

384 2006 586 2074 prolem
609 2006 776 2074 magis
803 2015 1009 2072 curent,
1035 2021 1194 2076 quain
1220 2007 1254 2060 ii
1280 2007 1367 2076 qui
1390 2006 1682 2060 secundum
1714 2021 1958 2071 carnem,

384 2097 505 2152 audi
527 2093 746 2152 Paulum
771 2097 1058 2163 dicentem,
1091 2099 1215 2162 Quis
1240 2099 1548 2166 inﬁrmatur,
1576 2107 1621 2150 et
1648 2114 1737 2167 ego
1767 2113 1866 2150 non
1887 2098 1969 2150 in-

384 2189 597 2257 ﬁrmor?
615 2191 727 2258 quis
754 2189 1152 2255 scandalizatur,
1183 2198 1231 2242 et
1256 2205 1346 2259 ego
1375 2205 1475 2242 non
1504 2205 1624 2242 uror
1650 2188 1726 2258 (2.
1752 2188 1962 2242 Cordi.

383 2281 518 2350 9.9)?
541 2281 648 2336 Sed
690 2281 793 2336 hoc
831 2281 1043 2351 quidem
1085 2282 1441 2351 aequalitatem
1479 2282 1632 2335 nobis
1670 2296 1967 2349 reprmsen-

385 2381 497 2426 tat:
531 2373 676 2442 atqui
710 2373 793 2425 vix
824 2381 1002 2441 patres
1030 2371 1166 2426 hanc
1191 2387 1376 2426 vocem
1413 2372 1687 2436 emittant,
1720 2372 1814 2426 sed
1840 2387 1968 2427 con-

383 2464 600 2519 cedatur
646 2473 823 2518 tamen
878 2478 1114 2534 eousque
1159 2464 1278 2518 illos
1326 2463 1581 2518 accedere
1625 2481 1638 2516 :
1675 2462 1784 2533 jam
1825 2464 1965 2533 quod

383 2556 555 2624 majus
581 2565 663 2610 est
685 2556 941 2610 exhibere
960 2565 1042 2610 est
1067 2570 1222 2624 opus.
1251 2554 1530 2610 Undenam
1561 2553 1966 2610 exhibebimus?

385 2646 461 2700 Ex
491 2648 619 2716 ipsis
650 2648 845 2701 iterum
871 2647 1186 2713 visceribus,
1219 2655 1379 2716 atque
1405 2662 1468 2702 ex
1498 2646 1814 2716 legislatoris
1842 2662 1965 2701 ver-

384 2739 484 2792 bis.
511 2740 601 2794 Ille
620 2756 750 2794 vero
778 2739 903 2810 quid
928 2739 1102 2794 dicit?
1127 2739 1189 2794 Si
1217 2740 1442 2793 remittas
1473 2739 1544 2793 eis
1575 2748 1852 2805 peccatum.
1881 2755 1964 2793 rc-

383 2834 560 2896 mitte;
604 2835 683 2886 sin
736 2834 924 2897 minus,
975 2832 1085 2886 dele
1131 2849 1212 2886 me
1254 2833 1317 2886 de
1357 2832 1483 2887 libro
1530 2850 1676 2903 quem
1722 2833 1966 2894 scripsisti

383 2923 579 2992 (Exod.
611 2924 700 2979 32.
721 2926 810 2979 3i.
839 2925 952 2996 52).
983 2924 1172 2979 Nullus
1202 2940 1329 2980 vero
1362 2934 1530 2993 pater,
1561 2927 1645 2980 cui
1673 2925 1967 2981 innumeris

384 3013 484 3068 frui
515 3016 669 3069 bonis
699 3016 926 3071 liberum
955 3016 1056 3080 sit,
1089 3030 1209 3068 cum
1238 3015 1418 3069 liberis
1447 3016 1760 3085 supplicium
1789 3015 1968 3072 subire

383 3106 613 3160 voluerit
636 3125 650 3161 :
671 3107 958 3177 Apostolus
985 3122 1113 3162 vero
1133 3149 1147 3172 ,
1177 3115 1360 3177 utpote
1401 3107 1453 3162 in
1483 3108 1652 3177 gratia
1684 3117 1925 3163 versatus
1950 3150 1964 3174 ,

383 3205 662 3268 paternum
686 3199 988 3268 hujusmodi
1011 3199 1279 3260 affectum,
1307 3208 1524 3270 propter
1543 3200 1834 3264 Christum,
1856 3217 1968 3256 ma-

383 3287 553 3358 iorem
575 3289 805 3345 exhibet.
835 3290 951 3344 Non
983 3291 1125 3343 enim
1151 3305 1270 3344 cum
1295 3291 1424 3360 ipsis
1451 3305 1635 3361 pennas
1664 3293 1792 3348 dare
1823 3295 1966 3349 vole-

383 3381 477 3438 bat
497 3393 556 3437 ut
580 3383 700 3447 ille;
732 3383 824 3438 sed
853 3391 912 3437 ut
936 3383 1024 3436 alii
1048 3383 1274 3438 salutem
1304 3384 1560 3452 consequi
1588 3394 1825 3454 possent,
1856 3386 1968 3455 ipse

384 3474 489 3531 sibi
529 3476 824 3546 perniciem
851 3475 1169 3545 precabatur
1205 3475 1284 3529 liis
1314 3475 1531 3530 verbis:
1565 3477 1814 3546 Optabam
1839 3495 1968 3531 ana-

387 3572 558 3622 thema
583 3583 690 3622 esse
727 3585 759 3620 a
790 3567 988 3621 Christo
1013 3583 1104 3636 pro
1127 3567 1370 3638 fratribus
1401 3569 1557 3633 meis,
1589 3571 1815 3638 cognatis
1849 3571 1969 3624 meis

385 3660 664 3714 secundum
705 3677 905 3714 carnem
935 3659 1110 3731 (Rom.
1154 3660 1204 3714 9.
1243 3658 1318 3729 5).
1365 3659 1530 3713 Tanta
1565 3662 1923 3716 misericordia
1951 3704 1966 3727 ,

387 3761 569 3806 tantus
606 3751 832 3806 aii‘ectus
870 3767 1034 3821 penes
1068 3761 1284 3805 sanctos
1319 3761 1418 3806 est.
1461 3752 1636 3820 Quare
1674 3763 1728 3807 et
1758 3753 1970 3824 Babylae

387 3846 590 3898 viscera
617 3845 785 3916 magis
808 3845 1282 3909 excruciabantur,
1313 3844 1454 3915 quod
1484 3845 1823 3914 Imperatoris
1853 3848 1967 3901 cxi-

387 3935 517 3990 tium
546 3937 680 3990 ultra
703 3952 918 4006 semper
941 3935 1142 3991 intendi
1166 3945 1428 3990 cerneret.
1457 3935 1640 4003 Neque
1658 3937 1799 3990 enim
1834 3945 1969 3990 tem-

387 4027 460 4096 pli
486 4028 657 4083 solum
684 4043 844 4082 causa
868 4027 1058 4083 dolens
1085 4027 1201 4081 haec
1223 4026 1442 4095 agebat;
1476 4025 1568 4080 sed
1598 4025 1754 4079 etiam
1780 4025 1970 4080 ail‘ectu

389 4138 512 4192 erga
547 4122 924 4190 Imperatorem
954 4122 1218 4176 inductus.
1250 4119 1381 4174 Nam
1412 4118 1501 4189 qui
1539 4118 1773 4172 divinum
1819 4120 1974 4173 mini-

388 4215 608 4269 stcrium
642 4214 960 4270 contumelia
983 4213 1164 4277 al'licit,
1193 4213 1364 4282 ipsum
1395 4210 1608 4281 quidem
1640 4210 1771 4264 nihil
1793 4211 1969 4277 laedit,

388 4306 623 4374 seipsum
654 4320 785 4360 vero
811 4305 1105 4360 innumeris
1131 4304 1417 4370 complicat
1444 4301 1618 4356 malis.

464 4399 546 4453 ii.
561 4395 780 4468 Babylas
798 4397 1142 4460 obtruncatur;
1159 4392 1301 4465 jubet
1311 4404 1511 4447 catenas
1531 4409 1643 4446 cum
1655 4408 1863 4462 corpore
1882 4408 1974 4446 suo

397 4488 632 4558 sepeliri:
670 4489 997 4557 reliquiarum
1022 4488 1204 4540 cultus.
1237 4515 1309 4526 —-
1331 4485 1668 4554 Quapropter
1710 4493 1858 4553 pater
1887 4485 1975 4538 ille

397 4583 560 4653 prolis
579 4597 786 4642 amans,
805 4579 1249 4636 contumeliosum
1274 4579 1419 4656 illum
1451 4579 1640 4631 iratum
1671 4592 1764 4645 per
1786 4578 1974 4647 ιη·ωοί-

396 4676 518 4744 pitia
556 4675 684 4731 ferri
709 4689 954 4739 cernens,
988 4673 1200 4727 brutum
1245 4673 1498 4740 impetum
1541 4685 1789 4725 coercere
1829 4685 1976 4724 cura-

396 4766 504 4829 bat.
535 4782 634 4822 ceu
659 4765 943 4835 quemdam
975 4764 1228 4820 eil‘renem
1251 4778 1443 4832 equum
1472 4778 1500 4815 a
1529 4777 1677 4829 tergo
1704 4761 1976 4816 deterrere

395 4859 761 4926 satagens.At
789 4871 894 4910 non
941 4856 1192 4911 sustinuit
1231 4855 1409 4908 infelix
1459 4853 1580 4917 ille,
1627 4853 1720 4908 sed
1768 4852 1976 4908 frenum

394 4951 684 5014 mordens,
725 4959 780 5004 et
809 4949 1074 5005 obsistens
1096 4990 1110 5013 ,
1144 4963 1370 5016 seseque
1423 4947 1585 5001 furori
1633 4955 1686 5001 et
1723 4947 1975 5012 insaniae,

395 5041 559 5094 misso
582 5049 746 5097 rectae
778 5041 1001 5094 rationis
1023 5039 1224 5109 judicio
1243 5081 1258 5104 ,
1283 5037 1506 5101 dedens,
1533 5037 1583 5090 in
1609 5035 1858 5093 barathra
1883 5051 1979 5089 ex-

402 5149 586 5188 :rcmze
618 5132 873 5204 perniciei
903 5148 1024 5187 sese
1052 5131 1302 5200 conjecit,
1335 5140 1685 5197 sanctumque
1713 5144 1744 5182 e
1767 5143 1979 5182 carcere

393 5226 684 5286 eductum,
713 5224 778 5278 ad
810 5223 1009 5278 caedem
1059 5224 1292 5276 vinetum
1338 5221 1496 5290 jussit
1543 5218 1754 5273 abduci.
1811 5219 1980 5288 Atque

395 5317 484 5370 hic
511 5332 593 5378 ea,
624 5317 1126 5386 quzecernebantur
1154 5357 1169 5380 ,
1217 5314 1280 5368 iis
1325 5329 1445 5382 quae
1487 5311 1680 5367 ﬁebant
1717 5313 1980 5368 contraria

395 5419 569 5464 erant.
602 5409 692 5463 Ille
721 5408 933 5478 quidem
962 5409 1170 5462 vinctus
1199 5406 1446 5462 omnibus
1471 5405 1625 5460 simul
1654 5405 1878 5460 vinculis
1899 5419 1985 5458 so-

396 5503 540 5556 lutus
565 5509 680 5556 erat
706 5543 721 5566 ,
765 5511 869 5554 tam
899 5500 1107 5567 ferreis,
1135 5513 1292 5570 quam
1328 5499 1446 5552 aliis
1495 5498 1850 5568 gravioribus,
1879 5497 1984 5551 sol-

395 5593 760 5648 licitudinibus
786 5594 988 5648 scilicet
1016 5603 1176 5663 atque
1201 5591 1473 5646 laboribus
1496 5631 1512 5656 ,
1555 5591 1779 5661 aliisque
1809 5591 1985 5644 omni-

399 5687 521 5748 bus,
543 5701 663 5755 quae
694 5698 792 5738 nos
811 5684 861 5738 in
893 5683 992 5738 hac
1022 5683 1230 5738 mortali
1257 5683 1363 5737 vita
1393 5683 1826 5745 circumsistunt;
1860 5695 1986 5736 con-

399 5787 482 5832 tra
531 5777 618 5847 qui
662 5775 869 5832 solutus
919 5777 1060 5833 ferro
1108 5787 1160 5831 et
1212 5775 1492 5831 adamante
1521 5773 1796 5831 videbatur
1825 5813 1842 5843 ,
1870 5773 1989 5830 aliis

1203 335 1285 394 DE
1323 338 1380 394 S.
1414 335 1703 403 BABYLA,
1743 333 2015 391 CONTRA
2059 333 2394 392 J‘I‘LIANUM
2435 336 2520 392 ET
2561 336 2912 395 CENTILES.

3547 322 3664 376 550-

2081 448 2237 519 Ionge
2278 451 2608 520 gravioribus
2652 453 2882 508 vinculis
2921 455 3242 510 constrictus
3277 466 3426 523 erat,
3453 459 3654 514 catenis

2077 550 2414 609 peccatorum
2442 543 2666 597 vinctus.
2694 544 2839 598 Cmdi
2885 545 3153 615 proximus
3200 547 3280 600 vir
3325 547 3508 603 beatus
3532 564 3653 603 cum

2075 629 2219 685 ferro
2240 647 2433 700 corpus
2463 647 2616 687 suum
2647 634 2858 702 sepeliri
2886 636 3172 701 mandavit,
3203 637 3400 694 docens
3420 654 3504 704 ea,
3537 655 3656 708 qua:

2079 719 2424 790 ignominiosa
2450 723 2727 789 videntur,
2756 740 2876 779 cum
2921 736 3137 795 propter
3178 726 3443 782 Christum
3491 729 3651 794 fiunt,

2081 811 2371 866 honoriﬁca
2413 822 2468 866 et
2520 814 2792 883 splendida
2827 831 2945 871 esse
2968 858 2981 880 ,
3015 819 3408 888 patientcmque
3462 821 3654 875 nedum

2075 901 2352 970 pudorem,
2381 902 2504 957 hinc
2529 905 2752 973 gloriam
2784 916 3096 975 reportare:
3125 908 3222 962 hac
3257 910 3381 964 item
3421 911 3472 964 in
3508 921 3654 980 parte

2075 993 2287 1046 beatum
2329 993 2547 1048 Paulum
2583 995 2839 1061 imitatus,
2864 1001 2951 1068 qui
2982 998 3118 1052 ultro
3135 999 3372 1070 citroque
3388 1002 3651 1071 stigmata,

2076 1083 2288 1137 vincula
2317 1125 2332 1149 ,
2381 1094 2623 1140 catenam
2656 1089 2938 1155 versabat,
2966 1089 3344 1159 gloriabundus
3388 1094 3654 1163 altumque

2073 1177 2284 1245 sapiens
2316 1179 2369 1231 in
2407 1179 2490 1244 iis,
2520 1195 2743 1250 quorum
2771 1182 2904 1236 alios
2936 1183 3171 1251 puderet.
3208 1186 3356 1253 Quod
3392 1198 3567 1242 autem
3597 1206 3657 1242 a-

2074 1269 2174 1324 lios
2208 1271 2466 1340 puderet,
2523 1275 2696 1343 palam
2752 1275 2905 1330 nobis
2947 1276 3067 1330 fecit
3107 1293 3166 1330 ea
3195 1279 3524 1346 defensione,
3555 1298 3656 1351 qua

2073 1363 2211 1430 apud
2240 1365 2529 1435 Agrippam
2557 1383 2685 1422 usus
2726 1377 2827 1422 est.
2875 1367 2970 1422 Illo
3012 1385 3240 1441 namque
3286 1371 3534 1438 dicente,
3589 1374 3658 1428 In

2077 1457 2275 1511 modico
2324 1460 2506 1514 suades
2550 1477 2629 1515 me
2658 1461 3001 1518 Christianum
3039 1466 3152 1533 fieri
3180 1506 3195 1529 ,
3250 1466 3441 1520 Paulus
3483 1466 3656 1534 dixit,

2079 1547 2212 1618 Opto
2233 1551 2372 1618 apud
2394 1549 2556 1604 Deum
2582 1562 2628 1604 et
2652 1553 2704 1606 in
2723 1554 2919 1609 modico
2944 1567 2989 1611 et
3017 1557 3068 1609 in
3097 1574 3300 1628 magno,
3338 1575 3436 1612 non
3462 1567 3653 1612 tantum

2074 1648 2138 1705 te,
2171 1641 2262 1694 sed
2307 1643 2454 1695 etiam
2492 1660 2574 1696 eos
2621 1646 2706 1713 qui
2739 1647 2924 1700 adsunt
2953 1665 3122 1702 omnes
3172 1651 3282 1718 ﬁeri
3324 1650 3652 1717 Christianos,

2073 1734 2290 1801 exceptis
2330 1734 2540 1788 vinculis
2563 1736 2640 1787 Itis
2663 1736 2681 1808 (
2704 1735 2813 1790 Act.
2847 1738 2934 1792 26.
2967 1738 3056 1792 28.
3088 1739 3216 1809 29);
3259 1741 3397 1809 quod
3428 1758 3529 1795 non
3554 1742 3651 1797 ad-

2071 1823 2312 1891 jecisset,
2364 1825 2464 1879 nisi
2506 1825 2556 1879 id
2594 1827 3002 1896 ignominiosum
3048 1831 3227 1884 multis
3253 1830 3419 1885 visum
3450 1832 3651 1889 fuisset.

2085 1913 2272 1970 Sancti
2302 1915 2444 1969 enim
2477 1916 2758 1972 Dominum
2809 1929 3046 1973 amantes
3069 1961 3084 1985 ,
3117 1937 3376 1976 aerumnas
3419 1939 3516 1992 pro
3564 1925 3655 1978 illo

2073 2018 2264 2074 magna
2293 2020 2414 2058 cum
2443 2006 2715 2062 alacritate
2757 2009 3117 2078 suscipiebant
3151 2052 3164 2076 ,
3199 1997 3460 2082 per'quas»
3492 2015 3651 2068 etiam

2071 2095 2303 2151 laetiores
2344 2098 2659 2152 evadebant.
2718 2099 2870 2155 Unde
2901 2101 2986 2154 hic
3031 2102 3243 2171 quidem
3303 2080 3408 2168 ait,
3443 2080 3650 2159 Caudeo

2071 2186 2122 2240 in
2157 2188 2502 2258 afflictionibus
2539 2191 2661 2244 meis
2690 2190 2708 2261 ί
2737 2190 2845 2244 Col.
2876 2192 2928 2245 I.
2957 2193 3027 2245 24
3049 2191 3104 2261 );
3132 2193 3301 2247 Lucas
3325 2209 3452 2248 vero
3478 2195 3542 2250 de
3570 2213 3660 2250 re-

2071 2281 2214 2349 liquo
2294 2283 2655 2351 apostolorum
2731 2293 2872 2339 cmtu
2937 2285 3122 2338 eadem
3186 2286 3298 2355 ipsa
3363 2286 3654 2356 loquitur:

2071 2388 2191 2426 nam
2219 2383 2338 2442 post
2365 2376 2527 2429 multa
2554 2375 2757 2445 ﬂagella
2779 2375 3322 2445 recedebant,inquit,
3344 2379 3652 2447 gaudentes,

2071 2467 2321 2535 quoniam
2352 2467 2496 2536 digni
2527 2468 2690 2522 habiti
2719 2477 2901 2523 essent
2929 2484 3021 2538 pro
3049 2469 3266 2523 nomine
3297 2469 3652 2526 Christicon-
3673 2520 3691 2538 ,

2073 2561 2340 2614 tumeliam
2371 2562 2476 2630 pati
2507 2561 2526 2630 (
2561 2561 2673 2613 Act.
2703 2561 2755 2616 5.
2787 2561 2849 2614 M
2886 2561 2929 2631 ).
2960 2560 3036 2615 Ne
3064 2562 3184 2630 quis
3220 2577 3347 2632 ergo
3373 2563 3647 2630 gentilium

2072 2662 2301 2720 putaret,
2326 2655 2618 2708 certamina
2650 2671 2744 2724 per
2765 2655 2869 2708 vim
2893 2670 2954 2709 ac
2979 2655 3346 2709 necessitatem
3369 2655 3650 2722 committi,

2070 2747 2185 2814 ipsa
2228 2746 2579 2799 certaminum
2633 2745 2873 2818 symbola
2911 2761 3029 2798 cum
3071 2760 3293 2814 corpore
3322 2760 3419 2799 suo
3443 2746 3653 2815 sepeliri

2068 2836 2247 2906 jussit,
2281 2836 2574 2892 ostendens
2599 2852 2659 2890 ca
2699 2838 2798 2890 sibi
2826 2835 3110 2890 admodum
3150 2846 3297 2907 grata
3329 2847 3382 2893 et
3408 2837 3652 2892 amabilia

2072 2940 2213 2993 esse,
2242 2928 2384 2997 quod
2433 2935 2578 2982 totus
2607 2927 2866 2997 penderet
2899 2943 2928 2980 a
2977 2929 3199 2983 caritate
3227 2927 3444 2983 Christi.
3479 2928 3546 2982 Et
3574 2929 3656 2998 ja-

2071 3028 2196 3075 cent
2240 3021 2402 3075 etiam
2444 3036 2583 3075 nunc
2606 3037 2726 3076 cum
2777 3021 3044 3076 cineribus
3082 3022 3406 3092 compedes,
3457 3032 3512 3075 ut
3543 3039 3655 3076 mo-

2071 3122 2233 3166 neant
2261 3127 2448 3167 omnes
2501 3112 2863 3167 Ecclesiarum
2919 3111 3199 3184 prmfeetos
3227 3154 3242 3177 ,
3273 3113 3370 3166 etsi
3400 3113 3604 3166 vincula
3637 3155 3651 3180 ,

2071 3202 2272 3257 caedem
2301 3211 2356 3257 et
2393 3203 2648 3272 qutelibet
2675 3203 2775 3257 alia
2804 3203 3182 3273 patioporteat
3210 3244 3224 3269 ,
3257 3204 3433 3256 omnia
3465 3203 3654 3257 alacri-

2074 3302 2155 3348 ter
2179 3307 2241 3348 ac
2269 3309 2389 3348 cum
2421 3295 2694 3364 voluptate
2734 3295 2898 3350 multa
2947 3294 3251 3349 sustinenda
3292 3310 3410 3349 esse
3441 3299 3464 3359 ,’
3501 3295 3570 3348 ita
3600 3305 3655 3349 ut

2073 3386 2438 3442 concreditum
2480 3389 2634 3442 nobis
2663 3387 2974 3444 libertatem
3013 3403 3078 3441 ne
3129 3388 3404 3442 minimum
3437 3388 3649 3458 quidem

2073 3479 2360 3547 prodamus
2385 3487 2475 3533 aut
2504 3478 2908 3534 dedecoremus.
2935 3478 2998 3532 Et
3023 3477 3234 3548 quidem
3260 3479 3345 3534 ille
3363 3479 3442 3532 vir
3470 3479 3656 3534 beatus

2075 3569 2143 3623 ita
2163 3569 2442 3639 splendide
2467 3570 2627 3624 vitam
2657 3570 2866 3624 clausit.
2903 3569 3058 3624 Putat
3104 3569 3239 3625 forte
3272 3571 3532 3639 quispiam
3558 3587 3656 3627 nos

2075 3660 2158 3714 his
2188 3661 2375 3716 orandi
2416 3663 2574 3715 linem
2619 3661 2853 3715 facturos
2882 3675 3023 3726 esse,
3051 3675 3170 3714 cum
3199 3671 3317 3730 post
3345 3661 3466 3713 vitae
3496 3661 3653 3716 finem

2077 3751 2213 3804 nulla
2241 3753 2310 3805 sit
2341 3752 2538 3821 reliqua
2557 3752 2766 3805 virtutis
2795 3766 3123 3820 operumque
3150 3751 3653 3821 occasio,quemad-

2076 3841 2289 3894 modum
2320 3857 2416 3895 nec
2444 3842 2660 3896 athletis
2703 3851 2890 3896 exacto
2920 3842 3269 3896 certaminum
3306 3850 3544 3912 tempore
3562 3860 3655 3898 co-

2075 3946 2235 3985 ronas
2264 3943 2476 3988 nectere
2507 3933 2646 3986 licet.
2694 3933 2884 3986 Verum
2946 3932 2996 3986 id
3026 3932 3251 4000 gentiles
3296 3932 3507 4003 quidem
3549 3949 3655 3990 non

2077 4021 2173 4074 abs
2197 4036 2255 4074 re
2288 4021 2643 4086 arbitrantur,
2671 4020 2792 4091 quia
2839 4035 2988 4090 spem
3019 4036 3169 4074 suam
3220 4021 3289 4074 illi
3339 4021 3475 4075 intra
3501 4021 3657 4090 hujus

2079 4112 2198 4165 vita:
2227 4113 2484 4166 terminos
2529 4113 2859 4166 incluserunt
2892 4131 2904 4165 :
2937 4128 3033 4167 nos
3067 4128 3196 4167 vero
3225 4155 3240 4177 ,
3268 4114 3460 4184 quibus
3484 4116 3660 4172 obitus

2078 4205 2298 4258 alterius
2347 4204 2755 4274 illustriorisqtte
2792 4206 2913 4258 vitae
2946 4205 3152 4259 initium
3181 4215 3284 4272 est,
3320 4206 3388 4261 ab
3415 4205 3515 4262 hac
3544 4210 3658 4281 opi-

2078 4297 2240 4350 nione
2267 4304 2425 4364 atque
2465 4297 2727 4352 sententia
2766 4297 2920 4368 longe
2961 4297 3260 4362 absumus;
3290 4300 3430 4369 quod
3478 4311 3656 4357 autem

2079 4389 2130 4444 id
2157 4389 2276 4458 jure
2317 4404 2380 4444 ac
2423 4391 2638 4455 merito,
2670 4391 2720 4444 in
2749 4391 2848 4443 alia
2885 4391 3126 4445 oratione
3176 4391 3486 4460 probabitur
3523 4411 3537 4448 :
3571 4395 3651 4448 in-

2080 4480 2232 4534 terim
2282 4494 2412 4534 vero
2460 4494 2521 4534 ea
2552 4522 2567 4545 ,
2617 4495 2735 4550 quae
2781 4489 2901 4548 post
2930 4489 3155 4535 mortem
3199 4497 3228 4535 a
3267 4496 3528 4551 generoso
3569 4485 3661 4537 illo

2079 4570 2278 4641 Babyla
2333 4571 2590 4640 prmclare
2620 4579 2769 4640 gesta
2820 4581 2979 4634 sunt,
3012 4587 3258 4642 magnam
3305 4573 3450 4626 verbi
3504 4573 3660 4627 ﬁdem

2081 4671 2340 4732 przestare
2408 4671 2649 4730 possunt.
2702 4661 2833 4729 Quia
2895 4663 3036 4716 enim
3082 4679 3250 4732 usque
3306 4663 3373 4718 ad
3437 4674 3661 4719 mortem

2081 4771 2178 4826 pro
2209 4755 2432 4809 veritate
2472 4755 2741 4819 certavit,
2790 4765 2845 4810 et
2885 4770 3051 4824 usque
3097 4755 3164 4810 ad
3215 4757 3524 4826 sanguinem
3574 4774 3662 4812 re-

2081 4847 2215 4902 stitit
2263 4855 2446 4900 contra
2494 4855 2764 4914 peccatum
2813 4846 3155 4916 depugnans,
3193 4856 3247 4902 et
3297 4856 3352 4901 ut
3399 4848 3656 4914 ordinem,

2083 4957 2240 5010 quem
2260 4943 2355 5013 ipsi
2378 4939 2724 4995 constituerat
2745 4939 2852 4994 ilex
2873 4939 2960 4993 ille
2982 4956 3222 5008 magnus,
3247 4956 3349 4994 non
3368 4940 3660 5002 desereret.

2083 5033 2312 5088 animam
2347 5035 2512 5103 ipsam
2540 5030 2805 5101 deposuit,
2839 5033 3090 5102 omnique
3115 5032 3311 5086 athleta
3339 5034 3668 5105 splendidius

2085 5127 2330 5182 occubuit
2360 5145 2374 5180 :
2404 5126 2550 5180 illum
2577 5125 2788 5194 quidem
2821 5123 3072 5194 deinceps
3090 5125 3278 5180 cazlum
3306 5125 3508 5195 habuit,
3544 5143 3667 5181 eor-

2088 5236 2186 5290 pus
2237 5227 2437 5284 autem,
2471 5218 2612 5288 quod
2663 5217 2728 5272 ad
2760 5226 3032 5273 certamen
3083 5219 3498 5282 ministraverat,
3530 5228 3667 5274 terra

2087 5321 2331 5381 occupat,
2363 5311 2429 5365 ita
2455 5320 2512 5365 ut
2541 5319 2787 5364 creatura
2814 5309 3068 5364 athletam
3097 5309 3353 5365 diviserit.
3393 5311 3547 5380 Atqui
3578 5328 3668 5382 po.

2091 5414 2225 5461 terat
2251 5405 2338 5460 ille
2355 5414 2408 5459 et
2436 5403 2710 5459 transferri
2737 5412 2793 5459 ut
2821 5403 3026 5469 Enoch,
3058 5412 3111 5459 et
3132 5405 3243 5472 rapi
3270 5414 3326 5457 ut
3355 5403 3550 5467 Helias,
3579 5407 3667 5475 qui

2091 5498 2365 5566 utriusque
2390 5495 2668 5550 aemulator
2695 5495 2867 5550 fuerat
2892 5513 2904 5549 :
2933 5505 2988 5548 at
3021 5495 3158 5548 Deus
3186 5495 3272 5550 ille
3297 5495 3553 5559 clemens,
3585 5498 3670 5564 qui

2093 5589 2325 5644 infinitas
2347 5588 2500 5643 nobis
2517 5587 2704 5644 salutis
2718 5588 3028 5642 occasiones
3049 5586 3293 5651 contulit,
3317 5585 3670 5657 huncquoque

2095 5682 2246 5737 nobis
2272 5696 2390 5736 cum
2422 5680 2539 5734 aliis
2574 5679 2784 5751 aperuit
2815 5692 2976 5743 nam,
3025 5691 3144 5746 quae
3173 5693 3271 5734 nos
3297 5681 3461 5765 possit
3489 5677 3548 5729 ad
3575 5678 3668 5730 vir-

2098 5782 2263 5829 tutem
2294 5786 2537 5836 evocare,
2570 5780 2876 5828 sanctorum
2899 5763 3148 5838 reliquias
3170 5770 3308 5844 apud
3341 5763 3438 5825 nos
3463 5768 3676 5825 Interim

2343 5863 2370 5879 β
