4044 6206
405 277 500 334 851

405 396 736 466 relinquens.
763 390 897 448 Nam
941 396 1062 460 post
1092 385 1354 442 sermonis
1394 385 1645 438 virtutem
1696 378 1988 436 secundum

405 496 586 543 tenent
615 484 858 541 ordinem
885 491 1188 536 sanctorum
1241 476 1508 547 sepulcra,
1560 473 1625 528 ad
1654 475 1860 528 animos
1911 472 1991 526 in-

405 578 664 634 tuentium
704 574 978 630 hominum
1009 569 1075 624 ad
1121 569 1468 624 imitationem
1497 563 1866 621 concitandos.
1913 564 1992 617 Ac

400 669 570 725 sicubi
591 668 709 738 quis
730 662 987 735 ejusmodi
1017 676 1190 730 capsae
1217 659 1412 723 adstet,
1445 657 1622 712 statim
1669 655 1785 725 ejus
1812 654 1991 710 effica-

404 760 542 813 ciam
571 771 731 812 sensu
761 753 1003 825 percipit.
1038 751 1244 806 Etenim
1276 764 1447 818 capsae
1475 754 1724 817 aspectus
1752 745 1988 800 animum

402 864 689 918 occupans,
727 846 902 915 ipsum
945 843 1262 916 percellitet
1288 843 1506 904 excitat,
1537 849 1696 910 atque
1735 839 1883 894 illum
1911 839 1990 893 sic

401 941 582 1006 afficit,
609 954 673 994 ac
699 939 743 994 si
777 939 864 992 ille
890 938 981 1009 qui
1025 937 1168 1003 jacet
1207 934 1364 990 simul
1399 942 1726 1005 precaretur,
1753 930 1986 997 adesset,

401 1031 686 1086 videretur.
722 1029 858 1084 llinc
886 1027 1161 1084 alacritate
1195 1027 1380 1096 plenus
1402 1024 1512 1090 ille,
1541 1024 1629 1095 qui
1661 1024 1740 1078 sic
1765 1022 1988 1078 aﬂ‘ectus

400 1131 519 1187 est,
568 1122 622 1176 in
675 1121 1014 1191 alterumque
1061 1120 1234 1174 virum
1289 1126 1522 1172 mutatus
1551 1158 1566 1184 ,
1620 1117 1691 1171 ita
1741 1115 1984 1171 discedit.

399 1217 572 1272 Probe
599 1225 774 1271 antctn
803 1216 1195 1270 animadvertet
1237 1213 1609 1269 defunctorum
1655 1212 1986 1283 phantasiam

399 1322 466 1363 ex
496 1308 628 1378 ipsis
672 1307 806 1364 locis
849 1309 903 1362 in
933 1308 1225 1362 viventium
1272 1308 1464 1362 animis
1501 1307 1723 1362 excitari
1753 1348 1768 1372 ,
1798 1307 1843 1361 si
1868 1305 1988 1376 quis

402 1397 616 1468 cogitet,
640 1397 911 1466 quomodo
939 1398 972 1451 ii
1014 1398 1102 1467 qui
1141 1397 1353 1468 lugendi
1389 1412 1547 1452 causa
1581 1397 1840 1464 veniunt,
1872 1406 1986 1450 sta-

403 1489 498 1542 tim
523 1497 682 1558 atque
710 1486 776 1541 ad
823 1487 1066 1560 sepulcra
1110 1497 1486 1554 accesserunt,
1517 1503 1579 1543 ac
1609 1487 1654 1542 si
1696 1488 1811 1544 vice
1839 1503 1987 1543 urna:

399 1592 496 1632 eos
525 1577 612 1647 qui
648 1577 700 1630 in
730 1592 861 1631 urna
883 1582 1062 1646 jaecnt
1082 1585 1285 1633 stantes
1314 1578 1575 1643 viderent,
1609 1578 1685 1632 sic
1711 1577 1834 1632 illos
1865 1592 1895 1630 e
1925 1578 1989 1631 li-

397 1671 541 1724 mine
567 1670 742 1723 statim
765 1669 1109 1740 eompellent.
1139 1669 1282 1724 Multi
1301 1669 1775 1735 vero,intolerabili
1809 1668 1985 1724 affecti

395 1761 615 1828 dolore,
645 1777 809 1831 prope
831 1763 1072 1832 sepulcra
1126 1771 1457 1816 mortuorum
1510 1762 1838 1817 domicilium
1885 1762 1986 1816 sibi

397 1867 629 1922 perenne
649 1852 1040 1908 constituerunt
1065 1894 1080 1920 ,
1111 1853 1163 1908 id
1187 1868 1518 1924 nequaquam
1545 1852 1764 1919 facturi,
1793 1851 1896 1908 nisi
1921 1868 1986 1908 ex

397 1945 499 2001 loci
543 1955 835 2016 conspectu
872 1946 1140 2018 quidpiam
1191 1947 1574 2002 consolationis
1601 1947 2014 2016 percepissent.‘

394 2035 600 2108 Ecquid
629 2038 695 2094 de
722 2040 840 2094 loco
865 2047 919 2094 et
947 2037 1455 2110 sepulcrodoquor?
1482 2055 1601 2094 cum
1631 2039 1796 2095 vestis
1843 2054 1987 2108 stupe

401 2131 514 2184 sola
558 2139 888 2186 mortuorum
913 2132 1048 2197 visa,
1081 2141 1173 2187 aut
1214 2132 1431 2188 verbum
1451 2148 1613 2187 unum
1645 2139 1823 2188 mente
1843 2147 1988 2202 repe
2035 2195 2040 2198 _

396 2221 572 2286 titum,
601 2225 836 2278 animum
865 2224 1132 2291 excitarit,
1162 2235 1217 2280 et
1247 2224 1514 2280 labentem
1552 2225 1866 2280 memoriam
1898 2240 1985 2279 re-

395 2310 622 2367 duxerit.
649 2311 774 2368 Ideo
822 2315 1074 2384 reliquias
1099 2323 1402 2371 sanctorum
1425 2316 1579 2371 nobis
1594 2315 1735 2371 Deus
1759 2315 1984 2371 dimisit.

467 2403 555 2457 12.
578 2403 685 2459 SS.
707 2405 992 2477 Martyrum
1011 2407 1430 2463 miracula.—-Me
1443 2419 1621 2464 autem
1637 2423 1740 2462 non
1760 2407 1873 2462 hanc
1887 2408 1988 2463 fru-

393 2500 501 2547 stra
524 2494 770 2564 jactitare
791 2537 804 2562 ,
833 2497 925 2550 sed
947 2497 1012 2550 ad
1044 2498 1322 2552 utilitatem
1356 2507 1589 2554 nostram
1623 2499 1690 2553 ita
1715 2500 1983 2570 provisum

304 2625 308 2631 -
395 2600 514 2641 esse
537 2627 552 2653 ,
602 2586 757 2641 fidem
792 2586 969 2643 facere
1001 2573 1505 2658 possuntmiracula
1533 2631 1548 2657 ,
1577 2605 1695 2660 qua:
1727 2606 1757 2644 a
1787 2590 1985 2644 sanctis

394 2677 629 2748 quotidie
668 2680 989 2752 martyribus
1032 2680 1263 2736 eduntur
1294 2722 1310 2747 ,
1338 2696 1548 2736 necnon
1590 2681 1872 2736 multitudo
1913 2682 1985 2736 ita

393 2771 826 2825 concurrentium
857 2771 1115 2838 virorum,
1144 2787 1243 2827 nec
1267 2772 1442 2831 minus
1471 2816 1484 2838 ,
1509 2789 1667 2843 quam
1698 2773 1782 2828 illa
1805 2815 1820 2839 ,
1844 2773 1985 2828 beati

396 2859 554 2930 hujus
581 2861 680 2914 viri
711 2861 870 2915 etiam
918 2872 1038 2932 post
1074 2863 1276 2918 obitum
1329 2865 1583 2935 prmclara
1627 2875 1795 2935 gesta.
1829 2865 1983 2921 Post-

395 2965 552 3019 quam
583 2951 725 3005 enim
753 2951 820 3005 ita
851 2961 907 3005 ut
944 2954 1288 3010 mandaverat
1319 2957 1558 3026 sepultus
1584 2965 1666 3012 est
1689 2999 1703 3020 ,
1738 2958 1986 3028 longum-

394 3057 498 3112 que
555 3052 764 3113 tempus
819 3053 940 3114 post
989 3047 1312 3116 sepulturam
1364 3047 1612 3114 efﬂuxit,
1645 3049 1715 3104 ita
1766 3059 1824 3104 ut
1862 3064 1984 3105 ossa

396 3142 599 3188 tantum
631 3145 681 3189 et
702 3137 873 3206 pulvis
896 3137 947 3192 in
971 3139 1172 3192 tumulo
1200 3149 1531 3208 remaneant,
1562 3142 1735 3196 visum
1765 3151 1850 3198 est
1874 3143 1986 3198 cui-

393 3223 516 3278 dam
545 3240 608 3278 ex
639 3224 702 3279 iis
723 3268 737 3290 ,
768 3228 857 3296 qui
891 3241 1073 3297 poStea
1104 3230 1496 3300 imperaverunt
1529 3273 1544 3297 ,
1580 3232 1632 3286 in
1662 3233 1764 3289 hoc
1788 3233 1983 3289 subur-

394 3313 541 3368 bium
572 3315 831 3385 Daplmen
854 3332 1070 3388 eapsam
1097 3321 1290 3376 adduci
1310 3340 1322 3374 :
1345 3323 1503 3392 idque
1528 3325 1702 3380 visum
1732 3333 1845 3391 est,
1873 3325 1983 3382 Deo

395 3402 736 3474 Imperatoris
761 3408 995 3462 animum
1026 3410 1092 3465 ad
1123 3426 1239 3466 eam
1267 3427 1381 3467 rem
1404 3416 1826 3474 movente.,Cum
1841 3417 1982 3472 enim

394 3496 601 3553 videret
631 3498 808 3555 locum
849 3500 1270 3558 adolescentium
1301 3505 1512 3561 lascivia
1542 3549 1558 3574 ,
1610 3523 1710 3563 ceu
1756 3509 1983 3579 quadam

395 3587 676 3659 tyrannide
701 3631 716 3654 ,
739 3589 1018 3644 obsessum
1051 3632 1066 3658 ,
1101 3592 1170 3647 ita
1195 3604 1252 3647 ut
1282 3594 1574 3663 periculum
1603 3606 1784 3664 esset,
1811 3614 1880 3655 ne
1916 3599 1985 3656 ab

395 3676 814 3744 lionestioribus,
844 3680 1013 3750 iisque
1033 3681 1121 3752 qui
1151 3682 1314 3752 probe
1341 3684 1524 3740 vivere
1552 3687 1748 3741 vellent
1778 3728 1794 3755 ,
1828 3704 1982 3759 pror-

394 3783 486 3822 sus
506 3768 846 3825 desereretur
871 3813 886 3835 ,
919 3773 1284 3829 misericordia
1305 3785 1480 3832 motus
1501 3792 1660 3848 super
1685 3779 1984 3849 hujusmodi

394 3861 610 3927 damno,
645 3863 788 3917 misit
815 3864 903 3934 qui
931 3867 1306 3923 contumeliam
1335 3869 1646 3926 vindicaret.
1674 3871 1814 3928 Deus
1842 3874 1982 3931 enim

395 3952 571 4007 locum
596 3951 743 4018 illum
765 3970 1033 4010 amoenum
1063 3966 1118 4012 et
1143 3959 1421 4015 amabilem
1449 3961 1676 4017 reddidit
1699 4005 1714 4027 ,
1742 3973 1796 4019 et
1816 3979 1983 4035 aqua-

395 4061 512 4099 rum
545 4047 696 4117 copia
723 4063 786 4102 ae
815 4049 997 4118 specie
1021 4092 1035 4115 ,
1083 4060 1140 4106 et
1169 4062 1358 4108 natura
1385 4054 1482 4108 soli
1508 4064 1667 4127 atque
1696 4065 1985 4128 tempesta-

395 4143 507 4188 tum
535 4141 810 4207 temperie,
831 4157 934 4195 non
966 4142 1136 4196 solum
1165 4152 1220 4197 ut
1244 4143 1364 4199 inde
1394 4161 1776 4213 rccrearemur,
1803 4149 1896 4204 sed
1930 4159 1988 4204 ut

395 4229 555 4284 etiam
586 4247 645 4286 ea
674 4231 742 4287 de
767 4251 824 4289 re
855 4237 1108 4304 optimum
1136 4237 1392 4308 Opiﬂeem
1436 4240 1854 4297 eelebraremus.
1885 4242 1986 4298 Sa-

397 4320 524 4376 lutis
551 4337 711 4392 porro
745 4335 943 4380 nostrae
965 4328 1212 4382 inimicus
1232 4373 1246 4394 ,
1270 4331 1358 4400 qui
1389 4331 1480 4386 Dei
1507 4331 1662 4387 donis
1693 4348 1906 4402 semper
1933 4337 1984 4389 in

395 4417 722 4471 contrarium
781 4420 1022 4475 abutitur
1057 4463 1070 4485 ,
1125 4433 1496 4492 corruptorum
1523 4425 1778 4495 juvenum
1818 4428 1987 4483 turba:

396 4505 806 4580 dzemonumque
849 4510 1134 4566 domiciliis
1163 4523 1480 4583 occupatum
1509 4516 1576 4569 ab
1602 4532 1659 4570 sc
1689 4516 1862 4572 locum
1893 4519 1989 4573 ad-

396 4599 581 4656 dicens
609 4642 624 4668 ,
650 4604 788 4673 turpi
845 4604 1019 4659 fabula
1063 4604 1258 4660 famam
1291 4606 1408 4676 ejus
1445 4607 1816 4662 deltoncstavit
1837 4649 1850 4673 ,
1883 4625 1987 4678 qua

397 4691 573 4748 fabula
604 4694 841 4756 suburbii
868 4698 1035 4767 gratia
1065 4697 1293 4754 dmmoni
1325 4702 1754 4756 consecrabatur.
1787 4703 1985 4758 Fabula

391 4793 576 4840 autem
609 4786 909 4856 hujusmodi
942 4798 1043 4844 est.

468 4874 713 4946 Daphnes
765 4879 992 4934 histon'a.
1059 4911 1127 4921 —-
1181 4881 1402 4952 Daphne
1447 4885 1620 4954 puella
1670 4895 1827 4950 erat,
1881 4886 1985 4942 filia

396 4966 634 5022 Ladonis
659 4968 800 5025 ﬂuvii
834 4988 993 5026 :natn
1040 4975 1321 5031 erronibus
1362 4976 1464 5031 illis
1512 4992 1626 5032 mos
1649 4995 1861 5050 semper
1891 4979 1988 5036 fuit

396 5058 590 5113 fluvios
627 5061 903 5131 gignentes
930 5063 1202 5131 inducere,
1231 5068 1434 5137 prolem
1459 5083 1643 5124 eorum
1668 5070 1718 5124 in
1749 5087 1835 5126 res
1861 5088 1988 5127 sen-

397 5172 460 5211 su
509 5166 755 5212 carentes
784 5167 992 5213 mutare
1025 5200 1039 5223 ,
1072 5167 1126 5214 et
1154 5163 1318 5215 multa
1350 5161 1652 5231 hujusmodi
1683 5176 1986 5234 portentosa

398 5253 620 5323 ﬁngere.
677 5252 824 5308 lianc
870 5267 1030 5323 porro
1085 5255 1315 5323 puellam
1360 5257 1646 5312 admodum
1699 5257 1986 5314 formosam

403 5347 698 5416 Apollinem
728 5345 997 5418 quondam
1027 5346 1224 5402 vidisse
1268 5357 1518 5415 narrant,
1551 5349 1775 5420 ejusque
1803 5366 1988 5408 amore

397 5450 610 5509 captum
635 5440 797 5496 fuisse
822 5458 836 5507 ;
867 5440 1238 5510 insequentem
1263 5448 1323 5494 ut
1347 5450 1581 5512 caperet,
1609 5443 1807 5514 fugisse
1835 5446 1988 5515 puel-

399 5529 523 5595 lam,
553 5531 677 5587 etin
707 5531 812 5588 hoc
830 5532 1088 5589 suburbio
1111 5532 1434 5590 substitisse.
1463 5533 1596 5587 Tum
1623 5545 1846 5592 matrem
1869 5537 1986 5606 ejus

399 5639 556 5695 opem
586 5625 770 5683 tulisse
793 5625 934 5695 filire,
966 5643 1035 5684 ne
1064 5626 1308 5698 injuriam
1332 5635 1630 5699 pateretur,
1653 5636 1809 5698 atque
1831 5645 1987 5700 aper-

399 5722 452 5768 to
487 5717 664 5772 statim
717 5719 920 5789 gremio
950 5720 1210 5790 virginem
1237 5719 1510 5791 excepisse
1539 5761 1557 5792 ,
1584 5737 1645 5778 ac
1676 5739 1772 5794 pro
1804 5723 1977 5793 puclla

1115 269 1181 326 ὃ.
1221 267 1498 326 JOANNIS
1525 259 2002 323 CﬂRYSOSTOMI
2040 259 2355 318 ARCHIEI’.
2394 263 2929 324 CONSTANTINOP.

3577 273 3682 328 539

2101 378 2333 448 plantam
2357 379 2594 450 ejusdem
2619 384 2847 438 nominis
2861 383 3127 450 edidisse;
3155 386 3517 454 laseivumqne
3537 407 3684 447 ama-

2099 482 2268 528 torem
2294 473 2564 530 amoribus
2594 475 2703 528 suis
2731 473 3048 537 fraudatum,
3077 481 3322 532 artiorem
3345 481 3679 549 complexum

2096 579 2215 620 esse
2237 605 2253 628 ,
2283 581 2346 621 ac
2374 574 2483 621 tum
2521 567 2752 636 plantam
2779 609 2794 631 ,
2828 575 2938 622 tum
2987 569 3159 624 locum
3208 572 3378 638 ipsum
3423 571 3522 626 sibi
3555 589 3681 642 pro-

2097 659 2270 728 prium
2301 659 2576 716 effecisse:
2610 660 2732 715 hinc
2759 661 3036 718 considere
3053 663 3103 717 in
3132 664 3248 718 loco
3265 680 3498 737 semper,
3525 681 3681 720 eum-

2095 766 2197 820 que
2224 753 2453 818 caeteris,
2482 768 2600 823 quae
2623 769 2717 823 per
2743 753 2927 809 orbem
2955 763 3114 821 sunt,
3146 754 3413 810 anteferre
3440 798 3454 820 ,
3479 772 3542 811 ac
3570 772 3681 826 pra

2095 844 2342 899 omnibus
2370 844 2614 915 diligere.
2667 846 2832 902 Aiunt
2876 848 3004 902 item
3035 864 3216 918 regem
3247 849 3334 918 qui
3365 858 3489 904 tunc
3515 852 3681 921 intpe~

2094 937 2289 1005 rabat,
2338 939 2594 1008 templum
2639 949 2693 993 et
2721 955 2868 1007 aram
2916 941 3280 1008 construxisse
3307 958 3472 1012 (quo
3500 953 3680 1012 posst-t

2095 1029 2303 1086 darmon
2336 1031 2593 1086 insaniam
2616 1047 2767 1087 suam
2789 1049 2882 1102 per
2897 1048 3018 1088 eum
3044 1034 3216 1088 locum
3239 1035 3525 1089 consolari.
3557 1036 3682 1091 llzec

2093 1129 2176 1176 cst
2201 1120 2398 1185 fabula,
2430 1123 2683 1178 damnum
2717 1140 2842 1179 vero
2871 1141 2937 1180 ex
2970 1125 3140 1180 fabula
3167 1137 3409 1182 exortum
3439 1143 3544 1181 non
3566 1129 3678 1196 jam

2092 1210 2270 1268 fabula
2321 1212 2439 1269 fuit.
2492 1215 2778 1288 Postquam
2807 1218 2948 1273 enim
2972 1217 3199 1287 juvenes
3228 1221 3408 1274 lascivi
3437 1221 3678 1276 suburbii

2095 1305 2539 1375 pulchritudinem
2567 1310 3020 1374 eontaminarunt,
3043 1319 3098 1365 ut
3123 1313 3322 1366 dictum
3349 1324 3450 1378 est,
3480 1313 3678 1368 ibidem

2095 1399 2150 1451 in
2187 1398 2670 1454 comessatiouibus
2711 1410 2765 1455 et
2789 1401 3065 1456 ebrietate
3095 1402 3395 1458 victitantes
3426 1445 3440 1467 ,
3475 1413 3530 1458 ut
3576 1405 3681 1459 hoc

2091 1489 2290 1543 malum
2333 1490 2384 1542 in
2422 1490 2535 1546 dies
2577 1502 2957 1563 pr0pagaretur
2988 1536 3004 1561 ,
3041 1495 3288 1550 diabolus
3332 1496 3566 1550 fabulam
3597 1497 3678 1552 ef-

2093 1579 2244 1634 finxit
2275 1622 2288 1643 ,
2317 1581 2722 1654 daemonemque
2769 1585 2841 1638 ibi
2881 1587 3152 1640 constituit
3181 1627 3196 1650 ,
3231 1596 3288 1641 ut
3319 1587 3430 1642 [nec
3459 1588 3675 1644 historia

2092 1669 2264 1739 majus
2302 1671 2408 1726 illis
2431 1672 2662 1728 lasciviae
2690 1683 2744 1728 et
2765 1674 3050 1744 impietatis
3111 1677 3414 1732 incendium
3445 1689 3674 1747 pararet.

2090 1759 2172 1816 Ad
2201 1769 2342 1814 tanta
2400 1762 2560 1831 igitur
2611 1764 2841 1820 tollenda
2879 1767 3017 1822 mala
3047 1767 3190 1822 hunc
3219 1769 3672 1840 sapientissimum

2091 1851 2309 1906 modum
2359 1855 2678 1925 excogitavit
2727 1856 3015 1926 Imperator
3045 1899 3062 1925 ,
3115 1867 3173 1914 ut
3231 1869 3474 1915 sanctum
3527 1861 3675 1914 illum

2091 1942 2409 1998 transferret
2429 1986 2444 2008 ,
2471 1955 2525 2000 et
2552 1947 2817 2002 medicum
2849 1949 3006 2020 aegris
3033 1952 3284 2005 mitteret.
3329 1951 3460 2006 Nam
3491 1953 3535 2005 si
3561 1954 3678 2021 jus-

2091 2033 2243 2090 sione
2269 2045 2321 2090 et
2348 2039 2665 2094 auctoritate
2712 2039 3052 2108 imperatoria
3083 2042 3294 2096 civibus
3327 2042 3427 2097 iter
3453 2043 3516 2096 ad
3545 2044 3676 2097 sub-

2090 2128 2302 2184 urbium
2334 2129 2720 2196 interdixisset,
2750 2133 2799 2186 id
2830 2135 3183 2204 tyrannicum,
3217 2137 3324 2190 imo
3349 2137 3676 2193 crudelitatis

2090 2221 2419 2292 feritatisque
2445 2224 2659 2292 plenum
2707 2227 2880 2280 visum
2912 2214 3057 2283 esset
3085 2245 3100 2294 ;
3147 2231 3227 2284 sin
3263 2233 3456 2300 probos
3488 2234 3674 2288 mode-

2089 2322 2306 2385 stosque
2345 2317 2514 2372 solum
2553 2318 2700 2376 adire
2730 2322 3096 2391 permisisset,
3141 2325 3352 2380 lascivis
3395 2338 3571 2382 autem
3597 2328 3678 2382 in-

2089 2410 2618 2481 temperantibusque
2642 2412 2843 2468 aditum
2871 2415 3258 2472 interclusisset
3285 2457 3300 2483 ,
3345 2416 3676 2475 difficultatis

2091 2497 2306 2567 plenum
2329 2500 2514 2557 fuisset
2541 2502 2814 2560 decretum
2843 2547 2856 2570 ,
2891 2508 3031 2562 unde
3051 2509 3290 2578 quotidie
3328 2510 3448 2565 lites
3475 2511 3676 2567 oboriri

2090 2607 2313 2649 necesse
2337 2603 2470 2662 erat,
2493 2595 2620 2650 dum
2655 2598 2985 2667 singulorum
3015 2601 3119 2654 vita
3146 2601 3545 2672 disquireretur.
3581 2605 3680 2659 lta-

2089 2699 2194 2754 que
2222 2687 2391 2741 sancti
2416 2687 2517 2743 viri
2537 2692 2873 2757 praesentiam
2897 2691 3043 2748 bisce
3064 2695 3220 2748 malis
3257 2697 3518 2767 optimum
3557 2699 3677 2753 exi-

2091 2787 2202 2832 tum
2251 2779 2530 2836 allaturam
2577 2798 2698 2840 esse
2721 2786 2951 2853 putavit:
2985 2798 3271 2860 martyrem
3312 2792 3507 2860 quippe
3561 2795 3676 2848 sol-

2088 2871 2277 2926 venda:
2301 2871 2559 2927 daemonis
2584 2877 2836 2944 potentiae
2859 2878 3377 2950 juvenumqucluxui
3394 2885 3675 2938 emendau-

2087 2963 2160 3019 do
2205 2979 2386 3034 parem
2432 2981 2556 3022 esse
2607 2968 2970 3040 it‘ttelligcbat:
3022 2989 3193 3044 neque
3241 2991 3337 3044 spe
3366 2977 3542 3046 lapsus
3569 2989 3674 3031 est.

2089 3055 2278 3112 Statim
2305 3060 2446 3114 enim
2473 3069 2631 3130 atque
2651 3063 2905 3131 Daphnen
2931 3066 3049 3134 quis
3075 3067 3286 3122 advenit
3308 3110 3323 3134 ,
3351 3079 3402 3122 et
3429 3084 3457 3122 a
3483 3070 3681 3124 subur-

2087 3146 2162 3203 bii
2188 3149 2369 3205 limine
2389 3153 2698 3223 martyrium
2721 3157 2980 3224 conspicit
3012 3199 3025 3220 ,
3056 3159 3134 3212 sic
3170 3161 3475 3228 reprimitur
3503 3204 3517 3226 ,
3545 3177 3608 3215 ac
3630 3163 3679 3217 si

2088 3241 2208 3312 quis
2231 3243 2444 3312 juvenis
2487 3245 2540 3300 in
2591 3247 2836 3302 convivio
2887 3251 3230 3321 paedagogum
3260 3253 3554 3308 adstantem
3596 3255 3686 3309 in-

2089 3339 2276 3400 tuens,
2303 3344 2462 3405 atque
2485 3338 2640 3392 oculo
2668 3341 3064 3410 praecipientem
3094 3384 3109 3408 ,
3140 3353 3196 3397 ut
3222 3343 3418 3399 decore
3461 3357 3677 3400 servato

2088 3422 2256 3490 bibat,
2289 3427 2552 3493 comedat,
2585 3429 2831 3500 loquatur
2861 3474 2876 3500 ,
2918 3433 3089 3488 rideat
3120 3475 3135 3501 ,
3163 3447 3452 3506 caveatqne
3477 3454 3545 3493 ne
3562 3454 3683 3491 mo-

2088 3517 2216 3574 dum
2291 3522 2557 3578 excedens
2610 3525 3056 3582 existimationem
3127 3544 3277 3582 suam
3325 3530 3677 3587 dehonestet:

2088 3625 2414 3687 aspectuque
2453 3618 2542 3672 tali
2588 3620 2888 3690 religiosior
2925 3622 3131 3690 factus,
3164 3625 3481 3696 beatumque
3523 3626 3676 3680 illum

2089 3705 2270 3761 animo
2291 3708 2389 3762 sibi
2417 3721 2806 3778 repraesentans
2833 3753 2846 3776 ,
2871 3713 2938 3767 ad
2969 3730 3185 3785 capsam
3203 3717 3382 3771 statim
3402 3727 3676 3787 properat;

2089 3815 2197 3868 quo
2237 3816 2360 3856 cum
2415 3803 2716 3872 pervenerit
2746 3845 2760 3870 ,
2791 3805 2994 3875 majore
3049 3807 3281 3863 afficitur
3321 3821 3501 3874 metu;
3551 3827 3684 3866 mox

2090 3889 2298 3960 ignavia
2325 3892 2509 3961 procul
2531 3893 2720 3948 abacta
2742 3935 2757 3959 ,
2805 3911 2904 3952 ceu
2933 3898 3162 3955 volatilis
3196 3900 3366 3954 factus
3385 3901 3425 3968 ⁸,
3470 3903 3538 3956 ita
3567 3902 3685 3956 dis—

2090 3982 2251 4036 cedit.
2274 3984 2448 4054 Atque
2478 4000 2592 4054 eos,
2619 4002 2754 4057 quos
2784 4004 2850 4044 ex
2880 3991 3011 4046 urbe
3031 3993 3380 4048 ascendentes
3403 3995 3453 4048 in
3483 3995 3564 4048 via
3593 3998 3680 4048 ot”-

2090 4072 2278 4142 f'endit,
2306 4077 2416 4146 pari
2451 4092 2573 4132 cum
2603 4083 2950 4150 temperantia
2981 4083 3234 4153 Daphnen
3261 4095 3555 4138 recreatum
3590 4101 3680 4140 re-

2091 4168 2272 4233 mittit,
2308 4178 2510 4223 tantum
2539 4187 2642 4223 non
2672 4187 2856 4226 vocem
2887 4174 3026 4227 illam
3051 4175 3364 4239 inclamans,
3408 4176 3682 4234 Exsultate

2092 4257 2311 4312 Domino
2337 4260 2389 4312 in
2417 4261 2812 4333 tremore(Psal.
2843 4263 2899 4316 2.
2926 4263 3033 4337 ll),
3064 4266 3302 4336 illudque
3321 4269 3676 4337 apostolicum

2091 4349 2366 4420 adjiciens,
2388 4348 2509 4406 Sive
2535 4355 2851 4408 manducatis
2872 4398 2886 4419 ,
2914 4357 3016 4410 sive
3042 4357 3232 4422 bibitis,
3266 4359 3368 4412 sive
3389 4361 3532 4413 aliud
3554 4363 3684 4430 quid

2094 4440 2457 4510 facitis,onmia
2484 4443 2552 4496 tul
2579 4444 2792 4512 gloriam
2815 4444 2911 4499 Dei
2935 4447 3087 4516 facile
3106 4448 3182 4516 (l.
3216 4447 3544 4520 (301210.51).
3571 4451 3682 4506 Eos

2091 4541 2268 4588 autem
2295 4535 2382 4604 qui
2412 4543 2624 4606 sumpto
2646 4537 2769 4592 cibo
2805 4539 2857 4592 in
2889 4541 3075 4595 urbem
3109 4541 3461 4607 descendunt,
3481 4545 3524 4599 si
3546 4561 3680 4600 con-

2092 4625 2258 4697 tingat
2281 4642 2508 4683 excusso
2536 4628 2687 4685 freno
2706 4633 2922 4703 segnius
2935 4635 3127 4704 egisse,
3157 4637 3380 4706 atquein
3408 4639 3683 4708 crapulam

2092 4718 2457 4790 absurdasque
2474 4721 2693 4777 delicias
2709 4724 2959 4795 delapsos
2979 4741 3118 4790 esse,
3139 4741 3254 4794 eos,
3285 4729 3516 4799 inquam,
3536 4731 3684 4784 ebri-

2091 4826 2155 4866 os
2175 4813 2226 4866 in
2243 4813 2539 4869 diversorio
2559 4831 2655 4870 suo
2666 4828 2916 4886 exceptos
2933 4834 3036 4872 non
3056 4820 3181 4873 sinit
3199 4821 3470 4874 ebrietatis
3485 4821 3688 4877 damno

2095 4904 2314 4962 affectos
2347 4907 2562 4962 domum
2595 4908 2759 4973 abire,
2782 4910 2876 4965 sed
2913 4911 3125 4965 incusso
3152 4913 3342 4967 timore
3355 4913 3420 4966 ad
3433 4912 3685 4967 eamdem

2097 4999 2506 5067 temperantiam
2536 4999 2786 5065 adducit,
2818 5017 2976 5071 quam
3005 5005 3588 5072 scrvabantanteqnatn
3625 5006 3684 5059 in

2095 5089 2406 5146 ebrietatem
2437 5090 2895 5162 demergerentur.
2922 5093 3130 5148 Etenim
3161 5096 3309 5164 quasi
3339 5098 3513 5151 tenuis
3534 5113 3688 5166 qna:-

2094 5181 2215 5235 dam
2244 5197 2371 5236 aura
2389 5183 2602 5252 eos,qui
2632 5185 2681 5236 in
2706 5187 2963 5256 martyrio
2977 5186 3210 5252 fuerunt,
3228 5188 3457 5257 undique
3474 5189 3689 5258 perﬂat;

2105 5290 2256 5342 aura,
2292 5275 2504 5346 inquam
2528 5317 2542 5338 ,
2575 5293 2677 5330 non
2701 5279 2968 5333 sensibilis
3009 5321 3024 5346 ,
3078 5295 3176 5334 nec
3201 5282 3445 5350 augendo
3467 5284 3693 5350 corpori

2097 5377 2217 5436 apta
2252 5408 2266 5433 ,
2319 5368 2411 5422 sed
2465 5384 2584 5439 qum.
2611 5370 2661 5423 in
2697 5369 2862 5440 ipsam
2881 5372 3111 5425 animam
3147 5381 3390 5441 penetret
3419 5415 3434 5438 ,
3458 5388 3694 5440 eamque

2096 5459 2330 5529 undique
2357 5461 2610 5518 decenter
2625 5473 2943 5532 componat,
2965 5480 3176 5520 omnem
3202 5474 3469 5520 terrenam
3491 5466 3694 5520 molem

2097 5553 2416 5622 prtescindat
2443 5596 2458 5618 ,
2487 5570 2711 5624 eamque
2741 5566 3078 5627 aggravatam
3110 5565 3162 5612 et
3185 5557 3452 5613 labentem
3477 5567 3696 5612 recreet

2095 5655 2158 5693 ac
2183 5640 2441 5697 leviorem
2470 5641 2682 5697 reddat.

2165 5730 2180 5761 ι
2219 5724 2368 5791 Aliqui
2394 5726 2452 5778 ad
2473 5739 2646 5792 marg,
2670 5727 2862 5780 humilis
2883 5729 3062 5792 factus.
