4044 6206
423 244 530 302 553

499 357 588 430 ιγ’.
623 359 732 414 Καὶ
747 359 808 412 τὸ
827 360 924 430 μὲν
956 360 1054 428 τῆς
1073 357 1288 428 Δάφνης
1309 359 1502 422 κάλλος
1524 361 1617 412 καὶ
1649 360 1774 422 τοὺς
1795 354 2092 428 ῥᾳθυμοτέ-

429 466 554 520 ρους
569 449 876 502 ἐκκαλεῖται
895 449 1026 518 πρὸς
1040 447 1357 516 ἐαυτήν·ό.δέ
1376 449 1584 518 μάρτυς
1599 447 1812 500 καθάπε
1825 464 1853 517 ρ
1867 449 1921 498 ἐν
1938 446 2093 517 ἀλείᾳ

427 538 534 588 τινὶ
575 549 600 576 ι
652 537 963 605 καθήμενος
1011 537 1102 587 καὶ
1143 534 1312 603 λοχῶν
1361 537 1486 596 τοὺς
1541 535 1829 596 εἰσιόντας,
1871 535 2091 603 κατέχει

427 625 562 686 τέως
603 625 818 686 αὐτοὺς,
871 624 964 675 καὶ
1020 623 1284 691 ρυθμίσας
1317 624 1597 693 πρότερον,
1627 623 1798 684 οὕτως
1847 621 2090 690 ἀφίησιν,

427 710 546 762 οὐδὲ
575 708 923 778 ὑϐριστικῶς,
949 708 1084 760 άλλά
1111 709 1324 777 σεμνῶς
1353 712 1418 779 τῇ
1443 707 1692 780 ἐρωμένῃ
1722 709 2094 778 χρησομένους

427 799 631 852 λοιπόν.
653 799 868 866 Ἐπειδὴ
889 801 996 868 γάρ
1021 799 1127 850 τῶν
1159 798 1458 868 ἀνθρώπων
1485 799 1532 850 οἱ
1565 798 1660 867 μὲν
1687 797 1773 850 διὰ
1799 797 2090 866 ρᾳθυμίαν,

424 888 473 936 οἱ
510 886 564 936 δὲ
585 885 672 936 διά
687 885 972 954 φροντίδας
997 884 1276 953 βιωτικάς,
1323 885 1422 936 οὐκ
1457 884 1732 939 ἐθέλουσιν
1761 885 1839 945 εἰς
1867 884 1964 942 τὰς
1987 883 2094 934 τῶν

429 971 726 1042 μαρτύρων
777 973 952 1044 θήκας
1002 973 1268 1042 ἀπαντᾷν,
1301 972 1650 1042 ᾠκονόμησεν
1687 974 1715 1024 ὁ
1747 971 1880 1034 Θεὸς
1921 971 2094 1040 τούτῳ

429 1061 822 1129 σαγηνεύεσθαι
847 1061 922 1130 τῷ
951 1063 1157 1130 τρόπω,
1181 1061 1274 1114 καὶ
1299 1061 1398 1130 τῆς
1421 1061 1718 1131 θεραπείας
1743 1060 1941 1122 αὐτοὺς
1963 1061 2096 1112 ἀπο-

425 1147 612 1201 λαύειν
645 1151 744 1219 τῆς
779 1152 837 1202 ἐν
881 1153 946 1220 τῇ
979 1151 1146 1220 ψυχῇ·
1185 1151 1278 1204 καὶ
1323 1151 1532 1218 γίνεται
1577 1150 1874 1220 παρόμοιον
1907 1148 2096 1218 ὥσπερ

427 1233 493 1288 ἂν
517 1233 569 1286 εἰ
603 1254 683 1298 τις
700 1237 790 1290 τόν
821 1237 1094 1306 κάμνοντα
1115 1236 1364 1307 ὠφέλιμα
1389 1238 1650 1307 φάρμακα
1683 1235 1998 1305 προσίεσθαι
2023 1235 2095 1305 μὴ

429 1324 859 1393 καταδεχόμενον
924 1324 1292 1393 μεθοδεύσειεν
1353 1323 1622 1396 ήδύσματι
1686 1325 1745 1377 τὸ
1807 1323 2096 1394 φάρμακον

430 1409 854 1480 ἐγκατακρύψας
889 1412 1012 1464 τινί.
1047 1413 1136 1482 Τῷ
1171 1413 1301 1480 γοῦν
1329 1413 1502 1483 χρόνῳ
1551 1409 1974 1484 θεραπευόμενοι
2017 1414 2098 1474 εἰς

428 1497 588 1550 τοῦτο
617 1499 977 1568 κατέστησαν,
1016 1501 1090 1562 ὼς
1128 1501 1322 1570 μηκέτι
1355 1501 1454 1569 τὴν
1489 1501 1700 1570 τρυφὴν
1734 1499 1913 1570 μόνον,
1963 1499 2098 1552 ἀλλά

429 1584 525 1636 καὶ
559 1585 650 1638 τοῦ
687 1587 844 1650 ἁγίου
885 1587 982 1657 τὴν
1011 1589 1328 1656 ¹ἐπιθυμίαν
1365 1589 1466 1657 τῆς
1519 1589 1610 1640 ἐπὶ
1655 1588 1716 1640 τὸ
1777 1588 2098 1659 προάστειον

430 1671 617 1724 ἀνόδου
653 1674 924 1743 πρόφασιν
953 1674 1198 1742 γίνεσθαι
1219 1678 1332 1738 τοῖς
1357 1675 1588 1738 πολλοῖςο
1621 1675 1818 1744 μᾶλλον
1843 1674 1900 1728 δὲ
1930 1675 2098 1745 οἱμὲν

431 1761 829 1830 ἐπιεικέστεροι
867 1763 955 1816 διά
1003 1763 1160 1815 τοῦτο
1210 1763 1368 1833 μόνον
1415 1765 1592 1815 ἐκεῖσε
1639 1763 1909 1832 ἔρχονται,
1949 1764 1999 1816 οἰ
2039 1762 2096 1814 δὲ

429 1847 655 1900 ἐκείνων
689 1847 942 1912 ἐλάττους
971 1849 1038 1901 δι’
1068 1851 1274 1920 ἀμφότέ
1287 1867 1374 1920 ρα,
1411 1853 1460 1904 οἱ
1494 1851 1550 1903 δὲ
1578 1851 1656 1904 ἐτι
1689 1851 1890 1904 τούτων
1924 1850 2102 1905 ἀτελέ-

431 1947 621 2002 στερον
667 1933 1105 2004 διακείμενοιδιά
1136 1936 1302 2007 μόνην
1345 1937 1442 2008 μὲν
1465 1936 1814 1991 ἀναϐαίνουσι
1843 1937 1940 2007 τὴν
1967 1955 2096 2009 τρυ-

429 2020 558 2090 φήν·
591 2021 810 2075 ἐπειδὰν
847 2022 904 2075 δέ
932 2025 1372 2094 παραγένωνται,
1407 2025 1642 2087 καλέσας
1667 2025 1862 2088 αὐτοὺς
1900 2025 1928 2076 ό
1957 2025 2098 2095 μάρ-

428 2125 525 2170 τυς
561 2109 654 2160 καὶ
704 2111 960 2172 ἑστιάσας
997 2113 1107 2173 τοῖς
1157 2111 1342 2172 αὑτοῦ,
1395 2114 1488 2165 καὶ
1536 2111 1868 2175 καθοπλίσας
1897 2112 2098 2175 καλῶς,

429 2195 582 2248 οὐδὲν
605 2197 798 2266 ἀφίησι
825 2198 995 2251 δεινὸν
1033 2199 1246 2252 παθεῖν⁹
1273 2201 1368 2254 καὶ
1391 2200 1536 2252 ἐστιν
1553 2202 1753 2270 ὁμοίως
1787 2200 2104 2271 θαυμαστὸν

428 2281 492 2334 τὸ
521 2283 638 2334 ἐκεῖ
662 2285 966 2354 γινόμενον,
1001 2289 1351 2357 σωφρονῆσαί
1383 2306 1502 2340 τινα
1529 2289 1638 2340 τῶν
1671 2287 1852 2357 ἁϐρῶν
1881 2291 1974 2340 καὶ
2006 2291 2103 2359 ρα-

432 2369 640 2439 θύμων,
681 2374 774 2425 καὶ
803 2369 915 2426 οἷον
946 2376 1009 2426 ἐκ
1052 2377 1220 2444 μέσης
1255 2375 1450 2445 μανίας
1475 2377 1805 2443 ἀνενεγκεῖν,
1839 2377 1870 2447 ἢ
1899 2377 1978 2438 εἰς
2005 2377 2102 2429 κά·-

434 2473 586 2526 μινον
637 2460 942 2528 ἐμπεσόντα
997 2461 1346 2532 μηδὲν
1397 2461 1501 2514 ὑπό
1533 2462 1625 2515 τοῦ
1673 2464 1839 2532 πυρὸς
1889 2464 2100 2518 παθεῖν.

433 2545 546 2608 Τῖς
571 2563 629 2598 τε
671 2547 1064 2618 γάρνεότητος,
1106 2551 1196 2602 καὶ
1230 2551 1328 2620 τῆς
1369 2549 1573 2620 τόλμης
1603 2550 1700 2619 τῆς
1745 2551 1962 2618 ἀλόγου,
2007 2553 2104 2604 καὶ

431 2639 525 2686 τοῦ
555 2634 720 2698 οἴνου,
755 2637 848 2688 καὶ
877 2637 977 2704 τῆς
1017 2636 1335 2706 πλησμονῆς
1373 2637 1568 2705 φλογὸς
1595 2636 1974 2710 χαλεπώτερον
2005 2657 2102 2691 πε-

434 2721 797 2792 ριισταμένων
821 2723 946 2787 τοὺς
963 2723 1276 2793 λογισμοὺς,
1307 2727 1340 2795 ή
1368 2725 1518 2793 παρά
1547 2725 1948 2795 τοῦ’μακαρίου
1981 2725 2101 2797 δρό-

435 2821 526 2866 σος
569 2805 658 2858 διά
683 2805 790 2858 τῶν
819 2806 1014 2875 ὃψεων,
1041 2809 1118 2870 είς
1149 2808 1246 2878 τὴν
1269 2807 1378 2858 τῶν
1419 2807 1670 2878 όῴωτων
1701 2808 2102 2862 καταϐαίνουσα

431 2889 629 2960 ψυχὴν.
663 2893 764 2961 τήν
793 2909 850 2944 τε
873 2893 1047 2960 φλόγα
1077 2894 1342 2964 ἐκοίμισε,
1375 2893 1578 2962 καὶτὸν
1603 2895 1930 2966 ἐμπρησμὸν
1945 2895 2103 2966 ἕστη-

435 2994 516 3038 σε,
553 2979 648 3030 καὶ
691 2977 892 3048 πολλὴν
922 2980 1019 3049 τῆς
1063 2979 1304 3044 διανοίας
1335 2977 1632 3044 κατέσταξε
1667 2981 1766 3052 τὴν
1794 2981 2098 3036 εὐλάϐειαν.

434 3065 544 3116 Καὶ
571 3065 672 3135 τῆς
707 3065 806 3136 μὲν
841 3066 1126 3135 ἀσελγείας
1157 3069 1255 3136 τὴν
1289 3067 1575 3138 τυραννίδα
1593 3067 1764 3130 οὕτως
1785 3071 1813 3120 ό
1836 3069 2102 3139 μακάριος

435 3152 717 3206 κατέλυσε·
761 3153 878 3217 πῶς
906 3155 962 3206 δὲ
987 3156 1078 3208 καὶ
1113 3156 1206 3208 τοῦ
1229 3156 1478 3226 δαίμονος
1501 3156 1598 3226 τὴν
1627 3155 1854 3226 δύναμιν
1877 3156 2099 3222 ἐσϐεσε;

437 3239 660 3310 Πρῶτον
707 3241 804 3311 μὲν
854 3241 1068 3304 τούτοις
1119 3243 1300 3306 αὐτοῖς
1343 3245 1622 3313 ἄπρακτον
1671 3245 1836 3297 αὑτοῦ
1883 3245 1976 3297 καὶ
2003 3245 2104 3314 τὴν

436 3327 794 3404 προσεδρείαν
825 3332 918 3381 καί
934 3331 1030 3398 τὴν
1051 3329 1160 3382 ἀπὸ
1181 3329 1271 3382 τοῦ
1293 3331 1460 3398 μύθου
1481 3330 1684 3400 βλάϐην
1705 3332 2098 3402 ἐργασάμενος,

437 3407 662 3480 ὕστερον
691 3409 748 3463 δὲ
781 3412 870 3464 καὶ
909 3412 1069 3462 αὑτὸν
1099 3413 1376 3475 ἀπελάσας
1413 3413 1504 3464 τὸν
1543 3413 1791 3482 δαίμονα.
1819 3415 1954 3484 Πρὶν
1985 3416 2018 3485 ἦ
2047 3416 2102 3468 δὲ

434 3495 526 3548 τὸν
555 3497 754 3566 τρόπον
788 3499 886 3569 τῆς
923 3497 1178 3562 διώξεωςι
1211 3502 1404 3562 εἰπεῖν,
1437 3501 1614 3552 ἐκεῖνο
1647 3501 1790 3570 ὑμᾶς
1830 3503 2106 3573 ἐπισημή-

437 3584 630 3636 νασθαι
656 3581 810 3648 ἀξιῶ,
863 3585 944 3638 ὅτι
977 3586 1078 3638 οὐκ
1117 3585 1318 3650 εὐθέως
1350 3586 1510 3640 αὐτὸν
1559 3587 1794 3640 ἀνελθὼν
1830 3588 2102 3654 ἐξέϐαλεν,

436 3673 572 3726 ἀλλά
609 3675 836 3744 μένοντα
857 3675 1150 3744 εἰργάσατο
1169 3675 1472 3746 ἄπρακτον,
1515 3675 1610 3728 καὶ
1639 3677 1984 3746 ἐπεστόμισε,
2011 3680 2106 3732 καὶ

437 3761 546 3814 τῶν
579 3762 742 3817 λίθων
771 3764 1046 3835 ἀπέφηνεν
1100 3765 1460 3840 ἀφωνότερον’
1509 3763 1602 3818 τοῦ
1637 3765 1696 3818 δὲ
1740 3765 2011 3820 ἀπελάσαι
2045 3765 2106 3820 τὸ

440 3852 692 3920 μένοντος
739 3853 1119 3924 περιγενέσθαι
1170 3855 1270 3906 οὐκ
1303 3853 1522 3906 ἔλαττον
1559 3849 1646 3924 ἦν.
1684 3855 1793 3907 Καὶ
1833 3855 1862 3906 ό
1899 3853 2106 3918 πάντας

439 3941 714 4012 πανταχοῦ
751 3943 1014 4012 πρότερον
1058 3941 1283 3994 ἀπατῶν
1319 3941 1437 3994 οὐδὲ
1487 3941 1621 4010 πρὸς
1653 3941 1750 4012 τὴν
1779 3942 1928 3995 κόνιν
1941 3943 2106 3995 ἀντι-

438 4027 631 4098 ϐλέψαι
687 4030 950 4100 ἐτόλμησε
999 4029 1093 4081 τοῦ
1143 4029 1411 4100 μακαρίου
1465 4027 1697 4080 Βαϐύλα·
1735 4029 1968 4098 τοσαύτη
1999 4027 2106 4080 τῶν

437 4117 608 4184 ἁγίων
639 4119 671 4188 ἡ
704 4118 951 4186 δύναμις,
983 4111 1058 4170 ὧν
1085 4115 1300 4180 ζώντων
1317 4117 1415 4186 μὲν
1443 4116 1564 4169 ούδέ
1594 4117 1692 4177 τὰς
1717 4115 1874 4175 σκιὰς
1911 4116 2106 4188 φέρου-

441 4222 546 4270 σιν,
591 4205 711 4258 ούδέ
748 4205 816 4258 τά
859 4207 1068 4275 ἱμάτια,
1105 4205 1540 4275 τελευτησάντων
1578 4205 1634 4256 δὲ
1665 4206 1756 4257 καὶ
1787 4205 1883 4268 τάς
1911 4205 2107 4275 λάρνα-

439 4311 542 4356 κας
565 4294 877 4365 τρέμουσιν.
899 4295 1060 4348 Ὥστε
1082 4294 1234 4356 εἴτις
1257 4295 1478 4346 ἀπιστεῖ
1493 4295 1602 4356 τοῖς
1627 4293 1732 4346 ὑπὸ
1752 4291 1858 4345 τῶν
1883 4293 2106 4344 ἀποστό-

437 4380 545 4436 λων
599 4381 1008 4452 γεγενημένοις,
1039 4381 1108 4434 τά
1159 4380 1400 4452 παρόντα
1453 4379 1671 4450 θεωρῶν
1711 4379 1964 4431 παυέσθω
2006 4379 2107 4448 τῆς

437 4469 822 4539 ἀναισχυντίας
859 4468 1008 4521 ποτέ.
1051 4469 1106 4520 '0
1137 4467 1246 4537 γὰρ
1275 4468 1452 4521 πάντα
1475 4466 1542 4518 τὰ
1557 4465 1663 4518 τῶν
1706 4465 1974 4536 Ἑλλήνων
1999 4468 2104 4520 πά-

437 4557 528 4610 λαι
561 4558 723 4610 νικῶν
759 4559 806 4622 ι),
839 4556 1091 4627 καθάπερ
1131 4558 1234 4608 ὑπὸ
1264 4555 1524 4608 δεσπότου
1559 4553 1652 4606 τοῦ
1689 4555 1962 4624 μάρτυρος
1989 4557 2108 4608 ἐπι-

436 4647 709 4716 τιμηθεὶς,
741 4644 1016 4699 ἐπαύσατο
1045 4645 1143 4714 τῆς
1182 4643 1407 4713 ὑλακῆς,
1449 4642 1544 4695 καὶ
1586 4641 1738 4694 οὐδὲν
1783 4643 2101 4711 ἐφθέγγετο.

439 4736 548 4788 Καὶ
575 4735 636 4788 τὸ
673 4735 770 4806 μὲν
800 4734 1016 4804 πρῶτον
1053 4732 1248 4794 ἐδόκει,
1285 4731 1372 4786 διὰ
1411 4731 1471 4782 τὸ
1507 4730 1596 4802 μὴζ
1622 4729 1868 4800 μετέχειν
1905 4731 2108 4784 θυσιῶν

437 4823 532 4874 καὶ
563 4823 662 4893 τῆς
689 4822 853 4892 ἄλλης
879 4819 1193 4891 θεραπείας,
1223 4817 1378 4872 τοῦτο
1407 4821 1598 4872 ποιεῖν.
1627 4817 1879 4883 Τοιοῦτος
1921 4819 2031 4890 γάρ
2079 4821 2107 4872 ό

436 4909 544 4962 τῶν
572 4909 839 4979 δαιμόνων
858 4909 1074 4979 τρόπος·
1109 4909 1237 4962 ὅταν
1272 4907 1370 4977 μὲν
1399 4911 1465 4978 τῇ
1515 4908 1730 4980 κνίσσῃ,
1775 4909 1868 4961 καὶ
1900 4909 1977 4978 τῷ
2007 4926 2106 4960 κα·-

435 5001 574 5071 πνῷ,
595 5003 816 5062 καὶτοῖς
837 5000 1061 5069 αἵμασιν
1091 5001 1285 5060 αὐτοὺς
1319 4998 1686 5069 θεραπεύωσι,
1717 4997 1970 5069 καθάπερ
2006 4997 2104 5050 κύω

437 5105 526 5152 νες
551 5087 830 5157 αἰμοϐόροι
857 5087 950 5139 καί⁵
982 5087 1147 5155 λίχνοι
1175 5087 1563 5154 παραγίνονται
1587 5084 1864 5152 λάψοντες·
1895 5086 2022 5137 ὅταν
2049 5085 2104 5136 δὲ

439 5177 632 5250 μηδεὶς
653 5178 681 5228 ὁ
707 5174 880 5227 ταῦτα
907 5175 1160 5244 παρέχων
1194 5171 1251 5248 ᾖ,
1287 5173 1539 5244 καθάπερ
1561 5173 1668 5225 τινὶ
1695 5171 1840 5242 λιμῷ
1871 5172 2106 5239 διαφθεί-

441 5283 643 5337 ρονται.
675 5265 783 5318 Καὶ
814 5261 924 5316 τῶν
953 5263 1049 5332 μὲν
1083 5261 1282 5314 θυσιῶν
1309 5263 1402 5314 καὶ
1431 5262 1536 5314 τῶν
1561 5259 1801 5330 αἰσχρῶν
1835 5258 2105 5311 ἐπιτελουο

440 5355 618 5425 μένων
656 5351 906 5407 τελετῶν·
935 5350 1086 5403 οὐδὲν
1133 5349 1242 5420 γὰρ
1287 5350 1462 5401 αὐτῶν
1483 5349 1666 5417 ἕτερον
1709 5347 1776 5398 τά
1809 5347 2100 5414 μυστήρια,

436 5442 552 5496 ἀλλ’
579 5442 610 5512 ἦ
641 5443 840 5514 ἔρωτες
877 5441 1090 5504 ἄτοποι,
1143 5439 1234 5492 καὶ
1291 5437 1495 5489 παίδων
1531 5435 1736 5506 ὕϐρεις,
1777 5435 1871 5486 καὶ
1911 5434 2104 5504 γάμων

498 5594 526 5624 ⁸
563 5593 710 5641 δεμ-11.
754 5599 806 5642 et
843 5593 1010 5641 Morel.
1041 5592 1088 5640 ἐν
1129 5588 1264 5651 ἀλείᾳ
1285 5587 1390 5642 τινί,
1415 5599 1538 5634 unus
1562 5585 1714 5651 θρόει-τ
1759 5584 1804 5630 ἐν
1825 5583 1960 5651 αῦλίᾳ
1997 5583 2102 5640 τινί,

439 5653 564 5704 alius
585 5655 632 5702 ἐν
655 5655 804 5716 αὐλίῳ
825 5655 930 5701 τινί.
977 5653 1093 5716 Mox
1127 5645 1322 5712 quidhm
1353 5661 1463 5695 mss.
1493 5653 1544 5696 el.
1576 5645 1638 5694 Sa
1651 5647 1728 5694 ιλιι.
1753 5645 2029 5708 κατέχειτε,
2053 5653 2106 5693 ιιι

439 5718 583 5782 Γεμιρ
605 5723 710 5782 mg!
726 5715 822 5782 piix
845 5715 1146 5782 ὑϐριστικῷς.
1207 5775 1216 5782 _
1509 5771 1536 5782 η
1703 5771 1722 5780 _

499 5777 525 5816 ι)
548 5771 676 5824 Sa'sil
723 5777 772 5826 in
791 5771 950 5824 ΐολιυ.
979 5777 1166 5822 κυκῶν⁸
1205 5775 1254 5823 in
1278 5784 1428 5832 marg.
1453 5771 1596 5818 πάλαι
1618 5771 1774 5818 νικῶν.

1267 259 1324 314 8.
1365 253 1648 313 JOANNIS
1687 247 2165 308 CHRYSOSTOMI
2207 243 2526 300 ARCHIEP.
2566 235 3114 297 CONSTANTINOP.

3757 219 3864 296 εει

2201 351 2506 424 διαφθοραὶ,
2537 355 2630 407 καὶ
2656 354 2840 407 οίκιῶν
2871 353 3192 426 ἀνατροπαὶ·
3239 355 3347 407 τῶν
3392 355 3499 424 γὰρ
3529 355 3706 424 φόνων
3739 357 3864 420 τοῦς

2203 443 2424 504 σκαιοὺς
2451 441 2685 512 τρόπους
2718 453 2739 480 ο
2767 445 2872 518 κοιλ.⁴
2895 442 2961 494 τά
2989 443 3094 494 τῶν
3135 443 3310 510 φόνων
3339 443 3654 514 ἀνομώτερα
3673 445 3862 496 δεῖπνα

2201 527 2400 602 ἀφίημι
2425 529 2538 581 νῦν’
2565 529 2848 600 ἁλλ’δμως
2885 529 3090 582 τούτων
3131 530 3228 600 μὲν
3267 529 3604 600 τελουμένων
3644 535 3863 603 πάρεισι

2202 616 2294 668 καὶ
2317 617 2715 684 εὐφραίνονται,
2743 617 2846 669 κᾶν
2881 617 3196 688 κακοῦργοι,
3229 617 3331 670 κᾶν
3367 621 3582 687 γόητες,
3624 619 3726 673 κᾶν
3765 621 3866 673 λοι·

2205 703 2296 772 μοι
2323 706 2369 756 οἱ
2401 703 2572 756 ταῦτα
2603 703 2880 766 τελοῦντες
2920 697 3040 756 ῶσν
3085 705 3283 774 μᾶλλον
3304 705 3360 758 δὲ
3387 707 3506 758 οὐδέ
3532 709 3668 759 εἰσιν
3689 708 3866 778 ἐτεροί

2202 807 2342 852 τινες
2389 791 2438 843 οἰ
2481 790 2653 842 ταῦτα
2701 789 3125 860 διακονούμενοι.
3181 791 3418 862 Σώφρων
3445 793 3555 864 γὰρ
3595 795 3734 864 ἀνὴρ
3775 796 3868 847 καὶ

2202 879 2448 948 ἐπιεικὴς
2465 879 2558 930 καὶ
2591 877 2785 948 σεμνὸς
2812 877 2910 930 οὐκ
2941 877 3004 931 ἀν
3021 879 3307 948 ἀνάσχοιτο
3339 880 3525 950 κώμου
3551 882 3644 933 καὶ
3675 883 3865 954 μέθης,

2201 965 2320 1018 ούδέ
2357 966 2508 1034 ῥῆμα
2529 964 2752 1036 αἰσχρὸν
2779 965 2900 1016 οὔτε
2927 966 3085 1029 αὐτὸς
3127 967 3394 1031 ἐκϐαλεῖν,
3425 968 3549 1022 οῦτε
3577 970 3766 1039 ἐτέρου
3785 988 3869 1021 τι-

2202 1047 2290 1109 νὸς
2324 1048 2546 1100 τοιαῦτα
2577 1047 3014 1118 ἀσχημονοῦντος
3047 1049 3298 1103 ἀκοῦσαι.
3329 1052 3518 1104 Καίτοι
3543 1069 3604 1119 γε
3629 1054 3796 1122 ἐχρῆν
3821 1055 3870 1104 εἰ

2202 1135 2300 1206 τῆς
2323 1135 2522 1206 ἀρετῆς
2549 1136 2866 1205 ἐπεμελεῖτο
2887 1137 2984 1206 τῆς
3005 1137 3369 1209 ἀνθρωπίνης,
3403 1141 3610 1209 καὶτῆς
3637 1141 3874 1203 εὐζωῖας

2203 1223 2310 1274 τῶν
2345 1223 2756 1293 προσκειμένων
2774 1224 2921 1294 αὐτῷ
2938 1225 3094 1293 λόγον
3133 1221 3241 1294 εἶχε
3271 1225 3492 1295 βραχὺν,
3516 1228 3681 1296 μηδὲν
3709 1227 3876 1279 πλέον

2207 1309 2322 1379 βίου
2377 1309 2559 1378 ζητεῖν
2613 1312 2836 1382 ἀρίστου
2879 1314 2972 1366 καὶ
3015 1313 3230 1382 τρόπων
3281 1313 3586 1384 ὀρθότητος,
3649 1315 3746 1368 καὶ
3773 1315 3876 1386 τὴν

2203 1399 2490 1468 ἀσχήμονα
2527 1401 2705 1452 πᾶσαν
2737 1400 2952 1470 ἐκείνην
2991 1401 3205 1468 ἀφεῖναι
3253 1401 3462 1470 θοίνην.
3503 1402 3640 1454 Ἀλλ’
3682 1402 3875 1472 ἐπειδὴ

2204 1486 2302 1554 τῆς
2338 1486 2444 1539 τῶν
2475 1487 2776 1558 ἀνθρώπων
2827 1487 3100 1551 ἀπωλείας
3141 1489 3322 1551 αὐτοῖς
3361 1489 3511 1540 οὐδὲν
3543 1490 3875 1561 προτιμότε-

2207 1589 2322 1641 ρον,
2347 1571 2558 1635 τούτοις
2577 1573 2668 1625 καὶ
2697 1574 2987 1643 τέρπονται
3005 1575 3098 1627 καὶ
3129 1573 3390 1644 τιμᾶσθαι
3422 1573 3689 1640 λέγουσιν,
3717 1576 3754 1628 ὃ.
3781 1577 3874 1628 τὸν

2207 1657 2320 1728 βίον
2339 1660 2663 1730 ἀνατρέπειν
2679 1661 2836 1714 εἴωθε
2853 1661 2942 1713 τὸν
2959 1661 3244 1732 ἡμέτερον,
3267 1661 3362 1713 καὶ
3379 1663 3552 1715 πάντα
3571 1664 3634 1714 ἐκ
3655 1662 3876 1732 βάθρων

2205 1747 2450 1816 ἀνασπᾷν
2481 1748 2548 1800 τὰ
2574 1748 2732 1804 καλά.

2277 1832 2428 1904 [559]
2451 1833 2530 1886 ιδ’.
2557 1834 2629 1886 Τὸ
2658 1835 2757 1905 μέν
2775 1831 2866 1888 οῦν
2891 1835 3102 1906 πρῶτον
3123 1834 3296 1888 ἐδόκει
3327 1838 3418 1890 καὶ
3431 1835 3582 1898 οὗτος
3611 1837 3698 1889 διὰ
3715 1837 3876 1890 τοῦτο

2208 1922 2390 1990 σιγᾷν,
2415 1921 2670 1991 ἠλέγχετο
2689 1923 2744 1974 δὲ
2775 1920 3001 1993 ὕστερον
3027 1925 3217 1996 ἰσχυρᾷ
3239 1926 3610 1995 πεπεδημένος
3633 1925 3874 1996 ἀνάγκῃ.

2221 2009 2276 2061 Ὀ
2303 2009 2412 2080 γάρ
2445 2009 2770 2077 ἀναγκάζων
2797 2012 2958 2078 φόϐος
2991 2012 3152 2064 αὑτὸν
3183 2013 3304 2065 ἀντὶ
3335 2013 3550 2082 χαλινοῦ
3581 2031 3726 2075 τινος
3757 2014 3880 2064 ἐπιε-

2209 2083 2460 2167 κείμένος
2487 2096 2692 2150 ἐκώλυε
2721 2101 2787 2168 τῇ
2823 2098 3040 2170 συνήθει
3084 2099 3320 2170 χρῆσθαι
3355 2100 3496 2152 κατά
3529 2101 3636 2152 τῶν
3663 2099 3882 2170 ἀνθρὼ-

2209 2204 2327 2238 πων
2357 2187 2562 2256 ἀπάτη.
2601 2186 2770 2240 Πόθεν
2799 2186 2954 2240 τοῦτο
2985 2187 3170 2256 δῆλον;
3213 2187 3373 2240 Ἀλλά
3403 2189 3475 2259 μὴ
3503 2187 3876 2258 θορυϐηθῆτε·

2209 2275 2346 2344 πρὸς
2373 2275 2482 2344 γὰρ
2519 2275 2686 2344 αὐτὴν
2721 2273 3007 2344 βαδιοῦμαι
3037 2275 3136 2346 τὴν
3169 2273 3462 2346 ἀπόδειξιν,
3495 2276 3612 2343 μεθ’
3646 2277 3712 2346 ἣν
3755 2277 3879 2328 οὐδὲ

2207 2365 2321 2426 τοῖς
2355 2362 2782 2432 μεμελετηκόσιν
2816 2343 3192 2432 ἀναισχυντεῖν
3222 2362 3434 2426 ἐξέσται
3475 2363 3630 2416 τοῦτο
3675 2367 3878 2428 ποιεῖν,

2209 2450 2268 2503 ού
2301 2449 2554 2521 περὶτῶν
2585 2449 2827 2502 παλαιῶν
2849 2451 3088 2514 ἐκείνων,
3117 2451 3175 2501 οὐ
3205 2453 3330 2522 περὶ
3361 2451 3458 2520 τῆς
3480 2451 3573 2503 τοῦ
3600 2453 3882 2524 μάρτυρος

2209 2537 2488 2606 δυνάμεως
2511 2577 2525 2599 ,
2578 2536 2638 2589 οὐ
2678 2537 2803 2607 περὶ
2847 2536 2947 2606 τῆς
2981 2535 3072 2588 τοῦ
3116 2536 3366 2606 δαίμονος
3400 2537 3701 2600 ἀσθενείας.
3740 2539 3884 2592 Οὐδὲ

2209 2624 2317 2695 γάρ
2343 2624 2534 2695 δέομαι
2563 2627 2888 2694 στοχασμοῖς
2913 2641 3022 2676 τισι
3057 2625 3151 2676 καὶ¹
3179 2626 3248 2677 δι’
3285 2625 3508 2678 εἰκότων
3535 2625 3690 2679 τοῦτο
3719 2627 3890 2696 ποιῆ-

2212 2729 2302 2764 σαι
2347 2711 2598 2783 φανερὸν,
2633 2712 2747 2766 ἀλλ’
2773 2712 2943 2783 αὐτὴν
2967 2713 3061 2764 τοῦ
3089 2712 3342 2782 δαίμονος
3373 2714 3472 2784 τὴν
3505 2714 3644 2784 ὑπὲρ
3670 2717 3888 2768 τούτων

2211 2799 2516 2871 παρέξομαι
2561 2800 2886 2870 μαρτυρίαν.
2940 2800 3108 2862 Αὐτὸς
3145 2801 3252 2871 γὰρ
3282 2802 3409 2870 ὑμῖν
3441 2803 3660 2874 καιρίαν
3707 2803 3888 2856 ἔδωκε

2209 2888 2306 2958 τὴν
2338 2889 2570 2959 πληγὴν,
2605 2887 2700 2940 καὶ
2727 2887 2824 2958 τὴν
2855 2887 3166 2958 παρρησίαν
3199 2889 3351 2958 ὑμῶν
3383 2891 3564 2942 πᾶσαν
3593 2890 3884 2960 ἐξέκοψεν.

2224 2977 2384 3030 Ἀλλὰ
2417 2976 2491 3048 μὴ
2533 2963 2999 3046 ὀργίζεσθεαύτῷ
3020 2994 3034 3007 ο
3071 2977 3130 3029 οὐ
3158 2976 3265 3047 γάρ
3293 2975 3434 3030 ἑκὼν
3462 2977 3528 3032 τά
3553 2977 3722 3031 αὐτοῦ
3749 2995 3890 3032 κατ-

2212 3059 2440 3128 έϐαλεν,
2483 3063 2620 3116 ἀλλά
2667 3063 3108 3132 ἀναγκαζόμενος
3155 3064 3258 3116 ὑπὸ
3305 3065 3550 3134 μείζονος
3593 3065 3888 3136 δυνάμεως

2209 3150 2367 3204 τοῦτο
2408 3150 2665 3220 ἔπραττε.
2697 3149 2819 3214 Πῶς
2843 3151 2898 3202 δέ
2927 3149 3084 3204 τοῦτο
3115 3152 3328 3218 γέγονε,
3357 3154 3450 3204 καὶ
3477 3153 3560 3215 τίς
3585 3155 3614 3206 ὁ
3641 3155 3888 3224 τρόπος;

2211 3239 2318 3292 Τοῦ
2369 3239 2630 3308 βασιλέως
2677 3238 3099 3308 τελευτησαντος
3139 3237 3232 3290 τοῦ
3279 3239 3368 3290 τὸν
3409 3240 3662 3312 μάρτυρα
3711 3257 3892 3310 μετα-

2213 3327 2460 3392 θέντοςά,
2489 3329 2578 3380 τὸν
2616 3327 2846 3394 ἀδελφὸν
2889 3326 2980 3380 τὸν
3005 3326 3213 3379 ἐκείνου
3251 3329 3572 3397 παρήγαγεν
3603 3330 3684 3391 είς
3711 3331 3890 3398 μέσον

2211 3415 2583 3486 διαδεξόμενον
2609 3414 2706 3484 τὴν
2745 3413 2917 3484 ἀρχὴν
2947 3415 2975 3466 ό
3005 3415 3098 3466 καὶ
3124 3415 3316 3484 ἐκείνῳ
3345 3417 3604 3487 πρότερον
3629 3415 3756 3478 δοὺς
3781 3417 3892 3486 τὴν

2213 3504 2405 3574 τιμήν
2439 3503 2534 3556 καὶ
2558 3502 2770 3572 δέχεται
2793 3502 2960 3572 χωρὶς
2994 3501 3086 3554 τοῦ
3109 3502 3436 3572 διαδήματος
3465 3505 3560 3574 τὴν
3597 3505 3888 3573 βασιλείαν

2213 3585 2366 3654 οὗτος
2388 3605 2400 3620 ·
2438 3589 2690 3644 τοσοῦτον
2719 3591 2826 3660 γὰρ
2848 3592 2942 3643 καὶ
2969 3591 3066 3659 τῆς
3107 3591 3201 3642 τοῦ
3243 3591 3470 3658 ἀδελφοῦ
3505 3591 3598 3644 τοῦ
3630 3593 3890 3647 τετελευ-

2214 3679 2442 3750 τηκότος
2471 3675 2717 3742 ἐξουσίας
2743 3677 2803 3730 τὸ
2847 3677 3042 3747 μέτρον
3069 3673 3153 3746 ἦν.
3185 3677 3322 3748 Γόης
3347 3678 3402 3732 δὲ
3427 3677 3501 3730 ὢν
3526 3679 3620 3732 καὶ
3655 3679 3886 3749 μιαρὸς,

2213 3767 2274 3820 τὸ
2319 3768 2417 3838 μὲν
2451 3767 2666 3838 πρῶτον
2703 3763 2774 3818 τά
2811 3763 2905 3818 τοῦ
2944 3765 3179 3836 Χριστοῦ
3215 3769 3429 3834 φρονεῖν
3469 3767 3812 3834 ὑπεκρίνατο
3833 3779 3884 3832 ο,

2213 3855 2301 3909 διά
2329 3855 2417 3908 τὸν
2443 3855 2541 3925 τὴν
2569 3852 2744 3925 ἀρχὴν
2771 3851 2918 3922 αὐτῷ
2947 3851 3216 3904 δεδωκότα
3238 3869 3251 3882 ’
3283 3852 3360 3914 ὡς
3385 3853 3440 3904 δὲ
3471 3854 3562 3906 καὶ
3609 3849 3767 3918 οὗτος
3791 3857 3886 3908 τὸν

2217 3945 2329 4014 βίον
2363 3942 2682 4014 μετήλλαξε,
2713 3941 2876 4012 ῥίψας
2903 3941 2962 3993 τὸ
2995 3943 3333 4012 προσωπεῖον
3363 3941 3570 4004 λοιπὸν,
3597 3947 3782 4014 γυμνῇ
3815 3947 3884 4015 τῇ

2215 4033 2446 4102 κεφαλῇ,
2479 4033 2544 4102 ἣν
2579 4031 2744 4084 πάλαι
2775 4030 2914 4100 ἔχων
2947 4029 3367 4099 δεισιδαιμονίαν
3389 4028 3648 4102 ἔκρυπτε,
3671 4032 3888 4100 ταύτην

2214 4125 2292 4184 εἰς
2348 4121 2509 4190 μέσον
2553 4118 2810 4188 ἐξήγαγε,
2861 4117 2954 4169 καὶ
3003 4119 3169 4170 πᾶσιν
3209 4117 3429 4187 ἐποίησε
3471 4118 3737 4188 φανεράν,
3786 4123 3892 4174 καὶ

2216 4201 2613 4280 προστάγματα
2657 4203 2931 4274 πανταχοῦ
2973 4205 3072 4273 τῆς
3117 4205 3443 4274 οἰκουμένης
3491 4207 3892 4278 κατεπέμπετο

2215 4299 2340 4360 τοὺς
2378 4297 2538 4358 ναοὺς
2573 4291 3024 4354 ἐπισκευάζεσθαι
3055 4290 3163 4344 τῶν
3195 4291 3449 4354 εἰδώλων,
3485 4295 3611 4355 τοὺς
3657 4293 3890 4364 βωμοὺς

2216 4381 2560 4444 ἀνίστασθαι,
2589 4379 2689 4443 τὰς
2717 4379 2954 4441 παλαιὰς
2992 4381 3104 4442 τοῖς
3125 4378 3375 4448 δαίμοσιν
3417 4381 3766 4435 ἀποδίδοσθαι
3811 4400 3895 4436 τι·

2219 4471 2345 4540 μὰς,
2367 4467 2664 4539 προσόδους
2693 4467 2873 4530 αὐτοῖς
2897 4467 3138 4534 γίνεσθαι
3171 4465 3368 4528 πολλὰς
3395 4467 3746 4537 πολλαχόθεν.
3763 4471 3894 4523 Ἑν-

2217 4557 2402 4610 τεῦθεν
2433 4555 2631 4626 μάγοι,
2667 4555 2760 4606 καὶ
2792 4555 3017 4624 γόητες,
3064 4553 3158 4606 καὶ
3193 4554 3445 4623 μάντεις,
3478 4555 3570 4607 καὶ
3601 4557 3898 4610 οἰωνοσκό-

2215 4663 2330 4708 ποι,
2359 4645 2452 4698 καὶ
2476 4643 2838 4713 μηναγύρται,
2857 4641 2952 4694 καὶ
2975 4641 3150 4711 πάσης
3174 4645 3510 4712 ἐργαστήρια
3541 4645 3900 4712 μαγγανείας

2215 4732 2476 4788 πάντοθεν
2517 4731 2624 4785 ἀπὸ
2654 4731 2753 4799 τῆς
2794 4728 3120 4798 οἰκουμένης
3143 4729 3490 4802 συνέτρεχον,
3519 4731 3614 4782 καὶ
3645 4727 3716 4800 ἦν
3751 4732 3906 4786 ἰδεῖν

2212 4823 2282 4875 τά
2315 4820 2564 4892 βασίλεια
2597 4815 2805 4888 ἀνδρῶν
2837 4816 3048 4886 ἀτίμων
3087 4817 3179 4869 καὶ
3211 4817 3466 4884 φυγάδων
3503 4817 3904 4888 πληρούμενα.

2217 4913 2280 4962 UE
2315 4911 2413 4980 μὲν
2441 4908 2552 4978 γὰρ
2586 4907 2690 4960 ὑπὸ
2715 4904 2810 4958 τοῦ
2851 4901 3010 4974 λιμοῦ
3052 4903 3217 4958 πάλαι
3246 4903 3706 4974 διαφθειρόμενοι,
3737 4909 3790 4959 οἱ
3839 4909 3910 4963 δὲ

2215 5001 2308 5052 ἐπὶ
2341 5001 2462 5060 ταῖς
2483 4995 2878 5067 φαρμακείαις,
2905 4993 3000 5046 καὶ
3027 4996 3148 5054 ταῖς
3171 4993 3532 5062 κακουργίαις
3559 4992 3824 5048 ἑάλωσαν
3851 4997 3910 5061 ί,

2213 5085 2562 5158 δεσμωτήριά
2603 5100 2662 5136 τε
2717 5081 3014 5146 οἰκοῦντες,
3070 5080 3162 5132 καὶ
3210 5079 3450 5149 μέταλλα
3497 5082 3910 5152 ἐργαζόμενος,

2213 5177 2361 5230 ἄλλοι
2417 5175 2472 5227 δὲ
2515 5175 2579 5238 ἐξ
2627 5169 3075 5240 ἐπιτηδευμάτων
3125 5169 3364 5238 αἰσχρῶν
3411 5169 3562 5239 μόλις
3589 5169 3914 5240 δυνάμενοι

2275 5395 2296 5424 ⁸
2327 5391 2499 5440 Morel.
2539 5397 2590 5437 el
2615 5389 2762 5436 Savil.
2793 5391 2839 5435 in
2878 5401 3029 5448 marg.
3055 5393 3351 5448 alquerunus
3371 5385 3522 5448 codex
3557 5400 3666 5438 τους
3689 5389 3932 5446 σκαιοὺς

2210 5457 2426 5518 τρόπους,
2453 5448 2680 5518 §av_i|._iu
2703 5457 2858 5518 _lexlu
2901 5446 3120 5518 alga-lips-
3141 5447 3250 5500 τοὺς
3289 5446 3476 5515 ηαινοὺς
3507 5451 3734 5508 τρόπους,
3771 5453 3936 5502 anus

2210 5507 2318 5572 τοὺς
2337 5507 2516 5568 κενούς.
2543 5512 2664 5560 Infra
2687 5511 2783 5558 duo
2803 5523 2914 5558 mss.
2941 5511 2998 5557 δι’
3023 5510 3216 5572 εἰκόνων
3243 5507 3402 5554 τοῦτο.

2275 5581 2298 5614 τί
2329 5579 2462 5624 l'nus
2481 5575 2580 5623 md.
2613 5571 3170 5636 μάρτυραγάναγαγόντος.

2279 5652 2300 5676 ο
2331 5639 2426 5686 Alii
2447 5629 2738 5698 ὑπεκρίνετο.
2767 5629 2888 5698 iql'ra
2911 5629 3011 5680 dub
3033 5647 3146 5698 m5}.
3182 5629 3464 5698 ἔὴνςιτινιλαιέιιν
3485 5629 3626 5698 ἔχων.

2285 5698 2302 5738 ί
2335 5699 2484 5746 Savil.
2525 5691 2720 5745 el'unus
2743 5695 2842 5750 ταῖς
2883 5693 3183 5756 κακουργίαις
3217 5692 3422 5746 ἁλόντες.
3453 5691 3576 5739 Infra
3599 5692 3690 5740 alii
3717 5693 3944 5756 ἀναπι-

2215 5765 2366 5816 νέντες
2389 5762 2583 5823 ἀτερόως,
2611 5759 2671 5806 ἐν.
2701 5757 2804 5806 Mos
2831 5755 2912 5804 alii
2933 5753 3240 5814 ἀνεπέμπετο.
3845 5753 3850 5760 ’
