2022 3103
97 163 157 191 553‘

136 229 182 256 15.
197 227 232 254 Et
244 227 351 262 quidem
368 226 493 262 Daphnes
514 226 683 262 pulchritudo
693 226 736 254 vel
758 226 896 263 segniores

95 274 133 301 ad
155 282 187 302 se
207 273 305 302 illicit:
328 278 429 308 martyr
453 280 516 299 vero
540 280 589 300 ceu
609 273 635 300 in
659 272 760 307 piscatu
782 272 897 306 quodam

97 320 209 349 sedens,
224 326 256 345 ac
274 318 484 353 ingredientibus
505 318 614 344 insidias
638 325 744 352 parans,
759 325 806 345 eos
827 317 896 345 inte-

98 368 150 393 rim
171 366 284 395 detinet,
299 366 358 392 illos
370 365 443 399 prius
456 364 581 391 decenter
593 364 711 397 allectos,
723 364 761 391 sic
776 364 896 396 remittit,

100 418 128 439 ut
141 418 231 438 amata
240 419 292 438 non
309 411 511 441 contumeliose.
524 410 571 437 sed
584 411 795 444 tetnpcrautcriu
808 415 897 444 poste-

100 467 162 485 rum
179 463 294 485 utantur.
310 457 453 490 Quiaeuim
463 465 494 484 ex
508 457 657 484 hominibus
667 457 839 491 aliisegnitie,
853 457 898 484 alii

101 503 279 530 stt-cularibus
300 504 372 529 curis
396 502 513 533 abducti,
536 502 631 529 nolunt
652 507 796 537 martyrum
808 502 898 529 thecas

101 550 190 582 adire,-
206 550 265 576 ideo
284 549 397 585 providit
422 549 491 575 Deus
505 553 533 575 ut
545 549 597 575 hoc
620 549 787 576 irretirentur
807 548 896 581 modo,

102 598 127 622 et
142 595 241 621 anima:
252 595 389 621 curatiOne
403 594 558 629 medelaque
570 594 776 622 fruerentur.Et
789 594 899 629 perinde

102 640 203 668 accidit
216 648 248 667 ac
259 640 280 667 si
296 641 354 675 quis
365 647 464 674 :egrum
488 640 661 675 congruentia
670 640 787 677 remedia
801 640 897 668 admit-

105 692 164 714 tere
180 687 314 713 nolentem
331 707 338 719 ,
354 686 526 720 pharmacum
542 686 611 712 dulci
625 686 794 713 condimento
817 687 900 713 obdu-

104 737 179 760 ctum
193 732 318 765 offerens,
334 733 478 768 deciperet:
493 733 537 760 Sic
550 733 628 767 igitur
641 733 765 767 paulatim
779 733 811 760 ad
827 734 899 760 sani-

107 783 189 805 tatem
202 779 314 811 reducti,
331 787 363 806 eo
376 780 542 813 perveniunt,
559 784 586 806 ut
598 787 649 806 uou
668 779 722 814 jam
737 779 840 807 delicite
855 787 899 806 so~

106 825 174 857 lum,
191 825 238 852 sed
252 826 331 852 etiam
343 826 426 852 sancti
441 826 600 853 desiderium
614 826 768 853 subnrbium
787 826 900 854 adeundi

106 871 214 898 occasio
228 871 261 897 sit
277 871 380 902 multis;
394 871 446 898 imo
458 880 520 898 vero
531 872 575 906 qui
587 871 760 899 modestiores
769 877 839 904 sunt,
852 871 903 900 hac

107 924 160 943 una
172 916 205 943 de
216 924 294 943 causa
310 916 355 943 illo
369 917 511 949 accedunt;
526 917 569 951 qui
585 917 610 943 in
626 917 720 944 minori
731 918 824 952 gradu,
835 918 902 944 utri-

107 969 192 995 usque
204 961 241 987 rei
251 968 329 987 cansa
338 970 345 992 ;
354 962 397 996 qui
409 970 471 988 vero
479 961 518 989 his
525 962 603 989 etiam
615 962 822 997 imperfectiores
830 967 902 998 sunt,

108 1008 142 1034 ob
155 1007 265 1033 delicias
285 1011 385 1033 tantum
399 1015 431 1033 eo
445 1008 592 1034 aseeudtmt
608 1017 613 1034 :
631 1015 690 1034 cum
707 1013 795 1035 autem
811 1016 843 1036 eo
857 1009 903 1035 ad-

108 1054 241 1084 venerint,
254 1053 354 1079 accitos
373 1057 474 1088 martyr
496 1061 555 1080 cum
576 1054 631 1080 suis
650 1054 735 1089 epulis
756 1055 901 1089 exceperit,

109 1099 207 1132 optima
223 1099 340 1125 munitos
364 1103 573 1132 armatura,non
598 1100 660 1126 sinit
679 1100 814 1135 quidpiam
840 1101 903 1128 mali

110 1144 162 1177 pati
179 1144 362 1179 :perindcque
385 1145 481 1172 mirum
508 1150 566 1178 est,
589 1147 695 1174 mollem
717 1152 744 1174 et
763 1147 902 1175 socordem

108 1190 223 1224 aliquem
245 1195 437 1224 temperantem
461 1191 588 1224 reddere,
614 1198 642 1219 et
663 1193 739 1227 quasi
760 1201 792 1221 ex
816 1194 902 1221 media

110 1234 210 1261 insania
224 1235 363 1268 reducere,
380 1241 407 1263 ut
419 1236 472 1264 illic
481 1237 607 1271 efﬁcitur,
622 1245 653 1265 ac
663 1239 684 1265 si
696 1240 755 1273 quis
771 1239 795 1266 in
817 1239 904 1266 forna-

109 1289 166 1309 cem
177 1282 289 1315 illapsus
300 1283 365 1309 nihil
379 1290 411 1309 ex
427 1283 487 1317 igne
498 1284 586 1310 damni
606 1287 749 1318 pateretur.
762 1285 827 1311 Nam
841 1285 902 1312 dum

107 1327 244 1361 juventus,
260 1328 383 1361 petulans
404 1328 524 1362 audacia,
539 1329 640 1363 vinum,
659 1331 768 1357 satietas
787 1331 904 1366 qualibet

108 1373 215 1400 ﬂamma
238 1374 425 1401 vehementius
448 1376 633 1410 cogitationem
657 1377 799 1410 invadunt,
821 1385 865 1405 res
888 1386 902 1405 a

110 1421 190 1447 beato
214 1421 273 1447 viro
295 1421 440 1454 immissus,
458 1430 507 1456 per
525 1423 616 1450 oculos
637 1423 663 1450 in
684 1424 768 1458 ipsam
789 1424 902 1452 descen-

107 1467 176 1493 dens
190 1466 319 1499 animam,
332 1466 466 1494 ﬂammam
486 1467 565 1502 sopit,
581 1468 733 1496 incendium
748 1470 901 1505 exstinguit,

108 1519 286 1547 magnamque
309 1513 435 1547 pietatem
452 1514 477 1540 in
490 1514 606 1541 animum
629 1516 747 1543 instillat.
760 1516 804 1543 Sic
825 1516 904 1551 igitur

107 1562 216 1584 sanctus
237 1558 281 1584 ille
301 1558 418 1585 lascivize
439 1559 605 1594 tyrannidem
628 1560 715 1587 solvit.
736 1561 794 1595 Quo
813 1566 901 1589 autem

109 1607 188 1637 pacto
201 1603 333 1630 daemonis
346 1608 502 1638 potestatem
517 1606 664 1633 exstinxit?
685 1607 773 1634 Primo
794 1608 901 1642 quidem

108 1653 165 1674 tum
179 1649 271 1676 sedem
286 1657 377 1677 eorum
394 1651 476 1684 illam,
498 1656 551 1679 tum
564 1651 659 1680 fabulae
672 1661 768 1680 noxam
782 1654 901 1682 inutilem

107 1694 234 1726 reddidit,
248 1695 396 1730 deindeque
407 1696 556 1724 dmmonem
572 1706 680 1732 prorsus
694 1700 789 1734 exegit.
802 1700 900 1728 Verum

106 1744 251 1773 antequam
264 1740 403 1774 ejectiouis
417 1742 524 1769 modum
537 1743 633 1775 dicam,
644 1744 707 1771 illud
722 1752 768 1772 vos
783 1746 903 1773 animad-

105 1789 214 1811 vertere
227 1793 302 1820 rogo,
317 1793 378 1813 eum
392 1787 492 1826 scilicet
512 1796 565 1815 non
585 1790 675 1816 statim
697 1795 776 1825 atque
795 1791 902 1819 advenit

105 1830 258 1858 daemonem
280 1832 430 1866 expulisse,
452 1833 499 1861 sed
519 1839 670 1863 manentem
696 1836 768 1863 illunt
792 1837 901 1872 agendis

104 1876 189 1903 rebus
205 1877 323 1911 ineptum
339 1878 497 1911 reddidisse,
513 1887 596 1914 osque
606 1880 644 1907 illi
659 1881 810 1916 obturasse,
826 1883 860 1910 ita
872 1887 901 1910 ut

106 1923 247 1957 plusquam
262 1923 362 1958 lapides
374 1930 474 1952 mutum
490 1926 575 1960 ipsum
591 1927 714 1955 redderet
730 1937 736 1954 :
750 1936 800 1956 nec
814 1930 901 1957 minus

106 1974 167 1996 erat
189 1975 339 1997 manentem
363 1978 501 2007 superare,
525 1981 603 2008 quam
624 1974 769 2008 expellere.
795 1976 834 2002 Ac
855 1976 900 2010 qui

107 2014 182 2048 prius
197 2022 291 2042 omnes
306 2016 402 2051 ubique
417 2018 539 2045 homines
561 2018 719 2054 decipiebat,
735 2027 768 2048 ne
782 2020 900 2048 cinerem

106 2060 215 2095 quidem
237 2061 305 2088 beati
330 2063 436 2098 Babyla:
462 2064 596 2098 respicere
616 2065 729 2093 audebat
744 2075 751 2093 :
766 2070 836 2093 tanta
859 2070 901 2093 est

105 2111 260 2134 sanetOrum
280 2113 416 2143 potestas,
441 2118 553 2144 quorum
574 2111 717 2138 viventium
738 2119 772 2139 ne
794 2112 900 2139 umbras

106 2153 215 2187 quidem
229 2161 314 2188 neque
334 2155 492 2182 vestimenta
517 2155 621 2190 ferunt,
643 2161 808 2184 mortuorum
836 2166 900 2186 vero

105 2205 200 2233 capsas
224 2203 349 2226 trennmt.
365 2200 455 2235 itaque
466 2202 488 2228 si
502 2202 561 2236 quis
581 2203 762 2237 apostolorum
776 2204 859 2238 gestis
869 2204 901 2231 ﬁ-

105 2242 167 2269 dem
184 2252 236 2270 non
254 2244 341 2277 habet,
358 2245 399 2272 his
419 2247 513 2274 saltem
536 2240 684 2283 conspectis
706 2250 898 2284 impudentiam

105 2289 214 2317 undem
236 2297 326 2325 ponat.
341 2291 406 2318 Nam
420 2293 463 2326 qui
476 2293 574 2326 omnia,
589 2302 647 2329 quae
660 2296 796 2329 gentilium
809 2301 897 2328 erant,

104 2336 168 2362 olim
192 2336 300 2367 vicerat,
315 2345 329 2363 a
344 2343 459 2373 martyre
481 2343 604 2373 tanquam
616 2340 649 2367 ab
662 2340 728 2368 hero
749 2341 899 2376 increpatns

106 2381 220 2407 intrandi
234 2381 315 2408 ﬁnem
332 2382 404 2414 fecit,
422 2391 470 2410 nec
482 2384 549 2411 ultra
572 2385 695 2419 loquutus
708 2390 758 2413 est.
775 2387 797 2413 A
814 2388 899 2421 primo

105 2426 212 2460 quidem
226 2427 374 2460 videbatur,
385 2429 455 2463 quod
472 2430 662 2457 sacriﬁciorum
685 2432 826 2466 cceterique
840 2433 898 2459 cul-

106 2477 148 2498 tns
171 2473 305 2507 partieeps
329 2482 380 2500 non
401 2479 482 2505 esset,
499 2475 524 2502 id
538 2475 636 2503 facere.
653 2477 700 2504 Hic
713 2478 784 2504 enim
799 2477 899 2505 diemo-

106 2525 167 2544 nnm
182 2525 241 2545 mos
253 2522 295 2545 est
310 2528 316 2545 :
332 2527 391 2547 cum
409 2520 530 2548 homines
544 2522 647 2555 nidore,
663 2523 735 2550 fumo
756 2522 899 2560 sanguine-

105 2570 156 2595 que
172 2564 243 2597 ipsos
254 2565 356 2597 colunt,
373 2570 497 2601 tanquam
511 2575 591 2595 canes
605 2570 766 2604 sanguinarii
780 2575 806 2597 et
820 2579 898 2598 vora-

104 2615 149 2635 ces
162 2608 294 2636 lambendi
311 2618 389 2637 causa
407 2612 517 2645 adsunt;
532 2621 591 2640 cum
608 2620 696 2641 antem
711 2623 803 2643 rursus
819 2624 898 2644 nemo

104 2654 248 2689 quidquam
274 2656 373 2690 pra'bct
395 2657 545 2691 hujusmodi
561 2680 567 2692 ,
592 2661 666 2695 quasi
686 2660 754 2688 fame
774 2668 895 2696 pereunt.

105 2700 170 2726 Dum
181 2701 309 2728 sacriﬁcia
320 2701 477 2735 offeruntur,
487 2704 550 2731 dum
565 2706 649 2740 turpia
660 2707 830 2735 celebrantur
841 2716 898 2744 my-

103 2747 201 2779 steria;
228 2748 291 2774 nihil
316 2749 386 2776 enim
409 2750 480 2777 aliud
503 2756 565 2779 sunt
589 2753 726 2787 gentilium
749 2757 893 2791 mysteria,

102 2800 181 2827 quam
201 2793 321 2822 obsceni
337 2803 452 2829 amores,
468 2804 608 2831 puerorum
623 2801 802 2835 contumelim,
816 2803 895 2831 adui-

103 2841 178 2874 teria,
193 2839 336 2869 domorum
357 2842 563 2872 subversiones:
584 2845 661 2873 mitto
685 2854 756 2876 nunc
779 2850 893 2879 cmdiuut

513 159 557 189 DE
576 157 605 189 S.
627 160 776 196 BABYLA,
794 161 929 191 CONTRA
949 161 1119 199 ,ιυιιᾼΝυιι
1140 164 1185 192 ΕΤ
1204 165 1377 197 GENTILES

1688 173 1738 202 55‘

950 218 1073 248 sinistros
1088 229 1176 250 mores
1188 223 1206 257 ‘,
1219 231 1249 251 ac
1262 225 1327 259 ipsis
1340 226 1456 254 caedibus
1471 228 1617 264 inlquiores
1629 239 1719 262 canas
1731 244 1738 261 :

949 263 1012 292 dum
1026 264 1093 300 inec,
1109 267 1226 302 inquam,
1248 270 1424 304 celebrantur,
1449 273 1545 302 adsunt
1556 281 1582 304 et
1596 276 1718 307 hetantur
1733 289 1739 307 :

949 311 1052 339 etiamsi
1067 313 1190 347 maleﬁci,
1207 315 1309 343 etiamsi
1333 318 1549 354 prmstigiatores,
1568 321 1670 351 etiamsi
1692 333 1740 360 pe-

949 362 1002 385 stes
1014 358 1076 392 sint,
1089 361 1131 394 qui
1146 361 1206 388 talia
1229 369 1357 397 peragunt
1376 366 1516 400 mysteria;
1531 369 1584 395 imo
1603 377 1667 398 vero
1688 358 1740 399 non

949 404 992 430 alii
1017 410 1079 431 sunt
1096 407 1140 440 qui
1164 406 1221 434 ha-c
1242 408 1438 437 administrant.
1464 411 1575 447 Sapiens
1595 416 1665 442 enim
1688 417 1738 450 vir,

949 450 1048 484 probus
1061 458 1141 487 atque
1155 455 1291 484 modestus
1304 465 1353 486 nec
1365 461 1583 489 comessationem
1596 470 1644 490 nec
1654 463 1741 492 ebrie-

950 500 1029 524 tatem
1044 498 1168 534 admittit,
1183 510 1232 529 nec
1246 504 1400 532 obscwnum
1414 507 1523 534 verbum
1534 510 1639 541 emittit,
1654 519 1739 546 neque

949 542 1029 568 alium
1044 544 1104 571 talia
1119 546 1295 579 proferentem
1308 550 1401 578 audire
1413 552 1479 579 vult.
1495 554 1573 588 Atqui
1585 542 1736 589 oportebat,

950 588 971 614 si
984 588 1018 616 de
1038 590 1173 618 hominum
1198 594 1294 622 virtute
1314 596 1447 625 sollicitus
1470 604 1551 633 esset,
1569 588 1632 628 etsi
1645 588 1740 637 sequa-

949 634 1019 661 cium
1034 642 1143 664 suorum
1166 638 1318 668 felicitatem
1336 643 1376 669 vel
1389 644 1519 671 tantillum
1540 651 1657 679 curaret,
1675 634 1740 675 nihil

950 682 1037 715 potius
1057 684 1201 717 requirere,
1225 695 1303 721 quant
1326 689 1406 716 vitam
1433 692 1562 725 optimam
1585 701 1742 730 morumque

952 727 1120 761 probitatem,
1135 734 1214 764 atque
1232 732 1289 759 illas
1303 741 1395 761 omnes
1416 737 1584 771 turpissimas
1607 739 1688 774 dapes
1699 749 1742 767 re-

951 772 1079 808 linquere.
1096 775 1148 802 Sed
1161 778 1220 810 quia
1238 778 1372 806 hominum
1385 782 1501 815 pernicie
1516 784 1580 810 nihil
1593 785 1656 819 ipsis
1667 794 1742 821 opta-

952 818 1004 846 tius
1017 824 1066 853 est,
1084 821 1115 848 iis
1135 822 1258 849 ltetautnr
1282 832 1393 859 seseque
1417 826 1541 855 honorari
1565 830 1666 863 dicunt,
1681 840 1741 866 qua:

952 866 1031 892 vitam
1045 871 1161 894 nostram
1185 870 1350 904 subvertere,
1366 873 1507 907 onntiaque
1531 874 1600 902 bona
1623 876 1741 905 funditus

952 912 1065 939 evellere
1077 914 1171 940 solent.

988 958 1031 984 Η.
1054 959 1157 986 Πιινιιιωι
1171 962 1221 987 sire
1233 964 1361 991 oraculum
1376 966 1501 1000 Apollinis
1514 972 1578 995 tacet
1593 970 1623 996 ob
1636 979 1742 1006 prwsen-

952 1003 1013 1029 tiam
1026 1003 1198 1039 Reliquiarum
1210 1007 1241 1035 S.
1251 1008 1364 1044 Bubylw.
1379 1011 1498 1040 Julianus
1513 1003 1741 1048 Apostata'cultum

952 1048 1056 1075 deorum
1069 1051 1200 1078 instaurat.
1209 1054 1342 1081 —Primo
1356 1057 1461 1091 quidem
1475 1059 1612 1087 videbatur
1622 1061 1665 1089 hic
1676 1071 1743 1097 quo-

952 1103 1004 1129 quc
1018 1095 1123 1124 dmmon
1138 1098 1198 1126 ideo
1216 1104 1320 1133 tacere;
1334 1104 1380 1129 sed
1397 1108 1425 1130 ut
1439 1109 1529 1138 postea
1544 1107 1630 1141 palam
1644 1095 1741 1136 factum

952 1145 994 1168 est
1005 1162 1011 1172 .
1027 1142 1140 1170 violenta
1151 1147 1308 1174 necessitate
1318 1150 1479 1183 pra-peditus
1489 1157 1545 1178 erat
1557 1161 1564 1179 :
1576 1157 1662 1180 metus
1672 1155 1742 1182 enim

953 1187 1095 1215 imminens
1109 1190 1191 1217 instar
1204 1191 1282 1224 freni,
1296 1201 1328 1220 ne
1342 1194 1419 1222 solita
1432 1202 1524 1223 contra
1539 1197 1660 1226 homines
1672 1199 1740 1227 frau-

952 1233 986 1260 de
1001 1240 1119 1262 utcretur
1131 1257 1138 1269 ,
1153 1236 1322 1272 impediebat.
1349 1240 1424 1268 Unde
1444 1242 1495 1269 hoe
1515 1244 1615 1278 liquet?
1639 1246 1690 1273 Sed
1710 1255 1742 1274 ne

956 1280 1113 1315 turbemini;
1132 1291 1192 1310 nam
1207 1284 1240 1311 ad
1257 1285 1281 1312 id
1296 1285 1530 1315 demonstrandum
1540 1297 1745 1325 propero,post-

953 1333 984 1352 ea
1004 1334 1069 1354 vero
1099 1335 1132 1355 ne
1146 1329 1177 1357 iis
1192 1330 1309 1364 quidem,
1326 1332 1369 1365 qui
1384 1332 1553 1367 impudenter
1566 1343 1644 1370 agere
1659 1338 1741 1364 medi-

953 1377 1043 1400 tantur
1054 1394 1062 1406 ,
1082 1374 1108 1401 id
1129 1375 1237 1409 licebit;
1254 1384 1307 1403 non
1325 1378 1394 1405 circa
1411 1384 1500 1406 vetera
1515 1381 1558 1408 illa
1573 1381 1599 1408 id
1616 1388 1742 1417 prtestare

952 1422 1091 1452 poterunt,
1107 1427 1159 1447 non
1179 1421 1250 1449 circa
1266 1424 1389 1459 martyris
1409 1430 1566 1458 potestatem
1580 1448 1586 1460 ,
1604 1435 1655 1454 uon
1672 1429 1742 1456 circa

951 1463 1101 1492 datmouum
1118 1466 1308 1495 inﬁrmitatem.
1326 1469 1382 1496 Non
1398 1470 1568 1505 eonjectnris,
1582 1480 1634 1500 non
1648 1474 1739 1501 vet-isi:

952 1510 1100 1539 militudine
1121 1512 1154 1539 ad
1177 1513 1203 1540 id
1225 1513 1461 1543 demonstrandum
1484 1525 1550 1552 opus
1573 1519 1676 1553 habeo,
1694 1521 1741 1547 sed

939 1555 1037 1590 ,ipsum
1051 1556 1179 1585 daemonis
1190 1565 1270 1593 super
1280 1559 1321 1587 his
1334 1561 1514 1589 testimonium
1525 1564 1668 1591 exhibebo.
1684 1565 1742 1600 ipse

937 1602 1022 1641 .enim
1037 1603 1160 1631 letbalem
1176 1605 1251 1632 vobis
1264 1606 1367 1641 plagam
1381 1607 1486 1642 inﬂixit,
1499 1614 1667 1646 vestramque
1685 1620 1740 1640 om-

938 1656 1012 1675 anem
1031 1649 1153 1677 ﬁduciam
1168 1652 1296 1685 pratcidit.
1314 1654 1346 1681 At
1368 1662 1415 1682 vos
1433 1663 1466 1682 ne
1482 1656 1519 1683 illi
1539 1659 1717 1686 succenseatis
1731 1665 1753 1683 ε’

952 1701 1004 1720 non
1019 1696 1089 1721 enim
1106 1701 1199 1730 sponte
1214 1705 1257 1724 res
1270 1705 1332 1725 suas
1348 1702 1498 1733 prostravit,
1513 1703 1559 1730 sed
1573 1704 1666 1738 majori
1681 1713 1744 1732 eoa"

950 1744 1008 1767 ctus
1021 1741 1118 1768 virtute
1130 1742 1155 1769 id
1166 1742 1262 1770 eiTeeit.
1278 1744 1305 1771 Id
1318 1753 1381 1773 vero
1390 1754 1443 1782 quo
1453 1748 1530 1775 modo
1542 1754 1566 1776 et
1578 1757 1629 1784 qua
1640 1752 1743 1778 ratione

950 1784 1048 1814 factum
1069 1787 1128 1814 est?
1151 1788 1255 1816 Mortuo
1277 1798 1309 1818 eo
1329 1791 1507 1827 lmperatore,
1529 1795 1572 1829 qui
1598 1801 1740 1832 martyrem

951 1833 1139 1866 transtulerat,
1155 1834 1263 1863 fratrem
1280 1836 1338 1871 ejus
1356 1838 1496 1873 imperium
1515 1846 1699 1876 suscepturum
1715 1844 1740 1870 in

949 1877 1066 1905 medium
1079 1879 1203 1913 produxit
1213 1882 1243 1914 is,
1256 1883 1301 1917 qui
1313 1883 1349 1910 illi
1360 1884 1428 1911 hunc
1437 1886 1563 1913 honorem
1576 1889 1738 1915 contulerat:

949 1925 1021 1959 atqui
1036 1925 1078 1952 hic
1092 1926 1150 1954 sine
1162 1927 1311 1956 diademate
1324 1930 1463 1965 imperium
1477 1933 1572 1967 accipit
1586 1942 1593 1960 :
1608 1941 1654 1968 par
1669 1935 1739 1962 enim

949 1975 1006 1998 erat.
1020 1971 1099 1998 etiam
1120 1972 1244 2001 defuncto
1266 1975 1340 2002 fratri
1360 1976 1497 2011 dignitatis
1515 1986 1648 2006 mensura.
1673 1980 1739 2007 Cum

948 2021 1035 2044 autem
1050 2017 1092 2045 hic
1106 2020 1283 2055 praestigiator
1297 2029 1328 2049 ac
1343 2023 1470 2050 scelestus
1485 2029 1565 2057 esset,
1581 2026 1666 2059 primo
1680 2027 1740 2061 qui-

948 2062 1009 2090 dent
1024 2064 1081 2098 ejus
1094 2065 1177 2099 gratia
1193 2068 1237 2100 qui
1258 2066 1306 2093 sibi
1325 2068 1497 2102 principatum
1514 2070 1624 2097 dederat
1635 2092 1642 2103 ,
1658 2070 1721 2098 Chri
1735 2087 1741 2093 -

948 2108 1063 2135 stianum
1084 2117 1113 2137 se
1132 2117 1191 2138 esse
1207 2111 1356 2145 simulavit;
1383 2114 1428 2140 illo
1451 2119 1539 2142 autem
1563 2116 1616 2143 vita
1638 2117 1737 2153 functo,

947 2153 1049 2189 abjeeta
1063 2155 1151 2188 larva,
1168 2157 1291 2191 perfrieta
1305 2157 1390 2186 fronte
1400 2180 1406 2191 ,
1423 2169 1503 2195 quarti
1519 2166 1597 2189 antea
1612 2163 1682 2191 intus
1697 2171 1738 2191 ce.

948 2200 1050 2229 laverat
1064 2204 1280 2238 superstitionem
1296 2206 1322 2232 in
1337 2207 1452 2234 medium
1469 2209 1623 2242 productam
1639 2212 1740 2239 nemini

947 2254 1000 2274 non
1014 2248 1179 2276 manifestam
1196 2249 1257 2277 fecit
1271 2259 1277 2277 :
1293 2256 1346 2278 tum
1361 2253 1483 2280 mandata
1498 2254 1593 2290 ubique
1608 2260 1739 2284 terrarum

947 2293 1128 2327 mittebantur,
1146 2300 1173 2322 ut
1188 2296 1318 2324 idolorum
1332 2299 1428 2332 templa
1445 2300 1668 2336 instaurarentur,
1686 2312 1741 2331 ara:

947 2339 1135 2373 excitarentur,
1144 2342 1246 2375 pristini
1254 2342 1419 2371 daemonibus
1428 2346 1542 2374 honores
1554 2348 1738 2383 redderentur,

947 2386 1021 2412 multi
1035 2385 1069 2412 ad
1084 2386 1144 2414 illos
1155 2395 1302 2416 concursus
1316 2390 1395 2417 variis
1405 2399 1437 2418 ex
1452 2392 1516 2420 locis
1532 2393 1624 2421 ﬁerent
1634 2396 1654 2422 ².
1671 2395 1738 2423 llinc

946 2432 1025 2465 magi,
1035 2433 1248 2468 praestigiatores,
1256 2440 1339 2468 vates,
1350 2438 1513 2473 haruspices,
1523 2443 1735 2479 meuagyrtm(a),

946 2486 1091 2513 omnesque
1103 2480 1295 2515 praestigiarum
1308 2483 1422 2512 ofﬁcinae
1437 2486 1551 2521 undique
1562 2496 1593 2515 ex
1608 2493 1663 2515 toto
1673 2491 1739 2518 orbe

946 2524 1158 2556 concurrebant;
1172 2526 1314 2562 Videreque
1324 2534 1381 2556 erat
1391 2531 1489 2565 regiam
1501 2532 1584 2567 ipsam
1598 2534 1739 2564 infamibus

946 2568 1114 2604 fugitivisque
1129 2570 1192 2598 viris
1207 2572 1340 2600 refertam.
1356 2575 1420 2602 Natu
1440 2578 1483 2611 qui
1504 2579 1573 2607 fame
1590 2581 1652 2608 olim
1669 2583 1739 2616 peri-

946 2614 1008 2641 bant
1020 2636 1027 2646 ,
1042 2616 1085 2650 qui
1102 2616 1126 2643 in
1146 2618 1284 2646 maleﬁciis
1298 2622 1487 2658 veneﬁciisque
1501 2625 1660 2661 deprehensi
1672 2650 1678 2658 .
1694 2631 1748 2664 qui‘

946 2661 1045 2687 carceri
1065 2664 1227 2699 mancipati,
1244 2666 1288 2700 qui
1304 2667 1336 2694 ad
1355 2669 1461 2697 metalla
1481 2671 1597 2699 damnati
1614 2674 1737 2707 fuerant;

945 2706 987 2733 alii
998 2714 1102 2742 quoque
1113 2710 1156 2744 qui
1167 2710 1281 2739 sordidis
1291 2713 1392 2742 artibus
1403 2717 1500 2743 victum
1511 2726 1604 2752 parare
1615 2720 1656 2745 vix
1668 2726 1739 2755 pote-

977 2772 986 2811 :
1003 2773 1073 2811 gavil.
1087 2774 1111 2799 in
1124 2779 1193 2811 textu
1206 2778 1312 2811 etalirus,
1326 2781 1429 2807 cazrlinm
1441 2789 1519 2808 mores
1529 2783 1644 2811 insolitos.

976 2804 987 2841 ξ
1003 2806 1073 2841 forte
1083 2805 1177 2837 melius,
1190 2808 1261 2833 multi
1272 2804 1320 2835 illis
1329 2804 1637 2841 prditi-niui"iribniéiinﬁéi

977 2833 1176 2880 @mmneﬁqagjjtaé
1188 2833 1637 2880 grainadtingat;'mghgiiag‘iixiti
1647 2856 1743 2880 magna

1045 2866 1174 2898 cogebant.
1189 2874 1221 2894 De
1233 2866 1743 2912 quibusplﬁrdidiitilldiiion—e“
