2022 3103
277 157 326 185 555

278 229 346 256 rant,
357 224 508 252 sacerdotes
522 228 547 251 et
560 224 627 251 sacri
643 230 716 252 vates
731 224 819 252 statim
834 225 921 252 effecti
936 233 1031 261 magno
1044 226 1069 252 in

278 270 378 298 honore
387 275 471 297 erant.
486 270 519 297 Et
530 269 677 304 Imperator
689 270 795 305 quidem
805 270 885 297 duces
894 278 924 298 ac
933 272 1071 305 puniet-tos

277 317 374 343 missos
384 315 505 345 faciebat.
513 314 632 350 nihilque
643 315 765 348 ducebat,
772 316 887 342 amasios
894 321 981 343 autem
988 317 1069 348 viros,

276 361 484 395 toeretriccsque
494 368 509 387 e
521 360 664 387 fornicibus
677 361 719 387 ubi
734 361 888 395 prostabant
898 361 1018 393 eductas,
1028 370 1070 388 se-

276 414 336 433 cum
348 414 395 440 per
406 406 497 433 urbem
510 410 590 433 totam
600 410 627 433 et
646 406 748 433 victtlos
769 406 984 433 circuntduccbat
995 415 1001 438 ;
1019 406 1069 432 im-

277 453 425 487 pcratorius
437 457 526 479 autem
541 460 636 487 equus,
652 457 679 480 el
694 452 845 486 prmtoriani
860 460 952 479 omnes
965 460 979 479 a
996 457 1070 486 tergo

276 498 365 532 procul
381 498 575 532 sequebantur;
586 498 695 525 lenones
706 503 733 524 et
744 498 811 525 lena:
823 503 945 533 totusque
956 498 1070 524 amasio-

275 551 334 570 rutn
341 548 426 570 cretus
433 544 621 578 lmperatoretn
628 545 654 571 in
662 545 749 572 medio
756 546 868 579 positum
875 545 1070 572 circumdantes

276 597 323 623 per
338 589 425 616 forum
437 589 619 622 ambulabant,
638 590 697 616 talia
710 590 790 617 verba
802 590 943 624 jactantcs,
953 590 1020 617 tales
1029 598 1069 617 ca-

278 635 388 662 chinnos
395 635 571 668 elfundentes,
579 636 670 670 quales
680 643 726 670 par
734 640 790 662 erat
797 635 947 671 bujusutodi
955 635 1069 663 officina:

277 680 409 709 homines.
421 681 525 709 Scimus
535 689 615 717 porro
625 682 680 708 hzec
692 686 814 716 posteros
823 682 986 709 incredibilia
996 688 1066 716 puta-

276 731 350 754 turos
359 735 429 759 essc,
440 727 475 754 ob
484 727 654 754 absurditatis
664 727 872 762 magnitudinem
883 736 889 754 :
901 735 986 762 neque
997 728 1067 755 enim

276 772 317 799 vel
335 772 451 806 privatus
468 772 547 799 homo
561 780 593 799 ex
613 773 643 798 iis
658 773 701 806 qui
718 772 793 798 vilem
815 777 971 807 torpentque
987 773 1067 799 vitam

272 818 417 849 duxerunt,
430 822 482 844 tam
495 818 619 845 indecore
632 818 716 852 palam
729 826 807 853 agere
819 819 890 844 velit.
903 818 954 845 Sed
967 819 999 846 ad
1010 827 1066 851 eos,

273 864 315 897 qui
332 864 476 890 etiamnum
490 864 648 898 superstites
663 869 740 893 sunt.
755 865 826 891 nulla
843 873 908 898 opus
924 866 1044 892 oratione
1059 874 1065 893 :

273 917 333 935 nam
348 910 392 944 qui
410 915 555 944 pra'sentcs
575 910 634 936 talia
651 909 792 942 viderunt,
808 912 864 937 luce
883 911 937 944 jam
953 911 1067 938 audituri

272 961 344 982 sunt.
367 955 429 982 Ideo
441 956 511 982 enim
527 956 593 982 vivis
606 956 751 983 etiamnum
767 956 877 983 testilms
893 957 948 982 ha-c
963 957 1066 988 scribo,

274 1010 307 1029 ne
322 1002 380 1036 quis
403 1010 445 1029 me
465 1007 556 1029 vetera
576 1002 696 1036 quaedam
717 1002 899 1035 ignorantibus
915 1008 1066 1029 narrantem

273 1056 367 1082 magna
381 1048 487 1075 licentia
503 1048 608 1076 mentiri
622 1048 765 1075 existimeL
789 1049 826 1075 Ex
844 1049 875 1075 iis
893 1049 963 1076 enim
977 1050 1020 1084 qui
1034 1057 1065 1077 ea

273 1094 395 1120 viderunt
414 1098 441 1121 et
461 1102 540 1121 senes
558 1099 585 1121 et
597 1094 709 1128 juvenes
721 1094 807 1121 adlutc
823 1099 983 1128 supersunt,
999 1102 1066 1129 quos

273 1147 337 1174 rogo
352 1147 455 1172 omnes.
471 1144 499 1166 ut
514 1140 535 1166 si
549 1139 610 1174 quid
624 1147 638 1166 a
653 1147 695 1166 me
708 1140 825 1166 additum
840 1139 927 1173 fuerit,
939 1140 1067 1167 accedant

273 1193 367 1221 tneque
382 1185 543 1220 redarguunt
557 1195 563 1212 :
579 1186 627 1213 sed
643 1186 712 1220 quod
728 1186 826 1220 aliquid
840 1186 986 1214 addiderim
998 1208 1005 1220 ,
1023 1195 1066 1215 me

271 1239 384 1266 arguere
400 1239 452 1258 non
474 1236 601 1266 possunt;
616 1232 686 1266 quod
702 1232 854 1264 omiseritn,
869 1238 979 1267 possunt
994 1243 1000 1260 2
1016 1242 1065 1260 ne-

271 1285 323 1312 que
336 1277 406 1304 enim
420 1277 588 1313 turpitudinis
599 1285 724 1305 excessus
739 1282 826 1312 potest
836 1279 956 1306 oratione
966 1287 1066 1313 reprw-

271 1324 380 1351 scrutari.
402 1323 520 1352 Posteris
542 1330 605 1350 vero
626 1331 679 1350 non
699 1323 839 1350 credituris
859 1323 910 1351 hoc
930 1324 1063 1358 dixerim,

271 1370 419 1398 dwmonem
437 1370 508 1397 illum
527 1369 596 1404 apud
612 1377 660 1396 vos
671 1390 678 1402 ,
692 1377 772 1404 quem
791 1370 921 1397 Venerem
941 1370 1041 1397 vocatis
1055 1391 1062 1403 ,

271 1424 323 1442 non
339 1416 438 1450 pudere
454 1415 549 1442 talibus
564 1416 600 1442 uti
616 1416 754 1443 ministris.
770 1415 841 1442 Nihil
859 1416 948 1450 itaque
968 1417 1062 1443 mirum

271 1466 313 1488 est
327 1462 350 1487 si
364 1462 445 1488 miser
455 1461 499 1488 ille
509 1482 515 1492 ,
530 1462 573 1495 qui
587 1461 737 1488 dmmonum
750 1461 866 1488 ludibrio
880 1469 939 1489 sese
955 1470 1064 1496 prorsus

269 1507 410 1534 addixerat
423 1527 429 1538 ,
442 1514 493 1533 non
513 1506 612 1540 ptnlore
626 1507 779 1533 alliceretur
792 1506 824 1533 de
835 1506 931 1540 quibus
944 1507 992 1541 ipsi
1008 1507 1061 1539 dii,

270 1560 336 1587 quos
345 1552 401 1587 ipse
412 1552 522 1584 coleret,
533 1551 721 1587 gloriabantur.
734 1552 792 1579 Iam
803 1553 862 1586 quis
871 1557 1010 1580 recenseat
1021 1561 1062 1579 ne

269 1599 429 1625 cromantias
437 1605 631 1632 puerorumque
637 1598 724 1625 ca-des
731 1598 741 1624 f
749 1598 812 1625 ch
817 1598 914 1633 quippe
922 1600 1061 1632 sacrificia,

270 1652 329 1679 qua:
340 1649 401 1671 ante
408 1644 505 1671 Christi
514 1643 656 1670 adventum
667 1644 788 1671 homines
802 1644 899 1671 offerre
913 1644 969 1671 ausi
983 1649 1061 1676 sunt,

270 1696 382 1725 postque
400 1690 457 1724 ejus
474 1689 616 1718 adventum
632 1695 824 1723 cessaverunt,
840 1698 947 1717 rursum
966 1691 1063 1718 instau-

271 1744 330 1763 rare
343 1743 483 1770 aggressus
496 1741 552 1768 cst,
566 1744 617 1763 non
630 1735 738 1770 quidem
752 1736 838 1770 palam
853 1744 859 1762 :
872 1736 976 1763 etiamsi
990 1737 1060 1763 enim

270 1783 415 1817 Imperator
422 1787 492 1809 esSel
501 1787 527 1809 ct
536 1782 663 1809 arbitratu
674 1789 722 1809 suo
731 1781 819 1809 omnia
829 1781 937 1813 faceret,
944 1786 1061 1809 attamen

269 1828 394 1855 facinoris
414 1829 535 1863 impietas
551 1828 755 1862 immanitasque
775 1827 833 1861 ejus
847 1827 984 1862 potestatis
1002 1835 1061 1854 ma-

267 1873 432 1908 gnitudinem
447 1874 598 1908 superabat.
615 1873 678 1899 Illud
694 1878 780 1899 tamen
796 1873 883 1899 facere
894 1873 950 1899 ausi
967 1877 1038 1899 sunt.

304 1919 347 1946 15.
370 1918 527 1953 Responsum
550 1919 671 1945 dtrmom's
690 1917 835 1945 ridiculum.
858 1933 892 1937 -
913 1918 960 1945 llic
982 1918 1061 1953 igitur

270 1965 419 1999 Imperator
442 1965 568 1999 Daphnen
592 1964 743 1999 frequenter
762 1972 821 1991 cum
837 1964 927 1991 tnultis
941 1964 1060 1992 donariis

267 2010 413 2037 ascendens
424 2031 431 2043 ,
447 2011 566 2045 plurimis
586 2010 681 2037 oblatis
703 2010 840 2038 sacriciis
851 2030 858 2042 ,
875 2015 1059 2046 torrentesque

267 2057 403 2091 sanguinis
412 2065 443 2083 ex
456 2057 585 2091 pecudum
597 2057 757 2083 mactatione
769 2056 878 2087 faciens.
889 2057 1059 2084 vehementer

270 2103 383 2129 instabat
397 2103 532 2129 oraculum
548 2111 561 2129 a
577 2103 698 2130 dat-mone
710 2110 842 2137 qttwrcns,
859 2110 1006 2137 rogansque
1017 2111 1059 2130 rc-

268 2148 329 2176 ferri
341 2150 410 2176 circa
421 2157 462 2181 ea,
474 2158 533 2184 qum
546 2150 570 2176 in
583 2154 671 2176 tncntc
680 2149 811 2176 versabat.
822 2150 856 2176 At
868 2154 993 2176 strenuus
1003 2149 1056 2182 ille,

328 2206 368 2234 Qui
378 2212 460 2229 arente
472 2212 599 2229 numerum
611 2206 677 2229 novit
687 2211 874 2236 mensuramque
883 2205 965 2234 maris,

329 2239 356 2261 Et
371 2237 471 2260 surdum
483 2236 607 2267 intelligit.
621 2240 647 2260 et
658 2240 750 2260 mutum
766 2235 840 2264 audit,

269 2294 298 2316 ut
317 2289 374 2324 ipse
395 2289 451 2320 ait,
469 2288 553 2314 noluit
565 2288 671 2322 quidem
686 2292 777 2322 aperte
793 2287 932 2322 palamque
947 2287 1036 2314 dicere
1048 2308 1056 2319 ,

266 2344 296 2364 se
309 2337 344 2363 ob
359 2336 464 2364 beatum
481 2335 605 2370 Babylam
616 2355 623 2366 ,
640 2334 807 2368 vicinumque
824 2334 895 2360 illam
911 2334 1035 2361 virtutem
1048 2354 1056 2366 ,

267 2382 403 2409 obstructo
420 2388 479 2408 esse
493 2388 540 2407 ore
552 2401 559 2413 ,
576 2387 606 2406 ac
625 2379 696 2414 loqui
719 2387 771 2406 non
795 2386 872 2413 posse
885 2400 891 2411 ,
907 2379 1006 2406 veritus
1025 2388 1057 2406 ne

267 2428 412 2455 cultoribus
426 2428 481 2455 suis
495 2427 576 2454 risum
592 2430 710 2453 moveret
724 2446 730 2457 ,
745 2433 795 2452 neu
812 2425 896 2452 victus
909 2425 993 2459 palam
1009 2425 1057 2452 dc-

263 2474 496 2511 prebendcrctur,
521 2481 628 2500 causam
653 2471 750 2501 silentii
773 2470 878 2506 aperuit
899 2471 975 2498 :imo
997 2478 1057 2498 sese

262 2519 350 2553 magis
364 2519 515 2551 ridiculum,
532 2526 610 2552 quam
624 2518 709 2552 ipsum
724 2517 873 2547 silentium.
889 2516 1033 2544 declaravit
1048 2526 1055 2543 :

267 2572 326 2591 nam
346 2564 453 2591 silentio
469 2564 576 2598 quidem
599 2563 779 2591 infirmitatem
802 2567 901 2589 tantum
918 2570 992 2590 suam
1008 2562 1057 2589 dc-

265 2609 444 2640 ntonstrabat.
461 2613 516 2636 tum
531 2617 595 2636 vero
610 2608 790 2635 inlirmilatem
805 2608 902 2641 simul,
919 2608 1056 2642 turpitudi-

265 2664 325 2683 nem
336 2655 560 2690 etimpudeutiam
572 2663 626 2689 prae
638 2662 666 2682 sc
680 2654 790 2687 ferebat,
800 2654 862 2681 dum
871 2662 901 2681 ea
911 2654 1053 2687 occultare,

265 2712 324 2738 quas
334 2702 460 2731 occultari
472 2710 524 2729 non
536 2705 667 2736 poterant,
679 2705 829 2728 conaretur.
839 2699 964 2733 Quamam
977 2700 1057 2734 igitur

265 2748 322 2775 haec
341 2748 437 2776 silentii
453 2746 553 2774 causa?
569 2746 677 2781 Daplme
690 2765 697 2778 ,
715 2745 817 2780 inquit,
833 2745 905 2771 locus
921 2749 962 2774 est
976 2745 1056 2771 cada-

266 2793 372 2821 veribus
387 2793 479 2828 plenus
493 2814 500 2826 ,
516 2792 594 2827 idque
615 2791 752 2818 oraculum
769 2790 887 2825 impedit.
912 2791 946 2817 At
958 2795 1057 2825 quanto

265 2839 359 2865 melius
385 2838 488 2871 fuisset,
509 2838 608 2870 miser,
625 2836 750 2872 martyris
768 2836 892 2863 virtutem
912 2836 1033 2863 conliteri
1047 2857 1055 2870 ,

265 2892 343 2918 quam
364 2885 420 2911 haec
440 2884 607 2918 impudenter
622 2883 787 2917 praztexerc'!
811 2882 873 2910 Ilrcc
893 2882 996 2910 daemon
1012 2891 1056 2911 re-

668 158 694 185 S,
715 158 853 202 JOANNIS
871 157 1107 186 CIIBYSOSTOMI
1128 161 1287 189 ARCHIEP.
1308 160 1575 190 CONSTANTINOP.

1869 165 1921 194 556

1126 219 1249 252 spondit.
1265 218 1360 246 stultus
1375 224 1463 247 autem
1478 220 1626 255 Imperator
1636 242 1644 254 ,
1656 223 1732 257 quasi
1746 224 1772 251 in
1785 231 1864 252 scena
1881 225 1917 252 lu-

1125 265 1192 292 dens
1213 265 1380 300 fabulamque
1399 274 1480 301 agens
1492 287 1500 300 ,
1515 267 1547 294 ad
1562 267 1668 295 beatum
1684 269 1772 296 statim
1793 270 1919 306 Babylam

1124 312 1247 338 accessit.
1262 312 1352 345 Atqui,
1395 313 1516 339 scelerati
1531 321 1563 340 ac
1575 314 1793 349 sceleratissimi,
1808 317 1857 343 nisi
1873 325 1919 344 vos

1125 360 1216 383 mutuo
1229 363 1376 392 spontequc
1389 357 1549 392 deeiperetis
1561 363 1588 386 et
1600 359 1632 386 ad
1645 360 1759 387 aliorum
1773 362 1918 395 perniciem

1124 402 1293 429 simulatione
1311 403 1451 429 uteremini
1463 424 1472 436 ,
1487 411 1569 438 quare
1584 408 1611 431 tu
1627 404 1856 433 iudiscriminatim
1873 415 1919 434 ca-

1123 447 1220 474 davera
1231 455 1374 480 memoras,
1385 452 1412 475 tu
1424 456 1498 480 vero,
1507 449 1582 483 quasi
1594 450 1749 477 nominatim
1759 455 1786 478 ct
1794 451 1919 479 distincte

1123 494 1252 527 audisses,
1265 494 1365 521 relictis
1378 495 1436 521 aliis
1448 501 1569 522 sanctum
1582 496 1668 523 soluto
1680 498 1819 526 removcs?
1832 498 1918 533 Opor-

1124 539 1194 567 tebat
1217 540 1288 567 enim
1316 541 1462 567 secundum
1485 540 1615 568 daemonis
1632 543 1791 570 sententiam
1823 551 1918 570 omnes

1123 585 1148 612 in
1171 586 1281 620 Daphne
1302 586 1425 619 tumulos,
1441 586 1577 620 effodere,
1592 591 1619 614 et
1642 588 1795 615 tcrriculum
1818 589 1882 616 illud
1902 598 1917 617 a

1122 630 1232 658 deorum
1248 636 1355 665 aspectu
1369 639 1449 666 quam
1464 632 1618 667 longissime
1639 641 1787 662 removere.
1813 636 1847 662 At
1862 644 1917 662 non

1121 677 1155 705 de
1168 677 1291 705 omnibus
1301 698 1308 710 ,
1323 678 1426 713 inquies
1436 699 1443 709 .
1459 679 1632 706 cadaveribus
1648 682 1773 714 loquutus
1786 685 1837 708 est.
1861 681 1917 709 Cur

1121 732 1184 758 ergo
1200 724 1224 750 id
1241 732 1293 750 non
1307 725 1442 759 professus
1456 729 1496 752 est
1511 725 1582 752 clare
1593 726 1604 751 ?
1617 726 1687 752 Sane
1702 726 1747 752 tibi
1762 726 1829 754 hanc
1840 736 1916 754 erro-

1122 770 1159 797 ris
1181 770 1295 798 fabulam
1312 772 1399 806 agenti
1415 772 1464 799 hoc
1477 773 1588 807 aenigma
1602 773 1717 806 reliquit.
1738 774 1795 808 Ego
1807 795 1814 805 ,
1830 776 1917 809 inquit

1120 816 1235 847 d.rmon,
1249 816 1379 844 cadavera
1393 817 1453 845 dico
1464 826 1522 849 ._ne
1537 826 1580 845 me
1594 818 1693 846 victum
1707 825 1797 854 aperte
1810 822 1913 852 fatear,

1120 866 1147 889 ct
1161 863 1276 897 alioquin
1299 863 1379 890 timeo
1396 870 1514 891 Sanctum
1538 866 1692 892 nominatim
1718 866 1798 900 profel
1807 875 1837 894 re
1856 875 1864 894 :
1888 873 1915 894 tu

1120 907 1189 941 quod
1203 908 1300 934 dictum
1315 913 1355 935 est
1369 909 1485 944 intellige
1496 930 1504 942 ,
1520 914 1545 937 et
1558 915 1677 937 sanctum
1693 912 1776 938 solum
1789 920 1885 940 amove
1906 922 1913 940 :

1121 953 1164 980 illc
1179 954 1276 988 quippe
1290 961 1320 981 os
1333 954 1408 982 nobis
1422 955 1567 982 obstruxit.
1592 956 1703 983 Tantam
1720 966 1814 992 nempe
1827 959 1915 988 culto-

1119 1007 1177 1026 rum
1201 1007 1309 1026 suorum
1330 999 1490 1027 dementiam
1512 1003 1637 1035 agnovit.
1663 1008 1691 1028 ut
1716 1008 1768 1030 tam
1791 1011 1913 1038 apertan

1119 1044 1237 1072 fraudem
1261 1045 1401 1072 advertere
1425 1053 1477 1072 non
1502 1051 1611 1080 possent
1627 1056 1634 1074 :
1651 1048 1701 1074 etsi
1724 1049 1794 1075 enim
1817 1058 1913 1078 ontnt's

1119 1095 1208 1118 mente
1228 1091 1297 1125 capti
1316 1091 1456 1126 insanique
1475 1096 1565 1119 essent
1577 1113 1584 1125 ,
1600 1100 1633 1120 ne
1648 1094 1687 1121 sic
1705 1095 1812 1129 quidem
1828 1096 1914 1124 cladis

1117 1143 1173 1163 sua:
1189 1136 1311 1163 notitiam
1331 1136 1456 1172 obtegere
1476 1142 1598 1171 poterant
1612 1147 1618 1164 :
1634 1139 1670 1165 ita
1688 1147 1784 1174 nempe
1799 1140 1871 1167 clara
1886 1146 1914 1169 et

1117 1187 1207 1216 aperta
1220 1183 1343 1210 omnibus
1358 1188 1425 1211 erat.
1448 1183 1514 1211 Nam
1529 1185 1550 1211 si
1566 1184 1666 1219 polluta
1681 1186 1800 1220 qutedam
1820 1192 1846 1214 et
1862 1195 1894 1214 ex
1904 1204 1912 1207 -

1117 1229 1243 1255 secranda
1253 1236 1297 1256 res
1306 1234 1379 1262 sunt,
1388 1235 1417 1256 ut
1427 1230 1500 1260 dicis,
1516 1231 1652 1258 hominum
1663 1232 1801 1265 cadavera,
1811 1239 1912 1268 quanto

1118 1275 1200 1309 magis
1216 1275 1365 1308 brutorum,
1381 1280 1455 1303 tanto
1470 1277 1571 1304 scilicet
1585 1282 1683 1311 quanto
1698 1278 1748 1305 hoc
1764 1287 1849 1313 genus
1864 1281 1911 1307 illo

1118 1321 1194 1347 vilius
1207 1325 1248 1348 est
1265 1330 1272 1347 :
1288 1321 1370 1348 multa
1387 1330 1452 1349 vero
1469 1329 1564 1349 canum
1576 1344 1583 1354 ,
1600 1323 1736 1351 simiarum
1749 1345 1756 1356 ,
1771 1325 1910 1353 asinorum

1116 1367 1242 1394 cadavera
1258 1367 1379 1402 proxime
1392 1368 1518 1403 templum
1533 1368 1638 1396 defossa
1652 1374 1732 1401 sunt,
1746 1378 1805 1405 qua!
1819 1372 1911 1405 potius

1117 1418 1297 1441 lransmovere
1316 1414 1473 1448 oportebat,
1488 1414 1537 1441 nisi
1556 1414 1668 1442 fortasse
1683 1415 1805 1443 homines
1820 1417 1910 1445 simiis

1115 1466 1209 1486 censes
1219 1466 1279 1486 esse
1292 1459 1408 1486 viliores.
1425 1459 1474 1487 libi
1490 1467 1560 1487 nunc
1574 1465 1646 1493 sunt,
1661 1461 1703 1495 qui
1718 1462 1857 1495 pulchrum
1875 1463 1909 1490 il-

1116 1504 1160 1531 Iud
1173 1504 1220 1532 Dei
1233 1504 1376 1539 opificium,
1393 1504 1426 1532 ad
1442 1505 1616 1533 ministerium
1630 1511 1750 1533 nostrum
1765 1513 1885 1535 creatum
1899 1530 1908 1540 ,

1115 1558 1211 1585 nempe
1221 1551 1315 1583 solem,
1324 1550 1482 1578 contumelia
1494 1550 1611 1578 afficiunt
1623 1572 1630 1583 ,
1643 1556 1669 1579 et
1678 1552 1792 1579 datmoni
1804 1559 1907 1580 astrum

1117 1596 1180 1624 illud
1195 1597 1358 1628 adscribunt,
1373 1602 1452 1631 atque
1465 1597 1536 1625 ltunc
1549 1598 1610 1625 illud
1623 1606 1682 1625 esse
1695 1599 1845 1626 affirmant?
1860 1601 1906 1627 Sol

1115 1644 1185 1671 enim
1196 1665 1203 1676 ,
1217 1644 1389 1671 cadaveribus
1402 1644 1548 1671 innumeris
1562 1644 1587 1671 in
1602 1649 1670 1671 terra
1678 1646 1827 1679 jacentibus
1837 1666 1844 1676 ,
1860 1655 1908 1679 -

1115 1690 1266 1716 universum
1280 1690 1371 1716 orbem
1387 1690 1541 1717 diffunditur
1552 1711 1560 1721 .
1576 1698 1625 1718 nec
1645 1691 1746 1725 uspiam
1762 1691 1849 1717 radius
1865 1692 1906 1718 vel

1114 1735 1246 1762 radiorum
1260 1735 1404 1762 efficaciam
1419 1736 1573 1770 pollutionis
1589 1741 1660 1763 metu
1672 1736 1805 1764 contrahit
1818 1746 1824 1764 :
1838 1737 1907 1764 deus

1113 1787 1202 1809 autem
1218 1786 1305 1809 vester
1318 1789 1367 1809 nec
1382 1786 1484 1816 turpem
1499 1782 1578 1809 vitam
1589 1803 1596 1814 ,
1613 1789 1662 1809 nec
1676 1783 1839 1817 prmstigias,
1856 1791 1907 1810 nec

1113 1828 1202 1856 caedes
1216 1833 1354 1855 aversatur
1367 1829 1407 1855 vel
1420 1829 1481 1856 odio
1494 1828 1591 1861 habet;
1604 1828 1649 1856 sed
1664 1829 1758 1863 diligit,
1771 1830 1908 1863 amplccliv

1112 1878 1156 1902 tttr
1168 1879 1194 1902 et
1207 1878 1294 1907 amat;
1311 1882 1402 1901 verum
1415 1881 1525 1909 corpora
1541 1878 1628 1901 tamen
1642 1880 1731 1901 nostra
1746 1880 1885 1902 aversatur
1898 1885 1904 1902 :

1114 1927 1272 1954 quamquam
1289 1920 1395 1946 malitia:
1409 1920 1521 1954 species,
1535 1920 1614 1946 etiam
1629 1920 1700 1947 illam
1718 1920 1907 1954 peragentihus

1112 1973 1214 1992 summa
1223 1965 1430 1999 reprehensione
1438 1965 1516 2000 digna
1524 1972 1583 1992 esse
1590 1965 1724 1997 videatur;
1734 1970 1761 1991 at
1769 1970 1904 1993 mortuum

1112 2011 1300 2046 immobilcque
1323 2018 1419 2045 corpus
1443 2018 1491 2038 nec
1512 2012 1597 2046 culpze
1623 2018 1672 2038 nec
1701 2011 1905 2045 reprehensioni

1111 2058 1254 2085 obnoxium
1270 2062 1320 2084 est.
1346 2058 1398 2084 Sed
1413 2057 1463 2084 hoc
1480 2062 1522 2084 est
1535 2057 1645 2084 deerum
1661 2062 1808 2084 vestrorum
1823 2059 1905 2084 insti-

1112 2108 1194 2130 tutum
1207 2124 1214 2135 ,
1230 2108 1258 2130 ut
1270 2103 1455 2130 abominantur
1465 2124 1472 2135 ,
1489 2111 1547 2137 qua:
1561 2110 1612 2129 non
1629 2103 1803 2129 abominanda
1819 2108 1883 2129 sunt
1896 2123 1904 2134 ,

1111 2149 1200 2176 colant
1218 2153 1306 2176 autent
1327 2153 1353 2176 et
1374 2149 1521 2184 approbent
1542 2156 1572 2176 ea
1586 2168 1593 2181 ,
1609 2157 1668 2183 qum
1681 2149 1751 2175 omni
1765 2154 1827 2176 sunt
1840 2149 1908 2175 odio

1111 2199 1138 2222 et
1149 2194 1332 2222 exsecratione
1346 2194 1435 2228 digna.
1460 2195 1491 2222 Et
1510 2194 1595 2221 bonus
1609 2195 1713 2229 quidem
1729 2195 1768 2221 vir
1788 2203 1875 2228 neque

1109 2247 1175 2267 sano
1187 2240 1310 2272 consilio,
1322 2247 1407 2274 neque
1419 2240 1452 2267 ab
1467 2239 1576 2267 honesta
1590 2241 1694 2267 actione
1709 2248 1754 2274 per
1767 2246 1907 2268 mortuum

1109 2293 1206 2321 corpus
1224 2286 1418 2317 deterrebitur;
1442 2285 1489 2313 sed
1509 2286 1531 2312 si
1553 2286 1642 2313 animo
1658 2286 1690 2312 sit
1706 2293 1770 2313 sano
1781 2306 1787 2317 ,
1803 2287 1855 2313 etsi
1872 2288 1908 2313 ad

1110 2332 1164 2367 ipsa
1181 2332 1301 2366 sepulcra
1322 2331 1482 2359 domicilium
1499 2331 1595 2359 habeat
1608 2352 1616 2364 ,
1631 2337 1658 2359 et
1677 2333 1883 2366 temperantiam
1900 2355 1908 2366 ,

1108 2384 1136 2405 et
1154 2379 1303 2412 justitiam,
1318 2383 1346 2405 et
1366 2379 1490 2405 virtutem
1512 2386 1617 2405 omnem
1639 2378 1784 2406 exhibebit.
1808 2379 1910 2412 Quitis

1110 2424 1172 2451 item
1183 2424 1286 2455 artifex,
1300 2432 1358 2459 qua:
1370 2423 1403 2450 ad
1416 2428 1499 2450 artem
1513 2428 1635 2458 spectant
1645 2431 1730 2456 suam,
1742 2425 1829 2450 omnia
1845 2425 1911 2452 sine

1108 2470 1184 2496 obice
1205 2470 1293 2502 faciet,
1316 2474 1343 2497 et
1363 2469 1518 2503 rogantibus
1539 2477 1568 2496 se
1590 2469 1736 2504 przebebit,
1752 2476 1804 2496 non
1820 2470 1912 2496 modo

1109 2523 1191 2551 prope
1204 2515 1332 2542 cadavera
1348 2515 1454 2547 sedens,
1470 2514 1516 2542 sed
1529 2515 1633 2542 etiamsi
1646 2515 1701 2548 ipsa
1714 2514 1912 2542 defunctorum

1108 2562 1227 2596 sepulcra
1238 2566 1394 2589 construere
1407 2568 1474 2595 opus
1486 2560 1576 2593 fuerit,
1587 2565 1614 2588 et
1625 2561 1720 2595 pictor,
1735 2565 1762 2588 et
1773 2561 1912 2593 latemus.

1109 2612 1135 2634 et
1153 2607 1225 2635 faber
1236 2628 1243 2640 ,
1259 2611 1286 2634 et
1304 2607 1414 2634 mrarius
1432 2607 1550 2641 sculptor
1561 2627 1568 2639 ,
1582 2606 1698 2641 denique
1716 2614 1809 2634 omnes
1826 2615 1915 2635 suam

1108 2660 1216 2687 operata
1230 2653 1385 2685 conferunt;
1400 2660 1469 2679 unus
1483 2657 1571 2680 autem
1587 2653 1705 2679 omnium
1720 2652 1814 2687 Apollo
1832 2661 1850 2680 a
1867 2661 1918 2680 ca-

1108 2698 1248 2725 daveribus
1261 2698 1382 2733 impediri
1397 2706 1426 2725 se
1436 2698 1482 2730 ait,
1494 2700 1635 2734 quominus
1646 2698 1731 2725 futura
1744 2699 1916 2732 prospiciat.

1109 2745 1188 2779 Atqui
1202 2748 1228 2771 ct
1240 2744 1311 2779 apud
1325 2752 1373 2771 nos
1388 2745 1436 2771 viri
1451 2743 1525 2772 fuere
1540 2745 1628 2780 magni
1643 2750 1670 2772 et
1684 2744 1823 2772 mirabiles
1839 2766 1848 2777 ,
1866 2749 1918 2781 qui

1109 2795 1170 2818 ante
1185 2790 1256 2817 mille
1270 2795 1297 2817 et
1310 2790 1516 2826 quadringentos
1531 2799 1615 2819 annos
1629 2800 1672 2819 res
1686 2791 1787 2819 futuras
1803 2794 1920 2826 --

1109 2841 1215 2868 xerunt,
1227 2840 1254 2863 et
1267 2837 1441 2864 vaticinantes
1456 2837 1520 2865 nihil
1535 2840 1628 2865 horum
1643 2838 1838 2873 requisierunt,
1858 2849 1919 2868 non

1111 2882 1248 2917 conquesti
1262 2887 1322 2909 sunt
1333 2903 1340 2916 ,
1357 2890 1409 2910 non
1425 2882 1608 2911 defunctorum
1629 2885 1749 2919 sepulcra
1762 2884 1836 2911 dirui
1851 2887 1919 2921 jus-
