4044 6206
231 270 332 324 357

231 393 444 448 serunt,
474 398 580 438 non
609 382 865 438 cadavera
892 379 1048 450 abjici
1070 423 1084 444 ,
1115 395 1218 434 non
1248 378 1613 449 sepulcrorum
1645 374 1813 427 viola-

234 475 386 526 tionis
434 488 627 526 novum
677 472 1145 540 impudentemque
1191 469 1407 524 modum
1460 463 1746 535 excogitari
1774 482 1812 526 ,ε

229 576 458 618 attamen
490 580 555 618 ex
585 564 662 617 eis
691 564 780 617 alii
816 578 937 618 cum
982 563 1158 630 impiis
1195 560 1540 628 scelestisque
1576 555 1821 626 gentibus

229 657 564 719 habitantes,
599 655 686 708 alii
716 655 767 707 in
797 654 972 708 medio
999 654 1341 707 barbarorum
1363 693 1379 717 ,
1412 651 1499 706 ubi
1529 649 1703 704 omnia
1735 649 1818 702 in-

235 746 446 814 quinata
493 757 547 798 ct
584 746 944 799 contaminata
991 754 1184 805 erant,
1223 743 1602 798 cum..veritate
1646 741 1820 794 omnia

229 836 614 906 prmdicebant,
641 851 811 906 neque
839 836 1064 889 aliorum
1097 835 1319 902 pollutio
1345 849 1530 888 eorum
1558 832 1822 887 vaticiniis

233 930 434 982 uberat.
481 928 591 981 Cur
632 928 771 981 hoc?
801 928 933 995 Quia
983 929 1058 982 illi
1094 928 1273 982 divina
1311 929 1506 982 virtute
1541 927 1666 980 moti
1699 940 1823 978 vere

234 1018 622 1087 loquebantur;
653 1017 860 1071 daemon
891 1028 1068 1072 autem
1097 1057 1110 1082 ,
1143 1017 1193 1070 vi
1220 1017 1308 1071 illa
1337 1031 1533 1071 vacuus
1569 1031 1631 1069 ac
1657 1014 1824 1068 desti-

235 1119 381 1163 tutus
406 1151 420 1176 ,
451 1109 581 1163 nihil
622 1111 980 1180 prmnuntiare
1025 1119 1230 1178 poterat
1261 1127 1274 1163 :
1305 1124 1371 1162 ne
1400 1117 1576 1163 autem
1617 1107 1825 1161 htercre

236 1201 506 1255 videretur
529 1241 543 1265 ,
574 1201 881 1254 verisimilia
921 1200 1164 1269 quaedam
1187 1241 1202 1267 ,
1232 1199 1327 1255 sed
1359 1199 1581 1253 ridicula
1624 1197 1824 1267 fingere

239 1293 540 1362 cogebatur.
582 1291 690 1347 Cur
723 1295 863 1346 enim
886 1335 900 1358 ,
930 1308 1144 1362 quaeso,
1174 1292 1304 1346 nihil
1334 1291 1634 1360 hujusmodi
1665 1299 1821 1343 antea

239 1383 459 1445 dixerat,
490 1383 573 1436 vel
602 1383 904 1437 eifntierat?
931 1384 1064 1450 Quia
1091 1393 1216 1437 tunc
1244 1391 1555 1452 prmtextum
1585 1381 1826 1450 proferre

240 1482 466 1544 poterat,
498 1473 638 1542 quod
665 1473 865 1528 scilicet
891 1489 996 1527 non
1023 1475 1319 1538 coleretur;
1354 1473 1451 1526 hac
1478 1488 1637 1543 porro
1663 1487 1825 1526 excu-

240 1564 443 1618 satione
461 1563 705 1632 adempta
727 1605 742 1628 ,
765 1564 832 1618 ad
858 1575 1097 1635 mortuos
1119 1565 1373 1634 confugit,
1398 1566 1583 1618 anxius
1605 1579 1670 1617 ne
1696 1564 1819 1633 quid

243 1657 342 1709 sibi
374 1657 492 1708 mali
527 1657 858 1725 contingeret
890 1675 904 1709 :
939 1673 1058 1710 nam
1085 1672 1115 1710 a
1145 1658 1342 1712 decoro
1383 1656 1633 1711 recedere
1674 1657 1824 1711 nole-

243 1744 368 1808 bat;
413 1745 504 1797 sed
536 1742 628 1799 vos
656 1746 799 1799 illum
827 1746 1074 1817 coegistis
1099 1789 1114 1812 ,
1143 1749 1231 1817 qui
1263 1763 1452 1816 magno
1483 1747 1572 1800 illo
1597 1747 1739 1802 cultu
1768 1747 1818 1801 ei

241 1837 642 1892 excusationem
673 1838 947 1893 ademistis
972 1881 985 1902 ,
1020 1855 1116 1893 nec
1147 1839 1461 1906 permisistis
1488 1853 1610 1894 eum
1651 1837 1718 1892 ad
1745 1853 1830 1893 sa-

250 1927 566 1982 crificiorum
602 1929 874 1996 penuriam
902 1930 1204 2000 confugere.

321 2019 406 2099 16.
441 2018 501 2073 8.
563 2017 777 2089 Babylo:
820 2037 1002 2092 corpus
1039 2021 1302 2092 transferri
1333 2021 1540 2092 jnbetur
1563 2039 1596 2082 α
1622 2019 1834 2075 Iuliano

250 2112 509 2182 Apostata.
548 2142 616 2151 —-
658 2113 769 2167 lloc
812 2114 994 2168 audito
1041 2114 1231 2169 histrio
1280 2115 1366 2169 ille
1409 2113 1569 2182 jussit
1617 2129 1831 2182 capsam

253 2201 372 2256 inde
401 2202 635 2268 auferri,
670 2214 725 2256 ut
760 2205 956 2258 victum
988 2220 1106 2259 esse
1152 2208 1449 2262 dmtnmiem
1495 2219 1653 2258 nemo
1683 2205 1834 2274 igno-

257 2305 413 2348 raret.
451 2294 661 2348 Etenim
693 2295 735 2349 si
766 2295 986 2350 dixisset
1012 2296 1130 2359 ille,
1162 2296 1384 2364 Propter
1423 2305 1662 2349 sanctum
1693 2295 1834 2389 loqui

251 2401 356 2442 non
387 2402 624 2456 possum,
655 2387 747 2443 sed
775 2387 903 2444 nihil
929 2397 1154 2448 movete,
1182 2388 1311 2441 nihil
1342 2387 1594 2440 tumultus
1624 2386 1834 2453 inferte,

255 2476 302 2530 id
347 2478 457 2531 suis
502 2487 704 2532 tantum
748 2479 1040 2532 cultoribus
1086 2487 1268 2533 notum
1311 2478 1538 2532 fuisset:
1569 2477 1840 2547 puduisset

254 2569 390 2623 enim
430 2569 623 2623 factum
655 2570 718 2623 ad
756 2557 894 2643 alios
931 2570 1176 2634 deferre;
1214 2570 1325 2639 jam
1354 2585 1482 2624 vero
1509 2571 1656 2640 quasi
1689 2570 1838 2624 infir—

254 2659 488 2714 mitatem
536 2674 686 2714 suam
727 2661 1002 2715 traducere
1032 2661 1221 2727 vellet,
1267 2660 1346 2715 sic
1383 2662 1558 2714 omnia
1602 2661 1838 2716 facienda

254 2752 476 2815 curavit,
513 2752 703 2821 quibus
723 2769 799 2807 .ne
825 2753 1020 2808 volenti
1051 2752 1264 2821 quidem
1294 2767 1406 2806 rem
1435 2752 1692 2822 obtegere
1713 2753 1840 2807 lice-

255 2841 344 2895 bat
376 2860 388 2894 :
424 2858 595 2910 neque
623 2843 762 2895 enim
788 2842 899 2912 jam
927 2843 1193 2899 simulatio
1221 2843 1421 2898 servari
1461 2852 1666 2912 potest,
1698 2842 1840 2912 quod

259 2930 457 2984 nullum
504 2931 643 2984 aliud
669 2930 934 2996 cadaver,
979 2931 1072 2985 sed
1103 2931 1247 2985 solus
1279 2941 1484 3001 martyr
1512 2931 1633 2985 inde
1665 2942 1838 2985 trans-

256 3017 455 3072 feratur
489 3038 502 3073 :
535 3035 634 3073 nec
673 3021 843 3074 solum
887 3021 976 3092 qui
1010 3021 1233 3086 urbem,
1267 3021 1575 3076 suburbium
1605 3031 1659 3076 et
1687 3037 1841 3091 agros

258 3109 578 3172 incidebant,
631 3110 724 3165 sed
770 3112 930 3165 etiam
973 3113 1061 3180 qui
1105 3111 1462 3166 remotissime
1511 3111 1838 3178 habitabant,

256 3215 377 3253 cum
403 3199 670 3269 jacentem
700 3217 914 3270 capsam
959 3219 1062 3255 non
1096 3212 1376 3257 cernerent
1403 3244 1416 3265 ,
1449 3203 1626 3257 statim
1657 3203 1843 3256 scisci-

257 3300 432 3345 Lantes
462 3291 783 3355 audiebant,
834 3293 1045 3347 dzemon
1088 3293 1154 3348 ab
1183 3292 1504 3362 imperatore
1550 3303 1762 3363 rogatus
1791 3302 1846 3347 ut

256 3382 659 3446 vaticinaretur,
687 3382 821 3436 dixit
844 3397 902 3438 se
929 3398 1033 3437 non
1066 3399 1252 3453 posse,
1281 3383 1452 3439 donec
1478 3384 1692 3438 beatum
1724 3384 1847 3438 hine

256 3471 512 3543 Babylam
543 3474 660 3542 quis
689 3475 996 3529 amovisset.
1046 3476 1236 3546 Atqui,
1273 3491 1306 3530 ο
1345 3475 1566 3532 ridicule
1587 3519 1600 3542 ,
1631 3485 1846 3548 poteras

254 3565 321 3618 ad
353 3565 486 3620 alias
513 3567 886 3621 excusationes
911 3566 1216 3637 confugere,
1242 3576 1299 3622 ut
1326 3583 1468 3638 smpe
1495 3570 1654 3634 soles,
1688 3563 1855 3623 innu-’

254 3655 422 3712 meris
470 3672 685 3726 semper
727 3657 965 3714 artiﬁciis
995 3657 1155 3715 dubia
1196 3675 1450 3729 responsa
1479 3660 1844 3726 concinnatis;

254 3746 412 3817 Lydo
442 3763 634 3818 nempe
664 3748 847 3804 dicens
875 3748 984 3824 (α),
1017 3751 1062 3804 si
1106 3750 1272 3825 Halyn
1304 3749 1522 3808 fluvium
1571 3754 1842 3806 transmit-

257 3844 433 3900 teret,
467 3853 711 3907 magnnm
746 3839 1022 3919 imperium
1053 3842 1347 3896 soluturum
1381 3858 1499 3898 esse
1520 3884 1534 3907 ,
1569 3827 1849 3913 ipsumque

259 3937 445 3997 postea
477 3944 622 3999 pyrae
669 3930 973 4000 impositum
1005 3933 1300 3998 exhibens;
1348 3933 1397 3988 in
1426 3934 1690 3988 Salamine
1719 3934 1845 3988 item

257 4017 451 4072 eodem
478 4033 603 4072 usus
625 4033 684 4074 es
703 4020 951 4084 artificio,
978 4022 1198 4078 ridicula
1219 4024 1424 4094 adjecta
1444 4024 1845 4095 conjunctione:

259 4124 384 4164 nam
411 4110 613 4174 dicere,

337 4220 535 4278 Perdet
563 4233 620 4277 tu
647 4225 782 4294 ﬁlios
815 4226 1104 4292 mulierum,

261 4333 440 4389 simile
469 4333 527 4389 ei
555 4345 701 4402 erat,
734 4338 874 4407 quod
906 4338 1056 4410 Lydo
1084 4339 1333 4412 dixeras;
1374 4340 1606 4410 adjicere
1649 4350 1849 4409 autem,

339 4442 459 4497 Siue
485 4461 666 4513 sparsa
689 4445 886 4512 Cerere,
921 4448 1021 4503 sive
1046 4460 1283 4518 coeunte,

263 4556 469 4625 majore
499 4558 549 4612 id
587 4569 737 4615 certe
764 4561 873 4616 risu
902 4562 1120 4635 dignum
1153 4546 1282 4632 fuit,
1321 4569 1459 4636 quod
1501 4583 1629 4624 sane
1655 4585 1854 4625 conve-

261 4648 371 4701 niat
398 4650 806 4706 circulatoribus
834 4654 884 4706 in
916 4655 1118 4721 triviis;
1168 4655 1261 4711 sed
1291 4673 1463 4727 neque
1490 4661 1590 4714 hoc
1621 4660 1711 4714 tibi
1742 4662 1855 4730 pla-

261 4741 390 4792 wit.
432 4739 653 4796 Licebat
679 4753 734 4798 et
765 4745 855 4799 tibi
887 4761 1187 4804 sermonem
1219 4751 1500 4821 obtegere,
1548 4755 1686 4823 quod
1731 4757 1860 4809 arti-

265 4830 443 4884 ficium
487 4833 580 4886 tibi
621 4847 837 4906 semper
883 4839 1106 4894 solenne
1149 4850 1248 4895 est.
1302 4842 1496 4897 Verum
1543 4845 1858 4901 institissent

264 4937 493 4988 omnes,
547 4941 654 4979 non
704 4928 987 4987 intellecue
1034 4932 1110 4987 rei
1172 4935 1490 4991 solutionem
1536 4950 1855 5007 quzerentes.

265 5015 485 5069 Liccbat
528 5034 742 5089 quoque
788 5023 878 5077 tibi
922 5024 989 5079 ad
1033 5037 1175 5081 astra
1224 5029 1510 5100 confugere
1555 5050 1568 5085 :
1613 5033 1663 5087 id
1715 5035 1855 5089 enim

262 5120 410 5175 δίκερε
464 5109 633 5174 facis,
683 5129 856 5184 neque
906 5117 1107 5186 pudore
1155 5121 1457 5192 ruboreque
1500 5125 1856 5194 perfunderis.

263 5197 543 5266 Siquidem
570 5217 678 5255 non
715 5219 837 5258 cum
877 5209 1005 5262 viris
1045 5222 1223 5267 mente
1250 5214 1487 5284 praeditis
1522 5217 1613 5271 ti‘bi
1647 5233 1732 5273 res
1757 5227 1857 5283 est,

259 5289 361 5342 sed
387 5306 513 5345 eum
546 5295 840 5362 pecudibus
860 5339 876 5365 ,
921 5309 976 5355 et
1004 5318 1161 5372 quam
1193 5306 1423 5375 pecudes
1462 5308 1589 5378 ipsa:
1631 5310 1862 5364 crassio-

259 5384 416 5472 ribus
457 5402 470 5436 :
515 5401 620 5441 non
671 5400 824 5446 eratut
869 5393 943 5447 illi
987 5393 1189 5452 Graecis
1233 5398 1580 5468 sapientiores
1625 5401 1726 5467 iis,
1772 5401 1862 5472 qui

258 5471 383 5528 hac
409 5474 732 5543 audierunt,
771 5496 871 5536 nec
903 5492 1078 5540 tamen
1109 5503 1136 5540 a
1169 5486 1356 5544 fraude
1381 5505 1498 5544 sese
1528 5471 1860 5547 exemerunt.

261 5567 337 5617 At
369 5566 712 5623 mendacium
760 5571 1184 5634 intellexissent?
1228 5580 1367 5652 Ergo
1395 5582 1626 5652 oportuit
1655 5582 1744 5638 uni
1774 5597 1862 5638 sa-

323 5674 404 5737 (a)
439 5683 512 5727 De
533 5685 697 5730 (Iaso
721 5679 954 5757 loquitur.

1051 265 1136 320 DE
1175 263 1234 319 S.
1274 259 1562 325 BABYLA,
1601 206 1874 312 ΟΟΝίιἸῖΑ
1911 251 2248 310 JULIANUM
2287 254 2374 309 ET
2411 256 2761 314 GENTILES.

3399 262 3503 322 558

1925 371 2127 426 cerdotl
2151 374 2426 428 veritatem
2447 376 2674 445 aperire,
2699 388 2752 432 et
2781 378 2892 448 ipse
2920 379 3122 434 cladem
3147 391 3284 434 tuam
3314 381 3503 437 melius

1925 478 2082 531 quam
2112 473 2165 516 tu
2193 466 2531 520 occultasset.
2575 467 2690 520 Jatn
2722 483 2849 522 vero
2875 471 2992 539 quis
3021 480 3090 532 te,
3125 472 3308 537 miser,
3335 472 3505 526 addu-

1927 553 2022 612 xit.
2047 563 2107 606 ut
2133 564 2181 607 te
2204 555 2254 608 in
2287 563 2391 608 tam
2416 557 2748 612 manifestam
2775 561 3150 630 impudentiam
3178 563 3506 633 conjiceres!

1928 645 1995 697 At
2039 645 2262 700 fortasse
2308 658 2362 700 tu
2403 649 2532 700 nihil
2584 653 2851 717 peccasti;
2899 652 3188 721 Imperator
3219 672 3343 708 vero
3373 657 3510 710 male
3591 635 3609 650 κ

1929 732 2240 788 histrionem
2271 739 2398 806 egit,
2430 740 2516 807 qui
2545 755 2662 793 cum
2692 742 3149 798 indiscriminatim
3193 745 3260 800 de
3285 747 3512 802 cadave-

1929 827 2078 880 ribus
2118 829 2393 892 audisset,
2439 842 2681 886 sanctnm
2727 835 2872 889 illum
2916 836 3187 890 dumtaxat
3229 853 3511 906 aggressus

1929 926 2010 970 est
2043 936 2054 969 :
2087 918 2171 971 ille
2200 928 2248 973 te
2292 922 2529 990 coarguit
2556 931 2609 976 et
2649 923 2890 979 fraudem
2919 927 3172 990 nudavit,
3201 929 3292 981 sed
3324 945 3428 982 non
3459 929 3508 983 id

1931 1010 2101 1064 libens
2134 1011 2254 1064 fecit
2288 1031 2300 1066 :
2331 1029 2500 1082 neqtte
2530 1016 2670 1068 enim
2713 1017 2866 1070 unius
2897 1019 3242 1088 ejusdemque
3270 1032 3382 1074 erat
3409 1021 3510 1075 do-

1931 1102 2078 1154 naria
2111 1102 2303 1156 afferre
2351 1114 2402 1158 et
2447 1107 2770 1160 contumelia
2820 1109 3068 1172 afficere;
3121 1110 3214 1163 sed
3265 1113 3513 1183 martyris

1930 1193 2098 1246 virtus
2128 1210 2314 1248 onmes
2341 1197 2498 1249 simul
2527 1198 2752 1267 caligine
2783 1199 3004 1264 offudit,
3039 1217 3137 1255 nec
3166 1218 3226 1257 ea
3257 1219 3374 1272 qua:
3405 1213 3511 1257 tum

1930 1284 2250 1352 gerebantur
2293 1285 2477 1340 videre
2527 1289 2801 1355 permisit;
2852 1305 3035 1344 verum
3083 1292 3258 1344 omnia
3300 1293 3512 1360 quidem

1932 1390 2027 1427 ceu
2058 1386 2243 1429 contra
2274 1375 2604 1432 Christianos
2636 1379 2828 1432 fiebant
2851 1420 2863 1441 ,
2914 1391 2969 1434 at
3011 1397 3112 1433 non
3147 1383 3196 1434 in
3230 1384 3512 1447 patientes,

1932 1467 2026 1522 sed
2067 1468 2124 1532 in
2159 1477 2375 1538 agentes
2419 1471 2560 1524 risus
2607 1473 3039 1526 cnnvertebatur.
3091 1474 3181 1527 Sic
3229 1483 3282 1526 et
3330 1474 3514 1528 furiosi

1933 1557 2180 1612 videntur
2215 1559 2315 1614 sibi
2360 1575 2589 1629 semper,
2617 1562 2890 1629 proximos
2923 1564 3103 1617 ulcisci
3131 1606 3144 1627 ,
3177 1565 3302 1617 dum
3331 1575 3515 1618 contra

1935 1651 2165 1720 parietes
2190 1651 2486 1717 calcitrant,
2515 1668 2576 1706 ac
2603 1653 2756 1707 fanda
2789 1653 3121 1723 nefandaque
3147 1656 3196 1708 in
3229 1665 3517 1725 przcsentes

1931 1740 2210 1810 jactitant;
2263 1742 2414 1796 factis
2463 1753 2642 1798 autem
2695 1745 2805 1797 suis
2853 1760 2957 1798 non
3009 1746 3128 1799 illos
3174 1747 3266 1799 sed
3312 1747 3517 1815 seipsos

1937 1830 2139 1899 pudore
2165 1830 2400 1885 afficiunt
2430 1833 2611 1902 aquod
2644 1843 2768 1888 tunc
2799 1836 2954 1888 etiam
2982 1837 3220 1905 contigit.
3251 1837 3520 1891 Traheba-

1939 1931 2024 1976 tur
2054 1924 2196 1976 enitn
2242 1939 2398 1992 capsa
2446 1939 2541 1992 per
2585 1935 2749 1980 totam
2781 1927 2956 1992 viam;
3009 1939 3210 1996 martyr
3251 1943 3381 1981 vero
3419 1943 3520 1983 ceu

1938 2015 2152 2084 quidam
2186 2016 2381 2070 athleta
2416 2017 2465 2070 in
2498 2033 2644 2070 suam
2673 2020 2856 2072 urbem
2890 2020 3283 2086 revertebatur,
3326 2035 3520 2075 secun-

1941 2106 2064 2162 dam
2095 2109 2334 2163 referens
2358 2123 2632 2176 coronam,
2667 2111 2717 2164 in
2746 2127 2847 2180 qua
2880 2112 3008 2166 urbe
3037 2113 3208 2180 primo
3236 2122 3522 2169 coronatus

1940 2195 2128 2250 fuerat.
2161 2196 2512 2264 Quamobrem
2544 2199 2587 2253 si
2613 2201 2730 2269 quis
2755 2200 3110 2268 splendidiora
3142 2213 3261 2271 post
3287 2213 3511 2257 mortem

1941 2290 2191 2360 martyris
2221 2304 2382 2359 opera
2408 2293 2764 2360 conspicatus,
2795 2296 3239 2348 resurrectionem
3281 2311 3385 2349 non
3431 2295 3526 2349 ad-

1944 2381 2153 2446 mittat,
2206 2381 2256 2434 in
2305 2390 2574 2449 posterum
2622 2384 2917 2438 erubescat.
2972 2385 3079 2438 Ceu
3123 2385 3264 2438 enim
3313 2385 3525 2456 quidam

1942 2479 2190 2524 strenuus
2231 2470 2458 2526 bellator
2501 2474 2716 2542 trepteis
2748 2483 2944 2543 troprca
2983 2475 3289 2544 conjunxit,
3323 2478 3529 2546 magnis

1942 2564 2144 2633 majora
2191 2573 2247 2618 et
2295 2565 2624 2620 mirabilibus
2670 2567 3014 2621 mirabiliora.
3067 2568 3216 2622 Tunc
3241 2570 3380 2623 enim
3409 2584 3528 2622 cum

1945 2654 2273 2726 imperatore
2312 2658 2427 2712 solo
2470 2659 2758 2728 pugnabat,
2802 2675 2942 2714 nunc
2975 2675 3093 2714 cum
3125 2660 3448 2729 lmperatore
3477 2668 3529 2714 et

1944 2747 2187 2802 daemone
2216 2765 2230 2801 :
2261 2757 2386 2802 tunc
2433 2763 2461 2801 a
2506 2749 2672 2804 sacris
2717 2751 2882 2818 septis
2928 2748 3302 2818 Imperatorem
3333 2749 3527 2819 abegit,

1947 2855 2086 2894 nunc
2115 2855 2145 2893 a
2175 2847 2285 2893 toto
2307 2840 2556 2910 Daphnes
2583 2841 2701 2894 loco
2729 2842 3084 2910 perniciosum
3118 2843 3264 2895 illum
3292 2841 3528 2908 abduxit,

1947 2947 2052 2986 non
2079 2948 2238 2986 manu
2269 2947 2397 2986 usus
2428 2941 2487 2987 ut
2516 2942 2667 2987 antea
2690 2974 2704 2996 ,
2736 2934 2829 2988 sed
2862 2935 3108 2988 invisibili
3136 2936 3327 2989 virtute
3355 2936 3530 2988 invisi.

1947 3021 2108 3076 bilem
2139 3037 2468 3092 expugnans.
2520 3023 2689 3092 Hujus
2718 3024 2943 3078 viventis
2983 3024 3189 3077 dicendi
3224 3003 3529 3078 libertatem

1948 3129 2054 3168 non
2087 3113 2203 3166 tulit
2254 3114 2515 3168 homicida
2563 3116 2652 3169 ille
2682 3159 2695 3180 ,
2741 3116 2933 3168 mortui
2981 3131 3107 3168 vero
3153 3116 3385 3169 cinerem
3429 3131 3532 3171 non

1949 3205 2200 3260 sustinuit
2243 3215 2350 3260 tum
2381 3208 2672 3276 imperator
2694 3251 2708 3271 ,
2755 3217 2863 3262 tum
2890 3208 3098 3262 datmon
3129 3210 3216 3277 qui
3245 3207 3536 3277 imperato-

1951 3312 2064 3352 rem
2093 3296 2160 3350 ad
2193 3296 2306 3351 haec
2331 3297 2531 3366 agenda
2578 3300 2761 3352 movit.
2810 3298 2959 3366 Quod
2991 3310 3166 3352 autem
3200 3309 3397 3352 metum
3427 3314 3538 3352 ma-

1946 3391 2120 3461 jorem
2170 3391 2253 3446 his
2308 3392 2694 3460 posterioribus
2757 3392 2962 3447 duobus
3007 3392 3326 3457 incusserit,
3377 3407 3535 3462 quam

1950 3481 2114 3550 priori
2145 3481 2472 3546 incusserat,
2507 3480 2632 3536 hinc
2675 3481 2845 3550 palam
2876 3491 2978 3536 est.
3012 3481 3107 3535 ille
3151 3483 3344 3550 quippe
3383 3495 3536 3535 com-

1953 3569 2274 3640 prehensum
2319 3571 2466 3624 illum
2500 3561 2728 3625 vinculis
2759 3572 3077 3625 constrinxit
3120 3581 3173 3625 et
3211 3569 3437 3630 occidit,
3484 3570 3538 3624 hi

1953 3676 2082 3715 vero
2112 3662 2428 3716 transtulere
2477 3670 2700 3715 tantum.
2747 3661 2855 3715 Cur
2898 3661 3038 3715 enim
3070 3675 3282 3728 capsam
3313 3659 3363 3712 in
3394 3673 3540 3712 mare

1954 3752 2286 3822 prmcipitare
2327 3767 2497 3822 neque
2543 3752 2629 3806 ille
2670 3750 2848 3820 jussit,
2895 3766 3068 3820 neque
3097 3750 3182 3803 hic
3204 3748 3403 3804 voluit?
3445 3764 3542 3803 cur

1956 3859 2061 3898 non
2088 3844 2340 3899 contrivit
2369 3853 2459 3899 aut
2487 3844 2821 3899 combussit?
2856 3859 2952 3898 cur
2980 3859 3083 3896 non
3113 3843 3165 3896 in
3193 3843 3460 3897 desertum
3488 3851 3541 3895 et

1956 3936 2302 3990 inhabitatum
2350 3936 2523 3991 locum
2571 3936 2739 4005 ipsam
2779 3935 3049 3989 transferri
3089 3935 3287 4004 jussit?
3334 3933 3464 3988 Nam
3495 3934 3538 3988 si

1956 4044 2016 4082 ca
2049 4027 2372 4083 exsecranda
2403 4037 2458 4082 et
2487 4028 2684 4096 polluta
2717 4043 2802 4083 res
2831 4027 3014 4081 fuisset
3036 4067 3051 4090 ,
3081 4040 3306 4095 eamque
3334 4024 3536 4078 abomi-

1957 4128 2131 4186 natus,
2177 4133 2282 4173 non
2327 4117 2699 4184 reformidans,
2747 4117 2871 4172 inde
2909 4118 3048 4171 illam
3090 4118 3306 4180 amovit,
3351 4131 3459 4170 non
3489 4117 3539 4170 in

1956 4210 2141 4266 urbem
2205 4211 2438 4280 oportuit
2495 4226 2610 4264 rem
2667 4209 3045 4264 exsecrandam
3109 4208 3396 4274 inducere,
3447 4207 3541 4262 sed

1957 4303 2245 4358 amandare
2272 4305 2322 4356 in
2352 4312 2562 4357 montes
2588 4311 2642 4356 et
2665 4303 2852 4356 saltus.

2031 4399 2115 4451 i7.
2151 4396 2462 4449 Maximinus
2488 4395 2776 4464 Imperator
2817 4395 2951 4466 quod
2977 4404 3176 4449 vexaret
3205 4393 3537 4459 Christianos,

1960 4505 2131 4558 paruas
2156 4487 2310 4540 dedit.
2335 4517 2407 4527 —
2438 4488 2506 4540 At
2533 4487 2696 4541 miser
2721 4487 2808 4540 ille
2837 4502 2942 4540 non
2971 4486 3144 4539 minus
3172 4501 3330 4555 quam
3353 4484 3541 4552 Apollo

1961 4584 2099 4638 beati
2146 4583 2245 4636 viri
2294 4581 2458 4636 robur
2509 4591 2562 4636 et
2611 4581 2856 4635 fiduciam
2906 4595 3028 4649 erga
3085 4579 3248 4633 Deum
3302 4585 3538 4641 noverat,

1961 4679 2242 4746 timuitque
2287 4691 2354 4731 ne
2398 4676 2442 4730 si
2494 4674 2546 4728 id
2597 4674 2790 4729 faceret
2819 4682 2910 4727 aut
2946 4673 3140 4727 fulmen
3185 4679 3277 4724 attt
3303 4670 3544 4724 morbum

1961 4770 2190 4839 aliquem
2216 4769 2268 4822 in
2296 4783 2354 4823 se
2386 4775 2716 4838 provocaret.
2747 4766 2906 4820 Multa
2937 4767 3129 4835 quippe
3156 4762 3350 4818 Christi
3383 4762 3546 4814 virtu-

1965 4861 2031 4914 tis
2055 4861 2202 4929 signa
2247 4859 2508 4924 habebat,
2543 4868 2652 4911 tmn
2682 4859 2734 4912 in
2775 4856 3144 4911 deccssoribus
3172 4857 3282 4908 suis
3312 4854 3546 4922 Impera-

1965 4953 2166 5006 toribus
2196 4950 2449 5015 exhibita,
2481 4959 2590 5004 tum
2622 4949 2672 5003 in
2705 4950 2769 5003 iis
2797 4949 2954 5002 etiam
2983 4947 3070 5016 qui
3099 4945 3237 5000 idem
3266 4944 3548 5015 imperium

1965 5057 2144 5098 secum
2172 5040 2625 5094 administrabant.
2664 5039 2874 5093 Etenim
2905 5053 2967 5092 ex
3009 5038 3112 5090 illis
3151 5037 3277 5090 olim
3313 5035 3536 5104 Impera-

1967 5135 2168 5190 toribus
2195 5133 2285 5203 qni
2314 5133 2434 5187 talia
2465 5133 2579 5186 ausi
2609 5139 2753 5197 sunt,
2789 5138 2909 5199 post
2935 5129 3126 5184 multas
3157 5127 3544 5182 intolerabiles.

1964 5242 2068 5297 que
2089 5225 2435 5290 calamitates,
2467 5225 2689 5294 turpiter
2714 5237 2776 5278 ac
2801 5222 2996 5277 misere
3021 5222 3180 5276 vitam
3223 5221 3544 5279 clauserunt,

1965 5315 2100 5372 adeo
2125 5325 2182 5369 ut
2208 5313 2362 5369 unius
2391 5315 2563 5368 adhuc
2591 5313 2814 5368 viventis
2839 5313 3050 5384 pupillae
3076 5328 3142 5368 ex
3167 5309 3334 5367 oculis
3359 5316 3546 5374 sponte

1967 5411 2258 5466 exsilierint
2286 5427 2297 5463 :
2332 5408 2418 5463 hic
2441 5418 2617 5464 autem
2647 5407 2960 5463 Maximinus
2987 5414 3137 5468 erat;
3169 5403 3300 5456 alius
3328 5401 3378 5452 in
3406 5398 3549 5452 furo-

1968 5517 2080 5556 rem
2107 5512 2286 5566 actus,
2317 5501 2449 5555 alius
2493 5499 2547 5554 in
2589 5499 2816 5554 similem
2849 5499 3023 5567 lapsus
3052 5492 3404 5548 calamitatem
3424 5530 3440 5548 .
3472 5488 3551 5542 sic
3575 5537 3600 5560 ,

1969 5602 2197 5649 mortem
2237 5591 2485 5648 obierint.
2515 5589 2774 5647 Caeterum
2816 5605 2880 5644 ex
2906 5588 2969 5642 iis
2998 5584 3087 5654 qui
3115 5594 3240 5638 tunc
3277 5595 3396 5634 cum
3435 5579 3552 5647 ipso

1977 5694 2145 5754 erant,
2185 5691 2420 5755 patruus,
2452 5697 2572 5739 cum
2600 5682 2917 5755 petulantius
2940 5683 3124 5732 contra
3154 5689 3252 5731 nos
3278 5671 3477 5726 fureret
3501 5679 3556 5736 et
