2022 3103
263 136 315 165 5‘59

264 201 339 220 sacra
353 200 414 220 vasa
428 193 564 221 sceleratis
577 192 699 220 manibus
712 193 865 228 contingere
877 200 958 220 ausus
971 198 1053 225 esset,

266 246 351 273 nequc
365 238 407 265 his
421 243 577 270 contentus,
592 238 751 266 contumelia
773 238 883 265 ulterius
902 246 1057 273 progressus

266 290 336 311 esset
358 284 439 319 (ipsis
454 285 525 312 enim
541 284 652 312 inversis
674 289 700 312 et
715 285 740 311 in
761 285 912 320 pavimento
926 286 1018 320 positis
1031 290 1058 312 et

265 332 400 365 extensis,
420 332 452 359 iis
476 331 573 359 insedit
585 332 605 366 ),
617 331 761 367 derepente
787 332 883 367 iniqua:
905 332 1055 367 hujusmodi

265 377 393 405 sessionis
414 385 508 411 poenas
522 377 594 404 dedit
610 386 615 403 :
633 378 692 412 ejus
712 378 783 404 enim
798 377 914 405 verenda
934 382 1057 412 corrupta

267 423 401 450 vermibus
414 423 562 456 scatebunt,
579 423 613 451 ita
629 429 657 451 ut
673 424 758 458 palam
769 428 840 450 esset
854 423 976 450 morbum
989 423 1057 450 divi-

266 470 337 495 nitus
352 469 499 496 immissum
517 469 617 502 fuisse;
640 470 672 496 ad
686 470 780 496 vulnus
794 470 941 496 curandum
962 469 1057 496 medici

266 520 393 542 mactatas
406 523 469 543 aves
483 517 592 551 pingues
605 521 684 551 alque
699 516 850 551 peregrinas
865 516 897 543 ad
913 515 1057 551 putrefacta

266 561 386 588 membra
400 561 584 596 admoventes,
597 562 755 589 vermiculos
768 562 913 590 evocabant
925 572 931 589 :
947 562 984 589 illi
995 569 1058 590 vero

267 615 319 634 non
344 607 547 641 abscesserunt,
571 608 618 636 sed
643 609 777 636 mordicus
801 608 914 644 putridis
941 608 1059 643 partibus

270 654 407 681 luercbaut
421 663 427 681 :
442 659 521 689 atque
534 655 570 682 ita
585 655 659 682 illum
672 655 761 682 multis
773 654 866 682 diebus
878 655 1057 689 absumptum,

267 700 338 727 male
364 699 547 734 perdiderunt.
569 700 643 727 Alius
668 708 731 727 vero
752 700 881 735 quispiam
897 700 1058 735 imperatorii

266 745 352 772 a-rarii
372 750 461 772 custos
474 746 633 772 constitutus
643 766 650 777 ,
668 746 820 780 priusquam
835 745 901 771 aula:
916 745 1059 778 imperato-

268 791 314 818 riae
329 791 409 818 limen
427 792 583 825 pra-teriret.
598 791 687 818 statim
701 792 803 825 crepuit
818 791 920 818 medius
930 812 936 824 ,
953 791 1060 818 similis-

268 845 319 871 que
332 837 470 871 cujusdam
484 836 574 872 ﬂagitii
597 844 688 871 pomas
710 837 791 864 dedit.
808 836 871 864 Haec
890 842 916 863 et
931 837 972 863 his
987 837 1060 870 plura

270 883 278 918 (
291 890 342 909 non
357 883 427 910 enim
447 883 501 918 jam
515 884 605 910 omnia
621 891 760 911 recensere
782 888 885 918 tempus
898 884 955 918 est)
969 891 1061 910 secum

268 934 393 962 reputans
413 929 542 956 scelestus
565 929 629 962 ille,
655 929 830 956 temeritatem
852 936 926 955 suam
951 928 1061 955 ulterius

268 981 426 1008 promovere
441 982 493 1001 non
506 974 628 1002 audebat.
646 974 721 1008 Quod
735 978 823 1001 autem
843 974 899 1000 hinc
911 981 962 1000 non
977 980 992 1000 a
1006 980 1062 1000 me-

267 1020 326 1054 ipso
339 1020 435 1053 dicam,
450 1028 482 1047 cx
498 1020 529 1047 iis
544 1028 604 1055 qua:
618 1021 652 1047 ab
670 1021 728 1055 ipso
746 1025 837 1055 postea
852 1024 926 1055 gesta
943 1024 1021 1053 sunt,
1035 1019 1062 1047 id

268 1066 439 1100 conspicuum
457 1067 526 1099 erit;
547 1066 652 1093 interim
669 1074 732 1094 vero
752 1066 870 1094 historiae
890 1066 987 1094 seriem
999 1073 1062 1100 per-

270 1118 423 1145 Sequuntur.

309 1156 442 1191 Tunplum
460 1162 483 1184 et
497 1162 580 1184 statua
595 1158 720 1192 Apollinis
740 1158 797 1192 igne
817 1157 849 1184 de
863 1157 925 1184 cwla
939 1161 1013 1183 tacta.
1027 1171 1064 1176 —-

268 1201 336 1235 Quid
359 1202 439 1236 igitur
461 1203 558 1230 exinde
578 1203 688 1230 evenit?
707 1203 899 1230 Admirandum
914 1210 979 1230 sane
999 1202 1062 1230 illud

268 1252 319 1280 est,
331 1248 400 1282 quod
416 1256 468 1274 non
485 1249 629 1283 potentiam
646 1248 735 1281 modo,
748 1248 795 1275 sed
809 1248 887 1275 etiam
903 1248 1061 1275 iueﬂ'abilem

271 1295 316 1321 Itei
334 1294 523 1328 benignitatem
538 1294 663 1322 ostendit.
680 1294 745 1321 Nam
760 1299 867 1321 sanctus
880 1299 980 1330 martyr
994 1294 1062 1321 intra

271 1345 346 1374 septa
361 1345 428 1373 erat,
447 1340 489 1367 ubi
505 1340 577 1374 prius
590 1341 656 1367 situs
670 1340 766 1374 fuerat,
779 1345 920 1375 antequam
936 1340 1061 1375 Daphnen

270 1386 392 1417 veniret;
417 1386 548 1421 malignus
571 1394 635 1413 vero
657 1387 761 1413 dzemon
785 1386 874 1413 statim
897 1386 1010 1419 didicit,
1034 1393 1064 1413 se

271 1431 366 1458 frustra
390 1430 496 1458 fraudes
510 1439 572 1458 suas
592 1432 714 1458 molitum
729 1439 808 1464 esse;
831 1439 918 1466 neque
931 1432 980 1458 sibi
1003 1439 1064 1458 cum

270 1481 375 1502 mortuo
391 1484 504 1510 pugnam
527 1476 584 1504 fore
595 1498 603 1509 ,
626 1477 674 1504 sed
690 1485 748 1504 ctlm
763 1477 868 1504 vivente
879 1498 886 1508 ,
909 1484 941 1504 ac
954 1477 1065 1504 viriliter

271 1526 374 1556 agente,
392 1529 422 1548 ac
435 1530 489 1549 nun
504 1530 533 1549 se
548 1527 660 1554 tantum,
675 1523 721 1550 sed
733 1523 857 1549 omnibus
870 1522 948 1549 simul
963 1522 1064 1549 daemo-

272 1566 350 1593 nibus
363 1566 484 1594 fortiore.
501 1568 585 1596 Dcum
600 1568 670 1595 enim
685 1573 807 1603 precatus
821 1572 848 1595 ut
862 1568 948 1603 ignem
961 1569 987 1595 in
999 1574 1065 1595 tem-

274 1612 345 1646 plum
360 1612 516 1640 immitteret
527 1634 533 1645 ,
551 1618 634 1640 totum
650 1618 746 1641 tectum
762 1613 926 1645 combussit,
941 1613 1065 1648 idoloque

272 1658 306 1685 ad
320 1663 454 1685 extremos
473 1667 555 1694 usque
578 1660 660 1694 pedes
682 1660 843 1694 absumpto,
870 1661 905 1687 ita
929 1665 957 1687 ut
979 1660 1065 1695 pulvis

274 1709 375 1730 tantum
393 1708 420 1730 et
443 1704 510 1730 cinis
532 1710 701 1738 remaneret,
725 1706 838 1740 parietes
857 1706 945 1732 solum
965 1710 1065 1733 stantes

273 1748 442 1784 intactosque
456 1750 571 1784 reliquit.
586 1750 614 1777 Si
628 1751 688 1785 quis
701 1758 765 1778 vero
781 1758 851 1778 nunc
871 1751 959 1778 locum
976 1751 1064 1784 adeat,

272 1804 439 1831 nequaquam
460 1796 528 1831 ignis
549 1796 575 1824 id
596 1805 663 1832 opus
685 1804 745 1824 esse
758 1797 878 1825 dixerit:
895 1806 979 1832 neque
994 1799 1064 1825 enim

272 1842 423 1870 incendium
445 1843 509 1870 illud
525 1844 583 1871 sine
604 1844 692 1879 aliquo
706 1844 816 1877 ordine,
832 1851 917 1879 neque
931 1853 961 1872 ex
979 1845 1065 1872 inani-

273 1893 346 1915 mata
364 1889 473 1916 materia
496 1889 591 1916 factum
614 1897 674 1916 esse
688 1889 806 1921 videtur;
832 1890 880 1917 sed
896 1891 970 1925 quasi
987 1899 1066 1918 manu

273 1935 386 1969 quatiam
399 1935 486 1970 ignem
500 1935 725 1968 circumducente,
739 1943 770 1963 ac
781 1941 946 1964 monstrante
958 1936 1067 1971 quibus-

272 1990 333 2009 nam
357 1989 483 2016 parcere,
507 1990 629 2016 qumnam
651 1983 793 2010 absumere
816 1988 970 2017 oporteret,
995 1988 1066 2011 tanta

275 2035 370 2062 nempe
383 2027 573 2060 concinnitate,
584 2032 658 2055 tanto
670 2027 783 2055 artificio
795 2029 921 2063 templum
932 2029 1066 2056 detectum

272 2078 332 2106 est;
357 2081 443 2107 neque
457 2081 521 2100 vero
535 2073 623 2100 simile
639 2078 681 2100 est
701 2073 825 2100 incendio
839 2073 956 2104 aﬂ‘cctis,
972 2074 1019 2101 sed
1034 2074 1067 2101 iis

273 2128 384 2153 quorum
397 2120 497 2155 integra
512 2126 597 2154 septa,
620 2129 679 2155 qute
700 2122 757 2148 solo
777 2125 846 2148 tecto
867 2120 967 2148 habent
989 2129 1065 2156 opus.

274 2165 385 2200 Reliqua
399 2167 469 2193 enim
486 2171 565 2201 atque
579 2167 709 2194 columine
719 2188 725 2199 ,
741 2171 795 2194 tum
811 2176 870 2203 qua:
885 2172 994 2200 tectum,
1011 2173 1066 2195 tum

274 2219 333 2245 quae
346 2212 504 2238 vestibulum
527 2212 686 2246 fulciebant,
703 2221 754 2240 una
773 2218 883 2248 excepta
899 2222 957 2248 qua:
971 2214 1004 2241 ad
1018 2222 1066 2249 po-

274 2258 414 2286 steriorem
437 2259 526 2293 templi
542 2264 643 2293 partem
666 2260 749 2293 posita
771 2265 846 2292 erat,
868 2265 941 2287 stant
961 2267 1065 2287 omnes.

277 2303 338 2330 Ihec
361 2309 448 2331 tamen
469 2312 521 2331 non
543 2308 644 2332 temere
665 2310 729 2332 tunc
742 2304 825 2332 fracta
848 2311 905 2339 est,
921 2306 967 2333 sed
988 2314 1018 2334 ea
1033 2306 1067 2334 de

275 2359 371 2382 causa,
395 2360 474 2387 quam
495 2360 556 2379 mox
571 2352 665 2379 dicturi
685 2360 786 2380 sumus.
814 2353 869 2380 lloc
892 2353 936 2380 ubi
960 2353 1065 2386 accidit,

275 2396 364 2423 statim
379 2398 508 2425 da-monis
523 2398 648 2426 sacerdos
670 2398 701 2426 ad
726 2399 840 2427 tribunal
863 2400 964 2434 rapitur
983 2405 1009 2427 ct
1024 2400 1066 2427 in-

275 2442 361 2469 cendii
383 2448 517 2471 auctorem
542 2444 657 2472 indicare
678 2446 791 2481 cogitur.
813 2445 878 2473 Cum
905 2454 956 2473 non
977 2451 1067 2481 posset

275 2493 374 2519 autem.
398 2497 469 2522 cum,
493 2490 611 2518 distortis
633 2495 709 2518 antea
733 2491 845 2524 cubitis,
869 2492 960 2520 multis
984 2493 1067 2528 plagis

276 2533 439 2568 allicientes,
455 2535 551 2563 deinde
574 2536 713 2564 sublimem
728 2541 837 2572 agentes
851 2537 928 2565 caesis
942 2538 1067 2565 lateribus

277 2579 341 2606 nihil
366 2580 479 2614 amplius
494 2581 644 2609 didicerunt
665 2591 671 2608 :
695 2590 726 2609 ac
749 2583 859 2617 perinde
879 2584 974 2611 accidit
989 2589 1067 2619 atque

276 2625 302 2652 in
318 2626 513 2653 resurrectione
525 2627 632 2654 Christi.
648 2628 714 2655 Tum
728 2628 798 2655 enim
820 2629 918 2657 milites
932 2630 964 2656 ad
979 2634 1068 2656 custo-

277 2672 347 2699 diam
363 2673 483 2707 corporis
497 2673 559 2701 Jesu
579 2675 715 2702 constituti
732 2680 807 2708 sunt,
832 2683 865 2703 ne
885 2680 1009 2711 possent,
1024 2678 1067 2703 in—

276 2718 343 2752 quit,
358 2718 480 2754 discipuli
500 2719 562 2746 illud
577 2720 674 2748 callide
687 2720 809 2748 sulfurari
824 2720 930 2756 (Matt/1.
941 2721 986 2749 ‘27.
1001 2720 1046 2757 64)
1059 2731 1066 2749 :

277 2770 402 2792 cmterum
417 2765 439 2792 is
454 2765 502 2793 fuit
515 2766 552 2794 rei
567 2772 695 2800 eventus,
712 2772 740 2794 ut
760 2767 832 2794 nulla
847 2767 889 2794 vel
906 2767 1066 2802 impudenti-

277 2811 327 2838 bus
341 2812 446 2846 quidem
461 2815 565 2842 occasio
580 2815 791 2849 relinqueretur,
808 2815 851 2850 qui
864 2815 963 2842 vellent
977 2822 1068 2843 resur-

278 2857 404 2884 rectionis
419 2858 497 2886 fidem
511 2860 615 2889 tollere.
633 2860 681 2888 llic
694 2867 798 2896 quoque
813 2860 966 2889 trahebatur
978 2867 1068 2890 sacer-

633 134 661 163 S.
682 134 821 163 JOANNIS
840 134 1077 163 CIIRYSOSTOMI
1098 134 1247 162 ARClllEP
1278 134 1542 165 CONSTANTINOP.

1847 140 1898 168 560

1109 193 1174 225 dos,
1189 198 1217 220 ut
1231 201 1282 219 non
1297 193 1384 220 divina
1402 194 1455 226 ira,
1471 194 1517 221 sed
1532 194 1646 222 humana
1659 196 1776 230 nequitia
1790 195 1816 223 id
1831 198 1898 224 acci-

1110 239 1182 266 disse
1196 239 1392 267 tcstiticaretur.
1407 240 1550 267 Contortus
1563 244 1649 267 tamen
1665 246 1745 276 atque
1758 241 1900 276 laceratus,

1109 291 1170 311 cum
1191 285 1292 312 nullum
1317 290 1407 319 posset
1436 285 1573 317 indicare,
1599 287 1726 313 divinitus
1753 287 1900 315 immissum

1112 330 1193 357 fuisse
1205 330 1292 365 ignem
1306 335 1416 358 testatus
1430 337 1481 363 est,
1501 337 1530 359 ut
1550 332 1637 359 nullus
1657 333 1711 366 jam
1728 333 1801 359 locus
1816 333 1900 367 impu-

1110 375 1205 403 denter
1218 376 1356 411 agentibus
1371 377 1574 413 relinqueretur.
1595 377 1646 405 Sed
1662 379 1731 413 quod
1748 379 1826 413 paulo
1839 385 1901 406 ante

1109 421 1191 447 alium
1207 422 1232 447 in
1249 422 1336 448 locum
1352 423 1460 454 remisi,
1480 431 1549 450 nunc
1570 429 1701 458 oportune
1721 424 1818 451 dicam.
1834 423 1901 457 Quid

1110 466 1174 493 illud
1187 466 1249 493 est?
1264 467 1300 493 lta
1316 467 1386 495 illius
1399 468 1516 495 animum
1530 469 1659 495 exterruit
1681 475 1790 504 martyr,
1807 474 1835 496 ut
1850 477 1901 496 non

1111 512 1179 539 ultra
1192 513 1314 547 progredi
1330 513 1449 541 auderet.
1468 513 1559 548 Neque
1572 515 1642 541 enim
1659 519 1795 549 postquam
1811 522 1899 542 sacer-

1111 559 1211 592 dotem,
1224 567 1302 595 quem
1318 561 1390 595 prius
1404 564 1477 587 tanto
1496 561 1522 587 in
1540 561 1641 588 honore
1656 560 1778 593 habebat,
1802 561 1902 587 incensi

1112 605 1172 632 tecti
1188 612 1265 632 causa
1280 610 1318 633 tot
1332 606 1408 633 malis
1420 606 1554 639 aﬂ‘ecerat,
1570 606 1604 634 ita
1618 611 1646 633 ut
1658 607 1808 639 immanius,
1824 614 1903 643 quam

1112 650 1279 685 sanguinaria
1295 650 1350 678 fera
1363 671 1370 684 ,
1393 651 1427 678 ab
1439 651 1497 686 ejus
1512 651 1624 679 fortasse
1638 652 1763 679 vorandis
1776 653 1903 679 carnibus

1112 704 1165 723 non
1180 696 1368 730 abstinuisset,
1394 698 1444 725 nisi
1466 705 1508 725 res
1522 698 1683 725 exsecranda
1705 699 1828 725 omnibus
1849 699 1904 725 visa

1113 747 1205 770 esset:
1221 749 1341 771 sanctum
1365 744 1438 771 illum
1461 745 1507 780 qui
1529 752 1559 772 os
1576 745 1702 772 daemonis
1723 745 1904 776 obstruxerat,

1113 797 1207 817 rursus
1227 790 1253 816 iu
1276 791 1368 818 urbem
1390 790 1560 823 deduxisset,
1584 797 1612 818 ut
1634 792 1734 826 majore
1756 791 1780 818 in
1802 791 1907 818 honoro

1113 840 1184 862 esset
1200 844 1206 862 :
1219 842 1280 862 nam
1295 836 1317 863 si
1332 843 1385 862 non
1397 841 1486 869 antea,
1499 843 1560 863 cum
1571 836 1674 863 dzcmon
1688 843 1717 863 se
1730 837 1826 863 \iclum
1840 844 1908 863 con-

1113 880 1202 908 fessus
1214 886 1273 914 est,
1289 886 1315 908 at
1328 886 1401 909 certe
1415 887 1474 916 post
1495 882 1646 910 incendium
1661 882 1748 909 omnia
1765 882 1907 909 evertisset

1114 930 1140 953 ct
1155 926 1324 961 perdidisset,
1339 935 1446 962 capsam
1461 932 1487 954 et
1506 933 1647 963 utrumque
1661 928 1815 963 martyrium
1831 935 1908 954 com-

1115 971 1262 1004 bussisset,
1278 977 1332 999 tum
1348 973 1419 1008 quod
1443 973 1469 1000 in
1491 974 1617 1008 Daphne,
1634 978 1688 1000 tum
1709 973 1779 1008 quod
1798 974 1823 1000 in
1840 973 1908 1000 urbe

1114 1022 1172 1044 erat
1184 1037 1191 1049 ,
1215 1018 1265 1045 nisi
1281 1022 1369 1045 metus
1384 1019 1449 1045 iram
1465 1023 1617 1054 superasset
1634 1027 1666 1046 ac
1681 1018 1793 1045 formido
1806 1025 1907 1045 tnero‘

1114 1069 1171 1090 rem
1186 1063 1301 1091 vicisset.
1318 1063 1412 1092 Solent
1426 1065 1496 1092 enim
1511 1065 1587 1091 mulli
1598 1086 1605 1097 ,
1621 1072 1682 1091 cum
1699 1065 1735 1090 ira
1750 1068 1777 1091 et
1791 1071 1907 1090 maerore

1114 1110 1302 1144 corripiuntur,
1325 1111 1348 1138 si
1371 1111 1534 1145 aegritudinis
1556 1117 1678 1138 auctores
1701 1110 1904 1146 apprehendere

1116 1163 1169 1182 non
1184 1156 1307 1190 valeant,
1330 1157 1357 1184 in
1380 1157 1471 1184 obvios
1487 1164 1606 1192 quosque
1628 1165 1659 1184 ac
1681 1162 1818 1191 suspectos
1839 1157 1908 1183 iram

1116 1201 1261 1228 effundere.
1286 1201 1343 1229 Non
1358 1203 1449 1237 procul
1465 1207 1553 1229 autem
1574 1202 1624 1230 hac
1642 1202 1791 1236 suspicione
1807 1207 1910 1236 martyr

1116 1252 1194 1274 erat:
1211 1255 1272 1274 nam
1295 1247 1374 1274 simul
1395 1252 1474 1283 atque
1498 1249 1524 1274 in
1547 1248 1637 1274 urbem
1654 1247 1793 1281 pervenit,
1817 1247 1909 1273 statim

1116 1293 1184 1328 ignis
1200 1294 1328 1328 templum
1343 1294 1449 1321 invasit.
1474 1294 1525 1320 Sed
1542 1293 1611 1328 quod
1626 1293 1698 1325 dixi,
1722 1292 1831 1319 allectus
1846 1299 1909 1318 cum

1116 1339 1211 1367 allecto
1233 1340 1384 1375 pugnabat,
1411 1332 1529 1374 iramque
1551 1339 1672 1366 vincebat
1696 1343 1791 1366 melus.
1815 1338 1911 1373 Cogita

1117 1386 1188 1414 enim
1201 1387 1287 1422 qualis
1301 1394 1361 1414 esse
1375 1391 1477 1422 poterat
1494 1386 1537 1414 ille
1551 1387 1591 1413 vir
1604 1386 1688 1413 bonus
1698 1405 1705 1417 ,
1721 1392 1781 1412 cum
1797 1385 1822 1411 iu
1842 1384 1911 1411 sub-

1117 1433 1221 1460 urbium
1244 1433 1411 1466 ascendens,
1437 1433 1593 1469 martyrium
1618 1437 1691 1459 stans
1713 1436 1851 1464 cerneret,
1880 1440 1913 1459 ac

1118 1480 1247 1514 templum
1261 1480 1410 1511 incensum.
1425 1480 1522 1507 idolum
1538 1479 1665 1510 deletum,
1679 1479 1788 1506 donaria
1801 1478 1914 1505 absum-

1118 1531 1161 1560 pta
1175 1546 1182 1558 ,
1206 1526 1369 1553 liberalitatis
1390 1533 1446 1554 sua:
1461 1530 1488 1553 ct
1507 1525 1630 1553 salanica:
1651 1533 1755 1560 pompa:
1776 1524 1913 1552 sublatam

1117 1571 1284 1599 memoriam.
1312 1569 1421 1598 Etiamsi
1436 1571 1506 1599 enim
1522 1579 1583 1598 cum
1599 1571 1660 1597 talia
1675 1571 1807 1597 videntem
1824 1578 1914 1604 neque

1118 1617 1156 1644 ira
1173 1625 1259 1652 neque
1282 1617 1388 1644 tristitia
1410 1617 1588 1648 invasissent,
1616 1616 1744 1651 pudorem
1768 1616 1839 1642 certe
1857 1624 1912 1642 non

1119 1662 1238 1695 tulisset,
1256 1663 1391 1697 risumque
1410 1667 1531 1694 tantum;
1548 1662 1593 1689 sed
1608 1662 1634 1689 in
1654 1661 1723 1688 beati
1747 1661 1815 1687 illius
1835 1669 1914 1687 mar-

1118 1708 1215 1742 tyrium
1231 1707 1336 1743 iniquas
1348 1715 1442 1735 tuanus
1455 1708 1629 1740 extendisset,
1646 1707 1695 1734 uisi
1710 1707 1744 1739 id,
1760 1706 1829 1742 quod
1843 1707 1913 1739 dixi,

1118 1753 1282 1781 cohibuisset
1303 1753 1386 1781 illum.
1407 1753 1498 1789 Neque
1520 1754 1591 1781 enim
1615 1752 1748 1780 modicum
1770 1757 1827 1779 erat
1839 1752 1914 1787 quod

1119 1803 1182 1826 tunc
1202 1799 1340 1835 agebatur,
1364 1800 1410 1827 sed
1432 1797 1538 1827 omnem
1561 1800 1696 1835 gentilium
1719 1798 1913 1826 confidentiam

1118 1845 1286 1880 prmeiderat,
1302 1853 1408 1872 omnem
1424 1845 1540 1872 lmtitiam
1555 1846 1733 1875 exstinxerat;
1755 1848 1914 1879 tantamque

1119 1890 1172 1918 illis
1185 1891 1317 1919 maestitiae
1332 1891 1473 1926 caliginem
1487 1890 1632 1922 oll'udcrat,
1646 1895 1770 1925 quantam
1783 1889 1807 1916 si
1821 1890 1913 1916 omnia

1120 1935 1197 1962 simul
1212 1936 1307 1971 templa
1322 1936 1472 1972 periissent.

1155 1982 1199 2008 18.
1219 1981 1319 2008 Libanii
1337 1982 1465 2008 mouadia.
1480 1981 1601 2015 —Quod
1615 1987 1702 2008 autem
1725 1981 1782 2008 hLDC
1803 1988 1856 2007 non
1869 1980 1914 2014 ja-

1119 2028 1265 2055 ctabundus
1286 2027 1410 2060 efferam,
1434 2028 1490 2062 ipsa
1506 2027 1584 2054 verba
1606 2026 1714 2054 lamenti
1728 2031 1756 2053 et
1778 2026 1913 2053 monodia:

1120 2075 1252 2108 proferam
1264 2094 1271 2106 ,
1287 2081 1365 2108 quam
1382 2073 1454 2100 urbis
1469 2073 1586 2107 sophista
1603 2079 1665 2100 tunc
1680 2072 1705 2099 in
1723 2072 1794 2099 hunc
1808 2072 1912 2098 daamo-

1120 2128 1181 2147 ncm
1206 2120 1298 2148 edidit.
1314 2120 1359 2148 Sic
1375 2125 1464 2148 autem
1489 2120 1569 2148 habet
1586 2121 1679 2147 monia:
1699 2119 1801 2147 initium
1819 2127 1826 2145 :
1844 2118 1912 2153 Viri,

1120 2175 1226 2202 quorum
1241 2166 1321 2193 oculis
1331 2187 1339 2199 ,
1363 2174 1433 2201 aqua
1456 2174 1486 2193 ac
1505 2166 1582 2199 meis,
1598 2166 1679 2201 caligo
1693 2165 1777 2199 offusa
1790 2169 1842 2198 est,
1866 2173 1914 2191 nec

1122 2213 1254 2247 pulchram
1264 2232 1271 2244 ,
1286 2220 1331 2239 nec
1345 2220 1462 2247 magnam
1475 2212 1591 2247 deinceps
1605 2212 1670 2240 hanc
1684 2212 1770 2239 urbem
1784 2219 1912 2239 vocemus.

1122 2257 1223 2284 Deinde
1242 2265 1302 2284 cum
1321 2258 1446 2284 nonnulla
1461 2258 1570 2285 dixisset
1583 2259 1791 2292 asseruissctque
1808 2256 1842 2284 de
1862 2256 1915 2283 Da-

1120 2303 1206 2338 phnes
1221 2303 1307 2331 fabula
1322 2303 1419 2340 (neque
1442 2306 1512 2332 enim
1529 2309 1610 2331 totam
1632 2306 1778 2331 orationem
1803 2303 1847 2330 hic
1870 2303 1915 2330 in-

1122 2355 1212 2379 texere
1230 2356 1333 2386 tempus
1347 2352 1461 2386 patitur,
1477 2360 1510 2378 ne
1532 2352 1664 2387 longiores
1675 2372 1682 2383 ,
1696 2359 1775 2386 quam
1791 2359 1839 2385 par
1852 2356 1897 2378 est
1907 2372 1915 2382 .

1121 2397 1237 2432 simus),
1249 2397 1400 2431 Persarum,
1417 2399 1510 2433 inquit,
1525 2398 1569 2425 ille
1585 2406 1640 2430 rex,
1657 2397 1702 2432 qui
1716 2398 1851 2425 civitatem
1867 2404 1918 2424 cc-

1122 2444 1169 2479 pit,
1187 2445 1286 2479 templo
1307 2445 1444 2479 pepercit:
1461 2445 1517 2479 ipsa
1544 2452 1622 2479 porro
1647 2445 1728 2471 verba
1754 2444 1811 2471 haec
1829 2448 1897 2470 sunt
1909 2452 1918 2469 :

1124 2491 1176 2525 Qui
1195 2492 1329 2518 exercitum
1350 2497 1436 2518 contra
1459 2500 1504 2518 nos
1523 2491 1614 2523 movit,
1636 2495 1755 2525 pratstarc
1776 2490 1874 2525 putauit
1891 2493 1922 2515 ιιι

1122 2536 1240 2572 templum
1261 2542 1415 2569 servaretur,
1431 2542 1568 2570 statutaque
1587 2536 1661 2563 decor
1680 2535 1810 2562 barbarico
1833 2535 1925 2570 furori

1123 2583 1263 2618 prwvuluit.
1278 2582 1354 2609 Num:
1374 2588 1473 2614 autent,
1490 2591 1504 2610 ο
1518 2583 1572 2616 sol,
1589 2591 1603 2609 ο
1617 2588 1683 2609 terra
1695 2582 1706 2609 !
1719 2582 1773 2616 quis
1792 2581 1829 2608 uel
1851 2582 1926 2608 unde

1124 2630 1163 2656 liie
1179 2629 1266 2662 hostia,
1279 2630 1321 2664 qui
1333 2638 1378 2656 nec
1388 2630 1471 2664 gravis
1485 2635 1620 2655 armaturae
1633 2628 1751 2655 militibus
1762 2648 1771 2660 ,
1785 2635 1830 2654 nec
1846 2628 1910 2661 equi
1915 2642 1928 2648 -

1124 2676 1190 2703 tibur
1200 2700 1208 2710 ,
1225 2684 1268 2703 nec
1282 2676 1394 2703 velitibus
1408 2684 1470 2711 opus
1488 2675 1596 2709 Imbens,
1612 2683 1689 2710 parva
1705 2674 1815 2702 scintilla
1829 2674 1930 2701 omni:

1123 2723 1261 2758 absumpsit
1273 2722 1285 2749 .9
1299 2722 1393 2750 Postea
1407 2723 1450 2750 ubi
1465 2721 1609 2749 declaravit
1628 2720 1777 2748 dzcmonem
1800 2723 1868 2747 tunc
1890 2720 1932 2748 ab

1123 2770 1168 2798 illo
1182 2770 1300 2806 (Babylo)
1315 2770 1393 2797 fuisse
1405 2770 1514 2801 victum,
1525 2776 1584 2796 cum
1595 2775 1638 2796 res
1651 2766 1789 2802 gentilium
1802 2766 1934 2794 maxime

1123 2816 1249 2843 florerent
1264 2816 1402 2843 sacriﬁciis
1414 2819 1440 2842 et
1453 2813 1644 2841 initiationibus
1658 2821 1666 2840 :
1681 2812 1714 2840 Et
1729 2817 1844 2839 nostrum
1855 2832 1862 2844 ,
1882 2812 1935 2840 iri-

1123 2862 1197 2896 quit,
1212 2861 1332 2896 templum
1353 2862 1439 2896 ingens
1460 2860 1526 2888 illud
1546 2859 1669 2887 diluvium
1683 2867 1734 2887 non
1748 2857 1840 2895 dejecit
1855 2878 1863 2892 ,
1885 2858 1941 2885 :ed
