4044 6206
251 268 353 325 559

244 401 418 456 μενος,
449 383 545 437 καὶ
583 385 694 437 τῶν
724 384 893 455 ιερῶν
935 385 1147 438 σκευῶν
1180 387 1302 448 ταῖς
1357 387 1581 456 μιαραῖς
1625 384 1904 455 τολμήσας

253 473 475 542 ἅψασθαι
498 474 678 543 χερσὶ,
710 473 805 526 καὶ
833 473 953 526 οὐδέ
987 473 1197 538 τούτοις
1226 473 1539 546 ἀρκεσθεὶς,
1563 473 1697 528 ἀλλὰ
1722 491 1909 544 περαιο

241 565 377 632 τέρω
404 565 471 633 τῇ
517 560 673 630 ῦϐρει
723 560 1001 632 προελθὼν
1051 561 1447 632 (περιστρέψας
1474 561 1584 632 γὰρ
1627 561 1766 615 αὐτά
1814 564 1908 615 καὶ

244 650 354 714 θεὶς
381 650 474 704 ἐπὶ
503 649 597 702 τοῦ
637 649 866 717 ἐδάφους
893 649 986 702 καὶ
1011 648 1290 711 ἁπλώσας,
1319 647 1494 711 οὓτως
1530 648 1786 702 ἐκάθισεν
1818 649 1905 701 ἐπ’

238 739 456 807 αὐτῶν),
502 738 847 808 παραχρῆμα
890 738 1096 807 ταύτης
1141 739 1240 807 τῆς
1280 739 1600 808 παρανόμου
1636 738 1936 808 καθέδρας.

236 828 334 899 τὴν
349 828 498 898 δίκην
520 826 712 880 ἐδωκε.
732 825 1044 898 Διαφθαρέν
1067 826 1175 896 γὰρ
1198 827 1363 880 αὐτοῦ
1388 827 1446 879 τὸ
1474 827 1670 880 αίδοῖον
1698 825 1907 896 σκώλη-

239 934 339 980 κας
361 916 533 969 ἔτεκε·
564 916 679 979 καὶ,
705 913 848 968 ὥστε
880 913 1157 984 δειχθῆναι
1188 916 1269 967 ὅτι
1291 916 1324 984 ἡ
1348 914 1502 978 νόσος
1528 914 1788 986 θεήλατος
1812 911 1901 986 ἦν,

239 1008 423 1068 πίονας
452 1005 632 1076 ὄρνεις
682 1005 777 1058 καὶ
827 1004 1043 1069 ξενικάς
1089 1002 1453 1066 καταθύοντες
1501 1004 1550 1056 οί
1585 1003 1781 1074 ἰατροὶ,
1810 1004 1904 1057 καὶ

242 1093 460 1164 πλησίον
493 1092 602 1145 τῶν
646 1090 1006 1162 διεφθορότων
1041 1090 1216 1160 μελῶν
1267 1089 1507 1154 τιθέντες
1549 1090 1904 1156 ἐξεκαλοῦντο

239 1181 362 1243 τοὺς
388 1178 692 1248 σκώληκαςο
721 1179 771 1230 οἰ
792 1178 850 1230 δὲ
872 1178 970 1232 οὐκ
1002 1190 1029 1218 ⁸
1072 1177 1388 1247 ἀφίσταντο,
1434 1176 1570 1231 ἀλλά
1603 1177 1771 1248 ἀπρὶξ
1794 1177 1902 1230 τῶν

241 1267 551 1338 σεσηπότων
581 1265 793 1336 εἴχοντο
826 1264 1029 1336 μερῶν,
1049 1263 1142 1318 καὶ
1169 1263 1345 1328 οὕτως
1369 1264 1532 1318 αὐτὸν
1559 1265 1651 1318 ἐπὶ
1679 1264 1902 1329 πολλαῖς

238 1353 639 1424 δαπανήσαντες
666 1352 896 1422 ήμέραις
926 1351 1113 1414 κακῶς
1141 1350 1450 1405 ἀπώλεσαν.
1481 1351 1707 1421 ’Έτερος
1741 1351 1796 1404 δέ
1819 1369 1902 1415 τις

243 1441 334 1495 ἐπὶ
356 1444 416 1511 τῇ
451 1440 664 1509 φυλακῇ
686 1438 794 1491 τῶν
814 1439 1054 1508 ταμείων
1073 1437 1408 1508 τεταγμένος
1441 1437 1550 1492 τῶν
1582 1438 1899 1508 βασιλικῶν,

242 1531 368 1600 πρὶν
398 1529 429 1599 ἢ
456 1528 547 1581 τὸν
571 1527 722 1580 οὐδὸν
753 1526 1059 1598 ὑπερϐῆναι
1092 1525 1199 1580 τῶν
1255 1525 1542 1596 βασιλείων
1564 1566 1579 1592 ,
1633 1525 1898 1596 ἐλάκησεν

242 1619 390 1687 ἄφνω
419 1617 603 1687 μέσος,
641 1615 733 1668 καὶ
760 1615 922 1678 αὐτὸς
951 1614 1144 1686 ἐτέρας
1177 1613 1321 1676 τινὸς
1365 1613 1620 1685 τοιαύτης
1655 1630 1898 1683 παρανο-

247 1707 368 1774 μίας
395 1705 546 1776 δίκην
578 1703 720 1766 δούς.
757 1701 944 1756 Ταῦτα
973 1701 1038 1771 δὴ
1067 1703 1160 1755 καὶ
1189 1701 1396 1754 τούτων
1423 1700 1644 1754 πλείονα
1673 1700 1752 1769 (οὐ
1791 1703 1898 1771 γὰρ

245 1795 450 1847 ᾶπαντα
513 1791 832 1859 καταλέγειν
897 1789 1090 1860 καιρὸς
1138 1788 1270 1847 νῦν)
1324 1790 1406 1850 είς
1459 1787 1586 1841 νοῦν
1637 1787 1815 1841 λαϐὼν
1872 1790 1900 1840 6

246 1881 452 1951 μιαρὸς,
482 1879 736 1932 ἐδεδοίκει
786 1878 882 1948 τὴν
927 1877 1132 1946 τόλμαν
1177 1877 1489 1946 περαιτέρω
1538 1879 1894 1947 προαγαγεῖν.

245 1969 347 2022 Kal
365 1969 444 2020 δτι
463 1967 565 2020 οὐκ
587 1965 680 2018 ἀπ’
718 1963 960 2034 ἐμαυτοῦ
993 1965 1167 2016 ταῦτα
1213 1963 1357 2031 λέγω
1380 1963 1494 2027 νῦν,
1526 1964 1590 2016 ἐκ
1617 1962 1725 2016 τῶν
1760 1963 1898 2034 μετά

240 2051 405 2104 ταῦτα
436 2051 528 2102 ὐπ’
565 2047 730 2101 αὐτοῦ
775 2047 1084 2117 γενομένων
1118 2047 1272 2099 ἔσται
1307 2045 1464 2116 δῆλον
1499 2048 1652 2116 ἡμῖν’
1681 2047 1816 2111 τέως
1841 2048 1897 2101 δέ

240 2133 335 2202 τῆς
360 2131 680 2194 ἀκολουθίας
707 2129 816 2182 τῶν
849 2130 1232 2200 γεγενημένων
1265 2129 1541 2200 ἐχώμεθα.

307 2221 368 2272 Τί
400 2221 463 2288 δὴ
489 2220 552 2271 τὸ
579 2217 828 2271 ἐντεῦθεν
848 2213 948 2288 ἦν;
991 2216 1162 2270 Τοῦτο
1202 2217 1312 2289 γάρ
1349 2220 1466 2271 ἐστι
1493 2217 1553 2271 τὸ
1583 2217 1898 2288 θαυμαστὸν

241 2309 296 2360 οὐ
333 2307 428 2376 τὴν
451 2306 681 2374 δύναμιν
723 2305 904 2374 μόνον,
935 2305 1073 2358 ἀλλά
1102 2305 1196 2358 καὶ
1230 2305 1329 2375 τὴν
1359 2304 1565 2372 ἄφατον
1597 2305 1900 2376 φιλανθρωο

241 2395 362 2448 πίαν
391 2393 730 2446 ἐπιδεικνύον
769 2391 863 2444 τοῦ
913 2391 1074 2446 Θεοῦ.
1120 2392 1177 2445 Ὀ
1217 2392 1317 2463 μὲν
1351 2392 1460 2463 γὰρ
1501 2393 1656 2461 ἆγιος
1687 2393 1899 2464 μάρτυς

236 2483 339 2534 τῶν
386 2479 549 2552 ἱερῶν
603 2481 734 2533 εἴσω
771 2479 1076 2550 περιϐόλων
1119 2475 1222 2551 ἦν,
1270 2481 1330 2532 ἐν
1375 2475 1456 2543 οἷς
1501 2481 1596 2534 καὶ
1632 2481 1899 2552 πρότερον

234 2570 526 2640 ἐτύγχανεν
551 2567 648 2634 ὢν,
673 2569 802 2639 πρὶν
833 2567 913 2630 είς
944 2567 1042 2638 τὴν
1065 2568 1283 2637 Δάφνην
1309 2567 1502 2620 ἐλθεῖν·
1531 2569 1560 2622 6
1581 2569 1638 2622 δὲ
1663 2567 1898 2639 πονηρὸς

232 2658 438 2728 δαίμων
496 2655 800 2726 ἐμάνθανεν
856 2654 1088 2718 εὐθέως,
1143 2657 1224 2708 ὅτι
1283 2655 1463 2726 μάτην
1510 2656 1658 2727 αὐτῷ
1700 2658 1768 2710 τὰ
1801 2658 1899 2728 τῆς

233 2746 444 2814 ἀπάτης
470 2743 876 2814 μεμηχάνηται,
905 2746 998 2797 καὶ
1023 2743 1188 2796 ὅτιού
1216 2744 1352 2814 πρὸς
1382 2745 1571 2815 νεκρὸν
1599 2745 1689 2798 τὸν
1711 2746 1900 2814 ἀγῶνα

232 2831 395 2904 εἶχεν,
427 2832 564 2885 ἀλλά
597 2832 730 2903 πρὸς
764 2831 943 2896 ζῶντα
969 2834 1066 2886 καὶ
1099 2833 1446 2903 ἐνεργοῦντα,
1482 2835 1577 2887 καὶ
1606 2836 1706 2888 οὐκ
1732 2836 1897 2890 αὐτοῦ

234 2925 412 2994 μόνον,
441 2920 582 2975 ἀλλά
610 2923 704 2974 καὶ
747 2921 964 2974 πάντων
1001 2921 1268 2991 δαιμόνων
1315 2922 1678 2993 ίσχυρότερον.
1714 2925 1898 2995 Παρα-

154 3058 158 3066 .
230 3012 467 3075 καλέσας
492 3010 601 3082 γὰρ
637 3011 727 3064 τὸν
754 3011 886 3063 Θεὸν
922 3010 1139 3080 ἀφεῖναι
1169 3009 1283 3080 πῦρ
1307 3013 1387 3073 εἰς
1409 3011 1500 3064 τὸν
1522 3010 1680 3076 νεὼν,
1714 3013 1815 3084 τήν
1837 3030 1897 3066 τε

227 3101 429 3172 ὀροφὴν
447 3098 744 3166 κατέφλεξε
767 3099 969 3163 πᾶσαν,
993 3098 1088 3152 καὶ
1108 3097 1169 3150 τὸ
1188 3097 1405 3152 εἴδωλον
1437 3099 1632 3172 μέχρις
1652 3102 1898 3170 ἐσχάτων

227 3185 717 3261 ἀφανίσαςιποδῶν,
734 3185 942 3256 τέφραν
965 3203 1026 3238 τε
1054 3187 1339 3258 ἀποφήνας
1363 3189 1459 3240 καὶ
1487 3189 1658 3254 κόνιν,
1685 3190 1898 3260 ἀφῆκεν

228 3275 451 3329 ἐστάναι
483 3273 614 3336 τοὺς
639 3273 852 3344 τοίχους
895 3273 1162 3339 ἅπαντας.
1194 3275 1305 3329 Καὶ
1333 3275 1389 3328 εἴ
1421 3293 1504 3340 τις
1533 3277 1786 3349 ἐπισταίη
1819 3278 1897 3350 τῷ

224 3363 375 3433 τόπῳ
397 3361 516 3424 νῦν,
541 3361 642 3414 οὐκ
682 3360 748 3414 ἂν
798 3361 942 3414 εῖποι
977 3362 1146 3434 πυρὸς
1179 3362 1342 3433 ἔργον
1380 3359 1520 3416 εἶναι
1545 3363 1606 3416 τὸ
1636 3366 1892 3434 γεγονόςο

224 3451 346 3505 οὐδὲ
379 3450 491 3522 γάρ
514 3449 748 3511 ἄτακτος
772 3450 824 3514 δ,
857 3451 978 3504 οὐδὲ
1020 3451 1096 3516 ὡς
1123 3451 1182 3519 ἐξ
1212 3451 1345 3523 ὕλης
1368 3453 1577 3523 ἀψύχου
1607 3454 1830 3522 γέγονεν
1859 3456 1892 3526 ἠ

222 3539 595 3611 πυρπόλησις,
619 3539 734 3593 ἀλλ’
769 3539 962 3611 ῶσπερ
1005 3539 1150 3604 τινὸς
1196 3541 1378 3612 χειρὸς
1433 3542 1805 3613 περιαγούσης
1835 3542 1898 3596 τὺ

221 3628 358 3700 πῦρ,
385 3629 482 3682 καὶ
502 3628 853 3698 δεικνυούσης
873 3628 1033 3682 τίνων
1059 3630 1157 3700 μὲν
1192 3629 1502 3699 φείσασθαι,
1534 3630 1653 3683 τίνα
1676 3631 1732 3684 δὲ
1761 3633 1895 3685 ἀνα-

220 3716 395 3770 λῶσαι
411 3717 601 3788 ἐχρῆν,
618 3715 790 3780 οὕτως
817 3716 1104 3789 εὐρύθμως
1137 3715 1288 3789 [565]
1305 3715 1410 3771 καῖ’
1429 3718 1692 3788 τεχνικῶς
1723 3721 1752 3772 6
1771 3720 1896 3784 ναὸς

219 3803 632 3857 ἐκκεκάλυπται
663 3815 712 3868 ο,
744 3805 838 3858 καὶ
869 3806 929 3857 οὐ
972 3807 1083 3868 τοῖς
1131 3805 1624 3876 ἐμπεπρησμένοις
1675 3805 1858 3870 ἁπλῶς
1877 3848 1892 3872 ,

219 3891 359 3944 ἀλλά
378 3894 494 3954 τοῖς
527 3892 747 3961 ἀρτίους
780 3891 878 3962 μὲν
911 3891 1094 3962 έχουσι
1133 3893 1257 3956 τοὺς
1305 3894 1649 3963 περιϐόλους,
1695 3895 1896 3964 στέγης

217 3978 277 4031 δὲ
307 3978 587 4050 δεομένοις
611 3980 779 4050 μόνης
802 3979 1144 4050 προσέοικεν.
1177 3981 1258 4033 Τά
1283 3997 1342 4032 τε
1368 3979 1476 4051 γὰρ
1523 3981 1679 4042 ἄλλα,
1719 3981 1814 4033 καὶ
1847 3983 1894 4033 οί

219 4066 398 4131 κίονες
427 4066 484 4120 οἵ
511 4084 572 4119 τε
600 4066 692 4120 τὸν
714 4066 911 4138 ὄροφον
945 4067 1228 4136 ἀνέχοντες
1248 4109 1260 4130 ,
1310 4067 1364 4120 οἵ
1392 4085 1450 4121 τε
1477 4069 1546 4122 τά
1585 4068 1896 4139 προπύλαια

219 4156 465 4220 ἅπαντες
499 4158 796 4227 ἑστήκασι,
832 4155 972 4226 πλὴν
1007 4155 1102 4209 τοῦ
1139 4155 1267 4225 περὶ
1293 4155 1319 4194 ἀ
1363 4157 1454 4210 τὸν
1483 4156 1707 4210 ὄπισθεν
1730 4157 1893 4228 δόμον

217 4246 358 4308 ἑνός·
391 4248 490 4299 καὶ
515 4240 670 4308 οὗτος
698 4245 756 4299 δέ
781 4246 879 4314 οὐχ
910 4244 1095 4308 ἀπλῶς
1124 4245 1300 4316 ἀφέθη
1334 4245 1722 4317 διακλασθῆναι
1749 4247 1892 4311 τότε,

214 4333 352 4386 ἀλλά
391 4335 464 4387 δι’
491 4334 705 4399 αἰτίαν,
747 4333 815 4404 ἢν
865 4332 1004 4403 μετὰ
1053 4331 1226 4385 ταῦτα
1281 4332 1532 4404 ἐροῦμεν.
1590 4333 1794 4386 Τούτου
1830 4335 1894 4405 δὴ

214 4421 557 4491 συμϐάντος,
609 4421 802 4489 ἄγεται
845 4421 946 4490 μὲν
997 4422 1076 4484 εἰς
1114 4421 1465 4492 δικαστήριον
1505 4421 1706 4483 εὐθέως
1738 4425 1766 4476 6
1797 4424 1893 4475 τοῦ

208 4508 476 4580 δαίμονος
503 4511 705 4581 ἱερεὺς,
738 4512 834 4564 καὶ
863 4509 959 4564 τὸν
993 4511 1167 4562 αίτιον
1202 4511 1542 4579 ἠναγκάζετο
1583 4512 1782 4579 λέγειν,
1819 4513 1895 4576 ὡς

207 4595 267 4648 δὲ
300 4599 407 4650 οὐκ
439 4595 606 4666 εἶχεν,
627 4597 1094 4665 ἐξαγκωνίσαντες
1118 4598 1304 4662 αὐτὸν,
1330 4599 1423 4651 καὶ
1452 4599 1651 4663 πολλὰς
1679 4598 1895 4652 ἐπιθέν-
1955 4645 1959 4650 ,

206 4698 303 4745 τις
331 4684 574 4753 πληγὰς,
607 4679 726 4738 εἶτα
772 4685 1202 4756 μετεωρίσαντες
1232 4687 1327 4738 καὶ
1370 4687 1470 4750 τὰς
1504 4686 1743 4757 πλευράς
1774 4688 1893 4742 δια-

209 4767 492 4835 ξαίνοντες
513 4772 817 4842 ἐμάνθανον
846 4772 1008 4826 πλέον
1040 4773 1215 4837 οὐδὲν,
1235 4773 1349 4826 ἀλλ’
1366 4774 1574 4842 ἐγίνετο
1595 4776 1894 4845 παρόμοιον

205 4855 290 4924 τῷ
328 4857 432 4911 ἐπὶ
459 4858 562 4928 τῆς
608 4861 958 4925 ἀναστάσεως
1009 4861 1106 4914 τοῦ
1153 4861 1412 4932 Χριστοῦ.
1470 4861 1580 4914 Kal
1635 4863 1741 4934 γὰρ
1770 4863 1891 4915 τότε

206 4946 499 5015 ἐτάγησαν
533 4947 633 5017 μὲν
653 4949 703 4999 οἰ
730 4949 1060 5020 στρατιῶται
1082 4949 1143 5003 τὸ
1173 4949 1330 5019 σῶμα
1354 4949 1640 5019 φυλάττειν
1668 4949 1761 5002 τοῦ
1796 4949 1895 5022 Ἰη-

208 5032 331 5099 σοῦ,
370 5034 464 5087 ἵνα
513 5035 588 5106 μὴ
619 5036 930 5108 ἐκγένηται,
986 5037 1142 5108 φησὶ,
1181 5040 1557 5110 κακουργῆσαι
1619 5040 1748 5110 περὶ
1795 5041 1894 5109 τὴν

204 5119 428 5192 κλοπὴν
455 5126 568 5186 τοῖς
591 5123 882 5195 μαθηταῖς·
899 5125 962 5179 τὸ
982 5126 1040 5180 δέ
1059 5127 1290 5197 πρᾶγμα
1315 5129 1392 5190 είς
1414 5127 1574 5181 τοῦτο
1595 5129 1891 5192 ἐξέϐαινεν,

205 5207 355 5262 ὥστε
411 5210 553 5281 μηδὲ
598 5211 954 5283 ἀναίσχυντον
1001 5215 1276 5285 πρόφασιν
1333 5215 1728 5287 ὑπολειφθῆναι
1779 5219 1893 5281 τοῖς

199 5298 567 5368 βουλομένοις
595 5299 724 5371 περὶ
738 5301 836 5372 τὴν
856 5302 1037 5378 πίστψ
1053 5303 1151 5373 τῆς
1173 5304 1518 5368 ἀναστάσεως
1542 5309 1888 5377 κακουργεῖν.

215 5385 320 5438 ἰαὶ
352 5387 597 5440 ἐνταῦθα
635 5388 842 5442 εἵλκετο
872 5386 970 5458 μέν
1006 5393 1034 5444 6
1057 5391 1257 5461 ἱερεὺς,
1291 5392 1380 5446 ἵνα
1410 5393 1484 5462 μὴ
1514 5392 1664 5457 θείας
1700 5396 1888 5466 ὀργῆς,

191 5471 321 5524 ἀλλ’
351 5473 712 5547 ἀνθρωπίνης
745 5479 1082 5546 κακουργίας
1109 5478 1270 5548 ἔργον
1304 5475 1443 5533 εἶναι
1481 5483 1808 5556 μαρτυρήσῃ
1831 5484 1893 5535 τὸ

256 5620 483 5694 ’βοτη
510 5627 554 5672 οἱ
578 5625 631 5673 δέ
729 5625 868 5694 μόνον
906 5627 1024 5694 οὐκζ
1041 5627 1148 5676 Mox
1188 5643 1316 5680 unus
1338 5629 1522 5693 εἶχοντο
1549 5631 1719 5694 μελῶν.
1766 5632 1889 5685 [οτι-³

181 5679 594 5749 εα-νὶῖηςι-υιιυε
616 5679 772 5749 πρὶν’ἢ
792 5690 888 5735 τῶν
908 5689 1077 5738 οὐδῶν.

247 5743 282 5784 δ
312 5745 422 5792 Alii
442 5743 677 5802 ἀτάκτως.

247 5807 278 5835 ⁸
307 5808 422 5856 Anii
446 5807 748 5864 ἐκκέκαυται,
772 5809 854 5858 alii
879 5811 1246 5864 ἐκκεκάλυπται.

638 5893 910 5957 Pyrum.
946 5896 1065 5959 Gn.
1115 5896 1177 5958 L.

1081 283 1164 339 DE
1204 285 1264 340 S.
1300 286 1596 348 BABYLA,
1637 278 1913 341 CONTRA
1954 282 2302 340 JULIANUM
2356 285 2442 340 ET
2482 285 2832 342 GENTILES.

3567 278 3673 332 560

2010 390 2253 457 γεγονός·
2285 391 2712 463 στρεϐλούμενος
2741 392 2798 445 δέ
2852 391 2946 444 καὶ
2977 389 3319 460 αἰκιζόμενος
3363 392 3455 444 καὶ
3487 393 3670 446 οὐδένα

2008 477 2148 546 έχων
2175 478 2444 543 ἐκδοῦναι,
2477 479 2782 550 ἐμαρτύρει
2818 477 3160 547 θεόπεμπτον
3190 472 3412 530 εἶναιτὸ
3435 477 3566 549 πῦρ,
3598 481 3672 541 ὡς

2010 563 2143 633 μηδὲ
2179 568 2290 628 τοῖς
2328 567 2706 636 ἀναισχυντεῖν
2753 564 3099 634 βουλομένοις
3163 560 3302 617 εἷναί
3351 581 3470 618 τινα
3519 567 3674 634 λόγον

2006 650 2214 704 λοιπόν.
2247 652 2384 704 Ἀλλ’
2398 652 2534 722 ὅπερ
2558 653 2665 723 πρὸ
2688 651 2885 724 μικροῦ
2914 651 3082 704 θέλων
3104 653 3280 704 εἰπεῖν
3310 652 3672 722 ἀνεϐαλόμην,

2005 737 2166 790 τοῦτο
2203 738 2297 792 νῦν
2335 739 2608 810 εὐκαίρως
2658 737 2788 810 ἐρῶ.
2841 738 2904 790 Τί
2945 737 3002 790 δέ
3036 736 3197 790 τοῦτό
3228 739 3403 803 ἐστιν;
3445 740 3569 791 Ὀτι
3596 739 3675 809 τῷ

2007 824 2157 894 φόϐῳ
2187 825 2452 879 διέσεισεν
2485 825 2650 880 αὐτοῦ
2680 825 2778 895 τὴν
2815 824 2990 895 ψυχὴν
3037 826 3065 877 ὁ
3103 825 3333 896 μάρτυς,
3363 825 3439 888 ὡς
3475 826 3548 894 μὴ
3577 844 3674 879 πε,

2008 913 2246 983 ραιτέρω
2277 915 2342 982 τῇ
2374 912 2547 984 τόλμῃ
2583 924 2605 952 ε
2634 911 2939 980 προελθεῖν.
2972 913 3045 965 Οὐ
3071 913 3178 984 γὰρ
3223 914 3397 983 δήπου
3441 914 3532 966 τὸν
3573 913 3674 984 μὲν

2009 998 2176 1069 ἱερέα,
2219 1001 2312 1052 καὶ
2341 999 2398 1052 ὃν
2439 1003 2494 1052 ἐν
2519 999 2752 1072 τοσαύτῃ
2795 999 3058 1070 πρότερον
3085 995 3188 1070 ἦγε
3210 1002 3370 1071 τιμῇ,
3395 999 3671 1061 τοσούτοις

2005 1087 2142 1157 ὑπὲρ
2174 1089 2274 1155 τῆς
2301 1087 2508 1159 ὀροφῆς
2537 1086 2860 1156 περιέϐαλλε
2886 1089 3097 1152 κακοῖς,
3127 1088 3220 1140 καὶ
3251 1087 3440 1158 θηρίου
3474 1087 3671 1158 μᾶλλον

2004 1174 2299 1245 αἱμοϐόρου
2319 1173 2708 1244 διεσπάραττε,
2737 1173 2875 1243 τάχα
2918 1174 2962 1226 δ’
2985 1175 3051 1227 ἂν
3077 1174 3171 1226 καὶ
3196 1174 3538 1242 ἀπεγεύσατο
3563 1174 3670 1228 τῶν

2005 1259 2242 1331 σαρκῶν,
2279 1263 2328 1312 εί
2359 1260 2434 1331 μὴ
2467 1262 2600 1313 πᾶσι
2629 1260 2688 1312 τὸ
2723 1262 2955 1332 πρᾶγμα
2984 1261 3159 1314 ἐδόκει
3211 1257 3352 1315 εἷναι
3391 1262 3664 1332 μυσαρὸν·

2000 1347 2091 1400 τὸν
2119 1349 2175 1402 δέ
2206 1350 2360 1418 ἅγιον
2399 1349 2564 1404 αὐτοῦ
2609 1349 2702 1403 τοῦ
2739 1349 2990 1420 δαίμονος
3021 1349 3083 1402 τὸ
3112 1350 3287 1420 στόμα
3316 1350 3670 1421 ἐμφράξαντα

2003 1434 2163 1488 πάλιν
2190 1437 2269 1498 είς
2291 1435 2388 1505 τὴν
2413 1435 2570 1488 πόλιν
2600 1431 2753 1506 ἦγεν,
2774 1436 2913 1489 ὥστε
2937 1438 2993 1490 ὲν
3016 1437 3218 1490 πλείονι
3250 1433 3387 1490 εἶναι
3420 1440 3572 1508 τιμῇ.
3607 1439 3671 1490 Εἰ

2001 1523 2110 1594 γάρ
2149 1525 2241 1577 καὶ
2273 1525 2347 1594 μὴ
2382 1525 2667 1596 πρότερον,
2707 1526 2796 1579 ὅτε
2828 1525 2928 1596 τὴν
2961 1520 3128 1596 ἧτταν
3156 1527 3185 1577 6
3213 1525 3420 1596 δαίμων
3457 1526 3668 1596 ὡμολό-

2001 1626 2189 1680 γησεν,
2218 1611 2354 1664 ἀλλά
2381 1612 2517 1682 μετά
2546 1612 2634 1665 τὸν
2685 1611 3014 1683 ἐμπρησμὸν
3051 1612 3229 1666 πάντα
3267 1612 3562 1683 ἀνέτρεψεν
3601 1614 3669 1667 ἂν

2000 1701 2095 1752 καὶ
2123 1699 2392 1764 ἀπώλεσε,
2416 1700 2511 1752 xal
2540 1699 2833 1768 κατέφλεξε
2863 1700 2959 1771 τὴν
2989 1700 3254 1772 λάρνακα,
3277 1701 3336 1771 τὸ
3367 1700 3669 1771 μαρτύριον

2001 1787 2281 1858 ἑκάτερον,
2311 1788 2373 1840 τό
2399 1806 2457 1840 τε
2486 1790 2542 1841 ἐν
2570 1791 2634 1858 τῇ
2664 1787 2872 1860 Δάφνῃ,
2915 1788 2976 1840 τό
3014 1805 3074 1839 τε
3122 1791 3178 1840 ἐν
3205 1791 3269 1858 τῇ
3302 1789 3474 1853 πόλει,
3505 1790 3553 1840 εἰ
3591 1787 3665 1858 μὴ

1999 1874 2092 1927 τοῦ
2120 1874 2293 1946 θυμοῦ
2321 1877 2348 1927 6
2373 1875 2536 1942 φόϐος
2556 1871 2624 1945 ῆν
2659 1873 2880 1944 μείζων,
2914 1874 3010 1927 καὶ
3041 1874 3140 1944 τῆς
3170 1874 3407 1944 ἀθυμίας
3443 1876 3664 1944 ἐκράτει

1998 1961 2061 2014 τὸ
2089 1959 2226 2023 δέος.
2248 1959 2408 2024 Ἕθος
2434 1961 2542 2030 γὰρ
2565 1962 2677 2023 τοῖς
2701 1959 2914 2023 πολλοῖς
2935 1961 3040 2013 τῶν
3071 1959 3392 2030 ἀνθρώπων,
3407 1960 3535 2014 ὃταν
3559 1961 3665 2014 ὑπὸ

1998 2045 2168 2116 ὀργῆς
2193 2045 2571 2115 κατασχεθῶσι
2599 2047 2692 2098 καὶ
2724 2045 2920 2115 λύπης,
2949 2046 3051 2099 κᾶν
3086 2046 3159 2116 μὴ
3187 2048 3311 2109 τοὺς
3340 2045 3547 2110 αἰτίους
3576 2047 3665 2100 λά-

1999 2133 2134 2186 ϐωσι
2193 2133 2302 2187 τῶν
2353 2133 2574 2197 παθῶν,
2634 2135 2714 2197 εἰς
2761 2133 2887 2196 τοὺς
2932 2133 3303 2203 ἐμπίπτοντας
3348 2134 3535 2197 ἁπλῶς
3571 2138 3664 2188 καὶ

2001 2221 2276 2284 ὑπόπτους
2311 2221 2533 2299 ἀφιέναι
2566 2220 2664 2292 τὴν
2694 2221 2883 2292 ὀργήν.
2911 2223 2983 2274 Οὐ
3011 2222 3196 2293 πόρρω
3221 2222 3276 2274 δέ
3297 2221 3402 2291 τῆς
3431 2221 3666 2291 ὑποψίας

1997 2307 2202 2377 ταύτης
2237 2308 2265 2361 6
2304 2308 2514 2378 μάρτυς
2537 2303 2626 2377 ἦν’
2663 2309 2782 2376 ἅμα
2811 2325 2869 2360 τε
2921 2309 3030 2379 γὰρ
3066 2307 3230 2372 αὐτὸς
3266 2310 3347 2372 είς
3380 2309 3476 2378 τὴν
3509 2310 3663 2362 πόλιν

2000 2395 2248 2462 ἀφίκετο,
2283 2395 2378 2447 καὶ
2421 2394 2484 2448 τὸ
2531 2394 2643 2466 πῦρ
2667 2390 2831 2466 ἦλθεν
2883 2397 2962 2458 είς
3017 2395 3108 2448 τὸν
3163 2395 3308 2449 ναόν.
3357 2395 3494 2449 Ἀλλ’
3527 2398 3666 2467 ὅπερ

1999 2482 2158 2550 ἔφην,
2193 2482 2362 2545 πάθος
2388 2482 2625 2553 ἐμάχετο
2653 2482 2837 2544 πάθει,
2871 2483 2966 2537 καὶ
3006 2483 3176 2554 ὀργῆς
3213 2483 3436 2552 ἐκράτει
3471 2484 3662 2538 δειλία.

2011 2568 2293 2639 Ἐννόησον
2317 2567 2426 2639 γάρ
2461 2586 2552 2639 μοι
2597 2569 2681 2632 τίς
2730 2564 2799 2638 ἦν
2844 2570 2873 2622 ό
2934 2567 3168 2640 χρηστὸς
3219 2571 3424 2633 ἐκεῖνος
3473 2571 3552 2633 εἰς
3605 2570 3666 2624 τὸ

1999 2652 2322 2723 προάστειον
2352 2653 2536 2719 ἀνιὼν,
2569 2655 2667 2708 καὶ
2686 2655 2747 2708 τὸ
2780 2656 2878 2726 μὲν
2912 2655 3213 2726 μαρτύριον
3237 2657 3379 2727 δρῶν
3413 2656 3664 2728 ἑστηκὸς,

1996 2739 2092 2792 τὸν
2115 2740 2173 2793 δέ
2206 2739 2342 2794 νεὼν
2374 2741 2856 2813 ἐμπεπρησμένον,
2898 2744 2991 2795 καὶ
3023 2743 3081 2796 τὸ
3110 2742 3667 2814 εἴδωλονηφανισμέ-

1999 2845 2110 2892 νον,
2142 2829 2236 2881 καὶ
2257 2828 2326 2881 τὰ
2356 2828 2681 2900 ἀναθήματα
2730 2828 3077 2900 ἀνηλωμένα,
3113 2830 3208 2882 καὶ
3240 2831 3339 2900 τῆς
3372 2848 3431 2883 τε
3467 2831 3663 2883 ἐαυτοῦ

2000 2913 2308 2983 φιλοτιμίας
2339 2913 2434 2967 καὶ
2465 2914 2561 2983 τῆς
2596 2915 2889 2984 σατανικῆς
2921 2915 3143 2986 πομπῆς
3182 2917 3363 2969 πᾶσαν
3392 2916 3664 2987 ἐξῃρημέ-

1998 3019 2096 3072 νην
2129 3001 2456 3073 ὑπόμνησιν.
2494 3001 2557 3054 Εἰ
2583 3001 2692 3073 γάρ
2725 3002 2861 3072 μήτε
2894 3000 3063 3072 θυμὸς
3097 3002 3258 3056 αὐτὸν
3294 3003 3431 3074 μήτε
3457 3004 3664 3075 ἀθυμία

1996 3086 2170 3142 ταῦτα
2189 3087 2400 3160 ὁρῶντα
2419 3088 2614 3160 εἰσῄει,
2646 3089 2745 3159 τὴν
2771 3088 2900 3156 γοῦν
2927 3087 3191 3160 αἰσχύνην
3214 3089 3313 3142 οὐκ
3345 3088 3411 3142 ἂν
3441 3091 3662 3162 ἤνεγκε,

1997 3174 2093 3227 καὶ
2128 3173 2220 3227 τὸν
2249 3173 2414 3227 πολὺν
2448 3174 2680 3243 γέλωτα,
2713 3173 2828 3226 ἀλλ’
2877 3172 3140 3238 ἐξέτεινεν
3189 3174 3255 3229 ἂν
3294 3175 3393 3239 τὰς
3431 3175 3666 3247 ἀνόμους

1997 3264 2185 3332 χεῖρας
2213 3261 2307 3314 καὶ
2341 3261 2435 3314 ἐπὶ
2461 3261 2521 3314 τὸ
2542 3260 2636 3314 τοῦ
2679 3261 2948 3332 μακαρίου
2984 3261 3310 3334 μαρτύριον,
3332 3263 3381 3315 εἰ
3408 3263 3482 3333 μὴ
3505 3261 3667 3316 τοῦτο

1995 3349 2132 3419 ὅπερ
2157 3343 2310 3402 εἷπον
2338 3351 2589 3418 κατεῖχεν
2615 3348 2798 3403 αὐτόν.
2819 3349 2954 3403 Οὐδέ
2979 3350 3087 3421 γὰρ
3116 3351 3312 3423 μικρὸν
3328 3345 3406 3422 -ῆν
3435 3351 3493 3404 τὸ
3511 3349 3664 3424 [566]

1997 3436 2252 3504 γεγονὸς,
2287 3435 2421 3489 ἀλλά
2473 3437 2652 3492 πᾶσαν
2702 3436 2801 3508 μὲν
2853 3436 2962 3490 τῶν
3006 3437 3276 3509 Ἑλλήνων
3323 3439 3422 3510 τὴν
3453 3440 3667 3510 παρρη-

1999 3523 2120 3576 σίαν
2175 3522 2463 3594 ἐξέκοψεν,
2512 3523 2729 3578 ἃπασαν
2778 3524 2836 3578 δέ
2884 3524 2984 3595 τὴν
3039 3526 3381 3596 εὐφροσύνην
3437 3524 3662 3586 ἔσϐεσε,

1995 3608 2262 3681 τοσαύτην
2297 3609 2353 3662 δέ
2379 3610 2480 3680 τῆς
2511 3610 2750 3682 ἀθυμίας
2776 3611 2874 3682 τὴν
2908 3612 3076 3682 ἀχλὺν
3117 3615 3302 3676 αὐτοῖς
3335 3613 3665 3667 κατεσκέδα-

1998 3715 2110 3763 σεν,
2135 3699 2266 3770 ὅσην
2300 3699 2365 3753 ἂν
2394 3700 2442 3752 εί
2469 3700 2669 3763 πάντες
2692 3699 3044 3753 ἀπολώλεσαν
3069 3701 3118 3753 οἱ
3157 3700 3296 3754 ναοί.

2071 3792 2161 3856 ιη’.
2185 3786 2294 3838 Kal
2316 3787 2471 3839 ὅτιού
2504 3787 2802 3857 κομπάζων
2813 3787 2958 3855 λέγω
2973 3786 3165 3854 ταῦτα,
3189 3787 3328 3841 αὐτά
3345 3787 3663 3859 παραθήσο-

1999 3888 2098 3940 μαι
2118 3871 2185 3924 τά
2204 3873 2269 3941 ῥή
2280 3889 2424 3941 ματα
2435 3871 2543 3925 τῶν
2561 3873 2809 3944 ὀδυρμῶν
2826 3874 2917 3926 καὶ
2934 3873 3031 3944 τῆς
3052 3873 3333 3943 μονῳδίας,
3351 3878 3417 3945 ἣν
3433 3877 3511 3938 είς
3535 3875 3554 3913 ί
3573 3875 3666 3928 τόν

1995 3957 2223 4027 δαίμονα
2249 3958 2436 4011 τοῦτον
2465 3959 2494 4010 6
2525 3960 2627 4029 τῆς
2656 3960 2862 4024 πόλεως
2895 3961 3014 4012 τότε
3062 3962 3355 4030 εἰργάσατο
3385 3966 3662 4031 σοφιστής.

2001 4045 2154 4114 Ἔχει
2181 4044 2237 4097 δὲ
2264 4043 2438 4109 οὕτως
2471 4047 2504 4116 ή
2533 4047 2641 4098 τῶν
2670 4046 2881 4118 θρήνων
2924 4048 3090 4120 ἀρχή·
3129 4049 3391 4116 Ἄνδρες,
3423 4042 3510 4102 ὧν
3540 4051 3666 4116 τοῖς

1996 4132 2326 4202 ὀφθαλμοῖς
2350 4133 2548 4202 ἀχλὺς
2580 4134 3001 4204 κατακέχυται,
3031 4136 3235 4205 ὥσπερ
3275 4139 3387 4191 οὖν
3411 4138 3509 4192 καὶ
3539 4138 3667 4203 τοῖς

1993 4215 2176 4284 ἐμοῖς,
2196 4216 2349 4285 μήτε
2378 4215 2577 4284 καλὴν
2594 4218 2702 4282 ἐτι,
2727 4218 2880 4287 μήτε
2895 4218 3168 4287 μεγάλην
3190 4219 3466 4289 καλῶμεν
3487 4219 3667 4289 τήνδε

1995 4305 2111 4372 τὴν
2166 4306 2366 4360 πόλιν.
2427 4301 2558 4360 Εἶτα
2595 4305 2766 4360 εἰπών
2821 4324 2945 4362 τινα
3001 4310 3131 4380 περὶ
3187 4309 3282 4362 τοῦ
3339 4309 3511 4380 μύθου
3565 4308 3667 4376 τῆς

1996 4395 2212 4466 Δάφνης
2242 4397 2337 4449 καὶ
2363 4393 2664 4465 διαλεχθεὶς
2694 4397 2778 4464 (οὐ
2807 4397 2916 4468 γάρ
2947 4398 3161 4450 ἅπαντα
3190 4397 3422 4449 ἐνθεῖναι
3457 4397 3548 4450 τὸν
3578 4396 3668 4450 λό·

1995 4500 2091 4552 γον
2112 4484 2345 4538 ἐνταῦθα
2382 4484 2593 4556 καιρὸς,
2636 4485 2777 4554 ὑπὲρ
2815 4484 2907 4538 τοῦ
2959 4483 3033 4556 μὴ
3061 4485 3232 4556 μῆκος
3279 4486 3667 4553 ἐπεισαγαγεῖν

1995 4573 2295 4644 περιττὸν),
2326 4573 2496 4642 λέγει,
2530 4574 2611 4627 ὅτι
2667 4575 2696 4626 6
2753 4573 2978 4644 Περσῶν
3040 4573 3293 4642 βασιλεύς
3341 4591 3472 4627 ποτε
3501 4577 3530 4629 6
3565 4573 3665 4645 τὴν

1995 4661 2148 4714 πόλιν
2179 4660 2340 4724 ἐλὼν,
2373 4662 2627 4730 ἐφείσατο
2647 4660 2742 4714 τοῦ
2770 4661 2894 4716 νεώ·
2922 4661 2989 4715 τά
3011 4661 3066 4716 δέ
3095 4663 3316 4735 ῥήματά
3339 4665 3451 4716 ἐστι
3473 4661 3660 4718 ταῦτα*

2007 4748 2068 4800 Ὀ
2093 4748 2212 4818 μὲν
2233 4750 2492 4818 στρατὸν
2515 4749 2608 4818 ἐφ’
2637 4746 2791 4819 ἡμᾶς
2826 4750 2850 4788 ⁸
2881 4747 3140 4818 ἀγαγὼν,
3169 4750 3314 4814 ᾤετο
3346 4749 3504 4816 αὐτῷ
3521 4751 3669 4816 ,Βέλ-

1999 4851 2124 4887 τιον
2153 4831 2305 4889 εἶναι
2348 4835 2654 4890 σεσῶσθαι
2701 4835 2808 4889 τὸν
2842 4835 3025 4900 νεὼν,
3063 4837 3158 4890 καὶ
3206 4838 3270 4892 τὸ
3297 4839 3526 4906 κάλλος
3561 4841 3669 4896 τοῦ

1995 4921 2338 4992 ἀγάλματος
2367 4923 2598 4990 ἐκράτει
2623 4924 2814 4993 θυμοῦ
2839 4925 3230 4993 ,ϐαρΰορικοῡο
3257 4926 3374 4980 νῦν
3397 4926 3484 4988 δὲ,
3510 4927 3666 4993 ἥλιε.

1995 5009 2093 5064 καί
2143 5009 2242 5080 τῆ,
2283 5013 2372 5077 τίς
2415 5013 2453 5079 ἢ
2511 5013 2695 5067 πόθεν
2742 5016 2773 5066 d
2823 5014 3107 5082 πολέμιος
3155 5008 3356 5078 οὗτος,
3408 5018 3476 5079 ὃς
3528 5015 3671 5069 οὐδὲ

1996 5095 2278 5160 ὁπλιτῶν,
2311 5097 2453 5151 οὐδὲ
2494 5098 2742 5165 ἱππέων,
2790 5100 2928 5153 οὔτε
2976 5097 3175 5168 ψιλῶν
3206 5117 3386 5153 τινων
3437 5100 3670 5168 δεηθεὶς

1989 5183 2180 5254 μικρῷ
2211 5184 2497 5254 σπινθῆρι
2529 5187 2723 5241 πάντα
2750 5186 3072 5242 ἀνάλωσεν
3089 5203 3106 5251 ;
3137 5183 3269 5240 Εἶτα
3305 5188 3541 5250 δεικνὺς,
3581 5189 3663 5239 ὅτι

1996 5271 2162 5325 αὐτοῦ
2190 5271 2311 5325 τότε
2340 5273 2644 5346 ἐκράτησεν
2667 5277 2695 5328 ό
2724 5277 3009 5349 μακάριος,
3037 5277 3124 5328 ὅτε
3161 5275 3397 5345 μάλιστα
3425 5274 3574 5344 ἢνθει
3603 5275 3668 5326 τὰ

1995 5358 2104 5412 τῶν
2141 5359 2408 5432 Ἐλλήνων
2442 5362 2654 5426 θυσίαις
2695 5365 2789 5416 καὶ
2818 5365 3083 5428 τελεταῖς,
3122 5363 3275 5434 φησί·
3313 5361 3420 5415 Καὶ
3453 5361 3529 5424 δὴ
3562 5363 3661 5413 καὶ

1995 5447 2139 5516 ἡμῖν
2165 5449 2273 5501 τὸν
2300 5447 2454 5502 νεὼν
2479 5454 2512 5505 ὀ
2527 5451 2644 5520 μὲν
2671 5453 2866 5518 πολὺς
2889 5453 3117 5517 ἐκεῖνος
3145 5453 3566 5519 κατακλυσμος
3591 5451 3664 5504 οὐ

2056 5575 2082 5644 fl
2102 5576 2355 5644 Aliizlﬁv
2371 5581 2467 5644 τῶν
2488 5580 2611 5644 περί.

2049 5640 2080 5702 '_
2099 5639 2249 5702 Savil.
2279 5648 2332 5688 el
2351 5639 2684 5702 quidam'mss.
2708 5648 2792 5700 τῆς
2810 5643 3002 5702 τόλμης.

2059 5699 2080 5738 ί
2115 5698 2419 5766 UnusAchéx
2447 5698 2849 5766 μονῳδίαςῆς-είς.
2869 5698 2971 5750 Mox
2987 5703 3130 5766 Aidem
3155 5704 3214 5751 ad
3239 5712 3405 5766 vocem
3418 5698 3675 5766 σοῖιστὴρ,

1997 5763 2047 5811 in
2077 5775 2228 5826 marg.
2254 5763 2401 5826 habet
2420 5763 2657 5826 Λιβάνιος.
2685 5765 2809 5826 Ιηίιςίι
2833 5777 2959 5826 unus
2980 5764 3162 5826 θρήνων
3184 5764 3394 5826 ἀπαρχὴ.

2065 5823 2091 5862 8
2112 5823 2194 5872 Sic
2215 5825 2366 5876 Savil.
2397 5837 2449 5874 et
2471 5824 2568 5873 duo
2602 5840 2716 5875 mss.
2741 5825 2915 5875 Morel.
2945 5823 3018 5885 ἐφς
3038 5827 3180 5886 ὑμᾶς.

3223 5906 3298 5969 10
