4044 6206
342 239 438 294 56!

339 357 702 427 παρέσυρεν,
740 359 810 412 ἐν
843 361 1038 430 αἰθρίᾳ
1076 361 1147 414 δὲ
1197 363 1294 416 καί
1335 362 1449 431 τῆς
1479 363 1741 433 νεφέλης
1789 368 2010 432 παρελ-

338 448 568 516 θούσης
597 449 1048 518 κατενήνεκταιο
1085 449 1316 521 νεφέλην
1354 451 1444 505 καὶ
1488 450 1873 523 κατακλυσμὸν
1918 453 2012 508 τὸν

335 532 432 587 τοῦ
457 536 724 609 προτέρου
751 537 1016 608 βασιλέως
1041 538 1234 609 καιρὸν
1262 538 1463 592 καλῶν.
1488 539 1599 592 Καὶ
1625 538 1788 593 πάλιν
1813 542 2011 612 μικρὸν

339 623 640 694 προελθὼν,
667 625 801 679 αὐτὸ
826 626 889 698 δὴ
911 627 1068 681 τοῦτο
1091 627 1434 699 πικροτέρως
1462 626 1791 698 ἀποδύρεται
1811 629 2007 697 λέγων⁸

332 706 478 765 Εἶτα
509 712 822 780 διψώντων
842 713 961 784 μέν
984 731 1084 769 σοι
1113 715 1233 768 τῶν
1246 714 1468 785 ,ϐωμῶν
1488 716 2006 786 αῖματος,ἕμενες,

343 799 674 865 Ἄπολλον,
701 803 962 872 φρουρὸς
997 803 1248 873 ἀκριϐὴς
1271 803 1384 874 τῆς
1415 804 1679 874 Δάφνης,
1712 805 1816 858 καίι
1832 807 2016 873 ῥαθυ-

332 889 652 956 μούμενος·
690 889 822 943 ἐστι
849 889 918 943 δὲ
939 891 1056 959 ὅπη
1097 892 1194 946 καὶ
1233 889 1824 963 προπηλακιζόμενος
1849 908 2012 962 περι-

335 975 711 1046 κοπτόμενός
734 995 800 1032 τε
826 982 935 1032 τὸν
960 979 1077 1044 ἔξω
1126 983 1360 1050 κόσμον
1383 980 1654 1050 ἠνέσχου
1689 994 1740 1022 ι’
1779 981 1899 1036 νῦν
1941 981 2010 1034 δὲ

327 1065 482 1134 μετὰ
513 1066 717 1121 πολλὰ
743 1067 862 1138 μὲν
886 1069 1171 1136 πρόϐατα,
1203 1069 1476 1134 πολλοὺς
1496 1069 1565 1124 δὲ
1606 1069 1787 1136 βοῦς,
1813 1073 2008 1139 στόμα

328 1154 641 1222 βασιλέως
667 1157 842 1211 ὅσιον
868 1156 951 1222 τῷ
976 1156 1113 1212 ποδί
1142 1157 1490 1226 δεξάμενος,
1508 1157 1652 1212 ἰδὼν
1672 1159 1746 1213 ὃν
1765 1161 2012 1228 προῦλε-

332 1261 454 1313 γες,
484 1245 687 1313 ὀφθεὶς
716 1245 835 1300 ὑπὸ
860 1245 967 1300 τοῦ
986 1245 1431 1316 μεμηνυμένου,
1455 1248 1723 1317 πονηροῦ
1740 1247 2009 1316 γειτονή-

323 1348 518 1401 ματος
565 1334 959 1404 ἀπαλλαγεὶς,
994 1336 1209 1404 νεκροῦ
1265 1353 1430 1402 τινος
1477 1335 1881 1405 ἐνοχλοῦντος
1910 1337 2009 1407 ἐγ-

331 1422 550 1488 γύθεν,
603 1421 673 1475 ἐκ
721 1422 920 1492 μέσης
971 1421 1083 1490 τῆς
1139 1425 1456 1492 θεραπείας
1507 1425 2006 1493 ἀποπεπήδηκας.

331 1511 526 1565 Πόθεν
561 1512 651 1566 ἐτι
687 1515 1205 1582 φιλοτιμησόμεθα
1255 1514 1404 1582 πρὸς
1435 1514 1658 1582 ἄνδρας
1707 1513 1880 1583 Ιερῶν
1899 1533 2008 1584 με·

321 1599 681 1668 ,ιινημένους
722 1599 822 1654 καί
865 1599 1254 1669 ἁγαλμάτων;
1295 1600 1360 1653 Τί
1397 1601 1598 1669 λέγεις,
1639 1594 1686 1654 ὦ
1729 1601 2003 1674 θρηνῳδέ;

345 1686 775 1757 ’Δτιμαζόμενος
807 1687 907 1757 μὲν
938 1687 1034 1740 καὶ
1069 1687 1614 1759 προπηλακιζόμενος
1642 1689 1743 1761 τῆς
1789 1689 2007 1762 Δάφνης

331 1773 492 1843 ἐμενε
519 1775 755 1846 φρουρὸς
777 1775 1045 1846 ἀσφαλήςο
1085 1774 1392 1846 τιμώμενος
1418 1775 1475 1828 δὲ
1505 1779 1601 1829 καὶ
1634 1775 2008 1849 θεραπευόμε-

331 1883 422 1929 νος
449 1862 570 1917 ούδέ
599 1863 690 1916 τὸν
715 1863 841 1917 ναὸν
871 1863 1057 1932 ἴσχυσε
1089 1862 1322 1931 φυλάξαι
1355 1863 1444 1916 τὸν
1485 1865 1671 1928 αὐτοῦ,
1703 1865 1799 1918 καὶ
1828 1866 2006 1921 ταῦτα

332 1953 508 2017 είδὼς,
538 1953 619 2005 ὅτι
655 1952 864 2004 ἐκείνου
911 1949 1167 2013 πεσόντος
1195 1951 1276 2014 εἰς
1310 1951 1534 2020 μείζονα
1571 1951 1798 2021 ἀτιμίαν
1839 1969 2008 2006 κατα-

337 2043 591 2113 στήσεται
615 2039 716 2110 τῆς
741 2039 1012 2112 προτέρας
1037 2056 1052 2103 ς
1082 2040 1176 2102 Τίς
1202 2039 1258 2092 δὲ
1285 2039 1378 2093 καί
1400 2041 1428 2093 ὀ
1451 2039 1659 2112 νεκρὸς,
1686 2034 1731 2094 ὧ
1754 2040 2002 2111 σοφιστά,

278 2158 288 2174 ι
341 2131 478 2188 ὸτδν
514 2129 604 2183 σὺν
631 2129 751 2182 θεὸν
791 2128 1059 2198 ἐνοχλῶν;
1091 2130 1244 2181 ποῖον
1273 2127 1337 2181 τὸ
1390 2129 1626 2199 πονηρὸν
1664 2131 2001 2201 γειτόνημα;

345 2218 612 2273 Ἐνταῦθα
632 2216 742 2290 γὰρ
762 2217 842 2279 εἰς
855 2216 954 2280 τὰς
978 2215 1074 2268 τοῦ
1102 2215 1372 2286 μακαρίου
1387 2217 1606 2271 Βαϐύλα
1636 2219 2006 2289 ἀνδραγαθίας

331 2306 624 2380 ἐμπεσὼν,
676 2306 770 2359 καὶ
819 2303 1174 2373 διανήξασθαι
1222 2303 1322 2375 τὴν
1371 2304 1635 2376 αἰσχύνην
1680 2307 1780 2360 οὐκ
1826 2309 1999 2379 ἔχων,

329 2394 780 2465 ἐγκαλυψάμενος
825 2391 1012 2456 ἁπλῶς
1061 2391 1437 2462 παρέδραμεν,
1478 2393 1561 2445 ὅτι
1621 2393 1722 2465 μὲν
1762 2395 1867 2449 ὑπὸ
1905 2397 2000 2450 τοῦ

333 2485 610 2557 μάρτυρος
643 2480 940 2552 ἠνωχλεῖτο
972 2479 1065 2532 καὶ
1091 2478 1333 2532 ἐθλίδετο
1363 2482 1392 2533 ό
1420 2479 1652 2551 δαίμων,
1691 2483 1881 2549 εἰπὼν,
1918 2486 2004 2538 οὑ·

330 2571 449 2624 κέτι
479 2570 536 2624 δὲ
557 2568 814 2640 προσθεὶς
845 2565 961 2630 πῶς
991 2564 1088 2636 τὴν
1113 2561 1284 2637 ἧτταν
1315 2567 1605 2621 συσκιάσαι
1633 2570 1941 2636 σπουδάσας
1972 2574 2002 2626 ὅ

325 2661 570 2731 δαίμων,
611 2658 810 2729 μᾶλλον
855 2655 1025 2726 αὐτὴν
1072 2654 1436 2724 ὲξεκάλυψεν·
1479 2655 1665 2718 ἁπλῶς
1705 2659 1814 2728 γάρ
1843 2677 1995 2731 φησι·

327 2748 601 2817 Πονηροῦ
617 2745 1036 2817 γειτονήματος
1051 2746 1442 2814 ἀπαλλαγείς.
1477 2745 1574 2799 Διά
1596 2747 1649 2799 τί
1685 2747 1792 2819 γὰρ
1823 2749 1884 2802 ού
1914 2749 2000 2802 λέ-

325 2858 466 2912 γεις,
500 2833 545 2893 ὦ
587 2838 877 2909 ληρόσοφε,
918 2835 1010 2888 τὸν
1053 2834 1246 2905 νεκρὸν
1283 2834 1366 2898 τίς
1401 2833 1549 2908 [567]
1572 2831 1661 2906 ἦν,
1709 2839 1803 2890 καὶ
1827 2838 1913 2891 διὰ
1947 2839 1999 2892 τί

329 2932 490 3001 μόνος
544 2927 776 2999 ἠνώχλει
826 2942 920 2978 σου
967 2925 1057 2978 τὸν
1098 2923 1239 2986 θεὸν,
1291 2925 1387 2976 καὶ
1437 2924 1525 2977 διὰ
1568 2926 1619 2978 τί
1667 2929 2000 2994 μετεκινεῖτο

328 3017 518 3088 μόνοςς
549 3017 648 3070 Διὰ
697 3015 750 3068 τί
781 3014 838 3067 δὲ
868 3012 963 3067 καὶ
991 3012 1229 3083 πονηρὸν
1258 3011 1418 3066 αὑτὸν
1445 3013 1744 3084 γειτόνημα
1789 3016 1996 3080 καλεῖς,

324 3105 448 3160 εἰπέ
475 3122 591 3177 μοι;
617 3106 698 3158 ὅτι
732 3101 826 3156 τοῦ
849 3103 1102 3173 δαίμονος
1133 3101 1232 3172 τὴν
1262 3101 1478 3172 ἀπάτην
1503 3102 1726 3174 ἧλεγξε;
1759 3104 1868 3158 Καὶ
1893 3104 1997 3176 μὴν

323 3193 482 3249 τοῦτο
512 3195 572 3246 οὐ
609 3191 847 3263 πονηροῦ
897 3208 1042 3253 τινος
1073 3191 1465 3259 γειτονήματος
1494 3189 1655 3262 ἔργον
1688 3188 1776 3263 ἦν,
1809 3192 1998 3264 ὥσπερ

323 3277 417 3338 οὖν
446 3281 566 3336 οὐδὲ
592 3279 812 3353 νεκροῦ,
831 3278 967 3333 ἀλλά
992 3279 1088 3331 καλ⁵
1115 3277 1340 3341 ζῶντος,
1372 3279 1467 3332 καὶ
1501 3280 1875 3350 ἐνεργοῦντος,
1905 3283 1998 3335 καὶ

325 3367 588 3444 χρηστοῦ,
605 3369 700 3420 καὶ⁵
721 3366 1049 3438 προστάτου,
1078 3365 1172 3418 καὶ
1198 3365 1512 3435 κηδεμόνος,
1536 3369 1630 3420 καὶ
1651 3368 1829 3421 πάντα
1854 3369 1998 3440 ὑπὲρ

323 3459 424 3529 τῆς
447 3457 717 3528 ὑμετέρας
753 3452 1277 3527 πραγματευομένου
1298 3455 1590 3524 σωτηρίας,
1618 3455 1747 3524 εἴγε
1777 3455 1996 3509 ἐϐούλε-

326 3546 580 3600 σθε.”Ἱνα
602 3544 710 3616 γὰρ
738 3543 867 3614 ὑμῖν
905 3542 979 3612 μὴ
1006 3540 1099 3612 ἐξῇ
1147 3541 1239 3593 ἐπὶ
1281 3540 1440 3594 πλέον
1486 3543 1702 3613 ἀπατᾷν
1747 3545 1994 3610 ἐαυτοξις,

323 3635 420 3689 καὶ
451 3634 646 3703 λέγειν,
685 3633 766 3686 ὅτι
792 3631 1163 3702 ὀργιζόμενος,
1197 3629 1290 3682 καὶ
1326 3629 1465 3700 ὑπὲρ
1502 3628 1701 3685 θυσιῶν
1727 3632 1993 3701 ἐγκαλῶν,

323 3726 420 3779 καί
444 3725 584 3795 ὑπὲρ
611 3725 708 3792 τῆς
736 3722 904 3792 ἄλλης
936 3720 1236 3792 θεραπείας
1267 3721 1620 3790 μεμφόμενος
1645 3721 1996 3795 ἀνεχώρησεν

323 3814 486 3884 ἑκὼν,
509 3816 598 3898 δια
632 3815 788 3868 τοῦτο
814 3812 975 3866 αὑτὸν
1007 3812 1101 3866 καὶ
1129 3813 1192 3864 ἐκ
1220 3810 1314 3864 τοῦ
1347 3812 1550 3884 χωρίου
1576 3812 1769 3866 τούτου
1795 3816 1996 3879 παντὸς

321 3894 623 3978 ἀπήλασεν,
641 3903 668 3956 δ
688 3901 922 3965 μάλιστα
946 3901 1163 3954 πάντων
1181 3899 1332 3970 φίλον
1348 3894 1416 3970 ἦν
1446 3901 1616 3970 αὐτῷ,
1635 3901 1730 3955 καὶ
1744 3902 1773 3956 ὃ
1787 3902 1895 3956 τῶν
1909 3904 1998 3956 ἀλ-

319 3994 428 4050 λων
441 3992 584 4048 οῦτω
599 3991 984 4064 προετίμησεν,
1001 3988 1075 4052 ὼς
1091 3989 1183 4041 καὶ
1199 3988 1596 4059 ἀτιμαζόμενος
1613 3991 1996 4063 προσεδρεύειν

319 4082 490 4152 αύτῷ.
539 4082 612 4136 Σὺ
657 4082 766 4153 γὰρ
795 4077 953 4132 τοῦτο
997 4076 1285 4148 προλαϐὼν
1323 4073 1475 4140 εἶπες
1516 4077 1565 4120 δ’
1609 4079 1718 4134 Καὶ
1761 4081 1832 4135 ἐν
1859 4082 1996 4135 τού-

318 4187 400 4234 τφ
429 4169 498 4222 δὲ
529 4167 610 4234 τῷ
637 4165 818 4234 καιρῷ
841 4166 909 4221 ἐν
935 4159 984 4231 ᾧ
1020 4165 1226 4222 πολλὰ
1263 4165 1381 4234 μὲν
1408 4166 1692 4235 πρόϐατα,
1725 4169 1997 4236 πολλοὺς

319 4259 395 4316 δέ
427 4257 586 4323 βοῦς
618 4253 779 4318 αὐτῷ
812 4252 1220 4322 κατέσφαττεν
1258 4255 1290 4307 ό
1314 4253 1620 4320 βασιλεύς
1640 4271 1652 4283 ·
1687 4255 1829 4309 ὥστε
1856 4274 1993 4311 πανο

317 4345 543 4415 ταχόθεν
586 4341 924 4412 ἐλέγχεσθαι,
952 4342 1033 4393 ὅτι
1073 4341 1512 4410 ἀναγκαζόμενος
1556 4343 1650 4396 καὶ
1681 4343 1786 4398 ὑπὸ
1812 4346 1994 4416 μείζο-

318 4451 411 4497 ..ος
439 4432 747 4499 ὠθούμενος
790 4427 1070 4498 δυνάμεως
1107 4427 1206 4498 τὴν
1246 4428 1464 4500 Δάφνην
1497 4430 1780 4485 ἀπέλιπεν.
1838 4433 1995 4504 Ἐνῆν

323 4522 423 4592 μὲν
453 4520 562 4591 γὰρ
605 4519 700 4572 καὶ
745 4515 838 4570 τοῦ
881 4514 1068 4579 ξοάνου
1106 4515 1358 4585 μένοντος
1395 4515 1611 4571 διώκειν
1654 4519 1839 4587 αὐτὸν,
1875 4522 1991 4575 ἀλλ’

319 4611 480 4679 ὑμεῖς
527 4609 628 4662 οὐκ
666 4606 732 4661 ἂν
775 4603 1154 4666 ἐπιστεύσατε,
1186 4602 1375 4675 ὥσπερ
1403 4600 1496 4658 οὖν
1539 4604 1659 4658 οὐδὲ
1693 4607 1858 4661 πάλαι
1904 4610 1996 4664 ὅτε

320 4700 412 4750 ὑπ’
458 4695 625 4751 αὐτοῦ
668 4693 964 4763 πεπέδητο,
993 4691 1108 4746 ἀλλ’
1140 4691 1413 4746 ἐνέκεισθε
1461 4691 1871 4762 θεραπεύοντες.
1915 4700 1992 4751 Δι’

316 4787 346 4839 ὃ
389 4786 652 4858 πρότερον
681 4782 840 4852 ἀφεὶς
868 4782 1088 4835 ἑστάναι
1123 4781 1181 4836 τὸ
1208 4779 1413 4846 ξόανον,
1453 4781 1542 4834 ὅτε
1575 4781 1812 4851 μάλιστα
1848 4785 1990 4859 ἤρθη

316 4874 418 4946 τῆς
449 4872 706 4936 ἀσεϐείας
739 4874 772 4942 ἡ
807 4870 958 4940 φλὸξ,
991 4870 1112 4924 τότε
1141 4868 1274 4923 αὐτὸ
1309 4870 1636 4942 κατήνεγκε,
1671 4873 1885 4937 δεικνὺς
1911 4877 1993 4930 ὅτι

316 4963 410 5016 τὸν
456 4960 692 5015 νικῶντα
724 4960 867 5014 οῦτω
899 4959 1004 5030 χρὴ
1032 4960 1209 5030 νικᾷν,
1243 4959 1302 5012 ού
1338 4961 1845 5030 τεταπεινωμένων,
1877 4964 1990 5016 ἀλλ’

317 5049 626 5122 αἰρομένων
648 5048 743 5102 καὶ
769 5046 1039 5118 λαμπρῶν
1085 5047 1252 5100 όντων
1285 5047 1700 5120 περιγινόμενον
1739 5051 1848 5106 τῶν
1898 5053 1991 5122 ἑχ-

317 5139 480 5212 θρῶν.
518 5135 618 5191 Διά
647 5135 698 5189 τί
719 5133 828 5205 γὰρ
852 5133 1012 5197 αὐτὸς
1057 5133 1177 5188 τότε
1230 5134 1330 5188 οὐκ
1379 5135 1626 5190 ἐκέλευσε
1661 5137 1740 5208 τῷ
1783 5141 1863 5204 εἰς
1895 5140 1990 5212 τὴν

317 5227 540 5296 Δάφνην
597 5223 760 5279 αὑτὸν
819 5219 1152 5289 ἀναγαγόντι
1217 5220 1446 5291 βασιλεῖ,
1491 5225 1843 5295 κατασκάψαι
1899 5228 1991 5282 τὸν

315 5316 474 5381 νεὼν,
533 5313 844 5385 μεταθεῖναι
889 5311 952 5364 τὸ
989 5311 1196 5378 ξόανον,
1229 5310 1418 5384 ὥσπερ
1460 5308 1554 5366 οὖν
1599 5313 1694 5368 καὶ
1735 5315 1833 5385 τὴν
1861 5314 1991 5388 λάρ-

319 5420 495 5468 νακας
524 5404 649 5456 Ὅτι
678 5400 803 5455 οὔτε
855 5397 1154 5453 ἐδλάπτετο
1181 5399 1313 5471 παρ’
1344 5399 1531 5465 αὑτοῦ,
1567 5399 1696 5455 οὔτε
1719 5404 1989 5474 σαρκικῆς

318 5490 515 5562 ἔχρῃζε
570 5489 908 5561 συμμαχίας,
957 5486 1094 5542 ἀλλὰ
1139 5487 1232 5540 καὶ
1276 5486 1400 5540 τότε
1451 5489 1547 5540 καὶ
1575 5487 1670 5541 νῦν
1697 5491 1866 5560 χωρὶς
1892 5493 1988 5546 ἀν-

318 5577 598 5649 θρωπίνης
631 5578 791 5632 αὐτὸν
820 5575 1085 5631 κατέϐαλε
1137 5575 1337 5646 χειρός.
1369 5574 1480 5628 Καὶ
1523 5575 1623 5646 τὴν
1666 5576 1765 5647 μέν
1790 5581 1986 5651 προτέ-

381 5685 408 5747 _‘
433 5683 532 5747 Αἰῑὶ
555 5690 604 5747 ει
629 5682 796 5747 Uban.
822 5685 900 5732 ed.
924 5683 1130 5747 ἠνείχου.
1160 5679 1284 5747 Infra
1303 5681 1647 5747 ίίᾱεπιπολλᾲς
1669 5683 1872 5747 δὲᾹβοῦς.

381 5743 408 5783 δ
427 5745 528 5795 Am
551 5743 697 5803 εἶπας.
727 5745 880 5795 Paulo
901 5743 1162 5810 szt'unus
1185 5745 1341 5795 codex
1369 5744 1546 5803 πολλὰς
1576 5744 1628 5793 δὲ
1657 5743 1786 5809 βοῦς.

1097 251 1156 310 S.
1195 253 1479 312 JOANNIS
1517 251 2008 311 CHRYSOSTOMI
2049 255 2369 316 AHCHIEP.
2412 259 2962 315 CONbTANTlNOP.

3693 256 3791 313 56?.

2123 383 2221 437 ραν
2242 369 2372 438 ἡμῖν
2392 370 2491 420 οὐκ
2516 368 2753 440 ἐδήλωσε
2786 369 2965 440 νίκην,
2994 369 3484 443 ἀλλ’ἐπιστομίσας
3506 372 3669 426 αὐτὸν
3700 374 3796 444 μό-

2117 473 2208 509 νον
2228 455 2493 527 ἡσύχαζε.
2535 456 2774 512 Τοιοῦτοι
2822 458 2932 527 γὰρ
2947 458 3005 510 ὀί
3033 458 3180 526 ἆγιοι
3201 475 3214 488 ·
3241 460 3635 530 κατορθοῦσθαι
3671 461 3794 533 βού·

2116 545 2298 598 λονται
2334 545 2402 598 τὰ
2421 545 2556 617 πρὸς
2583 545 2681 616 τὴν
2711 545 2819 598 τῶν
2844 545 3148 618 ἀνθρώπων
3186 549 3460 619 σωτηρίαν
3491 550 3671 619 μόνον,
3705 551 3796 604 οὐ.

2114 634 2235 687 κέτι
2276 634 2333 687 δέ
2383 635 2478 688 καὶ
2516 634 2922 688 ἐπιδείκνυσθαι
2967 637 3081 699 τοῖς
3131 636 3369 700 πολλοῖς,
3412 640 3494 692 ὅτι
3524 639 3706 692 αὐτῶν
3727 639 3795 694 τὰ

2116 722 2540 792 κατορθώματα,
2566 723 2707 794 πλὴν
2726 723 2780 776 εί
2803 722 2904 777 πού
2923 741 3006 786 τις
3029 724 3188 796 χρεία
3211 725 3540 794 ἀναγκάσειε
3561 743 3574 756 ·
3607 727 3792 797 χρείαν

2115 810 2171 864 δέ
2199 811 2297 881 τὴν
2328 809 2436 863 τῶν
2480 811 2801 881 σωζομένων
2849 811 3178 882 κηδεμονίαν
3200 823 3223 851 ε
3253 813 3399 882 λέγω
3433 814 3615 876 πάλιν,
3657 815 3792 887 ὅπερ

2113 897 2233 954 τότε
2261 899 2499 966 ἐγένετο.
2539 898 2756 970 Ἐπειδὴ
2784 899 2892 970 γὰρ
2921 898 2990 952 τά
3035 900 3138 969 τῆς
3156 900 3373 972 ἀπάτης
3401 901 3598 970 ηὔξετο
3627 903 3790 963 κακὰ,

2117 985 2517 1041 ἐκκαλύπτεται
2545 987 2645 1058 μὲν
2677 989 2810 1058 ἡμῖν
2838 989 2871 1058 ἡ
2902 987 3027 1058 νίκη
3067 988 3274 1057 λοιπὸν,
3305 989 3705 1044 ἐκκαλύπτεται
3737 991 3792 1044 δὲ

2117 1075 2214 1144 οὐχ
2247 1073 2352 1128 ὑπὸ
2379 1075 2471 1128 τοῦ
2499 1077 2842 1146 νικήσαντος,
2876 1076 2990 1130 ἀλλ’
3020 1077 3126 1131 ὑπὸ
3151 1077 3243 1131 τοῦ
3267 1080 3581 1151 νικηθέντος
3599 1079 3788 1134 αὑτοῦ.

2117 1163 2276 1216 Οῦτω
2309 1164 2474 1234 γὰρῆ
2499 1181 2560 1218 τε
2597 1164 2872 1236 μαρτυρία
2919 1166 3015 1218 καὶ
3053 1164 3204 1234 παρά
3252 1169 3365 1229 τοῖς
3415 1167 3632 1238 ἐχθροῖς
3691 1168 3788 1221 ἀν-

2117 1250 2356 1315 ύποπτος
2389 1247 2479 1322 ἦν,
2508 1253 2538 1307 ὅ
2565 1269 2626 1305 τε
2659 1253 2814 1321 ἅγιος
2829 1253 2898 1305 τὰ
2932 1255 3059 1324 περὶ
3091 1252 3284 1307 ἑαυτοῦ
3327 1253 3508 1322 λέγειν
3532 1255 3628 1308 καὶ
3659 1256 3791 1310 ἀνά-

2115 1355 2255 1409 γκης
2275 1337 2440 1410 οὔσης
2467 1339 2728 1408 ἐξέφυγεν
2747 1355 2760 1368 ·
2793 1339 2979 1410 ἐπειδὴ
3019 1340 3076 1393 δέ
3103 1340 3224 1392 οὐδὲ
3253 1339 3398 1394 οὕτω
3434 1341 3500 1394 τά
3526 1341 3629 1411 τῆς
3663 1342 3794 1395 πλά-

2117 1443 2215 1496 νης
2243 1426 2456 1497 ἔληγεν,
2484 1427 2599 1480 ἀλλ’
2630 1426 2904 1480 ἐνέκειντο
2941 1426 3104 1480 πάλιν
3135 1429 3183 1480 οί
3207 1427 3316 1481 τῶν
3339 1427 3501 1482 λίθων
3528 1428 3791 1501 ἀναισθηο

2112 1515 2323 1585 τότεροι
2351 1516 2442 1569 τὸν
2472 1515 2777 1586 ἡττημένον
2832 1514 3300 1586 παρακαλοῦντες,
3345 1517 3442 1569 καὶ
3472 1517 3612 1587 πρὸς
3645 1517 3790 1572 οὕτω

2115 1604 2356 1675 φανερὰν
2389 1604 2648 1674 ἀλήθειαν
2689 1602 3110 1674 τυφλώττοντες,
3143 1603 3448 1676 τηνικαῦτα
3492 1606 3789 1675 ἐπαφεῖναι

2113 1692 2436 1761 ἠναγκάσθη
2481 1692 2560 1763 τῷ
2586 1692 2760 1762 ξοάνῳ
2786 1691 2850 1745 τὸ
2889 1692 3022 1764 πῦρ,
3056 1691 3197 1746 ὥστε
3223 1693 3310 1746 διὰ
3341 1693 3531 1746 τούτου
3559 1694 3653 1746 τοῦ
3691 1696 3790 1764 ἐμ-

2114 1779 2370 1850 πρησμοῦ
2407 1779 2594 1851 ἕτερον
2621 1779 2713 1832 τὸν
2739 1779 3182 1851 εἰδωλολατρείας
3213 1779 3401 1833 σϐέσαι
3438 1781 3785 1851 ἐμπρησμόν.

2186 1866 2274 1920 ιθ’.
2295 1867 2361 1920 Τί
2371 1863 2465 1922 οῦν
2492 1868 2684 1938 μέμφῃ
2713 1866 3015 1938 τῷδαίμονι
3033 1866 3322 1935 λέγων,ὃτι
3361 1869 3454 1920 Ἐκ
3461 1865 3658 1936 μέσης
3677 1865 3788 1938 τῆς

2112 1954 2430 2021 θεραπείας
2479 1953 2998 2020 ἀποπεπήδηκας;
3057 1956 3170 2007 οὐκ
3225 1954 3574 2025 ἀπεπήδησεν
3619 1954 3783 2019 ἐκὼν,

2111 2043 2226 2096 ἀλλ’
2265 2042 2523 2114 ἀπηλάθη
2568 2042 2664 2096 κοιλ⁴
2705 2041 2970 2113 ἐξεδλήθη
3014 2041 3164 2095 ἄκων
3207 2042 3303 2095 καὶ
3341 2042 3785 2114 ἀναγκαζόμενος

2109 2132 2253 2193 τότε,
2297 2132 2383 2184 ὅτε
2419 2131 2654 2203 μάλιστα
2706 2131 2890 2200 μένειν
2919 2128 3100 2200 ἧθελε,
3147 2131 3242 2182 καὶ
3271 2131 3361 2185 διὰ
3388 2131 3486 2201 τὴν
3537 2131 3782 2194 κνίσσαν,

2110 2219 2204 2273 καὶ
2229 2219 2316 2272 διὰ
2343 2218 2413 2272 τὰ
2464 2218 2706 2288 θύματα.
2745 2217 2958 2289 ’Ὠσπερ
3003 2218 3109 2288 γὰρ
3138 2219 3218 2281 είς
3253 2217 3414 2271 τοῦτο
3461 2217 3786 2288 βασιλεύσας

2107 2306 2137 2358 ὁ
2168 2304 2287 2358 τότε
2333 2303 2571 2372 κρατῶν,
2614 2305 2704 2358 ίνα
2737 2302 2805 2357 τά
2837 2302 3130 2374 θρέμματα
3157 2303 3256 2373 τῆς
3291 2303 3613 2374 οἰκουμένης
3652 2305 3787 2358 ἀνα·

2107 2390 2254 2463 λώσῃ
2299 2392 2500 2463 πάσης,
2531 2390 2704 2456 οὕτως
2737 2389 2973 2460 ἀφειδῶς
3006 2389 3154 2462 1568]
3188 2391 3526 2445 κατέκοπτεν
3554 2391 3645 2444 ἐπὶ
3674 2391 3789 2445 τῶν

2111 2478 2312 2551 βωμῶν
2341 2478 2590 2550 πρόϐατα
2610 2480 2705 2532 καὶ
2741 2478 2886 2549 βοῦς,
2923 2478 3019 2532 καὶ
3043 2480 3123 2541 είς
3146 2477 3304 2532 τοῦτο
3341 2478 3538 2549 μανίας
3560 2477 3786 2548 ήλασεν,

2105 2566 2182 2630 ὡς
2211 2567 2437 2622 καὶτῶν
2466 2567 2597 2638 παρ’
2631 2567 2815 2630 αὐτοῖς
2850 2566 3152 2620 δοκούντων
3196 2566 3276 2619 ἔτι
3309 2566 3618 2636 φιλοσοφεῖν
3657 2567 3790 2619 πολ-

2105 2652 2235 2718 λοὺς
2288 2655 2551 2727 μάγειρον
2602 2654 2786 2717 αὑτὸν,
2818 2656 2913 2708 καὶ
2946 2655 3125 2724 κρεῶν
3157 2654 3423 2726 κάπηλον,
3463 2656 3558 2708 καὶ
3603 2655 3788 2708 πάντα

2104 2743 2174 2796 τὰ
2192 2741 2416 2796 τοιαῦτα
2443 2741 2759 2796 ἀποκαλεῖν.
2785 2742 2898 2795 Οὐκ
2947 2741 3013 2796 ἂν
3049 2739 3144 2796 οὖν
3197 2741 3339 2796 οὕτω
3367 2740 3623 2812 δαψιλοῦς
3650 2760 3791 2814 τρα-

2107 2826 2302 2898 πέζης,
2332 2829 2428 2882 καὶ
2457 2827 2701 2898 κνίσσης,
2734 2828 2829 2882 καὶ
2857 2827 3091 2892 καπνοῦ,
3138 2829 3236 2881 καὶ
3276 2829 3593 2901 χειμάρρων
3621 2830 3794 2900 αἰμά-

2103 2932 2214 2968 των
2254 2913 2603 2987 ἀνεχώρησεν
2641 2918 2670 2969 ό
2695 2915 2906 2986 δαίμων
2976 2915 3139 2979 ἐκὼν,
3167 2917 3197 2969 ό
3232 2917 3325 2970 καὶ
3373 2917 3541 2988 χωρὶς
3575 2916 3792 2970 τούτων

2108 3001 2307 3072 μένων,
2338 3001 2415 3064 ὡς
2469 3001 2625 3070 ἔφης,
2662 3001 2751 3056 διά
2783 3003 2883 3072 τὴν
2931 3003 3067 3073 πρὸς
3097 3003 3196 3073 τὴν
3239 3004 3520 3075 ἐρωμένην
3561 3003 3787 3072 μανίαν.

2189 3088 2349 3142 Ἀλλά
2375 3080 2485 3160 γὰρ
2517 3090 2608 3142 τὸν
2636 3090 2765 3160 παρ’
2794 3093 2826 3161 ἡ
2837 3089 2953 3159 μῶν
2975 3090 3132 3158 λόγον
3162 3091 3460 3160 στήσαντες
3490 3091 3649 3155 τέως,
3679 3093 3792 3146 πά-

2105 3177 2188 3230 λιν
2244 3176 2642 3247 ἐπακούσωμεν
2709 3177 2818 3231 τῶν
2842 3177 3098 3248 ὀδυρμῶν
3134 3176 3231 3231 τοῦ
3277 3178 3550 3246 σοφιστοῦ.
3596 3179 3791 3248 ’Δφείς

2103 3265 2212 3338 γὰρ
2237 3266 2328 3319 τὸν
2360 3265 2602 3319 Ἀπόλλω
2629 3266 2764 3337 πρὸς
2796 3265 2890 3318 τὸν
2912 3265 3010 3318 Δία
3038 3266 3202 3320 πάλιν
3215 3266 3541 3337 ὀλοφύρεται
3565 3266 3746 3334 λέγων
3766 3284 3786 3300 ο

2108 3355 2274 3415 Οῖαν,
2304 3350 2352 3408 ὦ
2377 3352 2512 3419 Ζεῦ,
2562 3353 2798 3423 ’βρώμης
2849 3355 3198 3423 καμνούσης
3231 3354 3614 3423 ἀφῃρέθημεν
3644 3353 3790 3408 ἀνά-

2103 3445 2377 3496 παυλαν·
2409 3442 2490 3506 ὡς
2546 3441 2810 3508 καθαρὸν
2864 3442 2983 3512 μὲν
3029 3443 3295 3509 θορύϐων
3323 3443 3362 3509 ἡ
3415 3442 3617 3511 Δάφνη
3668 3460 3788 3511 χωρ

2093 3531 2250 3598 ρίον,
2276 3529 2678 3599 καθαρώτερος
2699 3529 2768 3583 δὲ
2796 3533 2829 3585 ὁ
2854 3530 3025 3596 νεὼς,
3063 3525 3194 3584 οἷον
3211 3530 3452 3600 λιμένος
3470 3530 3566 3583 ἐπὶ
3583 3529 3787 3596 λιμένι

2102 3619 2238 3686 παρ’
2264 3615 2453 3685 αὐτῆς
2485 3618 2892 3685 πεποιημένου
2943 3617 3055 3687 τῆς
3093 3618 3364 3687 φύσεωςο
3408 3617 3789 3687 ἀκυμάντοιν

2097 3705 2214 3776 μὲν
2250 3706 2496 3776 ἀμφοῖν,
2546 3707 2733 3760 πλείω
2774 3705 2842 3759 δὲ
2892 3705 3009 3775 τὴν
3049 3707 3322 3777 ἡσυχίαν
3363 3704 3788 3774 παρεχομένου

2101 3794 2209 3848 τοῦ
2232 3794 2535 3862 δευτέρου.
2563 3794 2658 3860 Τίς
2684 3794 2803 3862 μὲν
2831 3795 2943 3848 οὐκ
2982 3794 3062 3848 ἂν
3096 3797 3305 3850 αὐτόθι
3333 3795 3524 3849 νόσον
3548 3782 3786 3858 ἀπέδυξ

2102 3881 2194 3948 τίς
2219 3881 2285 3935 δὲ
2315 3883 2425 3936 οὐκ
2472 3881 2550 3936 ἂν
2579 3883 2803 3951 φόϐον;
2835 3882 2926 3947 τίς
2953 3881 3022 3935 δὲ
3053 3884 3170 3936 οὐκ
3204 3881 3281 3935 ἂν
3315 3881 3566 3946 πένθος;
3595 3880 3690 3943 τίς
3709 3878 3786 3932 δὲ

2102 3968 2180 4024 ἂν
2223 3969 2487 4036 ἐπόθησε
2515 3969 2622 4036 τὰς
2652 3970 2936 4039 μακάρων
2968 3970 3234 4037 νήσους-ς
3259 3970 3426 4023 Ποίαν
3459 3968 3785 4022 ἀνάπαυλαν

2103 4055 2484 4128 ἀφῃρέθημεν,
2513 4046 2558 4108 ὦ
2587 4057 2786 4127 μιαρέ;
2815 4059 2933 4121 πῶς
2975 4057 3031 4110 δὲ
3066 4055 3447 4129 καθαρώτερος
3476 4053 3720 4126 θορύϐων
3745 4053 3782 4105 ὀ

2102 4142 2256 4207 νεὼς,
2289 4143 2381 4196 καὶ
2431 4142 2596 4215 λιμὴν
2631 4143 2963 4214 ἀκύμαντος,
3000 4145 3129 4198 ἔνθα
3174 4144 3346 4210 αὐλοὶ,
3374 4146 3468 4198 καὶ
3491 4144 3782 4214 τύμπανα,

2101 4227 2196 4279 καὶ
2224 4225 2543 4298 κραιπάλαι,
2577 4227 2672 4280 καὶ
2694 4226 2894 4297 κῶμοι,
2917 4231 3012 4282 καὶ
3068 4227 3265 4298 μέθαις
3309 4230 3405 4293 Τίς
3431 4229 3543 4282 οὐκ
3571 4226 3649 4280 ἂν
3669 4229 3791 4280 οὑ-

2101 4313 2248 4378 τόθι,
2289 4314 2442 4384 φησὶ,
2480 4315 2672 4368 νόσον
2699 4313 2923 4378 dus-56v;
2953 4315 3049 4378 Τίς
3078 4315 3177 4386 μὲν
3215 4310 3309 4369 οὖν
3353 4314 3464 4368 τῶν
3516 4331 3791 4386 προσκειμ-

2105 4401 2280 4470 μένων
2301 4417 2384 4454 σοι
2410 4401 2510 4455 οὐκ
2526 4402 2592 4454 ἂν
2623 4401 2840 4468 ἐδέξατο
2876 4402 3030 4454 νόσον
3060 4402 3272 4466 αὐτόθι,
3305 4403 3354 4455 εἰ
3389 4401 3481 4455 καὶ
3504 4402 3790 4473 πρότερον

2101 4488 2358 4556 ὑγιαίνων
2398 4487 2681 4559 ἐτύγχανε,
2709 4489 2804 4542 καὶ
2825 4491 2978 4542 νόσον
3006 4489 3106 4560 τὴν
3131 4488 3323 4542 πασῶν
3352 4489 3787 4560 χαλεπωτάτην;

2113 4575 2172 4629 'U
2210 4575 2319 4647 γὰρ
2355 4577 2446 4629 τὸν
2478 4576 2709 4647 δαίμονα
2744 4577 3087 4648 προσκυνῶν,
3138 4577 3233 4631 καὶ
3278 4577 3378 4647 τῆς
3417 4577 3634 4647 Δάφνης
3676 4577 3793 4648 τὴν

2101 4663 2355 4717 ὑπόθεσιν
2403 4665 2635 4728 ἀκούων,
2668 4666 2762 4718 καὶ
2803 4665 2898 4718 τοῦ
2949 4665 3073 4719 θεοῦ
3119 4667 3220 4734 τὴν
3278 4665 3475 4736 μανίαν
3502 4664 3796 4735 τοσαύτην

2099 4753 2262 4824 ὁρῶν,
2301 4752 2378 4817 ὼς
2418 4753 2512 4806 καὶ
2555 4753 2957 4823 καταποθείσης
3003 4753 3102 4822 τῆς
3131 4752 3418 4823 ἐρωμένης
3459 4751 3539 4805 ἐτι
3603 4769 3792 4822 προα-

2102 4841 2352 4910 εδρεύειν
2400 4839 2478 4911 τῷ
2505 4841 2658 4912 τόπῳ
2690 4842 2782 4893 καὶ
2818 4839 2896 4910 τῷ
2927 4839 3098 4910 φυτῷ,
3131 4841 3304 4909 πόσην
3334 4838 3542 4892 ἐκεῖθεν
3587 4839 3698 4892 οὐκ
3723 4839 3805 4894 ἂν

2099 4927 2317 4992 ἐδέξατο
2346 4927 2522 4996 φλόγα
2559 4928 2784 4997 μανίας;
2835 4926 3002 4981 πόσον
3029 4925 3305 4996 χειμῶνα;
3329 4927 3492 4978 πόσον
3511 4924 3804 4995 θόρυϐονς

2100 5015 2274 5086 πόσην
2312 5015 2498 5080 νόσον;
2531 5014 2698 5069 πόσον
2743 5015 2949 5080 πάθοςς
2989 5013 3158 5067 Τοῦτο
3198 5008 3293 5066 οὖν
3328 5012 3657 5066 ἀνάπαυλαν
3695 5031 3817 5068 κα.-

2097 5103 2209 5166 λεῖς
2235 5103 2433 5176 ψυχῆς,
2467 5103 2562 5159 καὶ
2603 5103 2798 5175 λιμένα
2827 5102 3180 5174 ἀκύμαντον;
3205 5100 3366 5155 τοῦτο
3401 5101 3568 5155 νόσων
3600 5102 3819 5157 ἀπαλ-

2097 5192 2301 5263 λαγήνς
2340 5192 2452 5247 Καὶ
2474 5192 2527 5245 τί
2568 5190 2885 5263 θαυμαστὸν
2906 5192 2956 5243 εἰ
2987 5191 3056 5244 τὰ
3084 5189 3306 5244 ἐναντία
3351 5189 3466 5251 τοῖς
3508 5189 3820 5256 ἐναντίοις

2096 5280 2336 5347 τίθεσαι;
2367 5279 2477 5334 Καὶ
2504 5279 2612 5351 γὰρ
2632 5280 2681 5332 οἰ
2711 5279 3024 5349 μαινόμενοι
3047 5277 3157 5330 τῶν
3187 5275 3531 5348 πραγμάτων
3559 5275 3825 5343 οὐδενὸς

2097 5368 2173 5431 ὼς
2228 5366 2342 5437 ἔχει
2394 5367 2611 5436 φύσεως
2636 5364 3002 5436 αἰσθάνονται,
3050 5362 3186 5417 ἀλλά
3228 5361 3478 5425 ἐναντίας
3507 5362 3630 5427 τοῖς
3672 5361 3830 5420 οὖσι

2096 5455 2194 5517 τὰς
2237 5455 2450 5526 ψήφους
2478 5453 2821 5522 ἐκφέρουσιν.
2860 5452 3149 5520 Ὀλύμπια
3172 5448 3290 5519 μὲν
3319 5451 3393 5504 οὐ
3435 5447 3611 5517 μάλα
3654 5456 3834 5523 πόρ-

2090 5544 2209 5612 ρωο
2248 5542 2412 5596 πάλιν
2459 5541 2568 5612 γὰρ
2595 5541 2681 5594 ἐπὶ
2712 5539 2802 5594 τὸν
2839 5539 3036 5609 θρῆνον
3061 5536 3355 5610 ἐλεύσομαι
3398 5535 3625 5602 δεικνὺς
3660 5538 3837 5616 ὅσην.

2166 5750 2189 5779 ⁸
2213 5749 2309 5800 Alii
2326 5751 2410 5807 τὴν
2435 5749 2530 5797 τῶν
2547 5747 2802 5804 ἀνθρώπων
2822 5744 3129 5810 κηδιμσνίαν.
