4044 6206
394 258 481 314 sci
795 237 800 241 ’
1169 255 1260 310 ως
1298 255 1356 311 s.
1400 253 1695 321 usum,
1736 251 1977 310 coma.

2083 250 2387 308 ULIANUM
2426 252 2518 307 ET
2559 251 2917 308 GENTILES.

388 385 554 425 sereno
581 376 839 438 tempore,
866 381 983 420 cum
1010 364 1163 420 nubes
1208 367 1529 439 prateriisset
1548 407 1562 428 ,
1592 364 1840 436 deiectum
1878 371 1973 416 est.

389 461 590 515 Nubcm
639 467 695 513 et
735 458 991 513 diluvium
1036 468 1188 511 vocat
1241 455 1591 526 praecedentis
1637 453 1979 524 Imperatoris

387 562 614 619 tempus.
648 548 852 604 Rursus
880 548 1093 618 paulum
1128 562 1442 618 progressus
1468 546 1572 601 hoc
1612 546 1783 615 ipsum
1824 559 1975 599 ama-

386 640 645 697 ruleutius
686 640 932 709 deplorat
968 640 1050 693 bis
1098 639 1315 693 verbis:
1348 638 1545 692 Deinde
1580 653 1693 690 cum
1734 652 1840 691 arte
1878 646 1978 689 tua:

384 732 678 803 sanguinem
718 733 939 795 sitirent,
984 730 1269 801 neglectus,
1298 747 1328 783 ο
1353 730 1566 800 Apollo,
1611 728 1819 782 sedulus
1862 727 1977 782 Da-

386 826 541 892 phnes
583 833 751 877 custos
788 824 1061 886 monebas;
1101 822 1377 891 aliquando
1403 823 1555 877 etiam
1600 822 1864 880 lacessitus
1891 830 1973 874 at-

382 933 478 984 que
502 926 708 970 externo
733 915 981 984 spoliatus
1011 924 1193 967 ornatu
1223 914 1467 982 patienter
1496 912 1655 967 tulisti
1683 929 1703 966 :
1729 930 1863 965 nunc
1886 929 1977 965 au-

385 1017 480 1060 tem
508 1018 579 1061 tot
602 1005 773 1059 ovibus
798 1005 1052 1072 bobusque
1076 1005 1322 1069 mactatis,
1344 1021 1402 1059 os
1422 1004 1754 1076 Imperatoris
1776 1021 1976 1059 sacrum

385 1099 510 1168 pede
535 1098 807 1167 excepisti,
839 1098 1051 1151 intuitus
1079 1113 1224 1166 quem
1269 1096 1607 1167 preedicebas,
1632 1097 1766 1148 uisus
1794 1097 1856 1147 ab
1881 1111 1939 1148 eo
1956 1135 1972 1159 ,

382 1206 529 1260 quem
573 1191 1002 1261 pramuatiaveras
1021 1232 1034 1251 ,
1067 1189 1204 1242 malo
1256 1188 1418 1243 vicino
1471 1188 1735 1252 liberatus,
1776 1198 1976 1240 mortuo

383 1281 606 1350 quodam
635 1297 839 1351 nempe,
872 1282 957 1351 qui
984 1280 1072 1333 tibi
1102 1279 1386 1333 molestiam
1427 1279 1628 1332 creabat
1670 1318 1684 1343 ,
1708 1295 1774 1332 ea:
1813 1279 1976 1331 medio

381 1373 521 1425 cultu
561 1372 812 1425 exsiliisti.
851 1370 1120 1426 Undenam
1149 1372 1285 1425 ultra
1321 1370 1650 1441 glariabimur
1676 1369 1817 1438 apud
1844 1369 1976 1422 viros

382 1480 648 1518 sacrorum
679 1474 1060 1527 statuarumque
1080 1474 1280 1517 tuarum
1305 1478 1546 1516 memores
1564 1462 1590 1516 .9
1616 1462 1750 1529 Quid
1777 1462 1875 1524 ais,
1906 1461 1978 1514 lu-

381 1555 568 1624 gubris
612 1554 966 1609 decantator?
992 1554 1139 1609 Itane
1177 1554 1498 1610 contumelia
1529 1564 1582 1608 et
1622 1553 1812 1621 injuria
1842 1553 1974 1607 alio.

383 1656 505 1703 ctus
531 1657 674 1702 tutus
704 1649 901 1703 mansit
931 1647 1177 1718 Daphnes
1200 1658 1416 1711 custos;
1450 1662 1572 1701 cum
1601 1655 1775 1701 autem
1804 1644 1977 1700 boaor

385 1741 487 1810 ipsi
532 1751 695 1813 atque
741 1742 916 1796 cultus
966 1742 1316 1807 redderetur,
1348 1756 1416 1796 ne
1465 1741 1715 1811 templum
1761 1739 1973 1809 quidem

382 1847 541 1886 suum
567 1848 790 1887 servare
820 1834 1025 1902 potuit;
1059 1832 1352 1902 praesertim
1380 1845 1502 1885 cum
1527 1831 1709 1896 sciret,
1738 1830 1976 1899 collapsa

383 1921 511 1985 illo,
541 1924 802 1991 majorem
849 1924 948 1977 sibi
989 1921 1331 1991 ignominiam
1368 1921 1596 1975 futuram
1638 1921 1800 1975 esse?
1846 1919 1977 1987 Quis

381 2023 562 2068 autem
594 2014 686 2068 ille
709 2024 968 2080 mortuus,
996 2030 1029 2068 ο
1055 2014 1314 2083 sophista,
1339 2013 1426 2082 qui
1453 2012 1555 2066 deo
1581 2011 1655 2066 illi
1678 2012 1974 2066 molestiam

380 2105 646 2159 creabat?
674 2121 839 2175 ecqua
866 2106 954 2159 illa
983 2106 1119 2160 mala
1150 2105 1435 2160 vicinitas?
1462 2103 1559 2158 llic
1588 2103 1728 2157 enim
1756 2103 1808 2157 in
1838 2103 1975 2157 beati

383 2196 600 2267 Babylte
626 2198 848 2253 virtutes
871 2214 991 2253 cum
1019 2198 1312 2263 incidisset,
1343 2212 1445 2252 nec
1473 2196 1814 2266 ignominiam
1838 2211 1977 2265 pra:-

382 2288 549 2342 terire
576 2298 779 2358 posset,
803 2305 920 2345 eam
947 2305 1055 2359 pra:
1075 2289 1281 2359 pudore
1301 2305 1359 2344 se
1387 2289 1661 2344 occultans
1689 2287 1973 2355 praeteriit:

384 2388 616 2435 testatus
646 2390 822 2436 autem
863 2381 1161 2437 daemonem
1191 2398 1223 2437 a
1254 2392 1487 2453 martyre
1528 2380 1769 2435 molestia
1818 2389 1977 2449 atque

379 2488 625 2527 aerumna
666 2473 911 2528 allectum
951 2474 1113 2528 fuisse
1132 2517 1148 2541 ,
1178 2489 1278 2529 nec
1319 2474 1577 2544 adiiciens
1597 2514 1611 2536 ,
1638 2472 1935 2527 dmmonem
1956 2512 1972 2536 ,

380 2578 507 2617 cum
554 2564 763 2618 cladem
812 2579 961 2619 suam
1017 2573 1197 2635 tegere
1240 2565 1439 2626 vellet.
1471 2564 1641 2634 magis
1684 2563 1828 2617 illam
1878 2562 1976 2616 de-

384 2655 619 2720 texisse,
651 2655 966 2724 simpliciter
987 2655 1141 2723 dixit,
1171 2671 1203 2710 a
1234 2656 1369 2709 mala
1393 2656 1667 2710 vicinitate
1693 2655 1978 2709 liberatum

381 2760 533 2800 esse.
560 2745 668 2800 Cur
699 2764 803 2801 non
836 2747 1004 2814 dicis,
1034 2763 1067 2801 ο
1096 2749 1414 2817 sapientium
1448 2748 1831 2817 nugacissime,
1860 2748 1980 2817 quis

383 2836 481 2892 ille
509 2848 755 2892 mortuus
779 2850 957 2905 esset,
990 2848 1045 2894 et
1070 2855 1234 2910 quare
1262 2840 1409 2896 solus
1438 2839 1541 2894 deo
1564 2850 1654 2895 tuo
1681 2838 1979 2894 molestiam

382 2930 637 2984 crearet?
665 2931 839 2999 Quare
884 2932 1208 2987 vicinitatem
1255 2933 1397 2987 illam
1429 2933 1624 2986 malum
1663 2931 1869 2987 vocas?
1909 2947 1976 2986 an

384 3020 511 3089 quia
542 3021 802 3076 daemonis
836 3022 1071 3078 fraudem
1120 3024 1408 3093 arguebat?
1436 3025 1595 3093 Atqui
1639 3023 1691 3078 id
1731 3038 1835 3077 non
1862 3030 1981 3078 erat

383 3112 544 3165 malae
574 3111 857 3168 vicinitatis
904 3130 1074 3183 opus;
1115 3115 1565 3184 quemadmodum
1606 3130 1707 3171 nec
1741 3116 1977 3184 mortui,

384 3203 482 3255 sed
513 3204 758 3269 viventis,
783 3207 1054 3274 operantis
1077 3247 1091 3268 ,
1125 3206 1305 3275 probi,
1334 3206 1718 3274 patrocinantis
1746 3217 1801 3262 et
1824 3222 1981 3263 cura-

385 3291 521 3345 toris
546 3332 563 3357 ,
595 3304 759 3363 atque
785 3294 961 3348 omnia
1001 3311 1098 3364 pro
1118 3296 1292 3350 salute
1318 3304 1493 3351 vestra
1519 3300 1720 3366 agentis
1742 3338 1755 3361 ,
1788 3299 1832 3352 si
1859 3298 1978 3368 qui-

385 3381 514 3436 dem
544 3384 868 3440 voluissctis.
903 3385 1110 3440 Etenim
1140 3402 1207 3442 ne
1244 3388 1393 3442 vobis
1424 3388 1645 3443 ulterius
1672 3388 1857 3444 liceret
1882 3403 1979 3444 vos

386 3474 538 3542 ipsos
570 3475 823 3546 decipere
850 3493 912 3533 ac
938 3478 1119 3535 dicere
1158 3480 1333 3550 ipsum
1379 3482 1570 3535 iratum
1590 3523 1605 3547 ,
1637 3492 1689 3536 et
1716 3482 1787 3536 ob
1815 3482 1979 3537 inter-
2020 3552 2027 3557 η

386 3566 553 3620 missa
582 3567 844 3623 sacrificia
882 3572 1327 3638 expostulantem,
1352 3572 1523 3642 deque
1550 3574 1754 3643 reliquo
1784 3573 1979 3642 pariter
2004 3560 2017 3565 ’

385 3658 592 3714 omisso
620 3661 765 3716 cultu
792 3671 1210 3733 conquerentem
1231 3706 1245 3730 ,
1276 3668 1417 3721 ultro
1451 3668 1776 3722 abscessisse
1808 3685 1823 3722 :
1857 3668 1978 3723 ideo

385 3760 595 3821 martyr
619 3766 742 3806 eum
786 3769 853 3808 ex
900 3755 1017 3809 loco
1057 3771 1276 3825 prorsus
1324 3758 1514 3827 eiecit,
1546 3759 1635 3829 qui
1681 3760 1828 3813 locus
1877 3760 1977 3829 ipsi

386 3842 622 3895 maxime
648 3844 887 3899 omnium
914 3856 1092 3915 gratus
1119 3859 1235 3902 erat
1253 3890 1266 3913 ,
1301 3865 1565 3919 quemque
1593 3851 1712 3904 aliis
1748 3851 1877 3905 locis
1905 3852 1977 3906 ita

384 3933 753 4002 anteferebat,
782 3947 842 3994 ut
868 3940 950 3994 vel
978 3939 1325 3995 inhonoratus
1356 3942 1425 3996 ibi
1466 3942 1740 3998 insideret.
1769 3943 1897 3997 Nam
1925 3943 1976 3996 id

385 4033 442 4078 tu
490 4040 704 4097 quoque
750 4029 929 4085 dicere
965 4032 1283 4100 przevertisti
1313 4049 1327 4085 :
1358 4036 1517 4101 Atque
1562 4034 1657 4087 hoc
1692 4034 1804 4102 ipso
1845 4044 1974 4088 lem-

384 4135 530 4187 ρον-ε,
558 4136 656 4189 quo
681 4122 868 4176 multas
903 4123 1003 4191 ipsi
1045 4139 1156 4178 oves
1182 4136 1230 4178 et
1268 4126 1454 4179 multos
1498 4124 1644 4179 boves
1685 4126 1976 4180 immolabat

381 4208 679 4280 Imperator
707 4212 932 4283 (Libam'i
962 4214 1127 4287 verba)
1154 4234 1166 4269 :
1201 4226 1257 4270 ut
1286 4217 1459 4287 palam
1488 4218 1557 4270 sit
1584 4217 1931 4287 undeqnaque
1956 4259 1971 4284 ,

382 4301 562 4370 ipsum
606 4314 851 4359 coactum
892 4307 1196 4377 maioreque
1222 4309 1271 4362 vi
1315 4308 1522 4379 pulsum
1554 4308 1806 4377 Daphnen
1847 4310 1975 4363 reli-

381 4394 590 4461 quisse.
620 4394 885 4452 l’otuisset
906 4399 1120 4468 quidem
1156 4400 1382 4472 Babylas
1422 4401 1502 4455 vel
1532 4411 1778 4456 manente
1804 4410 1976 4456 statua

380 4485 560 4555 ipsum
594 4488 711 4542 loco
742 4490 974 4558 pellere;
1007 4502 1062 4546 at
1091 4509 1186 4548 vos
1216 4510 1321 4548 nou
1364 4494 1756 4559 credidissetis,
1790 4511 1976 4565 quem-

379 4577 674 4633 admodum
716 4596 887 4652 neque
928 4583 1092 4649 olim,
1137 4601 1258 4639 cum
1307 4586 1374 4640 ab
1414 4601 1481 4641 eo
1512 4586 1720 4641 vinctus
1749 4586 1970 4652 fuisset,

378 4683 589 4739 vosque
635 4674 848 4728 assiduo
910 4677 1053 4730 cultu
1102 4678 1391 4733 instaretis.
1442 4677 1798 4746 Quamobrem
1851 4696 1972 4734 cum

380 4762 530 4829 prius
558 4763 903 4821 simulacrum
942 4779 1085 4824 stare
1126 4770 1491 4839 permisisset,
1520 4779 1644 4829 tunc
1674 4772 1801 4826 illud
1826 4771 1974 4841 deie-

377 4856 498 4921 cit,
553 4871 674 4912 cum
733 4862 962 4917 maxime
1013 4862 1225 4918 ﬂamma
1279 4866 1565 4935 impietatis
1621 4876 1973 4938 exsurgeret,

379 4948 679 5005 notemus
716 4950 974 5008 victorem
1026 4965 1133 5009 tum
1166 4956 1377 5011 vincere
1405 4966 1687 5026 oportere,
1720 4972 1826 5011 non
1855 4972 1975 5012 cum

379 5039 571 5094 afﬂicti
591 5054 657 5096 ac
678 5041 939 5112 depressi,
968 5046 1061 5101 sed
1090 5062 1211 5103 cum
1234 5048 1487 5104 ﬂorentes
1512 5059 1670 5118 atque
1695 5049 1819 5104 elati
1851 5058 1976 5103 sunt

379 5132 697 5188 adversarii.
732 5136 839 5191 Cur
869 5138 1032 5203 enim,
1063 5139 1468 5211 cunnDaphnen
1500 5149 1973 5211 transportaretur,

378 5218 700 5292 imperatori
725 5241 786 5283 se
809 5229 1145 5285 transferenti
1181 5246 1285 5287 non
1316 5231 1613 5300 mandavit,
1637 5238 1693 5286 ut
1720 5231 1974 5300 templum

376 5312 623 5372 (timeret
660 5332 724 5372 ac
752 5329 980 5374 statuam
1029 5322 1340 5388 transterret
1366 5363 1382 5389 ,
1416 5332 1475 5377 ut
1502 5338 1714 5393 capsum
1749 5321 1977 5378 transle-

374 5404 573 5461 rebat?
599 5406 733 5477 Quia
763 5410 1009 5466 nimirum
1044 5412 1177 5468 nihil
1226 5413 1294 5468 ab
1322 5414 1409 5470 illa
1442 5414 1733 5471 lazdebatur
1756 5456 1771 5479 ,
1801 5429 1975 5483 neque

375 5499 585 5552 carnali
611 5500 802 5570 egebat
825 5504 1061 5569 auxilio;
1095 5503 1187 5559 scd
1214 5513 1269 5559 et
1298 5515 1421 5560 tunc
1457 5516 1511 5559 et
1553 5519 1695 5559 nunc
1732 5505 1846 5559 sine
1878 5504 1976 5559 liu-

374 5601 540 5642 mana
574 5607 732 5646 manu
761 5593 973 5663 deiecit.
1003 5596 1068 5651 Et
1096 5597 1318 5667 primam
1345 5598 1556 5668 quidem
1585 5596 1675 5651 ille
1701 5596 1971 5652 victuriatu

375 5692 490 5733 non
538 5682 825 5741 declaravit
867 5687 1060 5754 nobis;
1101 5688 1193 5744 sed
1221 5702 1343 5745 cum
1388 5690 1463 5745 illi
1497 5703 1558 5745 os
1586 5688 1969 5756 abstraxisset,

3560 257 3668 314 569.

2084 362 2304 431 quievit.
2335 362 2647 433 Huiusmodi
2678 372 2803 418 sunt
2844 364 3013 418 sancti
3048 382 3062 418 :
3094 378 3157 419 ea
3200 365 3408 433 solum,
3436 383 3556 437 qua:
3604 371 3667 424 ad

2084 452 2359 509 hominum
2383 454 2609 509 salutem
2637 464 2899 524 spectant,
2929 455 3113 524 perlici
3140 456 3344 523 volunt,
3370 474 3466 513 nec
3491 469 3667 514 tamen

2084 544 2265 598 multis
2290 544 2404 600 lucc
2432 559 2527 599 sua
2550 560 2670 600 esse
2694 561 2855 615 opera
2889 546 3170 609 declarari,
3202 548 3302 602 nisi
3333 558 3553 618 urgente
3580 566 3671 604 ne-

2082 637 2357 700 cessitate;
2389 637 2759 691 necessitatem
2792 652 2951 706 porro
2977 652 3112 692 voco
3141 638 3523 693 servandorum
3568 642 3664 694 lio-

2083 729 2284 782 minum
2313 729 2537 784 salutem
2568 747 2582 788 :
2612 729 2753 799 quod
2784 739 2838 784 et
2878 740 3003 784 tunc
3043 730 3236 785 factum
3274 741 3378 788 est.
3409 731 3667 798 Quoniam

2082 820 2224 873 enim
2242 819 2457 873 fraudis
2482 821 2618 874 mala
2649 820 2806 874 latius
2830 822 3145 891 serpebant,
3178 830 3303 878 tunc
3328 823 3543 878 demum
3572 839 3666 879 ειυς

2083 909 2164 962 bis
2204 909 2425 962 victoria
2453 909 2723 964 revelatur
2750 928 2763 962 :
2797 920 2851 965 et
2877 911 3090 980 quidem
3120 927 3225 966 non
3255 928 3283 967 a
3309 913 3509 967 victore
3532 956 3546 977 .
3573 914 3665 967 sed

2079 1001 2148 1053 ab
2173 1000 2287 1070 ipso
2312 1001 2471 1056 victo.
2504 1001 2615 1055 Hoc
2655 1014 2835 1057 autem
2864 1004 3026 1058 modo
3056 1004 3417 1059 testimonium
3446 1020 3515 1060 ne
3541 1005 3665 1074 ipsis

2080 1096 2293 1166 quidem
2326 1095 2567 1151 hostibus
2606 1106 2910 1167 suspectum
2952 1107 3239 1162 erat,cum
3284 1109 3501 1154 sanctus
3538 1099 3628 1153 ille
3650 1142 3665 1160 .

2080 1187 2163 1241 vel
2195 1198 2414 1257 urgente
2438 1189 2757 1244 necessitate
2781 1229 2797 1255 ,
2828 1205 2946 1260 qua:
2969 1189 3036 1244 ad
3060 1205 3118 1245 se
3138 1191 3447 1259 spectabant
3470 1190 3665 1261 [medi-

2078 1294 2203 1333 care
2234 1289 2518 1335 renueret:
2552 1290 2606 1336 at
2634 1297 2760 1337 vero
2789 1298 2911 1337 cum
2938 1298 3005 1338 ne
3032 1283 3109 1338 sic
3133 1284 3348 1354 quidem
3375 1300 3526 1339 error
3552 1299 3669 1339 ces-

2080 1380 2257 1436 saret,
2284 1370 2377 1424 sed
2409 1386 2595 1426 rursus
2626 1372 2887 1427 instarent
2916 1374 3011 1438 illi,
3043 1375 3124 1429 vel
3163 1374 3306 1428 saxis
3345 1375 3474 1446 ipsis
3498 1375 3669 1446 stupi-

2078 1461 2257 1516 diores
2277 1504 2292 1525 ,
2322 1462 2589 1517 devictum
2618 1463 2918 1519 daemonem
2964 1464 3344 1534 implorantes,
3374 1473 3428 1519 et
3469 1464 3535 1518 ad
3564 1473 3667 1518 tam

2078 1565 2316 1624 apertam
2342 1556 2618 1610 veritatem
2659 1557 3033 1622 czecutientcs,
3074 1566 3197 1611 tunc
3229 1571 3448 1611 necesse
3477 1555 3573 1610 fuit
3615 1557 3667 1610 iu

2081 1657 2305 1701 statuam
2332 1646 2507 1715 ignem
2530 1646 2775 1715 iaculari,
2807 1646 2977 1701 uthac
2996 1647 3242 1702 incendio
3267 1648 3513 1714 alterum,
3544 1645 3664 1701 ido-

2080 1739 2305 1792 lolatrizc
2328 1755 2539 1808 nempe,
2569 1740 2873 1794 incendium
2902 1740 3350 1810 exstingueretur.

2151 1832 2236 1886 19.
2267 1830 2375 1886 Cur
2404 1848 2531 1900 ergo
2557 1824 2855 1887 daemonem
2882 1832 3184 1887 criminaris
3221 1832 3425 1897 dicens,
3461 1831 3537 1887 De
3564 1849 3669 1887 me-

2078 1924 2163 1977 dio
2187 1924 2327 1977 cultu
2375 1933 2421 1977 te
2452 1924 2783 1979 subtraxisti.’
2810 1923 2923 1978 Non
2958 1923 3127 1977 libens
3152 1938 3210 1979 se
3251 1924 3534 1991 subtraxit,
3575 1925 3668 1979 sed

2081 2017 2274 2071 invitus
2299 2028 2355 2071 et
2380 2024 2615 2080 coactus,
2645 2016 2847 2084 eiectus
2871 2025 2923 2068 et
2954 2014 3134 2085 pulsus
3159 2022 3260 2079 est,
3285 2030 3405 2069 cum
3437 2015 3668 2069 maxime

2080 2125 2316 2175 manere,
2349 2107 2537 2164 nidore
2579 2117 2633 2163 et
2677 2107 2952 2163 sacriﬁciis
2993 2109 3366 2174 allicientibus,
3395 2109 3669 2165 voluisset.

2082 2203 2156 2256 Ac
2184 2202 2229 2256 si
2260 2202 2401 2256 enim
2433 2201 2499 2256 ad
2531 2201 2632 2255 hoc
2662 2201 2949 2270 imperaret
2979 2200 3409 2281 linperator'ille,
3440 2210 3500 2255 ut
3525 2202 3670 2257 orbis

2082 2310 2273 2364 pecora
2298 2294 2475 2349 omnia
2518 2294 2861 2357 absumeret,
2889 2292 2966 2347 sic
2996 2292 3196 2347 affatim
3243 2307 3371 2347 oves
3401 2302 3455 2347 ct
3508 2292 3671 2347 boves

2079 2385 2146 2439 ad
2179 2400 2299 2440 aras
2324 2384 2612 2450 mactabat,
2644 2398 2710 2438 eo
2733 2384 2955 2437 insania:
2981 2397 3318 2453 progressus,
3344 2392 3402 2436 ut
3427 2382 3579 2437 multi
3606 2400 3670 2436 ex

2082 2478 2148 2532 iis
2192 2477 2281 2547 qui
2321 2477 2481 2531 etiam
2508 2490 2650 2530 nunc
2677 2474 2818 2544 apud
2848 2489 2943 2530 eos
2972 2473 3338 2543 philos0phari
3380 2473 3629 2531 videntur
3653 2516 3669 2540 ,

2081 2584 2310 2640 coquum
2341 2569 2545 2638 ipsum,
2595 2568 2834 2623 earnium
2866 2582 3184 2637 cauponem,
3212 2575 3268 2623 et
3297 2566 3557 2622 similibus
3582 2582 3672 2618 vo-

2081 2660 2286 2714 cabulis
2312 2660 2661 2728 appellarent.
2687 2657 2845 2713 Certe
2873 2674 2904 2712 a
2930 2666 3037 2711 tam
3071 2658 3209 2711 lauta
3238 2672 3442 2719 mensa,
3464 2656 3672 2722 nidore,

2082 2751 2230 2806 fumo
2254 2792 2268 2814 ,
2295 2760 2350 2806 et
2389 2750 2662 2820 sanguinis
2693 2749 3018 2804 torrentibus
3046 2749 3213 2804 libens
3241 2764 3346 2803 non
3386 2749 3673 2817 aufugisset

2082 2842 2295 2897 daemon
2320 2883 2335 2908 ,
2363 2841 2485 2911 qui,
2517 2849 2577 2895 ut
2600 2850 2652 2895 tu
2683 2840 2898 2896 dicebas
2922 2881 2936 2905 ,
2968 2838 3052 2893 his
3087 2838 3371 2894 destitutus
3393 2879 3407 2905 ,
3455 2851 3674 2911 propter

2084 2934 2328 2989 insanum
2358 2932 2553 3003 puellae
2581 2946 2819 2987 amorem
2848 2930 2919 2986 ibi
2949 2930 3219 2986 manebat.

2152 3024 2331 3079 Jovem
2350 3024 2619 3094 compellat
2646 3020 2890 3077 Libanius
2912 3036 2932 3086 ;
2958 3020 3161 3076 Libauii
3181 3020 3349 3075 verba.
3374 3050 3444 3062 —
3471 3017 3669 3075 Verum

2083 3118 2185 3187 hic,
2199 3117 2503 3173 intermissa
2534 3116 2794 3186 tantisper
2831 3115 3111 3181 oratione‘,
3144 3114 3401 3183 sophista:
3440 3113 3673 3168 lamenta

2082 3212 2275 3266 iterum
2301 3209 2581 3264 audiamus
2600 3250 2615 3275 ,
2646 3208 2735 3279 qui
2761 3208 2925 3262 misso
2957 3207 3068 3277 iam
3097 3206 3343 3277 Apolline
3362 3250 3376 3274 ,
3410 3206 3548 3275 apud
3576 3204 3667 3260 Jo-

2080 3316 2198 3356 vem
2236 3300 2583 3371 conqueritur
2611 3300 2694 3354 bis
2714 3299 2892 3354 verbis
2925 3317 2939 3353 :
2984 3297 3147 3364 Quale
3165 3339 3179 3361 ,
3206 3315 3235 3352 ο
3257 3296 3463 3368 Jupiter
3483 3338 3499 3364 ,
3538 3296 3675 3351 labo-

2080 3393 2240 3446 rantis
2287 3392 2444 3445 animi
2503 3391 2843 3445 laxamentum
2896 3389 3241 3453 perdidimus!
3266 3405 3418 3456 quant
3462 3393 3674 3442 tumultu

2081 3500 2270 3537 vacuus
2311 3482 2553 3553 Daphnes
2595 3480 2768 3536 locus!
2807 3490 2997 3552 quanto
3043 3479 3205 3551 magis
3246 3494 3458 3533 vacuum
3501 3480 3671 3549 ipsum

2083 3574 2323 3645 templum
2344 3575 2365 3629 .'
2386 3590 2486 3646 quo
2510 3574 2694 3629 inloco
2715 3584 2897 3627 natura
2925 3588 3015 3626 ceu
3049 3582 3245 3640 portum
3267 3572 3321 3624 in
3357 3581 3509 3640 portu
3538 3575 3674 3639 fece—

2082 3676 2195 3733 rat,
2224 3668 2469 3735 ﬂuctuum
2497 3674 2753 3735 expertem
2785 3672 3068 3732 utrumque,
3098 3661 3184 3714 sed
3207 3660 3481 3713 secundum
3506 3661 3673 3729 majo-

2080 3773 2185 3811 rem
2236 3754 2650 3825 tranquillitatem
2686 3751 2999 3819 offerentem.
3036 3750 3162 3818 Quis
3206 3748 3276 3802 ibi
3314 3749 3543 3817 mogbum
3573 3766 3674 3803 nou

2081 3848 2350 3919 deposuit?
2374 3847 2487 3915 quis
2533 3862 2633 3899 non
2682 3842 2917 3898 metum!
2954 3843 3066 3912 quis
3121 3857 3222 3895 non
3276 3839 3512 3895 luctum?
3561 3843 3673 3911 quis

2081 3942 2367 4009 fortunatas
2421 3935 2617 3990 insulas
2677 3934 2977 3989 desideravit
3015 3935 3041 3987 7
3088 3932 3256 4001 Quale
3311 3932 3674 3987 laxamentum

2082 4030 2431 4100 perdidimus,
2459 4044 2492 4082 ο
2523 4027 2791 4084 sceleste?
2813 4026 3084 4096 quomodo
3124 4025 3353 4080 tumultu
3383 4026 3551 4094 magis
3575 4041 3671 4077 va-

2078 4137 2236 4177 cuum
2277 4120 2564 4190 templum,
2606 4118 2873 4189 quomodo
2919 4126 3103 4187 portus
3143 4116 3394 4172 ﬂuctuum
3438 4132 3671 4186 expers,

2082 4212 2169 4267 ubi
2228 4212 2411 4275 tibiae,
2470 4221 2752 4279 tympana,
2814 4209 3085 4278 crapulae,
3142 4208 3562 4264 comessationes
3617 4219 3673 4262 ct

2079 4303 2406 4360 ebrietates?
2436 4304 2563 4371 Quis
2607 4319 2707 4356 non
2750 4302 2820 4356 ibi
2866 4302 3094 4356 morbum
3139 4302 3415 4369 deposuit,
3462 4302 3673 4371 inquit?

2081 4395 2194 4450 lmo
2235 4395 2356 4467 quis
2398 4396 2666 4451 cultorum
2714 4404 2924 4449 tuorum
2978 4408 3083 4449 non
3132 4394 3205 4449 ibi
3245 4394 3489 4450 morbum
3535 4408 3669 4448 cou-

2081 4489 2262 4553 traxit,
2290 4487 2499 4542 etiamsi
2532 4488 2677 4556 prius
2708 4486 2844 4541 bene
2873 4486 3095 4549 valeret,
3127 4485 3395 4553 morbum,
3428 4485 3666 4556 inquam,

2080 4580 2319 4635 omnium
2365 4578 2788 4649 gravissimum?
2816 4577 2947 4633 Nam
2969 4579 3057 4648 qui
3100 4578 3398 4632 daeinouem
3446 4577 3668 4642 adorat,

2079 4682 2132 4727 et
2172 4673 2419 4743 Daphnes
2442 4669 2675 4727 fabulam
2705 4670 2874 4738 audit,
2902 4680 3211 4742 tantamque
3237 4670 3496 4726 (immunis
3522 4671 3669 4726 iusa-

2080 4765 2221 4820 niam
2250 4764 2427 4831 videt,
2453 4772 2512 4818 ut
2535 4762 2622 4818 vel
2647 4764 2896 4833 absorpta
2935 4763 3104 4819 amica
3140 4761 3313 4818 adhuc
3341 4764 3457 4817 loco
3486 4769 3543 4818 et
3577 4776 3669 4818 ar-

2080 4858 2197 4913 bori
2245 4856 2501 4922 insideat,
2529 4866 2781 4927 quantam
2824 4856 2949 4911 hinc
2995 4855 3215 4910 insania:
3258 4854 3527 4912 ﬂammam
3559 4870 3666 4909 non

2079 4951 2666 5021 concilianquantam
2709 4957 3118 5020 tempestatem,
3169 4960 3423 5019 quantmu
3472 4949 3669 5003 tumul;

2082 5052 2192 5103 tum
2218 5086 2231 5109 ,
2256 5051 2511 5114 quantum
2557 5040 2803 5095 morbum
2823 5081 2837 5106 ,
2866 5048 3117 5107 quantam
3168 5040 3620 5111 perturbationem
3647 5039 3670 5089 2

2082 5136 2209 5191 Idne
2254 5148 2411 5189 vocas
2448 5133 2609 5189 animi
2652 5132 3033 5194 laxamentum,
3061 5140 3113 5186 ct
3159 5142 3366 5200 portum
3415 5130 3667 5184 ﬂuctuum

2080 5226 2391 5295 expertem?
2422 5224 2545 5279 idne
2590 5222 2761 5278 morbi
2806 5221 3087 5277 levamen?
3132 5221 3333 5291 Ecquid
3389 5222 3575 5273 mirum
3624 5236 3666 5271 st

2082 5318 2348 5374 contraria
2378 5316 2661 5371 contrariis
2692 5314 2980 5386 apponas?
3028 5312 3158 5369 Nam
3197 5313 3286 5382 qui
3333 5311 3509 5366 lurore
3552 5326 3668 5363 cor-

2079 5412 2215 5481 repti
2252 5419 2394 5476 sunt,
2424 5410 2620 5467 nullius
2652 5410 2728 5465 rei
2761 5419 3002 5464 naturam
3030 5408 3103 5460 uti
3133 5422 3191 5461 se
3223 5406 3379 5458 habet
3406 5405 3665 5465 sentiunt,

2079 5504 2171 5556 sed
2212 5502 2509 5558 contrarios
2543 5502 2619 5557 rei
2651 5501 2860 5555 veritati
2904 5498 3140 5553 calculos
3171 5505 3391 5567 ponunt.
3428 5495 3669 5567 Olympia

2081 5594 2321 5665 siquidem
2364 5610 2463 5648 non
2502 5595 2778 5648 admodum
2812 5589 3039 5663 procul:
3069 5604 3254 5645 rursus
3299 5588 3441 5644 enim
3482 5590 3547 5643 ad
3593 5588 3669 5642 Ias

2081 5695 2317 5743 mentum
2366 5694 2635 5755 revertar,
2695 5694 2751 5738 ut
2818 5679 3095 5739 ostendam
3149 5690 3395 5754 quamam
3449 5680 3673 5750 gentiles
