4044 6206
350 244 462 298 5:63

353 370 543 410 otnnes
584 364 707 409 tunc
758 356 941 411 urbem
994 356 1289 412 incolentes
1338 357 1546 426 plagam
1594 357 1940 426 acceperint;

356 448 637 517 palamque
680 446 868 503 faciam
918 449 1297 518 Imperatorem
1344 462 1447 501 non
1486 448 1538 501 id
1581 463 1734 516 teque
1763 449 1943 502 animo

358 538 613 602 fatur-um,
642 537 735 591 sed
768 547 934 593 totum
978 538 1209 592 furorem
1251 538 1301 591 in
1333 537 1581 609 martyris
1609 552 1785 592 arcam
1814 538 1945 592 ellu-

356 643 539 680 snrum
589 626 785 690 fuisse,
819 628 919 681 nisi
964 643 1085 681 eum
1134 627 1306 696 major
1353 638 1526 681 metus
1572 627 1946 683 cohibuisset?

272 710 280 716 ’
358 718 497 781 Quid
525 717 685 787 igitur
705 719 773 771 ait
797 718 820 771 ἲ
849 718 1087 788 Olympia
1108 735 1217 771 non
1254 718 1528 772 admodum
1556 719 1739 789 procul
1768 735 1788 773 :
1818 721 1945 772 cele-

358 811 513 864 britas
543 810 685 864 urbes
712 812 997 863 convocabit
1019 826 1039 873 ;
1064 810 1144 863 hae
1170 812 1363 865 venient
1390 814 1532 865 boves
1558 820 1769 880 agentes»
1787 810 1948 880 Apol-

356 901 450 954 lini
496 900 879 966 sacriﬁcandos.
925 900 1061 967 Quid
1101 900 1393 969 faciemus?
1420 917 1517 969 quo
1566 917 1656 953 nos
1698 900 1947 954 subduce-

360 992 513 1046 mus?
536 992 645 1061 quis
674 992 883 1045 deorum
911 992 1052 1045 nobis
1090 1001 1275 1045 terram
1302 991 1555 1045 dehiscere
1575 990 1767 1061 jubebit
1788 992 1813 1044 .9
1840 992 1950 1062 quis

362 1098 549 1151 prwco,
575 1100 686 1151 qua
712 1084 830 1136 tuba
856 1099 957 1136 non
986 1082 1233 1153 lacrymas
1259 1083 1542 1154 exprimet?
1567 1083 1678 1153 quis
1711 1081 1951 1153 Olympia

364 1175 547 1243 festum
574 1174 766 1227 vocabit
788 1216 803 1241 ,
826 1175 961 1244 quod
986 1175 1244 1244 proximus
1268 1192 1415 1228 casus
1444 1176 1634 1227 luctum
1662 1173 1900 1227 invexerit
1927 1173 1952 1225 ἲ

364 1264 447 1317 Da
474 1266 597 1318 mihi
625 1283 799 1319 arcum
827 1267 1124 1333 corneum‘,
1153 1267 1312 1337 inquit
1350 1266 1609 1336 tragoedia.
1645 1265 1757 1336 Ego
1784 1275 1951 1319 autem

358 1357 508 1423 dico,
532 1367 578 1411 et
604 1359 825 1429 vaticinii
854 1358 1085 1413 nonnihil
1110 1400 1125 1425 ,
1157 1367 1211 1411 ut
1240 1358 1329 1411 illo
1367 1359 1594 1428 capiant,
1624 1358 1717 1411 hoc
1757 1358 1951 1427 sagittis

361 1450 880 1519 impetamfacinoris
929 1459 1203 1503 auctorem.
1248 1449 1292 1504 0
1340 1450 1549 1518 impiam
1592 1449 1898 1502 audaciam!
1923 1465 1953 1502 0

363 1540 621 1608 impuram
648 1542 869 1594 animam
892 1541 912 1595 !
939 1558 968 1595 ο
996 1542 1313 1594 temerariam
1341 1557 1547 1593 manum
1574 1540 1595 1593 .'
1623 1539 1801 1609 Tityus
1826 1541 1955 1594 alter

365 1632 446 1684 hic
474 1640 582 1694 est,
616 1633 690 1685 vel
712 1631 854 1687 .Idas
890 1632 1079 1703 Lyncei
1111 1633 1303 1702 frater;
1334 1649 1433 1686 non
1476 1649 1690 1703 magnus
1731 1644 1785 1685 ut
1829 1634 1950 1700 ille,

364 1738 466 1775 non
482 1723 742 1792 jaculator
771 1733 825 1776 ut
852 1724 962 1790 hic,
993 1724 1079 1777 sed
1105 1724 1158 1776 in
1187 1740 1339 1776 unum
1366 1724 1569 1777 edoctus
1594 1765 1609 1789 ,
1640 1733 1815 1778 contra
1837 1725 1955 1778 deos

362 1814 604 1868 insanire.
657 1815 799 1869 Aloei
845 1816 978 1883 ﬁlios
1031 1815 1127 1868 diis
1174 1816 1385 1869 insidias
1432 1826 1623 1870 struere
1673 1818 1951 1887 cogitantes

354 1913 526 1957 morte
572 1904 788 1971 sedusti,
835 1903 1056 1974 Apollo;
1084 1906 1199 1959 huic
1237 1922 1351 1959 vero
1380 1906 1545 1975 ignem
1576 1907 1753 1974 procul
1777 1906 1955 1974 ferenti

355 2012 468 2048 non
495 1998 710 2049 occurrit
738 1998 919 2067 sagitta
959 1998 1011 2051 in
1049 2014 1135 2051 cor
1165 1998 1323 2067 ipsius
1348 1999 1593 2053 iuvolans.
1629 1999 1673 2053 Ο
1694 2000 1955 2054 dexteram

367 2088 613 2155 furiosam
636 2090 657 2143 l
681 2106 709 2143 ο
739 2090 966 2159 iniquum
995 2090 1200 2161 ignem!
1228 2106 1443 2160 quonam
1474 2091 1691 2161 primum
1734 2092 1957 2145 incidit?

363 2180 499 2248 quod
540 2180 957 2234 malieazonlium
980 2183 1006 2234 ?
1031 2198 1149 2235 num
1177 2199 1208 2235 a
1241 2192 1367 2235 tecto
1406 2200 1615 2237 exorsus
1652 2184 1720 2237 ad
1763 2185 1956 2254 reliqua

357 2271 607 2339 processit
635 2270 660 2323 Ρ
684 2271 752 2323 ad
794 2280 945 2340 caput
981 2272 1111 2325 illud
1131 2313 1145 2337 ,
1174 2273 1242 2324 ad
1266 2272 1477 2340 faciem,
1504 2274 1572 2327 ad
1600 2275 1824 2343 phialam
1846 2317 1861 2341 ,
1888 2277 1956 2328 ad

363 2364 599 2427 cidarim,
619 2364 688 2417 ad
712 2366 921 2418 talarem
950 2376 1129 2419 vestem
1152 2368 1176 2421 Ρ
1201 2348 1632 2437 Vulcanus,ignis
1657 2369 1953 2437 penuarius,

366 2470 467 2507 non
497 2454 831 2507 comminatus
870 2465 943 2509 est
985 2456 1092 2525 igni
1130 2458 1379 2527 grassanti
1400 2498 1414 2521 ,
1444 2474 1557 2511 cum
1582 2459 1795 2527 gratiam
1823 2462 1955 2527 refe-

367 2544 579 2599 rendam
607 2546 809 2599 haberet
838 2546 931 2601 deo
968 2549 1030 2601 ob
1054 2548 1147 2601 sibi
1188 2552 1362 2601 datum
1391 2548 1513 2602 olint
1550 2550 1812 2603 indicium.
1850 2550 1957 2604 Sed

369 2652 525 2704 neque
548 2634 752 2705 Jupiter
777 2636 1011 2690 imbrium
1035 2639 1323 2692 moderator
1341 2656 1524 2709 aquam
1548 2641 1708 2693 emisit
1735 2641 1784 2693 in
1805 2642 1958 2710 ﬂam-

368 2743 523 2788 mam,
542 2728 626 2796 qui
648 2737 812 2783 tamen
834 2727 1097 2799 Lydorum
1120 2731 1226 2801 regi
1246 2731 1545 2800 periclitanti
1562 2749 1741 2802 pyram
1768 2736 1958 2787 exstin-

369 2818 519 2871 a'erit.
555 2818 691 2884 Quid
716 2821 935 2890 primunt
959 2821 1027 2873 ad
1050 2821 1198 2875 illum
1226 2823 1387 2886 dixit,
1414 2824 1500 2892 qui
1526 2822 1710 2877 bellum
1750 2841 1954 2895 aggres-

372 2927 459 2964 sus
483 2920 553 2964 est
574 2913 599 2965 ?
625 2913 879 2965 undenam
923 2912 1015 2966 illa
1058 2915 1403 2983 conﬁdentia?
1426 2917 1674 2984 quomodo
1716 2917 1956 2987 impetum

367 3002 623 3056 servavit?
651 3019 742 3056 cur
769 3003 1025 3058 decretum
1057 3021 1205 3058 suum
1234 3022 1334 3059 non
1360 3006 1528 3073 solvit,
1559 3006 1642 3059 dei
1671 3007 1956 3076 pulchritu-

373 3092 540 3146 dinem
563 3094 801 3147 reveritus
823 3095 851 3148 ?
880 3093 1166 3166 Quousque
1203 3096 1367 3152 miser
1393 3107 1447 3152 et
1492 3096 1677 3152 infelix
1702 3113 1817 3154 rem
1847 3115 1956 3155 non

369 3184 652 3255 intelliges,
683 3186 772 3256 qui
795 3186 928 3242 dicis
956 3188 1071 3243 haec
1091 3188 1337 3244 humana:
1362 3205 1496 3259 opus
1522 3206 1713 3246 manus
1737 3206 1878 3257 esse,
1902 3202 1958 3248 et

369 3289 473 3330 ceu
522 3276 829 3347 lymphatus
876 3287 1049 3333 tecum
1098 3280 1213 3349 ipse
1261 3295 1465 3351 pugnas
1509 3290 1565 3338 et
1612 3282 1957 3353 digladiaris?

371 3366 504 3421 Nam
532 3369 576 3423 si
606 3368 889 3424 Persarum
917 3386 1094 3440 regem
1119 3413 1135 3438 ,
1176 3382 1379 3427 tantum
1424 3374 1705 3430 ducentem
1746 3376 1956 3431 exerci-

372 3468 484 3515 tum
508 3501 523 3527 ,
556 3462 643 3530 qui
691 3461 878 3517 urbem
921 3472 1167 3532 ceperat,
1206 3474 1508 3537 casteraque
1544 3468 1720 3522 omnia
1762 3470 1957 3539 templa

373 3560 687 3619 exusserat,
727 3552 893 3608 facem
920 3554 1165 3611 manibus
1190 3556 1495 3626 gerebat,et
1513 3558 1733 3628 jamjam
1763 3560 1958 3629 templo

370 3640 682 3698 admoturus
730 3654 877 3711 erat,
909 3644 1123 3699 daemon
1169 3647 1420 3713 mutavit;
1463 3646 1564 3702 hoc
1612 3650 1751 3703 enim
1806 3650 1956 3704 initio

374 3733 563 3787 munia:
610 3742 712 3788 tute
764 3733 952 3804 lugens
978 3734 1194 3790 dicebas
1227 3754 1239 3789 :
1272 3734 1548 3790 Persarum
1573 3754 1769 3808 regem,
1801 3755 1957 3793 unum

373 3840 436 3877 ra:
459 3824 733 3894 majoribus
760 3825 890 3895 ejus,
914 3826 999 3895 qui
1022 3825 1275 3880 nobiscum
1304 3826 1491 3880 bellum
1518 3829 1663 3899 gerit,
1696 3846 1810 3883 cum
1840 3847 1958 3899 pro-

374 3917 561 3971 ditione
588 3917 756 3971 urbem
786 3918 994 3988 cepisset
1027 3927 1075 3973 et
1112 3919 1430 3987 incendisset,
1469 3919 1714 3992 Daphnen
1736 3923 1959 3992 idipsum

368 4012 621 4078 facturum
664 4022 1046 4081 praperantem,
1087 4014 1294 4066 mutavit
1341 4000 1496 4079 deus,
1530 4022 1597 4067 ut'
1620 4013 1812 4084 objecta
1852 4018 1962 4086 face

373 4103 659 4170 Apollinem
686 4104 920 4157 adoraret
951 4120 969 4158 .'
998 4105 1124 4160 adeo
1162 4106 1305 4160 illum
1342 4116 1609 4176 conspectu
1638 4124 1729 4162 suo
1747 4108 1959 4162 emolli-

372 4194 440 4246 vit
468 4203 617 4263 atque
644 4196 924 4260 convertit;
950 4196 1059 4263 ille,
1092 4197 1327 4267 inquam,
1350 4197 1582 4263 damma,
1610 4200 1699 4269 qui
1723 4198 1959 4255 furorem

374 4284 711 4339 barbaricum
740 4296 793 4341 et
822 4296 1021 4341 tantum
1070 4291 1363 4344 exercitum
1394 4304 1677 4361 superare,
1712 4300 1768 4346 ut
1810 4290 1958 4346 dice-

372 4377 491 4441 bas,
519 4384 573 4430 ct
599 4385 799 4429 tantum
824 4385 947 4432 tunc
974 4378 1263 4446 periculum
1290 4380 1521 4450 effugere
1549 4382 1737 4451 potuit,
1764 4382 1875 4452 qui,
1905 4389 1963 4437 ut

373 4468 581 4537 udjicis,
614 4468 831 4523 Aloidas
855 4468 957 4522 diis
984 4469 1202 4524 insidias
1221 4480 1487 4527 struentes
1516 4480 1689 4529 morte
1716 4475 1957 4533 sedavit:

375 4560 675 4628 quomodo,
703 4561 970 4629 quaeso,is
990 4564 1078 4632 qui
1101 4571 1241 4617 tanta
1263 4565 1452 4634 potuit,
1471 4564 1601 4620 nihil
1622 4565 1793 4621 simile
1822 4583 1961 4624 nunc

372 4650 596 4705 effecit?
626 4652 782 4722 Atqui
810 4650 857 4707 si
885 4651 1018 4707 nihil
1043 4653 1203 4720 aliud,
1223 4662 1368 4709 certe
1410 4654 1739 4710 sacerdotem
1768 4656 1962 4727 injuste

371 4740 685 4808 laceratum,
717 4742 975 4813 producto
1003 4744 1253 4801 facinoris
1276 4754 1515 4812 auctore,
1539 4746 1781 4802 miserari
1804 4763 1962 4818 Opor-

372 4834 563 4888 tnit.Et
579 4835 621 4888 si
638 4834 850 4904 quidem
870 4835 1097 4892 incendii
1114 4846 1354 4907 tempore
1364 4836 1666 4909 ell‘ugitille,
1684 4840 1962 4910 atquando

374 4925 537 4980 miser
554 4926 640 4980 ille
661 4941 951 4997 suspensus
968 4927 1130 4982 latera
1157 4928 1539 4998 perfoderetur,
1555 4945 1781 5001 cumque
1802 4946 1958 5002 roga-

380 5026 466 5072 tus
509 5017 755 5072 facinoris
781 5027 1051 5073 auctorem
1080 5019 1373 5086 declarare,
1402 5035 1509 5076 non
1544 5020 1765 5077 haberet
1802 5038 1958 5093 quem

379 5108 700 5173 nominaret,
726 5117 851 5163 tunc
879 5117 1022 5163 certe
1048 5110 1236 5165 sistere
1254 5108 1610 5166 facinorosum
1636 5112 1957 5181 producere-

377 5216 481 5270 que
510 5200 778 5270 oportuit,
810 5200 896 5255 vel
924 5200 1110 5255 saltem
1140 5202 1405 5268 indicare,
1435 5204 1480 5258 si
1518 5202 1812 5273 producere
1851 5220 1959 5260 non

380 5303 607 5363 poterat.
636 5292 789 5349 Nunc
814 5308 941 5347 vero
968 5293 1184 5363 negligit
1208 5294 1444 5364 ingratus
1482 5296 1779 5352 ministrum
1806 5312 1959 5353 suum

380 5387 573 5454 injuste
603 5386 921 5441 lancinatum
954 5384 1202 5450 intuitus,
1228 5383 1441 5456 negligit
1468 5386 1638 5457 ipsum
1669 5387 1959 5460 Imperato-

381 5494 493 5532 rcm
527 5486 602 5531 tot
625 5478 853 5549 victimis
881 5478 1044 5532 risum
1075 5477 1172 5532 sibi
1206 5486 1500 5547 parantem.
1538 5478 1810 5550 Siquidem
1836 5496 1957 5537 eum

438 5615 455 5644 ι
491 5620 564 5675 Sic
584 5624 712 5660 unus
732 5612 843 5675 god.
871 5619 923 5661 et
949 5608 1097 5662 Savil.
1141 5612 1190 5660 in
1212 5611 1450 5675 margine.
1478 5614 1562 5661 Alit
1590 5614 1724 5674 editi,
1750 5629 1894 5667 arcus
1915 5622 1962 5669 et

387 5671 662 5724 chwnicem.
688 5671 759 5723 sic
784 5676 928 5723 etiam
950 5677 999 5724 in
1022 5680 1091 5735 8.,
1112 5688 1220 5739 quae
1240 5671 1382 5725 lectio
1401 5675 1576 5725 absona
1601 5687 1692 5727 est.

1121 239 1183 295 S.
1224 237 1501 297 JUANNIS
1522 238 1998 298 CIIRYSOSTOMI
2038 239 2355 295 ARCHIEP.
2393 237 2927 295 CONSTANTINOP.

3524 238 3634 294 8⁸.ὶῦ

2054 370 2150 411 ceu
2182 356 2437 411 furiosum
2479 365 2534 410 et
2580 366 2760 410 mente
2806 364 3016 423 captum
3061 367 3249 407 omnes
3288 352 3641 421 deridebant,

2053 462 2173 501 cum
2204 448 2334 501 iram
2382 461 2531 501 suam
2573 462 2627 501 in
2676 446 2929 499 miserum
2968 444 3116 498 illum
3154 444 3469 501 effunderct.
3496 446 3640 515 Quo-

2054 537 2212 592 modo
2239 546 2415 591 autem
2445 537 2491 590 is
2532 537 2621 607 qui
2650 535 2991 606 Imperatoris
3031 535 3204 589 adhuc
3231 537 3411 605 procul
3439 540 3643 607 agentis

2054 628 2341 682 adventum
2376 627 2699 696 praedicebat
2725 630 2742 695 (
2770 642 2890 679 nam
2932 635 2987 680 et
3016 625 3144 680 illud
3181 628 3426 696 superius
3458 628 3644 699 lugens

2046 718 2331 786 dicebas),
2363 733 2486 771 eum
2515 717 2605 786 qui
2634 717 2872 786 proxime
2895 716 3071 772 stabat
3093 731 3255 787 seque
3297 719 3643 775 comburebat

2056 826 2163 864 non
2208 810 2371 863 vidit?
2397 810 2725 879 Quamquam
2769 817 2825 863 et
2864 808 3013 863 illum
3046 819 3217 863 vatem
3270 824 3390 864 esse
3426 811 3601 865 dicitis
3625 855 3639 874 ,

2054 901 2291 970 aliasque
2310 901 2428 953 aliis
2458 900 2559 955 diis
2580 901 2773 955 vestris
2791 941 2805 963 ,
2837 908 3103 971 tamquam
3131 900 3435 956 hominibus
3455 943 3471 969 ,
3500 915 3643 958 artes

2056 994 2376 1063 assignatis:
2414 992 2486 1046 illi
2533 992 2853 1047 vaticinandi
2900 993 3200 1047 facultatem
3249 993 3638 1063 adscripsistis,

2056 1099 2155 1138 nec
2188 1094 2360 1137 tamen
2390 1101 2510 1139 cum
2548 1094 2722 1139 tecum
2752 1092 2920 1139 artem
2951 1098 3101 1139 suam
3129 1087 3522 1142 communicare
3551 1104 3638 1143 I'O'

2053 1190 2170 1246 gas.
2202 1176 2481 1242 Quomodo
2510 1175 2748 1246 proprias
2792 1192 2896 1230 non
2928 1178 3075 1231 novit
3107 1179 3435 1234 calamitates
3456 1220 3471 1244 ,
3503 1183 3642 1250 quod

2058 1282 2127 1321 ne
2170 1269 2252 1321 vir
2295 1267 2507 1337 quidem
2551 1267 2867 1337 ignoraret?
2896 1268 3087 1321 Annon
3131 1269 3356 1323 fortasse
3399 1269 3644 1323 dormivit

2056 1375 2179 1414 cum
2223 1360 2359 1429 ignis
2400 1359 2826 1414 accenderetur?
2857 1359 2927 1413 At
2956 1375 3062 1413 non
3095 1361 3164 1413 ita
3208 1376 3398 1415 sensus
3425 1376 3643 1433 exspcrs

2058 1461 2173 1512 cst.
2196 1463 2254 1507 ut
2281 1452 2491 1506 admota
2524 1452 2733 1506 ﬂamma
2765 1466 2870 1505 non
2916 1452 3094 1505 statim
3134 1462 3348 1523 surgat,
3381 1464 3429 1509 et
3457 1454 3642 1508 admo-

2060 1552 2273 1598 ventem
2297 1543 2733 1613 comprehendat.
2766 1542 2903 1597 Yere
2934 1541 3097 1596 Grani
3134 1560 3328 1614 semper
3354 1548 3515 1614 pueri,
3559 1562 3641 1598 se-

2060 1650 2157 1687 nea:
2186 1633 2389 1687 Graecus
2434 1650 2577 1687 nemo
2604 1631 2701 1704 (a).
2734 1631 2865 1687 Cum
2893 1633 3036 1687 enim
3065 1636 3334 1703 propriam
3364 1634 3641 1704 deplorare

2058 1724 2335 1777 stultitiam
2378 1732 2681 1793 oporteret,
2707 1724 2849 1793 quod
2896 1724 3023 1793 ipsis
3062 1724 3221 1778 etiam
3250 1725 3409 1780 rebus
3448 1725 3645 1780 dmmo-

2062 1831 2187 1870 num
2221 1816 2479 1871 fallaciam
2508 1816 2945 1881 inclamantibus,
2979 1832 3148 1886 neque
3171 1817 3249 1872 sic
3276 1818 3517 1885 rcsilitis,
3548 1819 3642 1873 sed

2063 1923 2157 1961 vos
2189 1907 2240 1961 in
2271 1907 2560 1977 perniciem
2584 1908 2859 1972 dedentes,
2895 1918 3230 1977 vestramque
3255 1909 3542 1979 prodentes
3567 1926 3644 1963 sa-

2060 1998 2246 2065 lutem,
2276 2001 2442 2052 instar
2469 1998 2728 2069 pecudum
2754 1998 3112 2069 agimini,{quo
3138 1999 3211 2053 illi
3234 1999 3429 2055 ducere
3456 2001 3639 2066 velint,

2060 2090 2151 2159 qui
2178 2090 2426 2145 sedentes
2464 2100 2761 2144 statuarum
2789 2090 3008 2144 exitium
3054 2092 3265 2160 lugetis.
3298 2091 3375 2145 Tu
3406 2107 3533 2148 vero
3561 2108 3643 2147 ar-

2061 2200 2182 2237 cum
2224 2183 2460 2253 ﬂagitas,
2490 2184 2727 2254 nihilque
2762 2183 2943 2239 differs
2983 2183 3051 2238 ab
3077 2199 3161 2248 eo,
3193 2185 3280 2253 qui
3310 2184 3424 2238 haec
3453 2185 3503 2238 in
3532 2194 3642 2239 tra-

2060 2274 2233 2343 gtedia
2265 2274 2515 2343 loquitur.
2548 2274 2664 2341 Quo
2691 2284 2844 2343 pacto
2887 2275 3030 2329 enim
3060 2274 3112 2328 id
3143 2291 3245 2329 non
3290 2274 3440 2329 furor
3478 2276 3645 2330 mani—

2062 2365 2229 2419 festus
2271 2364 2427 2418 fuerit
2472 2368 2541 2419 de
2579 2365 2741 2419 armis
2769 2366 3029 2434 ejusmodi
3068 2366 3266 2435 aliquid
3294 2376 3638 2434 exspectare,

2061 2472 2179 2525 qure
2218 2471 2287 2510 ne
2325 2456 2615 2525 possidenti
2663 2456 2875 2525 quidem
2915 2472 2974 2510 se
3003 2472 3157 2525 opcm
3186 2458 3391 2512 tulere?
3419 2458 3568 2524 Quod
3599 2460 3645 2512 si

2055 2554 2120 2598 tu
2165 2545 2258 2600 tibi
2286 2545 2543 2615 majorem
2579 2556 2635 2601 et
2664 2555 2833 2601 artem
2861 2558 2915 2601 et
2944 2547 3321 2616 experientiam
3361 2547 3536 2603 inesse
3562 2548 3646 2602 di-

2060 2653 2173 2705 cas,
2203 2653 2360 2709 quam
2391 2639 2620 2693 dacmoni
2646 2681 2661 2703 ,
2688 2640 2860 2709 ipsum
2888 2649 3034 2694 certe
3073 2639 3249 2694 colere
3292 2655 3397 2694 non
3427 2651 3645 2709 oporte-

2061 2729 2183 2795 bat,
2216 2739 2395 2797 utpote
2422 2731 2803 2795 imperitiorem
2832 2740 2886 2786 ct
2925 2732 3269 2787 infirmiorem
3289 2773 3304 2798 ,
3338 2733 3420 2787 vel
3445 2734 3500 2788 in
3528 2735 3645 2803 qui-

2060 2822 2160 2876 bus
2218 2822 2364 2876 illum
2413 2824 2719 2893 praecellere
2770 2824 2963 2879 dicitis.
3014 2824 3167 2891 Quod
3227 2825 3271 2880 si
3319 2827 3517 2895 primas
3570 2828 3643 2883 illi

2060 2912 2312 2967 concedis
2330 2954 2345 2980 ,
2375 2914 2487 2969 sive
2509 2914 2731 2983 jaoulari
2767 2915 2879 2970 sive
2903 2915 3180 2969 vaticinari
3202 2924 3475 2986 oporteat,
3500 2935 3642 2989 quo—

2055 3004 2224 3059 modo
2244 3006 2373 3060 artis
2422 3006 2594 3061 solum
2642 3016 2792 3076 parte
2837 3006 3127 3077 praeditus,
3162 3008 3248 3063 illa
3299 3019 3350 3064 te
3393 3022 3644 3079 prastarc

2054 3111 2219 3166 posse
2263 3097 2491 3165 putasti,
2536 3113 2654 3169 qua:
2698 3115 2804 3153 non
2842 3100 3017 3168 potuit
3060 3099 3104 3154 is
3147 3100 3237 3170 qui
3288 3109 3450 3155 totam
3498 3110 3647 3157 tenet

2061 3197 2231 3243 artem
2262 3187 2285 3241 ἳ

2058 3328 2061 3329 ν
2131 3278 2222 3334 20.
2263 3280 2388 3335 llaec
2432 3278 2690 3345 ridicula,
2724 3279 2839 3336 haec
2866 3297 3019 3351 nugs
3071 3293 3229 3349 sunt;
3276 3299 3452 3355 neque
3501 3284 3641 3339 enim

2056 3372 2153 3427 ille
2181 3373 2502 3428 vaticinandi
2542 3382 2711 3427 artem
2762 3376 3063 3444 quampiam
3106 3375 3328 3443 habuit,
3378 3392 3548 3447 neque
3595 3378 3639 3431 si

2060 3464 2365 3529 habuisset,
2413 3464 2557 3518 illam
2582 3480 2839 3520 exercere
2882 3467 3156 3534 potuisset.
3188 3466 3303 3521 Non
3342 3468 3489 3522 cutim
3538 3469 3640 3534 vir,

2056 3569 2171 3608 non
2200 3553 2381 3623 utique
2408 3554 2522 3609 haec
2550 3562 2800 3623 operatus
2829 3564 2932 3620 est,
2962 3556 3055 3610 sed
3084 3555 3259 3610 divina
3288 3558 3485 3621 virtus;
3515 3571 3642 3611 cau-

2059 3658 2178 3698 sam
2198 3653 2374 3698 autem
2404 3654 2585 3713 postea
2613 3646 2869 3714 aperiam.
2897 3645 3113 3701 Interim
3136 3662 3264 3701 vero
3291 3662 3387 3716 par
3404 3657 3490 3702 est
3531 3648 3646 3702 edi-

2061 3749 2213 3790 scere
2230 3736 2380 3805 cujus
2400 3737 2477 3791 rei
2506 3752 2667 3791 causa
2692 3737 2881 3807 ingrati
2912 3739 3074 3793 animi
3102 3739 3393 3793 Vulcanum
3435 3749 3647 3794 accuset

2061 3824 2149 3879 his
2183 3827 2402 3882 verbis:
2459 3826 2717 3882 Vulcanus
2761 3840 2957 3895 autem,
3010 3830 3141 3899 ignis
3190 3830 3498 3898 penuarius,
3543 3846 3644 3883 non

2063 3918 2394 3972 comminatus
2419 3929 2489 3973 est
2514 3919 2619 3988 igni
2637 3922 2888 3990 grassanti
2906 3962 2923 3986 ,
2945 3937 3057 3973 cum
3078 3920 3242 3991 gratia
3262 3920 3361 3990 ipsi
3385 3920 3646 3990 referenda

2065 4019 2191 4063 esset
2220 4010 2313 4062 deo
2343 4009 2404 4062 ob
2445 4010 2621 4063 datum
2647 4010 2767 4063 olim
2795 4010 3060 4066 indicium.
3091 4011 3220 4078 Quae
3264 4012 3464 4081 gratia?
3503 4011 3642 4080 quod

2061 4099 2190 4154 olim
2221 4098 2513 4155 indicium?
2539 4116 2703 4169 quare
2732 4102 2981 4170 praeclara
3009 4101 3229 4157 deorum
3261 4112 3469 4155 tuorum
3499 4110 3644 4171 gesta

2065 4190 2335 4246 occultas?
2361 4190 2492 4245 Nam
2515 4190 2559 4245 si
2587 4191 2809 4260 gratiam
2839 4192 3100 4247 indicares
3119 4233 3135 4257 ,
3163 4191 3457 4247 Vulcanum
3481 4192 3649 4261 magis

2066 4281 2329 4352 ingratum
2353 4281 2680 4337 ostenderes.
2713 4281 2817 4337 Sed
2838 4282 3033 4338 rubore
3074 4298 3137 4337 ac
3178 4283 3378 4352 pudore
3414 4283 3647 4337 teneris:

2067 4370 2224 4442 igitur
2249 4387 2348 4427 nos
2382 4373 2546 4427 libere
2576 4388 2661 4427 res
2697 4381 2815 4426 tuas
2840 4374 3159 4442 aperiemus.
3193 4372 3446 4439 Quzenam
3491 4372 3650 4441 igitur

2068 4461 2153 4515 illa
2171 4464 2337 4533 gratia
2355 4464 2377 4517 ?
2392 4462 2609 4519 Martem
2632 4464 2757 4517 olim
2784 4463 3004 4518 Veneris
3023 4477 3207 4518 amere
3232 4472 3468 4532 captum,
3491 4472 3648 4532 atque

2069 4552 2394 4621 Vulcanum,
2426 4554 2516 4625 qui
2544 4554 2767 4608 maritus
2796 4554 2910 4623 ejus
2946 4561 3093 4621 erat,
3139 4562 3462 4608 metuentem
3482 4595 3497 4619 ,
3526 4568 3646 4607 cum

2067 4657 2189 4699 eum
2218 4645 2491 4701 absentem
2527 4645 2891 4712 observasset,
2918 4645 2988 4699 ad
3043 4660 3160 4700 eam
3198 4645 3495 4700 accessisse
3527 4660 3649 4699 nar-

2067 4744 2207 4791 rant.
2235 4736 2536 4807 Apollinem
2567 4751 2729 4802 vero,
2760 4744 2883 4791 cum
2922 4735 3043 4791 illos
3070 4750 3171 4790 una
3213 4735 3533 4789 commixtos
3571 4737 3649 4789 vi-

2066 4827 2261 4895 disset,
2310 4828 2543 4883 Vulcano
2590 4829 2913 4884 adulterium
2957 4829 3294 4883 renuntiasse
3333 4844 3347 4880 :
3394 4828 3540 4882 illum
3583 4843 3647 4882 eo

2065 4936 2187 4977 cum
2228 4922 2463 4978 venisset
2485 4964 2500 4989 ,
2532 4923 2717 4978 ambos
2764 4924 2817 4976 in
2840 4923 2981 4977 lecto
3018 4929 3276 4991 repertos
3324 4921 3553 4976 vinculis
3593 4930 3650 4975 ut

2068 5024 2195 5069 tunc
2225 5027 2378 5069 erant
2406 5014 2717 5085 colligasse,
2748 5022 2803 5067 et
2842 5012 2909 5067 ad
2933 5022 3089 5083 turpe
3118 5010 3477 5081 spectaculum
3518 5010 3649 5066 deos

2067 5122 2340 5173 evocasse,
2362 5107 2597 5178 talesque
2615 5107 2687 5166 de
2706 5106 2815 5164 illis
2839 5105 3087 5161 adulterii
3124 5118 3307 5175 pinnas
3331 5104 3644 5175 sumpsisse.

2067 5198 2212 5255 Talis
2241 5214 2369 5270 ergo
2408 5201 2592 5269 gratiae
2630 5198 2925 5253 debitorem
2960 5197 3282 5261 Vulcanum,
3327 5209 3568 5265 tempore
3595 5192 3645 5248 id

2068 5293 2389 5362 postulante,
2416 5293 2675 5360 ingratum
2706 5292 2758 5345 in
2780 5289 3051 5345 reddendo
3072 5288 3333 5345 beneficio
3362 5287 3525 5342 fuisse
3550 5288 3643 5339 ait.

2067 5384 2202 5453 Quid
2245 5385 2401 5455 igitur
2438 5383 2664 5453 Jupiter,
2704 5399 2736 5437 ο
2772 5383 2852 5436 vir
2881 5381 3081 5450 optime
3101 5381 3124 5433 ?
3147 5378 3281 5434 Nam
3310 5387 3365 5434 et
3391 5378 3538 5431 illum
3569 5377 3647 5430 in-

2068 5476 2415 5532 humanitatis
2442 5489 2692 5540 accusas,
2747 5473 2853 5528 Sed
2896 5489 3051 5542 neque
3094 5469 3313 5541 Jupiter,
3371 5469 3642 5538 inquiens,

2130 5615 2205 5678 (a)
2238 5622 2347 5678 Haec
2369 5615 2519 5678 verba
2558 5612 2607 5660 ln
2627 5612 2802 5661 Timaeo
2824 5608 3132 5674 proferuntur
3154 5607 3215 5657 ab
3244 5605 3464 5668 Egyptio
3485 5615 3645 5654 sacer

2068 5674 2193 5731 dote
2207 5677 2428 5730 Solonem
2442 5674 2743 5739 alloqueute.
