4044 6206
363 436 500 512 εδδ,

363 553 600 616 ἅπαντες
631 549 680 604 οί
725 549 847 603 τότε
876 547 974 619 τήν
997 547 1149 602 πόλιν
1171 547 1446 612 οἰκοῦντες
1481 549 1742 620 ’Έλληνες
1775 551 2024 615 ἐδέξαντο

359 641 456 709 τὴν
486 637 724 709 πληγὴν,
779 638 872 690 καὶ
903 637 980 700 ὡς
1024 636 1124 689 οὑκ
1159 636 1225 689 ἂν
1257 635 1458 688 τοῦτοι
1503 637 1692 707 πράως
1737 637 1965 707 ἤνεγκεν
2000 639 2029 692 6

362 725 635 797 βασιλεὺς,
663 725 800 778 ἀλλὰ
832 724 1010 777 πάντα
1037 722 1207 792 θυμὸν
1234 724 1314 784 εἰς
1344 722 1445 792 τὴν
1473 722 1568 775 τοῦ
1601 724 1875 794 μάρτυρος
1900 724 2032 794 λάρ-

359 828 498 866 νακα
530 811 742 881 ἀφῆκεν
776 810 864 876 ἂν,
887 811 936 863 εί
970 810 1044 880 μὴ
1084 809 1235 879 φόϐῳ
1257 809 1539 878 κατείχετο
1576 808 1802 878 μείζονι.
1845 811 1909 862 Τί
1936 807 2031 864 οὖν

360 916 558 970 φησινς
585 899 879 968 Ὀλύμπια
891 895 1008 965 μὲν
1032 898 1103 949 οὐ
1125 896 1292 966 μάλα
1309 897 1504 963 πέρῤω
1524 911 1538 926 ⁶
1567 897 1932 965 συγκαλέσει
1965 897 2034 951 δὲ

360 989 397 1056 ἡ
427 987 764 1056 πανήγυρις
793 985 902 1052 τὰς
947 987 1176 1050 πόλεις,
1206 987 1265 1037 αί
1313 983 1381 1036 δὲ
1425 984 1645 1049 ἥξουσι
1669 984 1819 1049 βοῦς
1853 985 2032 1054 ἄγου-

361 1091 463 1128 σαι
499 1073 582 1138 τῷ
627 1073 967 1126 Ἀπόλλωνι·
997 1073 1238 1126 θυσίαν.
1273 1071 1334 1122 Τί
1358 1069 1698 1138 δράσομεν;
1729 1071 1835 1124 ποῖ
1857 1088 2035 1125 κατα-

357 1160 697 1230 δυσόμεθα;
726 1161 818 1227 τίς
850 1159 992 1228 ἡμῖν
1016 1157 1167 1212 θεῶν
1190 1157 1507 1225 διαστήσει
1531 1158 1646 1225 τὴν
1676 1159 1828 1228 γῆν;
1863 1160 2034 1225 ποῖος

357 1247 574 1316 κῆρυξ,
625 1248 768 1301 ποία
827 1244 1098 1313 σάλπιγξ
1156 1247 1270 1314 οὐχ
1313 1245 1675 1310 ὐποκινήσει
1732 1243 2032 1313 δάκρυον;

357 1335 448 1398 τίς
490 1334 710 1401 ἑορτὴν
755 1333 881 1402 ἐρεῖ
906 1337 979 1387 τὰ
1017 1333 1330 1401 Ὀλύμπια,
1362 1333 1469 1387 τοῦ
1516 1333 1823 1402 πτώματος
1855 1335 2032 1403 ἐγγύ-

359 1424 463 1475 θεν
476 1421 962 1489 ἐπεμϐάλλοντος
993 1419 1286 1488 όδυρμόν;
1318 1419 1429 1484 Δὸς
1462 1419 1608 1483 τόξα
1632 1437 1734 1488 μοι
1780 1425 2031 1487 κερουλε-

359 1508 453 1570 κὰ,
489 1507 684 1576 φησὶν
702 1507 729 1546 δ
752 1509 789 1576 ἠ
819 1506 1139 1576 τραγῳδία*
1169 1505 1283 1574 ἐγὼ
1308 1505 1377 1558 δὲ
1403 1505 1580 1575 λέγω,
1612 1507 1708 1560 καὶ
1735 1506 2033 1575 μαντικῆς

359 1614 408 1648 τι
432 1597 670 1665 μικρὸν.
696 1595 854 1660 ὅπως
878 1594 954 1663 τῇ
971 1595 1088 1664 μὲν
1111 1595 1250 1658 ἕλω,
1282 1593 1356 1662 τῇ
1372 1594 1439 1646 δὲ
1468 1594 1732 1658 τοξεύσω
1769 1595 1874 1647 τὸν
1892 1595 2034 1662 δράέ

357 1704 574 1745 σαντα.
594 1689 655 1741 Ὢ
674 1689 897 1756 τόλμης
922 1686 1180 1751 ἀσεϐοῦς
1199 1689 1218 1743 !
1240 1684 1286 1736 ὢ
1312 1683 1514 1753 ψυχῆς
1534 1683 1747 1754 μιαρᾶς
1774 1682 1793 1735 .’
1820 1683 1865 1734 ὦ
1895 1688 2033 1751 θρα-

353 1777 531 1840 σείας
562 1774 762 1843 χειρός
793 1772 1043 1838 ίΤίτυός
1087 1789 1179 1837 τις
1217 1768 1395 1837 οὗτος
1422 1772 1663 1840 ἕτερος,
1716 1769 1754 1838 ἢ
1794 1770 1968 1837 Ἴδας,
1999 1774 2032 1826 ὁ

353 1864 625 1933 ἀδελφὸς
642 1863 937 1932 Λυγκέως,
957 1863 1029 1915 οὐ
1048 1858 1238 1930 μέγας
1256 1859 1373 1928 μὲν
1394 1857 1598 1929 ὥσπερ
1620 1859 1869 1925 ἐκεῖνος,
1892 1858 2034 1912 οὐδὲ

355 1949 612 2016 τοξότης
645 1947 851 2016 ὥσπερ
887 1943 1092 2012 οὗτος,
1121 1947 1261 2000 ἀλλ’
1288 1945 1360 1999 ἐν
1385 1946 1562 2000 τοῦτο
1585 1944 1758 2012 εἰδὼς
1789 1946 1856 1998 τὸ
1884 1945 2033 1999 κατὰ

356 2035 513 2088 θεῶν
545 2033 696 2107 [569]
733 2035 1077 2103 μαίνεσθαι.
1134 2031 1288 2098 Τοὺς
1329 2031 1447 2101 μὲν
1505 2033 1758 2098 Ἀλωέως
1791 2033 1889 2086 ἔτι·
1907 2031 2036 2084 δια-

354 2123 729 2191 νοουμένους
765 2121 872 2187 τὰς
903 2119 1024 2173 τῶν
1064 2117 1214 2173 θεῶν
1253 2118 1582 2185 ἐπιϐουλὰς
1611 2117 1845 2181 θανάτῳ
1891 2135 2038 2171 κατ-

354 2207 654 2274 έπαυσας,
694 2210 1025 2271 Ἄπολλον,
1095 2206 1285 2272 τούτῳ
1321 2205 1391 2258 δὲ
1439 2206 1750 2273 πόρρωθεν
1782 2205 2031 2273 φέροντι

353 2295 428 2348 τὸ
445 2295 563 2364 πῦρ
595 2298 705 2349 οὐκ
734 2293 1089 2361 ἀπήντησεν
1109 2293 1310 2358 ὀϊστὸς
1338 2290 1430 2344 ἐπ’
1453 2291 1647 2358 αὐτὴν
1667 2293 1990 2359 πετόμενος
2006 2301 2032 2330 ο

355 2381 474 2450 τὴν
509 2381 780 2450 καρδίαν.
813 2383 876 2434 Ὢ
905 2379 1108 2446 δεξιᾶς
1136 2378 1443 2448 τελχῖνοςί
1471 2377 1517 2430 ὢ
1552 2378 1742 2447 πυρός
1785 2377 2034 2432 ἀδίκουί

353 2470 478 2523 ποῦ
510 2485 654 2522 ποτε
694 2469 807 2536 ἄρα
857 2468 924 2521 τὸ
984 2466 1215 2535 πρῶτον
1267 2466 1450 2520 ἔπεσε
1463 2485 1484 2534 ,·
1515 2466 1572 2518 τί
1601 2465 1706 2520 τοῦ
1737 2465 1925 2519 κακοῦ
1967 2466 2036 2520 τό

355 2558 670 2624 προοίμιον
687 2575 714 2620 ,ο
746 2550 860 2624 ἄρα
897 2555 966 2620 ἐξ
989 2553 1214 2624 ὀροφῆς
1261 2552 1598 2622 ἀρξάμενον
1631 2553 1727 2607 ἐπὶ
1753 2551 1826 2605 τὰ
1877 2552 2034 2608 ἄλλα

355 2643 610 2709 προῦϐη,
642 2641 757 2709 τὴν
794 2639 1071 2709 κεφαλὴν
1127 2640 1389 2706 ἐκείνην,
1431 2638 1494 2692 τὸ
1541 2640 1884 2705 πρόσωπον,
1921 2637 2036 2706 τὴν

354 2727 607 2796 φιάλην,
637 2729 752 2794 τὴν
777 2728 1030 2796 κίδαριν,
1046 2727 1150 2779 τὸν
1172 2725 1402 2793 ποδήρη
1427 2724 1644 2794 χιτῶνα
1660 2742 1680 2795 ;
1716 2727 2036 2793 Ἥφαιστος

355 2814 440 2879 δὲ,
465 2816 661 2882 πυρὸς
692 2817 927 2884 ταμίας,
969 2816 1078 2867 οὐκ
1134 2814 1438 2881 ἠπείλησε
1473 2810 1550 2876 τῷ
1579 2813 1718 2880 πυρί
1749 2816 2034 2881 λυμαινο-

349 2901 535 2969 μένῳ,
583 2901 700 2968 τὴν
747 2900 922 2970 χάριν
965 2901 1225 2969 ὀφείλων
1269 2899 1350 2965 τῷ
1403 2897 1515 2963 θεῷ
1544 2901 1893 2968 μηνύματος
1933 2901 2036 2968 ἀρ-

355 2978 570 3058 χαίουηο
607 2988 746 3041 ἀλλ’
798 2986 940 3041 οὐδὲ
966 2990 997 3041 ό
1026 2986 1196 3052 Ζεὺς,
1230 2986 1460 3056 ὄμϐρων
1487 2987 1664 3054 ἡνίας
1683 2985 1860 3053 ἔχων,
1879 2985 2035 3056 ὕδωρ

353 3074 597 3143 ἀφῆκεν
633 3074 734 3127 ἐπὶ
794 3073 910 3141 τὴν
955 3075 1174 3144 φλόγα,
1239 3074 1337 3126 καὶ
1389 3073 1576 3127 ταῦτα
1612 3072 1826 3126 Λυδῶν
1890 3090 2037 3129 ποτε

352 3163 609 3226 βασιλεῖ
655 3160 1115 3232 δυστυχήσαντι
1158 3161 1386 3227 σϐέσας
1423 3160 1640 3230 πυράν.
1697 3161 1756 3214 Τί
1803 3161 2036 3230 πρῶτον

352 3251 465 3317 dpa
517 3251 670 3319 πρὸς
705 3249 893 3304 αὐτὸν
939 3246 1108 3304 εἶπεν
1152 3253 1184 3302 ό
1239 3248 1348 3302 τόν
1380 3249 1646 3317 πόλεμον
1693 3248 2030 3320 ἀράμενος-ς

354 3340 547 3393 πόθεν
567 3336 716 3390 ποτὲ
747 3335 814 3390 τὸ
837 3335 1096 3404 θάρσος-ς
1126 3335 1252 3402 πῶς
1277 3334 1345 3388 δὲ
1371 3336 1636 3404 ἐφύλαξε
1667 3336 1783 3405 τὴν
1813 3337 2004 3405 ὁρμήν
2014 3355 2034 3403 ;

352 3424 481 3492 πῶς
510 3425 586 3478 δὲ.
613 3427 739 3480 οὐκ·
763 3425 952 3479 ἔλυσε
991 3425 1054 3477 τὸ
1095 3423 1449 3493 δόγμα,.τοῦ
1501 3427 1648 3478 Θεοῦ
1701 3425 1767 3477 τὸ
1805 3423 2036 3491 κάλλος

353 3513 694 3578 αἱδεσθείςς
721 3511 904 3582 Μέχρι
931 3512 1075 3576 τίνος
1105 3511 1524 3580 οὑιδιαὸλέψεις,
1547 3511 1698 3565 άθλιε
1717 3513 1813 3568 καὶ
1846 3513 2034 3569 ταλαίε

355 3619 532 3673 πωρε,
563 3601 736 3656 ταῦτα
781 3600 1128 3673 ἀνθρωπίνης
1152 3596 1292 3654 εἶναι
1324 3601 1498 3668 λέγων
1548 3602 1748 3674 χειρὸς,
1795 3603 1888 3656 καὶ
1923 3603 2033 3656 ὧσ-

354 3706 462 3761 περ
494 3691 550 3741 οἱ
589 3687 997 3761 παραπαίοντες
1028 3687 1416 3756 ἐναντιολογῶν
1449 3689 1542 3741 καὶ
1576 3688 1760 3760 σαυτῷ
1795 3691 2036 3761 μαχόμε-

354 3795 442 3841 νος
463 3795 478 3842 ;
503 3778 568 3830 El
596 3777 705 3847 γὰρ
729 3777 820 3830 τὸν
843 3777 1078 3849 ,Περσῶν
1113 3775 1360 3846 βασιλέα,
1395 3777 1488 3829 καὶ
1519 3777 1794 3847 τοσαύτην
1834 3780 2036 3846 ἄγοντα

354 3864 642 3935 στρατιὰν,
669 3864 766 3917 καὶ
787 3866 888 3935 τὴν
911 3862 1066 3916 πόλιν
1092 3862 1306 3926 ἑλόντα,
1327 3863 1423 3916 καὶ
1454 3863 1525 3916 τὰ
1547 3862 1707 3916 λοιπὰ
1735 3863 1844 3917 τῶν
1875 3866 2036 3937 ἱερῶν

352 3952 750 4023 ἐμπρήσαντα,
793 3951 889 4005 καὶ
921 3951 1020 4021 τὴν
1070 3951 1210 4022 δᾷδα
1258 3951 1395 4022 μετὰ
1442 3954 1630 4022 χεῖρας
1683 3950 1897 4022 ἔχοντα,
1942 3955 2036 4007 καὶ

352 4039 846 4111 προσάγειν-αὑτὴν
868 4038 970 4110 ἤδη
995 4038 1168 4110 τούτῳ
1201 4039 1458 4108 μέλλοντα
1486 4038 1564 4109 τῷ
1589 4039 1723 4109 ναῷ,
1745 4041 2036 4111 μετέϐαλεν

349 4126 379 4177 6
408 4126 624 4196 δαίμων
647 4127 762 4196 (καὶ
790 4126 899 4196 γὰρ
920 4126 1013 4179 καί
1045 4124 1217 4178 ταῦτα
1240 4127 1298 4177 ἐν
1323 4126 1464 4196 ἀρχῇ
1489 4125 1589 4195 τῆς
1626 4126 1886 4197 μονῳδίας
1918 4127 2036 4181 ἐλε-

350 4229 450 4280 γες
483 4213 722 4285 θρηνῶν,
755 4213 927 4276 οὑτως
965 4213 1162 4266 εἰπών·
1205 4215 1318 4267 Τόν
1356 4230 1446 4266 τοι
1480 4212 1747 4277 ,βασιλέα
1790 4214 2038 4283 Περσῶν

350 4301 462 4354 τοῦ
503 4301 624 4355 νῦν
647 4301 862 4355 τούτου
890 4299 1298 4368 πολεμοῦντος
1319 4300 1638 4370 πρόγονον,
1656 4300 1950 4368 προδοσίᾳ
1968 4301 2035 4356 τό

351 4387 522 4440 ἄστυ
555 4388 820 4441 λαϐόντα
847 4388 944 4441 καί
973 4387 1385 4457 ἐμπρήσαντα,
1429 4387 1787 4456 χωρήσαντα
1801 4388 1897 4442 ἐπὶ
1929 4387 2036 4443 Δά-

349 4491 522 4543 φνην
544 4474 626 4540 ὥς
642 4475 709 4528 τὸ
725 4474 872 4528 αὐτὸ
899 4474 1220 4542 δράσοντα,
1237 4475 1567 4543 μετέϐαλεν
1583 4475 1614 4527 6
1631 4472 1786 4540 θεὸς,
1805 4474 1904 4528 καὶ
1918 4475 2038 4543 τὴν

349 4559 509 4627 δᾷδα
517 4561 710 4629 ῥίψας
729 4562 1148 4630 προσεκύνησε
1161 4559 1254 4638 τῷ,
1273 4562 1593 4615 Ἀπόλλωνι
1611 4575 1638 4589 ⁸·
1651 4560 1838 4626 οὕτως
1849 4562 2036 4616 αὐτὸν

348 4647 730 4718 κατεπράϋνε
773 4665 838 4701 τε
895 4647 994 4702 καὶ
1025 4647 1317 4714 διήλλαξε
1341 4647 1368 4687 ά
1397 4648 1655 4719 parete)“
1682 4653 1710 4704 6
1744 4647 1807 4720 δὴ
1859 4649 2032 4720 θυμοῦ

350 4736 700 4808 βαρϐαρικοῦ
741 4737 835 4790 καὶ
871 4736 1143 4806 τοσαύτης
1175 4736 1594 4806 περιγενόμενος
1648 4739 1927 4807 στρατιᾶς,
1958 4738 2034 4802 ὡς

347 4822 515 4894 εερης,
548 4825 645 4877 καὶ
667 4823 917 4896 δυνηθεὶς
953 4824 1076 4877 τότε
1117 4824 1210 4877 τὸν
1247 4823 1489 4878 κίνδυνον
1521 4821 1804 4892 διαφυγεῖν
1833 4823 2034 4894 (λέγεις

345 4909 407 4962 δὲ
435 4911 523 4963 ὃτι
553 4911 649 4964 καὶ
685 4911 812 4974 τοὺς
859 4911 1107 4974 Ἀλωέως
1140 4911 1335 4973 παῖδας
1360 4909 1771 4981 διανοουμένους
1797 4910 1896 4974 τὰς
1923 4910 2034 4965 τῶν

346 4998 495 5052 θεῶν
521 4999 816 5062 ἐπιϐουλάς
846 4998 1060 5068 θανάτῳ
1087 4997 1442 5066 κατέπαυσε),
1476 4996 1592 5058 πῶς
1624 4991 1716 5049 οῦν
1743 4997 1771 5048 6
1797 4996 2032 5051 τοσαῦτα

344 5087 628 5156 δυνηθεὶς,
651 5087 806 5142 οὑδέν
837 5087 1078 5141 τοιοῦτον
1107 5087 1406 5154 εἰργάσατο
1433 5085 1526 5138 νῦν
1545 5103 1560 5150 ;
1582 5086 1841 5139 Καίτοιεί
1868 5087 2032 5157 μηδὲν

343 5174 564 5246 ἓτερον,
590 5174 683 5228 τὸν
721 5174 854 5244 γοῦν
888 5174 1061 5248 ’ἱερέα
1103 5173 1542 5243 σπαραττόμενον
1586 5172 1782 5236 ἀδίκως
1811 5173 2031 5245 ἐλεῆσαι

342 5263 546 5332 ἐχρῆν,
579 5263 815 5334 φανερὸν
854 5263 1281 5332 καταστήσαντα
1330 5259 1420 5313 τὸν
1465 5259 1768 5314 ἐπίϐουλον.
1827 5262 1936 5314 Καὶ⁵
1982 5265 2030 5316 εί

344 5347 476 5398 τότε
507 5347 661 5418 παρὰ
682 5347 777 5400 τὸν
809 5346 1140 5420 ἐμπρησμὸν
1167 5346 1442 5414 διέφυγεν,
1478 5345 1566 5397 ὅτε
1607 5343 1736 5413 γοῦν
1754 5346 1781 5397 6
1803 5345 2031 5410 δείλαιος

339 5433 564 5496 ἐκεῖνος
608 5435 956 5507 κρεμάμενος
995 5434 1322 5506 διωρύττετο
1368 5434 1466 5496 τάς
1513 5431 1770 5502 πλευρὰς,
1806 5434 1898 5487 καὶ
1941 5434 2031 5488 τὸν

340 5521 733 5592 ἐργασάμενον
772 5523 1174 5594 ἀπαιτούμενος
1225 5524 1400 5576 εἰπεῖν
1457 5522 1555 5575 οὑκ
1587 5517 1722 5591 εἶχε,
1747 5522 1868 5574 τότε
1925 5539 2031 5576 πα-

410 5611 441 5641 ⁸
469 5611 567 5660 Alii
589 5613 646 5659 ἂν
664 5609 833 5660 ταῦτα.

407 5668 443 5708 δ
461 5671 617 5736 κυηυε
651 5674 806 5736 qodex
830 5679 884 5722 et
908 5673 1057 5724 Savi].
1084 5670 1133 5722 in
1158 5685 1310 5735 marg.
1340 5674 1452 5736 τόξα
1474 5689 1553 5735 μοι
1591 5671 1844 5736 κερουλκά,
1886 5685 2030 5736 quam

341 5734 626 5782 Iectinnem
665 5734 873 5796 Libanio
897 5737 1029 5785 edito
1053 5733 1334 5793 consonam,
1362 5733 1547 5796 absq'ue
1588 5733 1685 5784 ull'a
1722 5733 2028 5784 haesitatione

340 5798 656 5906 προρρίωιές.
682 5795 738 5845 1n
761 5797 1013 5858 Chrysost.
1043 5796 1164 5847 edit.
1189 5796 1403 5848 absurde
1433 5795 1695 5861 legebatur
1712 5797 1823 5854 τόξα
1848 5812 1927 5859 μοι
1945 5797 2026 5845 καὶ

340 5873 560 5906 vorata.
607 5871 716 5906 .nrr.

337 5873 560 5922 χοιςδιιια.
585 5871 716 5906 LDIT.

410 5919 440 5982 ἦ
469 5920 557 5982 ξῆε
577 5931 749 5966 omnes
772 5935 887 5968 τηεν.
917 5920 1088 5970 More}.
1113 5933 1231 5968 vero
1266 5921 1529 5982 φερόμενος.

408 5978 442 6018 δ
472 5979 558 6028 Sic
579 5982 723 6030 Sari].
749 5991 800 6032 el
827 5998 998 6031 omnes
1019 5999 1130 6033 mss.
1148 5978 1460 6031 Μοτέῑζιίϊυ
1485 5981 1709 6041 διήλεγξε.

1199 435 1289 490 DE
1330 435 1388 494 S.
1423 434 1720 501 BABYLA,
1766 431 2048 491 CONTRA
2094 429 2449 490 JULIANUM
2489 431 2578 488 ET
2603 427 2963 488 GENTILES.

3683 421 3789 480 ’566

2134 548 2396 621 ραστῆναι
2447 546 2615 617 ἐχρῆν
2667 545 2758 596 καὶ
2787 540 3035 595 ἐκδοῦναι
3065 540 3156 610 τὸν
3189 537 3540 610 δράσαντα,ἦ
3569 538 3662 592 καὶ
3688 557 3784 593 κα.

2129 635 2439 707 ταμηνῦσαι
2475 634 2654 704 μόνον,
2687 631 2739 684 εῐ
2779 647 2842 698 γε
2875 629 3119 682 ἐκδοῦναι
3164 629 3263 680 οὑκ
3311 628 3464 696 ἴσχυε
3514 639 3572 666 θ’
3603 628 3696 680 νῦν
3733 628 3792 681 δὲ

2131 727 2365 798 περιορᾷ
2398 725 2496 795 μὲν
2523 726 2551 777 6
2581 721 2872 793 ἀχάριστος
2894 721 2987 773 καὶ
3017 718 3287 804 ἀγνώμων
3321 716 3411 769 τὸν
3439 715 3603 769 αὑτοῦ
3633 717 3794 787 θερα-

2131 813 2334 883 πευτὴν
2365 810 2822 878 καταξαινόμενον
2850 803 3096 875 ἀλόγως,
3113 806 3343 876 περιορᾷ
3374 804 3431 857 δὲ
3455 805 3545 856 τὸν
3573 803 3795 873 βασιλέα

2135 899 2273 971 μετά
2301 898 2569 961 τοσαύτας
2595 897 2784 959 θυσίας
2805 893 3276 964 καταγελώμενον.
3301 892 3410 945 Καὶ
3439 892 3547 969 γάρ
3570 892 3646 952 ὡς
3670 907 3797 961 μαι-

2131 989 2353 1059 νόμενον
2386 987 2480 1041 καὶ⁹
2518 985 2900 1056 παραπαίοντα
2930 982 3128 1046 πάντες
3159 980 3361 1050 ἐγέλων
3392 979 3580 1042 αὑτὸν,
3608 980 3693 1032 ὅτε
3717 981 3798 1042 είς

2129 1077 2220 1129 τὸν
2270 1076 2468 1130 ἄθλιον
2505 1076 2711 1128 ἐκεῖνον
2745 1071 3011 1142 ἡφίειτὴν
3039 1071 3226 1143 ὀργήν.
3261 1068 3385 1133 Πῶς
3426 1069 3482 1122 δὲ
3511 1072 3537 1122 6
3565 1067 3659 1122 τοῦ
3700 1068 3798 1138 βα·-

2136 1163 2326 1226 σιλέως
2365 1161 2463 1233 τὴν
2507 1159 2808 1232 παρουσίαν
2831 1159 2910 1213 ἐτι
2945 1157 3161 1230 μακρὰν
3189 1157 3340 1221 ὄντος
3373 1157 3652 1228 προλέγων
3682 1158 3797 1214 (καὶ

2132 1252 2243 1325 γὰρ
2273 1252 2366 1305 καὶ
2395 1250 2554 1304 τοῦτο
2584 1249 2841 1320 ἀνωτέρω
2885 1247 3088 1300 τούτων
3129 1246 3419 1316 ἐθρήνεις),
3446 1244 3537 1298 τὸν
3571 1243 3796 1315 πλησίον

2135 1339 2347 1392 ἑστῶτα
2399 1339 2495 1391 καὶ
2543 1337 2908 1391 κατακαίοντα
2978 1334 3140 1388 αὑτὸν
3182 1334 3280 1386 οὑκ
3331 1329 3464 1398 εἷδε;
3505 1333 3698 1386 Καίτοι
3730 1349 3795 1400 γε

2131 1429 2226 1480 καὶ
2285 1427 2543 1497 μαντικὸν
2587 1426 2746 1479 αὑτὸν
2799 1420 2938 1477 εἷναί
2969 1441 3127 1493 φατε,
3156 1423 3249 1476 καὶ
3281 1422 3460 1486 ἄλλοις
3488 1422 3652 1484 ἄλλας
3691 1422 3798 1474 δια-

2132 1515 2388 1584 νέμοντες
2433 1514 2629 1583 τέχνας
2680 1512 2930 1582 καθάπερ
2976 1509 3299 1581 ἀνθρώποις
3338 1512 3450 1574 τοῖς
3512 1509 3796 1580 ὑμετέροις

2089 1622 2093 1626 ·
2132 1601 2301 1664 θεοῖς,
2330 1601 2505 1671 τούτῳ
2549 1600 2646 1670 τὴν
2675 1598 2941 1670 μαντικὴν
2969 1599 3294 1669 ἀνεθήκατε,
3331 1599 3423 1650 καὶ
3460 1597 3579 1650 οὑδὲ
3629 1614 3796 1668 μετα-

2129 1689 2308 1742 δοῦναι
2331 1687 2493 1741 αὑτόν
2523 1703 2603 1739 σοι
2638 1687 2737 1756 τῆς
2768 1687 2960 1755 τέχνης
2983 1685 3170 1749 ἀξιοῖς.
3211 1685 3336 1748 Πῶς
3355 1680 3448 1738 οῦν
3472 1685 3572 1747 τὰς
3591 1684 3796 1747 οἰκείας

2129 1777 2230 1829 οὑκ
2278 1775 2418 1844 ἐγνω
2447 1773 2766 1844 συμφοράς;
2814 1773 2990 1826 καίτοι
3041 1772 3197 1826 τοῦτο
3229 1772 3339 1825 οὐδ’
3389 1771 3674 1842 ἂν-άνδρα
3713 1772 3797 1824 δι·-

2131 1862 2341 1917 έλαθεν.
2389 1861 2529 1914 Ἀλλ’
2560 1857 2668 1932 ἄρα
2695 1861 2768 1930 μὴ
2800 1859 3087 1912 ἐκάθευδεν
3127 1860 3435 1929 ἁπτομένου
3472 1859 3566 1911 τοῦ
3587 1859 3797 1929 πυρόςς

2144 1950 2281 2003 Ἀλλ’
2305 1949 2424 2002 οὐδὲ
2453 1948 2634 2012 οὕτως
2657 1947 2981 2018 ἀναίσθητός
3023 1946 3108 2010 τίς
3148 1949 3316 2010 ἐστιν,
3351 1945 3500 2018 [570]
3544 1945 3620 2010 ὼς
3645 1947 3797 2017 αὑτῷ

2129 2041 2228 2109 τῆς
2253 2035 2928 2108 φλογὸς-προσφερομένης
2959 2034 3034 2106 μὴ
3071 2035 3422 2104 διαναστῆναι
3453 2033 3674 2098 εὑθέως,
3699 2035 3799 2092 καὶ

2130 2127 2221 2179 τὸν
2249 2127 2594 2197 προσάγοντα
2622 2127 2934 2195 κατασχεῖν.
2973 2121 3212 2193 Ἀληθῶς
3239 2123 3532 2189 Ἕλληνες
3557 2121 3798 2175 deludi-

2131 2214 2252 2282 δες,
2285 2215 2474 2284 γέρων
2503 2215 2572 2269 δὲ
2597 2215 2828 2282 Ἕλλην
2875 2213 3095 2279 οὐδείς.
3133 2212 3260 2264 Δέον
3312 2211 3420 2282 γὰρ
3461 2213 3559 2281 τὴν
3589 2212 3796 2265 οἰκείαν

2132 2305 2318 2359 ἄνοιαν
2345 2303 2588 2374 θρηνεῖν,
2622 2303 2706 2356 ὅτι
2745 2301 2854 2354 τῶν
2899 2300 3242 2374 πραγμάτων
3286 2298 3531 2370 βοώντων
3564 2299 3663 2369 τὴν
3687 2298 3797 2353 τῶν

2131 2391 2401 2462 δαιμόνων
2448 2388 2845 2459 ἀπάτηνποὺδὲ
2882 2387 3056 2451 οὑτως
3108 2386 3429 2455 ἀφίστασθε,
3461 2385 3576 2439 ἀλλ’
3610 2386 3795 2440 ἐκδόν-

2131 2494 2223 2541 τες
2252 2477 2477 2540 ἐαυτοὺς
2503 2477 2584 2538 είς
2613 2475 2906 2540 ἀπώλειαν,
2940 2476 3034 2528 καὶ
3061 2473 3161 2544 τὴν
3183 2474 3454 2545 ὑμετέραν
3473 2473 3797 2544 ἀποδόμενοι

2135 2565 2430 2636 σωτηρίαν,
2473 2563 2673 2633 ἄγεσθε
2715 2564 2871 2634 δίκην
2923 2563 3276 2634 θρεμμάτων,
3304 2557 3446 2635 ᾗπερ
3478 2562 3544 2616 ἂν
3571 2562 3800 2616 κελεύω-

2134 2670 2216 2706 σιν
2247 2651 2496 2715 ἐπεσθαι,
2526 2653 2576 2705 οἳ
2617 2651 2855 2721 κάθησθε
2887 2651 3090 2716 ξοάνων
3144 2650 3467 2714 πενθοῦντες
3495 2650 3793 2708 ἀπώλειαν.

2133 2741 2205 2793 Σὺ
2228 2740 2285 2792 δὲ
2321 2741 2416 2793 καλ⁵
2439 2740 2564 2804 τόξα
2587 2740 2864 2802 ἀπαιτεῖς,
2903 2738 3054 2790 οὐδὲν
3079 2738 3288 2790 ἐκείνου
3320 2738 3415 2790 τοῦ
3445 2737 3617 2791 ταῦτα
3648 2740 3706 2791 ἐν
3727 2741 3793 2810 τῇ

2132 2831 2408 2902 τραγῳδίᾳ
2429 2829 2677 2897 λέγοντος
2717 2827 3034 2897 διεστηκώς.
3069 2827 3194 2890 Πῶς
3213 2827 3324 2898 γὰρ
3353 2827 3415 2880 οὑ
3455 2829 3620 2897 μανία
3654 2830 3792 2901 πρό-

2130 2917 2286 2988 δηλος
2307 2917 2400 2970 καὶ
2426 2917 2600 2987 σαφὴς
2617 2915 2917 2987 προσδοκᾷν
2944 2933 2996 2968 τι
3016 2917 3127 2977 τοῖς
3156 2915 3340 2978 ὅπλοις
3358 2914 3567 2978 τούτοις
3586 2915 3794 2982 ἀνύειν,

2130 3005 2166 3060 δι
2191 3005 2282 3059 τὸν
2318 3005 2654 3076 κεκτημένον
2678 3004 2831 3056 οὐδὲν
2854 3001 3060 3072 ὢνησεν
3081 3021 3110 3069 ;~
3128 3003 3189 3055 Εί
3217 3003 3315 3073 μὲν
3346 3001 3454 3074 γὰρ
3484 3003 3644 3067 αὑτὸς
3679 3005 3796 3073 μεί-

2133 3093 2260 3158 ζονα
2296 3093 2393 3146 καὶ
2433 3093 2534 3162 τὴν
2565 3092 2758 3162 τέχνην
2788 3092 2882 3145 καὶ
2926 3091 3026 3161 τὴν
3052 3091 3349 3162 ἐμπειρίαν
3396 3091 3492 3145 τοῦ
3544 3091 3804 3162 δαίμονος

2131 3181 2275 3251 ἐχειν
2303 3181 2429 3252 φὴς,
2450 3180 2548 3233 οὑκ
2576 3180 2760 3250 ἐχρῆν·
2780 3177 2940 3231 αὑτὸν
2984 3179 3148 3250 τιμᾷν
3181 3177 3550 3248 ἀμαθέστερόν
3578 3195 3638 3231 τε
3667 3179 3798 3232 ὄντα

2132 3269 2226 3322 καὶ
2256 3267 2663 3338 ἀσθενέστερον,
2693 3265 2749 3318 ἐν
2769 3262 2850 3330 οἷς
2876 3265 3036 3320 αὑτόν
3065 3282 3200 3335 φατε
3223 3265 3442 3319 πάντων
3466 3269 3704 3338 κρατεῖν.
3733 3267 3796 3319 ΕΞ

2130 3357 2187 3409 δέ
2212 3355 2318 3409 τῶν
2348 3353 2630 3424 πρωτείων
2659 3353 2852 3424 ἐκείνῳ
2882 3355 3247 3424 παραχωρεῖς,
3279 3353 3343 3407 ἄν
3367 3370 3427 3407 τε
3449 3353 3707 3419 τοξεύειν,
3731 3354 3798 3408 ἄν

2130 3462 2190 3497 τε
2235 3442 2592 3514 μαντεύεσθαι
2611 3441 2732 3512 δέῃ,
2765 3442 2882 3504 πῶς
2908 3443 2965 3496 ἐν
2985 3440 3064 3512 τῷ
3089 3442 3244 3512 μέρει
3272 3442 3374 3512 τῆς
3408 3442 3603 3512 τέχνης
3623 3443 3806 3496 ταῦτα

2133 3530 2540 3602 προσεδόκησας
2565 3529 2804 3600 δράσειν,
2826 3528 2970 3600 ἆπερ
2994 3530 3021 3581 6
3040 3528 3138 3599 τὴν
3159 3529 3284 3599 ὅλην
3301 3528 3440 3599 έχων
3467 3529 3567 3582 οὑκ
3585 3529 3796 3600 ίσχυσες

2204 3624 2278 3674 κε.
2299 3617 2476 3680 Γέλως
2497 3615 2667 3668 ταῦτα
2695 3616 2791 3669 κα)⁸
2816 3615 3001 3686 λῆρος.
3020 3614 3157 3668 Οὑτε
3173 3616 3280 3686 γὰρ
3296 3613 3408 3684 εἶχέ
3427 3633 3480 3668 τι
3508 3616 3792 3686 μαντικῆς,

2131 3699 2256 3754 οὒτε
2271 3699 2374 3753 κᾶν
2397 3695 2542 3769 εἶχεν
2570 3699 2729 3768 ῆνυεν
2744 3696 2831 3750 ἄν.
2857 3699 2931 3750 Ού
2959 3698 3067 3768 γάρ
3089 3699 3252 3758 ἐστιν,
3284 3699 3382 3751 οὑκ
3399 3698 3547 3751 ἐστιν
3575 3698 3802 3753 ό.ταῦτα

2133 3789 2504 3860 ἐργασάμενος
2543 3787 2703 3856 ἀνὴρ,
2734 3785 2870 3839 ἀλλά
2892 3785 3010 3838 θεία
3035 3801 3122 3848 τις
3163 3785 3410 3855 δύναμις.
3440 3787 3548 3839 Καὶ
3586 3787 3686 3857 τὴν
3709 3789 3797 3840 αί-

2131 3877 2253 3928 τίαν
2286 3875 2344 3928 δὲ
2388 3875 2524 3946 μετὰ
2561 3873 2735 3927 ταῦτα
2779 3871 2918 3942 ἐρῶο
2952 3872 3088 3936 τέως
3126 3873 3186 3926 δὲ
3236 3872 3384 3938 ἄξιον
3438 3874 3629 3944 μαθεῖν
3655 3875 3797 3944 ὑπὲρ

2131 3957 2206 4019 ὧν
2243 3961 2634 4032 ἀγνωμοσύνην
2665 3959 2888 4028 ἐγκαλεῖ
2913 3959 2991 4029 τῷ
3031 3959 3333 4032 Ἡφαίστῳ,
3360 3962 3558 4014 οὑτωσί
3580 3979 3697 4026 πως
3710 3959 3804 4015 λέέ

2133 4066 2274 4120 γωνο
2303 4044 2627 4117 Ἥφαιστος
2671 4045 2759 4110 δὲ,
2808 4045 2998 4114 πυρὸς
3045 4048 3290 4116 ταμίας,
3341 4050 3452 4102 οὐκ
3497 4048 3798 4116 ἠπείλησε

2133 4137 2214 4204 τῷ
2243 4137 2388 4205 πυρὶ
2423 4137 2859 4206 λυμαινομένφ,
2893 4134 3010 4202 τὴν
3057 4135 3231 4204 χάριν
3263 4137 3524 4205 ὀφείλων
3573 4138 3654 4204 τῷ
3684 4138 3798 4205 θεῷ

2129 4226 2476 4295 μηνύματος
2507 4223 2780 4292 ἀρχαίου.
2826 4222 2993 4276 Ποίαν
3027 4225 3214 4294 χάριν;
3264 4224 3418 4278 ποίου
3481 4226 3796 4296 μηνύματος

2135 4314 2388 4385 ἀρχαίου,
2419 4311 2568 4378 είπέ;
2597 4311 2686 4366 διὰ
2712 4312 2766 4364 τί
2793 4311 3056 4384 κρύπτεις
3090 4329 3184 4365 σου
3214 4313 3282 4366 τὰ
3320 4315 3492 4382 σεμνὰ
3529 4315 3638 4369 τῶν
3657 4316 3796 4368 θεῶν

2093 4455 2097 4460 ,
2135 4399 2566 4473 κατορθώματας
2621 4400 2686 4452 Εἰ
2739 4399 2849 4470 γὰρ
2883 4401 2978 4454 καὶ
3036 4400 3136 4470 τὴν
3173 4400 3331 4471 χάριν
3365 4396 3515 4466 εἶπες
3549 4402 3568 4442 τ
3606 4403 3795 4474 αὐτὴν,

2138 4489 2338 4560 μᾶλλον
2381 4487 2446 4541 ἂν
2483 4485 2778 4557 ἀγνώμονα
2825 4487 2919 4541 τὸν
2948 4488 3248 4555 Ἥφαιστον
3275 4488 3503 4552 ἔδειξας.
3548 4490 3687 4543 Ἀλλ’
3709 4493 3798 4545 ai-

2135 4577 2306 4651 σχύνῃ
2328 4577 2422 4632 καὶ
2443 4575 2719 4648 ἐρυθριᾷς·
2732 4575 2926 4629 οὐκοῦν
2951 4576 3109 4646 ἡμεῖς
3140 4576 3276 4645 μετά
3301 4578 3617 4649 παρρησίας
3643 4581 3800 4650 ἐροῦ-

2136 4684 2236 4738 μεν
2260 4666 2331 4720 τὰ
2358 4667 2444 4720 σά.
2463 4665 2560 4730 Τίς
2574 4661 2666 4718 οὖν
2687 4666 2722 4736 ἡ
2749 4665 2944 4736 χάρις;
2974 4663 3309 4734 Ἐρασθέντα
3337 4667 3466 4720 ποτὲ
3497 4667 3590 4720 τὸν
3617 4669 3799 4740 ’Ἄρην

2132 4755 2232 4824 τῆς
2272 4752 2612 4825 Ἀφροδίτης,
2637 4753 2734 4806 καὶ
2774 4753 2867 4806 τὸν
2910 4752 3442 4826 Ἥφαιστονίάνδρα
3475 4755 3592 4827 γὰρ
3625 4756 3804 4827 αὐτῆς

2131 4837 2292 4913 εἶναι)
2319 4842 2616 4910 δεδοικότα,
2646 4843 2746 4913 τὴν
2779 4841 3046 4894 ἀπουσίαν
3075 4844 3492 4912 ἐπιτηρήσαντα
3523 4845 3622 4915 τῆν
3654 4845 3799 4898 ἐκεί-

2132 4948 2249 4994 νου,
2274 4930 2410 5000 πρὸς
2454 4929 2624 5002 αὑτὴν
2665 4929 2928 4984 εἰσελθεῖν
2970 4946 3129 4998 φασι.
3166 4929 3270 4982 Τὸν
3302 4929 3360 4983 δὲ
3397 4930 3641 4984 Ἀπόλλω
3670 4931 3797 4985 θεα-

2134 5021 2366 5089 σάμενον
2423 5017 2786 5089 μιγνυμένους
2862 5017 3059 5080 αὐτοὺς
3082 5056 3099 5081 ,
3149 5016 3453 5071 ἀπελθόντα
3509 5019 3646 5090 πρὸς
3705 5019 3797 5072 τὸν

2135 5107 2438 5176 Ἥφαιστον
2485 5108 2584 5178 τὴν
2620 5104 2866 5177 μοιχείαν
2901 5107 3207 5159 κατειπεῖν·
3248 5105 3471 5161 ἐλθόντα
3499 5107 3558 5160 δὲ
3585 5109 3795 5161 ἐκεῖνον

2133 5199 2228 5250 καὶ
2260 5196 2599 5268 ἀμφοτέρους
2640 5195 2732 5248 ἐπὶ
2775 5194 2874 5265 τῆς
2896 5193 3084 5264 κλίνης
3119 5195 3370 5268 εὑρόντα,
3405 5194 3581 5266 δεσμὰ
3611 5196 3798 5257 αὑτοῖς

2133 5283 2310 5348 οὑτως
2334 5285 2410 5346 ὡς
2441 5279 2586 5354 εἶχον
2614 5282 2999 5354 περιὸαλόντα,
3028 5283 3255 5337 καλέσαι
3279 5300 3339 5336 τε
3361 5283 3488 5345 τοὺς
3515 5282 3672 5346 θεοὺς
3703 5284 3798 5336 ἐπὶ

2131 5371 2231 5444 τὴν
2261 5373 2548 5442 ἀσχήμονα
2585 5371 2838 5445 θεωρίαν,
2875 5371 2968 5425 καί¹
3017 5371 3220 5441 ταύτην
3263 5371 3364 5440 τῆς
3396 5371 3644 5438 μοιχείας
3689 5371 3798 5422 είσ-

2132 5458 2446 5531 πράξασθαι
2475 5459 2635 5530 δίκην
2683 5457 2900 5522 αὑτούς.
2927 5458 3143 5528 Ταύτης
3167 5452 3259 5510 οὖν
3291 5457 3391 5527 τῆς
3416 5458 3640 5528 χάριτος
3654 5459 3798 5527 ὀφει-

2131 5547 2293 5618 λέτην
2323 5547 2454 5603 ὅντα
2487 5547 2579 5600 τὸν
2612 5545 2940 5616 Ἥφαιστον,
2969 5543 3509 5615 καιροῦκαλοῦντος,
3545 5547 3798 5616 ἀγνωμοο

2131 5637 2293 5707 νῆσαι
2333 5634 2462 5708 περὶ
2489 5635 2592 5710 τὴν
2629 5633 2898 5689 ἀντίδοσιν
2935 5647 3087 5700 φησι.
3130 5631 3196 5684 Τί
3239 5627 3333 5686 οῦν
3380 5633 3476 5686 καὶ
3513 5635 3541 5686 6
3567 5634 3723 5698 Ζεὺς,
3752 5629 3800 5688 ὦ

2133 5723 2406 5795 βέλτιστε;
2439 5724 2534 5777 καὶ
2577 5724 2685 5794 γὰρ
2709 5722 2804 5775 καὶ
2838 5719 3011 5787 τούτῳ
3040 5719 3203 5774 πάλιν
3231 5720 3498 5790 ἀπήνειαν
3521 5720 3795 5788 ἐγκαλεῖς,

2143 5811 2288 5864 Αλλ⁹
2310 5809 2452 5866 οὐδὲ
2477 5808 2510 5861 ὸ
2536 5809 2708 5876 Ζεὺς,
2739 5807 2932 5878 λέγων,
2953 5803 3189 5875 ὄμϐρων
3225 5807 3397 5878 ἡνίας
3423 5803 3600 5876 ἔχων,
3641 5807 3800 5878 ὕδωρ

2185 5920 2204 5940 ⁸
2226 5918 2375 5967 Savil.
2399 5916 2596 5975 ἴσχυσε,

2194 5977 2211 6015 τ
2237 5979 2336 6030 Alii
2363 5977 2514 6030 εἴπας.
