4044 6206
357 378 462 436 565

356 487 584 544 imbrium
603 483 889 539 moderator
911 497 1094 552 aquam
1119 480 1324 535 immisit
1346 481 1398 533 in
1427 465 1685 540 ﬂammam
1704 517 1720 543 ,
1748 475 1830 543 qui
1858 482 1936 527 ta-

359 595 464 633 men
508 575 769 647 Lydorum
810 574 918 644 regi
959 571 1267 644 periclitanti
1300 587 1482 641 pyram
1529 568 1779 623 restinxit.
1829 565 1938 621 Sed

358 670 493 725 enim
537 667 755 737 pulchre
794 666 948 720 nobis
991 664 1196 736 Lydum
1225 665 1277 717 in
1299 663 1612 718 memoriam
1639 659 1935 716 revocasti:

358 775 474 815 nam
501 767 554 814 et
584 757 734 812 illiilli
763 756 850 810 hic
877 756 1090 810 drcmou
1121 753 1332 822 decepit
1360 768 1492 806 vana
1509 767 1605 822 spe
1635 749 1824 806 inllans
1843 791 1858 813 ,
1887 759 1942 804 et

359 852 407 906 in
456 848 790 905 manifestam
819 847 1107 918 perniciem
1144 845 1459 915 conjiciens.
1496 845 1574 900 Ac
1621 843 1724 899 nisi
1767 843 1941 914 Cyrus

358 941 618 996 humanus
647 939 855 1002 fuisset,
883 938 1014 993 nihil
1041 938 1211 1006 ipsum
1230 938 1246 968 ί
1275 936 1480 1006 Jupiter
1499 935 1740 1006 juvissct.
1765 933 1941 1000 Quare

357 1033 547 1087 frustra
574 1031 692 1088 Jovi
715 1033 844 1085 vitio
865 1031 1026 1085 vertis
1043 1027 1216 1100 ,quod
1243 1028 1448 1100 Lydum
1472 1028 1580 1082 filio
1611 1027 1937 1097 prietulerit:

355 1138 527 1192 neque
554 1122 698 1178 enim
735 1121 838 1175 sibi
865 1120 965 1190 ipsi
999 1120 1052 1173 in
1081 1134 1184 1189 qua
1214 1120 1348 1174 urbe
1374 1119 1604 1196 maxime
1631 1116 1938 1182 colebatur,

355 1215 404 1270 in
434 1191 650 1270 Romuli
679 1214 885 1270 scilicet
914 1214 1079 1278 urbe,
1125 1212 1345 1267 fulmine
1390 1191 1564 1266 tactus
1602 1224 1758 1278 opem
1800 1209 1938 1264 tulit.

422 1305 628 1360 Libanii
651 1305 894 1360 oerba.—
918 1302 1183 1359 Creterum
1203 1304 1482 1358 audiamus
1507 1302 1706 1371 reliqua
1725 1299 1942 1355 [amenti

353 1398 512 1454 verba
544 1417 561 1452 :
591 1397 670 1453 sic
705 1399 847 1452 enim
875 1398 1074 1452 luctum
1107 1396 1254 1451 illum
1281 1439 1295 1462 ,
1330 1396 1420 1466 qui
1450 1411 1637 1452 eorum
1662 1395 1943 1464 occupavit

352 1491 559 1545 animos
578 1531 595 1557 ,
624 1490 788 1560 probe
815 1491 1065 1545 sciemus.
1097 1488 1242 1556 Viri,
1263 1489 1480 1542 trahitur
1497 1488 1620 1542 mihi
1645 1487 1844 1540 animus
1872 1486 1941 1540 ad

352 1583 564 1652 speciem
593 1583 675 1636 dei
693 1624 708 1649 ,
746 1583 966 1651 mihique
1000 1581 1239 1656 cogitatio
1267 1590 1444 1650 typum
1471 1581 1579 1651 ejus
1607 1589 1723 1633 ante
1768 1579 1942 1633 oculos

351 1675 555 1740 statuit,
583 1679 762 1748 forma
779 1675 1034 1729 lenitatem
1054 1714 1072 1738 ,
1101 1673 1230 1727 cutis
1251 1672 1632 1726 teneritudinem
1656 1713 1670 1737 ,
1693 1681 1740 1724 et
1770 1671 1863 1724 hoc
1887 1671 1942 1724 in

351 1767 524 1836 lapide
539 1807 555 1833 ,
579 1766 840 1838 cingulum
863 1765 1000 1820 circa
1024 1773 1193 1834 pectus
1208 1780 1413 1817 auream
1435 1764 1655 1817 tunicam
1675 1761 1937 1832 colligens,

351 1859 418 1911 ita
447 1866 505 1910 ut
537 1857 642 1910 alia
670 1856 871 1923 quidem
899 1856 1244 1920 subsiderent,
1276 1855 1380 1909 alia
1410 1855 1782 1924 subsurgerent.
1813 1852 1941 1907 Tota

353 1969 463 2008 rero
495 1955 660 2023 forma
684 1953 830 2022 cujus
867 1952 999 2006 iram
1028 1953 1103 2006 uel
1136 1952 1405 2022 ferventem
1434 1969 1536 2006 non
1562 1952 1820 2006 sedateet?
1853 1950 1943 2005 Si-

351 2048 483 2101 milis
508 2051 642 2101 ent'm
671 2055 777 2100 erat
798 2047 952 2102 melos
972 2047 1169 2100 canenti
1199 2061 1217 2099 :
1243 2045 1344 2099 imo
1367 2045 1616 2116 quispiam
1640 2044 1859 2107 audivit,
1885 2050 1942 2096 ut

349 2139 522 2204 aiunt,
544 2139 598 2193 in
636 2138 844 2192 meridie
879 2137 1126 2192 citharam
1171 2137 1474 2206 pulsantem.
1523 2135 1685 2190 Aures
1729 2135 1941 2188 beatasl

350 2230 540 2285 Cantus
559 2245 676 2284 uero
695 2230 908 2298 fortasse
931 2239 1038 2284 erat
1061 2229 1292 2284 laudatio
1337 2237 1520 2294 terra,
1563 2227 1647 2281 cui
1692 2227 1756 2282 de
1785 2242 1942 2279 aureo

348 2324 533 2394 cyatho
565 2323 692 2378 mihi
719 2323 878 2378 libare
900 2323 1113 2388 videtur,
1143 2324 1278 2392 quod
1300 2323 1520 2391 puellam
1545 2321 1814 2375 occultarit
1847 2321 1941 2372 de-

350 2417 547 2470 hiscens
569 2457 587 2481 ,
615 2432 677 2470 ac
701 2415 885 2470 deinde
907 2433 1011 2471 sese
1037 2417 1358 2470 contra/iens.
1391 2415 1515 2469 Post
1539 2413 1656 2470 hinc
1683 2428 1846 2484 pauca
1873 2413 1942 2469 de

350 2508 599 2564 incendio
644 2517 864 2579 questus
896 2526 912 2561 :
947 2510 1238 2574 Clamabat,
1272 2509 1484 2578 inquit,
1534 2511 1702 2562 uiator
1737 2508 1943 2578 fulgure

348 2610 640 2670 erumpente
666 2615 688 2654 :
712 2601 1005 2655 turbabatur
1029 2603 1081 2653 in
1103 2601 1217 2653 luco
1240 2599 1481 2668 Daphnes
1505 2600 1752 2670 inquilina
1774 2616 1945 2653 sacer-

348 2691 440 2746 dos
467 2692 551 2746 dei
573 2707 594 2743 :
614 2692 956 2761 percussiones
978 2702 1146 2746 autem
1172 2701 1426 2761 pectorum
1448 2733 1464 2756 ,
1490 2700 1536 2745 et
1565 2691 1787 2758 eiulatus
1810 2708 1936 2744 acu-

348 2793 424 2836 tus
451 2799 544 2850 per
567 2783 732 2836 locum
755 2782 1018 2837 arboribus
1052 2783 1263 2838 densum
1303 2793 1636 2850 percurrens,
1675 2783 1742 2836 ad
1766 2783 1942 2836 urbem

347 2888 507 2943 usque
548 2873 807 2928 vehemens
859 2885 1008 2943 atque
1049 2875 1318 2944 horriﬁcus
1379 2875 1641 2945 pervadit;
1696 2874 1940 2944 principis

346 2963 527 3018 Oculus
553 2974 672 3017 tunc
693 2981 924 3018 somnum
944 2982 1122 3034 capere
1148 2966 1392 3035 incipiens
1409 3006 1424 3032 ,
1455 2965 1523 3018 ad
1542 2965 1774 3019 acerbum
1803 2981 1938 3019 nun-

347 3055 474 3107 tium
504 3070 532 3108 e
558 3055 686 3110 lecto
712 3057 947 3110 surrexit.
980 3055 1007 3110 1
1017 3055 1085 3111 lle
1124 3061 1295 3127 furore
1333 3059 1551 3128 percitus
1579 3056 1688 3111 alas
1717 3073 1750 3110 tl
1795 3056 1939 3112 Mer-

346 3145 492 3199 curio
515 3147 655 3215 petit.
675 3147 781 3217 ipse
806 3149 873 3200 ad
893 3147 1014 3203 mali
1038 3149 1260 3204 radicem
1286 3149 1607 3219 qua‘reudam
1639 3165 1934 3218 properans,

349 3253 447 3290 non
480 3239 646 3291 minus
671 3239 804 3292 intus
827 3238 1073 3307 ardebat,
1098 3255 1250 3310 quam
1279 3242 1540 3310 templum.
1569 3239 1755 3295 Trabes
1785 3243 1938 3296 cade-

349 3329 468 3381 bant
492 3327 727 3382 deorsum
767 3329 932 3399 ignem
961 3335 1174 3399 ferentes
1191 3371 1207 3398 ,
1237 3347 1350 3402 qua:
1377 3333 1604 3404 proxime
1625 3335 1824 3388 stabant
1849 3333 1940 3388 ab-

347 3428 635 3484 sumerites,
687 3420 973 3490 Apollinem
1017 3436 1133 3476 vero
1173 3423 1374 3488 statim,
1423 3432 1595 3493 utpote
1630 3425 1717 3494 qui
1754 3441 1939 3495 parum

349 3519 559 3569 distaret
598 3532 630 3568 a
661 3519 831 3580 tecto,
853 3513 971 3566 hinc
995 3520 1042 3566 et
1074 3513 1178 3566 alia
1203 3525 1498 3569 ornamenta
1516 3556 1531 3580 ,
1577 3514 1941 3587 Musarumque

349 3619 544 3662 statuas
582 3609 650 3662 ibi
678 3621 896 3678 positas.
955 3606 1246 3676 lapillorum
1291 3608 1530 3678 fulgura,
1579 3612 1937 3665 columnarum

352 3701 798 3767 pulchritudinem.
831 3697 1106 3756 Multitudo
1131 3699 1460 3754 circumstans
1511 3701 1747 3771 lugebat,
1792 3720 1936 3773 apem

352 3791 487 3856 ferre
512 3808 613 3844 non
635 3790 839 3858 valens,
889 3800 943 3846 ut
979 3788 1160 3846 accidit
1198 3790 1261 3844 iis
1280 3791 1366 3862 qui
1394 3808 1423 3846 e
1451 3801 1584 3846 terra
1613 3794 1939 3864 naufragium

351 3883 551 3948 rident,
597 3899 810 3953 quorum
860 3886 1110 3939 auxilium
1153 3899 1309 3939 unum
1349 3893 1457 3952 est,
1508 3889 1697 3956 factum
1747 3885 1938 3958 lugere.

352 3971 499 4028 Certe
537 3991 778 4044 magnum
806 3977 1081 4031 excitavere
1109 3977 1296 4031 luctum
1317 3993 1380 4031 ea:
1404 3977 1628 4046 fontibus
1652 3980 1938 4035 exsilientes

351 4066 624 4136 uynrphte,
673 4084 911 4137 ntagnum
937 4066 1144 4137 Jupiter
1181 4085 1338 4139 prope
1373 4069 1579 4137 sedens,
1629 4080 1684 4124 ut
1712 4086 1808 4140 par
1833 4080 1942 4124 erat

352 4159 669 4228 lubefactatis
709 4159 803 4227 ﬁlii
830 4160 1099 4214 honoribus
1123 4176 1141 4215 :
1171 4161 1420 4232 ingentem
1445 4163 1564 4215 item
1587 4171 1936 4217 sexcentarum

353 4256 641 4302 memoriam
671 4249 722 4303 in
742 4250 856 4304 luco
894 4251 1179 4322 degentium
1208 4264 1362 4307 cactus
1391 4268 1410 4306 :
1438 4268 1527 4306 nec
1564 4253 1806 4306 minorem
1862 4252 1943 4306 lu-

354 4352 490 4392 ctum
509 4341 674 4394 media
693 4358 755 4396 ea:
779 4344 898 4396 urbe
914 4341 1140 4414 Calliope
1161 4345 1412 4406 excitavit,
1439 4343 1706 4398 Musarum
1719 4346 1950 4416 chorago-

353 4432 471 4501 igne
495 4434 639 4486 lese.
670 4433 854 4489 Postea
885 4435 984 4489 sub
1009 4436 1168 4491 linem
1198 4437 1273 4490 ait
1305 4454 1317 4488 :
1359 4435 1486 4490 Esto
1516 4437 1638 4490 mihi
1675 4447 1722 4491 et
1766 4454 1899 4490 nunc
1919 4479 1932 4503 ,

358 4526 542 4592 Apollo
560 4569 580 4593 ,
606 4527 808 4598 qualem
843 4539 889 4584 te
917 4529 1136 4583 reddidit
1161 4527 1376 4600 Chryses
1396 4570 1412 4593 ,
1443 4533 1561 4584 dum
1606 4531 1808 4584 Achivis
1845 4532 1942 4583 im-

357 4629 667 4686 precaretur,
710 4621 787 4674 ira
805 4621 1009 4686 plenum
1037 4633 1081 4675 et
1107 4623 1240 4676 nocti
1266 4623 1477 4676 similent
1499 4663 1513 4688 ,
1553 4624 1672 4694 quia
1689 4640 1805 4677 cum
1835 4634 1938 4678 sto-

358 4711 439 4766 las
463 4713 484 4744 ²
513 4711 604 4766 tibi
632 4713 987 4779 redderemus,
1014 4723 1060 4767 et
1108 4725 1349 4785 quantum
1401 4717 1624 4768 ablatum
1655 4720 1819 4787 fuerat
1858 4734 1940 4770 re-

356 4805 696 4868 stituamur,
718 4816 1021 4875 prtereptum
1046 4816 1117 4860 est
1144 4807 1279 4876 quod
1303 4808 1544 4872 colimus,
1570 4824 1632 4860 ac
1660 4809 1702 4863 si
1727 4823 1944 4879 sponsus

356 4895 542 4963 uiiquis
558 4934 576 4958 ,
603 4895 726 4948 dum
752 4911 952 4950 corona
975 4907 1263 4961 nectuntur,
1288 4898 1620 4952 abscessisset.

429 4983 520 5039 2i.
569 4984 693 5040 llaec
729 4985 1038 5042 lamentatio
1083 4988 1216 5053 fuit,
1255 5003 1348 5042 seu
1386 4991 1562 5058 potius
1603 4988 1686 5044 ba
1717 4989 1942 5045 modicae

357 5086 480 5131 sunt
517 5077 909 5132 lamentationis
953 5089 1147 5148 partes.
1192 5079 1318 5134 Mihi
1364 5095 1498 5136 vero
1531 5083 1712 5138 mirari
1761 5083 1936 5150 subit,

359 5168 629 5237 qmunodo
666 5169 717 5223 in
744 5169 840 5232 iis,
870 5185 988 5238 qua:
1030 5171 1230 5238 pudore
1269 5171 1489 5226 afﬁcere
1533 5172 1831 5238 debebant,
1885 5189 1947 5229 se

358 5269 606 5314 ornatum
629 5276 749 5316 esse
775 5271 926 5331 putet
953 5280 966 5316 ε
1000 5264 1166 5318 nihilo
1191 5267 1414 5330 melius,
1432 5281 1589 5336 quam
1613 5269 1864 5324 lascivum
1891 5279 1944 5323 et

359 5353 676 5409 obscenum
701 5355 951 5423 juvenem
971 5399 987 5423 ,
1020 5359 1072 5412 in
1099 5359 1321 5414 meridie
1359 5376 1480 5414 eum
1511 5361 1713 5416 cithara
1753 5362 1942 5416 luden-

360 5456 472 5499 tem
501 5448 777 5514 inducens,
805 5460 860 5504 et
887 5451 1078 5505 cantici
1107 5461 1476 5522 argumentum
1507 5454 1694 5508 dicens
1717 5455 1942 5510 amicam

358 5556 512 5607 esse,
544 5558 809 5614 auresque
837 5545 953 5600 illas
1001 5545 1184 5600 beatas
1212 5546 1506 5616 praedicans
1527 5590 1540 5613 ,
1566 5564 1684 5619 qua:
1731 5558 1942 5619 turpem

367 5701 445 5774 ,η’
483 5707 583 5774 say,
612 5708 819 5774 etuuus
850 5703 1029 5774 colles,
1069 5703 1164 5755 nisi
1191 5713 1346 5769 Cyrus
1381 5719 1488 5771 prie
1525 5705 1817 5761 qunanitate
1855 5721 1946 5761 sua

357 5761 501 5828 illum
518 5761 787 5828 dimisisset.
813 5763 934 5815 nihil
955 5761 1130 5828 ipsum.
1154 5761 1250 5819 etc:

427 5825 450 5855 ι
485 5825 581 5882 alii,
600 5824 828 5885 rictunus,
852 5841 957 5889 pro,
975 5824 1142 5883 stolas.

1133 367 1230 424 DE
1267 365 1326 424 S.
1369 363 1664 430 BABYLA,
1704 358 1980 418 CONTRA
2007 357 2349 417 JULIANUM
2389 360 2480 416 ET
2516 360 2888 418 GENTILES.

3525 367 3644 423 560»

2051 475 2194 529 lllam
2214 475 2530 530 cantilenam
2569 476 2854 532 audierint.
2878 476 2948 531 Et
2970 474 3112 546 quid.
3133 475 3346 547 quidem
3371 475 3513 532 dicat
3535 477 3630 531 ali-

2045 582 2178 638 quos
2196 569 2362 637 exiis,
2391 568 2482 640 Qui
2515 570 2770 640 Daphnen
2791 579 2846 625 ct
2872 569 3303 639 circumjaceutia
3331 570 3445 624 loca
3474 569 3632 624 habi-

2048 670 2188 727 tant,
2221 663 2538 734 lacrymatos
2563 679 2714 730 csse;
2741 664 2992 734 urbisque
3026 665 3316 734 principem
3351 663 3631 718 ardentem

2047 751 2244 816 fuisse,
2271 754 2511 824 nihilque
2539 755 2804 824 amplius,
2835 771 2993 825 quam
3031 755 3232 810 luctum
3266 755 3514 822 inducat,
3547 754 3634 808 ni-

2049 843 2121 898 hil
2150 845 2342 898 mirum
2378 863 2391 898 :
2423 845 2564 914 quod
2591 854 2764 900 autem
2799 846 2944 915 ipsos
2979 845 3112 902 deos
3149 847 3200 901 in
3232 847 3420 902 eadem
3451 848 3635 902 consi-

2047 935 2100 988 lii
2129 936 2306 1004 in0pia
2335 936 2500 990 fuisse
2532 936 2709 1002 dicat,
2736 937 3017 1008 solumque
3059 939 3198 1008 apud
3227 954 3284 994 se
3312 939 3634 1009 lacrymatos

2045 1043 2194 1092 esse;
2226 1043 2289 1083 ac
2315 1043 2487 1099 neque
2510 1029 2694 1085 Jovem
2717 1072 2732 1098 ,
2762 1046 2933 1100 neque
2972 1031 3276 1101 Calliopen,
3325 1047 3496 1102 neque
3526 1029 3635 1086 fre.

2047 1132 2298 1190 quentem
2339 1122 2482 1176 illam
2505 1121 2809 1177 daemonum
2835 1124 3043 1178 turbam
3062 1166 3076 1188 ,
3107 1139 3279 1194 neque
3309 1125 3452 1193 ipsas
3477 1139 3634 1194 nym-

2048 1211 2180 1281 phas
2208 1212 2407 1280 aliquid
2440 1221 2621 1268 contra
2654 1215 2956 1269 incendium
3005 1216 3273 1284 potuisse,
3305 1215 3396 1268 sed
3443 1229 3633 1269 armies

2047 1305 2276 1375 ejulatus
2299 1317 2354 1361 et
2385 1307 2558 1363 luctus
2588 1308 2852 1363 excitasse
2874 1316 3077 1362 tantum
3111 1326 3125 1360 :
3157 1307 3207 1360 id
3238 1307 3475 1377 profecto
3504 1306 3632 1360 ridi-

2047 1400 2222 1454 culum
2257 1399 2543 1454 admodum
2571 1412 2671 1455 est.
2701 1400 2851 1469 Quod
2876 1402 3035 1470 igitur
3055 1415 3299 1470 magnam
3329 1399 3638 1469 acceperint.

2047 1489 2255 1560 plagam
2301 1491 2432 1546 satis
2456 1508 2521 1546 ex
2566 1491 2673 1562 jam
2722 1491 2880 1547 dictis
2921 1492 3345 1548 demonstratum
3390 1501 3515 1547 est:
3553 1501 3635 1546 et-

2044 1581 2186 1636 enim
2216 1583 2266 1636 in
2298 1583 2475 1637 medio
2504 1585 2692 1638 naenia:
2735 1583 2878 1652 ipsos
2903 1584 3082 1638 lethali
3108 1585 3329 1639 vulnere
3363 1583 3634 1653 perfossos

2045 1676 2346 1731 confitetur.
2397 1675 2508 1729 Non
2537 1676 2695 1746 igitur
2725 1676 2776 1729 id
2801 1678 3059 1744 patienter
3083 1677 3291 1731 tulisset
3316 1677 3628 1746 Imperator,

2046 1767 2147 1820 nisi
2177 1766 2322 1820 illum
2355 1767 2524 1836 major
2549 1776 2723 1821 metus
2748 1777 2802 1823 et
2831 1766 3058 1822 formido
3082 1777 3414 1837 occupasset.
3445 1767 3632 1821 Restat

2045 1857 2257 1911 demum
2282 1868 2336 1911 ut
2355 1857 2704 1912 ostendamus
2731 1872 2832 1926 qua
2863 1857 2931 1914 de
2957 1872 3120 1912 causa
3145 1858 3280 1912 Deus
3309 1858 3441 1911 iram
3479 1872 3631 1911 suam

2046 1949 2097 2002 in
2121 1948 2496 2020 Imperatorem
2543 1966 2646 2003 non
2681 1950 2959 2005 immiserit
2973 1992 2995 2016 ,.
3012 1950 3105 2005 sed
3136 1950 3190 2004 in
3215 1949 3545 2016 dmmonem,
3578 1959 3637 2005 et

2045 2059 2142 2097 cur
2166 2043 2301 2112 ignis
2337 2058 2444 2096 non
2474 2050 2638 2096 totum
2664 2043 2917 2113 templum
2943 2043 3334 2112 absumpserit,
3361 2042 3456 2098 sed
3486 2057 3638 2097 com-

2043 2136 2200 2191 busto
2243 2144 2384 2191 tecto
2423 2137 2583 2190 etiam
2631 2135 2826 2190 idolum
2857 2134 3222 2205 prostraverit.
3275 2134 3459 2204 Neque
3487 2133 3630 2189 enim

2045 2235 2246 2282 temere
2271 2237 2325 2282 et
2351 2227 2467 2282 sine
2490 2241 2647 2282 causa
2676 2227 2790 2282 hare
2817 2225 2955 2280 facta
2981 2236 3107 2281 sunt
3131 2267 3144 2291 ,
3177 2225 3270 2280 sed
3293 2239 3358 2280 ex
3389 2225 3480 2280 Dei
3508 2240 3634 2295 erga

2043 2331 2287 2376 errantes
2311 2320 2593 2376 clementia
2625 2321 2804 2375 omnia
2842 2329 2988 2390 gesta
3021 2319 3189 2374 fuere.
3219 2319 3317 2387 Qui
3344 2319 3488 2374 enim
3517 2334 3635 2373 oru-

2045 2415 2130 2468 nia
2164 2415 2311 2469 novit
2335 2422 2618 2485 antequam
2659 2412 2788 2467 flant
2807 2454 2821 2478 ,
2849 2422 2901 2468 et
2928 2411 3032 2467 hoc
3055 2428 3176 2467 cum
3221 2413 3339 2466 aliis
3367 2421 3587 2466 noverat
3616 2429 3631 2466 :

2045 2503 2247 2561 scilicet
2271 2505 2313 2561 si
2357 2506 2554 2560 fulmen
2593 2505 2644 2559 iu
2673 2505 3052 2576 imperatorem
3083 2504 3388 2559 immissum.
3411 2503 3632 2570 fuisset,

2043 2599 2132 2668 qui
2185 2607 2476 2668 praesentes
2503 2597 2728 2652 fuissent
2752 2613 2814 2652 ac
2843 2598 3137 2662 vidissent,
3177 2597 3243 2651 ad
3290 2605 3499 2667 tempus
3541 2611 3636 2651 ex-

2046 2690 2217 2743 territi
2246 2699 2458 2756 essent,
2489 2688 2732 2743 secundo.
2749 2699 2924 2744 autem
2955 2689 3036 2742 vel
3067 2689 3226 2743 tertio
3252 2696 3467 2757 peracto
3490 2703 3633 2742 anno

2044 2783 2167 2836 facti
2197 2783 2456 2837 memoria
2488 2783 2766 2852 periisset,
2816 2781 3076 2850 multique
3118 2779 3292 2835 futuri.
3323 2790 3513 2846 erant,
3541 2782 3632 2851 qui

2045 2874 2304 2928 miraculo
2331 2889 2437 2928 non
2468 2875 2767 2928 crederent.
2800 2873 2890 2928 Sin
2917 2883 3048 2926 vero
3075 2871 3332 2941 templum
3362 2869 3632 2925 flammam

2044 2967 2340 3037 reciperet,
2387 2968 2534 3022 omni
2575 2981 2819 3037 prtecone
2848 2965 3089 3032 clarius,
3110 2980 3216 3019 non
3249 2965 3314 3019 iis
3344 2963 3514 3019 solum
3540 2963 3630 3033 qui

2045 3069 2171 3115 tunc
2199 3068 2382 3124 erant,
2425 3058 2520 3115 sed
2570 3060 2730 3114 etiam
2760 3057 2988 3129 posteris
3029 3057 3277 3111 omnibus
3315 3056 3447 3110 iram
3478 3069 3628 3109 suam

2045 3151 2454 3208 deuuntiaturus
2497 3159 2614 3205 erat
2649 3150 2790 3205 Deus
2821 3167 2834 3202 :
2865 3149 2937 3203 ita
2969 3156 3029 3203 ut
3065 3148 3110 3202 si
3149 3147 3236 3218 qui
3266 3162 3380 3202 rem
3423 3155 3630 3217 gestam

2045 3245 2246 3300 vellent
2273 3244 2610 3314 impudenter
2629 3243 2928 3310 occultare,
2957 3241 3021 3296 iis
3045 3241 3222 3297 omnis
3246 3241 3458 3296 occasio
3488 3255 3631 3310 ρηγ-

2044 3337 2332 3393 cideretur.
2361 3338 2612 3408 Quisquis
2651 3337 2791 3392 enim
2833 3336 3008 3391 locum
3041 3336 3200 3404 petit,
3231 3333 3310 3390 sic
3345 3335 3524 3390 animo
3547 3332 3630 3388 af-

2045 3427 2240 3493 ficitur,
2278 3443 2342 3484 ac
2361 3429 2406 3482 si
2435 3427 2738 3483 incendium
2767 3442 2939 3498 nuper
2962 3426 3280 3489 accidisset,
3311 3435 3472 3496 atque
3501 3424 3631 3479 hor-

2045 3534 2136 3573 ror
2161 3517 2372 3588 quidam
2417 3517 2588 3590 ipsum
2634 3517 2866 3582 invadit,
2914 3525 2970 3571 et
2993 3516 3058 3571 ad
3099 3517 3288 3571 caelum
3338 3513 3632 3584 respiciens

2044 3612 2220 3666 statim
2267 3611 2502 3667 celebrat
2543 3610 2791 3666 virtutem
2821 3610 2975 3680 eius,
3014 3611 3104 3680 qui
3157 3608 3342 3664 isthmc
3381 3617 3632 3678 operatus

2045 3710 2145 3757 est.
2179 3702 2246 3758 Ut
2289 3703 2432 3758 enim
2462 3701 2506 3756 si
2533 3703 2650 3772 quis
2672 3702 2978 3772 praedonum
3028 3700 3283 3771 principis
3335 3708 3546 3754 antrum
3575 3708 3639 3754 et

2045 3795 2323 3849 latibulum
2369 3794 2734 3865 perfringens,
2767 3795 3000 3848 vinctum
3032 3793 3180 3847 illum
3223 3791 3498 3858 eduxerit,
3541 3789 3630 3846 di-

2046 3888 2316 3959 reptisque
2343 3888 2460 3958 ejus
2485 3886 2822 3942 facultatibus
2839 3927 2856 3953 ,
2885 3887 3059 3941 locum
3085 3884 3358 3956 reliquerit
3385 3893 3628 3954 receptai-

2045 3980 2224 4034 culum
2253 3979 2484 4034 ferarum
2515 3988 2569 4033 et
2598 3977 3043 4042 monedularum;
3075 3976 3270 4032 deinde
3298 3990 3458 4042 vero,
3485 3975 3632 4045 quis»-

2045 4073 2164 4144 quis
2206 4073 2260 4126 in
2305 4070 2606 4141 huiusmodi
2643 4069 2920 4124 latibulum
2961 4069 3202 4133 venerit,
3246 4068 3425 4124 statim
3470 4075 3632 4137 atque

2047 4168 2220 4220 locum
2249 4163 2435 4232 videt,
2460 4164 2705 4219 incursus
2732 4173 2787 4218 et
2810 4162 2948 4218 furta
2979 4162 3154 4218 locum
3182 4161 3329 4231 prius
3352 4160 3634 4216 incolentis

2046 4256 2146 4312 sibi
2198 4255 2378 4310 animo
2423 4254 2695 4325 depingit:
2729 4255 2800 4309 ita
2826 4263 2882 4308 et
2923 4252 3010 4308 hic
3035 4267 3132 4306 usu
3173 4252 3337 4307 venit.
3383 4249 3636 4320 Quisquis

2046 4349 2190 4402 enim
2220 4348 2493 4401 columnas
2525 4345 2708 4416 procul
2728 4345 2985 4416 conspicit
3006 4385 3021 4410 ,
3050 4343 3418 4414 accedensque
3447 4351 3642 4413 postea.

2049 4441 2207 4495 limen
2232 4438 2636 4510 transgreditur,
2669 4437 2930 4493 damonis
2956 4436 3408 4491 abominationem
3451 4436 3640 4490 animo,

2048 4533 2148 4588 sibi
2176 4532 2414 4604 depingit
2436 4573 2450 4597 ,
2481 4531 2738 4587 fallaciam
2767 4531 2893 4585 item
2920 4537 2974 4584 et
2995 4527 3212 4584 insidias
3247 4546 3260 4582 :
3292 4538 3450 4598 atque
3499 4528 3643 4581 Iram‘

2047 4626 2404 4693 virtutemque
2445 4621 2538 4677 Dei
2566 4625 2784 4676 mlratus
2810 4618 3066 4675 abscedit.
3095 4619 3184 4675 Sic
3205 4619 3346 4690 quod
3375 4619 3519 4686 prius
3543 4633 3634 4670 er-

2049 4717 2187 4771 roris
2219 4726 2274 4771 et
2300 4713 2643 4785 blasphemiae
2674 4712 3030 4768 habitaculum
3062 4711 3270 4778 fuerat,
3297 4726 3435 4766 nunc
3462 4709 3633 4765 laudis

2047 4807 2390 4864 decantandae
2411 4815 2784 4876 argumentum
2815 4812 2899 4860 est
2926 4821 2940 4857 :
2967 4812 3111 4859 tanta
3141 4803 3282 4858 Deus
3312 4812 3494 4858 noster
3520 4817 3634 4856 ma-

2047 4897 2297 4954 chinandi
2326 4891 2442 4952 arte
2462 4897 2622 4952 valet.
2646 4895 2713 4950 Et
2733 4894 2999 4950 mirabilia
3020 4893 3319 4963 huiusmodi
3351 4909 3456 4948 non
3488 4909 3630 4947 nunc

2048 4992 2279 5060 primum
2298 5031 2312 5054 ,
2335 4989 2428 5046 sed
2445 4989 2553 5060 jam
2575 4989 2704 5043 olim
2725 5003 2755 5042 a
2783 4986 3489 5057 prioribusgenerationibus
3506 5002 3637 5058 ope-

2049 5092 2215 5138 ratur.
2241 5081 2428 5137 Omnla
2463 5096 2622 5152 porro
2647 5095 2928 5137 recensere
2955 5089 3167 5136 nonest
3191 5080 3472 5150 prtcsentis
3502 5089 3635 5134 tem-

2051 5179 2362 5246 poris;rem
2399 5184 2573 5230 tamen
2616 5173 3049 5229 commemorabo
3078 5172 3202 5228 huic
3226 5173 3444 5226 omnino
3485 5171 3635 5225 simi-

2050 5273 2170 5325 lem.
2198 5271 2344 5326 Bello
2373 5271 2498 5324 olim
2537 5270 2590 5323 in
2613 5268 2891 5322 Palaestina
2935 5267 3156 5323 suborto
3181 5267 3320 5322 inter
3346 5264 3559 5320 Judreos
3584 5274 3640 5318 et

2047 5361 2304 5434 quosdam
2357 5361 2712 5430 alienigenas,
2749 5359 2973 5414 victoria
3018 5358 3168 5429 potiti
3217 5356 3398 5409 hostes
3424 5363 3638 5423 captam

2051 5455 2143 5508 Dei
2169 5468 2346 5507 arczim
2381 5454 2456 5524 (ι.
2482 5449 2591 5520 Reg
2640 5451 2692 5506 ὅ.
2717 5450 2811 5520 Ξ),
2853 5449 3002 5521 quasi
3048 5446 3324 5502 manubias
3353 5453 3405 5499 et
3432 5443 3637 5515 spolia,

2047 5547 2255 5601 cuidam
2288 5545 2432 5600 idolo
2451 5553 2866 5609 consecrarunt,
2911 5541 2996 5598 cui
3044 5552 3237 5594 nomen
3273 5536 3452 5605 Dagon
3499 5546 3639 5591 erat.

2051 5640 2149 5695 libi
2177 5649 2352 5695 autem
2383 5639 2611 5709 primum
2660 5637 2873 5693 inducta
2903 5634 3000 5688 fuit
3027 5648 3151 5689 arca
3181 5675 3197 5700 ,
3237 5639 3410 5686 statua
3441 5628 3642 5688 decidit

2051 5741 2104 5785 rt
2136 5738 2398 5801 prostrata
2423 5729 2652 5798 jacebat.
2692 5726 2759 5783 Ut
2787 5735 2960 5781 autem
2990 5739 3056 5779 ex
3109 5724 3211 5780 hoc
3235 5737 3359 5778 casu
3393 5722 3484 5776 Dei
3529 5722 3638 5776 vir-

2055 5834 2218 5880 uitem
2267 5838 2372 5880 non
2399 5820 2807 5889 intellexerunt,
2844 5813 2940 5873 scd
2981 5827 3214 5876 erecqu
3266 5830 3449 5871 rursus
3497 5813 3645 5875 illam
