4044 6206
369 338 469 396 567

370 453 420 504 in
451 451 562 505 basi
588 463 683 506 sua
716 450 1078 518 collocarunt,
1103 453 1356 522 postridie
1376 455 1475 509 sub
1503 469 1710 519 aurorae
1737 464 1945 524 tempus

367 542 715 609 accedentes,
749 558 852 598 non
900 544 1071 598 solum
1116 545 1420 614 delapsam,
1449 547 1542 601 sed
1589 547 1798 617 penitus
1844 547 1950 602 fra-

370 643 506 686 ctam
531 643 862 702 repererunt.
894 634 1026 688 Nam
1054 637 1252 690 avulsae
1281 651 1470 691 manus
1494 638 1560 690 ab
1585 639 1854 704 humeris,
1881 639 1948 692 ad

369 724 528 778 limen
559 726 741 794 templi
785 741 906 780 cum
945 727 1164 796 pedibus
1206 728 1547 795 exsilierant,
1577 732 1778 801 reliqua
1825 747 1949 800 pars

366 823 553 870 statua:
595 815 797 871 divulsa
846 818 969 872 alibi
1011 829 1219 888 reperta
1275 828 1376 875 est.
1425 820 1775 876 Sodomorum
1822 825 1947 879 item

368 907 528 962 tellus
547 949 562 974 ,
589 917 646 962 ut
669 923 831 977 parva
860 911 1066 979 magnis
1095 911 1462 978 conferamus,
1496 912 1616 968 ideo
1641 929 1761 967 cum
1796 914 1947 967 habi-

365 997 622 1052 tatoribus
653 999 773 1068 igne
802 1009 1072 1070 assumpta
1107 1002 1262 1070 periit
1291 1002 1440 1072 (Gen.
1473 1003 1562 1074 19)
1589 1046 1604 1070 ,
1658 1003 1953 1060 infructuo-

365 1100 530 1156 saque
560 1089 786 1154 mansit,
824 1098 882 1144 ut
923 1105 1026 1144 non
1061 1091 1222 1147 modo
1253 1093 1394 1147 illius
1420 1096 1517 1148 :evi
1549 1094 1824 1163 homines,
1854 1096 1949 1151 sed

369 1189 488 1246 post
511 1179 670 1236 futuri
697 1197 884 1238 omnes
913 1199 943 1237 a
972 1184 1101 1239 locis
1147 1186 1276 1254 ipsis
1318 1186 1382 1240 ad
1428 1188 1702 1243 meliorem
1746 1190 1947 1259 frugem

366 1271 767 1328 reducerentur.
795 1274 852 1330 Si
895 1277 1036 1330 enim
1081 1277 1322 1333 homines
1348 1287 1548 1335 tantum
1579 1281 1713 1335 ultio
1745 1284 1950 1349 attigis-

367 1371 484 1430 set,
516 1362 711 1419 factum
755 1377 937 1435 postea
981 1384 1086 1423 non
1125 1370 1383 1424 creditum
1417 1371 1620 1428 fuisset.
1651 1372 1773 1428 Ideo
1801 1374 1950 1430 locus

370 1457 574 1524 plagam
607 1457 833 1528 accipit,
864 1461 953 1529 qui
1000 1470 1175 1530 potest
1205 1473 1444 1533 tempore
1470 1479 1574 1520 non
1603 1465 1804 1532 deleri,
1836 1469 1949 1522 sin-

367 1545 624 1614 gulasque
675 1550 1046 1616 generationes
1099 1551 1540 1622 commonefacit,
1597 1555 1712 1626 lege
1760 1573 1951 1628 nempe

366 1643 620 1689 statutum
661 1652 814 1704 esse,
845 1649 902 1693 ut
952 1641 1040 1710 qui
1089 1641 1208 1694 talia
1257 1653 1451 1711 agant,
1483 1644 1608 1699 talia
1648 1647 1948 1714 patiantur;

367 1725 576 1780 etiamsi
621 1742 729 1781 non
777 1730 956 1785 statim
1005 1746 1186 1800 poenas
1222 1739 1396 1801 luant,
1426 1744 1483 1789 ut
1526 1735 1579 1789 in
1611 1736 1714 1791 hoc
1753 1740 1952 1809 templo

365 1817 605 1887 contigit.
635 1818 776 1874 Ecce
823 1836 1053 1892 namque
1079 1822 1363 1893 vigez‘imus
1407 1842 1578 1882 annus
1595 1843 1660 1883 ex
1691 1829 1782 1882 illo
1812 1841 1949 1886 tem-

366 1925 497 1979 pore
533 1913 706 1982 agitur
737 1913 810 1987 (α)
837 1956 851 1981 ,
881 1932 979 1972 nec
1021 1926 1198 1973 tamen
1250 1920 1462 1978 aedilicii
1501 1924 1570 1978 ab
1619 1925 1740 1996 igne
1781 1927 1952 1982 relicti

369 2016 491 2068 pars
535 2003 638 2057 ulla
679 2007 867 2074 periit,
911 2007 1005 2062 sed
1034 2025 1152 2079 qua:
1192 2021 1370 2081 partes
1415 2015 1588 2084 ignem
1614 2017 1948 2088 effugerunt,

366 2108 445 2145 ese
466 2093 690 2150 firmiter
715 2105 858 2152 stant
886 2114 1051 2169 usque
1081 2100 1218 2157 adeo
1243 2103 1432 2158 valida:
1449 2145 1464 2169 ,
1490 2115 1548 2161 ut
1575 2117 1626 2162 et
1652 2120 1865 2165 centum
1897 2121 1954 2166 et

367 2182 448 2238 bis
479 2184 656 2252 plures
679 2228 695 2251 ,
726 2186 916 2258 hisque
938 2205 1146 2246 rursum
1177 2192 1334 2263 longe
1361 2194 1536 2263 plures
1565 2213 1733 2254 annos
1758 2201 1953 2259 durare

367 2277 590 2341 possint.
625 2277 831 2348 Ecquid
855 2281 1049 2336 mirum
1073 2283 1117 2337 si
1145 2299 1212 2339 ex
1242 2287 1504 2343 columnis
1526 2290 1666 2344 nulla
1696 2293 1764 2348 ab
1784 2293 1950 2350 altera

368 2366 549 2420 avulsa
578 2367 645 2422 ad
675 2369 846 2425 solum
876 2371 1167 2429 deciderit?
1191 2375 1569 2434 Columnarum
1596 2382 1740 2436 enim
1767 2399 1950 2441 earum

365 2472 485 2525 quze
515 2457 580 2512 ad
607 2462 956 2529 posteriorem
985 2465 1167 2534 templi
1185 2475 1387 2536 partem
1412 2480 1594 2530 erant,
1620 2488 1719 2526 una
1747 2482 1950 2530 tantum

367 2547 531 2604 fracta
548 2592 562 2615 ,
588 2567 654 2607 ne
680 2569 740 2606 ea
771 2554 988 2624 quidem
1010 2560 1242 2627 corruit,
1269 2561 1364 2616 sed
1389 2577 1420 2617 a
1460 2577 1554 2618 sua
1582 2565 1694 2621 basi
1725 2580 1866 2624 mnta
1897 2581 1951 2625 et

363 2641 432 2696 ad
458 2659 664 2700 murqu
696 2647 949 2704 reclinata
979 2653 1208 2721 mansit,
1241 2653 1463 2726 ejusque
1495 2674 1618 2728 pars
1639 2661 1706 2715 ab
1730 2662 1837 2717 imo
1860 2679 1952 2719 us-

365 2751 470 2806 que
499 2736 566 2791 ad
597 2735 883 2796 fracturam
919 2743 1134 2814 oblique
1176 2762 1330 2802 muro
1372 2750 1592 2817 nititur;
1625 2768 1677 2808 ,ι
1724 2753 1949 2810 fractura

364 2842 494 2882 vero
538 2843 706 2898 usque
749 2831 815 2885 ad
860 2835 1162 2903 capitelluiu
1210 2838 1396 2908 supina
1426 2851 1567 2908 stat,
1599 2843 1666 2899 ab
1711 2845 1950 2902 inferiori

367 2913 515 2985 parte
540 2919 774 2974 suffulta.
803 2922 1132 2994 Quamquam
1158 2938 1336 2983 autem
1357 2941 1411 2986 et
1437 2934 1576 2987 venti
1604 2934 1952 2994 vehementer

364 3011 698 3082 ingruerint,
733 3026 891 3074 terra;
933 3032 1109 3078 motus
1152 3027 1484 3094 acciderint,
1518 3039 1572 3085 et
1621 3040 1763 3088 terra
1817 3050 1949 3089 con-

363 3117 519 3158 cussa
548 3103 738 3173 fuerit,
772 3110 999 3166 flammae
1027 3116 1263 3186 reliquias
1305 3133 1410 3174 non
1437 3132 1629 3177 amota:
1666 3135 1820 3190 sunt;
1854 3127 1948 3181 sed

363 3204 624 3252 steterunt
666 3205 1048 3272 propemodum
1080 3208 1402 3279 clamantes,
1439 3228 1498 3268 se
1522 3213 1587 3268 ad
1613 3225 1948 3285 posterorum

362 3287 790 3348 emendationem
814 3307 1056 3354 servatas
1077 3316 1219 3356 esse.

432 3381 520 3436 22.
547 3383 611 3436 Et
630 3385 842 3453 quidem
872 3390 1009 3457 quod
1041 3393 1292 3463 templum
1316 3411 1419 3450 non
1449 3395 1681 3454 funditus
1708 3402 1942 3459 dirutum

363 3469 552 3537 fuerit,
583 3472 722 3530 hanc
764 3491 979 3533 causam
1009 3481 1186 3538 dicere
1214 3487 1385 3552 possis
1416 3505 1428 3541 :
1458 3490 1600 3558 quod
1627 3499 1802 3547 autem
1837 3495 1940 3548 ful—

365 3580 486 3617 men
532 3563 912 3635 Imperatorem
942 3575 1303 3644 uonattigerit
1328 3617 1342 3638 ,
1384 3577 1604 3632 alteram
1655 3596 1870 3638 causam
1901 3586 1946 3639 si

359 3670 570 3725 quaeras
599 3661 834 3728 reperies
859 3703 873 3725 ,
917 3677 980 3716 ex
1009 3665 1197 3720 eodem
1245 3667 1358 3737 ipso
1397 3670 1735 3741 benignitatis
1761 3685 1813 3729 et
1839 3677 1944 3731 cle-

361 3749 574 3810 mentia:
602 3751 798 3806 Clu-isti
830 3753 972 3809 fonte
997 3767 1321 3814 manantem.
1352 3761 1476 3816 ldeo
1510 3765 1652 3818 enim
1681 3765 1853 3834 ignem
1879 3785 1945 3823 ex

361 3840 698 3911 Imperatoris
724 3847 896 3914 capite
919 3849 1109 3903 avertit
1129 3891 1143 3915 ,
1176 3851 1226 3905 in
1267 3851 1547 3925 ipsumque
1581 3868 1773 3910 tectum
1792 3860 1946 3927 jacu-

360 3930 498 3987 latus
518 3944 629 3997 est,
666 3945 724 3989 ut
757 3936 947 3992 alienis
976 3940 1362 3998 calamitatibus
1391 3945 1614 4000 edoctus
1657 3949 1943 4017 repositam

358 4024 456 4078 sibi
484 4041 694 4095 poenam
720 4029 995 4100 effugeret,
1028 4042 1260 4088 mutatus
1286 4045 1341 4091 et
1360 4037 1427 4092 ab
1455 4053 1640 4095 errore
1667 4041 1942 4096 liberatus.

358 4114 539 4186 Neque
565 4117 668 4175 hoc
709 4121 882 4176 solum
906 4162 924 4189 ,
977 4139 1150 4194 neque
1194 4126 1420 4196 primum
1468 4131 1698 4200 propria:
1737 4132 1944 4187 virtutis

357 4208 564 4278 signum
594 4211 640 4266 ei
668 4212 815 4268 dedit
837 4215 1083 4272 Christus
1102 4257 1117 4282 ,
1147 4219 1243 4274 sed
1285 4228 1340 4275 et
1379 4223 1483 4277 alia
1514 4224 1687 4299 multa
1727 4225 1810 4280 his
1836 4241 1940 4281 non

358 4298 584 4355 minora.
625 4301 759 4356 Nam
783 4315 838 4360 et
865 4318 1082 4375 patruus
1105 4309 1222 4378 ejus
1247 4321 1301 4365 et
1329 4298 1564 4382 qumstbr
1582 4319 1802 4371 aerarius
1822 4357 1837 4383 ,
1865 4318 1944 4372 sic

355 4391 514 4446 ambo
540 4392 648 4447 vita
687 4393 850 4450 functi
877 4407 1034 4464 sunt;
1082 4401 1147 4454 ad
1185 4401 1303 4458 hace
1341 4405 1509 4460 fames
1535 4423 1636 4462 uua
1667 4425 1786 4464 cum
1824 4410 1941 4480 ipso

356 4481 541 4537 urbem
566 4484 842 4556 invadens,
874 4505 1136 4560 aquarum
1161 4511 1375 4566 quoque
1404 4501 1621 4568 penuria
1651 4517 1936 4572 numquam

354 4582 478 4629 ante
504 4576 645 4644 visa,
689 4593 846 4648 quam
874 4581 940 4637 ab
966 4597 1033 4638 eo
1061 4588 1319 4643 sacriﬁcia
1357 4589 1594 4647 fontibus
1628 4592 1764 4649 faeta
1805 4593 1937 4650 fuis-

353 4675 474 4734 sent
497 4709 514 4734 ,
533 4671 762 4742 .aliaque
783 4673 944 4730 multa
965 4718 981 4743 ,
1027 4679 1141 4734 sive
1167 4680 1218 4736 in
1244 4683 1476 4738 exercitu
1505 4685 1615 4739 sive
1643 4685 1696 4741 in
1721 4688 1938 4746 urbibus

351 4757 668 4823 accidentia,
697 4765 996 4830 potuissent
1017 4768 1101 4823 vel
1132 4769 1399 4840 lapideum
1429 4775 1664 4829 animum
1697 4775 1931 4845 ﬂectere,

356 4861 459 4901 non
486 4850 820 4909 multitudine
867 4865 1099 4923 tantum,
1152 4877 1324 4932 neque
1365 4864 1506 4933 quod
1556 4867 1733 4921 omnia
1778 4869 1935 4925 simul

353 4935 590 4994 facinora
615 4943 792 4997 statim
821 4959 1209 5016 sequerentur,
1258 4961 1314 5006 ut
1353 4955 1620 5022 quondam
1651 4955 1933 5030 [Egyptio-

351 5046 468 5085 rum
499 5034 640 5104 regis
669 5045 943 5108 tempore;
987 5041 1079 5096 sed
1102 5044 1260 5098 etiam
1292 5046 1430 5116 quod
1458 5063 1554 5118 per
1577 5063 1635 5104 se
1661 5050 1780 5104 talia
1809 5051 1939 5108 ede-

349 5134 536 5178 rentur
561 5125 836 5196 miracula,
861 5139 919 5184 ut
935 5133 1075 5188 aliud
1097 5135 1203 5190 alio
1230 5151 1334 5191 non
1357 5149 1536 5208 egeret
1555 5140 1620 5194 ad
1642 5141 1934 5198 videntium

346 5218 795 5288 conversionem,
827 5223 919 5300 sed
960 5227 1167 5304 singula
1203 5243 1267 5283 ex
1313 5245 1371 5284 se
1399 5231 1465 5286 ad
1498 5232 1548 5288 id
1579 5235 1934 5304 peragendum

345 5310 475 5365 satis
507 5320 710 5367 essent.
754 5313 885 5370 Nam
927 5326 983 5370 ut
1011 5327 1202 5373 cmtera
1229 5321 1472 5376 omittam
1493 5363 1508 5387 ,
1554 5339 1712 5393 quem
1755 5327 1840 5380 vel
1869 5343 1934 5382 ex

344 5401 635 5458 admodum
659 5407 885 5476 stupidis
908 5423 1012 5463 non
1041 5409 1389 5467 deterruisset
1408 5413 1549 5484 quod
1573 5415 1714 5470 circa
1739 5417 1936 5471 veteris

345 5493 780 5569 Jerosolymitaui
825 5501 1007 5570 templi
1052 5502 1390 5558 fundamenta
1426 5504 1717 5560 exhibitum
1754 5516 1836 5562 est
1861 5507 1934 5562 si-

347 5589 556 5655 gnum?
598 5589 862 5658 Quidnam
914 5593 1044 5650 illud
1074 5595 1234 5651 erat?
1280 5595 1416 5651 Cum
1445 5594 1649 5654 videret
1680 5609 1934 5670 tyrannus

409 5780 482 5841 tu)
517 5789 674 5835 Annus
700 5793 963 5850 "gestantis
977 5801 1005 5839 a
1019 5790 1204 5844 Juliano
1219 5791 1531 5858 imperatore.

1077 337 1132 393 α.
1172 337 1450 396 JOANNIS
1485 338 1954 397 CHRYSOSTOMI
1983 339 2296 395 ARCIIIEP.
2330 336 2858 396 CONSTANTINOP.

3529 336 3631 391 563

2059 455 2110 509 in
2143 455 2247 510 tota
2274 471 2368 509 sua
2411 455 2609 510 ditione
2650 455 2894 510 diffusam
2936 452 3129 510 Christi
3171 454 3372 519 fidem,
3418 453 3635 523 jamque

2056 545 2334 600 Persarum
2365 545 2494 600 lines
2524 553 2898 615 occupantem,
2929 545 3257 616 aliorumque
3285 545 3630 600 remotiorum

2055 635 2437 703 barbarorum,
2489 652 2804 705 rursumque
2852 637 2986 690 ultra
3031 652 3122 690 eos
3166 651 3499 706 progressam
3525 675 3538 695 .
3570 650 3634 689 ac

2057 736 2222 798 totum
2247 770 2262 793 ,
2296 738 2351 782 ut
2380 728 2448 782 ita
2477 728 2648 782 dicam
2677 768 2694 792 ,
2727 728 2913 783 orbem
2937 737 3283 796 occupantem
3314 745 3328 781 :
3360 727 3633 784 cruciaba-

2055 828 2144 873 tur
2164 822 2342 874 animo
2367 830 2418 876 et
2438 821 2746 890 angebatur,
2776 821 3139 892 Ecclesiisque
3161 821 3356 876 bellum
3379 821 3602 892 parabat
3621 866 3636 878 .

2055 914 2332 984 ignorabat
2353 927 2528 970 autem
2545 914 2723 970 infelix
2739 931 2798 971 se
2825 925 3009 970 contra
3029 917 3300 970 stimulum
3330 916 3629 971 calcitraro.

2056 1008 2134 1060 Ac
2159 1006 2330 1076 primo
2360 1007 2572 1076 quidem
2611 1007 3114 1077 Jerosolymitanum
3157 1007 3413 1076 templum
3434 1048 3450 1071 ,
3491 1007 3638 1076 quod

2055 1097 2293 1153 funditus
2319 1098 2517 1154 Christi
2539 1100 2705 1154 virtus
2719 1099 2971 1166 diruerat,
2998 1110 3297 1155 restaurare
3320 1102 3633 1161 conabatur.

2056 1193 2371 1263 gentilisque
2401 1193 2561 1247 homo
2583 1208 2669 1248 res
2695 1193 3002 1248 Judmorum
3035 1192 3351 1262 procurahat
3377 1235 3391 1259 ,
3422 1192 3632 1246 virtutis

2056 1284 2251 1338 Christi
2282 1284 2572 1352 periculum
2602 1283 2724 1338 inde
2770 1285 2946 1339 facere
2973 1284 3155 1338 volens
3180 1301 3195 1348 ;
3240 1292 3294 1338 et
3331 1284 3515 1338 accitis
3540 1283 3638 1338 Juo

2056 1374 2185 1430 dacis
2209 1376 2543 1445 quibusdam,
2564 1376 2731 1447 iisque
2747 1377 3046 1431 sacrificare
3065 1377 3387 1449 jussis(nam
3409 1377 3642 1446 majores

2056 1481 2238 1521 eorum
2267 1452 2484 1522 dicebat
2521 1471 2622 1523 hoc
2660 1468 2836 1523 cultus
2881 1484 3077 1538 genere
3121 1484 3247 1522 usos
3293 1466 3471 1539 esse),
3514 1485 3636 1523 cum

2055 1559 2223 1615 Judati
2254 1576 2320 1615 eo
2344 1562 2728 1631 confugerent,
2762 1571 2819 1616 ut
2850 1577 2955 1616 non
2998 1561 3076 1616 fas
3104 1576 3223 1617 esse
3248 1563 3349 1619 sibi
3379 1563 3640 1631 dicerent,

2057 1651 2257 1721 templo
2299 1652 2476 1707 diruto
2512 1663 2660 1708 extra
2707 1663 2942 1708 veterem
2987 1655 3303 1723 mctropolin
3337 1654 3386 1708 id
3435 1655 3635 1719 facere,

2052 1743 2202 1812 jubet
2228 1744 2478 1812 pecunias
2507 1759 2574 1799 ex
2612 1744 2954 1813 imperatorio
2991 1745 3182 1798 aerario
3206 1745 3448 1814 accipere
3467 1787 3483 1809 ,
3513 1760 3641 1798 nec-

2058 1851 2163 1890 non
2198 1837 2300 1890 alia
2329 1837 2504 1891 omnia
2546 1837 2612 1892 ad
2646 1846 2968 1892 structuram
3013 1839 3311 1892 necessaria
3332 1880 3346 1903 ,
3387 1838 3643 1908 abireque

2057 1926 2412 1984 instauratum
2441 1928 2693 1998 templum
2720 1969 2734 1995 ,
2762 1943 2825 1983 ac
2851 1939 3085 1984 veterem
3115 1929 3496 1984 sacrificiorum
3527 1941 3642 1986 mo-

2056 2033 2170 2073 rem
2211 2021 2514 2088 repetitum.
2559 2021 2692 2075 Tum
2720 2022 2867 2076 stulti
2899 2022 2972 2079 illi
2997 2061 3014 2088 ,
3051 2021 3119 2076 ab
3146 2031 3294 2076 utero
3322 2034 3561 2078 errantes
3588 2031 3643 2078 et

2055 2109 2124 2164 ad
2148 2125 2311 2166 canos
2351 2126 2521 2180 usque
2561 2112 2747 2182 puerili
2773 2121 2992 2181 egentes
3037 2113 3367 2168 institutione
3389 2155 3405 2178 ,
3441 2114 3644 2169 disces-

2057 2209 2275 2268 serunt,
2323 2212 2384 2257 ut
2429 2203 2754 2273 imperatore
2794 2203 3004 2259 favente
3037 2219 3148 2260 rem
3189 2213 3546 2276 peragerent:
3579 2221 3646 2260 ac

2056 2294 2232 2359 Statim
2255 2305 2413 2366 atque
2442 2295 2662 2352 humum
2693 2313 2915 2368 egerere
2942 2299 3230 2368 ccepiss‘eut
3249 2341 3264 2365 ,
3295 2299 3433 2370 ignis
3457 2315 3489 2354 e
3515 2299 3644 2353 fun-

2055 2384 2316 2440 damentis
2344 2387 2594 2444 exsiliens
2624 2403 2717 2444 eos
2745 2390 2922 2444 statim
2951 2391 3300 2458 consumpsit.
3344 2390 3436 2445 llis
3466 2390 3642 2459 Impe-

2054 2477 2219 2531 ratori
2247 2479 2501 2535 nuntiatis
2526 2494 2633 2535 non
2662 2481 2801 2534 ultra
2846 2496 2958 2534 rem
3005 2496 3320 2550 promovere
3345 2495 3507 2536 ausus
3535 2491 3642 2546 est,

2055 2584 2202 2625 metu
2249 2572 2456 2627 scilicet
2509 2572 2832 2640 cohibente;
2892 2588 3065 2642 neque
3117 2581 3292 2626 tamen
3337 2572 3405 2625 ab
3455 2586 3646 2626 errore

2055 2661 2392 2727 daemonum,
2430 2664 2622 2732 quibus
2654 2665 2809 2734 plane
2837 2663 3084 2719 subditus
3125 2673 3262 2729 erat,
3295 2663 3510 2718 liberari
3542 2678 3642 2717 vo-

2054 2755 2180 2820 luit;
2212 2757 2421 2811 interim
2451 2766 2623 2811 tamen
2650 2757 2864 2827 paulum
2889 2758 3112 2828 quievit.

2126 2847 2314 2902 Modus
2353 2849 2745 2919 persequutionis
2784 2851 2875 2903 sub
2899 2848 3130 2902 Juliauo.
3171 2877 3243 2888 -
3271 2848 3423 2903 Brevi
3455 2856 3641 2917 postea

2055 2946 2294 3008 tempore
2322 2955 2510 2994 vanam
2542 2939 2723 2994 itidem
2751 2955 2967 3010 operam
2997 2941 3262 3010 suscepit,
3294 2955 3396 2994 non
3424 2941 3642 3009 quidem

2052 3047 2214 3088 ausus
2237 3033 2370 3088 ultra
2397 3033 2649 3103 templum
2685 3043 2997 3089 construere
3020 3076 3036 3101 ,
3071 3035 3164 3089 sed
3199 3035 3471 3089 nobiscum
3503 3035 3643 3090 veli-

2053 3127 2342 3181 tationibus
2387 3142 2621 3196 pugnare
2655 3128 2842 3183 volens
2874 3145 2888 3181 :
2930 3137 3119 3196 aperto
3154 3128 3295 3180 enim
3341 3136 3509 3182 marte
3537 3141 3642 3181 nos

2051 3217 2248 3271 adoriri
2276 3218 2449 3273 adhuc
2476 3209 2754 3273 differebat
2782 3237 2795 3274 :
2823 3218 2922 3273 hac
2949 3235 3051 3274 una
3077 3229 3130 3274 et
3158 3220 3328 3289 prima
3363 3219 3430 3274 de
3453 3235 3642 3288 causa,

2052 3308 2194 3376 quod
2243 3323 2525 3377 persuasus
2548 3317 2692 3364 esset
2721 3323 2781 3364 se
2806 3308 2858 3363 id
2906 3311 3098 3364 frustra
3126 3319 3445 3364 tentaturum
3476 3326 3597 3365 esse
3623 3328 3642 3372 ;

2053 3400 2288 3454 secunda
2309 3415 2473 3467 vero,
2512 3416 2582 3455 ne
2620 3401 2773 3456 nobis
2811 3402 3144 3457 occasionem
3175 3402 3434 3472 praeberet
3458 3411 3515 3456 ut
3544 3419 3640 3456 co-

2051 3504 2183 3543 rona
2213 3491 2449 3560 martyrii
2469 3491 2858 3546 redimiremur.
2891 3493 3000 3546 lloc
3018 3493 3210 3562 quippe
3237 3494 3630 3547 intolerandum

2051 3579 2175 3648 ipsi,
2219 3588 2272 3634 et
2300 3581 2443 3634 omni
2472 3581 2775 3637 calamitate
2813 3583 3027 3652 gravius
3060 3593 3194 3649 erat,
3223 3585 3265 3638 si
3293 3584 3412 3654 quis
3443 3586 3494 3640 in
3526 3601 3638 3640 me-

2049 3672 2196 3726 dium
2244 3672 2532 3741 productus
2580 3689 2677 3744 pro
2706 3675 2926 3730 veritate
2968 3691 3140 3746 usque
3187 3676 3254 3731 ad
3309 3686 3532 3731 mortem
3587 3679 3638 3730 in

2049 3764 2370 3818 cruciatibus
2404 3775 2816 3834 perseveraret:
2849 3768 2920 3822 ita
2961 3782 3080 3823 sese
3122 3784 3189 3824 ex
3233 3769 3412 3823 animo
3454 3769 3639 3822 inimi-

2049 3870 2168 3909 cum
2221 3864 2462 3911 nostrum
2515 3857 2840 3914 declarabat.
2900 3859 3130 3916 Noverat
3172 3861 3356 3927 enim,
3410 3874 3636 3916 noverat

2050 3948 2224 4015 plane,
2251 3949 2296 4002 si
2327 3947 2380 4003 id
2415 3949 2670 4015 auderet,
2703 3967 2893 4007 omnes
2922 3969 3017 4022 pro
3041 3952 3253 4009 Christo
3277 3959 3481 4010 animas
3511 3971 3638 4012 suas

2050 4041 2344 4096 tradituros
2391 4058 2548 4108 esse;
2606 4045 2870 4114 malignus
2917 4056 3096 4102 autem
3143 4056 3197 4101 et
3243 4047 3464 4103 callidus
3510 4063 3636 4103 eum

2048 4141 2212 4198 esset,
2231 4148 2324 4188 eos
2348 4135 2436 4204 qui
2463 4135 2532 4189 ob
2560 4145 2831 4205 peccatum
2853 4137 3116 4206 quoddam
3141 4138 3397 4193 Ecclesia:
3427 4141 3636 4208 princi-

2049 4226 2204 4294 pibus
2248 4241 2432 4296 poenas
2472 4227 2783 4294 dedissent,
2835 4239 2926 4284 aut
2963 4245 2994 4284 a
3026 4230 3339 4299 przefectura
3380 4233 3633 4301 quapiam

2047 4319 2209 4372 amoti
2231 4329 2414 4374 essent
2435 4361 2452 4385 ,
2497 4320 2698 4375 liberos
2726 4337 2914 4377 omnes
2942 4323 3136 4393 ubique
3164 4324 3462 4379 dimittebat
3486 4367 3501 4390 ,
3532 4325 3634 4382 hoc

2047 4411 2208 4464 modo
2241 4411 2579 4481 nequissimis
2607 4421 2924 4481 potestatem
2966 4415 3204 4470 tribuens
3228 4457 3243 4481 ,
3276 4416 3529 4471 Ecclesia:
3558 4419 3635 4472 le-

2045 4517 2138 4570 ges
2180 4511 2426 4558 evertens
2475 4513 2824 4574 mutuumque
2872 4506 3012 4561 inter
3048 4522 3142 4562 eos
3185 4506 3488 4562 conflictum
3519 4524 3634 4560 mo-

2046 4609 2175 4647 vens
2205 4611 2218 4646 :
2249 4609 2370 4647 nam
2401 4605 2699 4665 expugnatn
2745 4594 2926 4650 faciles
2965 4596 3180 4651 demum
3209 4597 3417 4654 futuros
3443 4613 3635 4668 spera-

2045 4684 2156 4750 bat,
2183 4699 2305 4738 cum
2329 4698 2446 4740 sese
2471 4685 2718 4740 intestino
2743 4686 2881 4741 bello
2905 4688 3385 4757 consumpsissem.
3431 4689 3635 4757 Queru-

2044 4777 2166 4832 dam
2197 4777 2357 4832 etiam
2398 4786 2508 4835 tum
2559 4794 2822 4848 perversze
2871 4779 3130 4833 doctrina:
3155 4821 3170 4845 ,
3217 4787 3330 4834 tum
3370 4781 3634 4850 improba:

2044 4873 2165 4924 vita:
2194 4884 2382 4935 causa,
2405 4871 2785 4927 ecclesiastico
2816 4872 3112 4942 principatu:
3147 4872 3380 4942 pulsum,
3412 4875 3636 4928 nomine

2046 4961 2372 5032 Stephanum
2399 5003 2413 5029 ,
2453 4962 2604 5033 jubet
2643 4979 2852 5018 rursum
2885 4964 3143 5019 doctrina:
3187 4965 3437 5022 thronum
3473 4981 3636 5020 occu-

2047 5069 2173 5121 pare
2202 5098 2217 5120 ,
2260 5063 2420 5123 atque
2467 5053 2798 5108 Dominicum
2848 5070 3039 5108 nomen
3066 5095 3081 5118 ,
3131 5055 3306 5124 quoad
3351 5057 3469 5124 ejus
3515 5056 3632 5112 fieri

2047 5143 2236 5210 potuit,
2264 5144 2602 5213 exstinguere
2631 5144 2871 5210 curabat,
2903 5143 3152 5199 Galilzeos
3183 5160 3278 5213 pro
3305 5145 3628 5202 Christianis

2045 5251 2142 5288 nos
2174 5245 2282 5288 tum
2305 5236 2358 5290 in
2379 5236 2568 5291 edictis
2603 5238 2714 5292 suis
2739 5252 2954 5305 vocans,
2986 5248 3095 5292 tum
3114 5239 3379 5307 principes
3406 5247 3463 5291 ut
3490 5239 3631 5294 idem

2044 5329 2278 5383 facerent
2313 5329 2622 5385 adhortans.
2675 5331 2820 5388 Inter
2845 5340 2924 5387 tot
2958 5331 3109 5402 signa
3140 5342 3316 5387 autem
3343 5373 3357 5396 ,
3400 5342 3457 5387 ut
3495 5333 3630 5399 dixi,

2043 5435 2162 5489 qua:
2199 5436 2293 5489 per
2326 5421 2517 5476 famem
2546 5432 2600 5476 et
2640 5422 2934 5478 siccitatem
2967 5423 3296 5485 edebantur,
3336 5424 3389 5477 in
3437 5423 3628 5478 eadem

2043 5511 2217 5566 adhuc
2261 5513 2589 5582 impudentia
2626 5528 2689 5568 ac
2714 5513 2910 5570 duritie
2951 5515 3343 5584 perseverabat.
3393 5514 3629 5583 Expedi-

2042 5605 2344 5674 tionemque
2383 5605 2648 5660 Persicam
2701 5615 3080 5676 suscepturus,
3131 5615 3276 5659 tanto
3322 5620 3446 5660 cum
3490 5606 3628 5660 fastu

2041 5695 2373 5754 descendens
2408 5712 2471 5752 ac
2498 5699 2541 5752 si
2581 5707 2741 5753 totam
2772 5698 3117 5753 barbarorum
3149 5706 3359 5769 gentem
3389 5706 3620 5751 vastatu-

2045 5803 2137 5845 rus
2161 5798 2338 5859 esset,
2379 5800 2660 5847 sexcentas
2689 5791 2840 5848 nobis
2872 5791 3040 5848 minas
3065 5792 3376 5856 intentabat,
3414 5790 3616 5859 jactita-
