4044 6206
413 335 518 395 569

413 455 588 521 λέγων
621 450 760 522 μετά
787 449 885 522 τὴν
931 448 1142 506 ἐκεῖθει
1177 448 1436 504 ἐπάνοδον
1477 447 1683 508 πάντας
1731 445 1900 516 ἄρδην
1949 445 2084 496 ἀπο-

413 541 546 595 λεῖν.
580 540 821 612 Πόλεμον
850 541 958 610 γὰρ
1001 537 1152 608 αύτῷ
1200 535 1388 590 τοῦτον
1419 531 1558 590 εἶναι
1591 536 1765 590 ἐδόκει
1815 534 1907 587 τοῦ
1940 535 2084 602 Περ-

413 623 570 684 δικοῦ
609 628 1017 700 χαλεπώτερον,
1049 626 1142 680 καὶ
1183 625 1294 680 δεῖν
1348 624 1613 696 πρότερον
1662 622 2087 693 κατορθώσαντα

415 721 622 772 ἐκεῖνον
650 717 743 771 τὸν
768 716 996 780 ἐλάττω,
1032 715 1154 768 τότε
1188 715 1281 768 ἐπὶ
1305 715 1396 766 τὸν
1427 713 1651 784 μείζονα
1673 711 1862 766 τοῦτον
1885 711 2083 764 ἐλθεῖν.

417 807 528 861 Kal
577 806 752 860 ταῦτα
795 807 928 875 ἡμῖν
979 805 1029 856 οί
1083 804 1182 874 τῆς
1223 801 1450 873 γνώμης
1508 800 1656 871 αὑτῷ
1703 799 2088 861 κοινωνοῦντες

389 894 776 966 ’ἀπήγγελλον.
797 893 942 946 Ζέων
967 891 1024 945 δέ
1055 891 1132 962 τῷ
1157 890 1278 944 καθ’
1309 889 1466 962 ήμῶν
1489 889 1665 960 θυμῷ.
1695 889 1790 942 καὶ
1819 886 1941 940 καθ’
1969 888 2090 939 ἐκά-

417 1001 548 1054 στην
571 982 785 1054 ἡμέραν
829 981 963 1053 πρὸς
1003 981 1227 1051 μείζονα
1259 979 1454 1050 μανίαν
1493 978 1801 1050 αἰρόμενος,
1828 975 2087 1028 οὐδέποτε

413 1072 508 1123 ἐπὶ
535 1071 633 1141 τῆς
670 1070 840 1139 αὐτῆς
879 1069 1065 1122 ἵστατο
1097 1067 1341 1138 γνώμης,
1371 1066 1508 1120 ἀλλά
1534 1065 1636 1135 τὴν
1660 1063 1930 1135 προτέραν
1967 1062 2088 1132 βου-

411 1158 508 1230 λὴν
536 1159 891 1230 ἀποθέμενος,
925 1157 1087 1210 πάλιν
1116 1157 1331 1226 ἠπείλει
1369 1155 1460 1208 τὸν
1501 1154 1742 1224 διωγμὸν
1784 1155 1934 1223 ἡμῖν.
1959 1151 2089 1204 Βου-

411 1249 637 1319 λόμενος
658 1248 716 1301 δέ
739 1247 900 1300 αὐτὸν
922 1248 949 1301 ό
971 1246 1102 1309 Θεὸς
1128 1243 1591 1316 ἀνακρούσασθαι,
1627 1243 1718 1297 καὶ
1739 1241 2088 1296 καταστεῖλαι

414 1334 839 1405 φλεγμαίνοντα,
875 1334 1122 1406 ἐπήγαγε
1153 1331 1316 1386 πάλιν
1360 1331 1512 1383 τουτί
1546 1331 1605 1383 τὸ
1647 1332 1888 1401 σημεῖον,
1935 1330 1992 1381 ἐν
2021 1329 2086 1399 τῇ

413 1423 599 1494 Δάφνῃ
629 1423 691 1475 τὸ
720 1421 832 1494 πῦρ
857 1422 948 1474 ἐπὶ
975 1421 1064 1476 τὸν
1094 1419 1229 1476 νεὼν
1257 1419 1436 1488 ἀφείς.

484 1517 590 1580 κγ’.
625 1511 685 1563 '0
717 1510 772 1563 δέ
789 1511 909 1563 οὐδέ
925 1509 1069 1564 οὕτω
1088 1509 1372 1578 καθυφῆκε
1397 1507 1490 1561 τοῦ
1518 1507 1712 1578 θυμοῦ,
1744 1505 1878 1560 ἀλλά
1891 1507 1957 1578 τῇ
1990 1507 2089 1578 τῆς

413 1599 688 1670 ἡμετέρας
718 1597 1010 1667 λεηλασίας
1039 1597 1306 1666 ἐπιθυμία
1333 1596 1824 1668 διαρῥηγνύμενος,
1850 1595 1971 1650 οὐδὲ
1999 1595 2090 1649 τὸν

414 1688 604 1758 καιρὸν
645 1687 704 1740 ὃν
751 1686 1048 1758 ἠπείλησεν
1094 1685 1308 1754 ἔμενεν,
1351 1683 1487 1738 ἀλλά
1521 1685 1610 1737 τὸν
1651 1685 1940 1756 Εὐφράτην
1975 1685 2092 1737 δια·-

413 1776 623 1829 6αίνειν
657 1775 869 1846 μέλλων
916 1775 1226 1844 ἀπόπειραν
1277 1774 1512 1826 ἐποιεῖτο
1555 1770 1664 1826 τῶν
1719 1765 2108 1844 στρατιωτῶν,

415 1863 512 1916 καί
543 1879 696 1926 τινας
737 1861 1140 1932 εὐαριθμήτους
1171 1861 1433 1933 κολακείᾳ
1477 1860 1812 1932 διαφθείρας,
1848 1861 1972 1924 τοὺς
1995 1862 2090 1916 ἀν·-

415 1951 751 2023 ιτῖιστάντας
783 1951 845 2004 ού
871 1949 1144 2021 παρέλυσε
1163 1950 1262 2019 τῆς
1283 1947 1589 2020 στρατείας.
1613 1947 1864 2008 δεδοικὼς
1887 1947 1961 2019 μὴ
1978 1949 2092 2002 δια-

414 2042 617 2110 στήσας
655 2039 852 2103 αὑτοὺς
905 2037 1290 2109 ἀσθενέστερον
1328 2037 1630 2108 ἐργάσηται
1665 2035 1742 2109 τῷ
1781 2037 1968 2110 Πέρσῃ
1999 2037 2090 2091 τὸν

415 2129 667 2200 στρατόν.

485 2219 528 2270 Τ
537 2218 580 2282 ίς
633 2218 768 2287 ἡμῖν
809 2215 996 2270 λοιπὸν
1041 2215 1112 2270 τά
1153 2213 1404 2268 ἐντεῦθεν
1451 2213 1809 2284 διηγήσεται,
1849 2213 1943 2266 καὶ
1979 2212 2090 2265 τῶν

413 2305 558 2358 κατά
582 2304 682 2374 τὴν
710 2304 807 2376 έρη
818 2321 936 2374 μον,
969 2303 1194 2357 καὶτῶν
1221 2303 1363 2355 κατά
1399 2303 1498 2373 τὴν
1535 2301 1825 2364 θάλατταν,
1858 2301 1952 2354 καὶ
1979 2301 2088 2356 τῶν

416 2393 559 2446 κατά
595 2391 693 2463 τὴν
721 2394 1019 2460 Δῐγυπτον,
1047 2393 1136 2446 ὅτε
1167 2392 1195 2442 ό
1219 2389 1543 2459 ἀναίσθητος
1569 2390 1777 2452 ἐκεῖνος
1801 2388 2094 2454 ἐκολάζετο

415 2479 648 2551 Φαραὼ,
690 2481 785 2534 καί
833 2480 1034 2542 πάντες
1069 2478 1552 2543 κατεποντίζοντο,
1604 2473 1734 2530 ὄντα
1768 2477 1947 2548 πολλῷ
1993 2495 2088 2547 φο-

417 2567 732 2640 ϐερώτερας
771 2567 1040 2638 Καθάπερ
1072 2567 1181 2638 γὰρ
1211 2567 1358 2629 τότε,
1395 2567 1516 2618 ἐπεὶ
1557 2565 1746 2636 μηδενὶ
1781 2565 1892 2620 τῶν
1922 2565 2090 2620 τοιού-

415 2673 526 2710 των
550 2653 690 2722 εἶξαι
725 2655 1044 2727 συμφορῶν,
1075 2656 1170 2709 καὶ
1215 2653 1468 2724 γενέσθαι
1503 2653 1728 2726 βελτίων
1772 2655 2036 2726 ἠθέλησεν
2059 2658 2089 2708 ό

417 2745 736 2814 Αἰγύπτιος,
773 2745 923 2808 τέλος
955 2743 1118 2798 αὑτὸν
1153 2744 1250 2796 σὺν
1303 2743 1452 2814 αὐτῷ
1483 2743 1561 2814 τῷ
1587 2743 1936 2814 στρατοπέδῳ
1963 2761 2091 2796 κατ-

418 2835 626 2889 έδυσεν·
648 2833 792 2886 οὕτω
824 2835 919 2887 καὶ
945 2833 1061 2900 νῦν,
1095 2832 1281 2904 ἐπειδὴ
1313 2833 1451 2905 πρὸς
1480 2832 1658 2886 πάντα
1694 2831 1926 2896 ἀναιδῶς
1956 2831 2088 2904 ἔστη

415 2921 508 2975 τοῦ
539 2921 674 2976 Θεοῦ
701 2921 769 2976 τὰ
795 2921 1059 2992 τεράστια
1087 2933 1135 2986 ι,
1165 2921 1259 2974 καὶ
1297 2921 1449 2974 οὐδὲν
1496 2921 1592 2974 ἀπ’
1620 2920 1801 2973 αὐτῶν
1830 2920 2088 2991 κερδᾶναι

414 3010 708 3080 ἠθέλησεν,
741 3009 856 3063 ἀλλ’
890 3010 1082 3082 ἔμενεν
1110 3010 1457 3081 ἀδιόρθωτος,
1489 3013 1601 3073 τοῖς
1643 3010 1896 3080 ἐσχάτοις
1927 3010 2088 3062 αὑτὸν

417 3097 604 3152 λοιπὸν
648 3097 939 3168 περιέϐαλε
976 3100 1188 3164 κακοῖς,
1224 3099 1290 3152 ἵν’
1321 3099 1510 3170 ἐπειδὴ
1533 3101 1646 3162 τοῖς
1679 3099 1884 3169 ἐτέρων
1925 3097 2088 3163 αὐτὸς

420 3185 854 3256 σωφρονισθῆναι
909 3187 1010 3240 οὑκ
1059 3185 1358 3256 ἠνέσχετο,
1417 3185 1529 3248 τοῖς
1581 3183 1743 3239 αὐτοῦ
1801 3185 2088 3256 παθήμασι

419 3272 681 3340 γένωνται
727 3272 970 3344 βελτίους
1020 3273 1217 3344 ἕτεροι,
1253 3274 1309 3325 Ὀ
1346 3273 1454 3344 γὰρ
1502 3271 1766 3336 τοσαύτας
1819 3273 2090 3344 μυριάδας

421 3361 768 3432 στρατιωτῶν
802 3361 1155 3428 καταγαγὼν,
1205 3362 1336 3426 ὅσας
1374 3361 1548 3424 οὐδεὶς
1593 3361 1701 3414 τῶν
1734 3347 2090 3432 βασιλευσάν-

417 3466 526 3500 των
543 3448 692 3510 ποτὲ,
723 3448 815 3502 καὶ
851 3449 1028 3500 πᾶσαν
1045 3447 1142 3520 τὴν
1169 3449 1392 3518 Περσῶν
1437 3448 1496 3513 ἐξ
1519 3449 1818 3520 ἐπιδρομῆς
1849 3450 1944 3504 καὶ
1959 3451 2092 3504 ἀπο-

417 3536 541 3608 νητὶ
563 3536 938 3608 προσδοκήσας
972 3535 1134 3599 ἐλεῖν,
1167 3535 1317 3607 [576]
1337 3535 1508 3600 οὕτως
1535 3537 1733 3600 ἀθλίως
1769 3537 1972 3608 ἔπραξε
1997 3539 2090 3592 καὶ

419 3625 689 3688 ἐλεεινῶς,
724 3624 800 3687 ὡς
843 3625 1116 3693 γυναικῶν
1155 3624 1356 3696 μᾶλλον
1401 3625 1497 3680 καὶ
1541 3625 1768 3680 παιδίων
1807 3627 2019 3698 μικρῶν
2051 3629 2085 3698 ἦ

419 3711 630 3781 ἀνδρῶν
659 3712 1020 3783 στρατόπεδον
1047 3713 1186 3783 έχων
1217 3713 1332 3783 μεθ’
1357 3712 1575 3768 ἑαυτοῦ.
1599 3714 1824 3786 Πρῶτον
1852 3715 1949 3784 μὲν
1980 3715 2086 3788 γάρ

421 3802 501 3864 εἰς
529 3800 800 3872 τοσαύτην
829 3801 1027 3863 αὐτοὺς
1061 3802 1306 3871 ἀνάγκην
1335 3801 1440 3855 ὑπὸ
1471 3801 1572 3872 τῆς
1601 3803 1806 3865 οἰκείας
1831 3803 2088 3867 ἀϐουλίας

421 3887 780 3958 κατέστησεν,
814 3887 956 3940 ὥστε
1009 3888 1242 3942 ἱππείων
1297 3889 1710 3957 ἀπογεύσασθαι
1757 3889 1960 3961 κρεῶν,
1995 3893 2089 3946 καὶ⁴

417 3977 544 4039 τοὺς
579 3977 679 4046 μὲν
710 3976 788 4047 τῷ
822 3976 983 4048 λιμῷ,
1010 3979 1137 4038 τοὺς
1165 3978 1222 4031 δέ
1247 3978 1326 4049 τῷ
1353 3979 1493 4047 δίψει
1530 3977 1929 4048 διαφθαρέντας
1953 3980 2089 4032 ἀπο-

419 4064 624 4116 θανεῖν.
654 4063 924 4136 Καθάπερ
953 4065 1062 4136 γάρ
1080 4069 1191 4130 τοῖς
1223 4065 1464 4138 Πέρσαις
1496 4067 1839 4139 στρατηγῶν,
1873 4068 1970 4122 καὶ
1987 4069 2090 4121 οὐκ

418 4151 660 4216 ἐκείνους
701 4151 842 4207 ἑλεῖν
868 4193 886 4216 ι
937 4153 1072 4208 ἀλλά
1115 4156 1243 4218 τοὺς
1287 4155 1518 4218 οἰκείους
1559 4156 1744 4221 αὐτοῖς
1795 4155 2088 4229 προδοῦναι

419 4239 755 4306 σπουδάζων,
785 4241 961 4304 οὕτως
991 4243 1187 4306 αὐτοὺς
1217 4243 1296 4306 είς
1321 4243 1497 4314 χωρία
1521 4245 1864 4299 συνέκλεισεν
1887 4246 2086 4315 ἄπορα,

419 4329 511 4381 καὶ
543 4328 701 4398 μόνον
725 4329 846 4398 οὐχὶ
869 4329 1042 4400 δήσας
1073 4331 1412 4402 παρέδωκεν.
1453 4331 1618 4386 Ἀλλά
1645 4333 1830 4397 πάσας
1867 4334 1966 4404 μὲν
1989 4331 2086 4398 τάς

419 4416 537 4466 ἐκεῖ
563 4415 861 4484 γενομένας
912 4418 1235 4490 συμφορὰς,
1287 4418 1410 4472 οὔτε
1431 4420 1540 4472 τῶν
1597 4419 1812 4473 ἰδόντων
1857 4438 1943 4484 τις
1991 4421 2087 4473 καὶ

419 4504 614 4574 πεῖραν
648 4503 947 4577 εἰληφότων
989 4505 1276 4575 δυνήσεται
1316 4507 1565 4560 διελθεῖν·
1598 4506 1742 4560 οὕτω
1771 4509 1951 4561 πᾶσαν
1977 4509 2085 4561 ἀπ-

418 4589 656 4660 έκρυψεν
683 4591 712 4632 δ
743 4589 1069 4663 ὑπερϐολήν·
1098 4590 1174 4655 ὡς
1197 4591 1252 4645 δέ
1274 4594 1332 4645 ἐν
1363 4593 1642 4664 κεφαλαίῳ
1666 4597 1860 4657 εἰπεῖν,
1893 4591 2088 4648 πεσόν-

415 4694 508 4740 τος
533 4675 697 4732 αὐτοῦ
727 4675 969 4748 αἰσχρῶς
1003 4678 1094 4730 καὶ
1129 4677 1378 4742 ἐλεεινῶς
1399 4697 1412 4709 ’
1460 4679 1510 4731 οί
1545 4680 1643 4749 μὲν
1675 4680 1786 4751 γάρ
1816 4680 1920 4734 ὑπό
1939 4697 2086 4744 τινος

418 4765 525 4819 τῶν
572 4767 916 4838 σκευοφόρων
972 4769 1084 4830 τοῖς
1125 4763 1358 4838 παροῦσι
1399 4765 1920 4837 δυσανασχετοῦντος
1953 4767 2086 4840 βλη-

417 4853 580 4908 θέντα
625 4853 918 4908 ἀποθανεῖν
969 4855 1132 4908 αύτόν
1166 4872 1349 4924 φασιν·
1394 4857 1441 4908 οί
1485 4855 1568 4918 δὲ,
1612 4856 1732 4910 ούδέ
1773 4857 1968 4911 εἰδέναι
1995 4858 2084 4912 τὸν

419 4943 636 5011 σφαγέα
660 4943 752 4997 τὸν
781 4943 993 4999 ἐκείνου
1021 4943 1292 5014 λέγουσιν,
1317 4943 1433 5000 ἀλλ’
1462 4945 1542 4998 ὅτι
1571 4945 1732 5016 μόνον
1757 4946 1970 5018 ἐπλήγη
1993 4949 2085 5001 καὶ

416 5029 790 5099 παρεκάλεσεν
830 5034 912 5096 εἰς
949 5031 1050 5102 τὴν
1092 5033 1332 5086 Κιλίκων
1369 5035 1606 5103 ταφῆναι
1637 5033 1774 5104 γῆν,
1823 5033 1950 5087 ἔνθα
1993 5037 2086 5088 καὶ

417 5120 592 5172 κεῖται
634 5118 749 5173 νῦν.
793 5121 1055 5186 [Ιεσόντος
1099 5121 1164 5194 δὴ
1197 5119 1288 5178 οῦν
1336 5121 1507 5187 οῦτως
1550 5123 1816 5196 αἰσχρῶς,
1853 5123 2086 5196 ὁρῶντες

415 5209 474 5260 ἐν
495 5208 744 5279 ἐσχάτοις
791 5211 990 5274 αὐτοὺς
1039 5210 1196 5276 ὄντας
1243 5213 1294 5266 οἰ
1329 5211 1680 5284 στρατιῶται,
1741 5212 2083 5284 προσέπεσον

413 5297 528 5359 τοῖς
579 5295 826 5367 ἐχθροῖς,
879 5298 972 5352 καὶ
1035 5297 1216 5362 δόντες
1257 5300 1455 5370 ὅρκους
1525 5299 1930 5371 ἀποστήσεσθαι
1987 5299 2081 5351 τοῦ

415 5382 635 5438 πάντων
665 5384 1076 5454 ἀσφαλεστάτου
1104 5387 1364 5456 φρουρίου
1391 5395 1440 5450 ο,
1472 5387 1568 5440 καὶ
1597 5387 1628 5439 ὃ
1659 5386 1759 5457 τῆς
1783 5385 1905 5438 καθ’
1937 5388 2083 5458 ήμᾶς

414 5470 736 5542 οἰκουμένης
767 5471 956 5542 ῶσπερ
985 5475 1162 5543 τεῖχος
1190 5467 1258 5543 ἢν
1291 5473 1554 5544 ἀρραγές,
1589 5471 1988 5544 φιλανθρώπων
2023 5489 2081 5526 τε

413 5555 668 5628 τυχόντες
700 5558 809 5611 τῶν
839 5559 1148 5631 βαρϐάρων,
1193 5557 1336 5612 οὕτω
1375 5559 1628 5628 διέφυγον
1664 5561 1758 5613 καὶ
1783 5559 2083 5629 ἐπανῆλθον

415 5643 482 5694 ἐκ
507 5643 714 5697 πολλῶν
753 5646 944 5716 ὀλίγοι,
991 5649 1086 5702 καὶ
1133 5648 1287 5702 αὐτοὶ
1331 5647 1698 5718 πεπονηκότες
1731 5647 1799 5702 τὰ
1831 5647 2078 5718 σώματα,

481 5749 609 5817 fSic
635 5751 784 5817 Sayil.
813 5759 866 5800 el
889 5767 1004 5802 mss.
1041 5755 1210 5804 Morel.
1241 5768 1356 5804 vero
1373 5754 1434 5804 τὰ
1459 5755 1648 5817 τέρατα.

481 5805 509 5878 ξ
528 5812 831 5878 ἰηρςειιιιίιιιιι-
841 5829 1038 5873 prorsus
1061 5830 1080 5862 ι
1093 5818 1252 5866 idetur
1271 5805 1559 5878 ἀπέκρυψαν.

481 5875 502 5894 "
525 5872 676 5942 Sam.
713 5880 777 5942 οἰ,
803 5872 898 5923 diu)
923 5889 1033 5924 mss.
1068 5872 1427 5940 ἀσφαλεστάτου
1462 5872 1699 5942 φρουρίου,
1730 5879 1882 5931 Murel
1927 5881 2081 5942 ἀσφα-

415 5927 644 5980 λεστάτου
661 5935 855 5994 χωρίου.

1151 371 1158 384 ι
1241 339 1300 396 S.
1335 337 1618 394 JOANNIS
1653 338 2143 396 CHRYSOSTOMI
2181 340 2506 396 ARCHIEP.
2547 339 3100 402 CONSTANTINUP.

3751 338 3854 392 570

2189 443 2566 514 αἰσχυνόμενοι
2605 445 2704 516 μὲν
2733 447 2819 516 ἐφ’
2849 440 2932 510 οἷς
2971 446 3278 512 συνέθεντο,
3323 448 3762 523 ἀναγκαζόμενοι
3800 453 3856 508 δέ

2185 530 2274 584 διά
2299 531 2426 595 τοὺς
2449 532 2646 602 ὅρκους
2671 533 2977 604 ἀποστῆναι
3005 533 3114 588 τῶν
3141 537 3428 607 πατρικῶν
3451 541 3751 610 κτημάτων
3769 541 3858 596 αὑ-

2185 622 2318 683 τοῖς.
2371 621 2480 674 Καὶ
2525 616 2593 691 ἦν
2651 621 2779 674 ἰδεῖν
2829 623 3014 694 πάσης
3063 625 3442 696 αἰχμαλωσίας
3499 627 3864 698 ἐλεεινότερον

2185 706 2390 777 θέαμα·
2437 709 2486 761 οἱ
2517 707 2627 782 γὰρ
2671 711 2772 782 τὴν
2829 710 2981 765 πόλιν
3015 711 3291 778 οἰκοῦντες
3325 715 3560 786 ἐκείνην,
3621 719 3752 787 παρ’
3785 712 3860 772 ὧν

2185 794 2418 864 χάριτας
2468 795 2876 867 προσεδόκησαν
2923 796 3222 868 λήψεσθαι,
3277 801 3360 853 ὅτι
3407 801 3562 873 δίκην
3595 803 3860 872 προϐόλου

2187 882 2399 946 πάντας
2427 883 2554 947 τοὺς
2586 883 2734 937 ἔνδον
2765 885 2824 939 ἐν
2849 884 3030 956 λιμένι
3057 887 3421 959 κατέστησαν,
3469 891 3594 943 ἀντὶ
3641 892 3860 946 πάντων

2191 971 2326 1040 πρὸς
2357 971 2564 1036 πάντας
2602 972 2756 1025 αὐτοὶ
2789 973 3224 1044 προϐεϐλημένοι
3258 977 3387 1040 τοὺς
3425 977 3709 1040 κινδύνους
3739 981 3860 1046 ἀεὶ,

2190 1058 2344 1129 παρά
2367 1060 2570 1114 τούτων
2597 1060 2664 1114 τὰ
2690 1059 2800 1114 τῶν
2840 1061 3114 1132 πολεμίων
3141 1063 3378 1136 ἔπασχον
3397 1107 3410 1130 ,
3456 1067 3534 1128 εἰς
3573 1065 3865 1139 ἀλλοτρίαν

2193 1149 2648 1220 μετανιστάμενοι
2695 1152 2818 1222 γῆν,
2857 1153 2953 1205 καὶ
2995 1153 3172 1217 οἰκίας
3203 1155 3433 1223 ἀφέντες
3479 1157 3574 1208 καὶ
3625 1159 3862 1228 ἀγροὺς,

2191 1239 2288 1290 καὶ
2319 1238 2536 1292 πάντων
2551 1238 2659 1292 τῶν
2685 1240 2980 1311 κτημάτων
3009 1241 3399 1314 ἀποσπώμενοι
3421 1243 3445 1282 ἀ
3473 1243 3582 1298 τῶν
3607 1261 3866 1316 προγονι-

2191 1325 2322 1385 κῶν,
2349 1328 2445 1380 καὶ
2467 1327 2638 1381 ταῦτα
2667 1328 2772 1381 ὑπὸ
2791 1328 2899 1382 τῶν
2937 1330 3152 1384 οἰκείων
3181 1331 3597 1402 ὑπομείναντες.
3621 1333 3866 1388 Τοιαῦτα

2189 1413 2283 1467 τοῦ
2335 1415 2580 1483 γενναίου
2625 1414 2893 1485 βασιλέως
2937 1417 3409 1490 ἀπολελαύκαμεν.
3442 1421 3630 1475 Ταῦτα
3665 1422 3724 1474 δὲ
3771 1422 3867 1492 οὐχ

2189 1504 2380 1568 ἅπλῶς
2405 1505 2643 1578 εἴρηται,
2679 1507 2793 1560 ἀλλ’
2831 1507 2972 1562 ὥστε
2997 1507 3161 1563 λῦσαι
3199 1509 3298 1580 τὴν
3327 1510 3720 1582 ἀπορίαν’τῶν
3763 1511 3868 1580 ζη-

2187 1593 2448 1656 τούντων,
2474 1594 2528 1648 τί
2564 1595 2763 1666 δήποτε
2793 1596 2867 1667 μὴ
2899 1597 2992 1650 τὸν
3023 1597 3248 1667 βασιλέα
3274 1598 3532 1652 ἐκόλασεν
3557 1600 3617 1666 ἐξ
3641 1600 3820 1670 ἀρχῆς
3839 1611 3868 1640 ο

2191 1685 2220 1736 ὁ
2255 1681 2418 1746 Θεός;
2463 1681 2758 1754 Ἐδουλήθη
2795 1684 2895 1754 μὲν
2934 1685 3043 1756 γὰρ
3083 1685 3244 1738 αὑτὸν
3271 1684 3548 1740 λυττῶντα
3601 1688 3868 1752 πολλάκις

2191 1769 2498 1822 ἀναστεῖλαι
2537 1769 2638 1839 τῆς
2669 1771 2752 1833 εἰς
2781 1771 2843 1823 τὸ
2892 1771 3080 1843 πρόσω
3109 1773 3314 1842 φορᾶς,
3359 1775 3455 1826 καὶ
3497 1775 3610 1836 τοῖς
3657 1775 3872 1844 ἐτέρων

2189 1855 2479 1927 διορθῶσαι
2518 1859 2731 1922 κακοῖς·
2766 1858 2955 1930 ἐπειδὴ
2989 1859 3044 1912 δὲ
3075 1861 3376 1924 ἀντέτεινε,
3409 1861 3730 1933 παρέδωκεν
3763 1865 3868 1916 αῦ-

2189 1945 2282 1997 τδν
2303 1947 2417 2007 τοῖς
2442 1947 2692 2015 ἐσχάτοις
2713 1949 2923 2010 κακοῖς,
2955 1946 3053 2017 τὴν
3083 1947 3182 2018 μὲν
3215 1949 3392 2018 ἀληθῆ
3415 1949 3524 2002 τῶν
3551 1947 3721 2002 αὐτοῦ
3750 1949 3870 2001 τολ-

2194 2032 2462 2104 μημάτων
2511 2033 2779 2088 ἀντίδοσιν
2824 2034 2966 2088 κατὰ
3010 2035 3110 2106 τὴν
3165 2035 3409 2108 μεγάλην
3463 2038 3868 2108 ταμιευόμενος

2189 2121 2424 2193 ἡμέραν,
2450 2123 2544 2175 καὶ
2573 2121 2661 2176 διὰ
2680 2122 2781 2193 τῆς
2813 2121 3095 2194 παρούσης
3117 2124 3175 2178 δὲ
3204 2124 3481 2188 κολάσεως
3497 2129 3626 2190 τοὺς
3656 2127 3868 2180 ύπτιω-

2190 2209 2381 2280 τέρους
2409 2207 2707 2272 διανιστάς.
2747 2211 2840 2264 καὶ
2879 2211 3355 2284 σωφρονεστέρους
3385 2213 3577 2267 ποιῶν.
3618 2215 3866 2288 Τοιαύτη

2190 2297 2356 2369 γάρή
2395 2297 2490 2350 τοῦ
2532 2297 2668 2350 Θεοῦ
2707 2298 3058 2369 μακροθυμία
3099 2301 3213 2362 τοῖς
3245 2301 3346 2353 οὐκ
3381 2302 3460 2365 είς
3484 2301 3603 2354 δέον
3633 2305 3863 2374 χρωμέ-

2190 2402 2302 2449 νοις
2329 2387 2465 2457 αὐτῇ
2490 2385 2824 2458 πικροτέραν
2858 2387 2996 2458 πρὸς
3032 2387 3095 2440 τδ
3124 2387 3276 2450 τέλος
3318 2389 3515 2458 ἐπάγει
3543 2391 3644 2462 τὴν
3671 2391 3864 2460 δίκην·

2189 2477 2283 2528 καὶ
2305 2474 2559 2545 καθάπερ
2591 2477 2704 2538 τοῖς
2733 2474 3086 2545 μετανοοῦσιν
3125 2475 3430 2548 ὠφέλιμος,
3461 2477 3606 2531 οὕτω
3629 2480 3728 2530 καὶ
3753 2483 3868 2541 τοῖς

2192 2563 2501 2626 ἀνενδότοις
2553 2563 2647 2616 καί¹
2697 2563 2953 2636 σκληροῖς
3007 2563 3274 2634 μειζόνων
3319 2566 3528 2633 γίνεται
3585 2566 3869 2620 κολάσεων

2190 2651 2482 2722 πρόφασις.
2515 2653 2576 2704 Εί
2597 2651 2654 2704 δὲ
2675 2651 2822 2714 λέγοι
2853 2669 2960 2714 τιςο
2993 2651 3061 2704 Τί
3084 2647 3178 2704 οῦν
3206 2652 3265 2705 οὐ
3302 2653 3523 2724 προῄδει
3550 2654 3644 2706 τὸν
3663 2652 3872 2724 τύραν-

2190 2756 2278 2792 νον
2307 2738 2629 2810 ἀδιόρθωτον
2659 2739 2918 2810 ἐσόμενον
2943 2739 2972 2792 δ
2997 2738 3166 2804 Θεός;
3219 2739 3471 2814 ἐροῦμεν,
3505 2741 3590 2794 ὅτι
3635 2741 3870 2814 προῄδει

2195 2829 2313 2900 μὲν,
2363 2828 2478 2881 ἀλλ’
2525 2827 2782 2882 οὐδέποτε
2831 2827 3066 2882 παύεται
3117 2828 3206 2882 διά
3253 2829 3355 2900 τήν
3403 2828 3720 2900 πρόγνωσιν
3765 2831 3870 2898 τῆς

2190 2915 2464 2988 ἡμετέρας
2491 2915 2692 2980 κακίας
2733 2917 2802 2970 τὰ
2841 2915 3007 2969 αὑτοῦ
3044 2917 3250 2970 ποιῶν·
3282 2916 3419 2970 ἀλλὰ
3449 2917 3552 2970 κάν
3590 2919 3756 2988 ἡμεῖς
3789 2918 3875 2990 μὴ

2187 3002 2475 3074 δεχώμεθα
2497 3002 2596 3075 τὴν
2623 3003 2933 3066 νουθεσίαν,
2969 3003 3134 3067 αὐτὸς
3163 3004 3263 3076 τὴν
3294 3003 3708 3072 φιλανθρωπίαν
3739 3007 3872 3058 ἐτα-

2187 3091 2460 3145 δείκνυται
2481 3091 2582 3163 τὴν
2623 3091 2839 3146 ἐαυτοῦ.
2872 3093 2936 3146 Εἰ
2967 3091 3024 3144 δὲ
3063 3093 3144 3156 εἰς
3181 3090 3404 3162 μείζονα
3437 3091 3594 3164 L577]
3633 3094 3870 3156 ἑαυτοὺς

2187 3179 2438 3250 ὠθοῦμεν
2467 3178 2634 3243 κακὰ,
2675 3179 2861 3234 οὐκέτι
2899 3177 3062 3233 τοῦτο
3091 3181 3219 3250 παρ’
3243 3179 3409 3234 αὑτὸν
3436 3179 3483 3242 ί,
3510 3181 3570 3232 οὺ
3595 3179 3682 3232 διὰ
3707 3181 3874 3233 τοῦτο

2193 3273 2715 3344 μακροθυμήσαντα,
2767 3273 2854 3325 ἵνα
2880 3269 3244 3341 ἀπολώμεθα,
3291 3269 3407 3324 ἀλλ’
3437 3271 3526 3322 ἴνα
3571 3269 3872 3341 σωθῶμεν,

2189 3360 2325 3414 ἀλλά
2349 3362 2476 3432 παρ’
2505 3362 2654 3431 ήμᾶς
2677 3362 2803 3424 τοὺς
2834 3358 3230 3431 ἐξυδρίσαντας
3261 3361 3341 3422 είς
3369 3357 3470 3430 τὴν
3505 3361 3712 3427 ἄφατον
3745 3361 3812 3412 ἀν
3847 3391 3876 3400 -

2190 3447 2474 3513 εξικακίαν
2523 3447 2711 3502 αὑτοῦ.
2766 3447 2876 3502 Καὶ
2923 3447 3064 3500 οὕτω
3090 3447 3146 3500 δὲ
3195 3447 3296 3517 τῆς
3337 3447 3746 3519 φιλανθρωπίας
3805 3449 3874 3500 τὺ

2189 3537 2416 3608 ἄπειρον
2441 3535 2739 3591 δείκνυται.
2777 3535 2946 3590 Ὅταν
2971 3535 3080 3604 γὰρ
3113 3534 3189 3606 μὴ
3220 3533 3538 3606 θελήσωμεν
3575 3535 3733 3587 αὐτοὶ
3763 3534 3873 3604 τῆς

2191 3624 2392 3695 πολλῆς
2419 3623 2584 3678 αὑτοῦ
2615 3623 2996 3694 μακροθυμίας
3017 3621 3354 3686 ἀπόνασθαι,
3393 3622 3514 3674 τότε
3541 3623 3622 3684 εἰς
3655 3621 3720 3674 τὸ
3755 3623 3872 3674 ἑτέ-

2191 3729 2301 3785 ρων
2335 3715 2360 3752 8
2391 3711 2561 3782 αὐτὴν
2591 3711 2782 3783 τρέπει
2817 3710 3028 3781 κέρδος,
3069 3710 3346 3780 πανταχοῦ
3385 3709 3446 3762 τό
3477 3726 3536 3760 τε
3564 3708 3874 3780 φιλάνθρω-

2191 3819 2291 3854 πον
2317 3799 2453 3871 όμοῦ
2482 3801 2578 3854 καὶ
2616 3799 2678 3854 τὸ
2719 3799 3027 3869 εὐμήχανον
3071 3796 3412 3857 ἐπιδεικνύς·
3443 3797 3580 3868 ὅπερ
3613 3797 3711 3849 καὶ
3739 3797 3866 3849 τότε

2188 3889 2401 3959 γέγονε.
2437 3890 2548 3943 Καὶ
2587 3891 2618 3942 ό
2656 3889 2758 3960 μὲν
2795 3887 3056 3958 τύραννος
3091 3885 3234 3940 οὕτω
3275 3886 3368 3939 τὸν
3409 3885 3524 3956 βίον
3565 3886 3860 3950 κατέλυσε,

2187 3978 2291 4046 τῆς
2316 3977 2372 4031 δὲ
2402 3978 2598 4048 μανίας
2631 3976 2817 4042 αὐτοῦ,
2855 3977 2947 4030 καὶ
2987 3974 3089 4046 τῆς
3127 3974 3413 4044 δυνάμεως
3453 3973 3547 4026 τοῦ
3583 3975 3864 4045 μακαρίου

2191 4065 2440 4131 Βαϐύλα,
2493 4065 2723 4136 ἕστηκεν
2754 4065 3121 4134 ὑπομνήματα
3165 4064 3198 4116 ὃ
3232 4079 3292 4114 τε
3323 4061 3458 4125 νεὼ-ς
3491 4063 3584 4115 καὶ
3615 4062 3675 4114 τὸ
3717 4079 3866 4133 μαρ-

2189 4155 2394 4226 τύριον,
2421 4156 2450 4208 ό
2473 4155 2570 4223 μὲν
2599 4153 2801 4224 ἔρημος
2827 4151 2922 4216 ὢν,
2946 4151 3007 4204 τὸ
3034 4151 3090 4204 δέ
3115 4150 3212 4222 τὴν
3241 4150 3412 4220 αὐτὴν
3433 4149 3554 4219 ἔχον
3577 4150 3867 4220 ἐνέργειαν

2188 4245 2368 4315 ἥνπερ
2399 4243 2495 4296 καὶ
2534 4243 2822 4314 πρότερον.
2871 4242 2936 4294 Ἦ
2975 4240 3031 4294 δέ
3063 4239 3268 4311 λάρναξ
3301 4237 3488 4292 οὐκέτι
3536 4237 3698 4290 πάλιν
3727 4239 3866 4292 ἀνά-

2189 4349 2366 4402 γεται,
2397 4331 2486 4385 τοῦ
2533 4329 2668 4384 Θεοῦ
2699 4331 2790 4384 καὶ
2821 4329 2978 4382 τοῦτο
3017 4329 3472 4398 οἰκονομήσαντος
3491 4365 3506 4389 ,
3547 4327 3633 4378 ῖνα
3663 4343 3868 4398 τρανο-

2189 4421 2323 4494 τέρα
2343 4423 2455 4484 τοῖς
2485 4419 2882 4489 ἐπιγινομένοις
2919 4417 3142 4488 γένηται
3179 4417 3294 4470 τῶν
3325 4414 3418 4468 τοῦ
3453 4413 3610 4483 ἁγίου
3661 4433 3866 4484 κατορο

2191 4510 2456 4580 θωμάτων
2501 4511 2534 4579 ή
2579 4507 2800 4576 γνῶσις.
2839 4505 3108 4570 Ἕκαστος
3155 4505 3264 4576 γάρ
3315 4503 3424 4557 τῶν
3475 4503 3534 4569 ἐξ
3569 4503 3864 4574 ἀλλοτρίας

2185 4600 2429 4670 ¹ἡκόντων
2451 4596 2814 4668 ἐφιστάμενος
2835 4595 2916 4664 τῷ
2943 4594 3115 4664 τόπῳ,
3139 4593 3348 4646 καὶτὸν
3369 4593 3624 4664 μάρτυρα
3655 4591 3860 4662 ζητῶν,

2187 4684 2305 4740 εἶτα
2333 4688 2433 4758 οὐχ
2463 4685 2606 4758 ὁρῶν
2644 4687 2782 4744 ἐκεῖ.
2823 4683 3027 4744 εὐθέως
3055 4683 3150 4735 ἐπί
3185 4683 3248 4734 τὸ
3281 4679 3514 4751 ζητῆσαι
3543 4680 3642 4750 τὴν
3675 4681 3872 4734 αἰτίαν

2187 4777 2426 4848 ἔρχεται,
2456 4777 2550 4828 καὶ
2577 4773 2722 4828 οὕτω
2751 4775 2932 4827 πᾶσαν
2959 4772 3060 4843 τὴν
3095 4771 3334 4841 ἱστορίαν
3371 4769 3616 4833 ἀκούσας
3645 4769 3862 4836 ἄπεισι,

2188 4865 2350 4920 πλέον
2387 4864 2654 4936 κερδάνας
2681 4863 2715 4932 ἢ
2754 4862 3017 4933 πρότερον
3039 4875 3052 4888 ·
3089 4858 3236 4913 οὕτω
3275 4859 3370 4912 καὶ
3409 4859 3870 4929 παραγενόμενος

2184 4957 2250 5026 τῇ
2304 4955 2509 5026 Δάφνῃ,
2545 4951 2640 5005 καὶ
2683 4950 2846 5003 πάλιν
2882 4949 3052 5018 αὐτὴν
3093 4946 3476 5017 ἐγκαταλιπὼν
3507 4946 3580 4999 τά
3621 4947 3874 5018 μέγιστα,

2183 5041 2410 5110 ὀνίνησι.

2254 5131 2490 5202 Τοιαύτη
2522 5130 2690 5202 ήτῶν
2727 5127 3020 5201 μαρτύρων
3073 5129 3246 5198 ἰσχὺς,
3295 5127 3390 5178 καὶ
3445 5123 3702 5188 ζώντων,
3759 5127 3880 5180 καὶ

2187 5221 2582 5284 τελευτώντων,
2623 5218 2719 5270 καὶ
2749 5223 2934 5280 τόποις
2975 5214 3390 5285 ἐφισταμένων,
3431 5215 3524 5266 καὶ
3559 5212 3725 5266 πάλιν
3763 5216 3886 5267 αὖ-

2183 5311 2308 5371 τοὺς
2333 5307 2875 5376 καταλιμπανόντων.
2904 5305 3014 5358 Καὶ
3035 5303 3150 5374 γὰρ
3175 5303 3234 5367 ἐξ
3264 5301 3440 5374 ἀρχῆς
3477 5301 3640 5373 μέχρι
3665 5301 3890 5366 τέλους

2186 5397 2459 5468 συνῆπται
2496 5395 2563 5448 τά
2615 5392 3020 5465 κατορθώματα
3059 5393 3280 5463 συνεχῆ.
3316 5391 3460 5460 Ὅρα
3495 5389 3637 5460 γάρ,
3681 5389 3896 5459 ἡμυνε

2182 5487 2295 5548 τοῖς
2321 5483 2414 5537 τοῦ
2448 5482 2584 5536 Θεοῦ
2609 5483 2796 5552 νόμοις
2831 5480 3228 5552 ὑϐριζομένοις,
3259 5477 3448 5530 ἔλαθεν
3480 5477 3620 5547 ὑπὲρ
3647 5473 3744 5528 τοῦ
3779 5493 3902 5530 τε-

2181 5572 2570 5642 τελευτηκότος
2609 5569 2798 5640 δίκην,
2851 5569 2916 5641 ήν
2967 5567 3074 5620 ἔδει
3100 5586 3111 5596 ·
3168 5567 3368 5631 ἔδειξεν
3396 5567 3520 5618 ὅσον
3555 5563 3906 5638 ἱερωσύνης

2182 5661 2276 5712 καὶ
2307 5658 2585 5728 βασιλείας
2606 5658 2668 5710 τὸ
2693 5657 2880 5727 μέσον,
2911 5655 3176 5709 κατέλυσε
3201 5655 3377 5709 πάντα
3401 5653 3490 5707 τὸν
3517 5651 3612 5706 τοῦ
3643 5653 3900 5724 κόσμου

2243 5761 2268 5801 ἀ
2297 5765 2327 5811 Α
2338 5763 2388 5812 1ἰὶ
2409 5763 2747 5825 άποσχόμενοι.

2248 5827 2276 5898 θ’
2297 5825 2541 5898 Ιςιιῇιιπιιιζ
2566 5825 2779 5898 ἐξιάρχῆς
2799 5825 2957 5872 deest.

2259 5885 2276 5923 ί
2307 5889 2402 5935 Λίίί
2426 5889 2552 5948 παρὰ
2575 5889 2669 5934 τόν.

2253 5951 2276 5988 5
2312 5949 2460 5997 Sun].
2490 5956 2542 5997 Cl
2568 5963 2692 5998 unus
2715 5952 2778 6004 εἰς
2799 5949 2854 5996 το
2877 5950 2990 6012 ὑπὲρ
3016 5949 3200 6010 ἑτέρων,
