4044 6206
250 368 362 426 569

245 668 525 723 videbatur
546 707 562 733 ,
611 667 753 723 unde
782 669 930 738 prius
961 669 1208 724 confecto
1237 671 1473 736 minore,
1516 680 1644 728 tunc
1671 673 1844 742 majus

245 759 348 813 hoc
376 757 475 812 sibi
503 758 902 828 suscipiendum
929 774 1050 815 esse
1077 761 1316 830 putabat.
1345 761 1472 817 Herc
1499 777 1662 832 porro
1680 763 1836 818 nobis

246 849 622 905 renuntiarunt
650 851 707 917 ii,
731 851 820 922 qui
855 851 952 921 ipsi
981 868 1010 906 a
1042 853 1282 907 consiliis
1311 863 1486 909 erant.
1515 854 1710 910 Contra
1743 869 1844 910 nos

249 941 411 1010 igitur
445 939 629 998 furore
655 942 886 1008 ardens,
922 953 975 998 et
1003 943 1240 1014 quotidie
1263 943 1330 998 ad
1374 945 1632 1016 majorem
1667 945 1841 1012 elatus

242 1035 506 1090 insaniam
527 1077 542 1100 ,
576 1026 866 1106 numquam
897 1037 948 1090 in
975 1037 1161 1091 eadem
1188 1037 1452 1092 sententia
1483 1039 1836 1108 persistebat;

241 1125 334 1181 sed
383 1127 566 1196 priore
601 1127 827 1181 consilio
879 1127 1051 1196 posito
1081 1143 1265 1181 rursus
1292 1127 1444 1201 nobis
1472 1129 1843 1199 persequutio-

243 1233 366 1273 nem
392 1219 718 1274 minabatur.
768 1219 901 1274 Cum
929 1235 1056 1274 vero
1089 1221 1226 1275 Deus
1255 1221 1400 1275 illmn
1437 1237 1722 1288 coercere,
1754 1237 1842 1276 ar-

243 1309 568 1379 dentemque
609 1310 969 1378 comprimere
1009 1311 1208 1377 vellet,
1259 1312 1361 1367 hoc
1402 1311 1578 1368 denuo
1629 1314 1838 1384 signum

242 1401 469 1465 induxit,
507 1401 614 1472 igni
643 1402 695 1456 in
724 1401 979 1470 templum
1015 1403 1260 1472 Daphnes
1291 1404 1553 1458 immisso.

308 1493 403 1548 23.
438 1493 531 1548 Ille
553 1507 683 1548 vero
714 1509 782 1548 ne
805 1497 882 1548 sic
911 1493 1127 1563 quidem
1165 1485 1399 1549 furorem
1439 1496 1684 1558 sedavit,
1730 1496 1839 1550 imo

240 1585 422 1652 potius
448 1599 570 1639 cum
597 1585 674 1639 rei
709 1593 907 1639 nostra:
945 1585 1285 1640 devastanda:
1311 1587 1563 1656 cupidine
1593 1588 1834 1642 disrum-

241 1683 490 1744 peretur,
539 1691 608 1730 ne
631 1676 847 1746 quidem
875 1685 1084 1746 tempus
1103 1719 1117 1741 ,
1161 1677 1303 1748 quod
1330 1662 1706 1735 comminando
1736 1680 1837 1734 sibi

241 1770 618 1838 prmetituerat,
645 1771 1002 1840 exspectavit;
1031 1771 1124 1825 sed
1156 1770 1478 1842 Euphratem
1498 1771 1833 1840 trajecturus,

238 1859 303 1912 de
342 1858 606 1916 militibus
639 1860 1066 1929 experimentum
1097 1862 1338 1916 sumebat
1367 1879 1381 1916 :
1428 1877 1490 1918 ac
1518 1862 1835 1933 quibusdam

240 1965 466 2006 numero
523 1953 705 2022 paucis
756 1952 1063 2009 adulatione
1113 1956 1416 2024 corruptis,
1477 1966 1836 2027 repugnantes

238 2043 335 2098 sibi
385 2059 719 2113 nequaquam
773 2046 1012 2110 remisit,
1050 2047 1250 2100 veritus
1293 2063 1359 2101 ne
1405 2046 1450 2102 si
1495 2058 1717 2103 ceteros
1749 2062 1835 2102 se-

238 2146 510 2205 gregasset
532 2177 548 2204 ,
596 2136 908 2192 debiliorem
937 2146 1122 2192 contra
1158 2136 1348 2193 Persas
1380 2138 1678 2193 exercitum
1706 2139 1834 2195 red-

240 2227 413 2282 deret.
884 2285 892 2296 ,
1075 2283 1078 2287 .

301 2317 548 2373 Julianus
575 2319 629 2372 in
657 2318 864 2374 Persico
893 2318 1022 2374 bello
1049 2320 1196 2392 perit.
1243 2348 1316 2360 —
1344 2319 1474 2387 Quis
1519 2321 1672 2376 nobis
1715 2336 1834 2391 qua:

237 2411 360 2466 hinc
383 2421 714 2482 consequuta
743 2423 867 2468 sunt
893 2421 1207 2480 recenseat,
1245 2412 1402 2484 longe
1426 2415 1740 2470 terribiliora
1766 2414 1834 2468 iis

234 2521 349 2574 quae
382 2506 435 2558 in
460 2505 675 2561 deserto
705 2547 719 2573 ,
763 2521 882 2576 quae
910 2507 963 2560 in
994 2507 1148 2572 mari,
1197 2523 1316 2576 qua:
1346 2507 1397 2561 in
1427 2507 1662 2580 Egypto
1683 2551 1696 2574 ,
1724 2524 1830 2579 quo

236 2607 481 2665 tempore
510 2597 786 2650 induratus
816 2598 904 2652 illc
921 2597 1131 2652 Pharao
1155 2598 1506 2668 plectebatur,
1535 2615 1830 2676 omnesque

232 2690 318 2743 alii
335 2691 816 2760 submergebantur
833 2693 858 2743 ‘I
883 2692 1337 2760 Quemadmodum
1363 2696 1502 2750 enim
1529 2705 1672 2764 tunc,
1693 2706 1831 2768 post-

231 2799 391 2851 quam
426 2784 588 2838 nullis
627 2784 930 2852 hujusmodi
959 2786 1354 2841 calamitatibus
1379 2787 1573 2844 cedere
1599 2829 1612 2851 ,
1656 2804 1828 2859 neque

233 2876 552 2945 resipiscere
581 2877 744 2932 voluit
784 2877 1096 2948 Egyptius,
1128 2879 1338 2935 tandem
1368 2880 1512 2935 illum
1543 2881 1682 2937 Deus
1703 2896 1825 2937 cum

232 2969 440 3036 reliquo
470 2969 705 3024 exercitu
736 2971 963 3039 perdidit
996 2988 1008 3023 :
1043 2971 1113 3025 ita
1139 2981 1193 3026 et
1221 2988 1364 3027 nunc
1387 3013 1405 3040 ,
1439 2984 1718 3042 postquam
1757 2974 1824 3029 ad

230 3062 408 3114 omnia
437 3061 532 3116 Dei
561 3062 801 3134 prodigia
825 3062 1162 3134 impudenter
1189 3065 1276 3118 ille
1297 3065 1555 3131 constitit,
1585 3065 1825 3136 nihilque

231 3151 356 3208 lude
397 3152 530 3208 lucri
581 3153 850 3224 percepit,
899 3154 994 3208 sed
1042 3155 1158 3208 sine
1187 3155 1566 3210 emendatione
1606 3157 1820 3218 mansit,

229 3246 490 3299 extremis
520 3244 665 3300 illum
716 3247 854 3301 Deus
879 3246 1034 3301 malis
1060 3243 1274 3302 involvit
1300 3288 1314 3313 ,
1357 3257 1444 3313 ut,
1489 3249 1824 3319 quandoqui-

230 3333 351 3389 dem
386 3336 477 3390 ille
509 3337 734 3391 aliorum
765 3337 1154 3394 calamitatibus
1189 3338 1256 3393 ad
1296 3339 1570 3394 meliorem
1615 3341 1820 3411 frugem

229 3425 416 3480 reduci
448 3428 709 3492 noluerat,
737 3427 852 3497 ejus
877 3429 1040 3483 exitio
1063 3430 1242 3485 caeteri
1263 3431 1693 3487 emendarentur.
1722 3433 1822 3498 Qui

230 3517 376 3570 enim
422 3526 502 3570 tot
546 3517 776 3571 militum
825 3519 1090 3590 myriadas
1135 3521 1422 3587 eduxerat,
1468 3533 1596 3592 quot
1644 3523 1823 3579 nullus

228 3615 388 3662 antea
415 3611 824 3679 lmperatorum,
857 3621 1127 3682 totamque
1153 3612 1426 3668 Persidem
1455 3615 1668 3669 incursu
1686 3632 1814 3685 quo-

229 3700 352 3754 dam
382 3710 440 3754 et
469 3702 585 3756 sine
612 3701 808 3757 sudore
844 3717 903 3756 se
929 3712 1206 3774 capturum
1235 3706 1502 3774 sperabat,
1527 3708 1596 3759 ita
1628 3708 1823 3763 misere

229 3801 280 3844 et
309 3791 599 3847 infeliciter
622 3808 736 3847 rem
767 3794 951 3863 gessit,
983 3809 1046 3850 ac
1072 3795 1114 3850 si
1147 3797 1430 3850 mulierum
1460 3797 1540 3852 vel
1571 3798 1820 3866 parvulo-

231 3899 350 3937 rum
379 3885 557 3952 potius
577 3925 592 3950 ,
619 3901 778 3956 quam
810 3887 1042 3940 virorum
1073 3888 1366 3942 exercitum
1396 3903 1575 3944 secum
1602 3889 1820 3944 habuis-

230 3988 332 4032 set.
397 3977 635 4032 Primum
677 3995 908 4050 namque
936 3979 1057 4034 illos
1085 3981 1292 4035 consilii
1317 3981 1495 4051 inopia
1526 3982 1578 4034 in
1621 3991 1818 4036 tantam

232 4072 605 4126 necessitatem
631 4071 828 4142 adegit,
860 4081 916 4126 ut
943 4073 1151 4142 equinis
1173 4074 1427 4129 carnibus
1452 4084 1818 4140 vescerentur,

232 4172 283 4215 et
307 4163 399 4215 alii
431 4161 604 4229 fame,
641 4164 726 4216 alii
756 4163 842 4218 siti
865 4164 1165 4234 absumpti,
1197 4165 1452 4234 perirent.
1485 4164 1646 4231 Quasi
1676 4165 1818 4220 enim

233 4253 286 4308 in
321 4255 603 4309 Persarum
633 4257 855 4324 gratiam
897 4258 1188 4312 exercitum
1236 4272 1394 4328 agere
1417 4296 1435 4322 ,
1479 4271 1542 4313 ac
1569 4273 1674 4312 non
1700 4258 1820 4313 illos

231 4361 447 4416 capere,
487 4346 582 4401 sed
626 4362 750 4401 suos
781 4347 1006 4416 prodere
1035 4348 1236 4413 vellet,
1268 4349 1346 4403 sic
1375 4349 1427 4403 in
1452 4357 1674 4418 angusta
1704 4349 1817 4404 loca

230 4439 513 4496 conclusit.
539 4453 601 4493 ac
626 4449 827 4494 tantum
850 4455 955 4494 non
976 4438 1186 4496 vinctos
1203 4440 1338 4496 hosti
1371 4439 1605 4494 tradidit.
1620 4440 1819 4495 Omnes

230 4544 392 4598 porro
414 4545 534 4598 qua!
573 4529 680 4585 illic
704 4531 974 4602 contigere
1017 4531 1348 4588 calamitates
1367 4573 1384 4598 ,
1423 4547 1491 4588 ne
1514 4547 1580 4587 ex
1610 4531 1676 4586 iis
1703 4532 1821 4601 qui-

227 4621 374 4685 dem,
401 4622 492 4692 qui
523 4622 666 4677 illam
693 4622 939 4679 viderunt
965 4631 1020 4678 et
1048 4624 1252 4694 experti
1281 4633 1426 4687 sunt,
1458 4625 1634 4694 possit
1673 4625 1819 4694 quis-

227 4713 370 4780 piam
397 4727 716 4781 recensere,
759 4715 830 4768 ita
857 4729 1071 4770 omnem
1104 4715 1319 4770 modum
1346 4725 1682 4784 superarunt.
1712 4715 1816 4772 Sed

227 4814 284 4858 ut
309 4807 618 4860 summatim
649 4807 820 4862 dicam
845 4849 861 4873 ,
892 4808 1230 4880 illolturpitcr
1253 4823 1318 4862 ac
1343 4808 1538 4864 misere
1563 4818 1775 4863 mortuo
1800 4827 1812 4862 :

226 4899 317 4954 alii
341 4900 486 4954 enim
519 4899 703 4956 dicunt
743 4901 888 4956 illum
933 4917 962 4954 a
991 4901 1178 4958 calone
1223 4901 1489 4971 quodam,
1528 4900 1596 4956 de
1638 4917 1814 4955 rerum

223 5002 368 5046 statu
415 4993 744 5064 indignante,
801 5009 1110 5064 percussum
1159 4996 1457 5059 cecidisse;
1510 4995 1600 5049 alii
1655 4995 1817 5050 inter-

224 5083 485 5138 feciet-cm
515 5101 621 5140 non
669 5087 912 5147 novisse.
959 5087 1056 5142 sed
1103 5086 1473 5141 tantummodo
1503 5101 1814 5156 percussum

221 5175 411 5231 dicunt
453 5193 666 5248 rogasse
713 5189 768 5234 ut
813 5180 864 5234 in
912 5180 1095 5236 Cilicia
1127 5179 1485 5250 sepeliretur,
1537 5181 1625 5236 ubi
1674 5196 1816 5236 nunc

217 5266 367 5336 jacet
395 5283 556 5324 :cum
588 5270 764 5340 itaque
803 5272 882 5326 sic
907 5271 994 5327 ille
1017 5273 1241 5340 turpiter
1267 5272 1582 5335 cecidisset,
1616 5273 1816 5328 milites

219 5374 282 5413 se
310 5360 364 5413 in
389 5363 645 5416 extremis
672 5368 992 5418 constitutos
1030 5379 1151 5419 esse
1198 5374 1482 5419 cernentes
1507 5404 1522 5430 ,
1574 5364 1813 5418 hostibus

220 5450 495 5517 supplices
521 5452 782 5507 accedunt
807 5494 822 5517 ,
849 5453 1094 5524 datiSque
1114 5454 1450 5524 juratnt-ntis,
1487 5469 1545 5509 se
1573 5455 1812 5508 omnium

220 5541 584 5597 munitissimo
615 5545 862 5612 pncsidio
890 5560 1157 5609 cessuros,
1187 5546 1326 5615 quod
1352 5545 1576 5612 partium
1607 5555 1814 5600 nostra-

222 5647 346 5685 rum
390 5647 487 5688 ceu
538 5649 724 5692 murus
769 5646 886 5692 erat
936 5637 1391 5706 inexpugnabilis,
1445 5637 1812 5708 humanosque

225 5727 367 5780 uicti
399 5726 694 5794 barbaros,
744 5729 822 5784 sic
866 5739 1180 5793 evaserunt,
1226 5746 1290 5784 ex
1337 5729 1622 5798 multisque
1656 5730 1811 5801 pauci

227 5821 470 5889 mmigrat
489 5830 583 5877 unt
602 5862 618 5888 ,
655 5821 746 5878 sed
770 5820 972 5880 affectis
993 5822 1326 5894 corporibus,
1359 5822 1424 5882 de
1455 5823 1584 5880 inito
1611 5824 1810 5882 findere

1050 367 1138 424 DE
1179 371 1237 426 S.
1280 370 1576 441 BABYLA,
1614 371 1890 432 CONTRA
1929 376 2268 435 JULIANUM
2308 379 2398 436 ET
2435 381 2796 440 GENTILES.
3435 394 3539 448 570

248 482 481 552 lietque,
522 495 582 536 se
613 491 732 552 post
767 480 998 537 reditum
1035 498 1135 538 nos
1158 499 1348 540 omnes
1375 484 1609 540 funditus
1632 469 1857 542 deleto?

248 589 369 629 rum
410 589 552 630 esse.
609 573 723 629 lloc
749 574 948 646 quippe
994 575 1192 631 bellum
1239 577 1454 633 Persico
1489 578 1590 634 sibi
1633 579 1847 648 gravius

1957 488 2240 559 pudefacti,
2270 492 2751 564 perjusjurandum
2777 511 2906 551 vero
2930 498 3099 554 coacti
3122 501 3358 571 paternis
3384 501 3540 558 bouis

1954 581 2169 637 cedere.
2203 583 2502 654 Videreque
2545 596 2660 641 erat
2689 588 2874 658 quavis
2904 591 3211 658 captivitate
3257 592 3539 648 miserabi-

1953 673 2056 728 lius
2088 677 2447 745 spectaculnm
2483 694 2648 732 :nam
2675 679 2825 735 urbis
2867 680 3008 734 illius
3053 684 3234 751 cives,
3277 701 3307 738 a
3346 685 3540 755 quibus

1949 772 2171 841 gratiam
2193 773 2605 842 exspectabant,
2659 775 2799 844 quod
2833 776 3000 830 instar
3029 780 3408 849 prOpugnaculi
3444 797 3539 851 po-

1949 863 2036 915 siti
2067 877 2160 918 eos
2189 879 2398 930 omnes,
2428 865 2517 935 qui
2539 866 2672 920 intra
2702 866 2799 921 hos
2828 867 3024 922 limites
3052 882 3236 924 essent
3259 913 3273 936 ,
3297 872 3448 940 quasi
3485 872 3537 924 in

1951 963 2104 1022 portu
2134 956 2572 1022 constituissent,
2615 973 2712 1027 pro
2738 957 2985 1013 onmibus
3017 975 3231 1030 semper
3258 961 3324 1015 ad
3355 961 3536 1015 omnia

1951 1042 2182 1111 pericula
2205 1044 2420 1114 objecti,
2451 1048 2518 1100 ab
2547 1047 2732 1102 iisdem
2763 1048 2973 1102 hostilia
3003 1051 3144 1119 passi
3173 1059 3318 1116 sunt,
3348 1062 3402 1106 et
3431 1053 3531 1105 do-

1947 1133 2122 1190 mibus
2150 1137 2401 1193 cedentes
2430 1148 2484 1193 et
2509 1140 2648 1209 agris
2672 1182 2687 1206 ,
2713 1151 2766 1194 et
2794 1156 2820 1193 a
2847 1142 3080 1210 paternis
3107 1143 3534 1212 possessionibus

1944 1227 2115 1281 avulsi
2140 1268 2155 1292 ,
2187 1243 2288 1297 qua
2318 1229 2620 1286 calamitate
2645 1247 2674 1284 a
2703 1232 2814 1286 suis
2842 1233 3015 1288 affecti
3048 1245 3192 1289 sunt.
3240 1235 3393 1291 llunc
3435 1251 3532 1292 nos

1946 1318 2173 1373 fructum
2195 1323 2261 1374 ab
2286 1323 2498 1392 egregio
2522 1322 2841 1394 lmperatore
2866 1327 3220 1396 percepimus.
3243 1329 3361 1382 llaec
3373 1343 3533 1398 porro

1943 1427 2052 1466 non
2082 1422 2280 1470 temere
2306 1415 2442 1468 dicta
2471 1427 2626 1481 sunt,
2657 1417 2751 1471 sed
2780 1428 2834 1470 ut
2864 1419 3308 1486 respondercmus
3328 1420 3416 1485 iis,
3441 1423 3530 1490 qui

1943 1514 2279 1573 quaererent,
2332 1521 2425 1560 cur
2470 1523 2573 1559 non
2614 1508 2682 1559 ab
2728 1508 2880 1562 initio
2920 1508 2987 1563 de
3033 1510 3359 1579 lmperatore
3388 1511 3530 1566 Deus

1944 1610 2127 1665 poenas
2152 1599 2454 1666 sumpserit.
2502 1598 2648 1652 Illum
2676 1601 2816 1654 enim
2844 1602 2991 1655 rabie
3017 1604 3233 1658 ductum
3263 1619 3406 1675 saepe
3433 1621 3526 1658 vo-

1942 1691 2040 1744 luit
2065 1691 2132 1745 ab
2159 1692 2411 1747 ulteriore
2437 1694 2638 1761 impetu
2667 1710 2938 1758 coercere,
2968 1696 3374 1766 alienorumque
3405 1713 3527 1751 ma-

1942 1780 2114 1836 lorum
2140 1784 2386 1854 exemplo
2409 1784 2697 1839 emendare
2730 1802 2742 1838 :
2776 1785 2894 1855 quia
2919 1801 3046 1840 vero
3074 1786 3161 1841 ille
3187 1788 3522 1856 repugnavit,

1941 1871 1993 1926 in
2022 1883 2257 1927 extrema
2285 1889 2406 1928 eum
2451 1874 2588 1928 mala
2625 1875 2852 1944 conjecit
2884 1893 2896 1928 :
2935 1891 3116 1931 veram
3156 1876 3367 1946 quidem
3396 1892 3525 1946 pec-

1939 1972 2178 2017 catorum
2225 1964 2478 2019 ultionem
2516 1966 2566 2020 in
2597 1983 2842 2036 magnum
2871 1968 3017 2021 illum
3047 1969 3189 2023 diem
3219 1984 3521 2035 reservans,

1941 2055 2189 2122 pra-scuti
2232 2071 2359 2111 vero
2387 2073 2540 2126 ptena
2569 2060 2869 2126 supiniores
2897 2061 3135 2116 excitans
3164 2072 3216 2115 et
3239 2061 3306 2116 ad
3335 2062 3520 2116 melio-

1939 2161 2050 2200 rem
2076 2146 2276 2218 frugem
2305 2149 2586 2205 reducens.
2635 2149 2800 2204 Tanta
2829 2152 2969 2206 enim
2992 2161 3074 2206 est
3099 2153 3189 2205 Dei
3219 2153 3520 2216 tolerantia,

1937 2248 1995 2289 ut
2023 2239 2112 2308 qui
2141 2254 2201 2292 ea
2241 2254 2344 2293 non
2375 2250 2520 2294 recte
2565 2251 2816 2305 utuntur,
2868 2258 2962 2297 eos
3009 2244 3253 2311 graviore
3306 2244 3519 2298 tandem

1938 2343 2093 2398 ptena
2115 2328 2311 2384 afficial.
2338 2346 2351 2382 :
2381 2345 2444 2385 ac
2471 2332 2918 2399 quemadmodum
2949 2334 3326 2403 pceuitentibus
3355 2335 3519 2399 utilis,

1935 2422 2006 2478 ita
2037 2421 2400 2491 pervicacibus
2425 2433 2478 2477 et
2506 2422 2786 2478 obstinatis
2828 2425 3046 2493 majoris
3088 2426 3331 2494 supplicii
3360 2440 3519 2480 causa

1935 2513 2130 2566 evadit.
2177 2513 2328 2580 Quod
2355 2513 2399 2568 si
2432 2514 2550 2584 quis
2579 2513 2760 2568 dicat:
2791 2513 2926 2581 Quid
2960 2515 3156 2586 igitur?
3179 2533 3354 2570 annon
3384 2532 3517 2584 pra:-

1934 2606 2138 2660 viderat
2168 2605 2305 2660 Deus
2329 2605 2440 2661 fore
2463 2647 2478 2672 ,
2518 2617 2573 2659 ut
2605 2615 2862 2678 tyrannus
2890 2623 3178 2678 numquam
3209 2608 3522 2662 emendare-

1934 2698 2052 2751 tur‘!
2103 2696 2226 2750 huic
2269 2696 2742 2765 respondebimus,
2792 2698 3101 2767 praevidisse
3131 2697 3346 2767 quidem
3372 2739 3386 2761 ,
3420 2697 3514 2751 sed

1931 2803 2219 2857 numquam
2268 2797 2486 2857 propter
2524 2788 2740 2843 malitia
2773 2797 2970 2843 nostra:
2998 2788 3369 2858 prtevisiouem
3395 2803 3517 2842 ces-

1930 2887 2167 2933 saturum
2195 2892 2314 2934 esse
2338 2894 2456 2949 qua:
2482 2879 2548 2933 ad
2576 2893 2635 2934 se
2670 2887 2916 2948 spectant
2949 2881 3145 2934 facere.
3189 2879 3384 2934 Verum
3413 2878 3515 2934 etsi

1930 2985 2030 3024 nos
2065 2969 2481 3025 admonitionem
2510 2985 2615 3024 non
2647 2970 3024 3045 admittamus,
3058 2970 3148 3025 ille
3171 2969 3517 3041 nihilominus

1928 3059 2305 3130 benignitatem
2347 3075 2496 3114 suam
2537 3060 2902 3126 demonstrat;
2932 3060 3012 3114 sin
3041 3059 3200 3114 etiam
3232 3062 3282 3113 in
3315 3058 3515 3128 majora

1927 3149 2280 3222 impiugamus
2308 3152 2464 3217 mala,
2496 3153 2624 3206 nihil
2650 3151 2750 3207 hoc
2774 3151 2839 3206 ad
2869 3167 2990 3206 eum
3018 3160 3260 3221 spectat,
3281 3150 3371 3221 qui
3411 3165 3516 3205 nou

1928 3241 2050 3296 ideo
2079 3257 2176 3296 nos
2201 3253 2482 3312 peccantes
2504 3243 2595 3297 diu
2624 3245 2746 3297 tulit
2771 3253 2829 3296 ut
2855 3244 3185 3313 periremus,
3215 3241 3313 3297 sed
3340 3251 3398 3296 ot
3420 3257 3511 3296 sa-

1927 3333 2092 3389 lutem
2132 3350 2621 3406 consequeremur;
2671 3351 2857 3390 verum
2900 3343 3079 3390 nostra
3124 3336 3278 3406 culpa
3316 3335 3517 3402 evenit,

1927 3425 2016 3495 qui
2047 3425 2366 3482 ineffabilem
2401 3427 2518 3497 ejus
2563 3427 2897 3482 tolerantiam
2927 3427 3293 3496 despeximus.
3331 3428 3511 3497 Atque

1927 3518 2000 3571 ita
2046 3517 2305 3574 immensa
2332 3521 2448 3590 ejus
2493 3520 2788 3591 benignitas
2826 3520 3147 3575 declaratur.
3190 3520 3323 3575 Cum
3370 3521 3512 3574 enim

1926 3611 2174 3664 uolumus
2215 3626 2402 3682 magna
2430 3612 2548 3680 ejus
2585 3611 2689 3665 frui
2716 3612 2966 3682 patientia
2992 3653 3007 3676 ,
3042 3622 3164 3666 tunc
3192 3626 3308 3666 eam
3340 3610 3427 3664 ille
3459 3610 3510 3663 in

1925 3702 2150 3756 aliorum
2183 3704 2384 3758 lucrum
2412 3705 2694 3769 convertit,
2729 3705 2922 3773 ubique
2947 3703 3102 3757 simul
3132 3701 3510 3771 benignitatem

1925 3807 1979 3850 et
2004 3795 2276 3850 solertiam
2302 3808 2452 3848 suam
2493 3794 2743 3863 prodens.
2789 3793 2940 3860 Quod
2966 3794 3125 3846 etiam
3164 3803 3286 3846 tunc
3315 3792 3510 3846 factum

1925 3895 2030 3943 est.
2081 3887 2149 3941 Et
2192 3895 2448 3958 tyrannus
2473 3887 2691 3956 quidem
2719 3887 2798 3940 sic
2822 3888 2984 3938 vitam
3012 3885 3240 3948 clausit;
3283 3898 3350 3938 ac
3399 3894 3510 3938 tum

1925 3980 2146 4035 insania:
2185 3981 2340 4048 ejus,
2391 3990 2501 4035 tmn
2550 3980 2764 4051 Babylze
2804 3980 3013 4033 virtutis
3051 3988 3389 4033 monumenta
3420 3993 3514 4032 ex-

1923 4080 2066 4128 stant
2107 4089 2119 4123 :
2154 4072 2406 4142 templum
2431 4112 2446 4135 ,
2499 4070 2624 4125 item
2652 4080 2706 4124 et
2747 4069 3090 4140 martyrium,
3141 4068 3266 4122 illud
3292 4066 3505 4138 quidem

1923 4164 2210 4229 desertum,
2239 4163 2339 4218 hoc
2359 4163 2602 4218 eamdem
2630 4178 2796 4238 quam
2817 4163 2962 4230 prius
2980 4162 3224 4214 virtutem
3249 4159 3508 4214 retinens.

1924 4255 2097 4325 Capsa
2122 4267 2302 4310 autem
2332 4269 2437 4308 non
2464 4254 2604 4319 pltra
2635 4251 2862 4308 refertur
2882 4293 2897 4320 ,
2943 4252 3052 4306 Deo
3081 4252 3150 4305 ita
3179 4250 3506 4320 providente.

1923 4356 1981 4400 ut
2000 4345 2407 4400 adventantibus
2426 4345 2619 4399 clarior
2643 4343 2853 4414 Babyltn
2874 4352 3140 4412 gestorum
3170 4341 3354 4396 notitia
3385 4357 3508 4396 eva-

1923 4437 2034 4492 dat.
2083 4437 2331 4508 Quisquis
2356 4437 2497 4493 euim
2526 4438 2840 4506 peregrinus
2871 4435 3044 4489 locum
3073 4435 3256 4490 adiens
3284 4445 3336 4489 et
3367 4450 3504 4488 mar-

1923 4538 2094 4601 tyrem
2122 4545 2393 4599 qna-rens,
2422 4544 2544 4584 cum
2572 4527 2716 4582 illum
2743 4527 2934 4583 abesse
2963 4526 3143 4592 videt,
3175 4525 3352 4579 statim
3378 4540 3508 4579 cau-

1921 4641 2034 4681 sam
2062 4625 2380 4688 sciscitatur,
2409 4632 2462 4678 et
2483 4623 2560 4677 sic
2577 4629 2738 4675 totam
2754 4620 2975 4674 edoctus
2993 4618 3268 4674 historiam
3287 4618 3505 4681 recedit,

1921 4718 2126 4786 majus,
2172 4733 2332 4788 quam
2365 4716 2548 4786 prius,
2596 4713 2798 4768 lucrum
2833 4721 3146 4782 reportans;
3195 4711 3274 4764 sic
3318 4718 3374 4764 et
3405 4709 3509 4763 Da-

1923 4811 2098 4880 phnen
2129 4811 2441 4875 adventans,
2471 4817 2526 4862 et
2547 4807 2669 4862 inde
2693 4806 2970 4874 recedens,
2999 4805 3283 4860 maximam
3311 4803 3510 4859 utilita-

1923 4911 2029 4957 tem
2063 4902 2309 4971 percipit.

1994 4993 2279 5064 Martyrum
2309 5004 2411 5044 tam
2439 4992 2690 5054 vivorum,
2719 5006 2871 5058 quam
2900 4999 3214 5043 mortuorum
3241 4988 3418 5042 uirtus.
3445 5016 3515 5027 —

1921 5084 1998 5139 Ea
2041 5091 2124 5138 est
2164 5093 2452 5153 martyrum
2501 5083 2705 5146 virtus,
2752 5081 3078 5141 viventium.
3134 5088 3465 5134 mortuorum
3496 5117 3511 5142 ,

1921 5175 2262 5246 prmsentium
2305 5174 2472 5239 locis,
2512 5172 2832 5226 absentium.
2885 5171 3092 5226 Etenim
3136 5172 3205 5228 ab
3249 5171 3398 5226 initio
3445 5169 3512 5224 atl

1921 5273 2080 5324 tinem
2135 5270 2254 5336 ejus
2298 5268 2524 5322 facinora
2572 5266 2819 5319 continua
2869 5268 3017 5334 quasi
3067 5266 3206 5320 serie
3263 5263 3510 5331 copulata

1921 5362 2088 5418 fuere.
2145 5363 2200 5418 Si
2248 5361 2542 5431 perpendas
2589 5360 2766 5425 cuitu,
2816 5359 3036 5413 violatas
3067 5359 3158 5412 Dei
3189 5358 3332 5425 leges
3361 5355 3506 5408 ultus

1921 5465 2002 5509 est
2026 5495 2040 5519 ,
2092 5472 2188 5526 pro
2216 5456 2393 5508 occiso
2422 5453 2630 5507 debitas
2657 5466 2844 5521 poenas
2879 5451 3140 5518 sumpsit,
3189 5455 3384 5517 quanta
3438 5448 3509 5499 sit

1920 5547 2275 5601 sacerdotium
2307 5546 2445 5599 inter
2491 5553 2544 5599 et
2587 5544 2868 5611 imperium
2895 5538 3190 5594 differentia
3227 5536 3460 5592 ostendit
3490 5579 3506 5600 ,

1925 5642 2108 5696 mundi
2141 5641 2331 5694 fastum
2361 5653 2573 5692 omnem
2612 5636 2882 5696 dissolvit,
2915 5632 3094 5686 mundi
3119 5646 3362 5703 pompam
3393 5632 3508 5686 cal-

1918 5734 2092 5798 cavit,
2138 5732 2488 5802 Imperatores
2533 5728 2749 5790 docuit,
2809 5721 3043 5781 neultra
3074 5739 3376 5779 mensuram
3406 5724 3507 5777 sibi

1921 5841 1951 5879 a
1980 5824 2089 5881 Deo
2133 5824 2493 5895 prxscriptam
2537 5827 2852 5892 potestatem
2893 5817 3279 5881 cstcndereut,
3323 5829 3470 5868 sacer
