4044 6206
508 369 606 423 57f
1212 374 1271 430 S.
1309 373 1586 432 JOANNIS
1623 374 2096 442 CHRYSOSTOMI
2133 378 2448 434 ABCHIEP.
2489 379 3019 438 CONSTANTINOP.
3679 381 3776 432 573

511 486 660 542 dotes
689 485 868 542 docuit
887 529 902 552 ,
949 483 1077 541 utin
1102 485 1206 541 hoc
1232 487 1527 557 principatu
1575 502 1805 556 praeesse
1832 497 2092 557 Oporteat.
2203 491 2684 563 becillitatemque;
2735 495 2983 567 martyris
3003 511 3128 551 vero
3155 510 3383 550 coronas
3403 537 3419 563 ,
3460 495 3738 552 victoriam
3760 539 3777 564 ,

513 577 577 632 Et
605 577 719 632 haec
748 577 960 646 quidem
993 577 1178 647 hisque
1205 579 1354 645 plura
1384 578 1510 632 dum
1539 577 1590 632 in
1617 592 1778 633 carne
1797 588 1940 633 esset
1967 597 1981 634 :
2006 579 2094 632 ubi
2204 585 2475 638 virtutem.
2505 585 2673 640 Tanta
2702 595 2786 641 est
2809 597 3113 642 sanctorum
3143 587 3430 655 fortitudo,
3457 597 3562 643 tam
3592 588 3778 644 invicto

511 676 686 720 autem
739 668 861 722 hinc
904 668 1216 736 emigravit,
1263 668 1524 722 ἀωιιιοηίε
1586 668 1747 722 robur
1789 672 2108 735 enervavit,
2202 685 2257 729 et
2282 675 2666 743 formidabilis,
2696 678 3182 746 etlmperatoribus
3204 679 3652 750 etdatmonibus,
3680 682 3779 737 imo

512 759 786 827 gentilium
825 759 1080 813 fallaciam
1107 759 1431 825 confutavit,
1476 759 1709 815 vaticinii
1747 763 2097 830 nugacitatem
2205 764 2304 834 ipsi
2329 782 2538 836 quoque
2563 767 2862 822 dtemouum
2895 768 3181 838 principi‘.

511 854 751 920 detexit,
802 854 918 923 ejus
971 855 1170 910 larvam
1223 855 1512 920 contrivit,
1562 854 1924 909 histrionicum
1981 856 2100 923 ejus

512 960 726 998 onmem
755 944 967 1046 detexit
992 957 1160 1000 artem
1181 987 1197 1010 ,
1249 961 1370 1000 eum
1397 947 1484 1014 qui
1517 946 1567 999 in
1597 961 1659 998 ea
1687 959 1920 1046 prmesse
1957 946 2102 1046 vide-
2253 983 2271 1046 ,
2301 983 2350 1030 In
2373 982 2469 1030 ﬁne
2491 974 2905 1045 opusculism'.
2929 983 3342 1042 annosam“,
3363 987 3477 1046 post
3494 985 3770 1034 dmonum

512 1047 663 1093 retur
717 1037 1085 1092 obmutescere
1132 1053 1349 1108 cogens,
1413 1053 1477 1094 ac
1533 1053 1720 1106 magna
1768 1036 2100 1092 vehementia
2187 1039 2420 1112 prirtripi,
2443 1036 2712 1112 habebant;
2731 1047 2944 1112 Regnum
2961 1044 3090 1112 enim
3107 1050 3153 1095 et
3169 1036 3618 1112 vitiatarum...
3634 1046 3775 1097 Chri-

509 1127 842 1196 0PPI‘imcns.
893 1127 1047 1181 Stant
1091 1107 1351 1196 liodiieQUe
1396 1127 1575 1195 templi
1634 1127 1808 1192 muri,
1846 1127 2102 1180 dwmonis
2179 1107 2250 1182 ,³η
2276 1107 3666 1178 “ommi'ws’ri;imminutumderetgloria,cumwterno
3682 1117 3776 1162 Pa-

513 1219 522 1228 .
697 1218 709 1230 ,
755 1219 765 1230 ,
1033 1219 1063 1232 η
1329 1219 1359 1232 η
1469 1227 1480 1232 _
1657 1219 1667 1229 ,
1823 1217 1854 1232 ,Δ
1993 1217 2004 1228 ,
2191 1174 2264 1216 tre
2283 1169 3064 1232 etcowternoSptruutnmﬁmta
3081 1171 3577 1232 saautasaaeulorum.
3602 1179 3774 1225 Amen.

513 1218 857 1288 ignominiam
903 1219 1148 1274 omnibus
1199 1219 1577 1291 praedicantes,
1626 1219 1791 1274 risum
1822 1217 1948 1273 item
1991 1217 2092 1272 itn-
2177 1232 2316 1290 .Qute
2341 1245 2369 1279 ει
2391 1217 3224 1294 quodamérascmo’uisendum
3247 1217 3398 1281 dubie
3422 1217 3776 1296 mastigia;

554 1608 3728 1657 ω

951 1847 1033 1912 ΙΝ
1078 1850 1458 1911 HOMILIAM
1495 1849 1577 1912 IN
1619 1849 1725 1911 SS.
1768 1851 2182 1915 MARTYRES
2221 1855 2713 1919 JUVENTINUM
2752 1858 2849 1918 ET
2888 1858 3355 1921 MAXIMINUM.

582 2097 652 2153 Ut
688 2095 845 2150 initio
866 2093 1027 2164 hujus
1049 2093 1330 2149 concioms
1360 2092 1582 2157 dicitur,
1613 2091 1795 2147 habita
1818 2090 1933 2146 haec
1955 2090 2058 2145 fuit
2093 2090 2285 2161 paucis
2329 2099 2451 2160 post
2478 2089 2766 2146 Homiliam
2821 2090 2875 2145 in
2910 2089 2967 2145 S.
3005 2089 3261 2160 Babylam
3292 2088 3486 2146 diebus
3514 2109 3528 2146 :
3560 2090 3776 2157 Nuper,

513 2210 708 2279 inquit,
742 2208 956 2281 πρῴην,
994 2223 1103 2262 non
1137 2216 1340 2269 autem,
1373 2206 1506 2272 lteri,
1561 2217 1621 2260 ut
1651 2215 1884 2262 verterat
1911 2207 2204 2279 lnterpres,
2239 2203 2426 2276 Nuper
2471 2206 2652 2260 beatus
2683 2203 2918 2277 Babylo:
2943 2221 3062 2259 eum
3119 2203 3288 2258 tribus
3326 2203 3504 2274 pueris
3558 2220 3652 2256 nos
3687 2203 3777 2254 hic

511 2324 860 2394 congregabat
893 2340 911 2376 :
944 2322 1098 2376 hodie
1129 2340 1244 2378 vero
1293 2339 1393 2392 par
1421 2333 1725 2376 sanctorum
1764 2325 1996 2378 militum
2035 2325 2092 2378 in
2118 2326 2232 2378 acie
2271 2325 2564 2379 exercitum
2595 2321 2794 2378 Christi
2823 2323 3116 2376 constituit.
3168 2321 3231 2376 Et
3260 2331 3437 2376 tamen
3491 2319 3598 2373 hoc
3651 2318 3777 2373 loco

513 2440 631 2495 fulti
664 2441 722 2506 ii,
757 2443 849 2511 qui
874 2440 1272 2511 Martyrologiis
1307 2456 1528 2511 operam
1559 2442 1845 2509 dederunt,
1877 2443 1932 2496 in
1959 2443 2030 2497 25
2058 2442 2306 2498 Januarii
2341 2443 2535 2498 horum
2589 2452 2888 2514 martyrum
2917 2441 3061 2496 diem
3091 2441 3326 2495 natalem
3357 2438 3674 2502 conferunt,
3700 2437 3776 2491 li-

511 2563 597 2606 cet
620 2567 727 2605 non
754 2551 908 2607 initio
937 2559 1172 2610 tantum.
1211 2551 1302 2606 sed
1330 2551 1491 2606 etiam
1527 2553 1689 2621 paqu
1735 2563 1922 2623 postea
1953 2554 2381 2626 Chrysostomus
2432 2555 2500 2610 de
2524 2554 2758 2610 Homilia
2785 2554 2838 2609 in
2868 2553 2926 2608 S.
2955 2553 3214 2624 Babylam
3237 2552 3488 2622 loquens,
3513 2566 3637 2605 eam
3669 2564 3779 2602 non

512 2672 642 2736 lteri,
681 2671 772 2726 sed
806 2687 989 2742 nuper,
1023 2669 1234 2742 πρῴην,
1262 2672 1463 2727 dictam
1487 2673 1755 2728 enuntiet.
1787 2673 1916 2730 lnde
1962 2673 2149 2729 forsan
2183 2690 2304 2731 mos
2337 2675 2574 2730 obtinuit
2617 2683 2677 2730 ut
2721 2675 2810 2730 die
2835 2672 3034 2730 festum
3071 2671 3128 2727 S.
3169 2671 3380 2742 Bahyhe
3425 2670 3782 2739 insequente,

516 2787 616 2840 SS.
652 2786 927 2840 .luventini
953 2795 1007 2840 et
1030 2784 1313 2841 Maximini
1343 2788 1658 2841 memoriam
1701 2789 1990 2843 enuntient
2028 2806 2042 2842 :
2075 2804 2182 2844 non
2216 2805 2282 2845 ex
2303 2789 2616 2846 Graecorum
2646 2789 2866 2846 Menaeis
2897 2789 2948 2843 id
2980 2788 3234 2844 mutuati:
3265 2785 3554 2856 siquidem,
3590 2793 3650 2838 ut
3681 2798 3786 2837 no-

518 2911 593 2955 tat
623 2901 824 2970 optime
854 2899 1168 2965 Bollandus,
1201 2902 1348 2956 nulla
1385 2903 1437 2955 in
1471 2901 1710 2970 Menaeis,
1733 2903 2068 2973 MenOIOgiis,
2100 2905 2448 2974 Anthologio,
2481 2905 2670 2959 aliisve
2701 2903 2858 2959 fastis
2887 2903 3058 2958 sacris
3077 2903 3388 2958 Graecorum
3411 2940 3427 2964 ,
3455 2914 3649 2955 eorum
3683 2916 3782 2954 ex-

517 3033 626 3079 stat
673 3027 952 3082 memoria.
1003 3025 1107 3081 Sed
1137 3044 1164 3078 a
1200 3027 1615 3093 recentioribus,
1672 3028 1750 3082 ait
1783 3027 1889 3095 ille,
1922 3030 2170 3096 postridie
2204 3027 2264 3083 S.
2299 3027 2515 3100 Babylw
2543 3037 2592 3082 et
2623 3030 2783 3081 trium
2817 3042 3098 3096 puerorum
3123 3025 3408 3088 locantur;
3439 3024 3532 3092 qui
3564 3023 3784 3078 scilicet

522 3159 583 3194 ea
621 3144 675 3197 in
708 3160 765 3197 re
807 3153 1040 3198 veterem
1074 3145 1219 3198 illam
1255 3142 1504 3199 llomilize
1537 3145 1912 3218 Chrysostomi
1970 3147 2026 3200 in
2070 3145 2170 3202 SS.
2206 3146 2471 3219 Martyres
2507 3145 3010 3216 interpretationem
3040 3153 3344 3213 sequuntur
3373 3161 3386 3196 :
3413 3139 3546 3194 Heri
3585 3139 3778 3192 beatas

519 3257 746 3327 Babylo;
778 3271 897 3309 cum
931 3257 1098 3309 tribus
1129 3260 1329 3326 pueris.
1373 3257 1605 3314 Videant
1646 3259 1812 3328 igitur
1843 3261 1876 3313 ii
1925 3259 2016 3328 qui
2047 3258 2147 3314 SS.
2181 3259 2336 3313 lastis
2384 3259 2518 3312 dant
2551 3273 2794 3328 operam,
2831 3273 2958 3311 num
2991 3256 3096 3311 alia
3126 3257 3197 3311 sit
3239 3253 3524 3310 statuenda
3582 3253 3784 3306 eoleu-

519 3374 601 3428 dte
629 3369 728 3427 SS.
756 3369 1029 3425 Juventini
1047 3381 1100 3425 et
1125 3370 1404 3426 Maximini
1430 3374 1708 3428 memon-ite
1727 3375 1860 3429 dies.
1892 3373 2000 3428 llos
2035 3383 2297 3444 martyres
2324 3381 2721 3429 commemorat
2741 3371 3122 3428 Theodoretus
3142 3370 3180 3425 l.
3201 3371 3236 3426 5
3258 3371 3396 3426 Hist.
3429 3368 3572 3425 Eccl.
3602 3384 3652 3452 c.
3688 3370 3779 3424 ll.

521 3811 3714 3838 *η’-’,ΗΜ

519 3912 804 3955 EIUSDEM
849 3912 913 3955 IN
959 3912 1044 3955 SS.
1093 3912 1427 3955 κΔιιτΥιιεε
1467 3911 1879 3956 ιυνΕΝτιΝυΜ
1933 3911 2013 3952 ΕΤ
2064 3909 2110 3951 Μ

2189 3908 2466 3962 ιιωΝυΜ,
2527 3907 2636 3959 QUI
2694 3907 2812 3950 SUB
2853 3907 3119 3950 JULlANO
3161 3907 3485 3950 ΑΡοετΑτΑ
3534 3906 3786 3948 ΜΔΒΪῖο

1471 4011 1631 4055 ιιιοΜ
1676 4011 1838 4054 SUNT
1881 4008 2072 4063 PASSI,
2117 4007 2326 4051 SEBMO
2369 4006 2820 4049 PANEGYRICUS.

1875 4138 2326 4222 Amm»

589 4292 642 4346 L
673 4291 852 4360 Nuper
877 4293 1062 4348 beatus
1092 4292 1317 4364 Bahylas
1339 4309 1458 4348 cum
1487 4294 1654 4348 tribus
1681 4297 1862 4366 pueris
1881 4313 1977 4352 nos
2016 4298 2103 4352 hic
2213 4298 2372 4352 habet
2396 4298 2446 4351 in
2477 4295 2839 4366 spiritualibus
2866 4293 3128 4348 thesauris
3149 4335 3164 4359 ,
3215 4291 3281 4346 de
3307 4291 3626 4364 martyribus
3646 4333 3662 4356 ,
3712 4307 3796 4344 ηι-

517 4384 872 4453 congregabat
904 4401 918 4435 :
961 4384 1120 4439 hodie
1150 4401 1277 4439 vero
1323 4400 1416 4453 par
1441 4398 1741 4441 sanctormn
1775 4390 2002 4442 militum
2047 4392 2098 4444 in
2208 4405 2364 4459 quam
2389 4429 2404 4454 ,
2449 4390 2536 4457 qui
2562 4402 2774 4456 semper
2799 4388 2848 4440 in
2876 4385 3062 4439 eodem
3101 4385 3549 4453 manentvigore,
3579 4399 3797 4454 sempr.

517 4477 630 4532 acie
672 4478 961 4531 exercitum
1012 4476 1204 4531 Christi
1269 4479 1589 4543 Constituit;
1635 4497 1803 4549 nuper
1847 4483 2099 4553 quadriga
2210 4482 2260 4535 in
2291 4480 2477 4533 eodem
2505 4477 2801 4547 juventutis
2830 4478 2960 4532 flore
2990 4486 3155 4540 sunt,
3203 4491 3416 4544 semper
3457 4490 3567 4529 sua:
3608 4475 3805 4542 gloria-

523 4578 813 4638 martyrum
835 4609 849 4632 ,
884 4569 1042 4623 hodie
1073 4570 1210 4639 biga.
1254 4568 1428 4639 Impar
1461 4585 1646 4624 eorum
1684 4582 1765 4626 est
1795 4583 1958 4639 tetas,
2005 4574 2102 4629 sed
2211 4573 2462 4641 fulgorem
2506 4572 2754 4624 emittunt
2797 4579 2852 4624 et
2891 4570 3086 4624 radios.
3136 4569 3286 4635 Quod
3311 4569 3537 4621 scientes
3564 4583 3659 4618 vos
3687 4584 3813 4620 nun

521 4672 622 4710 una
656 4657 826 4722 fides;
853 4659 994 4711 varia
1027 4659 1340 4723 certamina,
1369 4660 1460 4713 sed
1489 4660 1673 4714 eadem
1702 4661 1955 4716 fortitudo
1983 4680 1995 4715 :
2028 4663 2102 4718 illi
2209 4665 2364 4718 aliter
2395 4663 2626 4732 priscos,
2667 4662 2821 4715 aliter
2849 4661 3170 4715 recentiores
3207 4661 3384 4714 colitis
3422 4667 3629 4712 sanctos
3652 4699 3665 4720 ,
3703 4660 3816 4711 sa-d

521 4758 762 4816 tempore
805 4750 1133 4817 superiores,
1180 4752 1264 4804 isti
1312 4752 1654 4806 recentiores.
1702 4752 1970 4821 Ejusmodi
2020 4763 2140 4810 est.
2209 4754 2394 4808 eadem
2426 4753 2726 4817 alacritate,
2757 4752 2943 4806 eodem
2974 4766 3194 4814 amore,
3238 4750 3426 4805 eodem
3468 4749 3661 4803 affectu
3703 4764 3816 4802 co-
3871 4772 3875 4774 -

524 4841 803 4894 thesaurus
825 4840 1074 4895 Ecclesiae
1092 4883 1106 4906 ,
1139 4857 1302 4895 novas
1337 4851 1389 4896 ct
1419 4853 1627 4897 veteres
1663 4843 1819 4897 habet
1841 4846 2102 4913 margari-
2211 4845 2316 4898 litis
2335 4859 2523 4898 omnes
2543 4853 2596 4897 et
2619 4842 3022 4897 commendatis.
3045 4841 3159 4895 Non
3181 4841 3321 4896 enim
3344 4841 3627 4908 exploratis
3655 4849 3813 4892 tem-

521 4938 602 4982 tas
633 4947 648 4984 :
678 4930 774 4984 sed
821 4945 920 4985 una
965 4931 1202 4985 ornnium
1247 4942 1324 4986 est
1362 4933 1719 5001 pulchritudo.
1768 4935 1963 4989 Eorum
2006 4935 2104 4990 flos
2213 4954 2349 5006 pus,
2391 4935 2485 4989 sed
2532 4935 2806 5004 exqttiritis
2850 4933 3012 4986 animi
3069 4933 3448 4997 fortitudinem,
3497 4931 3770 5000 pietatem
3805 4975 3825 5000 ,

523 5035 694 5088 neque
724 5023 1038 5088 marcescit,
1073 5039 1247 5093 neque
1271 5024 1454 5078 defluit
1483 5035 1756 5095 tempore;
1802 5028 1969 5081 nescit
2014 5043 2107 5082 ve-

2236 5031 2368 5085 idcm
2396 5031 2642 5084 invictam
2667 5071 2682 5094 ,
2713 5029 2880 5082 zelum
2911 5028 3184 5081 incitatum
3213 5041 3274 5079 ac
3306 5024 3596 5087 fervidum,
3619 5031 3679 5077 et
3715 5040 3833 5082 eas

523 5113 734 5167 tustatis
761 5112 1052 5182 rubiginem
1087 5116 1385 5184 splendoris
1414 5116 1563 5169 istius
1593 5127 1799 5170 natura.
1828 5117 2107 5187 Temporis
2214 5121 2438 5175 virtutes
2458 5163 2472 5186 ,
2498 5134 2628 5189 quas
2663 5134 2770 5188 prae
2798 5133 2855 5172 se
2887 5117 3062 5172 ferunt
3105 5115 3310 5181 sancti,
3357 5116 3420 5169 ad
3443 5130 3671 5184 quorum
3705 5116 3838 5170 lio-

522 5203 872 5259 diuturnitate
916 5220 1070 5275 opes,
1121 5223 1238 5276 qua:
1263 5208 1328 5261 ad
1369 5223 1592 5276 corpora
1638 5219 1914 5278 spectant,
1953 5210 2106 5265 facile
2214 5226 2397 5265 norem
2424 5210 2581 5263 hodie
2607 5209 2973 5263 convenimus.
3015 5207 3078 5260 lli
3111 5208 3251 5259 enim
3283 5214 3428 5259 tanto
3477 5219 3665 5259 amore
3717 5206 3842 5263 Dei

526 5304 794 5351 mtereunt
843 5313 856 5350 :
911 5300 1226 5353 vestimenta
1278 5298 1419 5351 enim
1467 5299 1856 5364 absumuntur,
1917 5299 2107 5354 domus
2214 5301 2546 5369 flagrabant,
2602 5309 2659 5353 ut
2704 5299 2863 5352 etiam
2909 5307 3057 5351 extra
3112 5297 3534 5365 persequutionis
3587 5305 3848 5366 tempus

522 5385 886 5462 destrpuntur,
926 5397 981 5444 et
1043 5404 1228 5442 aurum
1270 5389 1508 5457 rubigine
1549 5392 1916 5453 consumitur;
1961 5399 2013 5443 et
2054 5390 2105 5444 in
2214 5393 2450 5462 martyrii
2483 5407 2677 5446 corona
2709 5390 2939 5445 redimiti
2987 5388 3214 5452 fuerint,
3263 5388 3463 5457 absque
3489 5401 3666 5456 pugna
3702 5398 3851 5444 Iro-

521 5491 727 5531 atttnma
751 5521 765 5544 ,
795 5481 1033 5535 omnium
1061 5479 1390 5536 sensibilium
1422 5479 1728 5532 facultatum
1760 5489 1944 5533 natura
1975 5490 2109 5535 tem-
2215 5500 2384 5550 pretim
2409 5482 2674 5536 crexcrint
2704 5521 2720 5547 ,
2765 5480 2964 5550 absciue
2993 5479 3174 5547 pr:elio
3202 5478 3416 5531 victoria
3455 5475 3604 5547 potiti
3653 5479 3804 5535 sint
3830 5524 3852 5547 ,

524 5583 653 5628 pore
691 5570 904 5626 tandem
931 5571 1174 5627 aboletur
1201 5579 1256 5626 et
1276 5569 1566 5625 intercidit.
1597 5572 1666 5623 At
1697 5586 1799 5623 non
1829 5571 1905 5625 sic
1935 5586 1994 5625 se
2019 5587 2108 5627 res
2216 5575 2416 5643 absque
2457 5573 2747 5627 certamine
2793 5570 3032 5624 hravinm
3081 5569 3372 5638 rapuerint.
3421 5567 3488 5621 Et
3525 5574 3857 5636 quomodo

585 5699 658 5757 lu)
699 5705 744 5762 In
770 5701 891 5750 hanc
915 5703 1152 5752 homiliam
1177 5704 1380 5753 vidimus
1397 5702 1536 5750 Codd
1559 5702 1764 5758 unicum.
1786 5706 1980 5762 Regium
2015 5719 2106 5756 sat-
2216 5665 2314 5719 hnc
2337 5705 2352 5721 '
2400 5681 2501 5734 ego
2525 5664 2696 5720 dicam
2728 5682 2742 5718 ³
2774 5662 2866 5718 sed
2911 5661 3046 5716 rem:
3083 5675 3167 5715 me
3203 5675 3314 5715 rem
3343 5659 3499 5728 mmo
3518 5657 3688 5711 aluus
3725 5674 3847 5716 re-

531 5757 780 5808 lucusta
807 5777 820 5810 :
847 5778 953 5812 nam
977 5767 1158 5824 perrari
1181 5773 1293 5815 suut
1317 5764 1460 5824 hujus
1483 5763 1690 5814 bomilize
1713 5757 1928 5815 (Iudices.
2213 5768 2414 5823 petere.
