4044 6206
103 220 197 276 δτι

106 333 290 405 τῦφον,
327 333 422 387 καὶ
455 330 805 402 κατεπάτησε
837 331 934 385 τοῦ
979 331 1095 402 βίου
1124 333 1229 403 τὴν
1272 335 1596 401 φαντασίαν.
1627 336 1790 390 ἐπαί-

107 424 252 476 δευσε
284 421 416 485 τοὺς
443 420 682 490 βασιλεῖς
715 420 790 492 μὴ
827 423 972 492 πέρα
1008 419 1102 473 τοῦ
1133 420 1380 484 δοθέντος
1411 422 1597 486 αὐτοῖς
1629 425 1780 495 παρὰ

106 511 186 564 τοῦ
238 511 382 564 Θεοῦ
436 511 635 582 μέτρου
675 510 776 581 τὴν
823 510 1070 576 ἐξουσίαν
1113 510 1377 580 προάγειν
1404 528 1418 542 ο
1454 510 1626 574 ἔδειξε
1665 517 1778 576 τοῖς

110 598 424 668 νεμομένοις
449 597 566 658 πῶς
599 595 804 667 ταύτης
831 597 1197 666 προΐστασθαι
1225 597 1324 665 τῆς
1353 597 1529 668 ἀρχῆς
1545 592 1641 651 δεῖ.
1671 600 1780 651 Καὶ

107 685 271 739 ταῦτα
325 685 425 754 μὲν
482 683 819 736 καὶτούτων
859 683 1079 736 πλείονα
1130 683 1294 754 ἡνίκα
1343 679 1410 752 ἦν
1464 687 1522 737 ὲν
1571 685 1772 754 σαρκίο

109 773 289 843 ἐπειδὴ
317 773 374 825 δὲ
405 772 636 842 μετέστη
667 773 761 824 καὶ
788 771 1133 841 ἀπεδήμησε,
1165 772 1430 824 κατέλυσε
1463 773 1556 825 τοῦ
1586 773 1777 843 δαίμο-

109 877 186 923 νος
235 860 340 931 τὴν
395 860 568 929 ἰσχὺν,
629 859 878 930 διήλεγξε
913 860 1012 929 τὴν
1057 859 1167 912 τῶν
1210 859 1477 931 Ἑλλήνων
1524 861 1770 930 ἀπάτην,

110 947 423 1017 ἀπεκάλυψε
456 946 557 1016 τῆς
590 946 850 1016 μαντείας
868 945 958 998 τὸν
971 946 1155 1018 λῆρον,
1190 946 1474 1018 συνέτριψε
1503 947 1565 1000 τὸ
1596 965 1772 1018 προσ-

163 1085 186 1114 ³
213 1083 391 1132 Μαι-ει.
429 1088 592 1132 πᾶσιν.
617 1083 810 1146 In‘ﬁne
834 1081 1066 1146 Opuscull
1092 1083 1240 1146 Savil.
1269 1088 1322 1132 et
1342 1096 1468 1146 unus
1507 1085 1664 1146 codex
1703 1086 1773 1134 sic

110 1145 350 1221 ςειιξιάυειις
377 1146 591 1221 ἀρκτπῖεὲ-
613 1142 711 1221 Ἑοδ
731 1145 821 1221 γάρ
848 1142 1024 1220 ιςυείου
1043 1145 1198 1221 ἡμῶν.
1214 1144 1372 1221 ’ζηςοῦ
1392 1145 1602 1221 XM“:
1626 1147 1769 1218 μόνον

6 1277 8 1280 ν
109 1210 136 1263 ἡ
167 1208 383 1268 βασιλεία
404 1205 485 1255 καὶ
505 1209 534 1264 ἡ
550 1205 704 1268 ἰσχὺς,
727 1205 808 1254 καί
826 1205 960 1268 αὐτῷ
987 1207 1154 1270 πρέπει
1174 1208 1206 1264 ἡ
1227 1207 1357 1266 δόξα,
1378 1205 1463 1256 σὺν
1483 1209 1552 1270 τῷ
1580 1205 1770 1273 ἀνάρχῳ

1036 225 1108 282 IN
1141 224 1583 281 JUVENTINUM
1622 226 1709 282 ET
1750 223 2144 281 MAXIMINUM

2210 233 2448 289 MARTY
2457 229 2603 286 RES.
3439 228 3544 286 δη

1884 340 2085 392 ωπεῖον
2121 338 2314 409 αὐτῆς,
2355 339 2451 393 καὶ
2467 351 2493 380 α
2519 340 2700 393 πᾶσαν
2721 338 2890 410 αὐτῆς
2915 342 3011 408 τὴν
3031 339 3314 410 ὑπόκρισιν
3333 358 3400 410 γυ
3409 345 3544 413 μνώ-

1885 441 1983 486 σας
2002 424 2262 489 έπέδειξε,
2285 425 2378 479 τὸν
2403 429 2462 479 ὲν
2487 427 2624 496 αὐτῇ
2647 426 2908 480 δοκοῦντα
2935 429 3154 495 κρατεῖν
3188 428 3544 498 ἐπιστομίσας

1882 513 1977 564 καὶ
2007 512 2326 566 καταϐαλὼν
2361 513 2498 583 μετά
2529 513 2731 581 πολλῆς
2759 516 2856 583 τῆς
2897 513 3278 584 σφοδρότητος.
3309 515 3417 567 Καὶ
3446 516 3541 568 νῦν

1880 599 2100 651 ἑστᾶσιν
2138 601 2186 651 οί
2215 601 2381 667 τοῖχοι
2425 599 2517 652 τοῦ
2557 598 2681 660 νεὼ,
2728 601 2862 652 πᾶσι
2900 598 3264 669 κηρύττοντες
3309 600 3402 652 τοῦ
3433 601 3517 652 δαί

1883 702 2041 755 μονος
2082 687 2182 756 τὴν
2229 687 2514 756 αἰσχύνην,
2556 685 2648 738 τὸν
2681 686 2914 754 γέλωτα,
2953 685 3052 756 τὴν
3092 687 3410 740 ἀσθένειαν’
3445 689 3543 741 τοῦ

1879 773 2153 844 μάρτυρος
2204 774 2330 837 τοὺς
2385 774 2702 842 στεφάνους,
2755 774 2852 843 τὴν
2903 773 3094 843 νίκην,
3146 775 3244 845 τὴν
3289 775 3542 844 δύναμιν.

1879 860 2128 931 Τοσαύτη
2155 861 2188 930 ἡ
2227 860 2334 914 τῶν
2365 861 2534 928 ἁγίων
2561 861 2735 931 ίσχύς·
2760 860 2933 924 οὓτως
2964 861 3175 931 ἄμαχος
3195 863 3287 915 καὶ
3314 863 3540 933 φοϐερὰ,

1880 947 1973 999 καὶ
2009 947 2308 1016 βασιλεῦσι,
2354 949 2448 1002 καὶ
2475 949 2713 1020 δαίμοσι,
2746 949 2841 1003 καὶ
2865 949 3013 1019 αὐτῷ
3035 948 3112 1018 τῷ
3138 949 3246 1002 τῶν
3275 950 3542 1020 δαιμόνων

1877 1035 2125 1105 emt/ti)-

1876 1147 2049 1210 Πατρὶ,
2070 1147 2150 1210 καὶ
2177 1148 2248 1207 τῷ
2286 1147 2563 1210 συνανάρχῳ
2602 1146 2861 1209 Πνεῦματι.
2897 1143 2979 1194 νῦν
3002 1146 3082 1195 καὶ
3123 1147 3196 1196 ἀεὶ
3231 1149 3313 1196 καὶ
3346 1149 3412 1205 εἰς
3432 1149 3542 1204 τοὺς

1873 1209 2210 1265 ἀτελευτήτους
2220 1209 2395 1264 αἰῶνας
2412 1209 2508 1256 τῶν
2529 1211 2731 1267 αἰώνων,
2753 1210 2895 1270 ἀμήν.

1410 1457 1770 1466 .------

1410 1471 1770 1480 __—_

1873 1454 2841 1464 __________.______
2939 1447 3432 1480 ,τεῇ

1588 1696 2038 1760 ADMONITIO.

258 1954 377 2010 Non
406 1967 517 2008 uno
550 1952 751 2013 solum,
781 1957 844 2004 ut
871 1947 1130 2014 diximus,
1150 1947 1276 2008 loco
1304 1953 1663 2006 monstratur,
1695 1942 1838 1997 hanc
1858 1941 2176 1997 concionem
2207 1947 2331 2009 post
2359 1938 2636 1993 homiliam
2668 1936 2814 1990 illam
2841 1935 2894 1988 in
2923 1933 3175 2004 Babylam
3205 1933 3446 1988 habitam

189 2072 398 2131 fuisse;
429 2067 523 2122 sed
558 2075 612 2119 et
637 2063 782 2118 aliud
819 2062 979 2132 paulo
1007 2069 1130 2131 post
1152 2059 1437 2114 exordium
1467 2058 1696 2128 hujusce
1726 2056 1804 2110 rei
1830 2056 2091 2112 indicium
2121 2052 2327 2124 profert
2365 2051 2810 2122 Chrysostomus.
2849 2048 2978 2102 Erat
3017 2048 3311 2118 Imperator
3332 2049 3450 2118 qui.

187 2184 338 2246 dum,
364 2180 460 2242 ait,
491 2177 648 2232 etiam
686 2185 863 2229 nostra
885 2189 1012 2239 a’vo,
1044 2189 1220 2227 omnes
1250 2173 1339 2241 qui
1367 2189 1420 2225 se
1434 2179 1804 2240 praecesserant
1831 2170 2092 2236 impietate
2111 2167 2330 2233 vincens,
2359 2166 2537 2235 dequo
2560 2175 2609 2218 et
2631 2180 2795 2234 nuper
2821 2163 3058 2234 pluribus
3091 2181 3122 2216 a
3153 2180 3231 2217 me
3252 2163 3451 2217 dictum

188 2305 292 2359 εει.
328 2295 394 2350 Ει
419 2309 548 2350 vere
579 2292 884 2364 plurimain
921 2291 1139 2345 homilia
1171 2290 1495 2360 prmcedenti
1541 2291 1594 2345 in
1621 2289 1678 2344 5.
1707 2287 1964 2359 Balnylam
1988 2287 2055 2342 de
2078 2284 2297 2340 Iuliano
2325 2286 2584 2355 Apostata
2613 2284 2888 2339 dicuntur.
2913 2281 3059 2337 Cave
3089 2293 3246 2351 putes
3271 2289 3453 2335 autem

192 2411 290 2465 hic
311 2410 378 2464 de
403 2409 542 2463 libro
563 2409 658 2463 illo
687 2405 898 2474 prolixo
923 2406 976 2460 in
1007 2415 1256 2460 sanctum
1285 2405 1542 2476 Babylam
1588 2416 1896 2460 sermonem
1929 2400 2118 2456 haberi
2152 2419 2164 2455 :
2192 2400 2284 2454 ille
2317 2399 2518 2470 quippe
2569 2412 2679 2452 non
2714 2395 2930 2463 concio,
2956 2411 3062 2450 non
3096 2393 3320 2450 homilia
3345 2401 3452 2457 est,

191 2543 377 2597 neque
403 2540 644 2596 unquam
683 2524 739 2579 in
765 2533 908 2580 cmtu
933 2523 1118 2594 pOpuli
1144 2523 1404 2578 recitatns
1437 2520 1559 2585 fuit,
1590 2528 1648 2574 ut
1676 2519 1732 2574 in
1762 2518 1964 2573 Monito
1988 2515 2312 2588 praecedenti
2345 2514 2616 2578 diximus;
2642 2513 2734 2567 sed
2759 2513 2826 2568 de
2848 2511 3069 2566 homilia
3096 2525 3219 2564 eum
3242 2522 3446 2578 praece-

191 2642 361 2696 dente
385 2639 585 2709 agitur.
619 2637 788 2709 Cujus
815 2654 1020 2694 annum
1053 2638 1332 2708 assignare
1369 2653 1479 2692 non
1527 2637 1824 2707 potuimus,
1851 2634 1930 2692 uti
1981 2650 2084 2690 nec
2120 2633 2471 2689 homiliarum
2524 2631 2577 2685 in
2607 2628 2901 2692 Lazarum,
2933 2642 3111 2697 neque
3140 2625 3368 2694 hujusce
3400 2622 3454 2675 in

193 2757 301 2813 SS.
323 2757 690 2814 ‘Jnventinum
715 2769 768 2814 et
790 2759 1170 2815 Maximinum.
1201 2758 1449 2830 Namque
1475 2767 1534 2813 ut
1554 2767 1762 2814 certum
1784 2757 1998 2812 videtur
2024 2773 2117 2812 eas
2139 2756 2329 2812 eodem
2356 2741 2692 2822 anno'atque
2723 2760 2968 2819 tempore
2998 2747 3211 2802 habitas
3241 2743 3406 2798 fuisse
3435 2756 3452 2794 :

191 2877 277 2929 ita
313 2869 484 2936 nullo,
503 2869 771 2938 probabili
799 2868 1041 2940 quidem,
1067 2869 1291 2937 indicio,
1321 2871 1446 2942 quis
1484 2869 1574 2923 ille
1597 2883 1776 2923 annus
1807 2875 1976 2932 esset,
2010 2863 2415 2936 deprehendere
2447 2862 2620 2918 licuit.
2649 2861 2788 2917 Cum
2821 2860 2908 2917 his
2934 2857 3140 2926 confer,
3176 2860 3357 2926 sodes,
3389 2875 3450 2912 ea

194 2995 322 3048 qua:
354 2979 411 3033 in
448 2979 653 3036 Μοιιίιο
687 2981 1009 3051 praecedenti
1041 2980 1304 3036 diximus.

272 3117 659 3188 lnterpretatio
689 3115 878 3172 Latina
900 3126 990 3174 est
1020 3118 1212 3174 incerti
1235 3117 1528 3189 cujusdam
1555 3118 1701 3176 docti
1727 3117 1854 3184 viri,
1878 3131 2042 3189 quam
2072 3115 2324 3189 plurimis
2357 3117 2415 3173 in
2449 3115 2584 3172 locis
2602 3114 3044 3174 emendavimus.

203 3608 3421 3638 .___—_______._____________________________

106 3723 210 3781 Τοῦ
235 3733 432 3788 αὐτοῦ
461 3732 661 3804 ὁμιλία
685 3731 1137 3804 erecti;quth
1153 3734 1240 3799 είς
1263 3732 1406 3800 τοὺς
1437 3733 1648 3803 ἁγίους
1679 3731 1986 3803 μάρτυρας
2019 3734 2416 3792 Ἰουϐεντῖνον
2472 3737 2572 3792 καὶ
2636 3737 2975 3808 Μαξιμῖνον
3039 3737 3207 3806 ’τοὺς
3229 3739 3536 3811 μαρτιψή-

1217 3840 1446 3892 amr-mc
1483 3826 1580 3880 ἐπὶ
1622 3826 1956 3880 Ἰουλιανοῦ
1982 3827 2089 3883 τοῦ
2137 3829 2526 3885 Ἀποστὰτου.

156 4081 231 4134 α’.
269 4080 330 4132 ’0
401 4077 669 4149 μακάριος
693 4075 940 4140 Βαδύλας
965 4075 1158 4148 πρώην
1189 4078 1336 4148 ἡμᾶς
1366 4078 1599 4133 ἐνταῦθα
1627 4081 1765 4150 μετά

94 4168 298 4222 παίδων
335 4166 507 4238 τριῶν
538 4167 810 4234 συνήγαγε
838 4182 852 4196 ·
885 4166 1125 4237 σήμερον
1155 4166 1502 4236 στρατιωτῶν
1538 4166 1766 4238 ξυνωρὶς

91 4256 262 4322 ἁγίων
289 4255 357 4307 τὸ
387 4253 480 4306 τοῦ
505 4251 742 4323 Χριστοῦ
778 4251 1139 4324 στρατόπεδον
1163 4253 1256 4306 ἐπὶ
1283 4252 1382 4322 τῆς
1406 4253 1767 4324 παρατάξεως

90 4343 286 4413 ἔστησε
310 4358 327 4371 ο
364 4342 488 4394 τότε
528 4340 680 4412 ἅρμα
713 4341 1026 4412 μαρτύρων,
1052 4340 1150 4394 νῦν
1185 4341 1418 4412 ξυνωρὶς
1447 4341 1760 4412 μαρτύρων.

87 4431 360 4500 Διάφορος
389 4431 422 4499 ή
453 4428 659 4499 ἡλικία,
699 4428 834 4482 ἀλλὰ
866 4430 964 4498 μία
1001 4429 1034 4499 ἠ
1077 4428 1280 4491 πίστις·
1315 4427 1534 4481 ποικίλα
1565 4428 1634 4482 τὰ
1665 4447 1768 4482 πα-

88 4515 396 4587 λαίσματα,
431 4516 544 4570 ἀλλ’
579 4517 613 4586 ἡ
653 4517 790 4585 αὐτὴ
833 4515 1087 4587 ἀνδρεία·
1115 4517 1316 4569 ἐκεῖνοι
1360 4515 1583 4570 παλαιοὶ
1627 4516 1767 4571 κατά

87 4604 168 4656 τιν
195 4605 399 4675 χρόνον
418 4618 433 4634 ⁸
464 4596 611 4656 οὗτοι
633 4602 742 4656 νέοι
765 4603 860 4655 καὶ
882 4603 1203 4674 πρόσφατοι.
1227 4601 1476 4667 Τοιοῦτος
1511 4605 1609 4675 τῆς
1644 4604 1765 4657 Ἐκ-

82 4690 318 4758 κλησίας
361 4690 394 4742 ό
429 4688 721 4759 θησαυρὸς,
763 4689 918 4753 νέους
945 4690 1041 4742 καὶ
1070 4689 1335 4751 παλαιοὺς
1378 4689 1517 4760 ἔχων
1553 4707 1766 4763 μαργα-

297 4775 422 4829 ἀλλ’
452 4776 510 4829 ἓν
548 4776 805 4829 ἁπάντων
840 4778 902 4829 τὸ
940 4775 1151 4840 κάλλος.
1179 4777 1292 4830 Οὐκ
1328 4777 1675 4848 ἀμαυροῦται
1700 4778 1762 4832 τὸ

81 4865 245 4927 ἄνθος
277 4863 486 4928 αὐτῶν,
529 4865 591 4916 ού
639 4866 906 4935 καταρρεῖ
949 4863 1028 4934 τῷ
1069 4864 1278 4935 χρόνῳο
1308 4866 1368 4917 ού
1411 4865 1624 4936 δέχεται
1657 4885 1764 4920 πα-

1873 4080 1960 4137 καῖ
1982 4081 2196 4152 νεότητι
2215 4079 2524 4148 λάμποντες
2540 4079 2632 4131 καὶ
2653 4077 3072 4143 ἀποστίλϐοντες
3087 4079 3187 4151 τὴν
3208 4080 3308 4150 τῆς
3328 4083 3535 4148 οἰκείας

1868 4167 2254 4240 λαμπρότητος
2285 4164 2441 4229 δόξαν
2468 4165 2516 4216 οἱ
2549 4164 2845 4236 μάρτυρες.
2890 4165 2955 4216 Ὃ
2993 4164 3058 4236 δὴ
3093 4167 3186 4220 καὶ
3217 4168 3373 4238 ὑμεῖς
3401 4170 3538 4223 eiad-

1867 4273 1978 4320 τες,
2000 4255 2099 4324 οὐχ
2120 4253 2322 4324 ἑτέρως
2349 4252 2446 4323 μὲν
2464 4253 2591 4315 τοὺς
2615 4252 2900 4315 παλαιοὺς,
2924 4253 3129 4316 ἑτέρως
3155 4253 3211 4306 δὲ
3233 4256 3358 4318 τοὺς
3385 4256 3538 4320 νέους

1865 4343 2082 4414 τιμᾶτε·
2116 4340 2251 4394 ἀλλά
2279 4340 2416 4412 μετά
2439 4339 2538 4410 τῆς
2564 4341 2734 4410 αὐτῆς
2764 4340 3072 4410 προθυμίας
3091 4379 3105 4402 ,
3134 4342 3273 4411 μετά
3301 4342 3394 4396 τοῦ
3433 4346 3536 4396 αύ-

1865 4429 1958 4484 τοῦ
1985 4429 2226 4500 φίλτρου,
2267 4427 2405 4499 μετὰ
2427 4428 2524 4498 τῆς
2541 4428 2709 4498 αὐτῆς
2734 4427 3047 4492 διαθέσεως,
3068 4427 3312 4494 ἃπαντας
3340 4433 3536 4501 τιμᾶτε

1866 4518 1961 4572 καί
1979 4517 2324 4588 ἀποδέχεσθε.
2354 4516 2428 4571 Οὐ
2452 4516 2562 4587 γὰρ
2590 4515 2778 4588 χρόνον
2803 4515 3105 4581 ἐξετάζετε,
3133 4516 3248 4570 ἀλλ’
3284 4518 3536 4589 ἀνδρείαν

1866 4606 2194 4677 ἐπιζητεῖτε,
2243 4605 2340 4659 καὶ
2388 4605 2566 4676 ψυχῆς
2610 4603 2918 4667 εὐλάϐειαν,
2967 4605 3061 4657 καὶ
3095 4605 3274 4658 πίστιν
3314 4607 3532 4673 ἀκλινῆ,

1865 4693 1959 4748 καὶ
1995 4692 2158 4763 ζῆλον
2179 4692 2560 4762 ἐπτερωμένον
2589 4703 2613 4731 ι
2635 4693 2731 4745 καὶ
2759 4691 2983 4762 θερμὸν,
3013 4692 3108 4745 καὶ
3136 4693 3398 4757 τοιοῦτον,
3421 4687 3534 4744 οἷον

1863 4781 1913 4833 οἱ
1950 4781 2189 4850 σήμερον
2218 4782 2363 4850 ἡμᾶς
2393 4779 2792 4847 συναγαγόντες
2821 4777 3180 4843 ἐπεδείξαντο.
3224 4778 3381 4832 Οὕτω
3424 4778 3533 4849 γὰρ

1863 4867 2011 4932 ἐζεον
2036 4866 2113 4938 τῷ
2145 4869 2286 4921 κατὰ
2309 4867 2441 4921 Θεὸν
2470 4867 2640 4936 πόθῳ,
2669 4867 2744 4930 ὠς
2774 4867 3066 4938 δυνηθῆναι
3097 4867 3265 4938 χωρὶς
3289 4868 3532 4938 διωγμοῦ

74 4951 366 5022 inuitato;
401 4951 475 5004 ίδν
506 4951 610 5021 τῆς
649 4951 1032 5022 λαμπρότητος
1064 4950 1270 5021 ταύτης
1292 4953 1326 5022 ή
1357 4951 1518 5022 φύσις
1545 4965 1561 4981 ⁸
1584 4956 1618 5025 η
1661 4955 1762 5024 μὲν
1866 4953 2168 5026 μαρτυρίου
2200 4954 2463 5022 στέφανον
2491 4953 2884 5025 ἀναδήσασθαι,
2913 4955 3082 5024 χωρὶς
3119 4955 3301 5026 μάχης
3331 4956 3533 5025 στῆσαι

67 5040 183 5111 γὰρ
217 5039 519 5108 σωματικὴ
548 5038 837 5108 περιουσία
861 5037 998 5090 εἴκει
1022 5038 1116 5090 καὶ
1140 5042 1457 5109 παραχωρεῖ
1483 5038 1562 5110 τῷ
1595 5041 1760 5112 μήκει
1860 5043 2143 5112 τρόπαιον,
2176 5041 2346 5113 χωρὶς
2380 5040 2617 5113 πολέμου
2649 5042 2806 5112 νίκην
2838 5041 3096 5112 ἄρασθαι,
3133 5044 3299 5114 χωρὶς
3325 5043 3532 5113 συμϐο-

67 5128 163 5181 τοῦ
199 5126 405 5198 χρόνον
430 5143 445 5159 ·
477 5128 572 5179 καὶ
598 5127 707 5197 γὰρ
734 5127 922 5196 ἱμάτια
942 5125 1093 5199 [579]
1119 5127 1445 5193 δαπανᾶται,
1463 5130 1558 5180 καὶ
1584 5128 1754 5182 οἰκίαι
1859 5128 1959 5198 λῆς
1982 5130 2012 5170 ι)
2038 5128 2100 5182 τὸ
2129 5129 2380 5202 βραϐεῖον
2410 5129 2655 5200 ἁρπάσαι
2677 5149 2689 5162 ·
2717 5130 2776 5183 τὸ
2802 5129 2858 5182 δὲ
2891 5130 3028 5196 πῶς,
3065 5129 3176 5199 ὲγὼ
3202 5131 3344 5200 λέγω
3363 5149 3374 5158 ·
3395 5131 3531 5186 ἀλλὰ.

66 5216 466 5279 καταλύονται,
505 5217 600 5268 καὶ
625 5216 848 5286 χρυσίον
890 5215 1084 5280 ίοῦται,
1124 5216 1218 5269 καὶ
1252 5217 1401 5269 πᾶσα
1427 5216 1528 5287 τῆς
1555 5215 1756 5284 αἰσθη-
1861 5217 2164 5288 ἀνάσχεσθε
2205 5217 2394 5291 μικρὸν
2415 5217 2620 5280 ἄνωθεν
2657 5217 3002 5290 διηγουμένῳ
3027 5235 3139 5290 μοι.

64 5309 162 5376 τῆς
193 5306 417 5375 ταύτης
445 5303 763 5374 πριουσίας
789 5306 822 5376 ή
849 5304 1008 5375 φύσις
1037 5303 1319 5358 διαπίπτει
1341 5303 1420 5375 τῷ
1454 5305 1630 5377 χρόνῳ
1657 5307 1754 5360 καὶ

59 5393 426 5462 ἀφανίζεται.
478 5393 602 5446 Ἐ’πὶ
634 5392 693 5445 δὲ
735 5393 845 5447 τῶν
886 5391 1272 5463 πνευματικῶν
1314 5392 1606 5464 θησαυρῶν
1653 5394 1751 5463 οὐχ

1926 5426 1950 5490 _‘
1971 5424 2119 5490 ξυνῇ.
2144 5426 2280 5490 ζῆλον
2299 5426 2648 5490 πεπυρωμένον.

59 5493 246 5550 οὓτως
268 5505 281 5517 °
337 5486 451 5540 ἀλλ’
487 5487 576 5540 ἀεὶ
621 5488 713 5539 καὶ
750 5485 1042 5548 διαπαντὸς
1087 5486 1143 5536 ὲν
1178 5485 1268 5556 ἴση
1304 5483 1556 5554 μένουσιν
1599 5485 1747 5556 ἀκμῇ

1921 5487 1950 5526 δ
1976 5487 2058 5538 Sic
2077 5480 2231 5536 Βδιὶι.
2260 5480 2540 5550 Legebatur
2563 5488 2780 5551 ἐμϐολῆς.
2809 5489 2935 5537 Eon.
