4080 6196
522 215 625 269 573

601 327 849 398 Ἐγένετό
884 345 968 392 τις
996 328 1248 400 βασιλεὺς
1273 327 1366 380 ἐπὶ
1391 325 1490 396 τῆς
1519 327 1713 393 γενεᾶς
1753 325 1852 396 τῆς
1881 324 2179 395 ἡμετέρας,

518 415 741 487 ἀσεϐείᾳ.
763 417 991 486 νικήσας
1019 417 1147 479 τοὺς
1177 413 1484 486 ἔμπροσθεν
1509 414 1759 474 ἅπαντας
1782 452 1798 475 ,
1835 413 1964 483 περὶ
1989 405 2050 465 οὐ
2087 413 2182 465 καὶ

519 505 712 576 πρώην
733 505 1010 575 διελέχθην
1037 506 1166 576 ύμῖν
1186 521 1200 536 ·
1238 499 1392 566 οὗτος
1418 505 1445 557 6
1479 501 1732 573 βασιλεὺς
1765 501 1907 573 ὁρῶν
1953 499 2183 571 λαμπρά

517 595 588 648 τὰ
625 595 868 665 ήμὲτερα
895 596 1003 649 ἀπὺ
1032 594 1222 647 τούτου
1260 593 1544 662 γινόμενα,
1578 591 1672 644 τοῦ
1717 589 1829 642 τῶν
1886 589 2182 661 μαρτύρων

519 683 750 737 Θανάτου
780 683 942 750 λέγω,
969 684 1063 736 καὶ
1090 683 1191 735 οὐκ
1222 681 1419 753 ἀνδρας
1447 681 1640 750 μόνον,
1675 678 1813 733 ἀλλά
1853 679 1947 732 καὶ
1987 678 2182 741 παῖδας

517 771 780 832 ἁπαλοὺς,
805 771 898 822 καὶ
923 769 1225 840 παρθένους
1255 767 1684 840 ἁπειρογάμους,
1723 769 1818 821 καὶ
1845 769 2024 820 πᾶσαν
2061 765 2180 836 ἠλι-

517 857 641 909 κίαν
675 857 858 919 ἁπλῶς
892 858 985 909 καὶ
1011 856 1171 924 φύσιν
1200 857 1465 928 ἑκατέραν
1505 855 1764 924 πηδῶσαν
1797 856 1888 908 ἐπὶ
1911 855 2007 917 τὰς
2043 853 2182 924 ὑπὲρ

515 945 616 1012 τῆς
645 945 926 1007 εὐσεϐείας
957 944 1190 1012 σφαγάς,
1221 945 1474 998 ἐδάκνετο
1499 945 1591 998 καὶ
1619 944 1878 1006 ὠδυνᾶτο,
1901 943 1994 996 καὶ
2021 958 2184 1011 φανε-

519 1032 630 1102 ρῶς
660 1031 914 1084 σαλπίσαι
948 1033 1038 1084 τὸν
1075 1033 1310 1102 πόλεμον
1363 1032 1460 1085 οὐκ
1491 1031 1761 1085 ἐϐούλετο.
1797 1031 2003 1094 Πάντες
2048 1029 2180 1102 γάρ,

517 1119 702 1186 φησὶν,
736 1119 812 1181 ὡς
844 1121 937 1172 ἐπὶ
967 1120 1156 1191 κηρίον
1197 1120 1442 1189 μέλιτται
1491 1120 1711 1189 ήξουσιν
1743 1119 1835 1172 ἐπί
1883 1117 1945 1172 τὸ
1978 1116 2183 1188 μαρτύ-

518 1223 633 1276 ριον
681 1207 1004 1276 πετόμενοι·
1061 1208 1153 1260 καὶ
1185 1207 1357 1262 ταῦτα
1383 1208 1482 1260 οὐκ
1529 1208 1588 1271 ἐξ
1618 1207 1830 1278 ἐτέρου,
1861 1206 1996 1259 ἀλλά
2030 1204 2182 1276 παρὰ

514 1292 624 1344 τῶν
654 1294 936 1362 προγόνων
969 1295 1236 1363 ἐμάνθανε
1260 1295 1366 1346 τῶν
1397 1293 1614 1348 ἐαυτοῦ.
1674 1295 1782 1346 Καὶ
1814 1293 1923 1364 γάρ
1950 1293 2044 1346 καὶ
2083 1291 2181 1344 τύ·

519 1397 702 1450 ραννοι
737 1381 835 1452 τὴν
871 1383 1196 1452 Ἐκκλησίαν
1230 1382 1594 1452 ἐπολέμησαν,
1621 1383 1714 1436 καὶ
1735 1382 1896 1452 δῆμοι
1919 1379 2182 1450 διηνεκῶς

516 1468 891 1540 ἐπανέστησαν
917 1482 966 1532 ⁸,
1002 1471 1083 1524 ὅτι
1113 1470 1190 1523 ἔτι
1221 1470 1424 1541 βραχὺς
1452 1466 1518 1542 ἦν
1543 1472 1572 1522 6
1594 1472 1690 1538 τῆς
1722 1468 1998 1530 εὐσεϐείας
2027 1485 2183 1521 σπιν-

517 1555 623 1624 θήρ
641 1572 654 1584 ·
687 1555 802 1609 ἀλλ’
834 1558 983 1626 ὅμως
1006 1558 1105 1609 οὐκ
1126 1557 1374 1621 ἔσϐεσαν,
1405 1558 1466 1610 οὐ
1495 1557 1795 1610 κατέλυσαν
1815 1595 1830 1616 ,
1871 1555 1986 1608 ἀλλ’
2027 1554 2181 1607 αὐτοὶ

519 1643 618 1711 μὲν
651 1644 1002 1698 κατελύοντο’
1047 1647 1076 1698 6
1111 1646 1166 1698 δέ
1191 1645 1423 1715 σπινθὴρ
1454 1646 1660 1706 ἐκεῖνος
1699 1643 1994 1712 αὐξόμενος
2039 1642 2177 1711 πρὸς

517 1727 650 1798 ὕψος
683 1730 881 1800 ᾔρετο,
920 1733 1013 1784 καὶ
1061 1732 1162 1802 τὴν
1211 1729 1534 1802 οἰκουμένην
1581 1731 1878 1784 κατέλαϐεν
1937 1730 2176 1792 ἃπασαν,

515 1819 922 1886 σφαττομένων,
959 1819 1284 1889 καιομένων,
1314 1819 1772 1890 κρημνιζομένων
1793 1858 1807 1879 ,
1847 1833 2178 1871 καταποντι-

513 1903 756 1974 ζομένων
780 1946 794 1968 ,
824 1905 1032 1977 θηρίοις
1061 1907 1502 1978 παραδιδομένων
1531 1907 1640 1960 τῶν
1662 1906 1870 1960 πιστῶν
1899 1907 2175 1963 ἀτάντων.

511 1990 617 2046 Καὶ
640 1995 747 2064 γὰρ
767 1998 894 2058 τοὺς
923 1993 1198 2066 ἄνθρακας
1237 1994 1312 2058 ὡς
1341 1994 1508 2064 πηλὸν
1541 1995 1946 2063 κατεπάτησαν,
1978 1990 2074 2043 καὶ
2109 1989 2178 2044 τά

511 2080 724 2150 πελάγη
755 2081 851 2134 καὶ
872 2081 940 2134 16
973 2081 1194 2151 κύματα
1231 2081 1482 2152 καθάπερ
1528 2079 1799 2150 λειμῶνας
1831 2077 2016 2149 ἐώρων
2036 2117 2051 2142 ,
2084 2079 2178 2131 καὶ

511 2166 603 2217 ἐπὶ
631 2166 690 2220 τὸ
713 2166 864 2235 ξίφος
896 2167 971 2226 ὡς
1003 2169 1096 2221 ἐπὶ
1133 2168 1370 2238 διάδημα
1397 2168 1494 2222 καὶ
1525 2167 1786 2235 στέφανον
1815 2165 2056 2236 ἔτρεχον,
2081 2167 2175 2220 καὶ

511 2255 620 2306 πᾶν
656 2250 796 2316 εἶδος
822 2255 1089 2325 τιμωρίας
1114 2255 1344 2324 ήλεγξαν
1371 2257 1433 2308 οὐ
1459 2256 1537 2325 τῷ
1565 2255 1826 2323 γενναίως
1862 2253 2048 2324 φέρειν
2077 2253 2175 2324 μό-

509 2359 620 2403 νον,
646 2342 784 2396 ἀλλά
822 2343 916 2394 καὶ
944 2342 1022 2411 τῷ
1071 2343 1188 2412 μεθ’
1219 2341 1414 2414 ήδονῆς
1446 2343 1540 2394 καὶ
1591 2341 1900 2411 προθυμίας
1949 2339 2170 2411 πολλῆς.

510 2429 776 2498 Καθάπερ
805 2428 915 2498 γὰρ
961 2429 1032 2481 τὰ
1060 2428 1200 2496 φυτά
1238 2429 1572 2499 ἀρδευόμενα
1601 2427 1858 2492 αὔξεσθαι
1893 2428 2136 2497 πέφυκεν
2155 2444 2170 2458 '

505 2514 649 2568 οὕτω
676 2516 770 2568 καὶ
795 2517 827 2586 ἡ
867 2515 1101 2585 πίστιςή
1136 2515 1379 2586 ἡμετέρα
1423 2515 1797 2586 πολεμουμένη
1849 2515 2050 2596 μᾶλλον
2077 2517 2173 2570 6v-

507 2603 610 2666 θεῖ,
641 2604 734 2656 καὶ
761 2603 1116 2676 ἐνοχλουμένη
1153 2604 1457 2664 πλεονάζει.
1491 2605 1584 2658 καὶ
1615 2605 1714 2675 οὐχ
1737 2603 1880 2658 οῦτω
1918 2605 2044 2668 τοὺς
2068 2606 2172 2675 κή-

507 2707 642 2753 πους
671 2690 915 2753 εὐθαλεῖς
943 2692 976 2762 ή
1015 2691 1122 2744 τῶν
1155 2690 1360 2744 ὑδάτων
1399 2691 1587 2762 ἀρδεία
1634 2694 1807 2744 ποιεῖν
1851 2690 2064 2752 εἴωθεν,
2095 2691 2172 2754 ὡς

505 2777 604 2840 τὰς
632 2778 956 2848 Ἐκκλησίας
977 2777 1084 2831 τῶν
1116 2779 1404 2850 μαρτύρων
1428 2780 1488 2832 τὸ
1513 2775 1651 2850 αἷμα
1675 2779 1911 2844 ποτίζειν
1934 2780 2166 2849 πέφυκε.

506 2866 673 2919 Ταῦτ’
700 2863 792 2920 οὐν
831 2867 1048 2920 ἅπαντα
1105 2869 1200 2920 καὶ
1238 2867 1455 2921 πλείονα
1509 2867 1712 2920 τούτων
1752 2867 1909 2930 είδὼς
1959 2868 2170 2932 ἐκεῖνος

503 2952 758 3006 ἐδεδοίκει
797 2954 1044 3025 φανερῶς
1075 2955 1164 3007 τὸν
1195 2955 1330 3025 πρὸς
1357 2957 1502 3026 ἡμᾶς
1531 2957 1749 3034 κινῆσαι
1782 2957 2017 3024 πόλεμον
2042 2973 2056 2986 ·
2093 2956 2168 3027 μὴ

501 3041 762 3111 τρόπαια,
797 3041 983 3112 φησὶν,
1015 3042 1391 3113 άλλεπάλληλα
1421 3043 1634 3114 στῆσαι,
1669 3045 1765 3098 καὶ
1814 3044 1968 3107 νίκας
1998 3043 2168 3114 ἐργά-

511 3128 706 3182 σασθαι
755 3133 1026 3200 συνεχεῖς,
1077 3133 1170 3185 καὶ
1211 3131 1510 3200 στεφάνους
1563 3131 1934 3203 ἀναδήσασθαι
1987 3148 2168 3202 παρα-

509 3216 882 3286 σκευάσωμεν.
919 3219 1028 3270 Καὶ
1053 3219 1104 3270 τί
1143 3222 1316 3283 ποιεῖς
1354 3221 1610 3272 Σκοπεῖτε
1664 3219 1763 3290 τὴν
1809 3219 2158 3292 κακουργίαν·

515 3304 772 3375 ’1ατρούς,
809 3307 902 3356 καὶ
940 3304 1308 3374 στρατιώτας,
1355 3308 1449 3360 καὶ
1480 3308 1759 3376 σοφιστάς,
1790 3307 1885 3360 καὶ
1932 3309 2164 3378 ῥήτορας

500 3390 743 3454 ἅπαντας
775 3391 1103 3462 ἀφίστασθαι
1126 3395 1232 3446 τῶν
1277 3393 1426 3466 [380]
1460 3395 1926 3465 ἐπιτηδευμάτων,
1985 3395 2018 3465 ἢ
2065 3395 2163 3465 τήν

501 3478 681 3530 πίστιν
719 3477 1042 3548 ἐξόμνυσθαι
1080 3481 1392 3534 ἐκέλευσεν
1421 3481 1563 3534 οὓτω
1593 3482 1727 3551 πρὸς
1759 3483 1906 3552 ἡμᾶς
1941 3483 2033 3534 τὸν
2066 3482 2160 3535 πό·

497 3563 662 3635 λεμον
698 3564 1205 3636 ἀκροϐολιζόμενος,
1242 3567 1329 3620 ἵνα
1359 3566 1426 3620 ἂν
1465 3568 1563 3637 μὲν
1587 3567 1806 3632 εἴξωσι,
1858 3567 2162 3636 καταγέλα-

497 3668 624 3715 στος
653 3653 687 3721 ή
712 3647 850 3724 ἦττα
882 3652 1142 3724 γένηται,
1191 3654 1272 3706 ὅτι
1312 3655 1609 3725 χρημάτων
1646 3656 1746 3726 τὴν
1788 3655 2068 3710 εὐσέϐειαν
2097 3657 2157 3710 οὐ

496 3739 901 3811 προετίμησανο
937 3741 1001 3793 ἂν
1038 3741 1095 3794 δέ
1129 3740 1293 3795 στῶσι
1316 3742 1579 3811 γενναίως
1610 3745 1705 3796 καὶ
1739 3745 2154 3815 περιγένωνται,

497 3827 572 3896 μὴ
610 3827 748 3880 πάνυ
796 3827 1023 3899 λαμπρά
1050 3831 1081 3900 ή
1109 3829 1252 3900 νίκη.
1288 3830 1422 3900 μηδέ
1459 3832 1753 3902 περιφανὲς
1793 3832 1854 3885 τὸ
1900 3833 2158 3904 τρόπαιον

492 3913 752 3985 γένηται·
807 3915 958 3968 οὐδὲν
1003 3917 1110 3988 γὰρ
1144 3917 1286 3987 μέγα
1339 3917 1532 3988 τέχνης
1581 3920 1676 3972 καὶ
1728 3920 2157 3992 ἐπιτηδεύματος

493 4001 633 4072 ὑπὲρ
661 4003 942 4065 εὐσεϐείας
974 4005 1404 4075 καταφρονῆσαι.
1438 4007 1546 4059 Καὶ
1578 4007 1696 4060 οὐδέ
1724 4007 1960 4062 ἐνταῦθα
2002 4010 2155 4062 ἵστα-

489 4105 579 4142 ται
616 4089 801 4160 μόνον’
834 4089 968 4144 ἀλλά
1006 4091 1098 4144 καὶ
1143 4091 1195 4144 εῖ
1221 4108 1305 4155 τις
1331 4087 1399 4164 ἦν
1428 4095 1486 4145 ἐν
1533 4095 1643 4157 τοῖς
1678 4092 1986 4166 ἔμπροσθεν
2025 4097 2154 4168 χρό-

489 4191 622 4237 νοις,
661 4175 822 4245 ήνίκα
852 4175 1085 4244 βασιλεῖς
1114 4173 1252 4248 ἦσαν
1277 4177 1520 4242 εὐσεϐεῖς
1541 4221 1556 4243 ,
1592 4179 1624 4249 ἢ
1659 4179 1878 4251 βωμοὺς
1915 4183 2153 4236 καταλύ-

491 4279 610 4325 σας,
645 4262 678 4332 ή
706 4264 865 4326 ναοὺς
891 4265 1270 4335 κατασκάψας,
1307 4266 1339 4338 ἢ
1379 4267 1706 4338 ἀναθήματα
1736 4268 1933 4334 λαϐὼν,
1971 4271 2004 4342 ἢ
2033 4271 2148 4325 ἀλλ’

489 4348 670 4400 ὁτιοῦν
706 4349 944 4403 τοιοῦτον
982 4352 1377 4423 ἐργασάμενος,
1427 4356 1507 4417 εἰς
1529 4354 1874 4426 δικαστήριον
1918 4356 2148 4423 εἵλκετο,

485 4437 579 4490 καὶ
601 4436 884 4504 ἐσφάζετο,
915 4439 1010 4508 οὐχ
1049 4441 1078 4493 6
1109 4440 1421 4512 πεποιηκώς
1441 4459 1491 4494 τι
1513 4441 1750 4496 τοιοῦτον
1785 4444 1966 4515 μόνον,
2013 4445 2151 4498 ἀλλά

483 4523 580 4576 καὶ
610 4526 638 4578 6
669 4526 1066 4596 κατηγορηθεὶς
1093 4527 1299 4590 ἀπλῶς.
1337 4529 1447 4582 Καὶ
1501 4530 1692 4599 ἐτέρας
1719 4530 1775 4582 δέ
1827 4531 2026 4602 μυρίας
2054 4532 2147 4587 καὶ

482 4611 852 4682 πολυτρόπους
880 4615 1182 4683 προφάσεις
1210 4613 1491 4680 ἔπλαττεν,
1514 4615 1653 4668 ὥστε
1684 4619 1990 4686 κατακόψαι
2020 4621 2143 4684 τούς

480 4699 538 4752 ἐν
567 4699 817 4771 εὐσεϐείᾳ
849 4699 1056 4765 ζῶντας
1085 4701 1350 4764 ἅπαντας.
1383 4703 1492 4755 Καὶ
1527 4702 1699 4756 ταῦτα
1736 4704 1907 4758 ἐποίει
1941 4707 2140 4770 πάντα,

476 4785 570 4838 τδν
591 4787 684 4840 τοῦ
706 4789 1006 4858 μαρτυρίου
1033 4789 1295 4857 στέφανον
1321 4789 1646 4859 ἀμαυρῶσαι
1669 4790 1990 4864 βουλόμενος
2014 4812 2028 4826 ο
2057 4795 2142 4849 ῖνα

475 4874 507 4926 6
539 4875 640 4944 μὲν
670 4877 830 4944 φόνος
859 4876 1008 4947 αὐτῷ
1058 4881 1338 4950 προχωρῇ,
1371 4879 1464 4930 καὶ
1493 4879 1699 4948 σφαγαὶ
1747 4881 2026 4950 γίνωνται,
2066 4883 2140 4954 μὴ

477 4962 734 5032 φαίνηται
783 4964 840 5016 δὲ
868 4964 1095 5037 λαμπρά
1135 4965 1204 5018 τά
1232 4965 1339 5019 τῶν
1379 4967 1672 5038 μαρτύρων
1702 4967 1946 5040 βραδεῖα.
1999 4972 2141 5024 Ἀλλ’

471 5048 626 5103 οὐδὲν
656 5050 805 5120 αὐτῷ
856 5052 1036 5106 πλεῖον
1071 5054 1336 5122 ἐγίγνετο.
1389 5055 1463 5108 Οὐ
1510 5055 1619 5126 γάρ
1657 5057 1766 5110 ἀπὸ
1792 5057 1890 5128 τῆς
1925 5059 2134 5112 ἐκείνου

471 5135 674 5208 ψήφου,
701 5138 818 5190 οὐδέ
839 5139 945 5192 ἀπὸ
975 5141 1072 5211 τῆς
1110 5142 1442 5212 κακουργίας
1473 5144 1688 5208 πάντως
1720 5145 1770 5198 οί
1818 5145 1991 5200 ταῦτα
2034 5165 2139 5200 παο

470 5221 675 5288 θόνεες,
701 5224 816 5278 ἀλλ’
847 5227 954 5280 ἀπὸ
984 5227 1085 5298 τῆς
1132 5229 1427 5284 ἀδεκάστου
1481 5230 1714 5301 κρίσεως
1733 5274 1748 5298 ,
1793 5235 1893 5304 τῆς
1926 5234 2132 5288 ἄνωθεν

472 5308 635 5380 λέγω,
665 5311 758 5368 τὸν
789 5314 1050 5384 στέφανον
1075 5315 1324 5386 δέχεσθαι
1368 5317 1640 5388 μέλλουσι.

527 5567 552 5640 ξ’
578 5567 724 5640 ἓξιγίι.
752 5573 799 5640 ίςι
821 5574 1040 5637 margine
1067 5579 1207 5639 δῆμοι
1233 5579 1471 5640 θηριωδῶς
1490 5579 1746 5631 ἐπανοιίυι
1776 5582 1923 5635 διινίι.
1951 5588 2004 5633 et
2027 5583 2130 5634 Mo-

465 5631 558 5678 «ιι.
580 5631 635 5678 οὐ
656 5631 934 5685 κατέδυσανξ

1324 211 1382 266 S.
1419 210 1702 270 JOANNIS
1739 212 2225 270 CHRYSOSTOMI
2265 215 2587 276 ARCIIIEP.
2627 219 3178 277 CONSTANTINOP.

3846 222 3942 278 51¢

2369 323 2430 397 β’.
2444 325 2742 396 Τοιγαροῦν
2755 327 2860 380 τῶν
2871 330 3208 400 πραγμάτων
3220 331 3276 384 ἐν
3290 331 3492 394 τούτοις
3501 331 3687 386 ὄντων.
3706 332 3800 386 καὶ
3821 333 3943 388 ὡδί-

2283 425 2466 472 νοντος
2496 411 2704 464 ἐκείνου
2756 413 2848 466 τὸν
2879 413 3116 484 πόλεμον
3160 414 3482 484 ἐξενεγκεῖν,
3515 420 3610 471 καὶ
3650 419 3943 486 δεδοικότος

2279 496 2380 565 τὴν
2416 493 2605 570 ¹ῆτταν,
2657 499 2853 571 συνέϐη
2884 502 3139 570 γενέσθαι
3180 505 3482 575 συμπόσιον
3538 509 3942 578 στρατιωτικὸν.

2281 579 2342 637 οὗ
2371 585 2631 667 μετέσχον
2662 588 2710 638 οί
2751 587 2989 658 σήμερον
3021 593 3171 661 ήμᾶς
3205 593 3602 661 συναγαγόντες
3633 596 3905 667 μάρτυρες
3925 613 3941 628 ·

2284 671 2377 724 καὶ
2405 666 2491 725 οἷα
2517 673 2661 735 είκδς
2690 674 2748 726 ἐν
2779 676 3061 746 συμποσίῳ
3083 717 3096 740 ,
3141 681 3576 750 προτεινομένων
3615 681 3790 751 λόγων
3819 666 3943 739 ἐπολ-

2280 756 2407 818 λῶν,
2432 759 2526 811 καὶ
2552 759 2758 829 ἐτέρων
2785 762 2947 833 ἔτερά
2972 781 3093 817 τινα
3116 764 3536 836 διαλεγομένων,
3553 763 3699 824 οὗτοι
3723 772 3789 824 τά
3810 790 3944 840 παρ-

2279 842 2408 895 όντα
2440 844 2700 915 ἐθρήνουν
2755 849 2922 912 κακὰ,
2976 851 3071 903 καὶ
3102 851 3193 904 τὸν
3249 852 3560 924 ἔμπροσθεν
3615 859 3945 929 ἐμακάριζον

2281 931 2491 1001 χρόνον,
2520 934 2613 986 καὶ
2641 934 2778 1005 πρὸς
2809 937 3033 1002 ἑαυτοὺς
3064 938 3159 991 καὶ
3191 940 3328 1010 πρὸς
3369 943 3496 1005 τοὺς
3534 945 3804 1014 παρόντας
3832 946 3948 1001 ἔλι-

2280 1033 2378 1086 γον
2397 1035 2409 1048 ο
2445 1022 2552 1090 Ζῇν
2572 1020 2628 1073 δὲ
2656 1020 2840 1074 λοιπον
2865 1023 3002 1086 ὅλως
3035 1024 3210 1089 ἀξιονς
3242 1029 3500 1081 ἀναπνεῖν
3521 1030 3599 1093 δέ,
3625 1032 3656 1103 ἢ
3684 1032 3774 1084 τὸν
3797 1034 3945 1105 ἥλιον

2281 1105 2468 1159 τοῦτον
2498 1108 2650 1179 όρᾷν,
2679 1108 2787 1162 τῶν
2841 1111 3003 1182 ἱερῶν
3051 1117 3550 1186 καταπατουμένων
3604 1120 3803 1190 νόμων,
3846 1121 3946 1192 τῆς

2282 1193 2562 1258 εὐσεϐείας
2584 1196 2968 1268 ὑϐριζομένης,
3007 1201 3101 1254 τοῦ
3135 1203 3318 1256 κοινοῦ
3354 1205 3454 1276 τῆς
3488 1206 3714 1272 κτίσεως
3745 1210 3945 1280 ἀτιμα-

2283 1279 2509 1351 ζομένου
2543 1285 2849 1349 Δεσπότου;
2902 1287 3088 1342 Πάντα
3127 1290 3354 1360 κνίσσης
3407 1293 3566 1363 γέμει
3598 1297 3692 1348 καὶ
3716 1279 3943 1361 καπνοῦ,

2283 1366 2458 1419 πάντα
2493 1367 2689 1423 θυσιῶν
2722 1372 3065 1444 ἀκαθάρτων,
3091 1376 3210 1428 οὐδὲ
3237 1378 3374 1448 ἀέρα
3411 1381 3646 1454 καθαρὸν
3676 1381 3944 1436 ἀναπνεῦ-

2283 1471 2373 1508 σαι
2398 1455 2688 1524 δυνάμεθα.
2716 1460 2788 1514 Σὺ
2817 1460 2871 1514 δέ
2899 1479 2988 1532 μοι
3018 1465 3090 1535 μὴ
3115 1465 3300 1530 ἀπλῶς
3325 1469 3690 1541 παραδράμῃς
3708 1471 3774 1523 τά
3800 1475 3945 1540 είρη-

2285 1542 2449 1610 μένα’
2483 1543 2595 1596 ἀλλ’
2627 1546 2878 1617 ἐννόησον
2907 1549 2996 1602 τὸν
3024 1553 3235 1621 καιρὸν,
3262 1555 3382 1616 καθ’
3409 1555 3466 1607 ὃν
3501 1555 3671 1608 ταῦτα
3706 1558 3940 1626 ἐλέγετο’

2281 1627 2376 1680 καὶ
2411 1629 2599 1684 σκόπει
2626 1633 2724 1703 τὴν
2750 1635 3035 1690 εὐλάϐειαν
3053 1638 3162 1691 τῶν
3192 1639 3476 1708 λεγόντων.
3509 1644 3568 1696 Εἰ
3590 1644 3697 1714 γὰρ
3719 1646 3776 1698 ἐν
3813 1663 3946 1715 συμ-

2283 1715 2454 1786 ποσίῳ
2483 1722 2855 1792 στρατιωτικῷ
2899 1723 3027 1777 ἔνθα
3078 1726 3311 1797 ἄκρατος
3358 1724 3500 1792 οἶνος
3552 1732 3646 1783 καὶ
3681 1731 3822 1802 μέθη
3853 1735 3945 1786 καὶ

2279 1802 2480 1872 ἅμιλλα
2507 1806 2744 1870 ἀσωτίας
2767 1811 3021 1880 ἐσχάτης,
3051 1816 3145 1866 καὶ
3178 1817 3463 1885 παροινίας
3488 1816 3634 1885 ἁγὼν
3659 1820 3754 1871 καὶ
3778 1837 3947 1890 παρα.

2280 1888 2528 1959 πληξίας,
2560 1891 2734 1957 οὕτως
2763 1896 2994 1961 ἔστενον,
3023 1899 3195 1966 οὕτως
3219 1902 3501 1974 ἐθρήνουν,
3529 1902 3828 1978 τίνεςῆσαν
3854 1909 3944 1962 ἐπὶ

2278 1979 2377 2046 τῆς
2413 1978 2587 2066 οίᾲκίας
2637 1980 2810 2050 ὄντες,
2847 1987 2939 2038 καὶ
2975 1986 3224 2058 ἀλλήλοις
3280 1993 3661 2063 συγγινόμενοι
3721 1995 3940 2066 μόνοις;

2277 2064 2420 2129 τίνες
2449 2063 2588 2137 ἦσαν
2613 2069 2670 2120 ἐν
2702 2074 2823 2135 ταῖς
2855 2073 3042 2144 εὐχαῖς
3069 2078 3118 2129 οί
3149 2077 3280 2150 παρ’
3312 2079 3476 2133 αὐτὸν
3497 2081 3588 2133 τὸν
3621 2083 3814 2155 καιρὸν
3847 2085 3940 2156 τῆς

2275 2153 2488 2222 τρυφῆς
2520 2155 2664 2209 οὕτω
2691 2162 3128 2232 συνεσταλμένοι,
3173 2166 3267 2218 καὶ
3292 2165 3625 2223 ἀποστολικὰ
3665 2171 3940 2244 σπλάγχνα

2275 2240 2742 2312 ἐπιδεικνύμενοις
2778 2247 2959 2301 Ἀλλοι
3009 2249 3254 2316 ἔπιπτον,
3311 2256 3405 2307 καὶ
3463 2251 3606 2309 οὗτοι
3651 2258 3938 2330 ἐθρήνουν·

2273 2325 2460 2398 ἔτερος
2491 2329 2696 2396 ἠσέϐει,
2721 2333 2816 2386 καὶ
2835 2327 2980 2388 οὗτοι
3014 2337 3314 2408 ἐπυροῦντο
3333 2357 3346 2371 ο
3385 2341 3504 2395 οὐδέ
3530 2325 3826 2413 ᾐσθάνοντο
3847 2348 3940 2419 τῆς

2272 2413 2481 2498 οἰκείας
2509 2415 2738 2483 ὑγιείας,
2778 2418 2864 2472 διά
2902 2419 3000 2491 τὴν
3037 2423 3146 2474 τῶν
3177 2424 3423 2494 ἀδελφῶν
3453 2429 3766 2498 ἀρρωστίαν
3785 2446 3802 2462 ·
3826 2413 3936 2487 ἀλλ’

2271 2497 2460 2572 ῶσπερ
2485 2503 2652 2556 κοινοὶ
2676 2507 2976 2575 προστάται
3002 2511 3101 2580 τῆς
3119 2512 3444 2586 οἰκουμένης
3471 2497 3736 2583 δοθέντες,
3770 2519 3939 2586 οὕτως

2271 2587 2471 2656 ήλγουν
2503 2591 2596 2643 καὶ
2634 2591 2894 2664 ἐδάκρυον
2925 2597 3017 2649 ἐπὶ
3051 2602 3162 2662 τοῖς
3183 2602 3489 2672 γινομένοις
3511 2611 3724 2670 κακοῖς.
3756 2609 3941 2664 Ταῦτα

2271 2675 2513 2740 εἰπόντες
2545 2679 2643 2732 οὐκ
2677 2679 2898 2735 ἔλαθον·
2957 2683 3074 2738 ἀλλ’
3125 2682 3206 2750 εἷς
3249 2706 3329 2751 τις
3365 2690 3475 2744 τῶν
3515 2696 3616 2764 τῆς
3655 2695 3941 2768 τραπέζης

2270 2765 2668 2854 κοινωνούντων
2704 2771 2937 2842 ἐκείνης,
2961 2773 3124 2845 εῖρων
3151 2776 3248 2830 καὶ
3276 2779 3458 2845 κόλαξ,
3485 2781 3825 2854 θεραπεῦσαι
3847 2765 3939 2842 τδν

2271 2849 2491 2942 βασιλέα
2519 2854 2860 2942 βουλόμενος,
2887 2861 3064 2915 πάντα
3077 2863 3147 2917 16
3164 2865 3285 2937 είρη
3293 2867 3431 2937 μένα
3451 2849 3625 2942 τούτῳ
3654 2877 3936 2927 κατεῖπε-ν’

2267 2940 2296 2991 6
2322 2938 2377 2992 δὲ
2406 2941 2541 3011 ὅπερ
2566 2941 2747 3012 ἐζήτει
2786 2946 2951 3000 πάλαι
2979 2948 3174 3018 εὑρὼν,
3203 2955 3296 3006 καὶ
3326 2938 3650 3028 προφάσεως
3677 2960 3940 3014 ἐπιλαϐό-

2270 3043 2428 3095 μενος
2457 3027 2756 3102 δυναμένης
2789 3035 2985 3098 αὐτοῦς
3031 3037 3399 3111 ἀποστερῆσαι
3449 3043 3556 3097 τῶν
3592 3046 3686 3098 τοῦ
3726 3065 3946 3119 μαρτυ-

2269 3111 2384 3182 ρίου
2411 3113 2636 3183 μισθῶν,
2654 3117 2866 3173 κελεύει
2887 3121 3225 3194 δημευθῆναι
3250 3128 3350 3198 τὴν
3379 3129 3566 3185 οὐσίαν
3589 3111 3770 3185 αὐτῶν
3796 3111 3948 3190 6m-

2267 3215 2384 3264 σαν,
2420 3203 2704 3272 τυραννίδα
2731 3207 2977 3274 ἐγκαλῶν
3007 3211 3144 3283 ὐπέρ
3177 3211 3329 3286 [581]
3356 3216 3464 3268 τῶν
3505 3220 3768 3288 ῥημάτων
3807 3224 3943 3276 τού-

2263 3301 2391 3378 των,
2419 3288 2510 3340 καὶ
2531 3292 2768 3378 γυμνοὺς
2803 3295 2883 3356 είς
2912 3295 2974 3346 τὸ
3011 3296 3380 3371 δεσμωτήριον
3409 3304 3726 3376 είσαχθῆναι
3763 3325 3915 3378 προσ
3936 3341 3947 3351 -

2263 3371 2469 3468 έταξεν.
2497 3376 2560 3428 Οί
2581 3375 2638 3468 δέ
2663 3376 2879 3468 ἔχαιρον
2922 3384 3015 3435 καὶ
3045 3385 3358 3454 ἠγάλλοντο.
3380 3390 3446 3442 Τί
3611 3371 3742 3463 ήμῖν
3779 3371 3949 3468 περι-

2263 3457 2471 3550 οὐσίας.
2499 3462 2656 3531 φασὶ,
2689 3466 2782 3517 καὶ
2816 3468 3010 3538 στολῆς
3036 3471 3395 3539 πολυτελοῦςς
3428 3457 3671 3550 κάνῗγάρ
3707 3457 3944 3536 αὐτὺπὸ

2262 3544 2486 3638 ἔσχατον
2534 3551 2747 3620 ἱμάτιον
2795 3555 2894 3624 τὴν
2953 3557 3134 3627 σάρκα
3159 3561 3530 3617 ἀποδύσασθαι
3707 3568 3797 3622 διά
3844 3571 3939 3623 τὸν

2259 3632 2514 3704 Χριστὸν,
2549 3639 2670 3692 οὐδὲ
2699 3639 2902 3711 ταύτης
2927 3643 3282 3716 ἀνθεξόμεθα,
3317 3648 3450 3703 ἀλλὰ
3497 3651 3590 3704 και
3626 3632 3801 3724 αὐτὴν
3826 3673 3937 3709 πα-

2263 3724 2678 3795 ραχωρήσομεν.
2708 3729 2818 3782 Καὶ
2845 3731 3134 3802 σήμαντρα
3163 3733 3349 3789 λοιπὸν
3381 3733 3447 3808 ἦν
3473 3740 3532 3792 ἐν
3561 3741 3683 3802 ταῖς
3708 3743 3936 3808 οἰκίαις,

2259 3811 2353 3902 καὶ
2385 3811 2564 3864 πάντα
2596 3815 2941 3885 ἀνηρπάζετο
2985 3818 3054 3872 τά
3105 3822 3352 3877 ἐκείνων.
3398 3826 3506 3878 Καὶ
3547 3828 3806 3902 καθάπερ
3841 3831 3938 3885 ἇν-

2258 3894 2464 3966 θρωποι
2499 3900 2781 3970 μέλλοντες
2808 3905 3112 3976 ἀποδημεῖν
3143 3911 3224 3973 είς
3277 3913 3511 3984 πατρίδα
3560 3894 3788 3988 μακρὰν
3823 3920 3934 3989 ἀφ-

2255 3987 2573 4076 εστηκυῖαν,
2593 3989 2691 4058 τὴν
2705 3990 2881 4046 οίκίαν
2908 3993 3365 4064 ἐξαργυρίσαντες
3385 3999 3644 4065 πολλάκις
3673 3987 3931 4076 προπέμ-

2257 4087 2482 4126 πουσιν·
2517 4072 2661 4128 οῦτω
2687 4076 2751 4149 δὴ
2793 4079 2887 4132 καὶ
2933 4082 3020 4133 ἐπ’
3058 4083 3283 4138 ἐκείνων
3317 4087 3649 4143 συνέϐαινεν.
3706 4091 3930 4165 Ἐπειδὴ

2255 4157 2392 4247 πρὸς
2419 4159 2509 4212 τὸν
2531 4161 2758 4232 οὐρανὸν
2787 4164 3012 4234 ἔμελλον
3044 4168 3346 4240 ἀποδημεῖν
3363 4212 3377 4235 ,
3412 4177 3804 4247 προεπέμπετο
3829 4157 3935 4234 αῠξ

2251 4244 2360 4296 τῶν
2391 4247 2422 4316 ἡ
2452 4248 2631 4312 οὐσία,
2657 4251 2837 4304 αὐτῶν
2869 4253 2978 4306 τῶν
3007 4257 3221 4329 ἐχθρῶν
3247 4259 3385 4329 πρὸς
3409 4262 3510 4333 τὴν
3540 4244 3934 4337 παραπομπὴν

2251 4331 2700 4424 διακονουμένων.
2731 4339 2866 4392 Οὐδέ
2889 4341 2999 4411 γὰρ
3025 4345 3189 4413 μόνον
3209 4345 3278 4399 τά
3314 4331 3472 4401 κατάή
3487 4331 3644 4419 λόγον

2251 4419 2418 4492 σύνης
2467 4421 2719 4492 διδόμενα
2745 4428 3003 4498 χρήματα
3047 4432 3183 4502 πρὸς
3226 4435 3452 4505 οὐρανὸν
3508 4419 3930 4506 μετατίθενταιο

2411 4509 2507 4597 καὶ
2533 4511 2676 4582 άπερ
2705 4513 2770 4567 ἂν
2800 4516 3122 4587 ἀρπάζωσιν
3142 4522 3192 4572 οί
3219 4521 3319 4592 τὴν
3348 4523 3532 4578 πίστιν
3558 4526 3933 4597 πολεμοῦντες

2247 4595 2342 4648 καὶ
2371 4594 2657 4662 διώκοντες
2683 4602 2810 4666 τοὺς
2847 4604 2906 4657 ἐν
2939 4605 3194 4679 εὐσεϐείᾳ
3221 4609 3451 4675 ζῶντας,
3475 4613 3571 4666 καὶ
3593 4594 3770 4669 ταῦτα
3803 4619 3933 4670 ἐκεῖ

2247 4680 2654 4754 θησαυρίζεται.
2714 4689 2839 4742 Ὀτι
2887 4692 2996 4762 γάρ
3029 4693 3186 4748 τοῦτο
3235 4696 3338 4752 οὐκ
3397 4698 3620 4755 ἔλαττον
3679 4702 3927 4767 ἐκείνου,

2245 4769 2475 4824 ἀκουσον
2527 4771 2581 4825 τί
2637 4791 2802 4844 φησιν
2833 4778 2863 4830 6
2892 4779 3132 4843 Παῦλοςο
3163 4783 3275 4836 Καὶ
3301 4783 3418 4852 τὴν
3465 4787 3747 4858 ἁρπαγὴν
3801 4790 3934 4845 τῶν

2242 4859 2638 4946 ὐπαρχόντων
2657 4861 2823 4930 ὑμῶν
2841 4867 2993 4934 μετὰ
3012 4867 3202 4937 χαρᾶς
3225 4872 3698 4939 προσεδέξασθε,
3727 4893 3936 4946 προσ-ο

2241 4943 2537 5013 δοκῶν-τες
2560 4948 2727 5018 ἔχειν
2753 4955 3063 5021 κρείττονα
3088 4957 3350 5026 ὕπαρξιν
3388 4961 3459 5015 ἐν
3487 4943 3784 5031 οὐρανοῖς.
3827 4970 3936 5022 καὶ

2235 5033 2570 5102 μένουσαν.
2601 5033 2780 5092 *Ησαν
2805 5041 2987 5096 τοίνυν
3007 5044 3058 5096 οί
3096 5043 3375 5118 μάρτυρες
3427 5051 3488 5102 ἐν
3522 5048 3600 5121 τῷ
3627 5052 3934 5125 δεσμωτη-

2245 5121 2364 5210 ρίῳ,
2397 5123 2491 5176 καὶ
2525 5126 2673 5179 πᾶσα
2707 5128 2741 5198 ή
2778 5128 2932 5194 τώλις
2966 5133 3084 5186 ἐκεῖ
3111 5135 3363 5208 συνέρρει
3387 5155 3402 5168 ⁸
3434 5139 3611 5193 καίτοι
3635 5157 3703 5209 γε

2239 5209 2335 5263 καὶ
2355 5211 2596 5264 ἀπειλῶν
2624 5215 2718 5267 καὶ
2750 5216 3012 5272 κινδύνων
3061 5221 3522 5296 ἐπικρεμαμένων
3557 5209 3858 5298 μεγάλειιν,
3886 5232 3936 5286 εί

2236 5312 2324 5386 τις
2353 5298 2662 5386 προσέλθοι,
2691 5303 2785 5355 καὶ
2807 5304 3114 5378 διαλεχθείη
3160 5312 3254 5365 καὶ
3301 5316 3682 5386 κοινωνήσειεν
3730 5323 3938 5386 αὐτοῖς

2235 5381 2426 5476 λόγων.
2474 5385 2612 5476 Ἀλλ’
2644 5389 2674 5440 ὁ
2699 5387 2794 5442 τοῦ
2817 5390 2952 5446 Θεοῦ
2975 5395 3142 5463 φόϐος
3166 5399 3346 5452 πάντα
3375 5381 3558 5456 ἐκεῖνα
3591 5381 3940 5476 παρὼσατο,

2236 5471 2330 5524 καὶ
2367 5471 2432 5524 δι’
2463 5475 2702 5538 ἐκείνους
2752 5477 2934 5533 πολλοὶ
2972 5482 3092 5534 τότε
3142 5485 3420 5553 ἐγίγνοντο
3452 5471 3740 5561 μάρτυρες
3784 5471 3944 5568 ὑπὲρ

2233 5557 2332 5628 τῆς
2357 5559 2491 5624 πρδς
2523 5561 2720 5626 αὐτοὺς
2743 5568 3030 5630 συνουσίας
3067 5571 3167 5640 τῆς
3192 5574 3474 5646 παρούσης
3503 5583 3944 5651 καταφρονοῦν-

2234 5661 2326 5707 τες
2355 5644 2517 5717 ζωῆς,
2539 5648 2633 5701 καὶ
2663 5655 3064 5724 συντρεχόντων
3093 5659 3302 5716 πολλῶν
3320 5644 3630 5735 ψαλμῳδίαι
3666 5676 3941 5742 συνεχεῖς
