4080 6196
286 260 387 315 5ἷό

290 471 583 541 Imperator
631 468 850 539 quidam
878 509 894 532 ,
945 468 1104 523 etiam
1148 479 1333 523 nostro
1360 484 1513 531 tevo,
1557 482 1744 524 omnes
1782 469 1871 539 qui

282 580 341 618 se
371 569 761 633 pmesserant
787 561 1056 629 impietate
1079 560 1329 625 vincens,
1375 559 1443 614 de
1491 576 1597 630 quo
1627 570 1680 615 et
1708 576 1874 629 nuper

283 654 517 724 pluribus
545 667 573 704 τ
598 668 683 707 me
718 651 918 706 dictum
945 658 1027 705 est
1058 668 1070 704 :
1113 650 1202 720 qui
1231 666 1352 704 cum
1398 650 1604 705 videret
1646 666 1731 705 res
1778 667 1876 705 uo-

281 762 421 803 stras
445 757 740 816 martyrum
769 755 940 800 morte
966 744 1221 800 clariores
1242 745 1379 809 ﬁeri,
1412 755 1467 799 et
1490 760 1549 799 ea
1580 759 1737 799 causa
1768 762 1870 798 non

281 841 452 893 solum
484 839 661 903 viros,
702 836 795 891 sed
826 847 881 890 et
912 845 1123 891 teneros
1173 851 1367 907 pueros
1409 837 1746 906 virginesque
1787 838 1871 889 in-

283 944 476 1002 nuptas
501 972 517 994 .
545 940 601 985 et
620 929 674 984 iu
698 945 904 984 summa
933 944 998 984 ex
1023 931 1168 984 omni
1196 945 1327 984 sexu
1354 942 1410 985 et
1433 940 1589 985 aetate
1615 930 1870 1000 quosdam

282 1039 379 1095 pro
410 1024 671 1093 religione
691 1022 757 1077 ad
786 1031 1016 1078 mortem
1045 1023 1322 1092 prosilire,
1346 1023 1681 1077 cruciabatur
1699 1033 1753 1076 et
1778 1024 1875 1075 do-

285 1114 464 1180 lebat;
511 1125 771 1170 caeterum
814 1128 1033 1169 movere
1078 1114 1275 1169 bellum
1314 1114 1591 1169 manifeste
1639 1115 1869 1168 uolebat.

281 1206 482 1261 Omnes
520 1206 686 1267 enim,
737 1204 982 1270 dicebat,
1030 1205 1098 1259 ad
1139 1206 1451 1277 martyrium
1473 1247 1486 1269 ,
1516 1206 1666 1275 quasi
1696 1206 1760 1259 ad
1789 1205 1871 1259 al-

282 1298 518 1352 vearium
569 1311 699 1366 apes
751 1296 1024 1351 volabunt.
1075 1296 1201 1351 "th
1247 1306 1424 1351 autem
1468 1312 1573 1350 non
1620 1297 1687 1351 ab
1728 1296 1869 1363 alio,

280 1403 438 1457 quam
482 1402 512 1441 a
558 1387 849 1456 majoribus
915 1387 1027 1441 suis
1072 1386 1351 1440 didicerat.
1402 1386 1611 1440 Etenim
1663 1387 1871 1456 tyranni

280 1478 574 1533 Ecclesiam
627 1478 976 1541 infestarunt,
1029 1485 1083 1531 et
1129 1478 1309 1548 populi
1353 1492 1566 1547 quoque
1616 1488 1871 1548 perpetuo

280 1570 725 1626 insurrexerunt‘
756 1585 876 1625 cum
904 1569 1078 1625 adhuc
1120 1585 1281 1640 parva
1328 1570 1601 1641 religionis
1640 1572 1869 1628 scintilla

278 1672 461 1726 esset;
495 1676 614 1715 eam
647 1670 824 1715 tamen
851 1675 957 1714 non
985 1662 1396 1726 exstinxerunt,
1437 1677 1611 1731 neque
1657 1662 1871 1717 destru-

278 1761 509 1817 xerunt,
554 1749 648 1806 sed
704 1750 804 1821 ipsi
856 1750 1034 1820 potius
1077 1751 1332 1805 dcstructi
1375 1763 1518 1805 sunt.
1568 1752 1873 1822 Augebatur

278 1844 521 1913 quotidie
545 1843 772 1899 scintilla
811 1843 960 1909 haec,
1014 1842 1387 1914 ferebaturque
1426 1844 1481 1898 in
1525 1844 1782 1908 sublime,
1818 1854 1873 1899 et

278 1949 498 1989 omnem
527 1934 764 2003 undique
789 1934 976 1989 orbem
1023 1934 1343 2001 iuvadebat,
1389 1950 1511 1990 cum
1552 1936 1868 1991 occideren-

279 2036 387 2093 tur,
427 2025 803 2090 adurerentur,
849 2027 1342 2095 suspenderentur,
1388 2029 1865 2099 praecipitarentur,

278 2119 466 2175 bestiis
506 2119 870 2189 objicerentur
890 2135 1078 2175 omnes
1103 2119 1310 2175 ﬁdeles.
1357 2121 1567 2176 Etenim
1610 2123 1870 2179 carbones

278 2210 415 2265 sicut
443 2211 614 2265 lutum
646 2210 953 2275 calcabam,
981 2220 1035 2265 et
1062 2226 1210 2266 mare
1234 2210 1532 2282 ﬂuctusque
1574 2212 1713 2266 sicut
1742 2228 1868 2282 pra-

279 2311 391 2355 tum
422 2302 788 2373 intuebantur,
818 2300 885 2355 ad
914 2301 1145 2371 gladium
1172 2303 1310 2357 sicut
1332 2301 1400 2355 ad
1426 2300 1669 2357 diadema
1699 2314 1753 2357 et
1778 2318 1870 2358 co-

280 2408 465 2448 ronam
495 2392 784 2448 currebant
802 2432 818 2457 ,
848 2392 1134 2462 omniaque
1164 2398 1550 2447 tormentorum
1576 2408 1771 2463 genera
1796 2395 1867 2448 ita

276 2486 641 2556 superabant,
699 2495 756 2538 ut
782 2500 844 2539 ea
884 2499 992 2539 non
1049 2484 1224 2538 solum
1269 2499 1530 2553 generose
1568 2495 1629 2539 et
1662 2486 1866 2540 fortiter

277 2582 515 2642 ferrent,
544 2578 638 2633 sed
660 2578 981 2634 etalacriter
1018 2586 1074 2632 et
1110 2592 1233 2632 cum
1258 2578 1551 2646 voluptate.
1581 2578 1867 2633 Enimvero

275 2671 416 2724 sicut
440 2672 639 2740 planta:
679 2670 861 2740 rigata:
891 2669 1058 2739 magis
1081 2678 1359 2734 crescunt,
1407 2670 1479 2723 ita
1506 2680 1561 2723 et
1587 2669 1722 2725 ﬁdes
1770 2686 1870 2724 no-

276 2773 391 2817 stra
415 2762 913 2833 oppugnata'magis
930 2760 1103 2825 ﬂoret;
1122 2770 1177 2817 et
1195 2770 1383 2816 vexata
1412 2762 1735 2817 incrementa
1757 2778 1870 2816 ma-

274 2854 395 2924 jora
421 2855 622 2917 sumit;
655 2870 829 2924 neque
860 2853 997 2908 horti
1025 2852 1179 2923 aquis
1209 2852 1411 2922 irrigati
1445 2854 1512 2907 ita
1543 2852 1864 2922 germinant,

277 2953 335 2999 et
360 2943 578 3000 fecundi
607 2955 765 3008 sunt,
791 2954 850 2999 ut
877 2943 1127 2998 Ecclesiae
1145 2983 1163 3010 ,
1193 2943 1241 2998 si
1268 2952 1558 3012 martyrum
1584 2942 1869 3011 irrigantur

273 3038 557 3109 sanguine.
609 3038 736 3093 Haec
776 3037 953 3092 omnia
989 3047 1151 3105 atque
1193 3035 1342 3105 plura
1379 3049 1502 3089 cum
1546 3034 1634 3089 ille
1670 3035 1865 3101 sciret,

275 3130 643 3191 meticulosior
687 3137 844 3195 erat,
896 3142 1057 3198 quam
1097 3135 1155 3181 ut
1201 3125 1480 3181 manifeste
1522 3140 1645 3180 cum
1672 3128 1868 3182 nostris

278 3222 615 3292 conﬂigeret.
644 3220 723 3276 Ne
744 3219 1037 3275 efﬁciamus
1056 3260 1069 3284 ,
1101 3218 1306 3288 inquit,
1348 3226 1409 3272 ut
1433 3216 1726 3288 frequentia
1758 3221 1867 3272 eri-

273 3323 407 3383 gant
431 3322 665 3382 ιτονωθ,
698 3311 976 3365 continuas
1004 3319 1280 3379 reportent
1308 3310 1557 3363 victorias
1579 3350 1595 3375 ,
1636 3317 1689 3363 et
1716 3324 1869 3364 coro-

274 3420 375 3459 nas
394 3405 689 3461 obtineant.
721 3402 827 3458 Sed
858 3402 984 3472 quid
1012 3400 1179 3455 facit?
1210 3399 1373 3465 Vide,
1409 3415 1533 3466 oro,
1566 3401 1867 3472 malignita-

275 3504 409 3549 tem.
440 3492 675 3548 Medicas
694 3534 711 3560 ,
738 3493 934 3548 milites
952 3532 967 3556 ,
1014 3491 1281 3561 sophistas
1308 3498 1365 3543 et
1391 3500 1633 3547 oratores
1679 3508 1868 3550 omnes

274 3589 423 3644 vela
450 3586 870 3657 professionibus
918 3586 1029 3640 suis
1074 3584 1349 3640 discedere
1388 3585 1473 3640 vel
1512 3586 1673 3641 ﬁdem
1716 3602 1866 3642 suam

275 3680 529 3749 abjurare
545 3678 733 3748 jubet,
765 3678 1122 3747 excitavitque
1160 3676 1215 3730 in
1255 3678 1396 3731 hunc
1439 3676 1655 3732 modum
1682 3687 1866 3732 contra

278 3780 499 3826 nostros
538 3768 736 3824 bellum
774 3768 877 3823 tela
903 3768 1113 3823 eminus
1142 3768 1389 3839 mittens,
1432 3776 1491 3821 ut
1518 3768 1562 3822 si
1588 3783 1619 3821 a
1642 3768 1744 3823 ﬁde
1770 3769 1867 3823 de-

276 3865 535 3918 sisterent
560 3904 575 3928 ,
608 3861 831 3916 ridicule
858 3861 1217 3925 vincerentur,
1254 3868 1435 3928 utpote
1456 3860 1545 3929 qui
1574 3859 1732 3914 ﬁdem
1754 3860 1870 3929 opi-

279 3954 385 4011 bus
413 3970 522 4008 non
556 3952 909 4024 praeferrent;
961 3952 1042 4007 sin
1078 3964 1338 4021 generose
1364 3958 1770 4020 perseverarent
1813 3959 1869 4005 et

276 4049 597 4114 vincerent,
641 4060 814 4115 nequc
840 4046 920 4101 sic
955 4044 1167 4115 egregia
1205 4042 1344 4098 foret
1380 4044 1640 4108 victoria;
1695 4057 1868 4113 neque

280 4142 494 4212 insigne
539 4149 795 4212 tropzeum
824 4156 839 4192 :
869 4136 1002 4192 nihil
1048 4138 1190 4191 enim
1229 4150 1518 4205 magnum,
1570 4142 1739 4189 artem
1783 4135 1865 4190 vel

282 4236 673 4306 professionem
700 4249 795 4304 pro
820 4233 1016 4303 pietate
1041 4241 1408 4288 contemnere.
1439 4230 1621 4301 Neque
1647 4231 1695 4286 is
1715 4232 1869 4286 saevi-

280 4333 370 4383 tiae
394 4329 514 4398 ejus
536 4327 657 4383 finis
684 4335 800 4382 erat
834 4344 848 4379 :
877 4340 1001 4380 nam
1022 4325 1089 4379 ad
1115 4324 1229 4380 haec
1247 4365 1263 4392 ,
1293 4325 1338 4379 si
1365 4325 1487 4395 quis
1505 4324 1867 4392 superioribus

281 4420 438 4474 annis
460 4458 478 4484 ,
510 4434 631 4474 cum
658 4417 831 4472 adhuc
852 4417 922 4486 pii
965 4417 1320 4486 Imperatores
1347 4430 1524 4470 rerum
1547 4416 1864 4485 potirentur,

278 4511 366 4566 vel
384 4511 572 4565 altaria
597 4508 882 4563 demolitus
908 4507 1134 4571 fuisset,
1178 4505 1264 4560 vel
1294 4506 1489 4575 templa
1524 4505 1826 4562 suﬂ'odisset
1845 4547 1863 4575 ,

281 4602 371 4656 vel
396 4600 621 4655 donaria
640 4599 983 4669 diripuisset,
1029 4597 1115 4653 vel
1143 4596 1287 4652 aliud
1317 4596 1420 4651 tale
1444 4597 1694 4668 quiddam
1723 4600 1863 4669 egis-

279 4702 392 4755 set,
424 4690 734 4761 rapiebatur
754 4688 821 4744 ad
851 4688 1117 4754 tribunal,
1165 4697 1220 4743 et
1259 4688 1620 4753 occidebatur,
1667 4702 1773 4743 non
1822 4690 1865 4744 is

276 4785 457 4839 solum
488 4784 579 4854 qui
605 4785 709 4837 tale
733 4780 859 4849 quid
901 4781 1137 4850 egisset,
1183 4778 1276 4834 sed
1321 4778 1411 4848 qui
1457 4778 1663 4834 delatus
1708 4780 1866 4834 dum-

278 4883 424 4930 taxat
462 4873 672 4928 fuisset.
704 4870 963 4941 Fingebat
979 4884 1193 4949 quoque
1219 4877 1275 4924 et
1295 4870 1427 4923 alias
1452 4870 1628 4923 varias
1654 4884 1862 4937 causas,

277 4970 354 5022 ita
380 4976 440 5022 ut
464 4968 550 5037 pie
579 4965 866 5018 viventium
894 4976 1054 5018 nemo
1079 4976 1185 5016 non
1211 4961 1434 5031 lugeret.
1462 4962 1666 5031 Agebat
1685 4972 1864 5017 autem

276 5058 428 5123 hac,
461 5065 521 5112 ut
543 5055 921 5111 obscuraretur
945 5053 1185 5124 martyrii
1230 5066 1430 5106 corona
1454 5091 1470 5117 ,
1511 5062 1565 5107 et
1594 5053 1865 5108 nihilomi-

277 5166 382 5206 nus
399 5148 577 5205 cedes
596 5156 653 5203 et
670 5156 875 5217 strages
904 5146 1094 5201 ﬁerent
1112 5184 1127 5208 ,
1159 5158 1332 5213 neque
1346 5142 1626 5213 splendida
1648 5145 1863 5214 praemia

273 5253 578 5313 martyrum
606 5245 925 5309 apparerent
956 5254 969 5291 :
1003 5234 1136 5290 nihil
1160 5243 1339 5290 tamen
1366 5243 1480 5289 arte
1506 5234 1603 5289 hac
1621 5236 1865 5306 proﬁcie-

275 5336 393 5389 bat.
416 5332 548 5388 Nam
579 5332 668 5400 qui
696 5331 765 5384 ita
790 5328 1182 5398 alﬂigebantur,
1215 5340 1319 5381 non
1350 5329 1419 5379 ad
1442 5326 1579 5381 illius
1601 5328 1863 5383 calculum

280 5436 334 5481 et
364 5422 749 5493 malignitatem
774 5420 1085 5491 spectabant
1110 5460 1126 5485 ,
1166 5417 1261 5473 sed
1285 5416 1353 5472 ad
1382 5417 1744 5489 incorruptum
1767 5419 1864 5475 Ju-

269 5520 455 5575 dicem
478 5557 495 5585 ,
535 5532 569 5573 a
596 5532 703 5588 quo
722 5525 780 5574 et
805 5514 1075 5571 caelestem
1104 5526 1358 5569 coronam
1386 5524 1702 5583 accepturos
1742 5528 1864 5571 sese

266 5608 639 5667 conﬁdebant.
1748 5645 1785 5672 θ

335 5725 357 5754 ⁸
379 5719 521 5771 savii.
542 5720 594 5768 in
614 5731 788 5782 πλη..
809 5717 947 5782 quasi
967 5718 1089 5781 fere
1103 5713 1487 5767 insurrexerunt.

1181 257 1246 314 IN
1284 258 1722 318 JUVENTINUM
1752 261 1839 317 ET
1876 260 2277 323 IIAXIMINUM
2314 265 2708 329 MARTYRES.

356 377 769 447 l’a'scquationis
810 375 941 430 ratio
977 375 1069 429 sub
1088 373 1299 429 Juliano
1328 378 1594 447 Apostata.
1631 406 1703 418 —-
1743 377 1872 432 Erat
1962 391 1968 395 ‘

3463 288 3568 344 576

2055 378 2109 434 2.
2153 380 2452 439 Juventinus
2494 396 2543 441 et
2582 388 2895 448 Maximinus
2938 395 2992 449 in
3038 412 3286 453 carcerem
3313 402 3482 468 trusi;
3523 418 3568 460 et

1979 488 2081 543 qua
2107 473 2171 527 de
2200 492 2373 531 causa.
2403 508 2476 518 —
2496 478 2702 536 interea
2730 498 2851 538 cum
2875 484 2990 540 hinc
3020 487 3088 541 ita
3116 505 3175 545 se
3201 491 3486 559 haberent,
3515 506 3569 550 ct

1979 562 2176 617 bellum
2198 566 2409 635 quidem
2439 569 2528 623 ille
2555 573 2840 640 parturiret
2868 576 3124 633 adversus
3161 593 3373 638 nostros
3393 624 3408 647 ,
3446 600 3566 640 ces-

1979 663 2123 707 sarct
2146 665 2321 710 autem
2344 698 2359 724 ,
2390 661 2587 715 veritus
2615 678 2680 716 ne
2702 664 3004 722 vinceretur
3034 687 3046 722 :
3076 673 3268 727 accidit
3294 683 3350 729 ut
3373 676 3566 732 milites

1979 748 2243 815 quoddam
2290 754 2590 807 convivium
2620 754 2877 814 haberent
2905 802 2919 825 ,
2970 763 3023 816 in
3051 780 3156 833 quo
3184 777 3238 818 et
3265 777 3527 839 martyres
3547 811 3563 836 ,

1978 846 2111 900 quos
2139 834 2297 889 hodie
2321 836 2565 903 colimus,
2597 854 2769 896 erant.
2795 844 3057 900 Caeterum
3078 890 3093 915 ,
3119 860 3176 903 ut
3195 834 3564 908 conviviorum

1979 938 2095 977 mos
2120 937 2240 993 est,
2273 943 2397 982 cum
2429 932 2560 985 varii
2585 948 2861 991 sermones
2897 938 3021 995 hinc
3070 942 3193 998 inde
3231 944 3560 1012 dicerentur,

1977 1018 2175 1088 aliique
2201 1021 2304 1075 alia
2331 1032 2655 1093 tractarent,
2687 1028 2739 1083 hi
2768 1032 2903 1084 mala
2930 1034 3008 1086 sui
3040 1038 3293 1106 temporis
3314 1038 3563 1108 deplora-

1977 1109 2135 1176 bant,
2166 1112 2322 1184 louge
2342 1116 2579 1173 felicium
2608 1120 2771 1177 fuisse
2796 1127 3068 1194 superiora
3100 1141 3400 1186 asserentes
3423 1174 3437 1197 ,
3475 1132 3561 1186 di-

1975 1202 2275 1275 cebantque
2313 1217 2366 1263 et
2409 1210 2551 1267 inter
2590 1226 2649 1269 se
2691 1226 2745 1270 et
2770 1216 2835 1271 ad
2861 1218 3070 1275 sodales
3104 1222 3309 1290 :Quem
3353 1224 3561 1294 juvarvt

1975 1295 2113 1351 ultra
2144 1298 2357 1368 vivere,
2390 1305 2474 1359 vel
2507 1306 2713 1375 spirare
2733 1349 2749 1375 ,
2795 1310 2875 1365 vel
2905 1312 3074 1368 solem
3107 1315 3299 1371 intueri
3328 1358 3342 1381 ,
3393 1321 3560 1374 sacris

1976 1386 2179 1458 legibus
2210 1392 2278 1445 ita
2306 1397 2630 1453 conculcatis
2658 1441 2672 1464 ,
2704 1401 2899 1470 pietate
2925 1405 2995 1459 ita
3021 1406 3213 1462 violata
3237 1451 3252 1477 ,
3284 1420 3558 1467 creatura-

1976 1493 2092 1533 rqu
2126 1485 2362 1538 omnium
2392 1486 2617 1545 Domino
2646 1491 2718 1545 ita
2744 1498 3092 1563 contempto?
3137 1499 3324 1555 Omnia
3373 1504 3560 1563 nidore

1977 1571 2129 1640 plena
2161 1584 2284 1629 sunt
2310 1586 2364 1631 et
2389 1576 2571 1645 fumo,
2620 1584 2798 1639 omnia
2825 1587 3099 1646 sacriﬁciis
3136 1591 3423 1650 immundis
3467 1615 3557 1653 re-

1977 1662 2109 1755 ferta
2141 1682 2154 1719 :
2189 1682 2256 1720 ne
2300 1683 2487 1736 purum
2517 1672 2730 1741 quidem
2774 1692 2952 1732 aerem
2999 1682 3205 1751 Spirare
3254 1702 3553 1755 possumus.

1976 1752 2124 1808 Dicta
2157 1756 2270 1812 haec
2300 1774 2367 1814 ne
2406 1762 2767 1832 perfunctorie
2808 1778 3078 1838 transeas,
3112 1776 3203 1830 sed
3239 1752 3551 1849 considera,

1974 1847 2188 1915 quando
2210 1864 2272 1905 ea
2304 1851 2506 1922 loquuti
2533 1866 2688 1923 sunt,
2716 1868 2771 1915 et
2790 1872 2986 1931 quanta
3016 1866 3230 1933 pietate.
3278 1869 3407 1926 Nam
3430 1875 3473 1928 si
3502 1847 3553 1930 in

1976 1939 2188 1994 militari
2211 1944 2473 2011 convivio,
2505 1947 2594 2001 ubi
2618 1962 2840 2020 regnant
2859 1953 3090 2012 ebrietas
3112 1968 3162 2013 et
3190 1961 3552 2032 intemperan-

1976 2029 2082 2097 tia,
2139 2032 2225 2086 ubi
2264 2038 2588 2095 certaturde
2635 2043 3039 2115 prodigalitate,
3090 2050 3177 2104 ubi
3203 2067 3335 2123 agon
3360 2029 3447 2109 est
3489 2057 3555 2112 de

1974 2123 2285 2178 temulentia
2310 2136 2364 2181 et
2390 2128 2616 2197 insania,
2642 2133 2720 2187 sic
2751 2134 3167 2205 ingemiscebant
3193 2153 3245 2197 et
3272 2144 3551 2215 lugebant:

1973 2217 2155 2282 quales
2181 2227 2333 2271 erant
2361 2220 2535 2286 domi,
2564 2239 2683 2278 cum
2706 2228 2803 2281 soli
2830 2229 2968 2285 inter
3004 2246 3062 2285 se
3086 2237 3347 2302 agerent?
3367 2239 3554 2307 quales

1972 2316 2125 2360 erant
2147 2308 2197 2361 in
2227 2311 2473 2378 precibus
2497 2324 2552 2368 et
2574 2315 2792 2383 jejuniis
2815 2359 2829 2383 ,
2860 2321 2948 2389 qui
2978 2321 3284 2379 deliciarum
3318 2336 3555 2399 tempore

1972 2403 2081 2451 tam
2134 2408 2527 2470 temperantes,
2570 2407 2860 2474 apostolica
2912 2426 3022 2479 prae
3067 2427 3126 2468 se
3170 2414 3412 2472 ferebant
3462 2436 3555 2489 pe-

1970 2490 2162 2543 ctora?
2204 2489 2477 2548 Cadebant
2523 2496 2633 2561 alii,
2668 2496 2720 2551 hi
2749 2514 2875 2554 vero
2903 2501 3193 2572 lugebant;
3244 2508 3403 2577 impie
3427 2525 3550 2580 age-

1971 2579 2100 2634 bant
2123 2581 2211 2635 alii
2234 2623 2251 2649 ,
2293 2583 2344 2637 hi
2372 2600 2500 2639 vero
2530 2588 2841 2645 urebantur.
2882 2594 3057 2664 Atque
3087 2596 3182 2664 ipsi
3236 2598 3303 2651 ob
3334 2579 3552 2655 fratrum

1970 2669 2333 2727 infirmitatem
2361 2688 2511 2730 suam
2537 2680 2819 2735 sanitatem
2851 2698 2955 2737 non
2983 2686 3280 2741 sentiebant
3315 2704 3330 2752 ;
3359 2688 3438 2743 sic
3460 2691 3553 2745 do-

1972 2760 2156 2817 lebant
2182 2773 2236 2818 et
2264 2765 2698 2837 Iacrymabantur
2727 2771 2781 2826 in
2816 2773 2969 2827 malis
2991 2814 3008 2839 ,
3038 2791 3155 2845 quae
3181 2787 3303 2831 tunc
3327 2779 3551 2843 ﬁebant.

1970 2854 2124 2923 quasi
2143 2858 2394 2912 universo
2420 2858 2618 2913 mundo
2644 2871 2848 2917 tutores
2877 2863 2983 2918 dati
3004 2875 3201 2920 essent.
3244 2866 3426 2936 Neque
3464 2884 3553 2924 oe-
3632 2886 3643 2909 ἠ

1969 2946 2169 3001 cultum
2210 2949 2305 3003 fuit
2352 2951 2476 3005 talia
2521 2966 2614 3007 eos
2664 2952 2864 3010 dixisse
2896 2975 2909 3010 :
2940 2972 3060 3012 nam
3108 2974 3171 3013 ex
3208 2960 3477 3017 sodalibus
3501 2973 3554 3018 et

1971 3040 2210 3096 cOnvivis
2246 3041 2487 3097 adulator
2507 3053 2561 3098 et
2585 3045 2770 3101 irrisor
2795 3046 3009 3118 quidam
3035 3088 3049 3114 ,
3099 3051 3411 3121 obsequium
3452 3052 3555 3108 Im-

1970 3132 2201 3199 peratori
2244 3130 2513 3200 facturus,
2543 3136 2720 3189 omnia
2770 3147 2826 3192 ut
2863 3138 3001 3193 dicta
3032 3148 3184 3193 erant
3212 3142 3417 3196 detulit.
3464 3143 3556 3198 Ille

1971 3230 2181 3289 arrepta
2208 3224 2487 3278 occasione
2515 3225 2624 3293 jam
2664 3226 2753 3281 diu
2783 3228 3003 3298 quaesita
3024 3270 3040 3296 ,
3082 3241 3325 3285 causatus
3366 3242 3449 3287 est
3490 3251 3553 3289 ex

1970 3314 2148 3368 verbis
2176 3314 2284 3369 illis
2307 3314 2603 3371 affectatam
2637 3321 2969 3390 tyrannidem
2991 3364 3005 3385 ,
3052 3332 3109 3376 ut
3137 3322 3205 3376 ita
3233 3338 3324 3377 cos
3353 3336 3553 3397 marty-

1970 3405 2038 3460 rii
2063 3419 2256 3460 corona
2290 3408 2558 3476 privaret,
2607 3419 2663 3465 et
2696 3411 2854 3481 jussit
2898 3412 3177 3483 publicatis
3220 3412 3556 3470 facultatibus

1970 3510 2156 3551 eorum
2182 3498 2432 3554 omnibus
2454 3542 2470 3567 ,
2510 3502 2681 3558 nudos
2705 3505 2757 3559 in
2783 3519 3054 3561 carcerem
3082 3506 3287 3575 cnnjici.
3335 3506 3413 3564 Illi
3460 3524 3556 3562 au-

1971 3596 2079 3642 tem
2108 3589 2446 3659 gaudebant,
2478 3600 2532 3647 et
2556 3595 2893 3652 exsultabant
2917 3598 3157 3654 dicentes
3189 3638 3201 3650 ο
3234 3597 3368 3677 Quid
3403 3613 3555 3669 nobis

1969 3679 2167 3735 divitiis
2212 3683 2550 3753 pretiosaque
2581 3695 2728 3741 veste
2772 3691 2945 3757 opus?
2987 3690 3032 3743 si
3053 3701 3107 3747 et
3134 3695 3396 3757 indusium
3425 3703 3552 3758 inti-

1969 3786 2114 3825 mum
2132 3812 2146 3833 ,
2177 3788 2370 3841 nempe
2398 3790 2522 3829 caro
2543 3816 2557 3841 ,
2585 3787 2802 3847 prOpter
2825 3778 3092 3838 Christum
3123 3790 3421 3846 exuendum
3449 3802 3552 3861 est,

1970 3876 2076 3915 non
2097 3862 2508 3928 obluctabimur,
2528 3868 2619 3921 sed
2639 3876 2828 3937 sponte
2847 3874 3223 3932 concedemus.
3243 3879 3390 3936 Tunc
3406 3883 3553 3953 signa

1969 3968 2157 4009 eorum
2200 3954 2447 4010 domibus
2489 3970 2846 4027 apponuntur,
2879 3966 3165 4037 omniaque
3208 3969 3550 4042 diripiuntur.

1969 4044 2138 4099 Porro
2165 4055 2223 4100 ut
2253 4046 2496 4102 homines
2526 4048 2580 4103 in
2608 4051 2829 4119 patriam
2862 4056 3045 4121 procul
3074 4059 3227 4112 sitam
3254 4062 3553 4132 migraturi,

1968 4136 2319 4193 substantiam
2354 4154 2567 4195 omnem
2598 4141 2651 4195 in
2683 4144 2956 4211 pecuniam
2979 4160 3353 4211 commutatam
3379 4168 3553 4228 sa‘pe-
3628 4198 3653 4217 κ,

1929 4242 2192 4283 .numero
2239 4232 2566 4299 praemittunt
2604 4249 2619 4285 :
2660 4232 2732 4287 ita
2781 4242 2837 4288 et
2881 4234 2988 4291 illis
3037 4239 3248 4296 accidit.
3293 4243 3552 4311 Quoniam

1969 4323 2109 4378 enim
2130 4324 2184 4379 in
2206 4324 2366 4379 caelos
2386 4334 2541 4380 erant
2567 4327 2859 4394 transituri,
2884 4327 3112 4387 inimicis
3134 4333 3264 4403 ipsis
3283 4337 3551 4406 negotium

1970 4417 2282 4488 agentibus,
2323 4426 2376 4473 et
2405 4417 2459 4472 in
2500 4417 2601 4473 hoc
2628 4419 3049 4476 ministrantibus
3068 4463 3084 4489 ,
3126 4439 3257 4494 opes
3285 4443 3407 4482 suas
3429 4442 3553 4487 ante

1968 4525 2028 4566 se
2055 4510 2331 4565 miserunt.
2377 4510 2491 4565 Non
2522 4510 2664 4566 enim
2694 4511 2798 4566 illa:
2828 4519 3028 4567 tantum
3054 4529 3182 4584 Opes
3202 4558 3217 4583 ,
3249 4533 3379 4588 quas
3406 4522 3549 4577 elee-

1968 4619 2207 4675 mosynze
2232 4602 2448 4658 nomine
2486 4603 2759 4673 largimur,
2800 4605 3191 4661 transferuntur
3229 4610 3279 4661 in
3319 4611 3550 4680 caelum,

1968 4694 2062 4750 sed
2086 4694 2244 4749 etiam
2271 4708 2631 4765 quascumque
2668 4694 2822 4749 nobis
2872 4698 3051 4751 hostes
3082 4699 3201 4752 ﬁdei
3238 4700 3552 4775 pini-umque

1970 4797 2378 4859 persequutores
2408 4785 2649 4857 rapiunt,
2685 4787 2790 4841 illic
2823 4786 3055 4842 thesauri
3084 4800 3259 4844 erunt.
3288 4792 3381 4846 Est
3407 4796 3549 4849 enim

1968 4878 2072 4933 hoc
2101 4893 2208 4933 non
2234 4878 2409 4932 minus
2432 4893 2591 4948 quam
2616 4878 2741 4933 illud
2770 4894 2784 4930 :
2814 4877 2880 4932 de
2901 4894 3007 4948 quo
3045 4880 3166 4934 audi
3204 4882 3329 4951 quid
3356 4882 3553 4938 Paulus

1968 4972 2108 5027 dicat
2146 4990 2160 5026 :
2200 4970 2267 5026 Et
2308 4973 2570 5042 rapinam,
2603 4970 2802 5041 inquit,
2844 4971 3088 5025 bonorum
3121 4985 3391 5029 vestrorum
3438 4994 3551 5033 cum

1967 5064 2153 5137 gaudio
2173 5060 2355 5117 tulistis
2377 5104 2392 5129 ,
2435 5071 2776 5133 exspectantes
2805 5078 2890 5116 vos
2920 5062 3102 5117 habere
3128 5063 3385 5119 meliorem
3428 5068 3550 5122 sub-

1967 5155 2203 5209 stantiam
2222 5193 2238 5220 ,
2265 5160 2311 5206 et
2334 5162 2617 5206 manentem
2648 5153 2702 5206 in
2728 5153 2864 5207 cazlis
2892 5153 2918 5225 (
2931 5152 3182 5211 Πρω-ΑΟ.
3207 5157 3272 5212 54
3288 5156 3333 5227 ).
3362 5156 3431 5214 Ut
3459 5174 3554 5213 an.

1969 5258 2075 5303 tem
2107 5246 2329 5318 ingressi
2348 5257 2472 5300 sunt
2496 5246 2547 5300 in
2578 5260 2869 5313 carcerem,
2888 5247 3143 5303 conﬂuxit
3165 5250 3233 5304 ad
3259 5264 3352 5305 eos
3377 5253 3551 5305 omnis

1966 5340 2153 5396 civitas
2176 5379 2192 5403 ,
2234 5337 2441 5392 tametsi
2470 5336 2650 5391 multis
2678 5338 2969 5393 terroribus
2990 5379 3003 5403 ,
3044 5339 3199 5393 minis
3223 5349 3278 5393 et
3302 5341 3548 5409 periculis

1967 5431 2305 5488 interdictum
2335 5438 2450 5484 erat
2472 5469 2486 5492 .
2537 5443 2605 5483 nc
2631 5430 2747 5501 quis
2786 5432 2865 5484 vel
2895 5430 2959 5483 ad
2983 5444 3076 5483 eos
3123 5430 3433 5493 accederet,
3469 5434 3549 5486 vel
3610 5444 3619 5449 '
3702 5448 3717 5469 ι

1967 5523 2049 5578 eis
2078 5522 2403 5591 loqueretur,
2426 5520 2509 5573 vel
2537 5519 2723 5589 quovis
2745 5520 2904 5574 modo
2927 5519 3364 5573 communicaret.
3389 5521 3545 5590 Atqui

1969 5612 2128 5668 timor
2151 5610 2245 5665 Dei
2271 5610 2359 5665 illa
2384 5610 2561 5664 omnia
2590 5610 2824 5665 excussit
2850 5626 2863 5662 :
2894 5607 3032 5662 unde
3060 5608 3209 5663 mulli
3228 5608 3301 5663 ob
3320 5624 3547 5664 consue-

1970 5705 2241 5776 tudinem,
2273 5719 2429 5776 quam
2454 5717 2578 5759 cum
2604 5703 2712 5759 illis
2739 5701 3041 5768 habebant,
3080 5700 3204 5758 facti
3232 5714 3350 5759 sunt
3376 5714 3428 5759 et
3447 5702 3547 5773 ipsi
