4080 6196
443 208 549 265 $.75

443 332 741 394 martyres:
788 313 938 371 multi
973 310 1119 366 enim’
1157 315 1461 374 contempta
1492 303 1737 375 prmsenti
1765 302 1868 354 vita
1910 301 2016 394 fre-

448 389 664 483 quenter
689 423 784 464 eos
810 403 1071 460 visitando
1090 441 1104 464 ,
1136 396 1455 469 psalmodias
1478 408 1730 461 sacraque
1750 389 2020 461 pervigilia

443 502 801 559 celebrabant.
831 498 997 552 Erant
1023 491 1409 546 familiaritates
1440 486 1543 539 illa:
1584 484 1871 553 spiritualis
1897 498 2022 536 eru-

444 595 660 649 ditionis
688 601 845 661 atque
881 582 1263 642 consolationis
1303 580 1474 648 plenas
1505 596 1517 630 :
1548 587 1599 631 et
1630 578 1806 631 clausa
1848 574 2024 628 eccle-

447 692 521 743 sia
542 729 559 757 ,
587 701 770 742 carcer
800 679 1024 737 ecclesia
1062 677 1233 730 factus
1279 680 1381 726 est.
1412 671 1593 740 Neque
1627 670 1659 722 ii
1699 668 1869 721 solum
1890 706 1904 730 ,
1938 664 2027 734 qui

448 794 542 835 eos
559 775 838 838 visebant,
889 769 985 824 sed
1020 778 1074 821 et
1112 767 1200 835 qni
1229 766 1372 819 intus
1411 777 1529 815 cum
1569 760 1648 815 eis
1692 758 2025 817 tenebantur,

451 869 733 925 maximam
764 860 1075 931 sapientiam
1121 866 1176 910 et
1216 856 1463 908 virtutem
1495 868 1525 905 a
1567 849 1815 919 patientia
1854 856 1908 899 et
1930 844 2031 898 fide

453 975 635 1015 eorum
677 955 974 1011 discebant.
1017 951 1310 1018 imperator
1354 955 1410 999 ut
1456 944 1570 998 hzee
1597 941 1833 1005 audivit,
1880 936 2033 991 valde

454 1048 812 1107 stomachatus
846 1054 963 1101 est:
1007 1042 1226 1110 cupiens
1254 1050 1427 1093 tamen
1458 1052 1551 1092 eos
1591 1034 1952 1103 supplantare,
1981 1037 2036 1084 et

455 1146 522 1200 ab
549 1142 821 1196 alacritate
849 1153 941 1192 sua
989 1135 1253 1204 dejicere,
1287 1131 1458 1185 fiedos
1493 1128 1752 1199 quosdam
1793 1124 2037 1179 homines

457 1246 511 1290 et
533 1232 947 1305 praastigiatores
977 1225 1304 1288 subornavit,
1332 1223 1446 1292 qui,
1475 1222 1519 1275 si
1545 1217 1755 1289 quando
1778 1216 2038 1305 privatum

458 1304 778 1395 colloquium
806 1335 924 1375 sese
947 1319 1185 1380 ofl'erret,
1206 1330 1310 1369 non
1340 1323 1398 1367 ut
1426 1312 1492 1366 ab
1519 1311 1842 1380 Imperatore
1869 1304 2037 1368 missi,

461 1418 555 1471 sed
582 1414 732 1487 quasi
760 1412 974 1483 proprio
1009 1408 1232 1464 consilio
1278 1405 1328 1459 id
1359 1412 1573 1474 agentes
1593 1441 1609 1465 ,
1637 1400 2043 1454 adhortarentur

466 1520 522 1561 ut
552 1523 579 1560 a
623 1505 877 1574 religione
915 1501 1174 1555 desistant
1212 1505 1265 1551 et
1293 1494 1359 1548 ad
1386 1494 1708 1563 impietatem
1751 1496 2041 1543 transeant.

467 1598 719 1653 Dicebant
756 1596 895 1649 enim
930 1610 942 1645 :
971 1591 1058 1645 Sic
1103 1603 1207 1642 non
1246 1586 1414 1641 solum
1445 1582 1727 1637 imminens
1752 1579 2043 1649 periculum

463 1689 764 1759 effugietis,
817 1684 911 1740 sed
957 1679 1419 1752 majoridignitate
1445 1672 1749 1738 honestati,
1793 1671 2045 1737 majorem

466 1794 676 1850 quoque
717 1777 1063 1845 principatum
1102 1769 1340 1837 adepturi
1379 1767 1541 1831 estis,
1590 1761 1929 1831 Imperatoris
1973 1760 2048 1812 ira

468 1872 691 1928 feliciter
712 1869 937 1938 placata.
966 1864 1149 1917 Nonne
1180 1860 1387 1913 vidistis
1416 1867 1469 1912 et
1498 1857 1632 1909 alios
1655 1854 1817 1907 vestri
1848 1850 2050 1904 ordinis

469 1962 696 2032 idipsum
721 1956 951 2013 fecisse?
978 1955 1178 2022 Quibus
1206 1952 1279 2005 illi
1309 1948 1696 2019 responderunt
1723 1962 1735 1998 :
1771 1943 1926 2013 Atqui
1956 1956 2052 1998 nos

469 2054 568 2108 hac
598 2051 927 2122 potissimum
954 2047 1159 2100 ratione
1184 2043 1403 2097 viriliter
1442 2040 1701 2094 stabimus
1720 2078 1736 2104 ,
1776 2046 1834 2090 ut
1860 2050 1955 2105 pro
1986 2035 2052 2088 il-

471 2146 642 2197 lorum
670 2142 817 2210 lapsu
850 2138 1203 2206 nosmetipsos
1233 2135 1285 2188 in
1314 2132 1570 2187 sacrificia
1599 2130 1905 2184 offeramus.
1949 2126 2054 2180 Be-

477 2234 668 2303 nignus
714 2229 865 2284 nobis
892 2228 1146 2282 Dominus
1171 2234 1251 2277 est
1285 2240 1299 2276 :
1329 2223 1465 2276 solet
1503 2221 1662 2274 etiam
1691 2233 1795 2271 uno
1837 2225 2055 2285 accepto

476 2320 735 2377 sacrificio
763 2318 859 2372 toti
881 2316 999 2371 orbi
1022 2313 1315 2368 conciliari.
1345 2313 1413 2365 At
1440 2312 1577 2363 sicut
1602 2309 1727 2362 olim
1772 2317 1877 2362 tres
1908 2305 2056 2376 pueri

474 2413 725 2467 dixerunt
755 2428 767 2463 :
799 2407 920 2461 Non
942 2417 1012 2460 est
1036 2406 1087 2458 in
1109 2415 1326 2474 tempore
1350 2403 1445 2455 hoc
1471 2402 1701 2471 princeps
1721 2409 1766 2453 et
1789 2400 2055 2470 prop/tela,

474 2516 523 2557 et
549 2504 654 2556 dua:
673 2545 688 2568 ,
731 2517 889 2570 neque
930 2499 1277 2552 holocaustum
1296 2537 1311 2562 ,
1345 2511 1503 2562 neque
1526 2494 1863 2562 sacriﬁcium,
1904 2507 2059 2561 neque

477 2598 616 2649 locus
646 2593 885 2660 o/ferendi
915 2606 1085 2644 coram
1124 2597 1202 2655 te,
1251 2598 1305 2640 ut
1332 2586 1578 2658 possimus
1622 2585 1840 2638 inuenire
1866 2583 2061 2637 miseri-

479 2685 722 2747 cordiam,
769 2682 857 2735 sed
894 2681 946 2733 in
993 2680 1161 2732 animo
1206 2677 1418 2731 contrito
1460 2684 1506 2729 et
1544 2676 1726 2744 spiritu
1763 2672 2060 2727 humilitatis

477 2777 810 2848 suscipiantur
840 2773 1012 2844 (Dan.
1046 2773 1098 2827 5.
1126 2770 1215 2826 58.
1245 2769 1353 2841 59)
1382 2788 1395 2822 ;
1424 2770 1494 2822 ita
1515 2776 1569 2822 el.
1590 2776 1850 2837 martyres
1876 2765 1951 2819 illi
1978 2765 2058 2819 vi-

479 2868 667 2922 dentes
692 2866 879 2919 altaria
909 2865 1184 2927 subversa,
1211 2862 1422 2915 clausas
1450 2860 1724 2925 ecclesias,
1757 2856 2061 2913 sacerdotes

482 2958 663 3028 pulsos
685 2998 701 3022 ,
730 2956 913 3011 ﬁdeles
950 2968 1138 3009 omnes
1168 2952 1404 3022 fugatos,
1433 2950 1716 3006 studebant
1739 2961 1791 3005 ut
1820 2965 1920 3021 pro
1948 2964 2063 3004 om-

484 3051 637 3105 nibus
662 3049 980 3105 offerrentur
1004 3048 1248 3114 Domino,
1281 3047 1584 3117 relictisque
1612 3046 1926 3101 militaribus
1952 3054 2066 3100 tur-

483 3143 605 3207 mis,
637 3142 889 3211 angelicis
915 3156 1035 3196 sese
1064 3141 1244 3195 choris
1270 3139 1639 3210 adiungerent.
1663 3138 1881 3194 Etiamsi
1901 3152 2063 3203 nunc,

482 3232 728 3297 aiebant,
760 3247 865 3285 non
888 3232 1198 3295 moriamur,
1230 3230 1565 3285 moriendum
1592 3239 1767 3284 tamen
1794 3239 1848 3283 et
1863 3231 2065 3300 patien-

483 3323 609 3376 dum
633 3321 733 3375 hoc
759 3329 840 3374 est
872 3337 975 3374 non
1008 3322 1174 3374 multo
1214 3319 1454 3390 posthac.
1498 3320 1674 3376 Satius
1708 3321 1865 3390 igitur
1910 3320 2067 3374 fuerit

487 3412 622 3465 mori
646 3426 740 3480 pro
764 3410 906 3480 Rege
930 3411 1260 3479 angelorum,
1285 3426 1443 3480 quam
1470 3425 1567 3480 pro
1593 3426 1716 3479 rege
1744 3420 1849 3464 tam
1872 3411 2062 3480 impio;

485 3504 652 3557 satius
681 3502 838 3556 fuerit
870 3516 968 3572 pro
990 3502 1157 3570 patria
1182 3502 1380 3557 caelesti
1405 3518 1553 3557 arma
1581 3502 1877 3573 deponere,
1906 3519 2065 3573 quam

486 3607 586 3662 pro
617 3602 826 3648 terrena
852 3602 909 3648 et
932 3609 1087 3662 quam
1121 3592 1341 3662 pedibus
1361 3594 1645 3649 calcamus.
1680 3594 1776 3649 llic
1813 3596 1913 3650 etsi
1949 3596 2067 3665 quis

486 3688 766 3753 moriatur,
813 3684 945 3739 nihil
973 3686 1196 3754 accipiet
1242 3686 1308 3740 ab
1338 3684 1667 3754 lmperatore
1716 3702 1809 3740 sua
1852 3687 2066 3757 dignum

486 3775 814 3830 fortitudine.
863 3775 932 3829 Et
968 3776 1093 3845 quid
1150 3785 1332 3845 posset
1385 3776 1544 3829 homo
1587 3775 1838 3831 defuncto
1885 3780 2069 3847 gratia:

487 3865 774 3921 conferre?
800 3866 961 3935 Atqui
999 3864 1048 3919 ei
1075 3881 1440 3936 saepenumero
1468 3881 1535 3920 ne
1557 3866 1827 3935 sepultura
1855 3866 2068 3937 quidem

486 3957 775 4026 contingit,
817 3966 871 4011 et
901 3972 1004 4011 non
1025 3972 1146 4011 raro
1169 3972 1199 4010 a
1229 3958 1450 4013 canibus
1487 3957 1794 4012 devoratur.
1843 3958 1992 4026 Quod
2024 3960 2070 4014 si

488 4062 587 4116 pro
631 4048 776 4118 Rege
810 4048 1119 4118 angelorum
1161 4049 1353 4102 mortui
1386 4048 1639 4103 fuerimus
1660 4091 1677 4115 ,
1724 4051 1855 4105 certi
1890 4065 2071 4105 sumus

491 4152 588 4191 nos
616 4146 926 4207 accepturos
952 4154 1149 4210 corpus
1178 4140 1346 4194 multo
1363 4141 1667 4209 gloriosius,
1692 4141 1877 4213 majori
1906 4142 2070 4211 gloria

489 4228 759 4296 conSpicui
781 4226 980 4282 erimus
1000 4271 1015 4296 ,
1050 4230 1204 4299 longe
1233 4230 1431 4299 majora
1462 4230 1614 4286 nobis
1643 4242 1801 4287 erunt
1830 4233 2070 4287 laborum

492 4318 708 4386 praemia
728 4358 743 4383 ,
781 4328 835 4372 et
871 4334 1070 4373 corona
1099 4319 1461 4375 redimiemur.
1506 4321 1733 4376 Proinde
1759 4323 2072 4392 arripiamus

490 4424 640 4464 arma
679 4410 972 4478 spiritualia
1010 4427 1023 4464 :
1057 4426 1162 4465 non
1209 4426 1341 4480 opus
1366 4412 1557 4480 jaculis
1582 4420 1635 4465 et
1675 4412 1900 4467 arcubus
1923 4454 1938 4480 ,
1967 4429 2071 4467 non

489 4499 610 4553 aliis
633 4501 795 4554 armis
821 4516 937 4570 qua:
958 4500 1056 4555 sub
1081 4515 1268 4556 sensus
1295 4500 1490 4556 cadunt
1514 4520 1528 4568 ;
1562 4504 1755 4558 sufficit
1785 4518 1879 4572 pro
1904 4505 2072 4558 omni-

491 4592 592 4646 bus
615 4592 809 4661 lingua.
851 4592 988 4646 Sunt
1018 4594 1161 4646 enim
1188 4602 1243 4647 et
1268 4602 1573 4647 sanctorum
1600 4608 1690 4649 ora
1718 4594 1977 4663 pharetra:
1998 4637 2014 4663 ,
2042 4612 2073 4650 e

490 4684 681 4754 quibus
707 4684 969 4740 diabolico
999 4685 1157 4754 capiti
1193 4684 1433 4740 continui
1459 4693 1514 4739 et
1539 4686 1712 4741 crebri
1763 4686 1900 4740 ictus
1934 4687 2072 4742 infe-

492 4786 702 4831 l'ﬂllllll‘.

567 4868 621 4923 5.
661 4866 860 4922 Juliani
889 4869 1145 4938 Apostata:
1170 4869 1439 4923 calliditas.
1469 4867 1769 4923 Juventinus
1821 4878 1867 4923 et
1897 4870 2073 4924 Μακί-

494 4962 658 5013 minus
683 4962 849 5031 capite
874 4971 1194 5016 tnmcantur.
1224 4991 1292 5001 —
1315 4961 1563 5016 Nuntiata
1593 4971 1717 5016 sunt
1746 4970 1800 5017 et
1841 4963 1954 5018 haec
1993 4972 2075 5019 at-

493 5066 597 5120 que
621 5053 814 5106 similia
840 5054 1171 5123 imperatori,
1204 5056 1295 5125 qui
1326 5070 1425 5110 nec
1451 5054 1673 5122 destitit,
1696 5055 1791 5111 sed
1812 5057 2075 5113 illecebris

494 5141 687 5197 iterum
707 5152 867 5213 atque
890 5144 1077 5198 iterum
1108 5146 1229 5200 illos
1257 5149 1499 5201 tentavit.
1527 5148 1597 5200 ita
1621 5156 1797 5202 autem
1820 5148 2076 5203 subdolus

496 5234 587 5288 ille
615 5244 669 5290 et
682 5235 906 5290 callidus
919 5250 984 5290 ac
1015 5236 1226 5305 sapiens
1246 5237 1311 5291 ad
1341 5239 1478 5293 male
1498 5238 1759 5307 agendum
1793 5254 1903 5294 rem
1947 5254 2078 5292 eon-

496 5328 768 5391 cinnavit,
819 5336 876 5381 ut
913 5328 959 5383 si
998 5328 1433 5398 cederentvicti,
1478 5333 1577 5385 sub
1605 5330 1842 5385 omnium
1890 5332 2076 5387 oculos

502 5420 940 5487 producerentur,
964 5430 1018 5477 et
1043 5420 1297 5486 efficeret,
1328 5422 1798 5476 utsacrificarent:
1826 5423 1909 5476 sin
1953 5437 2078 5492 per-

499 5522 829 5580 severarent,
855 5524 1160 5584 tantamque
1179 5516 1229 5568 in
1266 5528 1437 5583 pugna
1465 5511 1829 5568 fortitudinem
1858 5513 2079 5569 exhibe-

498 5609 639 5670 rent,
668 5617 773 5658 non
799 5606 1075 5662 manifesta
1094 5606 1230 5661 foret
1257 5606 1467 5660 illorum
1488 5605 1706 5660 victoria
1728 5643 1747 5674 ,
1799 5605 1894 5663 sed
1918 5607 2069 5679 quasi

1155 196 1215 252 S.
1251 190 1531 251 JOANNIS
1567 182 2038 248 CHRYSOSTOMI
2076 180 2389 239 ARClllEP.
2430 179 2966 237 CONSTANTINGP.

3606 181 3709 237 δτι)

2128 294 2385 349 allectat-.e
2441 292 2737 362 tyrannidis
2779 293 2853 347 rei
2901 302 3300 346 truncarentur.
3332 293 3400 346 At
3433 293 3521 363 qui
3553 310 3713 351 reve-

2128 386 2200 439 lat
2222 383 2479 453 profunda
2506 393 2558 438 et
2591 384 2788 447 abdita,
2841 398 2947 436 non
2981 382 3245 451 permisit,
3275 393 3333 437 ut
3360 383 3713 440 machinatio-

2129 492 2224 531 nes
2252 476 2355 529 illa:
2382 475 2602 529 occulta:
2647 484 2958 541 manerent,
2997 482 3053 528 et
3083 475 3277 544 ignotae
3328 476 3574 533 insidiae:
3620 480 3713 533 sed

2130 567 2574 636 quemadmodum
2607 568 2692 621 illa
2724 568 2916 622 mulier
2947 566 3196 638 )Egyptia
3234 568 3524 638 lose-phum
3552 572 3603 623 in
3632 587 3714 623 cu-

2133 658 2311 712 biculo
2338 674 2400 713 ac
2425 659 2711 713 solitudine
2738 660 2906 712 multa
2956 658 3368 728 apprehendens
3413 659 3577 731 (Gen.
3623 663 3714 716 59.

2136 755 2224 823 11)
2247 794 2261 818 ,
2293 754 2417 807 licet
2440 761 2683 822 speraret
2713 752 2907 806 factum
2933 766 3088 806 suum
3133 753 3270 805 clam
3316 752 3433 807 fore
3466 754 3717 808 omnibus

2141 845 2460 908 hominibus,
2488 860 2593 898 non
2624 844 2721 897 fuit
2752 855 2929 897 tamen
2957 844 3189 909 occulta,
3225 844 3306 899 vel
3334 846 3493 899 oculo
3522 846 3597 899 illi
3624 861 3717 900 So-

2141 936 2285 1005 poris
2314 935 2518 1000 nescio,
2540 935 2623 988 vel
2652 934 2945 1003 posteritati
2967 949 2982 997 ;
3003 935 3098 989 sed
3120 934 3257 1004 quod
3275 936 3477 1006 absque
3498 938 3721 992 arbitrio

2142 1028 2230 1082 illa
2256 1027 2489 1097 Josepho
2516 1026 2667 1088 dixit,
2697 1026 2746 1079 id
2769 1042 2909 1081 nunc
2936 1027 3115 1096 ibique
3155 1037 3415 1081 terrarum
3466 1031 3673 1083 canitur
3705 1045 3720 1085 :

2144 1118 2213 1172 ita
2240 1127 2295 1173 et
2323 1134 2383 1171 ea
2404 1133 2520 1188 quae
2549 1134 2642 1186 per
2664 1117 2984 1171 subornatos
3008 1118 3345 1172 consiliarios
3366 1120 3452 1174 ille
3470 1120 3724 1191 loquebao

2148 1220 2232 1265 tur
2268 1225 2491 1280 Sperans
2512 1210 2716 1264 occulta
2744 1210 2879 1277 fore,
2912 1226 3241 1280 nequaquam
3293 1223 3600 1268 manserunt
3628 1230 3727 1269 oc-

2145 1306 2309 1360 culta.
2354 1304 2663 1358 Didicerunt
2689 1304 2830 1357 enim
2868 1305 3070 1374 posteri
3098 1319 3285 1358 omnes
3315 1314 3368 1358 et
3413 1306 3629 1361 insidias
3676 1321 3731 1361 et

2150 1398 2587 1467 triumphantium
2611 1398 2886 1450 victorias:
2935 1396 3172 1465 Denique
3219 1410 3363 1460 cum,
3396 1397 3562 1451 multo
3593 1408 3729 1453 tem-

2151 1504 2281 1559 pore
2300 1495 2507 1551 exacto,
2534 1487 2864 1541 alacritatem
2885 1502 3070 1540 eorum
3093 1504 3198 1540 non
3222 1487 3392 1541 solum
3421 1504 3524 1542 non
3576 1490 3728 1544 fran-

2151 1589 2301 1650 geret
2322 1580 2660 1642 diuturnitas,
2694 1577 2785 1631 sed
2810 1579 2987 1648 potius
3011 1579 3244 1632 studium
3270 1589 3325 1633 et
3360 1581 3605 1634 ardorem
3631 1597 3729 1636 ex-

2154 1672 2364 1736 citaret,
2386 1669 3046 1739 munulatoresquemultos
3076 1669 3291 1734 faceret,
3320 1670 3477 1739 jussit
3518 1672 3734 1727 tandem

2155 1764 2332 1819 media
2360 1772 2516 1816 nocte
2558 1762 2610 1815 in
2672 1763 2985 1816 barathrum
3012 1777 3106 1817 eos
3149 1763 3357 1817 abduci.
3400 1764 3735 1818 Ducebantnr

2158 1855 2402 1925 itaquein
2428 1855 2615 1909 mediis
2639 1855 3186 1919 tenebrisluminaria,
3222 1865 3274 1909 et
3295 1857 3366 1909 illi
3395 1856 3736 1912 decollaban-

2160 1958 2268 2001 tttr.
2297 1945 2558 2001 Czeterum
2591 1947 2764 2016 capita
2809 1946 3124 2001 detruncata
3167 1956 3293 2000 tunc
3328 1946 3541 2002 diabolo
3571 1951 3738 2017 magis

2160 2039 2414 2094 terribilia
2454 2047 2629 2103 erant,
2680 2052 2836 2106 quam
2880 2052 3001 2091 cum
3039 2037 3211 2091 adhuc
3247 2052 3430 2092 vocem
3475 2038 3665 2092 darent
3721 2056 3733 2089 :

2160 2131 2299 2184 sicut
2370 2138 2425 2183 et
2498 2139 2657 2198 caput
2716 2128 2937 2183 Joannis
3015 2145 3119 2183 non
3176 2139 3379 2183 tantum
3447 2132 3735 2195 terrebat,

2160 2236 2281 2277 cum
2299 2221 2627 2290 loqueretur,
2664 2232 2919 2291 quantum
2949 2236 3071 2275 cum
3103 2222 3152 2275 in
3178 2221 3327 2277 disco
3349 2235 3551 2277 mutum
3583 2223 3741 2278 affer~

2162 2324 2332 2371 retur.
2364 2314 2533 2369 Habet
2548 2314 2689 2368 enim
2717 2323 2773 2368 et
2795 2324 3099 2367 sanctorum
3122 2315 3335 2383 sanguis
3356 2329 3505 2368 suam
3530 2329 3737 2375 vocem,

2163 2423 2282 2478 qua:
2310 2423 2416 2461 non
2446 2423 2538 2477 per
2562 2420 2718 2461 aures
2743 2406 2979 2468 auditur,
3006 2406 3099 2460 sed
3126 2407 3483 2462 occidentium
3525 2408 3742 2462 consci-

2165 2498 2362 2553 entiam
2393 2497 2611 2551 invadit.
2651 2497 2779 2551 Post
2806 2497 3014 2551 beatam
3046 2497 3188 2551 illam
3234 2496 3433 2552 czedem
3475 2498 3691 2567 quidam
3726 2539 3744 2565 ,

2166 2589 2326 2643 etiam
2356 2604 2477 2643 cum
2495 2589 2682 2643 salutis
2704 2588 2962 2657 periculo,
2993 2588 3222 2642 athletas
3248 2588 3372 2643 illos
3391 2590 3622 2657 optimos
3660 2605 3746 2642 ra-

2167 2690 2415 2750 puerunt,
2435 2681 2593 2734 etiam
2612 2679 2709 2748 ipsi
2737 2679 2841 2732 vivi
2869 2691 3151 2749 martyres,
3171 2690 3230 2733 ut
3256 2680 3465 2733 illorum
3490 2680 3747 2748 reliquias

2166 2781 2415 2825 curarent
2444 2771 2717 2825 decenter.
2745 2770 2876 2825 Nam
2906 2771 3147 2840 quamvis
3178 2786 3283 2825 non
3319 2771 3705 2826 occidebantur
3730 2813 3746 2836 ,

2166 2862 2422 2931 aptabant
2450 2858 2625 2915 tamen
2654 2862 2827 2925 mori;
2851 2860 3049 2931 illoque
3068 2860 3226 2915 modo
3254 2860 3320 2914 ad
3343 2861 3596 2931 rapienda
3617 2877 3743 2916 cor-

2171 2968 2299 3023 pora
2327 2951 2549 3022 profecti
2571 2961 2713 3005 sunt.
2740 2951 2931 3005 Dicunt
2951 2952 3039 3020 qui
3072 2960 3197 3006 tunc
3226 2951 3446 3015 afluere,
3469 2953 3739 3022 etquibus

2172 3060 2396 3114 corpora
2427 3044 2515 3099 illa
2545 3059 2732 3099 recens
2755 3044 2932 3098 occisa
2972 3043 3158 3100 videre
3189 3043 3366 3098 datum
3409 3043 3505 3098 fuit
3531 3085 3547 3111 ,
3601 3045 3746 3114 quod

2176 3136 2482 3207 jacentibus
2513 3136 2672 3190 simul
2703 3136 2804 3190 illis
2833 3145 2957 3190 ante
2977 3138 3324 3207 sepulturam,
3355 3138 3474 3193 talis
3501 3138 3743 3207 quedam

2172 3244 2235 3281 ex
2259 3242 2441 3281 eorum
2468 3227 2636 3281 oculis
2652 3236 2705 3281 et
2725 3226 2871 3280 vultu
2898 3228 3067 3296 gratia
3091 3227 3501 3296 resplenduerit,
3531 3229 3744 3300 qualem

2171 3318 2223 3373 in
2251 3317 2520 3387 Stephano
2570 3317 2768 3372 Judazis
2808 3333 3133 3387 responsuro
3184 3318 3348 3375 fuisse
3394 3320 3563 3375 Lucas
3608 3320 3742 3375 dicit

2173 3411 2310 3483 (Act.
2333 3412 2385 3466 6.
2420 3412 2543 3482 15);
2578 3427 2750 3481 neque
2772 3412 2909 3466 ullus
2945 3420 3046 3478 est,
3104 3412 3197 3481 qui
3226 3428 3331 3466 non
3386 3413 3471 3482 pio
3519 3413 3748 3483 quodam

2173 3518 2296 3556 cum
2321 3502 2544 3556 horrore
2567 3502 2673 3555 illis
2696 3502 3002 3557 adstiterit:
3036 3502 3171 3557 adeo
3183 3514 3429 3573 aspectus
3445 3505 3532 3558 ille
3546 3503 3750 3559 afficie-

2175 3594 2267 3649 bat
2290 3609 2502 3649 omnes.
2531 3593 2671 3661 Quin
2699 3604 2754 3650 et
2781 3609 2968 3649 onmes
3005 3595 3305 3649 clamabant
3334 3596 3386 3649 in
3415 3596 3625 3652 laudem
3658 3613 3743 3652 eo

2176 3700 2327 3751 rum,
2384 3686 2435 3739 id
2456 3684 2598 3753 quod
2628 3700 2657 3739 a
2684 3685 2880 3740 Davide
2904 3685 3102 3739 dictum
3133 3703 3146 3739 :
3174 3685 3241 3739 In
3270 3687 3368 3739 vita
3389 3703 3479 3739 sua
3505 3703 3606 3741 non
3633 3700 3756 3741 sunt

2173 3779 2412 3846 separati,
2446 3788 2492 3832 et
2516 3779 2567 3833 in
2596 3788 2753 3832 morte
2780 3795 2879 3832 non
2908 3787 3023 3832 sunt
3048 3778 3193 3831 divisi
3237 3779 3314 3849 (2.
3370 3779 3494 3850 Reg.
3542 3780 3589 3833 f.
3631 3778 3757 3849 25).

2176 3873 2381 3928 Pariter
2417 3874 2557 3928 enim
2587 3873 2816 3928 confessi
2846 3883 2988 3938 sunt,
3017 3874 3215 3942 pariter
3242 3888 3508 3928 carcerem
3539 3872 3758 3927 inhabi-

2177 3956 2374 4028 tarunt,
2400 3965 2603 4035 pariter
2630 3965 2681 4019 in
2715 3965 3019 4019 barathrum
3044 3964 3256 4019 abducti
3279 3974 3422 4028 sunt,
3445 3965 3642 4033 pariter
3663 3980 3758 4018 ca-

2178 4056 2285 4123 pite
2315 4056 2554 4110 mulctati
2579 4063 2720 4120 sunt,
2753 4065 2809 4110 et
2836 4071 2939 4109 una
2966 4056 3180 4125 capsula
3214 4056 3488 4125 utriusque
3525 4070 3756 4124 corpora

2178 4157 2355 4203 tenet:
2386 4160 2439 4203 et
2483 4165 2644 4203 unum
2676 4164 2887 4219 quoque
2932 4149 3331 4205 tabernaculum
3378 4151 3429 4203 in
3468 4151 3611 4205 czelis
3657 4166 3759 4205 eos

2176 4239 2423 4307 excipiet,
2446 4239 2656 4308 quando
2688 4239 2876 4308 majori
2900 4250 3021 4294 sunt
3052 4241 3141 4294 illa
3167 4256 3287 4295 cum
3341 4241 3502 4310 gloria
3555 4257 3762 4296 resum-

2177 4330 2338 4397 pturi.
2374 4328 2500 4383 lilos
2533 4346 2638 4384 non
2663 4329 2934 4399 indignum
2965 4331 3121 4385 fuerit
3149 4342 3202 4385 et
3228 4333 3522 4396 columnas,
3552 4343 3604 4386 et
3631 4346 3761 4386 ερο-

2179 4420 2349 4488 pulos,
2378 4430 2431 4474 et
2454 4430 2652 4485 turres,
2676 4431 2728 4475 et
2759 4423 3059 4485 luminaria,
3085 4432 3139 4476 et
3167 4432 3350 4477 tauros
3371 4425 3525 4478 simul
3570 4426 3762 4493 appel-

2179 4510 2308 4564 lare.
2338 4510 2468 4564 Nam
2498 4511 2789 4567 Ecclesiam
2815 4514 3236 4569 sicutcolunmze
3279 4517 3561 4577 sustinent,
3618 4518 3765 4570 sicut

2178 4613 2354 4658 turres
2375 4604 2647 4669 muniunt;
2680 4615 2734 4658 et
2774 4606 2915 4660 sicut
2941 4607 3142 4675 scopuli
3180 4621 3367 4660 omnes
3405 4607 3622 4660 insidias
3668 4622 3764 4661 re-

2180 4695 2403 4764 pellunt,
2433 4697 2653 4749 multam
2681 4697 2766 4759 iis,
2793 4698 2883 4766 qui
2911 4696 3054 4751 intus
3079 4706 3225 4759 sunt,
3272 4697 3557 4752 afferentes
3604 4706 3768 4750 trait-

2178 4788 2528 4855 qnillitatem;
2556 4789 2693 4842 sicut
2730 4790 3012 4844 luminaria
3058 4792 3305 4845 tenebras
3345 4791 3629 4861 impietatis
3656 4789 3773 4847 dis-

2181 4887 2504 4942 cusserunt;
2536 4888 2591 4934 et
2617 4881 2755 4934 sicut
2791 4882 2924 4934 tauri
2949 4882 3123 4935 anima
3155 4889 3209 4936 et
3235 4897 3461 4950 corpore
3493 4886 3772 4951 prompti-

2182 4969 2465 5039 tudineque
2486 4972 2670 5025 eadem
2693 4986 2855 5025 suave
2871 4971 3065 5041 Christi
3091 4973 3277 5042 jugum
3307 4982 3534 5027 traxere.
3555 4971 3780 5028 Idcirco

2180 5075 2322 5130 saepe
2342 5077 2435 5116 eos
2461 5062 2770 5128 invisamus,
2801 5065 3069 5132 capsulam
3092 5066 3437 5135 attingamus,
3462 5081 3782 5134 magnaque

2182 5152 2285 5206 fide
2308 5153 2558 5222 reliquias
2576 5169 2768 5207 eorum
2806 5157 3228 5224 complectamur
3247 5199 3261 5221 ,
3294 5166 3350 5211 ut
3378 5157 3505 5211 inde
3533 5158 3782 5212 benedi-

2180 5244 2409 5297 ctionem
2426 5244 2657 5314 aliquant
2683 5262 3050 5317 assequamur.
3072 5249 3275 5303 Etenim
3296 5250 3431 5303 sicut
3446 5249 3640 5303 milites
3658 5254 3785 5306 vul-

2181 5351 2306 5390 nera
2328 5352 2446 5406 quze
2472 5338 2524 5390 in
2549 5339 2742 5407 praeliis
2764 5340 2863 5393 sibi
2886 5341 3083 5394 inflicta
3100 5350 3223 5395 sunt
3248 5343 3358 5412 regi
3378 5350 3785 5411 monstrantes,

2182 5424 2405 5481 fidenter
2431 5428 2757 5497 loquuntur:
2793 5431 2862 5482 ita
2894 5439 2944 5483 et
2969 5431 3042 5483 illi
3073 5431 3123 5483 in
3158 5432 3404 5486 manibus
3438 5432 3650 5487 absecta
3677 5450 3784 5488 ca-

2182 5521 2290 5586 pita
2317 5530 2610 5587 gesrantes,
2642 5531 2696 5573 et
2734 5522 2785 5575 in
2819 5522 3051 5577 medium
3078 5524 3382 5590 afferentes,
3412 5541 3787 5595 quaecumque

2188 5611 2452 5666 voluerint
2479 5612 2617 5683 apud
2648 5612 2851 5683 Regem
2873 5615 3129 5671 czeiorum
3173 5616 3460 5689 impetrare
3511 5631 3785 5689 possunt.
