4080 6196
469 285 571 342 577
1283 287 1339 342 S.
1379 285 1668 340 JUANNIS
1703 285 2056 341 CllRYSUb’l
2072 286 2190 340 UMI
2229 283 2546 338 AhClllEP.
2590 284 3132 343 CONSTANTINOP.
3773 283 3843 338 liis

473 399 799 470 βαδίζοιμεν,
857 393 946 449 ἵνα
973 395 1064 448 καὶ
1093 394 1202 448 ἀπὸ
1227 394 1328 463 τῆς
1351 395 1526 464 ὅψεως
1574 396 1683 448 τῶν
1713 397 1883 466 ἁγίων
1928 399 2131 453 τούτων
2238 401 2608 454 καταπλεῦσαι
2633 399 2724 452 τὸν
2745 399 2956 468 λιμένα,
2975 398 3070 452 καὶ
3093 397 3190 466 τῆς
3219 393 3493 465 βασιλείας
3520 395 3630 448 τῶν
3657 394 3844 466 οὐρανῶν

474 469 790 560 μνημάτων,
820 483 914 535 καὶ
937 482 1042 534 ἀπὸ
1076 482 1174 551 τῆς
1201 481 1408 544 ἐννοίας
1433 482 1542 534 τῶν
1569 482 1767 546 ἄθλων,
1801 486 1894 539 καὶ
1927 502 2132 538 παντα-
2239 469 2534 555 ὲπιτυχεΐν,
2591 487 2774 556 χάριτι
2827 486 2918 539 καὶ
2949 482 3328 554 φιλανθρωπίᾳ
3359 481 3451 534 τοῦ
3501 482 3703 552 Κυρίου
3737 483 3846 552 ἡμῶν

467 575 625 648 κόθεν
659 571 886 634 πολλοὺς
931 571 1026 624 καὶ
1065 569 1334 640 μεγάλους
1365 570 1617 633 λαϐόντες
1647 571 1948 642 Θησαυροὺς
1975 613 1990 633 ,
2039 572 2133 625 καὶ
2251 570 2423 639 Ἰησοῦ
2459 569 2711 640 Χριστοῦ,
2761 567 2878 639 μεθ’
2907 561 2968 621 οὗ
2989 567 3069 637 τῷ
3099 566 3292 637 lla-cpt,
3321 567 3436 636 ἅμα
3467 565 3543 636 τῷ
3569 565 3710 635 ἁγίῳ
3735 567 3846 618 Πνεῦ-

469 663 561 716 τδν
613 659 852 728 παρόντα
915 657 1028 728 βίον
1077 657 1388 727 δυνηθῶμεν
1427 657 1648 711 κατὰτὸ
1685 659 1760 728 τῷ
1787 658 1906 730 Θεῷ
1944 658 2132 713 δοκοῦν
2242 675 2392 728 ματη
2445 657 2592 722 δόξα,
2644 657 2865 728 κράτος,
2922 656 3058 728 τιμὴ
3109 655 3204 708 καὶ
3242 653 3630 726 προσκύνησις,
3665 653 3739 716 εἰς
3760 655 3847 716 τοὺς

471 746 735 809 διανύσαι,
789 745 884 798 καὶ
929 745 1066 815 μετὰ
1101 743 1302 814 πολλῆς
1350 745 1452 815 τῆς
1503 742 1778 816 ὲμπορὶας
1809 746 1888 810 εἰς
1927 747 2132 800 ἐκεῖνον
2236 746 2438 814 αἰῶνας
2462 746 2570 800 τῶν
2595 745 2825 800 αἰώνων.
2869 745 3060 815 Ἀμήν.

1481 1368 1585 1428 AD
1623 1366 1984 1428 HOMILIAS
2026 1366 2104 1424 IN
2147 1365 2492 1424 SANCTAM
2533 1363 2916 1425 PELAGIAM

621 1533 782 1606 [584]
815 1533 945 1598 Qum
969 1533 1141 1602 prima
1181 1532 1405 1601 ponitur
1438 1530 1662 1584 homilia
1688 1529 2096 1584 Oratae—Latina
2127 1529 2180 1582 in
2209 1528 2266 1582 S.
2307 1527 2602 1598 Pelagium,
2629 1528 2930 1582 Antiochia:
2959 1527 3102 1582 haud
3135 1528 3298 1584 dubie
3326 1530 3508 1587 habita
3541 1544 3660 1602 est;
3689 1553 3786 1607 qua

555 1629 610 1682 in
637 1630 771 1684 urbe
801 1643 960 1697 passa
985 1637 1065 1684 est
1089 1627 1324 1697 Pelagia.
1357 1627 1428 1680 De
1457 1643 1565 1693 qua
1587 1635 1772 1680 sancta
1800 1626 2008 1695 virgine
2051 1637 2105 1679 et
2133 1634 2367 1695 martyre
2395 1624 2576 1678 tnultae
2605 1623 2964 1678 suboriuntur
3015 1625 3368 1694 quaestiones,
3418 1644 3558 1700 quas
3587 1633 3784 1688 erudite

553 1724 905 1792 prosequitur
931 1737 1032 1776 suo
1066 1738 1214 1775 more
1245 1720 1450 1775 Fronto
1479 1719 1707 1774 Ducteus
1733 1720 1816 1773 his
1843 1720 2046 1774 verbis.

627 1833 648 1864 ι
691 1811 768 1867 Ex
796 1814 1010 1868 duabus
1036 1812 1294 1878 homiliis,
1339 1826 1476 1880 quas
1508 1797 1674 1864 edidit
1699 1809 1934 1878 primum
1967 1810 2218 1880 Aloysius
2273 1809 2624 1878 Lipomanus,
2663 1818 2702 1862 t.
2735 1809 2764 1861 7
2789 1809 2856 1864 de
2889 1808 3046 1866 Vitis
3079 1808 3406 1868 Sanctorum
3439 1815 3628 1874 Latine
3679 1831 3785 1875 tan-

549 1915 686 1970 tum,
721 1921 886 1960 unam
921 1907 1009 1961 hic
1037 1915 1272 1975 utraque
1303 1905 1478 1974 lingua
1518 1917 1664 1955 nunc
1691 1901 1884 1957 damus
1903 1919 1968 1956 ex
2000 1903 2213 1957 duobus
2259 1901 2388 1956 Mss.
2429 1899 2646 1956 Henrici
2677 1899 2745 1954 1V
2779 1903 2944 1973 regis,
2999 1903 3056 1957 in
3086 1917 3319 1972 quorum
3354 1909 3527 1964 altero
3589 1912 3786 1970 adgeri-

549 2009 674 2069 ptus
705 2001 936 2069 margini
967 1997 1066 2052 t‘oit
1090 1999 1208 2053 dies
1230 1995 1483 2051 Octobris
1535 1995 1568 2048 8
1605 1994 1705 2049 hoc
1739 2004 1917 2063 pacto,
1978 1995 2107 2064 μηνὶ
2142 1994 2457 2064 Ὀκτωϐρῐῳ
2489 2001 2537 2065 η’
2573 2010 2586 2045 :
2621 2003 2674 2048 ct
2703 1993 2960 2048 admonet
3006 1995 3412 2054 illustrissimus
3441 2001 3606 2057 Card.
3637 2004 3786 2059 Baro-

547 2095 672 2148 nius
713 2095 766 2146 in
795 2093 1096 2163 Menologio
1121 2091 1436 2146 Graecorum
1473 2092 1558 2159 agi
1597 2092 1661 2146 de
1687 2093 1792 2144 alia
1848 2089 2062 2158 Pelagia
2091 2089 2447 2153 Antiochena,
2483 2104 2604 2157 qum
2630 2095 2924 2158 antequam
2953 2097 3232 2146 teneretur
3275 2107 3306 2146 a
3333 2101 3788 2164 persecutoribus,

550 2203 719 2242 orans
747 2203 815 2240 ne
855 2185 1197 2256 dispendium
1223 2193 1501 2254 pateretur
1530 2184 1875 2254 virginitatis,
1911 2184 1964 2236 in
1997 2197 2130 2250 pace
2171 2181 2378 2251 quievit
2415 2198 2426 2234 :
2462 2181 2555 2236 sed
2589 2181 2752 2250 hujus
2783 2181 3012 2252 Pelagia:
3047 2180 3396 2239 festivitatem
3424 2187 3492 2240 ab
3525 2189 3634 2244 illis
3657 2195 3786 2250 cele-

551 2285 696 2339 brari
731 2295 924 2354 quarto
953 2284 1080 2338 ldus
1108 2283 1278 2347 Junii,
1324 2300 1447 2337 cum
1495 2286 1544 2336 in
1583 2284 1740 2339 Boni.
1775 2283 2157 2352 Martyrologio
2213 2283 2510 2338 collocetur
2547 2284 2580 2338 5
2609 2281 2733 2339 Idus
2763 2283 3008 2353 ejusdem
3039 2285 3264 2352 mensis,
3304 2286 3406 2340 hoc
3431 2293 3513 2338 est
3567 2284 3600 2330 9
3631 2283 3787 2338 Junii.

551 2380 762 2432 Rursus
791 2377 1083 2432 convenire
1121 2379 1196 2431 ait
1227 2377 1366 2430 inter
1393 2379 1742 2432 Ambrosium
1791 2387 1846 2431 et
1884 2375 2332 2446 Chrysostomum
2365 2377 2508 2445 quod
2541 2385 2767 2446 uterque
2797 2377 2970 2432 civem
3025 2378 3424 2432 Antiochenam
3463 2377 3634 2434 fuisse
3675 2379 3790 2431 velit

545 2469 842 2542 Pelagiana,
874 2479 926 2524 et
955 2485 1023 2524 ne
1055 2469 1326 2538 jacturam
1359 2467 1559 2524 faceret
1586 2469 1933 2540 virginitatis,
1979 2477 2206 2522 mortem
2245 2469 2610 2522 voluntariam
2637 2469 2932 2540 oppetiisse
2957 2488 2971 2536 ;
2999 2485 3186 2525 verum
3213 2485 3311 2524 eos
3341 2470 3482 2524 inter
3509 2485 3571 2524 se
3593 2470 3792 2526 discre-

543 2577 693 2630 pare,
720 2561 864 2632 quod
891 2561 1213 2616 Ambrosius
1240 2577 1346 2616 una
1374 2578 1498 2617 cum
1535 2571 1708 2616 matre
1737 2569 1791 2616 et
1817 2576 2005 2616 sorore
2069 2559 2233 2616 ﬂuvio
2263 2577 2499 2616 mersam
2535 2577 2652 2618 eam
2685 2571 2945 2630 testetur;
2979 2561 3406 2636 Chrysostomus
3435 2571 3616 2618 autem
3643 2579 3676 2618 e
3704 2579 3788 2618 su-

545 2655 696 2709 blimi
725 2665 865 2712 tecto
905 2669 964 2710 se
992 2657 1320 2726 praecipitem
1351 2655 1568 2711 dedisse
1601 2671 1616 2708 :
1652 2665 1815 2726 atque
1862 2655 1965 2710 hoc
2014 2655 2193 2726 ipsum
2224 2657 2290 2710 de
2317 2655 2534 2726 Pelagia
2586 2671 2766 2711 mersa
2825 2657 3112 2728 scripsisse
3155 2657 3503 2712 Ambrosium
3539 2655 3636 2710 lib.
3669 2655 3704 2709 5
3734 2655 3793 2710 de

541 2751 858 2824 Virginibus
888 2754 1175 2808 annotavit
1203 2754 1339 2808 Lud.
1382 2753 1539 2810 Vives
1571 2754 1623 2807 in
1661 2753 1754 2808 lib.
1793 2753 1844 2819 Ι,
1874 2769 1923 2808 c.
1955 2751 2046 2818 26,
2095 2753 2384 2824 Augustini
2423 2753 2490 2808 de
2527 2753 2756 2808 Civitate
2785 2753 2881 2808 Dei
2919 2772 2932 2808 :
2964 2753 3123 2809 nobis
3155 2766 3334 2808 tamen
3389 2753 3653 2809 attentius
3683 2754 3792 2822 ejus

541 2845 910 2900 narrationem
935 2847 1419 2915 perpendentibus,
1453 2847 1586 2901 nihil
1617 2847 1722 2901 tale
1741 2846 1956 2902 videtur
2001 2847 2329 2903 Ambrosinus
2353 2849 2594 2915 referre;
2632 2847 2726 2904 sed
2753 2847 3074 2904 absentibus
3099 2848 3283 2919 potius
3308 2855 3480 2901 matre
3499 2862 3564 2901 ac
3594 2847 3796 2902 sorori-

543 2941 665 3005 bus,
699 2941 868 2994 solam
906 2942 1052 2996 domi
1081 2941 1499 3012 deprehensam,
1532 2959 1760 2999 vacuam
1791 2944 2067 3014 prtesidio,
2099 2945 2194 3000 sed
2224 2944 2334 3000 Deo
2369 2945 2672 3016 pleniorem
2707 2943 2983 3014 Pelagiam
3015 2943 3164 2999 salva
3193 2943 3503 3012 virginitate
3529 2942 3600 2996 ad
3629 2955 3790 3012 spon-

541 3053 662 3092 sum
695 3037 972 3094 Christum
999 3053 1353 3109 properasse;
1395 3055 1496 3095 nec
1529 3040 1686 3095 aliter
1734 3055 1906 3110 genus
1931 3041 2126 3096 mortis
2155 3041 2411 3109 exprimit
2447 3060 2461 3096 :
2495 3050 2550 3096 at
2596 3048 2978 3110 persecutores
3005 3039 3098 3094 ubi
3141 3046 3382 3108 ereptam
3415 3038 3518 3094 sibi
3533 3033 3794 3091 ’vidernnt

541 3133 778 3203 praedam
821 3134 1068 3203 pudoris,
1103 3142 1330 3188 matrem
1357 3143 1410 3189 et
1439 3149 1656 3190 sorores
1679 3133 1799 3203 ejus
1821 3135 2053 3205 coepisse
2079 3149 2356 3205 quaarere;
2393 3149 2582 3191 verum
2616 3135 2759 3202 illas,
2783 3133 3053 3190 consertis
3086 3131 3341 3186 manibus
3365 3139 3643 3200 tamquam
3667 3129 3792 3182 cho-

543 3245 634 3283 ros
657 3230 938 3294 ducerent,
974 3231 1026 3282 in
1063 3230 1300 3284 medium
1332 3230 1544 3284 alveum
1589 3229 1832 3285 ﬂurriinis
1891 3245 2212 3300 progressas
2252 3247 2395 3296 esse,
2437 3230 2526 3284 ubi
2588 3229 2734 3284 unda
2763 3229 3084 3293 torrentior,
3124 3227 3216 3282 ubi
3255 3225 3586 3297 profundum
3635 3226 3794 3278 abru-

538 3324 704 3390 ptius,
730 3323 952 3392 vestigia
969 3323 1283 3393 dirigentes.
1309 3322 1492 3393 Neque
1513 3339 1640 3378 vero
1661 3323 2024 3393 adstipulatur
2049 3325 2225 3380 eidem
2259 3323 2548 3379 Ambrosio
2579 3323 2913 3395 Augustinus
2939 3322 3130 3378 eodem
3161 3321 3300 3375 libro
3322 3321 3435 3390 jam
3461 3321 3645 3384 citato,
3669 3331 3792 3372 cum

539 3399 616 3465 ait
649 3424 868 3468 sanctas
915 3413 1146 3470 feminas
1177 3415 1468 3483 quasdam,
1527 3424 1588 3470 ut
1647 3416 2007 3472 insectatores
2048 3431 2162 3473 suae
2197 3416 2474 3488 pudicitia:
2493 3415 2821 3483 devitarent,
2843 3415 2898 3470 in
2931 3423 3255 3471 necaturum
3284 3429 3344 3469 se
3375 3413 3577 3467 ﬂumen
3619 3407 3792 3480 proje-

536 3509 707 3570 cisse.
737 3517 904 3578 atque
933 3524 1119 3564 earum
1159 3510 1480 3566 memoriam
1511 3509 1564 3563 in
1606 3509 1850 3566 Ecclesia
1888 3509 2166 3568 Catholica
2221 3511 2572 3567 veneratione
2633 3510 2988 3567 celeberrima
3033 3509 3391 3581 frequentari.
3418 3507 3605 3576 Neque
3647 3507 3792 3561 enim
