4080 6196
219 301 313 329 .-:--.
937 274 1020 329 DE
1062 275 1118 329 S.
1163 275 1449 329 PELAGIA
1497 274 1775 329 VIRGINE
1818 272 1904 326 ET
1947 268 2301 326 MARTYRE.
2346 300 2408 308 —
2450 259 2847 319 ADMONITLO.
3405 254 3510 310 578

218 319 308 354 i'v‘l

224 419 441 474 Proinde
469 434 657 483 magna
690 417 790 472 lide
821 426 872 470 et
892 414 1165 469 alacritate
1195 413 1298 467 huc
1342 412 1614 467 veniamus
1639 453 1654 478 ,
1704 425 1810 480 quo
1924 401 2194 466 mérc.‘bus
2226 408 2599 479 ingrediantur,
2623 417 2675 462 et
2699 420 2918 476 regnum
2942 402 3494 461 czclorumconscqua-

223 525 270 570 et
298 517 422 565 ViSiS
449 508 1153 571 sanctorummonumentis,
1174 517 1225 560 et
1246 497 1601 558 consideratis
1619 517 1808 557 eorum
1925 519 2063 568 mur,
2086 502 2255 571 gratia
2285 509 2340 555 ct
2363 500 2687 569 benignitate
2707 495 2916 552 Domini
2942 495 3106 548 nostri
3130 493 3256 548 Jesu
3283 491 3499 554 Christi.

228 602 627 665 certaminibus,
659 600 785 656 inde
811 600 990 654 varios
1013 599 1294 653 thesauros
1321 596 1677 666 nudequaque
1699 593 1812 647 col-
1923 611 2044 649 eum
2068 610 2172 664 quo
2200 593 2341 648 Patri
2395 592 2658 660 simulque
2687 589 2904 658 Spiritui
2953 596 3138 642 sancto
3154 585 3318 656 gloria
3338 623 3355 648 ,
3411 584 3504 638 im:

227 703 482 770 ligamus;
514 707 568 752 et
594 713 688 767 per
710 703 1028 766 praesentem
1051 694 1210 746 vitam
1257 692 1327 744 ita
1377 686 1669 742 secundum
1721 699 1813 737 νο·
1925 687 2167 756 perium,
2223 685 2394 739 honor
2444 694 2497 739 ct
2526 683 2766 736 adoratio
2818 683 2870 736 in
2927 679 3119 734 sazcula
3167 677 3506 760 saeculorum.

225 792 475 844 tuntatem
507 789 602 844 Dei
634 799 989 854 transeamus,
1020 789 1069 840 in
1100 797 1307 856 portum
1325 784 1473 838 illum
1492 797 1611 838 eum
1628 780 1807 835 multis
1926 781 2119 832 Anien.

1641 1366 2076 1426 ADMONITIO.

236 1531 502 1601 [elegiam
531 1528 794 1590 nominat,
817 1536 912 1580 aut
940 1525 1328 1596 Sepbroniam,
1353 1525 1444 1580 sed
1472 1526 1721 1595 exemplo
1764 1526 2049 1595 utriusque
2073 1526 2362 1594 desumpto
2389 1541 2453 1579 ex
2487 1525 2778 1580 Ambrosio
2805 1525 2964 1581 Vives
2990 1525 3281 1595 Augustini
3304 1542 3486 1582 narra-

235 1628 432 1680 tionem
457 1621 750 1677 illustravit
775 1639 788 1673 :
814 1620 905 1690 qui
935 1628 1113 1674 tamen
1165 1620 1272 1674 hoc
1311 1633 1406 1674 eas
1443 1618 1637 1674 fecisse
1676 1619 1935 1673 divinitus
1983 1621 2185 1687 jussas,
2226 1633 2334 1672 non
2388 1619 2706 1673 humanitus
2735 1619 2988 1688 deceptas
3033 1627 3205 1688 putat,
3243 1620 3385 1675 sicut
3416 1620 3486 1676 de

237 1699 501 1772 Samsone
525 1713 670 1768 aliud
708 1711 789 1767 fas
823 1726 930 1765 non
966 1719 1048 1766 est
1082 1709 1301 1764 credere
1341 1725 1354 1759 :
1384 1709 1651 1764 neminem
1681 1717 1860 1764 tamen
1907 1719 2264 1779 spontaneam
2317 1718 2544 1764 mortem
2570 1710 2673 1765 sibi
2704 1709 2903 1764 inferre
2935 1709 3151 1774 debere,
3198 1709 3346 1766 velut
3396 1709 3457 1766 fu

235 1811 428 1880 giendo
463 1808 742 1863 molestias
768 1805 1120 1874 temporales,
1153 1818 1221 1858 ne
1251 1805 1304 1858 in
1335 1813 1623 1874 perpetuas
1653 1804 1876 1859 incidat.
1911 1805 2086 1875 Atque
2120 1807 2173 1859 in
2199 1807 2299 1860 hac
2328 1805 2546 1875 quidem
2576 1805 2798 1860 homilia
2822 1813 3032 1859 tantum
3063 1805 3168 1860 hoc
3205 1806 3282 1861 ait
3311 1805 3510 1878 (Ἄπη-ι

237 1915 533 1964 sostomus,
567 1898 840 1969 Pelagiani
868 1898 1171 1967 ingressam
1209 1897 1353 1950 intro
1402 1905 1601 1951 vestem
1639 1905 1900 1958 mutasse,
1962 1897 2330 1968 incorruptam
2365 1913 2463 1967 pro
2497 1906 2775 1966 corrupta,
2813 1903 2867 1951 et
2899 1895 3040 1951 infra
3069 1895 3423 1952 dicitmultos
3453 1914 3485 1952 e

236 1993 452 2048 sublimi
489 2001 630 2047 tecto
659 1991 898 2061 dejectos
923 1989 1059 2044 nihil
1088 1988 1216 2044 mali
1244 2003 1458 2059 passos.
1489 1989 1559 2044 At
1588 1990 1642 2044 in
1665 1989 1857 2046 bomil.
1892 1991 1945 2055 Ι,
1986 2006 2108 2061 quae
2141 1999 2225 2047 est
2255 2000 2402 2047 tomo
2435 1994 2470 2047 5
2490 1991 2631 2062 apud
2667 1991 2912 2053 Surium,
2949 1989 3167 2047 disertis
3192 1990 3375 2046 verbis
3406 1991 3482 2046 ita

237 2095 421 2140 narrat
454 2104 466 2138 :
499 2084 580 2138 Ad
600 2085 762 2152 ipsius
795 2083 918 2138 tecti
953 2081 1524 2152 fastigiumcucurrit;
1555 2092 1604 2136 et
1645 2083 1793 2136 illinc
1826 2085 2052 2153 seipsam
2080 2085 2400 2154 prcecipitem
2434 2085 2597 2139 dedit.
2638 2083 2894 2153 Idemque
2949 2083 3017 2138 de
3053 2098 3116 2140 ea
3157 2083 3394 2140 refertur
3428 2083 3485 2138 in

235 2178 380 2232 Actis
401 2176 630 2231 Luciani
653 2191 684 2230 a
703 2175 913 2230 Joanne
938 2173 1339 2230 Nicomediensi
1377 2176 1702 2246 conscriptis
1723 2169 1866 2247 apud
1897 2177 2116 2232 Surium
2147 2187 2280 2233 tom.
2306 2178 2358 2232 l.
2385 2178 2564 2248 Atque
2589 2177 2695 2232 hoc
2721 2183 2881 2247 pacto
2910 2175 3083 2231 videri
3115 2182 3296 2246 potest
3327 2175 3488 2229 intri-

236 2273 433 2328 lexisse
459 2273 782 2329 Ambrosius
808 2271 1082 2342 Pelagiam
1113 2281 1316 2328 sartam
1343 2280 1541 2328 tectam
1584 2289 1940 2331 conservasse
1994 2276 2384 2347 virginitatem,
2413 2291 2536 2330 cum
2565 2291 2596 2330 e
2627 2283 2771 2330 tecto
2793 2288 2852 2330 se
2876 2273 3228 2330 demisisset:
3264 2281 3320 2329 et
3367 2272 3485 2327 ﬁeri

237 2377 407 2435 potest
450 2376 509 2422 ut
537 2382 756 2426 sorores
788 2367 909 2437 ejus
939 2381 1048 2421 non
1085 2365 1204 2421 alia:
1229 2365 1453 2432 fuerint,
1480 2382 1643 2438 quam
1673 2366 1901 2422 Bernice
1927 2377 1981 2423 et
2003 2367 2296 2434 Prosdoce,
2335 2383 2566 2439 quarum
2595 2367 2828 2423 similem
2857 2367 3064 2422 exitum
3093 2368 3316 2438 exponit
3341 2367 3486 2422 idem

235 2461 660 2530 Cbrysostomus
689 2457 851 2514 infra.
888 2457 1024 2512 Nam
1053 2465 1109 2512 et
1133 2457 1188 2512 in
1216 2456 1599 2529 Martyrologio
1623 2457 1787 2514 Rom.
1821 2459 1888 2512 t9
1935 2457 2186 2515 Octobris
2215 2461 2361 2530 passi
2385 2460 2642 2515 dicuntur
2686 2459 3004 2522 Beronicus,
3033 2458 3248 2531 Pelagia
3303 2463 3366 2515 et"
3393 2460 3487 2516 alii

233 2563 502 2624 martyres
519 2550 842 2615 Antiochiae,
869 2549 964 2604 sed
987 2547 1185 2604 ibidem
1209 2549 1430 2605 alterius
1460 2548 1690 2619 Pelagia:
1722 2550 2039 2618 paenitentis
2075 2551 2272 2608 festum
2318 2551 2597 2606 confertur
2650 2551 2703 2605 in
2734 2558 2988 2604 octavum
3019 2550 3164 2605 diem
3213 2550 3485 2616 Octobris.

235 2645 314 2700 cui
342 2645 524 2716 patria
557 2646 684 2700 item
710 2643 816 2700 fuit
839 2643 1150 2714 Antiochia,
1183 2645 1279 2701 sed
1309 2645 1443 2700 obiit
1469 2644 1826 2718 Jerosolymis
1877 2647 2212 2717 temporibus
2256 2647 2547 2702 Theodosii
2574 2647 2830 2716 junioris,
2855 2649 3080 2717 ejusque
3109 2645 3362 2701 meminit
3387 2645 3488 2702 Ni-

233 2738 508 2808 cephorus
536 2737 630 2792 lib.
662 2736 718 2802 4,
755 2753 804 2792 c.
829 2736 920 2792 40.
954 2756 974 2789 ι
1685 2729 1689 2734 ’

299 2827 376 2882 De
406 2836 656 2902 tempore
675 2827 926 2899 martyrii
961 2825 1020 2882 S.
1050 2826 1281 2898 Pelagia;
1313 2839 1421 2882 non
1455 2838 1669 2884 constat
1717 2849 1730 2884 :
1773 2829 1865 2884 alii
1899 2831 2000 2885 sub
2028 2829 2386 2895 Diocletiano,
2424 2831 2526 2885 sub
2550 2829 2846 2886 Maximino
2878 2832 2969 2886 alii
3013 2847 3229 2904 passam
3261 2834 3475 2891 volunt.

236 2917 364 2974 Vide
388 2934 516 2990 qua:
548 2920 647 2975 hac
676 2921 743 2976 de
768 2935 827 2975 re
859 2921 1113 2977 dicantur
1144 2937 1174 2976 a
1197 2922 1443 2979 Bollandi
1471 2925 1945 2982 continuatoribus
1975 2926 2043 2981 ad
2081 2927 2222 2981 diem
2251 2926 2284 2980 9
2308 2925 2478 2988 Junii,
2521 2941 2573 2996 p.
2609 2925 2731 2980 159.

296 3008 499 3065 Incerti
523 3011 806 3081 cujusdam
831 3011 1352 3082 interpretationem,
1384 3023 1570 3085 utpote
1601 3031 1702 3072 nec
1750 3025 2086 3081 accuratam,
2121 3033 2222 3072 nec
2249 3016 2314 3070 ad
2341 3015 2546 3072 Graeca:
2567 3017 2836 3073 orationis
2871 3017 3030 3072 ﬁdem
3075 3016 3482 3085 concinnatam,

229 3107 545 3172 respuimus
577 3120 882 3176 novamque
903 3107 1238 3176 paravimus.

295 3193 610 3252 Secundam
635 3213 864 3269 eamque
892 3199 1196 3255 breviorem
1226 3199 1508 3256 homiliam
1549 3203 1606 3256 in
1649 3201 1707 3258 S.
1743 3201 2018 3274 Pelagiam
2045 3217 2109 3258 ex
2135 3202 2520 3274 Metaphraste,
2550 3212 2612 3258 ut
2641 3204 2780 3274 apud
2809 3201 3028 3257 Surium
3073 3201 3240 3258 latine
3264 3200 3485 3272 legitur,

229 3291 599 3362 desumptam,
625 3291 815 3348 Graeco
837 3293 1141 3360 deﬁciente,
1168 3293 1570 3367 subjungimus.
1617 3295 1692 3351 Ea
1729 3295 2107 3369 Chrysostomi
2154 3313 2349 3353 nomen
2384 3297 2624 3369 praefert,
2661 3313 2760 3354 nec
2795 3297 2994 3368 injuria
3039 3305 3100 3351 ut
3131 3295 3364 3351 videtur.
3425 3293 3486 3350 ln

230 3385 379 3441 nullo
397 3385 550 3441 enim
583 3402 614 3441 a
642 3387 1015 3459 Chrysostomi
1047 3390 1188 3462 stylo
1217 3391 1692 3464 concionandique
1741 3393 1848 3449 ritu
1874 3395 2150 3451 abhorret.
2197 3394 2253 3450 ld
2291 3410 2423 3450 vero
2457 3394 2634 3451 solum
2665 3395 2946 3466 quidpiam
2991 3407 3183 3464 parere
3236 3387 3482 3461 scrupuli

229 3481 424 3546 possit,
455 3479 603 3550 quod
631 3480 845 3537 brevior
866 3481 956 3545 sit,
978 3497 1141 3552 quam
1174 3483 1384 3540 soleant
1403 3499 1525 3542 esse
1545 3485 1837 3544 conciones
1867 3487 2006 3559 ejus.
2046 3485 2245 3544 Verum
2269 3487 2388 3543 aliae
2413 3497 2711 3544 occurrunt
2735 3486 2979 3560 ejusdem
3002 3483 3308 3554 brevitatis,
3343 3499 3488 3558 quas

229 3585 338 3626 non
377 3571 506 3628 ideo
538 3570 800 3628 debemus
828 3570 1220 3646 Chrysostomo
1241 3574 1577 3647 abjudicare.
