4080 6196
224 271 341 331 $79

1134 302 1224 361 DE
1265 305 1322 360 S.
1358 303 1650 364 PELA’GIA
1695 306 1974 364 VIRGINE
2011 309 2095 364 ET
2138 309 2492 365 MARTYHE.
2539 307 2768 364 HOMIL.
2819 306 2856 362 I.

3541 313 3662 373 δεο

1007 649 1111 714 Εἰς
1161 649 1276 718 τὴν
1331 651 1506 722 ἁγίαν
1555 650 1825 724 μάρτυρα
1877 657 2179 725 Πελαγίαν
2207 671 2234 699 ι
2287 659 2402 728 τὴν
2445 661 2514 715 ἐν
2560 665 2903 735 Ἀντιοχει’ᾳ.·

292 828 368 882 δ’.
391 826 698 900 εὐλογητὸς
723 829 752 882 ὁ
779 828 911 895 Θεὸς
935 847 948 860 ·
1003 831 1098 885 καὶ
1147 835 1396 902 γυναῖκες
1444 835 1674 890 Θανάτου
1712 839 1898 896 λοιπὸν

217 915 619 981 καταπαίζουσι
645 959 679 984 ,,
707 918 802 972 καὶ
849 918 1008 991 κόραι
1063 923 1409 990 καταγελῶσι
1461 925 1750 998 τελευτῆς,
1805 931 1898 984 καὶ⁵

218 1003 481 1074 παρθένοι
511 1005 863 1077 κομιδῇ-νέαι
910 1009 1004 1062 καλ⁵
1049 1010 1417 1084 ἀπειρόγαμοι
1459 1015 1540 1078 εἰς
1572 1016 1710 1070 αύτά
1743 1033 1896 1090 σκιρ.

216 1091 350 1145 τῶσι
379 1091 408 1132 ι’
435 1092 530 1146 τοῦ
571 1093 704 1165 ᾅδου
731 1093 804 1148 τά
833 1097 1059 1168 κέντρα,
1101 1099 1196 1153 καὶ
1223 1100 1375 1154 ούδέν
1405 1103 1672 1174 πάσχουσι
1703 1103 1891 1162 δεινόν.

217 1181 405 1237 Ταῦτα
437 1184 502 1256 δὴ
549 1186 728 1240 πάντα
757 1187 847 1242 διά
883 1189 973 1243 τὸν
1015 1191 1080 1244 ἐκ
1109 1193 1378 1265 παρθένου
1409 1196 1645 1267 Χριστὸν
1676 1199 1895 1268 γέγονεν

215 1274 346 1341 ημῖν
385 1272 454 1325 τά
491 1274 704 1342 ἀγαθά·
749 1277 889 1346 μετὰ
920 1277 1028 1350 7&9
1069 1278 1169 1342 τὰς
1211 1283 1488 1353 μακαρίας
1523 1283 1721 1351 ώδῖνας
1754 1288 1895 1342 ἐκεί-

213 1377 332 1422 νας,
359 1361 575 1414 καὶτὸν
601 1363 1039 1432 φρικωδέστατον
1071 1366 1230 1421 τόκον
1259 1369 1486 1443 ἐξελύθη
1527 1371 1621 1426 τοῦ
1657 1372 1890 1429 Θανάτου

211 1447 280 1499 τὰ
305 1447 492 1519 νεῦρα,
517 1449 797 1522 παρελύθη
828 1453 860 1523 ή
896 1450 990 1506 τοῦ
1015 1452 1260 1509 διαϐόλου
1295 1455 1546 1529 δύναμις,
1577 1460 1672 1513 καὶ
1704 1461 1891 1516 λοιπὸν

211 1536 311 1592 οὐκ
348 1535 576 1607 ἀνδράσι
619 1537 802 1606 μόνον,
835 1538 973 1593 ἀλλά
1004 1541 1100 1594 καὶ
1137 1543 1385 1611 γυναιξὶν
1414 1549 1892 1621 εὐκαταφρόνητος

211 1625 426 1691 γέγονε,
450 1626 543 1678 καὶ
563 1626 622 1678 ού
650 1627 864 1695 γυναιῇ
892 1628 1072 1700 μόνον,
1100 1630 1237 1684 ἀλλά
1270 1633 1365 1686 καὶ
1387 1634 1596 1706 κόραις.
1626 1637 1891 1709 Καθάπερ

208 1713 317 1784 γάρ
348 1729 436 1777 τις
483 1716 687 1786 ποιμὴν
719 1715 938 1787 ἀριστος
983 1716 1177 1771 λέοντα
1231 1721 1570 1790 ἐκφοϐοῦντα
1600 1724 1672 1778 τά
1717 1724 1890 1798 θρέμ-

215 1818 364 1869 ματα
406 1801 503 1856 καὶ
546 1806 613 1874 τῇ
669 1804 877 1878 ποίμνῃ
924 1805 1076 1880 πάσῃ
1121 1806 1517 1881 λυμαινόμενον
1549 1812 1752 1879 λαϐὼν,
1799 1817 1890 1869 καὶ

212 1890 336 1952 τοὺς
380 1889 602 1954 ὀδόντας
630 1891 907 1961 ἐκκόψας,
951 1893 1202 1959 καὶτοὺς
1241 1895 1438 1968 ὄνυχας
1485 1901 1754 1972 ἐκτεμὼν,
1794 1903 1889 1958 καὶ

209 1977 305 2045 τὴν
348 1977 531 2048 κόμην
568 1978 891 2050 ἀποκείρας,
939 1979 1416 2054 εὖκαταφρόνητον
1455 1986 1547 2039 καὶ
1580 1989 1886 2058 καταγέλα-

211 2080 332 2117 στον
361 2067 554 2129 ποιεῖ,.
577 2066 670 2120 καὶ
709 2066 946 2131 παιδίοις
989 2074 1325 2140 ποιμενικοῖς
1364 2074 1457 2126 καὶ
1495 2057 1686 2147 κόραις
1712 2057 1887 2149 παρα-

207 2151 387 2204 δίδωσι
421 2153 798 2218 καταπαίζειν-
828 2153 1043 2208 λοιπόν·
1076 2156 1218 2211 οὓτω
1253 2158 1317 2232 δὴ
1347 2161 1441 2214 καὶ
1465 2164 1494 2216 ό
1521 2163 1754 2235 Χριστὸς
1795 2167 1886 2220 τὸν

209 2238 439 2293 θάνατον
464 2239 693 2312 φοϐερὸν
720 2240 848 2294 δντα
870 2244 934 2313 τῇ
966 2242 1125 2311 φύσει
1147 2246 1211 2316 τῇ
1242 2247 1485 2320 ἡμετέρᾳ
1507 2251 1598 2303 καὶ
1619 2251 1886 2321 φοϐοῦντα

204 2325 265 2378 τὸ
281 2327 441 2394 γένος
470 2326 624 2397 ημῶν
648 2327 795 2380 ἀπαν
823 2327 1020 2394 λαϐὼν,
1035 2331 1240 2386 καὶτὸν
1270 2333 1430 2402 φόϐον
1446 2335 1608 2390 αὑτοῦ
1631 2337 1886 2404 διαλύσας

202 2413 426 2468 ἅπαντα
487 2414 822 2485 παρέδωκεν,
863 2415 1003 2470 ὥστε
1046 2417 1140 2471 καὶ
1181 2421 1482 2492 παρθένους
1527 2426 1885 2491 καταπαίζειν

202 2502 388 2556 αὐτοῦ.
416 2502 516 2557 Διά
547 2503 705 2557 τοῦτο
734 2505 829 2559 καὶ
853 2506 886 2576 η
919 2507 1162 2578 μακαρία
1185 2508 1426 2578 Πελαγία
1455 2511 1593 2580 μετά
1617 2514 1884 2585 τοσαύτης

202 2592 288 2644 ἐπ’
305 2592 473 2645 αὑτὸν
499 2591 731 2663 ἔδραμεν
757 2593 945 2664 ἡδονῆς
967 2595 1042 2658 ώς
1071 2595 1203 2666 μηδὲ
1229 2597 1514 2668 ἀναμεῖναι
1541 2599 1750 2672 δημίων
1775 2605 1886 2672 χεῖ-

202 2697 321 2752 ρας,
351 2680 492 2752 μηδὲ
521 2683 600 2745 εἰς
625 2681 971 2753 δικαστήριον
997 2683 1275 2751 εἰσελθεῖν,
1305 2686 1438 2741 ἀλλά
1467 2691 1531 2759 τῇ
1558 2693 1656 2760 τῆς
1680 2692 1884 2763 οἰκείας

199 2767 514 2839 προθυμίας
538 2768 809 2840 ὑπερϐολῇ
843 2769 1047 2838 φθάσαι
1073 2770 1171 2841 τὴν
1190 2773 1412 2828 ἐκείνων
1437 2774 1716 2846 ὡμότητα.
1746 2781 1884 2849 Παρ-

199 2857 507 2912 εσκεύαστο
543 2858 642 2928 μὲν
672 2858 779 2928 7&9
804 2861 898 2912 καὶ
926 2858 1062 2931 πρὸς
1094 2861 1379 2931 βασάνους,
1402 2866 1496 2918 καὶ
1529 2866 1878 2940 κολαστήρια,

199 2947 292 2999 καὶ
335 2945 491 3000 ἀπαν
523 2945 802 3016 τιμωριῶν
846 2942 1017 3014 εἶδος,
1061 2948 1174 3001 ἀλλ’
1221 2950 1498 3016 ἐδεδοίκει,
1536 2953 1610 3025 μὴ
1649 2955 1740 3009 τὸν
1762 2947 1883 3028 ’τῆς

200 3037 506 3109 παρθενίας
527 3035 770 3111 ἀπολέσῃ
791 3037 1076 3107 στέφανον.
1095 3040 1206 3094 Καὶ
1235 3041 1321 3095 ἵνα
1348 3041 1525 3115 μάθῃς
1547 3044 1628 3098 ὅτι
1650 3044 1750 3117 τὴν
1773 3044 1881 3100 τῶν

201 3126 413 3181 ἀσεϐῶν
426 3125 712 3194 ἀσέλγειαν
742 3125 1014 3194 ἐδεδοίκει,
1047 3127 1439 3200 προλαμϐάνει,
1465 3133 1559 3186 καὶ
1585 3133 1682 3202 τῆς
1712 3136 1880 3206 ἀσχή-

202 3231 360 3284 μονος
393 3213 609 3285 ὕϐρεως
643 3213 840 3286 ἑαυτὴν
869 3215 1274 3290 προεξαρπάζει
1291 3235 1304 3247 ·
1330 3218 1359 3271 δ
1383 3218 1683 3291 ἀνθρώπων
1706 3221 1880 3287 οὐδεὶς

198 3303 455 3356 οὐδέποτε
501 3300 740 3356 τοιοῦτον
773 3302 926 3356 ούδέν
961 3304 1334 3376 ἐπεχείρησεν,
1367 3305 1482 3360 ἀλλ’
1506 3307 1876 3381 ἠκολούθησαν

195 3391 437 3454 ἅπαντες
461 3391 545 3454 εἰς
577 3389 638 3443 τὸ
669 3391 1038 3464 δικαστήριον,
1067 3394 1228 3446 κάκεῖ
1258 3393 1357 3465 τὴν
1388 3395 1638 3466 ἀνδρείαν
1663 3398 1873 3452 ἐπεδεί-

195 3480 389 3546 ξαντο·
423 3481 684 3549 γυναῖκες
728 3481 786 3534 δέ
821 3481 912 3534 διά
949 3481 1012 3535 τὸ
1040 3481 1142 3553 τῆς
1190 3482 1404 3552 φύσεως
1444 3485 1870 3558 εὐεπηρέαστον,

192 3568 383 3623 τοῦτον
425 3569 729 3640 ἐπενόησαν
758 3571 977 3634 ἑαυταῖς
1019 3569 1111 3624 τὸν
1140 3571 1338 3642 τρόπον
1373 3572 1470 3644 τῆς
1502 3573 1776 3646 τελευτῆς.
1810 3575 1872 3630 Εἰ

195 3656 297 3725 μὲν
322 3657 437 3728 7&9
465 3652 536 3727 ῆν
558 3657 654 3710 καὶ
679 3655 777 3728 τὴν
804 3656 1096 3728 παρθενίαν
1115 3657 1498 3727 διασώσασθαι,
1527 3662 1621 3716 καὶ
1645 3662 1753 3716 τῶν
1777 3665 1871 3718 τοῦ

196 3745 504 3818 μαρτυρίου
543 3746 820 3814 στεφάνων
846 3747 1145 3817 ἐπιτυχεῖν,
1171 3748 1272 3801 οὐκ
1299 3747 1364 3802 ἀν
1393 3750 1747 3823 παρῃτήσατο
1773 3753 1872 3824 τὴν

195 3837 274 3898 εις
310 3835 374 3888 τὸ
409 3834 761 3906 δικαστήριον
812 3835 1045 3890 εἴσοδον·
1092 3835 1279 3908 ἐπειδὴ
1312 3836 1369 3889 δὲ
1398 3837 1610 3910 ἀνάγκη
1645 3838 1871 3912 θατέρου

196 3923 420 3985 πάντως
459 3917 532 3992 ἦν
571 3923 846 3989 ἐκπεσεῖν,
893 3923 1129 3995 ἐσχάτης
1166 3921 1413 3995 ἐνόμιζεν
1437 3935 1459 3963 ο
1490 3921 1628 3980 εἶναι
1663 3926 1868 3992 ἀνοίας,

197 4011 370 4082 παρὸν
409 4009 680 4080 ἑκατέρας
708 4010 846 4081 αὐτῇ
877 4009 975 4080 τῆς
1006 4010 1164 4082 νίκης
1193 4011 1491 4082 ἐπιτυχεῖν,
1527 4011 1584 4078 ἐξ
1615 4012 1870 4083 ἡμισείας

198 4099 638 4168 στεφανωθεῖσαν
678 4099 956 4155 ἀπελθεῖν.
1009 4101 1115 4154 Διά
1151 4099 1310 4154 τοῦτο
1354 4101 1455 4154 ούκ
1493 4101 1755 4172 ἠθέλησεν
1791 4104 1867 4167 εἰς

200 4187 256 4238 τὸ
278 4186 637 4256 δικαστήριον
659 4185 938 4252 ἀπελθεῖν,
974 4187 1093 4241 οὐδὲ
1125 4187 1379 4256 γενέσθαι
1407 4187 1636 4260 θέατρον
1669 4189 1868 4244 ἀκολά-

201 4291 343 4338 στοις
401 4274 732 4344 ὀφθαλμοῖς,
785 4275 906 4329 οὐδὲ
955 4278 1256 4346 παρασχεῖν
1291 4275 1576 4344 ἀσελγέσιν
1627 4276 1868 4348 όμμασιν

195 4363 537 4433 ἐντρυφῆσαι
569 4365 638 4433 τῇ
671 4363 771 4432 τῆς
803 4363 1010 4426 οἰκείας
1038 4361 1214 4431 ὅψεως
1248 4362 1471 4434 θεωρίᾳ,
1501 4365 1592 4417 καὶ
1625 4365 1684 4417 τὸ
1716 4367 1870 4433 ἀγιον

195 4450 374 4502 ἐκεῖνο
429 4448 762 4520 καθυϐρίσαι
816 4447 1006 4520 σῶμα·
1055 4449 1170 4502 ἀλλ’
1214 4449 1323 4503 ἀπὸ
1357 4450 1452 4503 τοῦ
1497 4450 1741 4522 θαλάμου
1776 4454 1870 4506 καὶ

192 4537 291 4607 τῆς
333 4537 774 4605 γυναικωνίτιδος
805 4537 890 4607 ἐφ’
912 4537 1100 4610 ἔτερον
1131 4533 1262 4608 ἦλθε
1290 4536 1550 4608 θάλαμον,
1575 4540 1666 4592 τὸν
1707 4541 1862 4610 ούρα-

189 4627 302 4679 νόν.
339 4626 504 4694 Μέγα
547 4625 649 4696 μὲν
697 4625 804 4697 γάρ
832 4625 926 4679 καὶ
968 4625 1030 4678 τὸ
1061 4625 1289 4696 δημίους
1322 4625 1445 4678 ἰδεῖν
1475 4627 1866 4698 περιεστῶτας,

190 4710 289 4764 καὶ
339 4713 442 4775 τὰς
493 4711 736 4784 πλευρὰς
783 4711 1196 4782 διορύττοντας·
1243 4713 1344 4765 ούκ
1379 4711 1595 4764 ἔλαττον
1639 4713 1696 4766 δέ
1747 4713 1879 4791 ούδὲ

191 4798 351 4852 τοῦτο
392 4799 623 4854 ἐκείνου.
654 4800 780 4862 Τοῖς
824 4801 922 4871 μὲν
955 4799 1064 4870 γάρ
1109 4799 1208 4870 τῆς
1251 4799 1555 4870 αἰσθήσεως
1595 4801 1695 4871 ἤδη
1733 4817 1868 4872 προ-

189 4885 565 4957 αναλωθείσης
606 4889 673 4957 τῇ
726 4885 968 4958 ποικιλίᾳ
1003 4885 1115 4940 τῶν
1154 4886 1426 4956 βασάνων,
1474 4886 1592 4940 ούδέ
1641 4887 1868 4956 φοϐερὸς

185 4975 276 5027 δτι
315 4974 570 5044 φαίνεται
599 4977 628 5030 ό
659 4975 907 5040 θάνατος,
957 4975 1070 5028 ἀλλ’
1120 4974 1406 5046 ἀπαλλαγή
1452 4991 1536 5039 τις
1564 4975 1659 5028 καὶ
1687 4975 1868 5039 ἄνεσις

181 5062 302 5115 τῶν
334 5062 703 5133 ἐπικειμένων
731 5061 919 5116 δεινῶν
939 5079 952 5093 ·
981 5064 1016 5133 ἡ
1053 5061 1112 5116 δέ
1149 5062 1314 5133 μηδὲν
1356 5061 1584 5132 μηδέπω
1621 5062 1869 5116 παθοῦσα

176 5148 458 5214 τοιοῦτον,
487 5149 625 5203 ἀλλά
651 5149 909 5220 ἀκέραιον
938 5149 1018 5202 ἔτι
1050 5149 1112 5202 τὸ
1154 5148 1314 5220 σῶμα
1341 5147 1560 5220 ἔχουσα,
1591 5149 1686 5203 καὶ
1715 5149 1867 5223 [586]

179 5234 474 5308 μηδεμιᾶς
499 5236 692 5308 ὀδύνης
723 5236 1020 5308 αἰσθομένη
1057 5237 1301 5307 μηδέπω,
1336 5235 1573 5306 μεγάλου
1601 5236 1743 5300 τινὸς
1775 5239 1870 5290 καὶ

169 5325 443 5394 γενναίου
493 5326 838 5397 φρονήματος
889 5325 1079 5390 δεῖται,
1121 5325 1169 5377 εἰ
1218 5323 1400 5394 μέλλοι
1447 5323 1605 5394 βιαίῳ
1659 5323 1869 5395 θανάτῳ

171 5414 291 5484 τῆς
335 5412 621 5485 παρούσης
665 5414 863 5486 ἑαυτὴν
901 5412 1118 5482 ἐξάγειν
1168 5411 1334 5482 ζωῆς.
1367 5412 1527 5464 Ὥστε
1567 5411 1695 5462 ὅταν
1743 5413 1870 5463 θαυ-

173 5500 372 5571 μάζῃς
416 5500 656 5564 ἐκείνους
702 5501 802 5572 τῆς
840 5500 1152 5572 καρτερίας,
1205 5498 1487 5569 θαύμασον
1531 5498 1735 5569 ταύτην
1771 5499 1869 5570 τῆς

247 5619 278 5688 ⁸-
445 5618 492 5664 in
517 5617 680 5688 ιὶιιξιο,
699 5617 789 5688 τήν
830 5617 882 5688 ἐν,
905 5615 1187 5679 Ἀντιοχείᾳ,
1214 5613 1458 5664 habentur
1480 5614 1529 5662 in
1555 5626 1651 5662 uno
1693 5612 1868 5677 Regio,

165 5683 234 5728 et
268 5679 398 5727 lecta
421 5684 537 5727 sunt
557 5674 620 5726 ab
642 5674 938 5739 interprete.
1061 5674 1093 5679 ’⁷
1151 5674 1181 5679 ’ν
1771 5674 1792 5677 “
1856 5674 1861 5675 ⁷

235 5737 277 5802 γι
304 5740 458 5787 Ξανίι.
483 5740 534 5787 in
564 5745 706 5788 textu
732 5739 882 5788 habet
902 5739 1112 5802 πηδῶσι,
1141 5739 1187 5787 in
1214 5750 1367 5802 marg.
1391 5739 1644 5802 σκιρτῶσι,
1678 5741 1735 5792 υι
1764 5737 1870 5791 Mo-

159 5801 270 5874 rel;
310 5808 563 5874 etprpqcs
581 5815 698 5851 mss.
726 5802 782 5853 In
799 5815 893 5853 uno
917 5801 1035 5852 infra
1060 5801 1290 5874 μακαρίας
1314 5801 1473 5850 dccst.

238 5863 271 5895 ‘
299 5864 401 5913 Διϋ
435 5863 667 5925 ἐνόμισεν.

2001 845 2282 936 ἀνδρείας·
2307 848 2760 923 ὅταν-ἐκπλαγῇς
2797 853 3034 920 ἐκείνους
3078 857 3216 930 ύπέρ
3246 861 3342 932 τῆς
3373 859 3658 936 ύπομονῆς.

2000 934 2308 1006 ἐκπλάγηθι
2339 937 2433 989 καὶ
2471 937 2676 1011 ταύτην
2711 941 2849 1014 ύπέρ
2886 944 2979 997 τοῦ
3019 949 3268 1014 γενναίου
3305 934 3644 1022 φρονήματος

1997 1023 2081 1077 ὅτι
2119 1024 2494 1097 κατετόλμησε
2529 1027 2782 1100 τελευτῆς
2818 1031 3093 1103 τοιαύτης.
3126 1035 3236 1089 Καὶ
3270 1039 3344 1110 μὴ
3398 1041 3673 1110 παραδρά-
3737 1097 3748 1106 ,

2001 1127 2108 1181 μῃς
2161 1111 2350 1176 ἁπλῶς
2391 1112 2467 1165 τὺ-
2505 1116 2740 1185 συμϐὰν,
2772 1118 2905 1171 ,ἀλλ’
2953 1120 3207 1192 ἐννόησον
3249 1126 3366 1189 πῶς
3409 1123 3670 1203 ἦνιείκὸς

1997 1199 2165 1269 κόρην
2198 1199 2506 1268 διατεθῆναι
2554 1203 2790 1274 ἁπαλὴν,
2837 1205 2930 1259 τοῦ
2985 1209 3228 1280 θαλάμου
3257 1213 3437 1267 -πλέον
3467 1199 3670 1268 εἰδυῖαν

1995 1285 2170 1349 οὐδὲν,
2202 1289 2547 1357 στρατιωτῶν
2579 1290 2791 1361 ἀθρόως
2832 1295 3189 1362 ἐπιστάντων,
3236 1301 3341 1371 πρὸ
3373 1302 3468 1370 τῆς
3500 1302 3667 1372 θύρας

1995 1372 2266 1439 ἑστώτων,
2295 1375 2634 1430 ,καλούντων
2662 1379 2742 1441 εἰς
2773 1379 3145 1454 δικαστήριον,
3197 1388 3276 1450 εἰς
3325 1389 3533 1462 ἀγορὰν
3582 1392 3668 1444 ἐλο

1994 1461 2197 1516 κόντων
2250 1463 2389 1534 ὑπὲρ
2449 1465 2706 1519 τοιούτων
2759 1470 2853 1521 καὶ
2909 1472 3244 1542 τηλικούτων
3295 1461 3662 1546 πραγμάτων.

1994 1549 2068 1601 Ού
2108 1549 2286 1621 πατὴρ
2322 1550 2491 1616 ἔνδον,
2528 1553 2588 1604 ού
2625 1555 2807 1627 μήτηρ
2841 1561 3040 1630 παρῆν,
3069 1563 3130 1614 ού
3163 1563 3384 1632 τροφὸς,
3413 1566 3472 1616 ού
3508 1565 3666 1635 θερα-

1993 1636 2197 1700 παινὶς.
2233 1638 2292 1690 ού
2329 1639 2543 1705 γείτων,
2575 1642 2634 1694 οῦ
2665 1643 2814 1713 φίλη,
2853 1646 2988 1700 άλλά
3030 1649 3166 1720 μόνη
3199 1651 3400 1719 μεταξὺ
3433 1652 3541 1704 τῶν
3573 1653 3665 1722 δη-

1995 1725 2134 1795 μίων
2181 1726 2406 1780 ἐκείνων
2446 1729 2768 1800 ἀπείληπτο.
2806 1733 2924 1786 Ὅτι
2968 1735 3076 1806 γὰρ
3116 1737 3348 1800 ἐξελθεῖν
3395 1739 3487 1792 καὶ
3529 1741 3664 1793 ἀπο-

1990 1813 2283 1884 κρίνασθαι
2310 1817 2419 1878 τοῖς
2449 1814 2663 1886 δημίοις
2704 1819 2936 1884 ἐκείνοις
2981 1826 3090 1886 τοῖς
3124 1825 3484 1894 στρατιώταις
3523 1828 3664 1896 ίσχυ-

1991 1917 2107 1965 σεν,
2136 1900 2218 1953 ὅτι
2259 1901 2439 1971 διᾶραι
2488 1903 2698 1973 στόμα,
2749 1906 2848 1960 καὶ
2893 1909 3073 1980 φωνὴν
3125 1912 3374 1980 ἀφεῖναι,
3419 1915 3500 1966 ὅτι
3552 1915 3662 1987 γάρ

1993 1985 2138 2050 ἰδεῖν,
2163 1988 2244 2041 ὃτι
2282 1988 2472 2058 στῆναι
2516 1990 2610 2043 καί⁵
2661 1991 3031 2057 ἀναπνεῦσαι,
3079 1997 3195 2061 πῶς
3241 2000 3531 2064 ούκάξιον
3564 1985 3662 2055 ἐκζ-

1990 2074 2318 2144 πληττεσθαι
2346 2076 2440 2128 καὶ
2470 2076 2800 2146 θαυμάζεινς
2845 2081 2959 2136 Ούκ
2997 2079 3291 2153 ἦνταῦτα.
3311 2088 3666 2160 ἀνθρωπίνης

1988 2159 2235 2229 φύσεως·
2285 2161 2352 2214 τὺ
2398 2162 2497 2232 μὲν
2555 2162 2663 2232 γάρ
2721 2165 2881 2220 πλέον
2931 2171 3250 2242 εἰσήνεγκεν
3305 2175 3338 2244 ἡ
3379 2159 3470 2228 τοῦ
3521 2176 3658 2230 Θεοῦ

1991 2249 2153 2318 ῥοπή.
2187 2249 2260 2301 υύ
2298 2248 2401 2319 μὴν
2434 2249 2552 2303 οὐδὲ
2583 2250 2722 2321 αὕτη
2757 2254 2876 2307 τότε
2920 2256 3166 2326 ἀργοῦσα
3214 2261 3477 2331 εἱστήκει,
3525 2263 3662 2317 ἀλλά

1986 2334 2053 2387 τά
2092 2337 2222 2407 παρ’
2251 2335 2448 2406 ἑαυτῆς
2483 2337 2658 2390 πάντα
2704 2339 3072 2407 ἐπεδείκνυτο,
3109 2347 3205 2416 τὴν
3238 2347 3566 2418 προθυμίαν,
3598 2351 3658 2404 τὸ

1987 2423 2264 2494 φρόνημα,
2307 2422 2370 2475 τὸ
2400 2428 2668 2491 γενναῖον,
2705 2426 2766 2479 τὸ
2801 2427 3160 2500 βουληθῆναι,
3206 2433 3265 2485 τὸ
3309 2435 3656 2504 προελέσθαι,

1984 2507 2044 2560 τὸ
2076 2507 2336 2572 σπεῦσαι,
2379 2510 2442 2563 τὸ
2491 2511 2841 2582 ἐπειχθῆναι·
2887 2515 2948 2568 τὺ
2987 2516 3042 2569 δὲ
3089 2518 3170 2580 είς
3220 2518 3392 2590 πέρας
3444 2521 3658 2576 ἅπαντα

1983 2594 2154 2648 ταῦτα
2187 2595 2382 2660 ἐλθεῖν,
2414 2597 2512 2668 τῆς
2553 2597 2646 2650 τοῦ
2678 2599 2813 2653 Θεοῦ
2853 2601 3101 2674 βοηθείας
3144 2604 3389 2674 ἐγίγνετο
3421 2609 3514 2661 καὶ
3555 2610 3663 2680 τῆς

1983 2684 2188 2738 ἄνωθεν
2218 2685 2430 2748 εὐνοίας
2450 2701 2463 2716 ·
2495 2685 2635 2738 ὥστε
2670 2687 2765 2740 καὶ
2803 2687 3103 2759 θαυμάζειν
3132 2694 3303 2765 αὐτὴν
3334 2697 3428 2748 καὶ
3470 2714 3653 2765 μακα-

1987 2770 2154 2840 ρίζειν
2185 2770 2363 2838 ἀξιον·
2399 2772 2725 2845 μακαρίζειν
2758 2775 2855 2845 μὲν
2887 2777 3026 2847 ύπέρ
3073 2778 3169 2848 τῆς
3201 2780 3293 2832 τοῦ
3331 2781 3466 2834 Θεοῦ
3513 2800 3654 2854 συμ-

1987 2857 2208 2928 μαχίας,
2245 2858 2546 2930 θαυμάζειν
2577 2861 2632 2914 δὲ
2665 2861 2806 2933 ὑπὲρ
2835 2863 2932 2932 τῆς
2959 2865 3166 2928 οἰκείας
3199 2866 3526 2938 προθυμίας.
3559 2872 3655 2935 Τίς

1982 2945 2091 3016 7&9
2139 2947 2240 3000 οὐκ
2280 2947 2350 3001 ἂν,
2392 2947 2695 3018 ἐκπλαγείη
2734 2949 2958 3014 δικαίως
3005 2951 3276 3016 ἀκούσας,
3324 2955 3404 3008 ὅτι
3451 2957 3510 3008 ἐν
3556 2963 3659 3031 μιᾷ·

1981 3033 2184 3105 καιροῦ.
2219 3037 2358 3106 ῥοπῇ
2402 3034 2629 3108 γνώμην
2686 3037 2954 3108 τοσαύτην
2999 3039 3092 3092 καὶ
3145 3040 3507 3097 ἐϐουλεύσατο
3561 3051 3654 3100 καί

1980 3122 2262 3196 ἐκύρωσε,
2311 3122 2402 3176 καὶ
2439 3124 2519 3186 εἰς
2565 3122 2725 3196 ἔργον
2775 3123 3077 3196 ἐξὴγαγεν;
3116 3128 3260 3180 ἰστε
3313 3129 3419 3202 γάρ
3451 3132 3653 3202 δήπου,

1981 3211 2200 3277 πάντες,
2247 3212 2328 3266 ὅτι
2372 3210 2442 3264 τά
2474 3211 2731 3276 πολλάκις
2762 3215 2894 3283 ἡμῖν
2941 3216 2999 3268 ἑν
3035 3215 3233 3288 μακρῷ
3288 3217 3654 3289 μελετηθέντα

1981 3298 2175 3370 χρόνῳ,
2218 3299 2483 3370 παρόντος
2514 3297 2607 3351 τοῦ
2637 3299 2830 3371 καιροῦ
2861 3299 2956 3354 τοῦ
2994 3301 3094 3372 τὴν
3135 3305 3328 3374 πεῖραν
3360 3305 3653 3360 ἀπαιτοῦν-

1981 3404 2071 3450 τος
2100 3387 2266 3457 ήμᾶς,
2297 3385 2391 3440 καὶ
2421 3385 2586 3457 φόϐου
2623 3387 2821 3459 μικροῦ
2853 3387 2950 3459 τὴν
2975 3387 3217 3443 διάνοιαν
3253 3392 3652 3460 καταλαϐόντος

1981 3479 2196 3534 ἅπαντα
2249 3478 2541 3550 ἐξεχέαμεν
2583 3478 2652 3533 τά
2699 3478 3046 3550 βουλεύματα
3097 3481 3202 3535 ὑπὸ
3259 3483 3356 3552 τῆς
3411 3485 3652 3554 ἀγωνίας

1980 3567 2174 3639 ἀθρόον
2207 3567 2552 3638 πτοηθέντες.
2583 3567 2733 3639 Αὕτη
2765 3567 2821 3621 δέ
2858 3567 3053 3639 βουλὴν
3085 3567 3229 3623 οὕτω
3278 3573 3513 3642 φρικτὴν
3557 3575 3656 3628 καὶ

1981 3655 2216 3726 φοϐεράν
2244 3655 2302 3708 ἐν
2339 3656 2439 3726 μιᾷ
2469 3654 2662 3727 καιροῦ
2697 3657 2837 3727 ῥοπῇ
2874 3657 2968 3710 καὶ
3003 3656 3386 3722 ὑποδέξασθαι,
3417 3663 3508 3712 καὶ
3540 3661 3649 3732 ψη-

1981 3743 2260 3812 φίσασθαι,
2307 3743 2543 3806 καὶτοῖς
2589 3742 2771 3814 ἔργοις
2821 3742 3109 3814 πληρῶσαι
3145 3745 3356 3815 ἴσχυσε,
3397 3747 3491 3802 καί
3525 3749 3648 3802 οὔτε

1977 3831 2038 3884 τὸ
2083 3829 2312 3902 φοϐερὸν
2343 3829 2454 3884 τῶν
2490 3830 2795 3902 παρόντων,
2844 3831 3005 3901 ούχή
3047 3829 3244 3903 ὀξύτης
3287 3833 3382 3887 τοῦ
3432 3837 3646 3907 καιροῦ,

1977 3919 2074 3990 ούχ
2110 3922 2142 3989 ἡ
2173 3919 2378 3990 ἐρημία
2415 3919 2514 3990 τῆς
2551 3918 3059 3990 ἐπιϐουλευομένης,
3096 3920 3158 3973 οὐ
3188 3921 3248 3974 τὸ
3294 3923 3462 3992 μόνην
3500 3923 3650 3978 ἔνδον

1977 4006 2345 4076 ἀπειλῆφθαι,
2389 4007 2489 4060 ούκ
2540 4006 2667 4059 ἀλλο
2703 4006 2858 4059 οὐδὲν
2901 4007 3142 4060 τοιοῦτον
3204 4007 3504 4082 ἐθορύϐησε
3546 4013 3648 4082 τὴν

1977 4093 2254 4165 μακαρίαν
2282 4092 2525 4164 ἐκείνην·
2575 4092 2688 4146 ἀλλ’
2737 4091 2926 4164 ὥσπερ
2970 4093 3137 4162 φίλων
3167 4095 3330 4149 τινῶν
3363 4097 3646 4168 παρόντων

1977 4183 2071 4236 καὶ
2109 4182 2420 4254 γνωρίμων,
2447 4180 2590 4234 οὕτω
2622 4181 2759 4250 μετά
2788 4181 2970 4244 ἀδείας
2999 4183 3212 4238 ἀπαντα
3243 4184 3478 4256 ἔπραττε
3500 4203 3512 4217 ·
3551 4187 3652 4257 καὶ.

1979 4271 2123 4342 μάλα
2155 4271 2398 4334 εἰκότως.
2442 4270 2516 4324 Ού
2558 4271 2667 4341 γάρ
2701 4267 2768 4340 ἦν
2808 4271 2954 4325 ἔνδον
2986 4273 3145 4345 μόνη,
3189 4274 3302 4327 ἀλλ’
3343 4270 3455 4346 εἶχε
3503 4275 3642 4347 σύμ-

1976 4360 2162 4412 ϐουλον
2202 4358 2439 4428 ⁹ἰησοῦν·
2469 4360 2677 4424 ἐκεῖνος
2709 4360 2845 4430 αὐτῇ
2884 4361 3086 4431 παρῆν,
3127 4363 3331 4425 ἐκεῖνος
3373 4365 3472 4434 τῆς
3511 4381 3647 4436 καρ-

1973 4447 2094 4511 δίας
2138 4446 2308 4516 αύτῆς
2339 4447 2562 4518 ἥπτετο,
2605 4449 2808 4511 ἐκεῖνος
2845 4447 2943 4520 τὴν
2977 4448 3155 4520 ψυχὴν
3207 4451 3651 4523 παρεθάρρυνεν,

1975 4537 2180 4598 ἐκεῖνος
2211 4534 2379 4605 μόνος,
2398 4537 2488 4588 τὸν
2537 4535 2703 4604 φόϐον
2733 4537 2976 4602 ἐξέϐαλε.
3008 4537 3192 4591 Ταῦτα
3221 4539 3278 4593 δέ
3317 4541 3414 4610 οὐχ
3457 4542 3644 4608 ἁπλῶς

1975 4623 2168 4685 ἐποίει,
2193 4621 2310 4676 ἀλλ’
2333 4623 2518 4695 ἐπειδὴ
2548 4624 2810 4696 πρότερον
2840 4626 3040 4697 ἑαυτὴν
3073 4625 3230 4692 ἀξίαν
3266 4630 3646 4700 παρεσκεύασε

1971 4709 2069 4780 τῆς
2094 4709 2299 4762 ἐκείνου
2336 4709 2586 4781 βοηθείας
2617 4713 2648 4781 ή
2691 4712 2920 4782 μάρτυς.

2045 4795 2110 4865 β’.
2145 4796 2466 4861 Ἐξελθοῦσα
2497 4797 2675 4851 τοίνυν
2701 4799 2860 4871 χάριν
2893 4799 3060 4871 ᾔτησε
3105 4801 3232 4864 τοὺς
3265 4805 3603 4874 στρατιώτας
3625 4846 3645 4870 ,

1970 4884 2438 4950 ώπειείσελθεῖν,
2490 4888 2585 4941 καὶ
2633 4889 3148 4958 μεταμφιάσασθαι·
3197 4891 3291 4944 καὶ
3330 4893 3644 4948 εἰσελθοῦσα

1973 4972 2392 5042 μετημφιάσατο
2423 4973 2733 5045 ἀφθαρσίαν
2766 4976 2888 5029 ἀντὶ
2918 4976 3146 5048 φθορᾶς,
3183 4978 3481 5034 ἀθανασίαν
3521 4984 3646 5037 ἀντὶ

1971 5059 2226 5124 θανάτου,
2263 5059 2408 5132 ζωὴν
2445 5061 2802 5134 ἀτελεύτητον
2843 5064 2966 5118 ἀντὶ
3007 5066 3345 5139 προσκαίρου
3381 5069 3642 5141 περιϐαλο

1969 5147 2168 5218 λομένη
2206 5147 2371 5218 ζωῆς.
2411 5149 2551 5218 Ἐγὼ
2583 5149 2638 5203 δέ
2671 5150 2808 5221 πρὸς
2854 5153 2968 5216 τοῖς
3005 5155 3319 5226 εἰρημένοις
3353 5156 3445 5210 καὶ
3485 5157 3643 5210 τοῦτο

1970 5233 2255 5304 θαυμάζω,
2293 5235 2409 5300 πώς
2458 5238 2666 5291 ἔδωκαν
2697 5238 2794 5310 τὴν
2841 5241 3001 5312 χάριν
3039 5243 3087 5296 οἰ
3139 5243 3490 5315 στρατιῶται,
3525 5244 3643 5305 πῶς

1969 5323 2218 5393 ὴπάτησε
2257 5324 2384 5388 τοῦς
2418 5324 2616 5393 ἄνδρας
2655 5328 2688 5396 ἠ
2723 5327 2880 5398 γυνὴ,
2919 5329 3036 5394 πῶς
3073 5331 3225 5384 ούδέν
3273 5331 3381 5382 τῶν
3421 5327 3644 5397 μελλόν-

1971 5428 2081 5464 των
2135 5411 2510 5481 συμϐήσεσθαι
2548 5415 2828 5472 ὑπείδοντο
2867 5420 3107 5480 ἐκεῖνοι,
3157 5418 3272 5480 πῶς
3298 5417 3359 5470 ού
3403 5419 3644 5486 συνῆκαν

1970 5499 2062 5553 τὸν
2091 5501 2262 5554 δόλον.
2292 5501 2428 5554 Οὐδέ
2462 5502 2572 5575 γάρ
2603 5504 2722 5558 ἔστι
2752 5506 2909 5561 τοῦτο
2939 5509 3130 5572 εἰπεῖν,
3352 5505 3433 5558 ὅτι
3465 5505 3642 5570 οὐδεὶς

1973 5587 2122 5641 οὐδὲν
2161 5586 2402 5642 τοιοῦτον
2459 5592 2784 5662 εἰργάσατο·
2840 5593 3030 5648 πολλαί
3075 5593 3184 5666 γὰρ
3232 5594 3364 5658 ἴσως
3412 5594 3506 5647 καὶ
3561 5595 3643 5657 εἰς

1971 5675 2214 5747 κρημνὸν
2259 5677 2458 5741 ἐαυτάς
2485 5678 2724 5750 ἀφῆκαν,
2768 5683 2860 5735 καὶ
2889 5683 2966 5744 είς
2999 5681 3232 5751 πέλαγος
3264 5681 3516 5756 ἔρριψαν,
3547 5681 3647 5735 καὶ

1970 5764 2124 5834 ξίφος
2160 5764 2247 5818 διά
2277 5765 2371 5820 τοῦ
2407 5767 2640 5837 στήθους
2675 5770 2900 5840 ⁸ἤλασαν,
2935 5771 3024 5825 καὶ
3063 5772 3253 5844 βρόχον
3283 5772 3514 5842 ἀνῆψαν,
3547 5771 3644 5825 καὶ

1977 5851 2182 5908 πολλῶν
2233 5856 2482 5912 τοιούτων
2533 5855 2828 5931 δραμάτων
2869 5861 2894 5916 ό
2930 5861 3117 5934 καιρός
3162 5864 3355 5934 ἔγεμεν
3399 5861 3631 5924 ἐκεῖνος·
