4080 6196
363 281 370 288 ’
451 296 550 354 sm

449 411 564 464 ἀλλ’
599 413 626 464 ό
658 409 788 472 Θεὸς
827 409 926 476 τὴν
975 407 1202 477 καρδίαν
1253 408 1444 460 αὐτῶν⁴
1489 407 1815 474 ἐτύφλωσεν,
1859 407 1998 460 ὥστε
2043 407 2117 476 μὴ

452 489 682 542 συνιδεῖν
710 487 801 541 τὸν
847 487 1014 540 δόλον.
1065 487 1164 539 Διά
1203 484 1364 538 τοῦτο
1413 489 1479 540 ἐκ
1529 487 1696 558 μέσου
1745 487 1854 540 τῶν
1887 485 2120 540 δικτύων

448 568 655 638 ἀνέπτη
689 579 738 607 δ’
779 567 875 619 καὶ
905 564 1152 636 καθάπερ
1184 565 1379 634 ἔλαφος
1420 565 1500 628 εἰς
1530 565 1700 628 αύτάς
1721 565 1831 618 τῶν
1863 565 2121 637 θηρατῶν

449 647 764 715 ἐμπεσοῦσα
809 646 909 710 τὰς
942 647 1159 716 χεῖρας,
1199 641 1318 698 εἶτα
1351 645 1560 698 ἐκεῖθεν
1609 643 1949 714 διαφυγοῦσα
1985 645 2120 716 πρὸς

448 725 692 796 κορυφὴν
725 725 884 795 ὅρους
921 722 1184 776 δύσϐατον
1215 724 1308 776 καὶ
1350 723 1480 776 ποσὶ
1522 723 1772 794 θηρατῶν
1804 724 1896 777 καὶ
1923 724 2120 793 ἀφέσει

451 804 620 874 βελῶν
647 804 955 871 ἀνέφικτον,
986 806 1200 856 ἵσταται
1225 803 1319 855 τοῦ
1357 803 1559 874 δρόμου
1589 803 1798 870 λοιπὸν,
1831 803 2121 874 καθορῶσα

453 883 593 954 μετά
647 883 832 945 ἀδείας
889 884 1017 946 τοὺς
1074 882 1569 946 ἐπιϐουλεύσαντας
1625 883 1762 953 αὐτῇ
1817 882 2117 954 πρότερον·

447 963 590 1016 οὕτω
617 960 680 1032 δὴ
709 962 802 1014 καὶ
855 961 993 1032 αὕτη
1028 962 1106 1024 εἰς
1141 961 1308 1024 αὑτὰς
1353 961 1462 1014 τῶν
1505 961 1755 1032 θηρατῶν
1805 959 2122 1032 ἐμπεσοῦσα

445 1043 546 1105 τὰς
573 1043 778 1111 χεῖρας,
805 1041 900 1094 καὶ
935 1039 1188 1111 καθάπερ
1209 1039 1448 1103 δικτύοις
1479 1042 1594 1103 τοῖς
1621 1040 1820 1110 τοίχοις
1856 1039 2002 1094 ἔνδον
2035 1041 2122 1093 ἐν-

447 1120 860 1191 απειλημμένη,
907 1119 1209 1190 ἀνέδραμεν
1249 1120 1351 1173 οὐκ
1383 1122 1464 1182 είς
1505 1119 1665 1191 ὅρους
1699 1119 1962 1190 κορυφὴν,
2007 1119 2121 1172 ἀλλ’

449 1204 530 1264 εἰς
565 1201 736 1272 αὐτὴν
779 1200 873 1254 τοῦ
917 1199 1147 1269 οὐρανοῦ
1179 1201 1275 1270 τὴν
1323 1199 1592 1270 κορυφὴν,
1635 1199 1762 1252 ἔνθα
1791 1199 1976 1252 λοιπὸν
2022 1201 2122 1253 οὐκ

449 1280 643 1344 αὐτοὺς
673 1279 753 1332 ἔτι
794 1278 1110 1350 προσελθεῖν
1137 1279 1364 1332 δυνατὸν
1394 1275 1491 1350 ἦν·
1525 1275 1646 1332 εἶτα
1679 1279 1888 1332 ἐκεῖθεν
1925 1279 2122 1342 αὐτοὺς

449 1357 718 1430 εἰσορῶσα
755 1360 940 1422 κεναῖς
987 1357 1407 1429 ἀναχωροῦντας
1447 1359 1654 1430 χερσὶν,
1683 1358 1872 1431 ἔχαιρε
1921 1357 2122 1428 πολλὴν

448 1438 558 1491 τῶν
603 1437 850 1492 ἀπίστων
897 1436 1146 1509 θεωμένη
1188 1438 1739 1510 κατασκευαζομένην
1765 1439 1792 1479 b
1838 1438 2120 1509 αἰσχύνην.

461 1517 742 1588 Ἐννόησον
769 1517 880 1588 γὰρ
903 1518 1089 1588 ἡλίκον
1113 1513 1181 1588 ἦν
1202 1534 1214 1546 ·
1247 1517 1342 1571 τοῦ
1371 1517 1622 1572 δικαστοῦ
1657 1518 1990 1590 καθημένου,
2013 1519 2122 1572 τῶν

449 1597 660 1668 δημίων
717 1597 1103 1670 παρεστώτων,
1165 1595 1273 1653 τῶν
1329 1598 1704 1668 κολαστηρίων
1755 1599 2124 1670 εὐτρεπισμέ-

451 1695 578 1742 νων,
607 1677 704 1730 τοῦ
741 1677 978 1748 πλήθους
1011 1677 1213 1740 παντὸς
1242 1677 1684 1748 συνειλεγμένου,
1717 1678 1826 1731 τῶν
1860 1695 2124 1747 στρατιω-

449 1762 559 1810 τῶν
591 1753 1077 1827 προσδοκωμένων,
1108 1755 1214 1809 ὑπὸ
1251 1758 1350 1828 τῆς
1379 1757 1570 1828 ἡδονῆς
1613 1756 1916 1826 μεθυόντων
1951 1757 2123 1810 ἀπάν-

449 1855 578 1904 των,
630 1836 958 1901 ἐλπιζόντων
1003 1837 1148 1907 ἔχειν
1187 1837 1250 1891 τὺ
1292 1837 1540 1909 θήραμα,
1586 1841 1714 1902 τοὺς
1759 1840 1852 1893 ἐπὶ
1897 1840 2118 1910 τούτῳε

450 1917 803 1982 ἀπελθόντας,
845 1918 1129 1972 ἐπανιέναι
1168 1919 1320 1973 κάτω
1364 1919 1691 1982 κύπτοντας,
1727 1918 1788 1972 τὸ
1826 1921 2125 1991 γεγενημέ-

449 2014 540 2052 νον
584 1995 768 2067 δρᾶμα
815 1995 1224 2068 διηγουμένους.
1269 1997 1452 2069 Πόσην
1507 1999 1606 2069 μὲν
1636 1998 1918 2070 αἰσχύνην,
1953 2000 2124 2070 πόσην

449 2076 508 2130 δέ
539 2075 733 2148 ὀδύνην
781 2077 874 2130 καὶ
910 2076 1112 2140 ὄνειδος
1155 2076 1264 2130 τῶν
1309 2077 1554 2132 ἀπίστων
1617 2077 2124 2149 κατασκεδασθῆναι

451 2154 597 2218 είκδς
646 2154 902 2208 ἀπάντων
948 2151 1044 2228 ἦν;
1099 2157 1218 2220 πῶς
1266 2157 1570 2229 ἀναχωρεῖν
1626 2157 1778 2211 κάτω
1821 2158 2126 2224 κύπτοντας

451 2233 979 2304 ἐγκαλυπτομένους,
1027 2234 1116 2288 διὰ
1160 2234 1270 2288 τῶν
1308 2235 1487 2306 ἔργων
1530 2235 1921 2304 μανθάνοντας,
1951 2237 2032 2290 ὅτι
2065 2238 2124 2290 οὐ

451 2313 590 2386 ⁴πρὸς
619 2311 962 2383 ἀνθρώπους,
991 2313 1127 2366 ἀλλά
1162 2314 1294 2384 πρὸς
1323 2314 1415 2366 τὸν
1443 2314 1578 2368 Θεὸν
1602 2316 1631 2366 ὁ
1671 2315 1910 2386 πόλεμος
1943 2318 2126 2378 αὐτοῖς

450 2385 556 2460 ῆν;
601 2391 661 2445 '0
701 2391 799 2460 μὲν
833 2387 926 2446 οὖν
962 2389 1184 2460 Ἰωσὴφ,
1211 2391 1376 2461 ἡνίκα
1413 2392 1524 2445 ὑπὸ
1566 2392 1668 2460 τῆς
1707 2385 1873 2446 αὑτοῦ
1914 2394 2126 2448 δεσποί-

449 2487 553 2540 νης
585 2470 991 2535 ἐπεϐουλεύετο,
1037 2471 1098 2524 τὸ
1147 2471 1362 2542 ίμάτιον
1391 2471 1454 2524 τδ
1505 2473 1843 2542 κατασχεθὲν
1878 2474 1981 2527 ὑπὸ
2019 2475 2127 2529 τῶν

456 2551 671 2623 μιαρῶν
708 2552 907 2623 χειρῶν
942 2550 1095 2623 παρά
1127 2553 1192 2622 τῇ
1229 2550 1491 2624 βαρϐάρῳ
1532 2553 1752 2620 γυναικὶ
1783 2555 1904 2607 τότε
1945 2555 2125 2624 ἀφεὶς,

451 2630 602 2702 ἐξῄει
628 2631 859 2701 γυμνός·
897 2629 1036 2700 αὕτη
1071 2629 1129 2683 δὲ
1159 2631 1280 2684 οὐδὲ
1316 2631 1717 2702 κατασχεθῆναι
1749 2632 1809 2685 τὸ
1840 2634 1998 2705 σῶμα
2025 2634 2128 2688 ὑπὸ

450 2709 560 2763 τῶν
598 2709 914 2765 ἀκολάστων
978 2710 1158 2780 ἀφῆκε
1213 2709 1435 2782 χειρῶν,
1490 2709 1606 2763 ἀλλ’
1650 2711 1894 2764 ἀναϐᾶσα
1946 2717 2126 2786 γυμνῇ

451 2791 518 2861 τῇ
565 2789 733 2861 ψυχῇ,
765 2789 861 2843 καὶ
893 2789 994 2860 τὴν
1024 2790 1185 2859 ἁγίαν
1217 2790 1398 2861 σάρκα
1436 2791 1640 2859 ἀφεῖσα
1685 2792 1838 2864 παρὰ
1874 2797 1990 2856 τοῖς
2034 2812 2132 2846 πο-

451 2868 692 2941 λεμίοις,
739 2871 819 2932 είς
861 2868 1062 2940 πολλὴν
1099 2869 1298 2933 αὐτοὺς
1333 2869 1645 2940 ἀμηχανίαν
1691 2871 1974 2926 ἐνέϐαλεν⁸
2010 2873 2130 2926 οὐδὲ

453 2947 564 3018 γὰρ
596 2944 742 3017 εἶχον
767 2947 796 3000 ὅ
833 2965 885 3000 τι
913 2949 1208 3018 χρήσονται
1253 2946 1334 3018 τῷ
1367 2947 1608 3020 λειψάνῳ
1637 2950 1844 3006 λοιπόν.
1891 2951 2130 3005 Τοιαῦτα

453 3025 548 3079 τοῦ
586 3025 720 3078 Θεοῦ
768 3025 836 3080 τά
885 3025 1314 3098 κατορθώματα,
1347 3028 1474 3090 τοὺς
1525 3028 1624 3098 μὲν
1673 3029 1868 3082 ἐαυτοῦ
1914 3029 2132 3097 δούλους

455 3103 516 3168 ἐξ
565 3104 790 3173 ἀπόρων
831 3105 1174 3176 πραγμάτων
1211 3107 1294 3170 είς
1333 3105 1535 3176 πολλὴν
1573 3105 1600 3145 ά
1655 3107 1809 3176 ἄγειν
1853 3108 2128 3175 εὐκολίαν,

453 3184 582 3247 τοὺς
627 3183 684 3236 δὲ
737 3185 1013 3250 ἐναντίους
1065 3185 1215 3257 αὐτῷ
1265 3186 1361 3240 καὶ
1415 3187 1709 3257 πολεμίους
1755 3187 1858 3242 κᾶν
1905 3190 1970 3242 ἐκ
2021 3189 2132 3248 τῶν

456 3262 782 3332 εύμηχάνων
809 3258 946 3316 εἶναι
975 3264 1276 3319 δοκούντων
1305 3267 1386 3328 είς
1425 3265 1522 3336 τὴν
1557 3267 1792 3337 ἐσχάτην
1841 3267 2130 3340 ἐμϐάλλειν

457 3341 788 3411 ἀμηχανίαν.
836 3341 902 3394 Τί
935 3343 1045 3414 γάρ
1081 3345 1178 3414 τῆς
1229 3345 1543 3416 ἀμηχανίας
1595 3347 1811 3417 ἐκείνης
1856 3343 1924 3417 ῆν
1972 3349 2132 3418 χαλε-

457 3418 727 3500 πώτερον,
758 3423 838 3485 είς
871 3422 1004 3500 ἡνξὴ
1038 3423 1174 3494 κόρη
1224 3425 1346 3500 τότε
1389 3425 1790 3492 ἐνεπεπτώκει;
1833 3427 1887 3480 τί
1929 3429 1985 3481 δέ
2031 3429 2132 3500 τῆς

458 3497 708 3561 εὐκολίας
725 3498 1142 3578 εὐπορώτερον,
1174 3503 1232 3555 ἐν
1337 3503 1458 3556 τότε
1488 3505 1538 3556 οἱ
1589 3505 1918 3576 στρατιῶται
1957 3497 2127 3578 ἦσανς

459 3578 642 3649 Μόνην
698 3574 844 3649 εῖχον
893 3579 1069 3650 ἀὐτὴν
1120 3574 1296 3634 ἔνδον
1325 3574 1771 3654 ἀπειλημμένην,
1826 3574 2014 3656 ὥσπερ
2073 3587 2130 3639 ἐν

457 3657 815 3737 δεσμωτηρίῳ
841 3661 908 3730 τῇ
938 3659 1088 3732 οίκίᾳ
1109 3661 1568 3733 ἐγκεκλεισμένην
1591 3673 1637 3728 ο,
1668 3663 1760 3716 καὶ
1787 3665 1934 3734 ὅμως
1960 3666 2132 3737 ἀπῆλ-

459 3736 550 3814 θον
602 3739 968 3808 ἀποτυχόντες
1029 3739 1132 3808 τῆς
1185 3741 1381 3811 θήρας.
1435 3741 1607 3796 Πάλιν
1655 3744 1688 3812 ἡ
1739 3743 1873 3813 κόρη
1925 3736 2130 3814 ἔρημος

457 3812 591 3869 οὖσα
639 3817 967 3888 συμμάχων,
1000 3819 1095 3874 καὶ
1131 3818 1364 3890 βοηθῶν,
1399 3822 1495 3874 καὶ
1539 3820 1794 3890 οὐδεμίαν
1833 3812 2130 3891 οὐδαμόθεν

457 3893 640 3970 ὁρῶσα
683 3897 917 3964 διέξοδον
949 3897 1060 3950 τῶν
1102 3899 1312 3965 δεινῶν,
1357 3899 1590 3952 καὶτῶν
1641 3900 1922 3968 στομάτων
1965 3903 2130 3970 ἐγγὺς

457 3967 592 4028 οὖσα
625 3973 736 4028 τῶν
777 3975 980 4048 θηρίων
1023 3977 1268 4043 ἐκείνων,
1297 3976 1357 4042 ἐξ
1385 3979 1584 4049 αὐτῆς,
1620 3977 1696 4044 ὼς
1730 3967 1796 4032 ἂν
1843 3967 2124 4046 είποιντις,

458 4053 558 4122 τῆς
595 4053 876 4124 φάρυγγος
915 4055 1096 4108 αὐτῶν
1146 4057 1560 4128 ἀναρπασθεῖσα
1603 4057 1828 4126 διέφυγε
1871 4057 1972 4122 τάς
2007 4060 2131 4114 ἐπι-

460 4129 677 4197 ϐουλὰς,
708 4135 802 4186 καὶ
834 4135 1182 4206 περιεγένετο
1209 4135 1576 4207 στρατιωτῶν,
1615 4135 1905 4202 δικαστῶν,
1936 4138 2130 4208 ἀρχόν-

458 4225 586 4288 των.
615 4209 726 4262 Kal
749 4211 911 4282 ἡνίκα
946 4213 1044 4282 μὲν
1075 4211 1191 4284 ἔζη,
1220 4214 1561 4285 προσεδόκων
1582 4214 1752 4284 αὐτῆς
1781 4216 2128 4288 περιέσεσθαι

459 4283 602 4342 οὗτοι
651 4289 878 4352 πάντες·
924 4291 1114 4363 ἐπειδὴ
1160 4293 1216 4346 δέ
1264 4283 1610 4365 ἐτελεύτησε,
1639 4283 1758 4347 τότε
1799 4283 1878 4358 είς
1910 4293 2128 4348 πλείονα

461 4367 774 4440 ἀμηχανίαν
809 4371 1084 4436 ἐνέπεσον,
1115 4373 1204 4426 ῖνα
1251 4373 1494 4443 μάθωσιν
1536 4375 1618 4428 δτι
1653 4374 1882 4438 θάνατος
1920 4375 2126 4446 μαρτύ-

465 4465 571 4517 ρων
597 4449 722 4520 νίκη
754 4451 1068 4522 μαρτύρων.
1097 4452 1208 4505 Kal
1252 4452 1448 4506 ταύτὸν
1477 4453 1812 4517 συνέϐαινεν,
1843 4447 1954 4506 οἷον
1984 4452 2050 4506 ἂν
2079 4457 2127 4508 εί

461 4527 706 4598 κύματός
743 4547 889 4594 τινος
939 4531 1174 4602 ἐμϐολὴν
1225 4531 1364 4604 πρὸς
1401 4532 1548 4602 αὐτῷ
1597 4531 1745 4605 [588]
1791 4531 1868 4602 τῷ
1905 4532 2130 4603 στόματι

461 4607 553 4661 τοῦ
581 4608 798 4679 λιμένος
829 4611 996 4674 ὁλκὰς
1023 4611 1354 4684 μυριοφόρος
1377 4612 1473 4666 καὶ
1505 4610 1856 4682 μαργαριτῶν
1887 4612 2132 4682 γέμουσα

461 4686 792 4758 πολυτίμων,
837 4690 1123 4761 μέλλοντος
1155 4689 1326 4756 αὐτὴν
1369 4688 1798 4753 καταϐαπτίξειν
1829 4691 1923 4744 καὶ
1959 4693 2131 4746 ποιεῖν

461 4767 813 4840 ὑποϐρύχιον,
859 4769 1230 4838 διαφυγοῦσα,
1278 4769 1369 4822 ὑπ’
1419 4768 1590 4840 αὐτῆς
1633 4769 1734 4839 τῆς
1789 4767 1970 4839 ῥύμης
2019 4768 2130 4823 τῶν

459 4843 669 4900 ὑδάτων
714 4847 1106 4902 συνωθισθεῖσα
1155 4847 1293 4919 πρὸς
1339 4847 1429 4900 τὸν
1461 4846 1659 4918 λιμένα
1698 4845 1837 4918 μετά
1887 4845 2132 4912 πλείονος

461 4925 890 4998 παραπεμφθείη
936 4927 1031 4980 τοῦ
1083 4925 1299 4997 τάχους.
1356 4925 1511 4979 Οῦτω
1558 4925 1622 4996 δή
1668 4925 1762 4979 καὶ
1807 4925 1839 4996 ἡ
1885 4925 2131 4996 μακαρία

461 5003 720 5071 Πελαγία.
769 5005 879 5057 Kal
929 5005 1038 5076 γάρ
1079 5008 1112 5076 ή
1162 5005 1272 5060 τῶν
1329 5003 1678 5069 στρατιωτῶν
1730 5003 1915 5074 ἔφοδος
1975 5005 2068 5059 καὶ
2104 5005 2133 5056 ὁ

460 5082 624 5149 φόϐος
667 5083 776 5137 τῶν
811 5085 1278 5156 προσδοκωμένων
1317 5085 1710 5155 κολαστηρίων,
1744 5083 1839 5137 καὶ
1869 5085 1902 5154 ἡ
1935 5083 2129 5154 ἀπειλὴ

459 5161 552 5215 τοῦ
577 5163 832 5217 δικαστοῦ
865 5167 1072 5228 παντὸς
1094 5164 1342 5236 κύματος
1370 5163 1724 5234 σφοδρότερον
1753 5161 2130 5232 προσπεσόντα

461 5242 682 5310 ἡπειξεν
721 5245 891 5315 αὐτὴν
925 5245 1064 5315 μετά
1097 5245 1339 5309 πλείονος
1369 5245 1570 5314 τάχους
1599 5243 1734 5314 πρὸς
1763 5243 1854 5295 τὸν
1899 5242 2130 5311 οὐρανὸν

460 5321 799 5394 ἀναπτῆναι·
845 5326 940 5378 καὶ
985 5324 1044 5378 τὸ
1103 5323 1293 5394 μέλλον
1355 5322 1774 5384 καταποντίζειν
1827 5320 1979 5390 κῦμα
2031 5321 2130 5390 τὴν

461 5401 613 5478 ναῦν,
659 5405 817 5459 τοῦτο
865 5405 1228 5478 παρέπεμψεν
1271 5403 1441 5474 αὐτὴν
1493 5401 1626 5472 πρὸς
1670 5401 1760 5454 τδν
1796 5399 2132 5478 λιμέναντδν

463 5477 674 5534 εὖδιον*
747 5484 842 5538 καὶ
917 5477 1246 5556 κατεφέρετο
1314 5481 1373 5535 τὸ
1445 5480 1604 5550 σῶμα
1668 5478 1885 5540 λοιπὸν,
1951 5477 2130 5547 πάσης

461 5559 748 5633 ἀστραπῆς
810 5565 1231 5636 φωτεινότερον,
1295 5559 1526 5633 πλῆττον
1575 5557 1668 5612 τοῦ
1727 5557 1975 5612 διαϐόλου
2033 5557 2131 5622 τὰς

462 5645 648 5758 minii?
669 5651 816 5702 Savil.
839 5661 894 5702 et
921 5668 1045 5704 unus
1063 5655 1172 5704 cod.
1199 5653 1370 5704 Morel.
1395 5661 1513 5698 vero
1537 5647 1730 5704 ἀνέστη.
1755 5647 1882 5696 Illud
1907 5646 2030 5710 legit
2055 5649 2128 5695 in-

615 5725 673 5758 .S.

515 5721 540 5756 ι·
603 5723 640 5756 ρ.
665 5749 673 5758 .

485 5719 514 5757 c
524 5723 724 5839 gls_
735 5773 882 5839 habe}
903 5793 1113 5825 κατασκε
1119 5777 1387 5839 δαζομένην.

524 5832 549 5861 ⁸
575 5833 672 5880 Alii
708 5835 782 5882 ἐπὶ
800 5837 956 5884 τοῦτο.

526 5888 557 5974 ξ
582 5891 668 5974 ξ]έέ
691 5896 836 5974 ξειὶι.
865 5907 910 5974 gn
941 5913 1050 5968 mss.
1081 5899 1144 5949 Δι
1165 5899 1335 5950 More].
1363 5897 1482 5960 ἄγει,
1509 5899 1558 5946 el
1584 5894 1732 5958 paulo
1749 5897 1858 5958 post
1885 5893 2124 5960 ἐμϐάλλει.

570 5951 668 6000 Alii
695 5961 1110 6022 συγκεκλεισμένη·Ι

1263 291 1316 348 S.
1348 288 1630 346 JOANNIS
1662 282 2146 344 CHRYSOSTOMI
2177 279 2494 334 ARCIHEP.
2531 278 3080 335 CONSTA‘NTINOP.
3773 283 3862 340 552
3937 277 3940 286 '

2226 405 2396 474 ὂψεις.
2433 403 2544 473 Οὐχ
2587 401 2728 454 οὕτω
2770 400 2879 472 γὰρ
2929 401 3060 470 ἡμῖν
3097 397 3356 466 κεραυνὸς
3393 399 3458 450 ἐκ
3493 397 3602 450 τῶν
3645 398 3863 470 οὐρανῶν

2223 480 2516 552 ἀφιέμενός
2568 482 2685 532 ἐστι
2741 477 3003 549 φοϐερὸς,
3055 476 3132 538 ὡς
3167 475 3228 529 τὸ
3265 475 3425 544 σῶμα
3475 494 3572 546 της
3614 479 3864 548 μάρτυρος

2221 559 2493 633 κεραυνοῦ
2541 558 2743 617 παντὸς
2793 555 3172 630 χαλεπώτερον
3228 555 3414 624 ἐφόϐει
3469 554 3576 608 τῶν
3621 555 3867 626 δαιμόνων

2221 641 2322 704 τὰς
2355 639 2661 710 φάλαγγας.

2293 725 2363 788 γ’.
2390 717 2498 770 Καὶ
2523 717 2610 768 ἵνα
2636 713 2812 784 μάθῃς
2847 713 2926 764 ὅτι
2953 713 3052 765 οὐκ
3087 711 3236 764 ἀθεεὶ
3265 709 3438 764 ταῦτα
3473 713 3733 782 ἐγίγνετο,
3775 716 3868 784 μά-

2223 799 2379 852 λιστα
2418 797 2515 865 μὲν
2563 794 2658 848 καὶ
2687 793 2744 858 ἐξ
2783 789 2948 844 αὑτοῦ
2977 791 3070 844 τοῦ
3103 792 3532 861 παραστήματος
3566 793 3663 862 τῆς
3693 794 3870 866 προθυ-

2227 877 2354 949 μίας
2395 873 2574 945 δῆλον,
2620 869 2837 924 καὶτοῦ
2877 869 2952 940 μὴ
2994 869 3221 921 συνιδεῖν
3251 871 3376 932 τοὺς
3422 871 3751 940 στρατιώτας
3788 873 3871 926 τῖιν

2224 948 2403 1018 δόλον,
2427 953 2520 1006 καὶ
2552 949 2646 1003 τοῦ
2701 949 2884 1002 δοῦναι
2930 950 3030 1018 τῆν
3063 949 3242 1020 χάριν,
3275 949 3372 1001 καὶ
3405 948 3498 1002 τοῦ
3553 949 3686 1020 πρὸς
3735 951 3871 1014 τέλος

2223 1034 2283 1087 τὸ
2329 1031 2490 1104 ἔργον
2537 1029 2741 1082 ἐλθεῖν·
2775 1027 2875 1079 οὐκ
2917 1025 3140 1078 ἔλαττον
3181 1025 3236 1077 δὲ
3279 1025 3389 1078 τῶν
3421 1029 3873 1104 είρημένων,νκαί

2225 1115 2284 1179 ἐξ
2323 1111 2488 1166 αὐτοῦ
2521 1109 2616 1163 τοῦ
2645 1109 2850 1180 τρόπου
2883 1106 2983 1176 τῆς
3009 1106 3270 1175 τελευτῆς
3299 1107 3458 1160 τοῦτο
3491 1107 3606 1160 ἔστι
3640 1103 3871 1164 συνιδεῖν.

2225 1193 2418 1248 Πολλοὶ
2465 1188 2596 1260 γοῦν
2634 1189 2696 1254 ἐξ
2743 1185 2950 1256 ὑψηλοῦ
2997 1185 3420 1254 κατενεχθέντες
3453 1187 3710 1255 στέγους,
3735 1189 3875 1242 οὐδὲν

2225 1271 2426 1326 ἔπαθον
2453 1267 2656 1322 δεινόν’
2689 1267 2786 1320 καὶ
2825 1266 3002 1336 ἕτεροι
3043 1263 3100 1317 δὲ
3132 1265 3294 1316 πάλιν
3329 1264 3464 1336 μέλη
3494 1266 3616 1320 τινά
3656 1267 3744 1320 τοῦ
3781 1268 3876 1321 σώ-

2227 1367 2395 1422 ματος
2430 1347 2805 1418 πηρωθέντες,
2853 1343 3022 1396 πολὺν
3077 1343 3218 1413 μετά
3263 1343 3324 1396 τὸ
3371 1343 3574 1414 πτῶμα
3619 1346 3876 1416 ἐπέζησα-δ

2226 1429 2448 1500 χρόνον*
2495 1426 2588 1478 ἐπὶ
2636 1424 2692 1478 δὲ
2730 1425 2828 1494 τῆς
2885 1423 3166 1493 μακαρίας
3207 1423 3459 1494 ἐκείνης,
3494 1423 3647 1477 οὐδὲν
3688 1425 3878 1480 τούτων

2224 1507 2435 1577 ἀφῆκεν
2473 1506 2502 1557 ὁ
2530 1502 2658 1566 Θεὸς
2693 1501 2998 1572 συμϐῆναι,
3041 1501 3156 1554 ἀλλ’
3197 1501 3400 1565 εὐθέως
3432 1502 3714 1556 ἐκέλευσεν
3739 1505 3880 1573 ἀφεῖ-

2226 1601 2313 1639 ναι
2342 1585 2402 1637 τὸ
2443 1583 2602 1652 σῶμα
2639 1581 2739 1652 τῆν
2773 1579 2970 1649 ψυχὴν,
3001 1579 3077 1643 ὡς
3124 1579 3438 1650 ἀρκούντως
3477 1581 3879 1654 ἀγωνισαμένην

2224 1663 2538 1732 δεξάμενος,
2585 1659 2677 1712 καὶ
2714 1658 2779 1711 τὸ
2809 1659 2917 1712 πᾶν
2959 1657 3346 1732 πληρώσασαν.
3395 1659 3468 1710 Ob
3502 1657 3611 1731 γάρ
3651 1661 3746 1731 τῆς
3789 1661 3883 1732 φύ-

2229 1731 2367 1806 σεως
2398 1740 2491 1794 τοῦ
2538 1738 2833 1809 πτώματος
2864 1740 2892 1791 ό
2931 1737 3158 1800 θάνατος
3199 1731 3288 1807 ἦν,
3331 1735 3468 1790 ἀλλά
3500 1739 3597 1808 τῆς
3633 1738 3725 1792 τοῦ
3754 1731 3882 1796 Θεοῦ

2227 1820 2563 1893 προσταγῆς.
2593 1820 2811 1872 Ἔκειτο
2841 1818 2905 1888 δὴ
2933 1818 2995 1870 τὸ
3035 1815 3194 1887 σῶμα
3223 1816 3410 1870 λοιπὸν
3433 1818 3536 1870 οὐκ
3561 1819 3653 1870 ἐπὶ
3684 1819 3880 1891 κλίνης,

2225 1903 2340 1957 ἀλλ’
2365 1901 2458 1954 ἐπὶ
2483 1899 2746 1969 ἐδάφους·
2775 1897 2889 1951 ἀλλ’
2929 1897 3030 1950 οὐκ
3059 1893 3127 1968 ἦν
3172 1897 3365 1966 ἄτιμον
3399 1895 3493 1948 ἐπὶ
3523 1896 3746 1966 ἐδάφους
3775 1901 3886 1953 κεί-

2231 2000 2412 2053 μενον,
2461 1981 2576 2034 ἀλλ’
2605 1979 2624 2018 ί
2659 1978 2791 2032 αὐτὸ
2821 1977 2882 2030 τὸ
2929 1977 3125 2046 ἔδαφος
3155 1972 3222 2047 ἦν
3263 1976 3466 2047 τίμιον,
3505 1979 3692 2050 ἐπειδὴ
3735 1981 3884 2051 σῶμα

2227 2061 2464 2132 τοσαύτῃ
2503 2059 2632 2131 δόξῃ
2676 2057 3052 2128 ἠμφιεσμένον
3105 2055 3342 2120 ἐδέξατο.
3387 2059 3468 2110 Δι’
3507 2059 3640 2112 αὐτὸ
3673 2060 3768 2130 μὲν
3795 2058 3884 2115 οὖν

2227 2140 2385 2194 τοῦτο
2421 2139 2658 2211 μάλιστα
2703 2136 2765 2190 τὸ
2803 2135 3020 2190 κεῖσθαι
3055 2136 3148 2188 ἐπὶ
3190 2135 3420 2204 ἐδάφους
3469 2137 3788 2210 τιμιώτερον
3821 2137 3885 2212 ἦν

2229 2223 2406 2274 ἐκεῖνο
2436 2220 2496 2272 τὸ
2525 2218 2714 2287 σῶμω
2747 2216 2805 2269 αἱ
2837 2216 2945 2288 γὰρ
2974 2215 3061 2268 διὰ
3097 2215 3190 2268 τὸν
3228 2216 3462 2286 Χριστὸν
3503 2216 3690 2281 ὓϐοενς
3735 2219 3888 2274 πλεο-

2229 2299 2433 2370 νασμδν
2471 2299 2604 2367 ἡμῖν
2637 2295 2940 2366 παρέχουσι
2971 2295 3155 2366 τιμῆς.
3183 2294 3402 2348 Ἔκειτο
3441 2299 3618 2364 τοίνυν
3661 2299 3745 2350 ἐπ’
3773 2299 3888 2354 ἐδά-

2231 2397 2382 2448 φους,
2413 2378 2505 2431 ἐπὶ
2534 2375 2626 2429 τοῦ
2664 2373 2942 2440 στενωποῦ
2975 2373 3036 2426 τὸ
3068 2373 3393 2464 παρθενικὸν
3430 2375 3608 2428 ἐκεῖνο
3639 2377 3733 2430 καὶ
3761 2395 3891 2432 παν-

2228 2449 2343 2522 τὸς
2372 2455 2598 2528 χρυσίου
2657 2453 3044 2525 καθαρώτερον
3107 2449 3295 2524 σῶμα·
3351 2453 3447 2506 καὶ
3509 2454 3732 2524 ἄγγελοι
3798 2458 3890 2526 μὲν

2231 2533 2634 2608 περιέστελλον,
2673 2531 3006 2607 ἀρχάγγελοι
3035 2531 3094 2583 δὲ
3135 2533 3334 2596 πάντες
3361 2532 3566 2602 ἐτίμων
3595 2535 3688 2587 καὶ
3716 2537 3744 2588 ὁ
3772 2537 3815 2588 Χ
3825 2554 3896 2607 ρι-

2234 2616 2357 2677 στὸς
2399 2613 2604 2684 παρῆν.
2633 2611 2696 2664 El
2729 2612 2836 2682 γὰρ
2867 2610 3124 2664 δεσπόται
3157 2612 3285 2675 τοὺς
3327 2611 3768 2686 ἐπιεικεστέρους
3793 2615 3896 2668 τῶν

2231 2693 2456 2749 οἰκετῶν
2484 2690 2856 2754 τελευτῶντας
2899 2691 3308 2760 προπέμπουσι,
3357 2692 3449 2744 καὶ
3492 2694 3592 2745 οὐκ
3635 2695 3898 2763 ἐπαισχύι

2232 2791 2437 2835 νονται,
2468 2770 2648 2840 πολλῷ
2679 2769 2880 2840 μᾶλλον
2917 2770 2946 2821 ὁ
2973 2768 3209 2840 Χριστίις
3237 2770 3336 2839 τὴν
3377 2769 3445 2822 δι’
3473 2771 3638 2824 αὐτὸν
3671 2773 3901 2840 ἀφεῖσαν

2231 2855 2330 2924 τὴν
2362 2853 2542 2922 ψυχὴν
2583 2850 2680 2904 καὶ
2707 2848 2960 2902 τοσοῦτον
2997 2847 3403 2920 ἀναδεξαμένην
3435 2850 3682 2904 κίνδυνον
3709 2853 3813 2905 οὐκ
3839 2853 3904 2906 ἀν

2231 2929 2550 3005 ἐπῃσχύνθη
2573 2927 2805 2998 τιμῆσαι
2837 2928 2900 2996 τῇ
2937 2927 3104 2980 αὐτοῦ
3141 2927 3432 2997 παρουσίᾳ.
3466 2927 3684 2982 Ἕκειτο
3723 2929 3906 2984 τοίνυν

2237 3014 2380 3086 μέγα
2434 3011 2687 3086 ἐντάφιον
2739 3007 2943 3086 ἔχουσα
2979 3007 3042 3060 τὸ
3093 3005 3394 3086 μαρτύριον
3571 3008 3766 3080 κόσμῳ
3803 3011 3908 3080 τῆς

2233 3089 2524 3162 ὁμολογίας
2563 3085 3046 3156 καλλωπιζομένη,
3097 3085 3276 3156 πάσης
3319 3085 3606 3156 βασιλικῆς
3645 3087 3908 3158 ἁλουργί-

2233 3171 2340 3236 δος,
2367 3169 2547 3238 πάσης
2573 3165 2860 3238 πορφύρας
2883 3165 3070 3234 τιμίας
3093 3165 3423 3236 τιμιωτέραν
3465 3164 3910 3237 περιϐεϐλημένη

2236 3255 2432 3325 στολήν
2451 3269 2464 3282 °
2500 3251 2592 3304 καὶ
2617 3249 2810 3319 διπλῆν
2843 3247 3064 3318 ταύτην,
3093 3247 3192 3314 τὴν
3215 3247 3313 3316 τῆς
3342 3246 3658 3316 παρθενίας,
3678 3249 3774 3302 καὶ
3804 3251 3912 3320 τὴν

2236 3333 2330 3386 τοῦ
2389 3324 2721 3402 μαρτυρίου’
2791 3325 2931 3398 μετά
2975 3325 3178 3378 τούτων
3242 3324 3352 3377 τῶν
3405 3327 3670 3394 ἐνταφίων
3723 3345 3912 3400 παρα-

2237 3413 2490 3483 στήσεται
2519 3408 2598 3478 τῷ
2643 3407 2843 3476 βήματι
2885 3404 2978 3457 τοῦ
3029 3403 3286 3483 Χριστοῦ.
3333 3403 3600 3474 Τοιαύτην
3641 3406 3768 3460 τινά
3811 3409 3912 3461 καὶ

2235 3480 2394 3562 ἡμεῖς
2457 3484 2867 3554 σπουδάζωμεν,
2913 3480 3277 3562 καῖςῶντες,
3336 3483 3430 3536 καὶ
3483 3485 3914 3554 τελευτήσαντες

2235 3561 2658 3641 περιϐάλλεσθαι
2684 3563 2896 3634 στολὴν,
2925 3561 3148 3626 εἰδότες,
3173 3562 3254 3614 ὅτι
3279 3565 3497 3633 χρυσοῖς
3531 3565 3630 3633 μὲν
3667 3565 3912 3635 ἱματίοις

2233 3655 2293 3707 τὸ
2323 3652 2485 3723 σῶμά
2512 3669 2595 3714 τις
2629 3648 2998 3710 καλλωπίσας,
3027 3645 3180 3700 οὐδὲν
3205 3644 3434 3716 ὤνησεν,
3463 3645 3614 3718 [589]
3641 3648 3781 3701 ἀλλά
3815 3653 3916 3704 καὶ

2235 3731 2460 3794 πολλοὺς
2501 3728 2852 3782 ἐπεσπάσατο
2889 3723 3252 3794 κατηγόρους,
3297 3723 3374 3788 ὡς
3407 3725 3527 3778 οὐδὲ
3573 3727 3633 3778 ἐν
3675 3727 3916 3800 τελευτῇ

2233 3809 2536 3875 κενοδοξίας
2587 3805 2983 3876 ἀφιστάμενος’
3011 3803 3216 3874 ἀρετὴν
3243 3803 3298 3856 δὲ
3341 3804 3730 3874 περιθέμενος,
3781 3809 3918 3860 πελ-

2233 3889 2358 3953 λοὺς
2391 3889 2502 3954 ἕξει
2547 3887 2641 3940 καὶ
2677 3887 2816 3956 μετὰ
2865 3883 2960 3953 τὴν
3003 3881 3258 3952 τελευτὴν
3290 3882 3600 3946 ἐπαινέτας.
3650 3886 3770 3938 Καὶ
3803 3887 3918 3958 γάρ

2233 3967 2412 4021 αὐτῶν
2445 3965 2553 4019 τῶν
2589 3962 2882 4034 βασιλικῶν
2909 3959 3086 4014 αὐλῶν
3124 3960 3501 4032 λαμπρότερος
3537 3965 3694 4032 παρὰ
3740 3969 3916 4018 πᾶσιν

2233 4050 2260 4101 ὁ
2289 4046 2456 4115 τάφος
2496 4044 2649 4096 ἔσται
2673 4045 2902 4104 ἐκεῖνος.
2932 4039 3059 4092 ἔνθα
3085 4039 3150 4093 ἂν
3260 4039 3419 4108 σῶμα
3451 4040 3702 4112 κείμενον
3735 4043 3916 4116 ἀρετῇ

2234 4125 2326 4178 καὶ
2357 4121 2609 4192 εὐσεϐείᾳ
2656 4121 2916 4189 συζῆσαν.
2945 4119 3054 4170 Καὶ
3095 4117 3284 4170 τούτου
3319 4118 3594 4190 μάρτυρες
3643 4123 3816 4190 ὑμεῖς
3865 4125 3920 4176 οἱ

2232 4204 2330 4266 τὰς
2376 4203 2473 4274 μὲν
2517 4201 2691 4270 θήκας
2737 4199 2846 4252 τῶν
2893 4197 3182 4262 πλουσίων,
3227 4197 3402 4251 καίτοι
3449 4200 3626 4270 χρυσά
3671 4201 3922 4270 ἐχούσας

2237 4283 2422 4352 ἱμάτια
2461 4279 2710 4347 καθάπερ
2739 4276 2980 4348 σπήλαια
3023 4277 3482 4347 παρατρέχοντες,
3515 4278 3650 4348 πρὸς
3695 4279 3762 4332 δὲ
3811 4283 3922 4350 τὴν

2234 4363 2396 4429 ἀγίαν
2427 4360 2629 4429 ταύτην
2666 4357 2802 4426 μετά
2841 4355 3040 4425 πολλῆς
3067 4356 3361 4426 δραμόντες
3387 4358 3414 4396 8
3437 4356 3536 4425 τῆς
3567 4356 3920 4427 προθυμίας,

2233 4423 2422 4509 ἐπειδὴ
2476 4423 2784 4508 μαρτυρίῳ,
2835 4436 2926 4488 καὶ
2965 4423 3260 4506 ὁμολογία,
3316 4435 3412 4488 καὶ
3466 4423 3926 4506 παρθενίᾳ-ἀντὶ

2237 4520 2466 4591 ἱματίων
2499 4516 2714 4588 χρυσῶν
2739 4513 2938 4584 ἑαυτὴν
2963 4514 3310 4584 ἀμφιάσασα,
3336 4513 3578 4584 ἀπῆλθεν
3605 4515 3638 4584 ἡ
3667 4515 3920 4586 μάρτυς.

2233 4595 2618 4670 Μιμησώμεθα
2643 4593 2820 4648 τοίνυν
2837 4591 3008 4662 αὐτὴν
3037 4592 3180 4646 κατὰ
3201 4591 3431 4662 δύναμιν
3461 4593 3560 4662 τὴν
3586 4595 3884 4666 ἡμετέραν
3903 4613 3918 4626 ο

2234 4675 2634 4747 κατεφρόνησεν
2699 4672 2881 4741 ἐκείνη
2946 4670 3124 4741 ζωῆς,
3184 4674 3691 4742 καταφρονήσωμεν
3751 4675 3928 4744 ἡμεῖς

2232 4755 2466 4830 τρυφῆς,
2515 4751 2970 4821 καταγελάσωμεν
3022 4747 3399 4830 πολυτελείας,
3443 4749 3784 4830 “mea?”
3823 4751 3930 4822 μέ-

2235 4827 2352 4906 οης,
2378 4831 2683 4903 ἀδηφαγίαν
2722 4831 3000 4901 φύγωμεν.
3036 4830 3147 4899 Οὐχ
3182 4827 3368 4892 ἁπλῶς
3403 4829 3574 4882 ταῦτα
3611 4829 3770 4898 λέγω
3801 4831 3934 4897 νῦν,

2234 4915 2348 4969 ἀλλ’
2374 4910 2560 4981 ἐπειδὴ
2595 4909 2821 4972 πολλοὺς
2862 4908 2993 4978 ὁρῶ,
3030 4907 3168 4979 μετά
3201 4907 3262 4960 τὸ
3304 4907 3526 4980 λυθῆναι
3559 4907 3622 4960 τὸ
3659 4925 3938 4981 πνευμα-

2235 4995 2383 5049 τικόν
2414 4987 2573 5044 τοῦτο
2615 4989 2842 5059 θέατρον
2883 4988 2976 5040 ἐπὶ
3013 4987 3184 5058 μέθην
3235 4987 3328 5040 καὶ
3379 4987 3692 5057 καπηλείαν
3717 4989 3776 5052 δ,
3833 4989 3944 5043 καὶ

2233 5073 2330 5135 τὰς
2361 5074 2418 5124 ἐν
2451 5069 2804 5138 πανδοχείοις
2837 5067 3132 5136 τραπέζας,
3165 5066 3260 5119 καὶ
3307 5067 3407 5135 τὴν
3457 5065 3624 5136 ἀλλην
3656 5069 3944 5140 aqum.

2235 5151 2398 5220 σύνην
2439 5148 2748 5220 τρέχοντας.
2796 5147 2894 5202 Διά
2929 5145 3086 5198 τοῦτο
3117 5145 3306 5214 δέομαι
3345 5146 3440 5198 καὶ
3481 5149 3810 5216 παρακαλῶ
3847 5149 3946 5202 διὰ

2235 5229 2432 5290 παντὸς
2459 5230 2514 5280 ἐν
2553 5229 2737 5298 μνήμῃ
2784 5227 2876 5279 καὶ
2919 5227 3127 5297 διανοίᾳ
3169 5225 3268 5296 τὴν
3309 5225 3472 5294 ἁγίαν
3501 5227 3718 5298 ταύτην
3749 5229 3950 5300 ἔχειν,

2233 5311 2324 5362 καὶ
2355 5308 2427 5378 μῆ
2479 5305 2833 5376 καταισχῦναι
2875 5307 2972 5378 τὴν
3011 5307 3336 5377 πανήγυριν,
3371 5307 3506 5378 μηδέ
3553 5307 3656 5378 τῆν
3707 5310 3786 5363 ἐκ
3835 5311 3952 5378 τῆς

2231 5387 2420 5460 ἑορτῆς
2454 5386 2657 5456 ταύτης
2689 5388 3048 5458 ὲγγινομένην
3076 5389 3206 5460 ἡμῖν
3243 5387 3553 5459 παρρησίαν
3585 5391 3958 5457 ἀφελέσθαι.

2233 5469 2342 5520 Καὶ
2387 5466 2494 5536 γάρ
2546 5466 2644 5535 οὐχ
2695 5465 2770 5528 ὡς
2824 5465 2981 5535 ἔτυχε
3043 5467 3177 5538 πρὸς
3219 5466 3486 5538 Ἕλληνας
3537 5465 3964 5540 διαλεγόμενοι

2233 5545 2687 5615 καλλωπιζόμεθα
2715 5545 2791 5615 τῷ
2823 5545 3018 5615 πλήθει
3061 5546 3162 5614 τῆς
3202 5547 3417 5615 ἑορτῆς,
3455 5562 3962 5617 καταισχύνοντες

2233 5627 2427 5688 αὐτοὺς
2473 5625 2568 5678 καὶ
2609 5623 2877 5693 λέγοντες,
2925 5625 3008 5677 ὅτι
3059 5625 3210 5678 πόλιν
3253 5623 3544 5696 ὁλόκληρον
3593 5629 3696 5678 καὶ
3753 5627 3968 5698 δῆμον

2301 5761 2320 5804 Ι
2351 5763 2500 5826 Ξεινίῐ.
2528 5767 2576 5809 nl
2604 5775 2728 5812 unus
2747 5763 2870 5826 ἷξες.
2897 5764 3061 5826 ἄτιμον
3088 5764 3256 5826 ἐπειδή
3279 5763 3353 5810 ἐπὶ
3377 5761 3572 5826 ἐδάφους
3591 5761 3790 5826 ἔκειτο,
3817 5762 3964 5826 εἴ.ιέλῖ

2303 5828 2328 5866 8
2352 5823 2722 5888 Αὶὶἰέόρμῶντες.
2754 5823 2914 5888 Pallio
2941 5823 3051 5888 pbsl
3079 5825 3229 5877 Savil.
3256 5833 3307 5875 cl
3329 5837 3452 5874 unus
3472 5823 3810 5888 άμφιάσασα,
3849 5824 3968 5872 Μει-

2237 5889 2328 5938 τρι.
2357 5895 2406 5934 (ιι
2429 5884 2552 5933 αιίιις
2577 5885 2916 5947 ἐνταφιάσασα.

2295 5949 2324 5988 h
2351 5949 2471 6012 Reg.
2499 5959 2623 5996 unus
2645 5948 2896 6007 καπηλεῖα.

4029 303 4034 442 λ
