4080 6196
341 285 439 344 581

336 413 448 454 non
477 394 849 450 odorarentur.
896 385 1251 458 Quamobrem
1283 402 1346 440 cx
1377 384 1564 439 mediis
1599 381 1687 436 illa
1717 381 1916 437 retibus

336 487 572 544 avolavit
597 503 609 537 :
634 498 696 539 ac
720 479 1165 553 quemadmodum
1192 492 1345 533 cerva
1372 477 1423 532 in
1451 477 1592 546 ipsas
1609 485 1918 531 venatorum

338 595 530 636 manus
554 577 796 646 delapsa,
820 575 1047 644 indeque
1076 581 1256 643 postea
1278 572 1553 641 aufugiens
1584 570 1635 624 in
1663 569 1921 624 verticem

337 671 538 727 montis
566 667 909 724 venatoribus
938 674 993 722 et
1028 664 1145 720 telis
1186 664 1517 719 inaccessum
1574 677 1633 718 se
1671 661 1877 716 confert
1903 702 1917 727 ,

338 775 664 830 cursumque
709 757 924 812 tandem
977 756 1137 821 sistit,
1185 764 1347 826 atqtte
1386 755 1439 809 in
1471 763 1584 809 tuto
1611 754 1780 824 posita
1807 767 1919 818 eos,

341 853 430 920 qui
478 851 580 906 sibi
607 847 1017 914 insidiabantur,
1053 847 1272 918 respicit
1299 863 1313 901 :
1341 847 1419 902 sic
1451 855 1506 901 et
1537 847 1624 900 illa
1653 845 1704 899 in
1739 860 1924 898 manus

342 942 707 997 insidiantium
737 940 952 1009 delapsa
978 980 994 1005 ,
1036 947 1092 994 et
1120 937 1410 1008 parietibus
1437 937 1588 1008 quasi
1617 937 1816 992 retibus
1841 937 1925 990 in-

342 1043 430 1088 tus
470 1031 882 1103 comprehensa,
919 1029 1142 1101 aufugit,
1174 1046 1278 1084 non
1324 1031 1377 1084 in
1425 1030 1622 1084 montis
1650 1029 1922 1091 verticem.

342 1127 439 1182 sed
470 1128 521 1182 in
549 1126 721 1196 ipsum
743 1124 859 1180 cmli
883 1137 1169 1187 cacumen;
1195 1121 1335 1177 unde
1359 1122 1482 1176 illos
1511 1121 1722 1175 intuens
1743 1122 1925 1174 vacuis

344 1218 587 1275 manibus
606 1225 958 1283 revertentes,
982 1215 1204 1269 multum
1232 1213 1514 1284 gaudebat,
1543 1229 1660 1267 cuni
1687 1213 1925 1267 intideles

343 1309 548 1381 pudore
576 1307 808 1362 suffusos
831 1313 1094 1362 cerneret.
1115 1305 1328 1375 Cogites
1341 1320 1567 1372 namque
1587 1305 1743 1359 velim
1766 1303 1924 1372 quale

342 1401 442 1456 fuit
483 1399 632 1466 illud,
677 1399 896 1455 sedente
936 1397 1131 1468 judice,
1189 1396 1520 1450 adstantibus
1563 1395 1920 1460 carnificibus,

344 1493 545 1561 paratis
575 1491 873 1556 tormentis,
902 1489 1150 1543 universa
1181 1495 1364 1542 coacta
1393 1485 1750 1549 multitudine,
1799 1499 1922 1538 cum

347 1585 546 1639 milites
584 1590 976 1652 exspectarent,
1000 1594 1112 1652 pra:
1140 1579 1407 1650 voluptate
1435 1577 1782 1648 gestientibus
1803 1591 1921 1630 om-

343 1677 521 1740 nibus,
555 1689 613 1730 se
647 1674 879 1744 pnedam
911 1681 1224 1742 accepturos
1260 1670 1618 1741 sperantibus,
1651 1679 1775 1724 tunc
1804 1668 1926 1723 red-

346 1768 472 1822 iisse
515 1779 630 1833 eos,
671 1765 761 1836 qui
797 1765 863 1819 ad
902 1764 953 1819 id
1004 1763 1153 1818 missi
1183 1763 1422 1826 fuerant,
1456 1762 1600 1816 vultu
1630 1761 1682 1814 in
1728 1771 1924 1814 terram

344 1859 601 1923 demisso,
630 1871 847 1927 remque
873 1865 1074 1926 gestam
1099 1869 1364 1910 narrasse.
1384 1853 1648 1920 Quantum
1671 1850 1924 1916 dedecus,

343 1961 602 2020 quantum
647 1964 936 2005 mcerorem
982 1962 1046 2002 ac
1087 1947 1340 2017 probrum
1385 1945 1629 2000 infideles
1657 1945 1774 1998 illos
1803 1954 1927 1998 tunc

343 2042 589 2097 aﬂ’ecisse
615 2057 713 2112 par
741 2048 824 2096 est
849 2041 872 2094 ?
894 2055 1053 2110 quam
1081 2039 1228 2093 vultu
1267 2039 1518 2102 demisso,
1561 2043 1760 2106 quanto
1805 2051 1924 2089 cuin

344 2137 550 2206 pudore
578 2134 800 2190 rediisse
825 2145 982 2205 putes
1019 2133 1140 2188 illos
1163 2174 1178 2198 ,
1208 2147 1329 2188 cum
1373 2130 1681 2185 didicissent
1709 2143 1769 2183 se
1817 2143 1922 2182 non

343 2242 464 2282 cum
487 2226 812 2291 hominibus,
843 2224 936 2280 sed
957 2240 1076 2280 cum
1108 2224 1229 2279 Deo
1248 2223 1445 2279 bellum
1471 2221 1702 2293 gerere?
1729 2219 1926 2289 Ioseph

343 2317 490 2374 bene
513 2333 625 2373 suae
651 2316 860 2372 insidiis
888 2317 1173 2388 appetitus,
1215 2316 1548 2380 vestimento,
1593 2312 1734 2384 quod
1771 2311 1929 2368 foedis

346 2411 590 2466 barbarae
638 2410 880 2466 mulieris
922 2409 1167 2464 manibus
1195 2407 1494 2475 tenebatur,
1518 2406 1725 2471 relicto,
1757 2404 1929 2459 nudus

342 2503 513 2559 exiit:
543 2502 661 2558 haec
689 2516 818 2557 vero
837 2515 1032 2571 corpus
1061 2500 1272 2556 lascivis
1296 2499 1523 2555 detineri
1547 2497 1790 2554 manibus
1821 2513 1926 2551 non

350 2596 496 2662 sivit,
512 2594 606 2650 sed
628 2593 770 2648 nuda
795 2607 916 2648 cum
939 2591 1114 2646 anima
1139 2590 1454 2656 ascendens,
1483 2602 1796 2659 sacramque
1812 2601 1930 2642 car-

344 2701 469 2742 nem
498 2686 640 2756 apud
669 2684 850 2740 hostes
875 2684 1204 2753 relinquens,
1224 2682 1279 2736 in
1300 2696 1541 2750 magnam
1564 2677 1926 2740 illosconsilii

345 2779 582 2847 inopiam
613 2775 844 2846 coniecit
869 2792 883 2828 :
915 2791 1089 2846 neque
1117 2773 1260 2830 enim
1289 2773 1530 2828 sciebant
1567 2771 1692 2842 quid
1717 2771 1785 2826 de
1804 2771 1933 2826 reli-

343 2871 486 2940 quiis
508 2870 612 2925 illis
639 2869 908 2924 facerent:
925 2867 1072 2922 Talia
1097 2874 1222 2920 sunt
1259 2865 1349 2920 Dei
1383 2864 1635 2934 praeclara
1663 2871 1835 2934 gesta,
1873 2869 1930 2916 ut

343 2976 534 3016 servos
557 2975 686 3017 suos
705 2975 768 3015 ex
795 2959 1036 3030 angustia
1062 2959 1113 3012 in
1136 2956 1565 3026 tranquillitatem
1580 2968 1820 3023 magnam
1833 2952 1930 3007 de-

345 3053 544 3117 ducat;
598 3050 932 3107 adversarios
974 3059 1151 3105 autem
1203 3057 1257 3103 et
1299 3047 1478 3100 hostes
1524 3061 1646 3100 cum
1679 3058 1931 3114 prospere

348 3151 553 3206 habere
581 3148 830 3203 videntur
856 3188 871 3213 ,
894 3147 947 3201 in
973 3153 1277 3201 extremam
1303 3141 1508 3196 consilii
1549 3139 1780 3209 inopiam
1800 3137 1934 3206 deji-

351 3244 480 3298 ciat.
522 3241 654 3308 Qum
691 3240 833 3295 enim
863 3239 1102 3308 angustia
1142 3236 1313 3306 major
1341 3235 1447 3298 illa,
1483 3233 1533 3286 in
1565 3246 1723 3302 quam
1753 3229 1927 3300 puella

348 3346 478 3389 tunc
505 3332 810 3388 inciderat?
835 3330 960 3400 quid
991 3329 1242 3383 facilitate
1272 3327 1358 3380 illa
1395 3324 1586 3393 majus,
1617 3323 1669 3376 in
1693 3337 1794 3391 qua
1819 3329 1930 3373 tum

349 3425 547 3480 milites
598 3420 987 3477 versabantur?
1032 3418 1215 3473 Solam
1270 3417 1411 3470 illam
1459 3415 1600 3468 intus
1656 3411 1926 3466 habebant

349 3515 818 3586 comprehensam,
841 3512 986 3567 domi
1013 3527 1109 3566 ceu
1139 3511 1191 3565 in
1215 3523 1433 3564 carcere
1461 3508 1742 3568 inclusam,
1771 3513 1825 3558 et
1851 3513 1934 3557 ta-

349 3622 474 3664 men
503 3607 881 3660 abscesserunt
903 3604 1096 3658 amissa
1125 3601 1321 3671 prteda.
1353 3600 1583 3653 Rursum
1615 3596 1788 3666 puella
1821 3594 1935 3650 sola

353 3700 553 3756 auxilio
578 3713 798 3770 prorsus
819 3707 872 3752 et
901 3711 1003 3766 ope
1041 3695 1313 3759 destituta,
1345 3693 1545 3746 nullum
1568 3690 1937 3757 undecumque

355 3793 426 3844 ab
453 3788 709 3844 mrumnis
734 3789 934 3844 exitum
973 3785 1180 3846 videns,
1214 3783 1442 3837 ferarum
1475 3781 1654 3834 oribus
1678 3778 1934 3847 proxima,

354 3899 418 3938 ex
448 3884 599 3952 ipsis,
629 3891 688 3936 ut
715 3882 785 3935 ita
825 3880 1022 3944 dicam,
1063 3877 1303 3931 faucibus
1333 3881 1536 3942 erepta,
1568 3871 1787 3925 insidias
1807 3869 1937 3924 effu-

353 3974 452 4043 git,
480 3974 699 4039 milites,
727 3971 952 4040 iudices,
985 3969 1256 4039 principes
1287 3964 1576 4034 superavit.
1605 3964 1685 4016 Ac
1703 3961 1828 4015 dum
1852 3960 1938 4014 illa

357 4069 580 4132 viveret,
601 4065 770 4133 ipsam
795 4078 855 4118 se
875 4070 1218 4132 superaturos
1243 4058 1530 4130 sperabant
1551 4071 1739 4111 omnes
1759 4073 1774 4121 ;
1794 4062 1941 4125 post-

356 4173 517 4226 quam
547 4163 725 4209 autem
769 4162 980 4208 mortua
1031 4160 1147 4218 est,
1178 4161 1302 4206 tunc
1349 4149 1401 4204 in
1433 4149 1689 4218 majorem
1731 4145 1941 4200 consilii

358 4248 592 4316 inopiam
619 4244 819 4314 delapsi
845 4251 969 4298 sunt
992 4251 1082 4297 :ut
1111 4241 1381 4297 discerent
1414 4254 1631 4294 nomen
1651 4252 1941 4292 IARTYRUII

363 4354 484 4393 esse
513 4335 789 4390 victoriam
829 4342 1141 4405 martyrum.
1169 4331 1394 4388 Perinde
1415 4345 1544 4384 vero
1565 4328 1776 4394 accidit,
1805 4342 1868 4381 ac
1897 4326 1942 4380 si

362 4429 515 4484 navis
567 4427 866 4482 innumeris
915 4425 1185 4480 mercibus
1241 4423 1644 4494 margaritisque
1696 4419 1945 4491 pretiosis

297 4517 300 4520 ’
361 4529 576 4584 onusta,
628 4519 679 4573 in
727 4518 841 4588 ipso
884 4525 1070 4587 portus
1119 4515 1265 4570 aditu
1303 4514 1657 4569 decumanum
1703 4511 1941 4576 ﬂuctum,

366 4629 486 4666 mox
506 4612 654 4666 illam
679 4609 1100 4675 submersurum,
1124 4607 1400 4678 effugiens,
1426 4606 1542 4674 ipso
1564 4604 1824 4659 undarum
1846 4603 1947 4656 im-

365 4714 486 4771 petu
515 4702 745 4757 celerius
773 4701 827 4755 in
869 4709 1081 4772 portum
1114 4697 1524 4754 transmittatur.
1571 4694 1662 4751 Sic
1699 4703 1753 4748 et
1777 4694 1947 4748 beatae

365 4794 593 4864 Pelagia:
629 4793 872 4863 contigit.
923 4791 1057 4847 Nam
1087 4790 1313 4846 militum
1355 4789 1620 4851 incursus,
1652 4785 1947 4840 futurorum

360 4887 700 4940 cruciatuum
728 4895 919 4952 metus,
969 4883 1360 4954 minaajudicis,
1398 4882 1513 4936 bmc
1552 4894 1744 4948 nempe
1769 4876 1948 4932 omnia

359 4981 613 5034 fluetibus
663 4978 1030 5033 vehementius
1089 4977 1386 5046 ingruentia
1440 4974 1490 5028 id
1543 4973 1848 5035 effecerunt,
1893 4979 1950 5024 ut

363 5074 532 5124 multo
580 5070 814 5125 celerius
843 5069 895 5123 in
921 5070 1109 5122 ctelum
1138 5067 1409 5131 avolaret;
1439 5063 1735 5133 fluctusque
1760 5077 1948 5116 navem

361 5164 746 5216 subruersurus
769 5160 911 5214 illam
929 5160 1084 5213 citius
1110 5159 1162 5212 in
1182 5157 1518 5226 tranquillum
1540 5165 1748 5224 portum
1775 5164 1951 5207 trans.

363 5256 510 5309 misit
537 5273 553 5320 ;
587 5254 780 5310 deinde
801 5269 993 5322 corpus
1023 5252 1149 5306 illud
1169 5253 1251 5306 vel
1272 5251 1476 5320 fulgure
1503 5249 1831 5318 splendidius
1853 5248 1951 5302 dc-

365 5347 661 5413 fcrebatur,
709 5344 903 5399 diaboli
947 5343 1130 5396 oculos
1157 5341 1375 5396 feriens.
1402 5341 1517 5394 Non
1544 5341 1684 5394 enim
1725 5339 1930 5409 fulgure

363 5439 500 5492 cado
523 5437 816 5492 demissum
846 5436 917 5490 ita
947 5436 1098 5490 nobis
1118 5433 1352 5489 terribile
1372 5441 1476 5497 est,
1510 5445 1565 5487 ut
1586 5448 1779 5502 corpus
1807 5448 1950 5486 mar-

367 5532 503 5600 tyris
535 5530 742 5599 fulgure
773 5529 886 5599 ipso
911 5528 1124 5599 gravius
1151 5526 1451 5582 dmmonum
1498 5527 1785 5597 phalangas
1831 5542 1953 5594 per-

368 5621 766 5675 tcrrefaciebat.

446 5713 498 5768 3.
531 5712 610 5766 EI
636 5712 803 5767 divino
833 5722 954 5766 nutu
986 5711 1194 5783 Pelagia
1224 5729 1274 5767 se
1310 5713 1608 5781 pra’cipitvm
1653 5712 1754 5767 dat.
1803 5745 1852 5750 —-
1888 5711 1954 5768 l't

1087 315 1089 318 ‹
1123 276 1210 330 DE
1247 275 1305 331 S.
1347 271 1642 330 PELACIA
1686 267 1958 324 VlliClNE
1986 267 2073 324 ΕΤ
2105 269 2459 325 ΜᾹΠΤΥΙίΕ.
2503 269 2726 326 ιιοδίιι.
2755 270 2793 326 Ι.

3505 281 3608 336 58?.

2029 396 2156 434 vero
2185 381 2356 436 discas
2384 383 2432 436 id
2467 399 2568 437 non
2597 385 2708 439 sine
2733 384 2910 439 divino
2941 395 3065 440 nutu
3111 386 3302 444 factum
3345 391 3523 459 fuisse,
3559 397 3608 450 id

2025 473 2255 529 maxime
2293 477 2613 545 comperias,
2666 487 2774 530 tttm
2806 493 2869 531 ex
2896 479 3112 548 virginis
3156 481 3452 550 alacritate,
3500 496 3610 541 tum

2026 582 2089 621 ex
2116 583 2201 632 eo,
2225 569 2364 638 quod
2387 569 2580 625 milites
2599 570 2777 624 dolum
2806 586 2909 626 non
2933 555 3230 642 olfecerint,
3255 578 3392 647 quod
3417 585 3610 649 petenti

2027 661 2328 724 annuerint,
2351 661 2558 731 etquod
2580 679 2662 717 res
2674 663 2737 717 ad
2760 665 2956 719 exitum
2974 665 3193 722 deducta
3207 670 3276 724 sit
3295 688 3308 724 :
3330 688 3499 744 neque
3513 677 3581 728 mi
3597 707 3611 716 -

2028 767 2126 804 nus
2157 751 2206 804 id
2249 752 2488 806 ediscere
2517 753 2672 807 liceat
2698 770 2761 809 ex
2808 757 2918 825 ipsa
2967 759 3153 813 mortis
3191 761 3414 817 ratione.
3467 764 3613 819 Multi

2027 841 2167 895 enim
2197 859 2226 896 e
2253 843 2462 897 sublimi
2496 853 2634 898 tecto
2659 844 2884 916 delapsi,
2916 848 3044 902 nihil
3092 851 3213 905 mali
3268 855 3405 921 paSsi
3456 866 3615 922 sunt;

2028 931 2114 984 alii
2147 931 2272 985 item
2304 933 2559 989 membris
2578 934 2895 1004 quibusdam
2916 940 3157 1007 corporis
3180 943 3425 1009 mutilati,
3456 945 3614 1017 longo

2029 1032 2147 1090 post
2173 1023 2370 1091 lapsum
2404 1033 2643 1095 tempore
2685 1027 2932 1082 vixerunt
2963 1047 2976 1082 :
3011 1029 3177 1086 beata:
3216 1040 3391 1088 autem
3430 1037 3616 1107 virgini

2028 1114 2159 1167 nihil
2189 1114 2492 1185 hujusmodi
2541 1119 2850 1188 contingere
2878 1121 3042 1176 voluit
3095 1124 3271 1192 Deus;
3320 1127 3413 1182 sed
3461 1129 3622 1198 jussit

2026 1205 2255 1257 animam
2284 1208 2458 1260 statim
2491 1221 2554 1261 ex
2583 1223 2808 1278 corpore
2831 1213 2997 1280 exire,
3037 1222 3091 1269 et
3119 1230 3255 1284 eam,
3313 1229 3368 1272 ut
3397 1234 3512 1289 qum
3539 1237 3622 1276 sa-

2033 1299 2098 1351 tis
2127 1309 2381 1354 certasset
2407 1301 2688 1371 omniaque
2715 1303 3003 1372 implesset,
3047 1309 3275 1376 excepit.
3320 1310 3434 1364 Nou
3478 1315 3619 1366 enim

2027 1405 2095 1444 ex
2123 1406 2278 1446 casus
2299 1401 2502 1457 natura,
2543 1393 2634 1447 sed
2681 1409 2746 1449 ex
2795 1395 2886 1450 Dei
2925 1395 3074 1466 jussu
3118 1415 3262 1455 mors
3295 1413 3626 1473 consequuta.

2027 1491 2128 1535 est.
2159 1481 2373 1537 Jacebat
2401 1483 2591 1538 deinde
2617 1500 2810 1554 corpus
2851 1502 2956 1540 non
2985 1487 3036 1542 in
3064 1488 3224 1556 loeto,
3252 1491 3346 1546 sed
3369 1492 3420 1546 in
3460 1494 3575 1546 solo
3605 1514 3615 1546 :

2029 1581 2084 1624 at
2115 1589 2217 1626 non
2244 1573 2360 1628 ideo
2385 1589 2576 1644 expers
2603 1575 2824 1631 honoris
2853 1587 2966 1632 erat
2995 1580 3135 1649 quod
3163 1582 3213 1635 in
3241 1585 3354 1637 solo
3371 1583 3571 1654 jareret
3601 1607 3613 1648 ;

2029 1663 2120 1717 sed
2149 1664 2318 1718 solum
2347 1666 2519 1734 ipsum
2548 1667 2905 1722 venerandum
2936 1679 3050 1724 erat
3079 1709 3096 1736 ,
3122 1673 3261 1741 quod
3290 1681 3427 1728 tanta
3454 1675 3622 1745 gloria

2033 1757 2314 1826 prmditum
2341 1773 2530 1828 corpus
2558 1761 2873 1830 excepisset.
2903 1762 2978 1816 Ex
3011 1763 3111 1818 hoc
3137 1765 3252 1834 ipso
3275 1766 3432 1837 igitur
3463 1784 3625 1822 vene-

2031 1848 2246 1902 rabilius
2273 1864 2469 1918 corpus
2496 1851 2624 1906 illud
2651 1864 2784 1919 erat,
2809 1853 2954 1922 quod
2983 1854 3035 1908 in
3074 1856 3190 1909 solo
3210 1855 3414 1926 jaceret
3443 1876 3456 1910 :
3488 1874 3620 1912 con-

2032 1941 2261 1996 tumelite
2292 1957 2517 2012 namque
2546 1955 2762 2014 prepter
2785 1945 3053 2000 Christum
3078 1948 3324 2018 irrogata:
3345 1952 3620 2006 accensio-

2030 2049 2152 2088 nem
2195 2034 2344 2088 nobis
2376 2037 2614 2104 pinebent
2657 2037 2891 2092 honoris.
2961 2037 3178 2094 Jaecbat
3210 2041 3365 2110 igitur
3391 2043 3442 2095 in
3481 2043 3616 2106 solo,

2030 2137 2252 2196 angusto
2282 2128 2420 2194 loco,
2455 2128 2746 2198 virgineum
2779 2130 2906 2183 illud
2929 2141 2981 2184 ct
3007 2146 3137 2184 auro
3165 2133 3447 2200 pretiosius
3497 2150 3621 2187 cor-

2033 2234 2131 2288 pus
2161 2237 2174 2273 :
2207 2219 2621 2274 circumstabant
2653 2221 2846 2291 angeli,
2883 2223 3270 2277 venerabantur
3319 2226 3645 2294 archangeli.

2031 2323 2218 2364 omnes
2247 2329 2260 2365 :
2287 2309 2471 2366 aderat
2497 2311 2609 2380 ipse
2635 2311 2902 2367 Christus.
2933 2312 3064 2367 Nam
3081 2313 3126 2369 si
3157 2313 3270 2368 heri
3299 2314 3626 2371 domesticos

2033 2401 2366 2458 honestiores
2392 2414 2631 2458 mortuos
2657 2401 2903 2471 efferunt,
2949 2421 3045 2460 nec
3074 2406 3412 2474 erubescunt,
3458 2409 3626 2465 multo

2032 2496 2202 2566 magis
2226 2496 2468 2550 Christus
2495 2511 2634 2564 eam,
2658 2513 2777 2567 quae
2807 2497 2889 2552 sui
2916 2512 3074 2552 causa
3104 2499 3332 2552 animam
3351 2500 3622 2571 emiserat,

2038 2599 2348 2661 tantumque
2370 2590 2590 2660 periculi
2633 2593 2857 2657 adierat,
2914 2609 3006 2647 sua
3048 2598 3327 2664 prtesentia
3358 2595 3625 2654 honorare

2033 2697 2139 2736 non
2160 2682 2448 2738 erubuerit.
2464 2683 2682 2738 Jacebat
2707 2684 2866 2754 igitur
2889 2700 3137 2754 magnum
3162 2685 3399 2742 funcrale
3421 2687 3624 2747 habens

2033 2773 2344 2844 martyrium
2373 2773 2722 2829 confessionis
2751 2784 2939 2829 ornatu
2969 2775 3239 2843 decorata,
3283 2779 3428 2832 omni
3472 2781 3618 2850 regia

2034 2878 2286 2933 purpura,
2318 2864 2461 2918 omni
2489 2875 2634 2920 veste
2662 2867 2890 2935 pretiosa
2917 2866 3228 2935 pretiosiore
3258 2870 3393 2924 stola
3417 2871 3641 2940 induta,.

2032 2968 2202 3024 eaque
2226 2954 2446 3024 duplici,
2481 2971 2672 3025 nempe
2713 2955 3032 3026 virginitatis
3071 2968 3127 3012 et
3170 2961 3410 3029 martyrii
3443 2978 3455 3014 :
3499 2977 3619 3016 cum

2035 3046 2117 3101 his
2145 3045 2474 3102 funeralibus
2518 3048 2746 3103 adstabit
2791 3048 3037 3103 tribunali
3064 3047 3276 3105 Christi.
3309 3041 3495 3109 Talem
3527 3069 3640 3108 nos.

2033 3153 2244 3208 quoque
2266 3148 2470 3194 vestem
2496 3139 2802 3194 Studeamus
2821 3140 3060 3194 viventes
3085 3156 3148 3196 ac
3170 3144 3360 3196 mortui
3392 3145 3621 3200 habere:

2034 3233 2183 3300 gnari
2212 3247 2357 3298 eum,
2386 3231 2472 3301 qui
2503 3233 2681 3287 aureis
2698 3233 3028 3289 vestimentis
3045 3249 3240 3303 corpus
3266 3244 3506 3302 exornet,
3540 3236 3624 3290 iii-

2038 3321 2111 3375 liil
2138 3323 2257 3377 inde
2286 3324 2524 3378 utilitatis
2557 3325 2853 3394 percipere,
2897 3326 3005 3380 imo
3029 3327 3206 3398 potius
3237 3326 3290 3382 in
3329 3327 3624 3382 multorum

2038 3413 2506 3484 reprehensionem
2526 3416 2817 3481 incurrere,
2852 3425 2909 3470 ut
2929 3399 3108 3488 quine
3140 3418 3190 3471 in
3214 3429 3388 3473 morte
3410 3420 3624 3490 quidem

2038 3521 2067 3558 a
2091 3521 2222 3559 vana
2250 3506 2414 3577 gloria
2455 3507 2704 3572 recedat;
2734 3508 2814 3561 sin
2850 3507 3045 3562 virtute
3085 3508 3153 3561 sit
3180 3507 3398 3574 inditus,
3434 3510 3627 3564 multos

2040 3598 2198 3652 etiam
2227 3609 2343 3667 post
2372 3608 2596 3653 mortem
2628 3599 2927 3653 laudatores
2971 3599 3202 3653 habebit.
3255 3599 3465 3654 Etenim
3495 3600 3624 3669 ipsis

2039 3690 2199 3743 etiam
2233 3690 2594 3760 imperialibus
2621 3692 2754 3745 aulis
2781 3690 3110 3761 splendidius
3138 3691 3276 3760 apud
3302 3706 3489 3746 omnes
3523 3693 3626 3746 erit

2042 3782 2342 3850 sepulcrum
2363 3781 2510 3847 illtid,
2535 3783 2618 3836 ubi
2643 3797 2836 3850 corpus
2853 3781 3099 3850 jacuerit,
3135 3781 3271 3852 quod
3295 3797 3416 3836 cum
3436 3782 3628 3838 virtute

2043 3887 2104 3926 ac
2137 3873 2332 3940 pietate
2359 3875 2565 3928 vixerit.
2591 3873 2756 3942 llujus
2773 3876 2846 3926 rei
2877 3882 3038 3928 testes
3061 3889 3153 3928 vos
3181 3874 3329 3937 estis,
3363 3873 3452 3943 qui
3494 3875 3626 3928 divi-

2045 3973 2153 4017 tum
2191 3964 2460 4033 sepulcra,
2506 3965 2606 4018 etsi
2662 3964 2839 4018 aureis
2883 3973 3071 4018 ornata
3124 3965 3476 4031 vestimentis,
3527 3982 3650 4020 ceu.

2045 4055 2324 4124 speluncas
2350 4056 2836 4126 praetermittentes,
2865 4055 2932 4110 ad
2957 4064 3195 4110 sanctam
3223 4071 3418 4126 magno
3449 4057 3630 4111 studio

2045 4147 2341 4213 accurritis,
2386 4148 2507 4216 quia
2549 4162 2670 4200 cum
2714 4161 2835 4202 sese
2878 4146 3151 4218 martyrio,
3196 4146 3533 4204 confessione
3577 4161 3632 4204 ct

2046 4236 2344 4306 virginitate
2391 4237 2616 4292 vestium
2661 4252 2941 4291 aurearum
2974 4237 3090 4291 loco
3117 4237 3398 4305 induisset,
3429 4249 3634 4312 martyr

2047 4329 2312 4383 discessit.
2359 4328 2488 4382 Eam
2539 4329 2717 4397 itaque
2756 4343 2852 4397 pro
2897 4327 3097 4383 viribus
3145 4328 3413 4384 imitemur
3454 4344 3629 4385 :con-

2052 4421 2362 4489 tempsitilla
2384 4421 2566 4485 vitam,
2595 4430 2998 4475 contemnamus
3016 4430 3068 4475 et
3095 4436 3192 4476 nos
3212 4421 3452 4489 delicias,
3484 4438 3634 4479 sum-

2050 4523 2270 4584 ptuosos
2298 4514 2616 4569 irrideamus
2639 4523 2944 4584 apparatus,
2973 4514 3338 4571 abstineamus
3363 4515 3432 4570 ab
3462 4516 3634 4572 ebrie-

2052 4614 2181 4672 tate,
2205 4606 2474 4676 crapulam
2490 4605 2770 4676 fugiamus.
2792 4605 2976 4676 Neque
2992 4607 3109 4662 sine
3125 4622 3285 4662 causa
3307 4607 3383 4663 sic
3409 4607 3632 4678 loquor:

2053 4697 2147 4753 sed
2168 4699 2288 4768 quia
2316 4698 2512 4752 multos
2533 4697 2642 4768 jam
2671 4697 2846 4765 video,
2871 4698 2960 4768 qui
2990 4707 3108 4768 post.
3130 4699 3361 4754 solutum
3391 4698 3494 4754 hoc
3521 4699 3633 4768 spi-

2053 4790 2242 4845 rituale
2269 4790 2532 4845 theatrum
2559 4789 2624 4844 ad
2651 4791 2982 4856 ebrietatem,
3011 4791 3078 4847 ad
3107 4807 3394 4862 cauponas,
3444 4791 3511 4847 ad
3555 4791 3646 4847 die.

2057 4882 2412 4938 versoriorum
2431 4897 2663 4949 mensas,
2682 4882 2748 4936 ad
2767 4883 2974 4953 aliaque
2993 4884 3162 4952 turpia
3181 4883 3474 4938 advolaturi
3492 4891 3635 4938 sunt.

2056 4975 2410 5043 Quamobrem
2442 4990 2572 5046 rogo
2600 4985 2653 5030 et
2678 4974 2883 5040 hortor,
2918 4983 2976 5029 ut
2998 4990 3208 5044 semper
3237 4975 3373 5030 hanc
3397 4984 3638 5030 sanetam

2057 5069 2312 5138 virginem
2357 5068 2409 5122 in
2436 5067 2691 5123 memoria
2713 5077 2766 5122 et
2793 5077 2970 5122 mente
3006 5067 3262 5133 habeatis,
3307 5083 3478 5137 neque
3521 5083 3644 5122 con-

2059 5162 2264 5214 cionem
2289 5159 2425 5214 hanc
2443 5160 2794 5225 dedecoretis,
2821 5173 2993 5229 neque
3017 5175 3156 5225 eam,
3187 5173 3307 5227 qua:
3335 5173 3400 5211 ex
3429 5157 3527 5210 hac
3553 5171 3644 5210 ce-

2063 5251 2304 5305 lebritate
2334 5253 2486 5305 nobis
2513 5251 2740 5317 accedit,
2793 5250 3037 5304 fiduciam
3085 5249 3153 5304 de
3197 5249 3373 5302 medio
3416 5247 3636 5302 tollatis.

2063 5343 2272 5397 Etenim
2297 5359 2399 5396 non
2431 5352 2632 5396 temere
2663 5357 2783 5396 cum
2826 5343 3108 5411 gentilibus
3145 5341 3504 5408 colloquentes
3550 5339 3646 5392 hu-

2059 5434 2148 5504 jus
2200 5432 2547 5489 solemnitatis
2592 5433 2884 5501 frequentia
2925 5432 3244 5501 gloriamur,
3287 5429 3510 5498 illosque
3556 5446 3646 5483 ru-

2064 5528 2193 5582 bore
2226 5525 2589 5596 perfundimus
2617 5525 2874 5590 dicentes,
2909 5524 3208 5577 universam
3231 5523 3496 5576 civitatem
3524 5532 3644 5576 tan.

2068 5631 2283 5690 tumque
2313 5620 2560 5690 pupulum
2592 5635 2621 5673 a
2659 5618 2831 5690 puella
2863 5625 3065 5670 mortua
3088 5617 3310 5684 singulis
3337 5615 3490 5669 anuis
3530 5631 3650 5684 pcr-

2072 5713 2226 5779 tt‘alii,
2257 5730 2351 5767 nec
2379 5721 2492 5782 po»!
2517 5719 2591 5763 tat
2620 5727 2786 5764 annos
2815 5726 2845 5763 a
2874 5708 2960 5762 tali
2988 5709 3372 5763 consuetudine
3408 5720 3657 5773 supersc-
