4080 6196
394 212 499 265 535

383 326 510 380 dere
534 340 549 379 ι
576 338 760 379 verum
779 322 825 378 si
851 321 1118 379 seoserint
1142 336 1227 389 ea,
1259 335 1377 389 qua:
1412 321 1463 375 in
1497 317 1595 373 hac
1663 318 1971 374 celebritate

384 416 755 480 admittuntur,
778 428 972 486 magna
1003 410 1215 467 laudum
1245 420 1392 480 parte
1417 409 1739 465 carebimus.
1762 407 1895 463 Nam
1926 409 1971 463 si

387 506 522 570 lure,
563 521 683 576 qua:
708 519 848 560 nunc
893 505 1165 566 convenit,
1194 499 1479 555 multitudo
1527 499 1606 554 sic
1631 513 1751 553 cum
1791 498 1971 553 debito

382 597 574 653 ordine
593 597 832 663 accedat,
858 594 912 651 id
949 608 1141 664 magno
1169 593 1326 648 nobis
1363 593 1469 648 erit
1497 599 1851 656 ornamento;
1889 591 1971 644 sin

386 705 508 753 cum
549 688 775 760 segnitia
813 702 877 744 ac
923 685 1265 758 negligentia,
1304 685 1557 756 probrum
1607 681 1761 738 nobis
1785 682 1885 736 erit
1911 696 1974 737 ac

384 782 722 851 vituperium.

455 875 509 927 4.
549 872 729 927 Honor
755 870 1067 943 Martyribus
1093 868 1306 924 debitus.
1331 899 1404 911 —
1438 868 1508 924 Ut
1546 868 1703 938 igitur
1731 868 1975 922 caritatis

388 974 581 1019 vestra:
610 963 906 1035 frequentia
931 963 1144 1032 gloriari
1175 962 1442 1033 possimus
1465 1002 1480 1027 ,
1507 975 1627 1015 cum
1649 959 1835 1015 eadem
1862 975 1978 1014 mo-

391 1055 565 1112 destia
606 1055 825 1111 domum
868 1053 1222 1118 recedamus,
1263 1068 1366 1123 qua
1406 1067 1502 1123 par
1529 1060 1612 1106 est
1648 1065 1743 1105 eos
1784 1050 1931 1105 abire
1959 1091 1973 1114 ,

390 1148 482 1217 qui
510 1162 631 1203 cum
660 1145 759 1201 hac
784 1154 1019 1218 martyre
1048 1152 1438 1200 convenerunt.
1468 1142 1600 1198 Nam
1640 1143 1685 1196 si
1719 1144 1840 1212 quis
1868 1157 1976 1195 non

394 1244 496 1295 hoc
525 1240 630 1295 ritu
655 1237 909 1304 discedat,
938 1251 1043 1291 non
1072 1235 1244 1291 solum
1276 1233 1405 1289 nihil
1434 1234 1757 1305 profecerit,
1789 1249 1977 1288 verum

389 1332 548 1386 etiam
572 1329 864 1400 periculum
884 1328 984 1383 sibi
1001 1328 1289 1382 maximum
1307 1326 1601 1381 attraxerit.
1621 1327 1743 1382 Scio
1764 1327 1977 1397 quidem

396 1441 494 1479 vos
521 1424 620 1480 hoc
641 1423 829 1479 morbo
858 1437 963 1477 non
989 1422 1254 1489 laborare,
1282 1419 1376 1475 sed
1405 1419 1457 1473 id
1482 1435 1587 1474 non
1617 1419 1683 1473 ad
1708 1420 1978 1475 defensio-

393 1532 514 1571 nem
547 1514 697 1570 vobis
734 1514 865 1570 satis
885 1522 966 1569 est
998 1532 1013 1569 :
1059 1520 1270 1583 oportet
1310 1511 1454 1565 enim
1479 1511 1639 1565 etiam
1669 1510 1860 1566 fratres
1884 1527 1979 1567 ve-

392 1617 557 1672 stros,
578 1606 669 1676 qui
691 1605 938 1661 indecore
955 1619 1013 1659 se
1034 1612 1243 1674 gerunt,
1266 1601 1332 1657 ad
1359 1602 1645 1657 maximam
1667 1602 1979 1658 modestiam

394 1710 448 1753 et
467 1699 533 1752 ad
554 1699 829 1753 decentem
857 1706 1053 1751 statum
1079 1695 1355 1751 reducere.
1382 1693 1666 1750 Honorasti
1692 1706 1981 1767 martyrem

396 1788 711 1861 praesentia?
727 1789 874 1844 Illam
892 1788 1051 1843 etiam
1074 1786 1409 1857 propriorum
1430 1786 1791 1842 membrorum
1807 1802 1983 1842 emen-

398 1882 613 1936 datione
644 1881 869 1935 honora.
899 1879 955 1935 Si
980 1878 1178 1934 videris
1206 1877 1613 1933 immoderatum
1643 1878 1831 1944 risum,
1860 1893 1984 1933 eur-

396 1989 515 2029 sum
544 1974 877 2029 indecentem
904 2013 920 2038 ,
962 1974 1228 2029 incessum
1258 1971 1595 2037 illiberalem,
1628 1970 1865 2026 habitum
1896 1972 1982 2026 in-

398 2065 651 2121 decorum
669 2105 683 2130 ,
717 2063 942 2131 accede,
970 2071 1026 2118 et
1052 2061 1144 2118 tali
1169 2061 1387 2119 affectos
1408 2062 1567 2118 modo
1597 2063 1903 2119 terribiliter
1929 2072 1985 2119 et

400 2165 550 2210 torve
589 2154 817 2209 intuere.
857 2154 928 2208 At
969 2161 1022 2208 te
1060 2152 1394 2222 despiciunt,
1429 2152 1700 2223 magisque
1725 2153 1983 2209 irrident?

398 2246 563 2302 Sume
597 2253 771 2300 tecum
808 2245 945 2300 duos
971 2254 1146 2299 tresve
1168 2285 1183 2309 ,
1215 2252 1309 2299 aut
1343 2245 1523 2315 plures
1560 2244 1752 2301 fratres
1775 2286 1790 2311 ,
1822 2255 1881 2301 ut
1917 2261 1985 2301 ex

400 2354 626 2395 numero
664 2338 852 2409 majori
882 2339 935 2393 in
976 2339 1317 2394 veneratione
1360 2339 1497 2393 sitis.
1536 2338 1687 2406 Quod
1729 2340 1774 2396 si
1816 2357 1883 2396 ne
1912 2341 1984 2397 ita

399 2428 614 2500 quidem
640 2444 825 2484 eorum
850 2429 1137 2483 amentiam
1163 2426 1442 2499 reprimas,
1470 2444 1565 2484 eos
1590 2429 1657 2485 ad
1679 2430 1985 2489 sacerdotes

401 2521 633 2578 deferas.
658 2522 728 2577 At
747 2521 832 2576 vix
856 2530 1079 2592 possunt
1107 2520 1181 2576 illi
1208 2522 1260 2575 in
1293 2530 1497 2577 tantum
1524 2523 1867 2594 impudentiae
1893 2524 1987 2580 de-

403 2612 589 2670 venire
612 2653 629 2680 ,
660 2623 718 2668 ut
741 2613 997 2683 inerepati
1022 2621 1077 2668 et
1110 2612 1296 2668 moniti
1325 2628 1429 2668 non
1458 2622 1708 2682 cessent,
1736 2629 1837 2671 nec
1864 2630 1986 2670 eru-

402 2706 642 2771 bescant,
670 2719 844 2775 neque
867 2704 935 2759 ab
962 2703 1259 2761 inordinata
1286 2713 1340 2760 et
1363 2704 1568 2760 ludicra
1595 2704 1792 2762 chorea
1818 2721 1877 2762 se
1902 2721 1989 2763 re-

404 2798 638 2853 trahant.
670 2797 725 2854 Si
752 2798 832 2852 vel
860 2797 1072 2864 decem,
1099 2798 1143 2852 si
1172 2797 1257 2853 vel
1287 2806 1416 2863 tres,
1448 2798 1533 2854 vel
1560 2798 1686 2867 duo,
1712 2799 1795 2854 vel
1826 2814 1987 2854 unum

403 2888 639 2945 lucratus
668 2888 847 2954 fueris,
884 2903 1117 2944 mercem
1142 2889 1365 2943 multam
1398 2890 1775 2959 reportaveris.
1798 2890 1989 2960 Magna

407 2990 491 3035 est
519 2979 618 3033 vim
658 2977 968 3048 longitudo:
1002 2979 1105 3033 viae
1141 2978 1300 3049 igitur
1328 2978 1655 3049 longitudine
1678 2979 1745 3035 ad
1779 2994 1841 3035 ea
1871 2995 1989 3051 qua

405 3069 544 3124 dicta
568 3077 694 3124 sunt
721 3068 1017 3140 colligenda
1046 3078 1258 3124 utamur
1290 3084 1305 3135 ;
1341 3067 1702 3125 odoramentis
1739 3070 1989 3127 suavibus

406 3161 547 3215 viam
576 3159 896 3230 repleamus.
928 3159 1109 3232 Neque
1136 3161 1279 3216 enim
1310 3163 1381 3216 ita
1410 3169 1596 3216 ornata
1621 3161 1705 3216 via
1731 3176 1990 3233 apparue-

406 3253 516 3318 rit,
546 3251 592 3307 si
616 3250 978 3307 odoramentis
1006 3267 1125 3308 eam
1156 3253 1373 3323 replens
1398 3254 1659 3325 quispiam
1698 3255 1849 3310 suavi
1880 3254 1988 3310 fra-

407 3342 615 3414 grantia
636 3355 815 3396 aerem
844 3340 1153 3412 perfuderit,
1185 3352 1242 3397 ut
1262 3342 1485 3398 honesta
1516 3359 1656 3399 nunc
1675 3344 1984 3414 apparebit,

408 3435 455 3492 si
480 3447 666 3488 omnes
693 3442 953 3504 quotquot
980 3431 1140 3488 hodie
1160 3449 1255 3504 per
1274 3434 1417 3489 illam
1445 3435 1715 3502 incedunt,
1741 3437 1990 3506 martyris

409 3522 702 3579 certamina
731 3522 870 3577 inter
898 3537 958 3578 se
981 3532 1259 3578 narrantes
1288 3523 1505 3578 domum
1530 3524 1787 3591 redeant,
1812 3525 1988 3595 lingua

410 3631 505 3672 sua
533 3615 723 3687 singuli
752 3630 849 3671 ceu
876 3615 1145 3671 thuribulo
1171 3625 1398 3672 utentes.
1432 3618 1622 3673 Annon
1647 3616 1859 3685 videtis,
1888 3619 1991 3673 lm—

412 3716 658 3778 peratore
702 3705 757 3762 in
792 3707 979 3763 urbem
1023 3705 1354 3778 ingrediente
1376 3748 1393 3773 ,
1432 3717 1631 3778 quanto
1655 3723 1776 3763 cum
1803 3708 1991 3764 ordine

412 3798 609 3853 milites
634 3797 882 3868 utrinque
907 3797 1064 3869 positi
1091 3798 1278 3853 armati
1307 3796 1616 3868 gradiantur
1636 3840 1653 3867 ,
1693 3798 1830 3855 alter
1855 3800 1988 3863 alte-

411 3907 527 3947 rum
559 3892 901 3948 cohortantes
926 3932 939 3959 ,
972 3902 1029 3977 ut
1066 3891 1245 3963 quiete
1277 3901 1331 3947 et
1359 3905 1480 3947 eum
1510 3892 1806 3948 reverentia
1843 3892 1990 3948 ince-

1126 213 1179 270 S.
1210 214 1491 271 JOANNIS
1521 214 2001 273 CHRYSOSTOMI
2030 213 2346 270 ARCHIEP.
2380 210 2921 269 CONSTANTINOP.

3542 206 3648 264 58$

2077 313 2227 380 dant,
2257 328 2363 384 quo
2391 321 2635 383 spectatu
2662 311 2807 382 digni
2838 310 3158 367 videantur?
3188 311 3316 369 Illos
3346 314 3525 386 itaque
3552 315 3675 370 imi-

2080 416 2257 463 temur
2286 424 2299 461 :
2326 416 2380 463 et
2408 422 2505 462 nos
2542 407 2740 477 quippe
2765 404 3145 476 Imperatorem
3180 406 3528 475 deducimus;
3570 410 3672 465 ιω.

2080 506 2382 568 peratorem
2403 539 2419 565 ,
2448 499 2684 566 inquam,
2718 511 2821 551 non
2859 496 3189 566 scnsibilem,
3219 514 3325 555 non
3359 508 3667 569 terrenum,

2081 589 2173 645 sed
2205 590 2513 659 angelorum
2546 590 2849 645 Dominum.
2877 589 2964 646 Sic
2992 605 3120 660 ergo
3152 600 3204 645 et
3224 606 3323 645 nos
3361 601 3509 646 recto
3548 609 3669 647 cum

2079 683 2266 738 ordine
2294 682 2677 750 ingrediamur,
2709 698 2808 736 nos
2838 692 3021 736 mutuo
3041 682 3405 747 cohortantes,
3433 692 3489 737 ut
3512 685 3669 738 modo

2081 775 2291 843 rituque
2331 773 2540 829 ducenti
2590 773 3033 845 progrediamur,
3076 783 3133 827 ut
3177 790 3283 829 non
3329 775 3671 830 multitudine

2082 873 2305 929 tantum,
2336 864 2428 920 sed
2450 865 2609 919 etiam
2636 873 2825 920 ornatu
2862 873 3190 935 spectatores
3223 873 3442 936 stupore
3465 866 3669 921 afﬁcia-

2083 972 2221 1011 mus.
2252 957 2360 1011 lmo
2390 971 2517 1010 vero
2543 957 2641 1011 etsi
2678 972 2836 1012 nemo
2860 957 3076 1013 adesset
3108 957 3276 1024 alius,
3308 959 3401 1014 sed
3442 959 3540 1013 soli
3567 960 3670 1014 iter

2082 1047 2378 1104 faceremus
2398 1090 2412 1113 ,
2436 1064 2502 1103 ne
2532 1049 2609 1104 sic
2631 1049 2843 1119 quidem
2876 1049 3125 1105 indecore
3153 1066 3212 1105 se
3238 1066 3425 1121 gerere
3454 1064 3667 1123 oporte-

2082 1150 2184 1202 ret,
2208 1141 2277 1196 ob
2304 1141 2605 1211 pervigilem
2637 1141 2783 1195 illum
2817 1142 3028 1196 oculum
3062 1143 3255 1214 ubique
3280 1158 3593 1215 prmsetitem
3616 1159 3673 1205 et

2081 1233 2261 1287 omnia
2288 1231 2576 1286 videntem.
2594 1230 2747 1288 Nunc
2766 1247 2893 1287 vero
2914 1233 3250 1290 considerate
3278 1236 3476 1292 multos
3502 1239 3673 1295 hzcre-

2084 1324 2217 1379 ticos
2256 1339 2374 1379 esse
2411 1324 2565 1380 nobis
2605 1324 2937 1397 permixtos;
2969 1330 3057 1396 qui
3097 1326 3143 1381 si
3185 1344 3283 1383 nos
3331 1329 3558 1387 viderint
3599 1333 3671 1388 ita

2083 1414 2309 1470 choreas
2332 1424 2570 1485 agentes,
2602 1416 2860 1483 ridentes,
2890 1417 3202 1485 clamantes,
3235 1420 3432 1488 ebrios,
3463 1439 3672 1480 summe

2083 1519 2183 1559 nos
2210 1504 2527 1561 damnantes
2572 1507 2845 1563 recedent.
2878 1508 3029 1576 Quod
3060 1509 3105 1564 si
3138 1510 3182 1564 is
3206 1552 3221 1577 ,
3249 1512 3341 1581 qui
3367 1513 3448 1569 vel
3474 1515 3562 1569 uni
3589 1515 3671 1569 of-

2084 1596 2351 1654 fendiculo
2373 1598 2551 1667 fuerit,
2576 1601 2867 1657 inevitabili
2896 1617 3050 1672 poena
3074 1603 3369 1673 plectetur:
3399 1606 3487 1677 qui
3514 1607 3565 1661 in
3595 1617 3673 1663 tot

2084 1690 2359 1747 hominum
2403 1691 2755 1749 offensionem
2801 1696 3156 1763 incurrimus,
3204 1699 3389 1769 quales
3429 1700 3670 1759 dabimus

2086 1785 2315 1855 ptenas?
2357 1784 2461 1840 Sed
2502 1786 2674 1855 absit,
2717 1796 2775 1842 ut
2812 1799 2933 1859 post
2976 1797 3054 1842 tot
3094 1804 3370 1845 sermones
3409 1793 3672 1865 talemque

2085 1875 2513 1932 adhortationem
2552 1878 2813 1948 quispiam
2856 1880 3154 1950 reperiatur
3198 1896 3356 1951 supra
3398 1882 3551 1940 dictis
3577 1886 3671 1940 ob-

2086 1968 2278 2023 noxius
2300 1968 2492 2046 culpis.
2519 1968 2652 2024 Nam
2671 1969 2719 2024 si
2747 1970 2976 2026 antehae
3001 1970 3131 2027 tales
3159 1987 3321 2029 ausus
3343 1974 3497 2028 venia
3525 1974 3671 2046 digni

2086 2074 2193 2116 non
2220 2068 2412 2128 erant,
2450 2068 2571 2130 post
2610 2059 2914 2130 hujusmodi
2952 2062 3234 2127 consilium
3274 2072 3328 2119 et
3354 2064 3673 2134 increpatio-

2086 2166 2208 2207 nem
2238 2151 2407 2206 multo
2445 2152 2799 2208 inevitabilior
2826 2153 2928 2207 erit
2953 2167 3108 2222 poena
3137 2162 3243 2207 tam
3282 2155 3346 2209 iis
3370 2196 3384 2219 ,
3426 2156 3516 2224 qui
3555 2155 3673 2211 hare

2085 2251 2415 2315 perpetrant,
2437 2258 2593 2314 quam
2622 2244 2707 2311 iis,
2735 2243 2826 2314 qui
2855 2244 2977 2299 talia
3001 2245 3318 2315 despiciunt.
3342 2246 3413 2304 Ut
3435 2248 3593 2318 igitur
3616 2261 3673 2304 et

2087 2350 2183 2392 eos
2203 2352 2233 2391 a
2259 2337 2519 2407 supplicio
2545 2336 2799 2401 liberetis,
2824 2352 2888 2393 ac
2916 2337 3068 2393 vobis
3094 2338 3223 2409 ipsis
3244 2340 3498 2409 majorem
3524 2356 3675 2396 com-

2088 2429 2286 2500 parelis
2320 2429 2621 2485 mercedem
2654 2471 2670 2497 ,
2714 2428 2940 2484 fratrum
2967 2440 3264 2487 vestrorum
3293 2448 3473 2487 curam
3504 2436 3677 2489 susci-

2088 2521 2220 2590 pite,
2248 2534 2344 2575 eos
2368 2520 2435 2575 ad
2461 2520 2551 2576 illa
2565 2520 2861 2591 colligenda
2888 2528 2943 2576 et
2969 2522 3264 2577 enarranda
3294 2523 3531 2579 inducite
3566 2542 3579 2578 :
3611 2536 3671 2580 ut

2090 2613 2207 2670 haec
2229 2628 2325 2685 per
2353 2622 2517 2669 totam
2542 2614 2681 2669 viam
2711 2614 3058 2682 meditantes,
3087 2624 3245 2686 atque
3272 2616 3337 2671 iis
3360 2658 3376 2683 ,
3404 2618 3492 2687 qui
3521 2617 3669 2675 domi

2090 2715 2464 2763 remanserunt
2498 2722 2563 2763 ac
2592 2707 2761 2762 relicti
2798 2716 2925 2762 sunt
2952 2747 2967 2773 ,
3001 2706 3158 2777 hujus
3188 2723 3386 2763 mensa:
3415 2711 3670 2781 reliquias

2089 2799 2394 2863 afferentes,
2417 2797 2751 2869 splendidum
2775 2806 2830 2853 et
2850 2798 2959 2853 illic
2979 2800 3276 2854 convivium
3305 2799 3564 2856 habeatis.
3594 2800 3672 2857 Ita

2089 2892 2232 2947 enim
2262 2900 2316 2946 et
2342 2890 2499 2961 hujus
2535 2889 2653 2944 festi
2687 2904 2903 2945 sensum
2946 2892 3238 2946 maximum
3275 2893 3543 2962 capiemus
3570 2936 3585 2959 ,
3615 2902 3674 2950 et

2089 2991 2327 3038 sanctam
2365 2991 2655 3053 martyrem
2686 2980 2753 3036 ad
2793 2980 3050 3052 majorem
3090 2981 3512 3039 benevolentiam
3540 3001 3671 3056 pro-

2090 3075 2399 3131 vocabimus
2422 3114 2437 3141 ,
2460 3088 2590 3129 vero
2615 3073 2757 3128 illam
2787 3074 2990 3129 honore
3016 3085 3401 3145 prosequentes
3432 3093 3445 3129 :
3479 3077 3670 3145 majori

2090 3166 2287 3238 quippe
2312 3167 2411 3236 ipsi
2443 3164 2700 3235 voluptati
2729 3165 2871 3233 erit,
2914 3165 2958 3220 si
3004 3166 3367 3236 spiritualibus
3410 3167 3672 3225 fructibus

2092 3256 2217 3311 hinc
2240 3255 2419 3311 onusti
2444 3254 2774 3320 recedamus,
2794 3271 2953 3326 quam
2983 3258 3026 3311 si
3051 3255 3156 3312 huc
3181 3272 3302 3312 cum
3332 3260 3555 3315 tumultu
3581 3276 3675 3315 ve-

2092 3347 2298 3402 neritis.
2332 3345 2543 3402 Utinam
2564 3362 2691 3402 vero
2716 3355 2826 3401 tum
2850 3355 3049 3402 sancta:
3075 3347 3234 3418 hujus
3257 3392 3271 3416 ,
3306 3358 3415 3404 tum
3444 3366 3629 3406 eorum
3653 3394 3670 3417 ,

2091 3440 2181 3510 qui
2205 3439 2450 3495 similiter
2472 3447 2813 3496 certaverunt
2829 3480 2844 3506 ,
2875 3438 3142 3510 precibus,
3171 3450 3224 3497 et
3249 3442 3434 3497 borum
3457 3453 3514 3499 et
3542 3444 3678 3499 alio-

2092 3546 2234 3599 rum,
2261 3546 2380 3601 qua:
2404 3530 2547 3599 dicta
2576 3538 2718 3597 sunt,
2749 3533 3059 3586 memoriam
3089 3533 3381 3599 retineatis,
3413 3543 3466 3589 et
3491 3534 3673 3604 operi-

2093 3624 2192 3677 bus
2216 3622 2393 3677 omnia
2422 3621 2733 3678 exhibentes
2757 3663 2772 3688 ,
2814 3622 2867 3677 in
2906 3623 3155 3679 omnibus
3189 3623 3298 3679 Deo
3321 3640 3533 3695 semper
3554 3627 3676 3695 pla-

2092 3714 2261 3770 ceatis
2285 3756 2300 3782 ,
2327 3713 2412 3769 cui
2440 3712 2608 3784 gloria
2633 3723 2687 3770 et
2716 3713 2993 3785 imperium
3020 3714 3072 3769 in
3108 3716 3297 3771 saecula
3328 3715 3670 3773 saeculorum.

2095 3808 2284 3861 Amen.
