4080 6196
159 297 264 353 583

149 411 398 467 τοσοῦτον
426 409 565 484 κόρη
610 408 708 482 μία
736 409 1108 481 τελευτήσασα
1141 410 1274 482 πρὸς
1297 408 1495 482 ἑαυτὴν
1523 411 1821 466 ἐπισπᾶται

149 499 268 552 καθ’
298 499 532 552 ἕκαστον
565 497 828 561 ἐνιαυτὸν,
860 497 955 550 καὶ
991 496 1128 567 μετά
1157 497 1392 550 τοσαῦτα
1422 497 1538 569 ἔτη,
1574 500 1668 551 καὶ
1697 499 1815 570 χρό-

150 604 233 650 νος
263 586 436 650 οὐδεὶς
464 586 564 657 τὴν
618 583 942 639 ἀκολουθίαν
975 585 1072 656 τῆς
1113 585 1279 656 τιμῆς
1323 585 1540 656 διέκοψε
1586 585 1816 658 ταύτης

154 675 266 728 ἀλλ’
291 675 387 729 ὲάν
416 674 710 728 αίσθωνται
736 674 846 727 τῶν
880 674 938 727 ὲν
969 677 1033 745 τῇ
1068 673 1375 746 πανηγύρει
1418 674 1734 744 γινομένων,
1762 675 1823 729 τὸ

155 764 311 818 πλέον
345 761 681 836 ἀφῃρήμεθα
706 760 818 815 τῶν
849 761 1161 832 ἐγκωμίων.
1192 762 1266 815 Τὸ
1291 761 1400 833 γάρ
1427 763 1631 833 πλῆθος
1660 765 1820 818 τοῦτο

154 853 206 905 τὺ
237 849 684 921 παραγενόμενον
709 848 826 913 νῦν,
858 849 924 903 ἂν
956 849 1054 920 μὲν
1087 851 1202 919 μετ’
1232 848 1484 915 εὐταξίας
1516 850 1822 921 παραγενη-

154 957 256 1003 ται,
291 939 494 1008 κόσμος
533 940 666 1008 ἡμῖν
714 937 997 1008 μέγιστος’
1034 937 1100 990 ἂν
1130 937 1187 990 δὲ
1219 937 1358 1009 μετὰ
1388 937 1681 1011 ῥᾳθυμίας,
1728 939 1818 992 καὶ

156 1025 438 1096 ὀλιγωρίας
471 1024 692 1094 πολλῆς,
719 1024 922 1087 ὄνειδος
945 1025 1041 1077 καὶ
1070 1024 1392 1096 κατηγορία.

222 1115 287 1171 δ’.
321 1114 440 1168 Ἷνα
468 1109 562 1168 οὖν
593 1112 1024 1185 ἐναϐρυνὼμεθα
1051 1113 1130 1184 τῷ
1160 1113 1354 1184 πλήθει
1402 1114 1500 1184 τῆς
1547 1114 1819 1188 ὑμετέρας

157 1204 392 1274 ἀγάπης,
425 1201 567 1273 μετά
591 1202 694 1272 τῆς
722 1203 894 1274 αὐτῆς
925 1203 1110 1256 οἴκαδε
1145 1201 1398 1265 εὐταξίας
1427 1203 1816 1273 ἀναχωρῶμεν,

159 1287 413 1356 μεθ’ὅσης
439 1286 586 1349 είκδς
613 1287 856 1358 μάρτυρι
887 1285 1112 1360 τοιαύτῃ
1135 1285 1562 1364 συγγινομένους
1578 1287 1818 1341 ἀπιέναι.

157 1377 210 1428 Εἰ
243 1375 354 1446 γάρ
392 1391 480 1438 τις
515 1373 590 1445 μὴ
635 1374 810 1438 οὕτως
859 1375 1042 1428 οἴκαδε
1089 1375 1339 1438 ἀπέλθοι,
1376 1374 1438 1427 οὐ
1484 1375 1642 1445 μόνον
1668 1375 1822 1428 οὐδὲν

157 1464 377 1532 ὤνησεν,
407 1462 544 1516 ἀλλά
571 1463 666 1515 καὶ
714 1461 959 1515 κίνδυνον
993 1462 1116 1515 καθ’
1159 1461 1352 1516 ἑαυτοῦ
1409 1464 1666 1535 μέγιστον
1693 1464 1818 1514 έπε-

159 1553 413 1605 σπάσατο.
460 1545 594 1603 Οἶδα
660 1549 742 1602 ὅτι
799 1548 1033 1620 καθαροὶ
1088 1549 1200 1602 τῶν
1247 1551 1571 1622 νοσημάτων
1616 1549 1820 1604 τούτων

159 1642 326 1709 ὑμεῖς,
356 1637 472 1692 ἀλλ’
502 1637 602 1690 οὐκ
635 1637 799 1707 ἀρκεῖ
830 1631 990 1690 τοῦτο
1033 1638 1116 1700 εἰς
1153 1637 1451 1706 ἀπολογίαν
1494 1639 1651 1708 ὑμῖν·
1686 1637 1821 1691 ἀλλά

154 1727 226 1780 δεῖ
247 1727 343 1780 καὶ
371 1726 502 1788 τούς
540 1724 808 1793 ἀδελφοὺς
851 1723 1234 1794 ἀκοσμοῦντας
1265 1727 1346 1788 εἰς
1386 1724 1636 1791 εὐταξίαν
1669 1724 1822 1796 μεγί-

159 1832 280 1885 στην
330 1815 493 1882 ἄγειν
546 1812 644 1867 καὶ
687 1811 953 1884 καθιστᾷν
1004 1815 1063 1867 ὲν
1120 1812 1201 1884 τῷ
1248 1813 1513 1884 πρέποντι
1559 1813 1816 1884 σχήματι.

169 1903 464 1974 Ἐτίμησας
489 1901 588 1971 τὴν
625 1901 880 1972 μάρτυρα
908 1903 974 1970 τῇ
1008 1901 1318 1971 παρουσίας
1365 1901 1599 1971 τίμησον
1652 1900 1821 1971 αὐτὴν

160 1992 242 2044 καὶ
266 1994 336 2060 τῇ
381 1989 668 2061 διορθώσει
699 1987 808 2041 τῶν
837 1987 1054 2040 οἰκείων
1093 1987 1273 2059 μελῶν
1295 2003 1310 2019 ·
1362 1987 1428 2041 ἂν
1469 1987 1584 2058 ἴδῃς
1611 1987 1822 2055 γέλωτα

154 2078 406 2141 ἄτακτον,
439 2075 536 2129 καὶ
567 2074 768 2147 δρόμον
799 2075 1108 2145 ἀσχήμονα,
1145 2074 1240 2128 καὶ⁸
1293 2073 1506 2144 βάδισιν
1537 2072 1822 2126 ἀνελεύθε-

161 2185 264 2238 ρον,
285 2169 384 2221 καὶ
417 2167 604 2238 σχῆμα
633 2166 909 2237 ἀπρεπὲς,
934 2165 1221 2237 πρόσελθε,
1246 2166 1341 2219 καὶ
1373 2163 1566 2234 βλέψον
1595 2164 1674 2227 εἰς
1697 2163 1823 2226 τούς

157 2256 324 2310 ταῦτα
355 2253 641 2318 ποιοῦντας
675 2253 840 2325 δριμύ
873 2254 970 2308 καὶ
1024 2252 1279 2325 φοϐερόν.
1331 2252 1496 2306 Ἀλλά
1545 2267 1824 2322 καταφρο-

155 2344 300 2398 νοῦσι
323 2344 420 2397 καὶ
442 2341 783 2412 καταγελῶσι
819 2341 1117 2413 μειζόνως;
1145 2341 1292 2396 Δαϐὲ
1326 2340 1464 2411 μετά
1488 2339 1583 2393 σοῦ
1615 2339 1707 2392 δύο
1731 2338 1827 2391 καὶ

155 2433 298 2503 τρεῖς
314 2430 601 2500 ἀδελφοὺς,
619 2428 654 2500 ἡ
679 2429 774 2483 καὶ
795 2428 1038 2492 πλείους,
1058 2428 1200 2482 ὥστε
1226 2429 1319 2482 καὶ
1337 2428 1443 2482 ἀπὸ
1468 2426 1561 2480 τοῦ
1590 2425 1828 2496 πλήθους

155 2515 407 2585 γενέσθαι
431 2517 888 2589 αἱδεσιμωτέρους
907 2529 932 2557 ι
949 2533 962 2546 ·
984 2517 1033 2570 εἰ
1059 2517 1115 2570 δὲ
1141 2516 1275 2588 μηδὲ
1298 2514 1441 2570 οὕτω
1462 2513 1709 2568 καθίκοιο
1729 2513 1828 2583 τῆς

155 2606 336 2668 ἀνοίας
357 2603 606 2670 ἐκείνων,
637 2607 748 2668 τοῖς
781 2603 988 2676 ἱερεῦσι
1017 2603 1243 2667 τούτους
1260 2603 1486 2674 ποίησον
1521 2599 1824 2672 φανερούς·

159 2697 359 2767 μᾶλλον
399 2693 457 2746 δὲ
502 2693 783 2764 ἀμήχανον
815 2695 896 2756 εἰς
924 2693 1198 2764 τοσαύτην
1229 2692 1406 2745 ἐλθεῖν
1438 2689 1828 2761 ἀναισχυντίαν

155 2784 372 2847 αὐτοὺς,
390 2782 533 2835 ὥστε
571 2782 1030 2853 ὲπιτιμωμένους,
1052 2781 1572 2854 παρακαλουμένους
1596 2781 1672 2852 μὴ
1693 2775 1829 2846 εἶξαι

152 2871 247 2926 καὶ
275 2869 432 2942 [590]
459 2869 796 2940 ὲντραπῆναι
831 2871 926 2923 καὶ
975 2869 1292 2939 καθυφῆναι
1322 2869 1421 2940 τῆς
1468 2869 1702 2922 ἀτάκτου
1735 2868 1830 2921 καὶ

154 2957 416 3027 παιδικῆς
447 2958 688 3028 χορείας.
723 2956 842 3010 Κᾶν
879 2956 1032 3022 δέκα,
1064 2956 1169 3010 κᾶν
1202 2960 1373 3027 τρεῖς,
1430 2956 1534 3010 κᾶν
1577 2955 1692 3017 δύο,
1723 2953 1828 3008 κᾶν

158 3051 246 3104 ἱνα
273 3045 547 3118 κερδάνῃς
577 3044 757 3114 μόνον,
775 3043 978 3113 πολλὴν
1001 3043 1179 3097 λαϐὼν
1212 3044 1496 3116 εἰσελεύσῃ
1531 3043 1629 3114 τὴν
1659 3043 1832 3113 ἐμπο-

166 3134 300 3203 ρίαν.
331 3131 480 3186 Πολύ
511 3131 610 3202 τῆς
636 3130 756 3184 ὀδοῦ
788 3131 850 3184 τὸ
887 3132 1061 3202 μῆκος
1080 3149 1094 3163 ·
1123 3129 1200 3202 τῷ
1237 3133 1402 3203 μήκει
1439 3131 1621 3183 τοίνυν
1655 3128 1832 3199 τούτῳ

163 3219 294 3290 πρὸς
328 3217 599 3288 συλλογὴν
632 3217 742 3269 τῶν
774 3216 1083 3287 εἰρημένων
1116 3214 1596 3287 ἀποχρησώμεθα·
1638 3214 1834 3285 θυμια-

161 3307 347 3378 μάτων
405 3306 776 3377 ἐμπλήσωμεν
829 3305 929 3375 τὴν
979 3304 1272 3376 λεωφόρον.
1326 3304 1460 3359 Οὐδὲ
1521 3303 1631 3375 γάρ
1689 3302 1832 3356 οὐτω

159 3395 333 3466 σεμνὴ
363 3396 612 3461 φανεῖται
641 3395 674 3463 ἡ
699 3392 836 3456 ὁδὸς,
873 3394 922 3445 εἰ
953 3392 1042 3446 διά
1075 3391 1257 3462 πάσης
1285 3391 1460 3461 αὐτῆς
1490 3389 1833 3462 θυμιατήριά

152 3495 239 3543 τις
265 3478 445 3542 τιθεὶς
479 3478 581 3549 τῆς
612 3477 841 3540 εὐωδίας
879 3476 1218 3548 ἀναχρώσειε
1240 3477 1332 3531 τὸν
1371 3476 1530 3548 ἀέρα,
1559 3477 1634 3540 ὼς
1658 3476 1831 3548 σεμνὴ

153 3568 416 3634 φανεῖται
466 3563 584 3628 νῦν,
621 3565 670 3618 εἰ
714 3564 917 3627 πάντες
964 3565 1012 3617 οἰ
1043 3565 1290 3635 τήμερον
1341 3562 1510 3634 αὐτὴν
1553 3562 1834 3627 ὁδεύοντες

149 3655 282 3718 τούς
309 3653 512 3717 ἄθλους
555 3652 656 3723 τῆς
700 3652 979 3724 μάρτυρος
1017 3652 1155 3723 πρὸς
1185 3653 1412 3716 ἑαυτοὺς
1444 3651 1833 3724 διηγούμενοι,

151 3739 432 3809 βαδίζοιεν
486 3739 708 3802 οίκαδε,
761 3738 1124 3809 θυμιατήριον
1177 3738 1278 3810 τὴν
1331 3737 1528 3792 ἑαυτοῦ
1587 3737 1833 3807 γλῶτταν

148 3825 394 3889 ικαστος
420 3823 614 3878 ποιῶν.
645 3825 758 3894 Οὐχ
789 3825 953 3897 ὁρᾶτε
985 3824 1251 3895 βασιλέως
1273 3824 1533 3889 εἰσιόντος
1553 3826 1634 3889 εἰς
1657 3823 1830 3890 πόλιν,

150 3916 280 3989 μεθ’
305 3918 446 3987 ὅσης
473 3915 729 3981 εὐταξίας
753 3917 802 3970 οί
838 3917 1169 3988 στρατιῶται
1194 3917 1469 3990 στοιχηδὸν
1493 3916 1834 3985 ἑκατέρωθεν

147 4003 606 4076 καθωπλισμένοι
659 4004 986 4074 βαδίζουσιν,
1021 4005 1284 4077 ἀλλήλους
1331 4004 1834 4075 παρακελευόμενοι

209 4105 380 4216 alii
401 4108 813 4174 αἰδεσιιωτέρους,
838 4110 921 4174 a'ji
942 4109 1228 4172 αἰδεσίμους.
1257 4108 1366 4158 Mox
1391 4108 1474 4157 alii
1499 4103 1833 4166 καθίκοιο,ειίίἱ

209 4206 212 4210 .
295 4184 425 4216 οιτο.

147 4184 425 4218 ιασικοιτο.

1032 299 1121 355 DE
1159 301 1216 356 S.
1259 295 1556 353 PELAGIA
1596 294 1879 351 VIRGINE
1921 294 2004 350 ΕΤ
2047 295 2384 352 ΜᾹΒΤΫΚΕ
2423 290 2655 349 HOMIL.
2703 294 2745 349 1.

3459 308 3563 363 58$
3597 323 3604 327 ’

1921 413 2137 484 ἡρέμα,
2192 413 2286 466 καὶ
2339 411 2479 484 μετά
2527 413 2693 483 φόϐου
2750 410 2946 466 πολλοῦ
2990 413 3222 484 χωρεῖν,
3276 412 3416 467 ὥστε
3469 417 3582 480 τοῖς

1923 500 2220 573 θεωροῦσιν
2246 501 2442 564 αὐτοὺς
2465 501 2767 567 ἀξιοθέατοι
2797 500 3077 571 φαίνεσθαι
3104 517 3119 566 ;
3153 500 3422 564 Ἐκείνους
3448 500 3582 571 γοῦν

1925 588 2321 661 μιμησὼμεθαο
2347 589 2441 643 καὶ
2469 590 2576 660 γὰρ
2598 590 2692 643 καὶ
2709 591 2870 660 ἡμεῖς
2888 588 3148 660 βασιλέως
3171 589 3582 663 προηγούμεθα,

1924 676 2190 747 βασιλέως
2242 677 2341 730 οὐκ
2395 676 2678 747 αἰσθητοῦ,
2720 679 2820 730 οὐκ
2853 679 3118 746 ἐπιγείου,
3152 677 3289 732 ἀλλά
3329 677 3424 732 τοῦ
3472 677 3584 732 τῶν

1923 765 2170 834 ἀγγέλων
2202 765 2493 818 Δεσπότου.
2523 763 2680 818 Οῦτω
2706 766 2886 818 τοίνυν
2915 763 3247 836 εἰσέλθωμεν
3275 766 3370 820 καὶ
3399 767 3582 837 ἡμεῖς,

1926 853 2042 922 μετ’
2070 853 2324 919 εὐταξίας
2359 851 2622 922 ἀλλήλους
2650 853 2678 891 b
2717 853 3215 924 παρακελευόμενοι
3269 854 3461 925 ῥυθμῷ
3490 855 3585 908 καὶ

1920 941 2068 1008 τάξει
2095 941 2429 1011 προϐαίνειν,
2464 941 2552 994 ἵνα
2583 940 2658 1011 μὴ
2689 939 2767 1010 τῷ
2801 940 2994 1012 πλήθει
3023 941 3204 1012 μόνον,
3241 941 3485 995 ἀλλὰκαὶ
3505 943 3584 1013 τῷ

1921 1030 2110 1099 κόσμῳ
2140 1030 2265 1092 τοὺς
2289 1027 2596 1098 θεωμένους
2623 1028 3004 1099 ὲκπλήξωμεν.
3054 1029 3307 1083 Μάλιστα
3335 1030 3434 1100 μὲν
3473 1031 3584 1102 γάρ

1928 1119 1974 1172 εἰ
2001 1134 2093 1170 και
2139 1116 2328 1186 μηδεὶς
2373 1115 2531 1178 ἄλλος
2567 1116 2774 1187 παρῆν,
2807 1115 2940 1168 ἀλλά
2977 1115 3126 1186 μόνοι
3154 1117 3297 1171 κατὰ
3323 1117 3423 1188 τὴν
3462 1118 3583 1172 ὁδὸν

1922 1203 2264 1273 ἐϐαδίζομεν,
2299 1203 2420 1257 οὐδὲ
2475 1202 2650 1266 οὕτως
2706 1203 3037 1275 ἀσχημονεῖν
3098 1205 3286 1276 ἐχρῆν,
3344 1205 3433 1260 διὰ
3491 1204 3584 1260 τὸν

1887 1335 1894 1346 .
1921 1292 2219 1364 ἀκοίμητον
2249 1291 2526 1362 ὀφθαλμὸν
2555 1291 2644 1345 τὸν
2679 1291 2956 1362 πανταχοῦ
2989 1293 3232 1362 παρόντα
3263 1293 3357 1346 καὶ
3402 1294 3583 1348 πάντα

1924 1378 2188 1448 βλέποντα
2209 1396 2221 1411 ο
2270 1378 2363 1433 νῦν
2401 1379 2458 1433 δὲ
2501 1380 2791 1450 ἐννοήσατε
2820 1380 2901 1432 ὅτι
2930 1378 3114 1432 πολλοὶ
3143 1378 3250 1432 τῶν
3293 1382 3584 1451 αἱρετικῶν

1923 1468 2060 1520 εἰσιν
2117 1467 2247 1536 ἡμῖν
2290 1465 2763 1536 ἀναμεμιγμένοι·
2824 1467 2927 1520 κᾶν
2983 1467 3164 1520 ἴδωσιν
3215 1469 3409 1538 ἡμᾶςο
3442 1467 3586 1521 οὕτω

1922 1554 2266 1626 χορεύοντας,
2303 1554 2597 1623 γελῶντας,
2633 1553 2890 1624 βοῶντας,
2924 1554 3244 1624 μεθύοντας,
3275 1555 3342 1608 τὰ
3384 1555 3587 1626 ἔσχατα

1923 1643 2456 1713 καταγνόντεςήμῶν
2483 1643 2895 1698 ἀπελεύσονται.
2912 1645 2974 1696 Εἰ
2995 1645 3049 1697 δὲ
3077 1644 3170 1698 ἕνα
3193 1663 3277 1708 τις
3304 1645 3588 1699 σκανδαλί-

1921 1731 2027 1795 ζων
2057 1730 2431 1801 ἀπαραίτητον
2466 1731 2727 1800 ὑπομένει
2771 1730 3013 1795 κόλασιν,
3041 1733 3088 1784 οί
3113 1731 3396 1794 τοσούτους
3424 1750 3588 1786 σκαν-

1918 1817 2246 1881 δαλίζοντες,
2277 1817 2435 1870 ποίαν
2464 1816 2709 1886 δώσομεν
2728 1817 2916 1886 δίκην;
2949 1815 3083 1870 ἀλλά
3115 1818 3189 1888 μὴ
3214 1817 3424 1886 γένοιτο
3449 1821 3587 1890 μετᾶ

1919 1905 2044 1966 τούς
2067 1903 2257 1970 λόγους
2275 1904 2496 1966 τούτους
2513 1904 2606 1956 καὶ
2633 1902 2725 1974 τὴν
2743 1904 3063 1974 παραίνεσιν
3081 1902 3285 1973 ταύτην
3302 1903 3589 1976 εὑρεθῆναί

1920 2006 2041 2042 τινα
2084 1990 2384 2044 ὑπεύθυνον
2423 1991 2554 2044 ὄντα
2581 1994 2692 2055 τοῖς
2721 1992 3050 2062 είρημένοις.
3097 1991 3162 2044 Εἰ
3202 1989 3311 2062 γάρ
3346 1992 3438 2044 καὶ
3482 1993 3590 2062 πρὸ

1920 2077 2112 2132 τούτου
2167 2078 2342 2133 ταῦτα
2395 2077 2724 2150 τολμώμενα
2773 2079 3134 2147 ἀσύγγνωστα
3172 2073 3261 2150 ἦν,
3313 2078 3451 2150 μετά
3487 2079 3589 2150 τὴν

1928 2165 2238 2238 συμϐουλὴν
2264 2165 2470 2238 ταύτην
2495 2168 2591 2220 κα)⁵
2619 2167 2719 2237 τὴν
2747 2166 3036 2237 ἐπίπληξιν
3067 2165 3246 2238 πολλῷ
3309 2166 3472 2221 πλέον
3528 2169 3592 2222 ἀς

1925 2254 2260 2325 παραίτητον
2313 2253 2571 2325 ποιεῖτὴν
2589 2253 2876 2325 τιμωρίαν,
2906 2255 3002 2308 καὶ
3039 2258 3148 2319 τοῖς
3177 2255 3317 2309 αὐτά
3345 2255 3590 2320 ποιοῦσι,

1926 2341 2158 2403 καὶτοῖς
2189 2339 2484 2412 περιορῶσι
2521 2340 2839 2410 γιγνόμενα.
2875 2341 2994 2394 Ἵνα
3033 2336 3126 2394 οὖν
3159 2340 3448 2403 κάκείνους
3491 2342 3591 2411 τῆς

1927 2426 2201 2489 κολάσεως
2231 2426 2602 2496 ἀπαλλάξητε,
2637 2428 2734 2482 καὶ
2760 2429 2887 2498 ὐμῖν
2912 2426 2938 2467 ιι
2969 2427 3189 2482 πλείονα
3220 2427 3594 2499 προξενήσητσ

1927 2515 2018 2568 τὸν
2041 2513 2250 2585 μισθὸν,
2285 2515 2636 2570 ἀντιλάϐεσθε
2659 2514 2758 2586 τῆς
2780 2515 2888 2570 τῶν
2917 2515 3159 2586 ἀδελφῶν
3179 2516 3288 2569 τῶν
3310 2514 3595 2586 ἡμετέρων

1930 2603 2285 2673 κηδεμονίας,
2327 2604 2407 2666 εἰς
2438 2603 2539 2674 τὴν
2565 2602 2830 2674 συλλογὴν
2861 2604 3060 2663 αὐτοὺς
3093 2603 3188 2657 καὶ
3213 2602 3312 2674 τὴν
3338 2603 3594 2673 διήγησιν

1929 2690 2037 2744 τῶν
2082 2691 2388 2762 εἰρημένων
2443 2691 2772 2762 ἐμϐάλλετε,
2810 2691 2898 2744 ἵνα
2935 2691 3025 2745 διά
3079 2692 3181 2761 τῆς
3235 2690 3356 2745 ὁδοῦ
3412 2692 3594 2762 πάσης

1935 2777 2330 2849 μελετήσαντες
2359 2779 2555 2844 ταῦτα,
2581 2781 2674 2832 καὶ⁵
2701 2782 2815 2841 τοῖς
2843 2777 2981 2832 οἴκοι
3010 2778 3224 2849 μείνασι
3254 2777 3350 2832 καὶ
3371 2778 3593 2846 ἀπολει-

1939 2864 2120 2933 φθεῖσι
2171 2865 2400 2936 λείψανα
2451 2866 2554 2936 τῆς
2599 2865 2881 2937 τραπέζης
2917 2865 3128 2936 ταύτης
3175 2865 3592 2934 ἀπενεγκόντες,

1931 2953 2191 3023 λαμπράν
2225 2955 2387 3007 κάκεῖ
2411 2955 2677 3025 ποιήσητε
2706 2953 2805 3025 τὴν
2841 2952 3099 3025 εὐωχίαν.
3141 2951 3298 3006 Οὐτω
3350 2953 3460 3023 γὰρ
3498 2953 3595 3006 καὶ

1930 3041 2031 3111 τῆς
2078 3041 2273 3111 ἑορτῆς
2320 3041 2526 3111 ταύτης
2559 3041 2826 3111 μεγίστην
2873 3041 3126 3110 αἴσθησιν
3165 3038 3466 3109 ληψόμεθα,
3499 3041 3598 3093 καὶ

1931 3126 2028 3198 τήν
2072 3128 2330 3200 μάρτυρα
2360 3129 2459 3200 τὴν
2481 3127 2640 3196 άγίαν
2670 3129 2748 3192 εἰς
2793 3128 3016 3182 πλείονα
3055 3125 3473 3197 ὲπισπασόμεθα
3508 3125 3600 3180 εῦ-

1932 3231 2104 3279 νοιαν,
2130 3215 2298 3285 τιμὴν
2325 3215 2423 3285 τὴν
2453 3214 2628 3284 ἀληθῆ
2660 3213 2928 3284 τιμῶντες
2976 3214 3166 3284 αὐτήν.
3216 3211 3322 3266 Τοῦ
3364 3212 3473 3284 γὰρ
3514 3214 3600 3265 ὲν-

1932 3298 2109 3353 ταῦθα
2133 3299 2544 3372 παραγενέσθαι
2584 3299 2678 3354 καὶ
2709 3300 3009 3371 θορυϐῆσαι
3040 3297 3226 3369 πολλῷ
3257 3296 3428 3370 μείζω
3458 3298 3597 3369 αὐτῇ

1932 3387 2031 3460 τὴν
2061 3389 2260 3461 ἡδονὴν
2288 3390 2423 3443 οῖσει
2457 3388 2518 3442 τὸ
2563 3388 3030 3461 καρπωσαμένους
3077 3389 3170 3442 καὶ
3216 3386 3601 3458 ὠφεληθέντας

1935 3477 2314 3549 πνευματικήν
2347 3494 2471 3532 τινα
2499 3475 2768 3545 ὠφέλειαν
2786 3475 3061 3530 ἀπελθεῖν.
3094 3475 3310 3529 Γένοιτο
3338 3475 3394 3528 δὲ
3417 3475 3603 3544 εὐχαῖς

1933 3567 2034 3635 τῆς
2084 3563 2245 3634 ἁγίας
2274 3564 2498 3637 ταύτης,
2546 3566 2640 3619 καὶ⁵
2671 3564 2781 3619 τῶν
2813 3565 2881 3619 τὰ
2914 3563 3056 3620 αὐτά
3084 3563 3398 3634 ἡθληκότων
3436 3563 3599 3635 αὐτῇ,

1934 3652 2029 3706 καὶ
2055 3651 2284 3716 τούτων,
2311 3654 2408 3707 καὶ
2434 3653 2542 3708 τῶν
2574 3653 2750 3708 ἄλλων
2795 3654 2905 3707 τῶν
2939 3650 3246 3724 εἰρημένων
3270 3651 3471 3723 ἀκριϐῆ
3506 3651 3605 3721 τὴν

1940 3740 2159 3811 μνήμην
2189 3741 2332 3810 ὑμᾶς
2362 3743 2676 3812 κατασχεῖν,
2731 3742 2826 3796 καὶ
2873 3740 2960 3794 διά
3003 3741 3114 3794 τῶν
3167 3740 3342 3812 ἔργων
3389 3739 3606 3793 ἅπαντα

1937 3825 2399 3897 ἐπιδειξαμένους,
2453 3830 2511 3880 ὲν
2558 3829 2724 3882 πᾶσιν
2759 3827 3189 3898 εὐαρεστοῦντας
3235 3826 3494 3880 διατελεῖν
3527 3825 3606 3897 τῷ

1937 3912 2076 3984 Θεῷ,
2131 3909 2174 3981 ᾧ
2229 3915 2262 3984 ἡ
2309 3913 2434 3980 δόξα
2481 3915 2578 3969 καὶ
2624 3915 2685 3968 τὸ
2731 3915 2930 3987 κράτος
2968 3917 3048 3979 εἰς
3093 3917 3216 3978 τούς
3265 3914 3466 3978 αἰῶνας
3494 3912 3605 3966 τῶν

1939 4017 2169 4054 αιωνων.
2223 4001 2418 4072 Ἀμήν.

2000 4101 2148 4166 13m
2172 4103 2418 4166 ἀλλήλους,
2441 4103 2525 4155 alii
2547 4106 2782 4166 ἀλλήλοις.

2941 4108 2964 4138 ⁶
2988 4104 3086 4158 Alii
3105 4109 3236 4169 ὑμᾶς

2001 4161 2030 4203 ἀ
2051 4165 2149 4215 Alii
2173 4161 2299 4228 ὐμῖν,
2325 4161 2413 4216 alii
2431 4167 2563 4232 ἡμῖν.
