4080 6196
558 468 858 479 ...ο-νυμφο-ο

1238 259 1289 314 S.
1329 258 1617 316 JUANNIS
1657 260 2158 318 CHRYSOSTOMI
2199 260 2524 316 ARClilEP.
2572 258 3126 316 CONSTANTINOI’.

3698 258 3797 313 535

3073 474 3430 483 __——_——-——
3439 475 3589 483 >——
3608 476 3750 486 -σι-ο

1441 713 1893 792 HOMILIA
1956 714 2032 793 ΙΙ
2093 712 2201 792 ΙΝ
2258 715 2342 792 S.
2402 716 2954 794 PELAGIAM.

613 1445 810 1516 Majore
847 1443 1058 1515 quidem
1097 1443 1307 1500 theatro
1333 1451 1518 1500 sancta
1543 1445 1694 1516 virgo
1723 1444 1934 1517 Pelagia
1962 1446 2121 1519 digna

541 1548 684 1594 esset
713 1555 728 1592 :
755 1552 946 1607 magna
985 1536 1127 1592 enim
1164 1535 1320 1606 hujus
1359 1535 1545 1606 puella:
1577 1538 1867 1592 certamina
1907 1541 2125 1595 exstite-

543 1641 665 1686 runt
687 1673 702 1696 ,
734 1631 804 1685 ob
845 1629 1002 1700 idque
1032 1628 1383 1695 copiosiorem
1419 1627 1609 1682 theatri
1650 1629 1998 1699 frequentiam
2037 1647 2123 1687 re-

540 1724 774 1794 quirunt.
807 1723 877 1776 At
905 1721 1033 1775 satis
1059 1719 1132 1774 illi
1156 1728 1329 1774 tamen
1351 1731 1432 1774 est
1451 1718 1712 1786 Christus,
1737 1721 1826 1790 qui
1854 1723 1996 1778 solus
2027 1738 2122 1789 pro

543 1817 688 1872 omni
719 1822 1035 1870 ornamento
1061 1812 1216 1884 hujus
1240 1813 1459 1883 virginis
1485 1813 1792 1884 panegyrim
1821 1830 1884 1869 ac
1910 1816 2122 1870 celebri-

544 1918 703 1963 tatem
721 1922 956 1977 prmsens
973 1913 1202 1960 exornat
1224 1920 1359 1974 :quo
1381 1905 1522 1958 enim
1546 1905 1662 1960 loco
1684 1905 1924 1960 Christus
1948 1909 2118 1976 adest,

543 2000 650 2053 illic
679 1999 918 2054 omnium
949 1996 1254 2066 angelorum
1276 1997 1472 2050 chorus
1499 2005 1692 2067 prmsto
1714 2005 1815 2052 est.
1845 1998 1912 2052 Et
1937 2015 2122 2054 omnes

541 2090 756 2158 quidem
803 2097 1069 2159 martyres
1111 2101 1206 2142 sua
1251 2102 1477 2156 corpora
1530 2089 1852 2144 cruciatibus
1902 2089 2120 2145 fortiora

542 2178 938 2248 praestiterunt,
982 2178 1051 2232 ob
1087 2177 1244 2247 idque
1280 2193 1528 2248 magnum
1556 2179 1821 2249 quoddam
1857 2181 2120 2236 theatrum

543 2270 800 2324 adversus
825 2268 1094 2323 diabolum
1121 2268 1220 2324 sibi
1251 2278 1604 2338 paraverunt,
1631 2284 1750 2324 cum
1781 2271 2122 2342 incorporeos

541 2361 763 2430 spiritus
797 2373 1024 2431 corpore
1057 2358 1174 2429 ipso
1213 2360 1616 2428 superaverint,
1642 2369 1695 2414 et
1718 2375 1932 2417 carnem
1973 2377 2123 2418 suam

542 2467 665 2506 cum
707 2448 848 2505 ferro
893 2449 1301 2506 contendentem
1347 2449 1558 2505 fortiter
1597 2450 1956 2508 exhibueriut.
1989 2451 2122 2509 Cum

546 2557 673 2599 vero
697 2541 856 2598 etiam
884 2540 1088 2610 puellas
1127 2541 1269 2610 ipsas
1295 2541 1449 2596 video
1481 2557 1578 2611 pro
1606 2542 1815 2597 Christo
1862 2545 2122 2602 crucifixo

469 2663 472 2666 ~
543 2633 679 2690 mori
707 2631 997 2703 gestientes
1019 2672 1036 2698 ,
1064 2639 1189 2686 tunc
1224 2631 1419 2686 diaboli
1451 2635 1801 2688 temeritatem
1839 2637 2008 2705 magis
2050 2637 2124 2691 ri-

543 2722 677 2790 deo,
697 2723 786 2794 qui
811 2738 934 2778 cum
959 2721 1217 2792 permulta
1242 2723 1559 2778 vaticinandi
1587 2723 1703 2778 loca
1728 2725 1829 2778 sibi
1857 2727 2124 2796 excogita-

541 2817 682 2873 verit
703 2856 722 2883 ,
746 2815 898 2886 quasi
939 2829 1027 2871 res
1055 2814 1258 2872 futuras
1285 2815 1338 2870 in
1368 2815 1471 2870 illis
1511 2816 1641 2886 ipsis
1676 2817 2123 2886 praenuntiaturus

539 2920 704 2978 esset,
727 2925 830 2964 non
857 2909 984 2963 lllud
1011 2908 1312 2978 praeviderit
1336 2923 1398 2964 ac
1420 2910 1729 2965 vaticinatus
1751 2910 1838 2977 sit,
1861 2920 2119 2980 quantum

537 3002 768 3058 dedecus
792 3040 808 3067 ,
835 3001 1024 3071 quovis
1049 3001 1160 3054 risu
1190 2999 1429 3070 dignum,
1461 2999 1722 3055 hodierno
1747 3001 1835 3055 die
1863 3016 2118 3071 passurus

538 3102 702 3150 esset.
748 3093 885 3160 Quid
923 3092 1066 3147 enim
1109 3094 1277 3162 magis
1319 3092 1594 3147 ridendum
1631 3093 1820 3162 aliquis
1859 3093 2097 3173 duceret,

538 3200 696 3255 quam
725 3185 863 3253 quod
904 3183 1062 3239 hodie
1089 3199 1276 3253 passus
1311 3194 1395 3239 est
1429 3184 1713 3239 diabolus?
1737 3185 1828 3255 qui
1864 3186 1986 3241 licet
2013 3187 2122 3241 vir-

538 3276 716 3345 ginem
742 3275 996 3330 irretitam
1022 3275 1258 3340 haberet,
1286 3289 1314 3327 a
1345 3274 1521 3343 praeda
1550 3285 1725 3329 tamen
1755 3277 1866 3346 ipsa
1898 3277 2116 3344 excidit,

541 3379 595 3423 et
623 3367 849 3437 puellam
875 3408 889 3433 ,
921 3383 1079 3437 quam
1120 3368 1510 3437 apprehendit,
1548 3377 1730 3423 tenere
1769 3384 1874 3422 non
1904 3371 2104 3447 potuit,

539 3461 692 3531 quasi
721 3460 959 3514 umbram
985 3501 999 3524 ,
1033 3475 1138 3512 non
1171 3459 1425 3528 virginem
1451 3499 1466 3524 ,
1495 3460 1954 3528 apprehendisset.
1985 3461 2116 3516 Nam

539 3569 660 3607 cum
707 3551 793 3606 illa
832 3551 1224 3620 simplicitatem
1253 3551 1512 3605 columba:
1540 3567 1662 3605 cum
1705 3553 1966 3621 serpentis
1998 3570 2121 3623 pru-

539 3645 716 3699 dentia
743 3643 1080 3713 conjunctam
1109 3642 1326 3697 haberet
1351 3683 1364 3707 ,
1399 3652 1454 3696 ut
1483 3643 1725 3698 columba
1755 3645 1968 3714 quidem
1993 3645 2120 3699 sim-

540 3738 660 3807 plex
686 3736 1070 3806 comprehensa
1101 3743 1182 3788 est
1211 3776 1225 3798 ,
1254 3733 1347 3789 sed
1379 3743 1435 3787 ut
1464 3735 1696 3805 prudens
1719 3749 1940 3805 serpens
1964 3735 2119 3791 tlile-

539 3831 616 3898 git
648 3845 662 3882 :
689 3828 928 3896 quamvis
969 3826 1112 3881 enim
1155 3836 1298 3880 esset
1333 3826 1715 3896 comprehensa
1740 3868 1754 3893 ,
1797 3828 1864 3883 de
1901 3829 2118 3885 victoria

543 3930 719 3975 tamen
765 3934 869 3974 non
913 3918 1218 3988 desperavit
1261 3934 1276 3984 ;
1318 3934 1492 3987 neque
1536 3919 1715 3976 animo
1751 3930 1843 3975 aut
1895 3923 2120 3977 consilio

544 4021 695 4080 capta
736 4009 874 4075 fuit,
921 4011 1047 4065 licet
1086 4024 1310 4080 corpore
1342 4009 1556 4065 detenta
1594 4008 1738 4066 eSset
1766 4029 1778 4065 :
1808 4012 1902 4068 sed
1952 4023 2120 4070 artem

541 4101 821 4171 quamdam
839 4089 998 4171 atque
1023 4101 1304 4156 consilium
1331 4102 1687 4176 excogitavit,
1718 4120 1822 4175 quo
1847 4120 2061 4170 eorum,
2089 4120 2120 4161 a

543 4192 736 4261 quibus
759 4191 1141 4261 comprehensa
1169 4191 1364 4259 fuerat,
1394 4195 1744 4252 temeritatem
1773 4196 2033 4262 eluderet,
2065 4207 2120 4253 et

544 4297 640 4337 eos
667 4292 932 4352 tamquam
979 4282 1220 4353 stupidos
1260 4283 1528 4340 redderet.
1575 4285 1685 4340 Sed
1725 4287 1974 4356 quidnam
2020 4287 2124 4344 hoc

546 4370 686 4426 fuit?
709 4372 778 4428 Se
797 4373 1076 4429 consilium
1098 4385 1332 4432 mutasse
1351 4376 1528 4447 puella
1557 4377 1824 4432 simulavit
1847 4393 1864 4432 :
1893 4377 2051 4448 idque
2078 4389 2137 4433 ut

543 4462 796 4518 credibile
833 4464 1122 4534 videretur,
1148 4468 1391 4537 quamvis
1417 4467 1469 4520 in
1501 4476 1663 4522 tantm
1693 4466 2055 4523 ﬂuctuationis
2083 4477 2137 4524 et

544 4553 809 4625 naufragii
839 4557 1076 4625 periculo
1104 4558 1392 4612 constituta
1418 4567 1596 4623 esset,
1628 4558 1779 4616 vultu
1811 4567 1984 4614 tamen
2019 4559 2134 4628 ipso

542 4645 859 4702 hilaritatem
907 4647 1252 4718 praeferebat.
1293 4649 1577 4718 Figmento
1621 4649 1782 4718 igitur
1819 4650 1910 4704 illo
1938 4651 2133 4707 milites

539 4738 700 4808 capti,
731 4747 785 4794 et
812 4740 996 4808 puellae
1029 4740 1297 4796 hilaritate
1321 4741 1552 4812 decepti,
1583 4741 1870 4798 humanius
1902 4744 1955 4797 in
1987 4743 2130 4798 illam

539 4843 598 4882 se
627 4845 816 4898 gerere
859 4841 1160 4900 coeperunt.
1194 4831 1332 4898 Qum
1351 4847 1470 4886 cum
1501 4831 1568 4888 ab
1598 4833 1729 4902 ipsis
1763 4835 2002 4904 petiisset
2027 4877 2040 4901 ,
2075 4843 2133 4889 ut

541 4919 741 4972 tamdiu
772 4920 956 4975 liceret
981 4922 1192 4989 abesse,
1216 4922 1389 4992 quoad
1416 4932 1666 4977 ornatum
1697 4938 1908 4994 sponsae
1934 4941 2131 4982 conve-

539 5008 771 5063 nieuleut
814 5010 1201 5067 sibiiudueret
1229 5053 1244 5080 ,
1285 5013 1444 5068 eundi
1487 5023 1804 5086 potestatem
1853 5000 2046 5072 milites
2079 5019 2131 5073 ei

539 5113 922 5158 concesserunt
953 5106 1180 5174 :quippe
1206 5107 1295 5176 qui
1318 5121 1379 5161 ea
1411 5123 1468 5162 re
1490 5123 1595 5162 non
1626 5109 1800 5163 solum
1831 5109 1904 5162 illi
1937 5110 2126 5180 virgini

537 5203 744 5262 gratum
779 5195 965 5254 facturi
997 5208 1198 5262 essent,
1229 5199 1321 5253 sed
1344 5199 1582 5254 futurum
1610 5202 1768 5254 etiam
1801 5203 2123 5271 cogitabant,

538 5295 593 5339 ut
629 5301 656 5340 a
694 5287 872 5356 judice
915 5288 1030 5358 ipso
1059 5289 1227 5359 magis
1257 5291 1615 5357 laudarentur,
1647 5293 1690 5346 si
1720 5293 1951 5362 puellam
1980 5285 2126 5350 reme

534 5387 776 5433 ornatam
805 5381 1102 5437 duxissent.
1132 5381 1220 5436 Illa
1250 5397 1376 5438 vero
1401 5383 1607 5437 consilii
1634 5383 1717 5438 sui
1739 5399 1958 5453 compos
1991 5385 2123 5440 facta

533 5472 711 5524 statim
739 5487 798 5526 se
817 5484 961 5528 reste
983 5475 1170 5539 induit,
1191 5491 1312 5545 quae
1332 5490 1458 5530 vere
1477 5477 1672 5532 decora
1694 5485 1794 5532 est.
1819 5477 1951 5532 Cum
1980 5479 2123 5534 enim

533 5560 693 5613 animi
725 5561 1034 5619 fortitudine
1062 5606 1077 5629 ,
1107 5573 1160 5620 et
1189 5567 1596 5621 resurrectionis
1625 5581 1720 5637 spe
1763 5569 1924 5622 multa
1956 5584 2015 5623 se
2046 5571 2124 5625 in-

533 5651 732 5710 duissct
758 5669 918 5726 atquc
945 5660 1341 5716 corroborasset
1367 5702 1380 5727 ,
1413 5659 1478 5715 ad
1511 5661 1674 5731 ipsius
1705 5662 1827 5717 tecti
1858 5658 2118 5732 fastigium

2210 1445 2478 1512 cucurrit,
2519 1455 2573 1500 et
2615 1443 2757 1498 illinc
2797 1444 3025 1514 seipsam
3066 1443 3389 1513 prmcipitem
3419 1443 3583 1498 dedit.
3617 1444 3802 1511 ις’ίιομιεξ

2210 1536 2469 1606 palaestra:
2494 1550 2660 1605 genus
2696 1535 2824 1590 illud
2852 1535 3028 1605 exegit
3053 1576 3068 1601 ,
3098 1535 3237 1604 quod
3269 1544 3326 1589 ut
3366 1551 3614 1606 magmnn
3640 1537 3797 1606 quid-

2213 1629 2354 1697 piam
2373 1625 2656 1695 aliquando
2677 1625 2918 1680 diabolus
2941 1626 3166 1680 Domino
3193 1625 3292 1695 ipsi
3320 1640 3616 1695 pr0ponere
3636 1641 3801 1680 ausus

2209 1717 2402 1785 fuerat,
2432 1733 2552 1772 cum
2579 1717 2708 1771 dixit
2743 1735 2756 1771 :
2789 1716 2848 1772 Si
2878 1716 3046 1771 Filius
3081 1716 3175 1770 Dei
3201 1734 3272 1783 es,
3314 1717 3451 1770 mitte
3491 1729 3539 1770 te
3566 1717 3802 1770 deorsum

2215 1809 2442 1882 (Matth.
2468 1811 2521 1865 4.
2549 1809 2642 1880 6).
2673 1809 2838 1879 Hujus
2866 1809 3056 1880 puella:
3083 1808 3239 1864 fidem
3267 1818 3319 1864 ct
3347 1809 3508 1862 animi
3537 1811 3805 1878 magnitu-

2213 1903 2392 1957 dinem
2421 1902 2577 1958 valde
2616 1903 2955 1972 obsthpcsco.
2987 1902 3120 1967 Quid
3162 1904 3304 1956 enim
3345 1913 3469 1956 tunc
3508 1901 3608 1954 alia
3649 1903 3802 1971 virgo

2211 2007 2393 2048 secum
2437 1993 2549 2062 ipsa
2599 2007 2703 2047 non
2750 1993 3082 2062 cogitasset?
3128 1992 3355 2047 Dixisset
3401 1992 3614 2062 quidem
3657 2009 3671 2045 :
3716 1993 3802 2046 Do

2212 2083 2471 2154 meipsam
2501 2099 2565 2138 ex
2596 2081 2698 2138 hoc
2727 2085 2846 2138 loco
2872 2083 3196 2154 praecipitem
3222 2125 3238 2150 ,
3266 2098 3385 2137 cum
3429 2083 3480 2136 id
3529 2084 3704 2137 facere
3733 2100 3803 2137 eo

2211 2176 2329 2247 ipso
2354 2185 2536 2230 coacta
2561 2175 2661 2230 sim
2691 2215 2706 2242 ,
2731 2176 2872 2246 quod
2903 2184 3144 2246 stuprum
3173 2185 3367 2230 metuo.
3399 2175 3688 2230 Laudabile
3717 2187 3805 2231 est

2216 2267 2546 2338 propositum
2575 2309 2591 2334 ,
2629 2267 2788 2322 modo
2817 2283 2998 2323 casum
3028 2267 3197 2338 ipsum
3229 2281 3373 2321 mors
3397 2278 3756 2336 consequatur
3785 2285 3799 2320 :

2214 2360 2457 2429 quamvis
2484 2357 2624 2413 enim
2647 2357 2698 2412 in
2729 2373 2816 2412 me
2847 2365 3106 2411 mortuam
3137 2357 3317 2412 hostes
3345 2355 3648 2410 debaccliati
3683 2355 3801 2410 fue-

2211 2450 2336 2516 rint,
2367 2451 2418 2505 id
2451 2459 2623 2506 tameu
2650 2465 2747 2522 ego
2773 2466 2875 2506 non
2909 2450 3166 2515 sentiam,
3199 2464 3389 2520 meque
3414 2449 3670 2504 insciente
3698 2451 3806 2506 hoc

2213 2540 2432 2596 facient.
2467 2541 2542 2598 Ac
2567 2543 2612 2598 si
2638 2541 2691 2596 in
2716 2551 2910 2596 terram
2931 2541 3130 2595 collisae
3153 2541 3391 2610 corporis
3417 2542 3652 2595 membra
3675 2557 3804 2609 per-

2213 2633 2377 2688 fracta
2407 2634 2631 2701 fuerint,
2660 2635 2835 2688 anima
2860 2647 2986 2690 vero
3028 2633 3080 2688 in
3125 2632 3376 2687 membris
3405 2632 3759 2703 permanserit
3785 2673 3806 2697 ,

2212 2728 2452 2800 corporis
2481 2727 2861 2798 turpitudinem
2888 2727 3113 2782 moleste
3141 2725 3319 2782 ferens
3348 2741 3410 2779 ac
3436 2725 3644 2792 dolens,
3671 2737 3809 2780 tunc

2213 2821 2555 2876 nihilominus
2583 2822 2650 2875 ad
2672 2822 2904 2892 judicem
2932 2821 3110 2887 ducta,
3138 2836 3199 2875 ea
3228 2821 3414 2890 patiar,
3445 2836 3562 2890 qua:
3585 2835 3808 2889 semper

2215 2913 2368 2969 timui
2402 2932 2414 2967 :
2449 2913 2659 2968 tradent
2697 2914 2837 2968 enim
2881 2923 3067 2983 stupro
3100 2927 3295 2980 corpus
3333 2912 3503 2981 ipsum
3546 2912 3806 2967 membris

2215 3003 2399 3058 laesum
2426 3046 2442 3072 ,
2471 3019 2534 3058 ac
2572 3019 2658 3060 me
2684 3004 2931 3058 violatam
2977 3003 3248 3058 dimittent
3281 3021 3294 3056 :
3323 3006 3503 3073 sicque
3531 3002 3805 3072 duplicem

2211 3098 2379 3154 feram
2395 3099 2772 3165 calamitatem,
2800 3108 2909 3153 tum
2934 3097 3206 3167 corporeis
3228 3097 3481 3152 membris
3509 3097 3652 3159 laesa,
3684 3106 3805 3151 tum

2211 3193 2514 3263 virginitate
2552 3193 2793 3262 spoliata.
2841 3192 2965 3246 Haec
3016 3191 3146 3246 satis
3191 3190 3404 3261 quidem
3451 3189 3714 3255 fuissent,
3746 3201 3810 3246 ut

2212 3282 2369 3336 aliam
2413 3283 2642 3351 puellam
2682 3283 3068 3352 perturbarent.
3106 3283 3176 3335 At
3214 3282 3299 3334 illa
3331 3282 3401 3338 ita
3439 3283 3640 3337 conlisa
3673 3291 3762 3336 est
3787 3324 3806 3350 ,

2213 3374 2364 3443 quasi
2392 3373 2512 3427 finis
2543 3375 2706 3443 ipsius
2730 3388 3040 3442 sponsorem
3067 3373 3294 3442 aliquem
3321 3372 3542 3427 haberet
3567 3390 3582 3425 :
3612 3373 3681 3426 ob
3711 3372 3806 3426 id-

2213 3480 2319 3534 que
2348 3475 2592 3534 prompto
2627 3466 2804 3519 animo
2844 3465 2909 3519 ad
2936 3481 3056 3520 eum
3083 3480 3264 3520 casum
3296 3464 3580 3522 festinavit.
3615 3464 3810 3534 Itaque

2214 3556 2404 3625 puellm
2432 3566 2485 3609 et
2515 3556 2728 3625 virginis
2760 3555 3066 3610 fortitudine
3093 3565 3249 3625 atque
3287 3555 3468 3608 animo
3508 3555 3598 3608 illo
3627 3555 3810 3608 vietus

2213 3660 2272 3701 es
2296 3687 2311 3714 ,
2339 3646 2566 3702 diabole.
2593 3648 2721 3714 Quae
2747 3648 2886 3701 enim
2920 3647 3142 3700 Domino
3170 3646 3268 3715 ipsi
3292 3647 3421 3700 olim
3451 3645 3804 3715 preposuisti,

2215 3727 2284 3782 ad
2309 3743 2369 3783 ea
2401 3730 2572 3799 puella
2598 3731 2837 3801 quaedam
2864 3774 2878 3798 ,
2905 3731 3018 3803 ejus
3044 3730 3266 3798 famula,
3299 3741 3353 3786 te
3382 3732 3679 3800 provocavit
3701 3773 3716 3796 ,
3747 3742 3813 3786 et

2214 3817 2281 3872 ad
2313 3821 2436 3874 tecti
2467 3805 2730 3892 fastigium
2770 3837 3074 3890 accurrens,
3109 3821 3254 3876 illine
3297 3821 3528 3890 seipsam
3562 3821 3809 3890 jaculata

2214 3919 2296 3966 est
2327 3928 2340 3964 :
2372 3927 2600 3984 cumque
2637 3930 2668 3969 a
2708 3914 2886 3984 judice
2930 3924 3113 3969 vocata
3152 3922 3334 3980 esset,
3379 3912 3471 3967 tibi
3501 3953 3515 3976 ,
3554 3912 3644 3981 qui
3697 3912 3820 3968 hoc

2213 4004 2518 4073 suggessisti
2538 4047 2553 4072 ,
2585 4020 2691 4060 non
2720 4006 3140 4076 obtemperavit,
3185 4020 3357 4074 neque
3385 4002 3662 4059 subdolam
3695 4018 3812 4072 pu-

2212 4108 2370 4164 gnam
2409 4097 2571 4151 subiit
2601 4113 2616 4150 :
2647 4098 2794 4153 novit
2821 4099 2962 4153 enim
2991 4107 3236 4153 versutas
3265 4095 3617 4167 cogitationes
3644 4104 3774 4148 tuas
3800 4113 3817 4148 :

2213 4199 2334 4240 cum
2368 4201 2512 4257 sazpe
2557 4188 2789 4258 virgines
2835 4189 2975 4258 ipsas
3016 4187 3083 4244 ad
3122 4187 3362 4256 judices,
3413 4196 3680 4256 tamquam
3735 4186 3818 4240 ad

2212 4276 2418 4348 ﬂagella
2454 4279 2762 4349 excipienda
2789 4319 2805 4346 ,
2837 4294 3029 4335 vocare
3074 4279 3250 4334 seleas
3278 4294 3292 4343 ;
3321 4287 3501 4348 postea
3529 4292 3653 4332 vero
3681 4281 3825 4332 sine

2213 4386 2388 4441 pugna
2425 4371 2489 4425 iis
2507 4412 2524 4438 ,
2552 4372 2642 4441 qui
2673 4385 2906 4442 pugnare
2934 4371 3252 4438 subierunt,
3283 4369 3526 4425 acerbius
3553 4367 3828 4423 detentas

2213 4466 2382 4536 cjicis.
2406 4467 2476 4520 At
2495 4466 2541 4521 si
2562 4481 2686 4522 vere
2699 4465 2764 4520 ad
2785 4481 3013 4536 pugnam
3034 4466 3115 4519 vel
3134 4465 3199 4520 ad
3226 4464 3394 4520 stadia
3417 4463 3644 4533 puellam
3676 4478 3829 4529 pro-

2213 4573 2393 4626 vocas,
2420 4559 2745 4630 congredere
2771 4574 2912 4614 nuuc
2930 4574 3050 4615 cum
3079 4558 3167 4612 illa
3191 4574 3221 4612 e
3249 4566 3388 4611 tecto
3410 4570 3470 4610 se
3493 4554 3826 4623 dejicieme.

2212 4665 2437 4722 eamque
2473 4652 2617 4707 illinc
2643 4651 2971 4706 decidentem
3003 4650 3239 4705 sustine:
3271 4647 3468 4702 audeas
3505 4656 3696 4700 contra
3757 4647 3837 4700 il-

2213 4743 2317 4798 lam
2343 4753 2506 4809 stare,
2534 4753 2588 4799 et
2607 4743 2905 4814 palaestram
2928 4740 3178 4812 experiri.
3201 4739 3385 4794 Excita
3408 4752 3840 4809 quamcumque

2212 4836 2344 4892 velis
2369 4837 2637 4890 astutiam.
2667 4834 2840 4890 Habes
2867 4842 3063 4889 terram
3091 4847 3186 4901 pro
3211 4846 3402 4901 pugna:
3424 4844 3617 4899 eampo
3637 4847 3651 4882 :
3674 4845 3850 4898 urge

2213 4944 2355 4983 nunc
2378 4927 2580 4998 gladios
2609 4927 2770 4997 ipsos,
2803 4935 2862 4980 ut
2889 4933 3114 4982 mortem
3146 4922 3375 4985 inferas;
3404 4921 3700 4975 substerne
3737 4922 3851 4974 in-

2212 5022 2534 5077 terficiendis
2559 5020 2862 5075 hominibus
2891 5018 3022 5073 dura
3049 5017 3210 5072 cmdis
3240 5017 3630 5077 instrumenta;
3681 5029 3860 5080 para

2211 5114 2475 5170 decidenti
2505 5113 2693 5184 puella:
2734 5111 3169 5167 contractionem.
3213 5107 3410 5162 Omnes
3445 5106 3589 5159 enim
3630 5121 3863 5171 quan-

2214 5209 2406 5263 tumvis
2446 5207 2717 5261 abstrusas
2760 5212 2919 5272 atque
2960 5201 3166 5256 abditas
3214 5207 3356 5253 artes
3387 5207 3505 5250 tuas
3534 5197 3696 5250 velut
3755 5201 3873 5255 in-

2211 5301 2544 5356 firmissimas
2571 5299 2657 5353 illa
2687 5297 2996 5367 superavit:
3021 5292 3265 5363 quodque
3294 5291 3466 5360 majus
3492 5299 3596 5353 est,
3630 5306 3880 5364 neque

2212 5392 2340 5448 illud
2386 5407 2416 5446 a
2457 5393 2565 5446 Deo
2598 5389 2814 5458 exegit,
2844 5386 2985 5457 quod
3025 5386 3279 5454 scriptum
3309 5392 3392 5437 est
3422 5401 3434 5435 :
3462 5381 3685 5452 Angelis
3745 5389 3888 5442 tuis

2212 5483 2400 5538 manda
2428 5483 2490 5537 de
2515 5497 2593 5535 me
2613 5522 2628 5545 ,
2668 5479 2910 5543 Domine,
2942 5493 3004 5530 ne
3034 5491 3256 5544 unquam
3286 5472 3542 5539 o/fcndam
3569 5471 3638 5523 ad
3688 5474 3892 5546 (api-

2213 5576 2325 5629 dem
2356 5591 2538 5645 corpus
2565 5589 2726 5627 meum
2751 5570 2912 5642 (Luc.
2945 5570 2997 5622 4.
3031 5568 3120 5622 10.
3153 5567 3237 5637 ll)
3270 5585 3282 5619 :
3315 5565 3408 5619 sed
3443 5565 3491 5618 id
3525 5565 3707 5633 petiit
3745 5611 3770 5633 ,

2215 5663 2378 5722 animi
2408 5667 2714 5739 hrmcipcrct
2746 5672 2861 5732 post
2889 5677 3066 5715 casum
3102 5660 3270 5728 igmun
3302 5674 3330 5707 c
3361 5672 3582 5727 carpere
3626 5658 3853 5721 disce
3875 5697 3888 5704 ι

3811 5582 3896 5629 ιιι
