4080 6196
326 290 436 348 585

312 389 464 444 dere.
491 387 537 444 Ο
565 393 800 458 puellam
824 429 841 456 ,
886 403 1082 458 genere
1110 388 1323 460 quidem
1354 399 1408 446 et
1441 405 1571 446 sexu
1612 392 1860 448 feminam
1887 435 1902 462 ,

293 484 492 559 animo
515 491 694 537 autem
733 483 850 552 ipso
883 483 1116 538 marem!
1150 498 1184 538 o
1209 484 1465 554 virginem
1493 485 1698 544 duobus
1724 489 1903 542 nomi-

213 609 222 617 -
311 575 470 629 nibus
498 573 880 640 extollendam,
906 574 1048 646 quod
1075 575 1126 629 in
1153 575 1415 646 virginum
1445 592 1605 647 grege
1629 619 1643 643 ,
1674 587 1730 632 et
1756 579 1899 631 mar-

312 677 489 736 tyrum
518 664 686 725 choro
714 675 990 720 numerata
1017 665 1131 722 sis!
1170 680 1204 722 ο
1245 667 1472 739 puellam
1513 669 1583 722 ita
1624 669 1901 724 continen-

309 765 440 821 tem,
467 765 521 811 ut
549 769 721 826 neque
747 765 963 825 aspectu
985 754 1198 825 quidem
1230 755 1345 827 ipso
1361 755 1567 812 fruendi
1599 757 1900 815 facultatem

308 849 664 918 intemperata
678 846 843 917 judici
863 847 1180 917 praebueris!
1205 847 1371 918 llujus
1392 847 1550 918 igitur
1569 848 1757 917 puellae
1777 858 1903 904 tem-

309 939 603 1009 perantiam
629 948 685 993 et
711 954 809 994 nos
834 939 1127 1000 imitemur,
1156 948 1211 994 et
1232 949 1414 994 contra
1437 941 1732 1010 voluptates
1759 942 1900 1012 ipsas

307 1031 543 1087 victoria:
582 1041 781 1102 trop:ea
821 1033 1136 1104 erigamus;
1177 1032 1572 1087 incontinentiae
1608 1043 1768 1105 atque
1815 1035 1896 1089 in-

1217 287 1286 344 IN
1325 289 1381 347 S.
1422 289 1755 348 IGNATIUM
1802 289 2211 345 MAi‘iTYREM.
2252 317 2317 330 ~—
2355 287 2690 345 MONITUM.

3445 293 3550 350 586

1997 392 2062 444 ad
2096 390 2341 460 pietatem
2374 390 2692 445 servandam
2724 391 3169 456 corroboremus;
3197 391 3402 461 judiccs
3436 395 3578 462 ipsos

1996 498 2027 537 a
2069 482 2444 538 teutntiouibus
2490 482 2898 536 submmeamus
2922 521 2937 546 ,
2970 491 3024 537 et
3061 497 3181 535 cum
3218 493 3575 552 Opportunum

1995 586 2094 639 cst,
2126 590 2230 628 non
2256 573 2512 644 abiectos,
2542 573 2636 629 sed
2661 573 2888 628 audaces
2918 589 3014 628 nos
3045 582 3358 644 praestemus
3382 592 3396 641 ;
3427 574 3578 630 deni-

1994 681 2097 738 que
2128 665 2363 722 membra
2393 675 2597 731 nostra,
2625 681 2744 737 qua:
2769 675 2891 724 sunt
2920 682 3080 736 super
3105 675 3320 732 terram,
3349 669 3580 724 mortifi-

1994 775 2176 816 cemus
2199 802 2214 827 ,
2245 769 2301 816 ut
2328 759 2582 814 Dominus
2613 761 2723 830 ipse
2756 760 2854 814 hoc
2886 759 3082 816 humile
3108 775 3303 830 corpus
3337 770 3580 819 nostrum

1994 852 2096 906 tale
2124 851 2328 916 reddat,
2351 861 2405 906 et
2425 851 2477 905 in
2501 865 2620 905 eam
2649 850 3006 906 conditionem
3037 853 3338 920 transferat,
3373 863 3430 908 ut
3455 869 3578 908 cor»

1992 945 2136 1012 poris
2169 943 2252 997 sui
2281 942 2503 996 formam
2531 957 2651 996 cum
2679 957 2743 999 eo
2769 943 3125 998 communicet
3153 961 3166 998 :
3195 944 3280 1000 cui
3309 945 3379 1000 sit
3405 944 3572 1017 gloria

1990 1046 2045 1092 et
2073 1036 2376 1106 imperium,
2407 1036 2459 1090 iu
2484 1035 2695 1090 smcula.
2725 1037 2916 1090 Amen.

308 1125 677 1196 temperantiae
714 1123 971 1195 impetum
1004 1124 1312 1196 frangamus
1336 1167 1351 1194 ,
1381 1134 1435 1180 et
1463 1127 1697 1181 animum
1728 1127 1894 1197 ipsum

1706 1676 2204 1756 MONITUM

1049 1851 1149 1914 AD
1191 1851 1571 1913 HOMILIAM
1612 1852 1690 1912 IN
1748 1852 1809 1912 S.
1867 1853 2241 1915 IGNATIUM
2279 1856 2837 1938 THEOPHORUM.

380 2010 536 2084 [592]
574 2010 730 2067 Hanc
753 2007 1035 2066 bomiliam
1067 2006 1372 2062 Antiochiae
1408 2006 1599 2062 habuit
1624 2007 2048 2078 Chrysostomus
2096 2011 2284 2081 paucis
2323 2024 2447 2083 post
2475 2014 2806 2071 Concionem
2854 2017 2909 2071 in
2946 2016 3002 2071 S.
3033 2016 3304 2088 Pelagiau.
3354 2019 3570 2079 diebus.

304 2106 387 2160 De
415 2121 560 2160 anno
581 2119 651 2159 ne
687 2102 1001 2173 conjectura
1025 2100 1243 2171 quidem
1273 2087 1490 2171 quidvis
1522 2107 1762 2154 statuere
1809 2115 2124 2170 possumus,
2160 2117 2284 2156 cum
2321 2104 2470 2159 nulla
2509 2105 2638 2160 hinc
2661 2107 2922 2178 temporis
2951 2116 3078 2162 nota
3105 2087 3222 2164 erui
3254 2111 3444 2179 possit.
3473 2109 3575 2168 Fc-

305 2211 455 2258 stum
485 2199 544 2254 S.
585 2197 778 2270 lgnatii
809 2197 1113 2253 celebratur
1139 2195 1281 2270 apud
1311 2195 1468 2250 nos]
1505 2194 1809 2262 Februarii,
1841 2197 1987 2268 apud
2019 2197 2240 2254 Graecos
2273 2209 2458 2255 autem
2491 2202 2755 2270 vigesima
2796 2203 2885 2259 die
2915 2203 3246 2261 Decembris.
3279 2204 3418 2272 Quia
3446 2222 3577 2262 vero

304 2306 375 2346 ea
410 2291 530 2360 ipsa
557 2289 675 2345 dies
699 2288 772 2342 90
818 2285 1132 2342 Decembris
1161 2293 1383 2340 notatur
1416 2284 1660 2340 etiamin
1705 2284 1834 2340 Mss.
1887 2286 2289 2356 antiquissimis
2314 2328 2328 2352 ,
2379 2290 2676 2346 verisimile
2707 2307 2934 2361 prorsus
2961 2291 3174 2349 videtur
3201 2309 3264 2350 ea
3306 2295 3425 2364 ipsa
3487 2296 3578 2351 die

309 2385 554 2440 habitam
581 2383 748 2440 fuisse
767 2383 912 2438 hanc
936 2380 1218 2438 homiliam
1253 2399 1266 2436 :
1302 2395 1412 2437 non
1446 2389 1627 2435 autem
1669 2381 1734 2436 17
1773 2381 2108 2449 Decembris,
2138 2400 2246 2454 qua
2277 2385 2366 2440 die
2417 2388 2702 2443 translatio
2734 2390 2854 2460 ejus
2903 2389 3209 2445 celebratur
3243 2392 3298 2446 in
3330 2392 3577 2449 Ecclesia

311 2478 585 2544 Romana,
620 2487 681 2533 ut
710 2484 858 2532 recte
887 2483 1043 2530 notat
1078 2475 1284 2530 Fronto
1319 2474 1571 2542 Ducaaus,
1601 2475 1697 2545 qui
1747 2483 1859 2531 tres
1887 2476 2009 2545 ejus
2042 2478 2427 2536 translationes
2449 2494 2885 2550 commemorat,
2951 2483 3183 2553 primam
3251 2500 3360 2556 qua
3405 2485 3578 2542 Roma

307 2573 678 2636 Antiochiam,
721 2580 782 2627 ut
827 2571 1139 2642 putabatur,
1181 2585 1214 2624 a
1259 2569 1542 2639 discipulis
1575 2570 1668 2641 qui
1721 2569 1841 2640 ejus
1873 2580 1995 2626 acta
2027 2573 2387 2642 scripserunt,
2445 2572 2707 2644 Reliquiae
2737 2574 2855 2645 ejus
2909 2577 3187 2632 translatae
3239 2585 3406 2632 sunt:
3451 2592 3578 2632 nam

307 2669 705 2738 Chrysostomo
735 2665 788 2719 in
818 2665 920 2720 hac
942 2663 1171 2719 bomilia
1199 2671 1364 2733 atque
1384 2663 1716 2736 Hieronymo
1750 2665 2002 2728 testibus,
2036 2681 2164 2721 ossa
2195 2666 2316 2735 ejus
2363 2667 2666 2723 Antiochia:
2688 2669 3067 2738 quiescebant,
3098 2680 3150 2724 et
3173 2669 3393 2739 quidem
3423 2681 3578 2726 extra

315 2772 529 2834 portam
575 2761 948 2832 Daphniticam
1008 2761 1063 2815 in
1093 2761 1443 2830 Cmmeterio,
1473 2762 1547 2816 ait
1601 2761 1968 2835 Hieronymus
2014 2765 2082 2818 de
2111 2763 2484 2834 Scriptorihus
2529 2765 2956 2822 Ecclesiasticis.
3004 2767 3253 2823 Secunda
3295 2769 3580 2824 translatio

313 2861 325 2911 i
356 2866 616 2929 operante
641 2854 948 2911 Theodosio
987 2855 1029 2910 ll
1081 2855 1222 2912 facta
1253 2863 1356 2920 est,
1410 2871 1536 2910 cum
1567 2855 1686 2924 ejus
1713 2856 1870 2926 jussu
1926 2872 1992 2911 ex
2040 2857 2366 2912 Ceemeterio
2398 2859 2453 2912 in
2507 2860 2768 2930 templum
2798 2859 3056 2915 Fortunae
3085 2861 3204 2931 ejus
3233 2876 3360 2918 ossa
3393 2873 3576 2918 trans-

314 2954 421 3006 lata
477 2959 624 3015 sunt,
650 2960 704 3006 et
725 2949 986 3021 templum
1019 2950 1148 3005 olim
1193 2949 1534 3006 daemonibus
1583 2951 1846 3016 dicatum,
1904 2951 2127 3023 Martyri
2177 2961 2560 3008 consecratum
2594 2964 2696 3020 est,
2761 2954 2942 3024 inquit
2985 2952 3270 3025 Evagrius.
3329 2953 3575 3011 Tertiam

315 3043 729 3098 translationem
753 3042 1041 3098 Antiochia
1071 3042 1300 3099 Romam
1323 3053 1591 3100 memorat
1616 3043 2066 3117 Martyrologium
2095 3046 2426 3115 Romanum,
2453 3061 2577 3103 cum
2628 3047 2683 3102 in
2707 3047 2940 3104 ecclesia
2965 3046 3024 3104 S.
3061 3048 3360 3106 Clementis
3384 3063 3580 3105 recon—

317 3138 428 3190 dita
466 3145 613 3191 sunt.

386 3230 890 3300 Interpretationcm
921 3231 1202 3291 Francisci
1225 3232 1343 3288 Zini
1375 3234 1578 3306 passim
1605 3235 1946 3290 emendatam
1985 3251 2014 3292 c
2044 3234 2263 3304 regione
2292 3234 2466 3291 Graeci
2501 3244 2680 3293 textus
2698 3235 2931 3292 edimus.
