  <div class='ocr_page' id='page_1' title='image "/cluster/home/n/w/nwhite01/storage/ocr_20150623/50/hvd.32044069618742/185.png"; bbox 0 0 4080 6196; ppageno 0'>
   <div class='ocr_carea' id='block_1_1' title="bbox 450 314 553 369">
    <p class='ocr_par' dir='ltr' id='par_1_1' title="bbox 450 314 553 369">
     <span class='ocr_line' id='line_1_1' title="bbox 450 314 553 369; baseline -0.029 0"><span class='ocrx_word' id='word_1_1' title='bbox 450 314 553 369; x_wconf 74' lang='lat'><strong>587</strong></span> 
     </span>
    </p>
   </div>
   <div class='ocr_carea' id='block_1_2' title="bbox 1154 292 2966 361">
    <p class='ocr_par' dir='ltr' id='par_1_2' title="bbox 1154 292 2966 361">
     <span class='ocr_line' id='line_1_2' title="bbox 1154 292 2966 361; baseline -0.008 0"><span class='ocrx_word' id='word_1_2' title='bbox 1154 304 1213 361; x_wconf 87' lang='lat' dir='ltr'><strong>S.</strong></span> <span class='ocrx_word' id='word_1_3' title='bbox 1253 300 1528 360; x_wconf 77' lang='lat' dir='ltr'><strong>JOANNIS</strong></span> <span class='ocrx_word' id='word_1_4' title='bbox 1567 293 2034 356; x_wconf 80' lang='lat' dir='ltr'><strong>CllRYSOSTOMI</strong></span> <span class='ocrx_word' id='word_1_5' title='bbox 2075 292 2394 348; x_wconf 80' lang='lat' dir='ltr'><strong>ARCHIEP.</strong></span> <span class='ocrx_word' id='word_1_6' title='bbox 2435 292 2966 350; x_wconf 76' lang='lat' dir='ltr'><strong>CONSTANTINOP.</strong></span> 
     </span>
    </p>
   </div>
   <div class='ocr_carea' id='block_1_3' title="bbox 3609 288 3714 344">
    <p class='ocr_par' dir='ltr' id='par_1_3' title="bbox 3609 288 3714 344">
     <span class='ocr_line' id='line_1_3' title="bbox 3609 288 3714 344; baseline 0.029 -4"><span class='ocrx_word' id='word_1_7' title='bbox 3609 288 3714 344; x_wconf 73' lang='grc'><strong>588</strong></span> 
     </span>
    </p>
   </div>
   <div class='ocr_carea' id='block_1_4' title="bbox 487 427 3699 464">
    <p class='ocr_par' dir='ltr' id='par_1_4' title="bbox 487 427 3699 464">
     <span class='ocr_line' id='line_1_4' title="bbox 487 427 3699 464; baseline -0.007 0"><span class='ocrx_word' id='word_1_8' title='bbox 487 427 3699 464; x_wconf 56' lang='lat' dir='ltr'><strong>Mm</strong></span> 
     </span>
    </p>
   </div>
   <div class='ocr_carea' id='block_1_5' title="bbox 1208 507 2876 603">
    <p class='ocr_par' dir='ltr' id='par_1_5' title="bbox 1208 507 2876 603">
     <span class='ocr_line' id='line_1_5' title="bbox 1208 507 2876 603; baseline -0.007 0"><span class='ocrx_word' id='word_1_9' title='bbox 1208 519 1331 603; x_wconf 87' lang='lat' dir='ltr'><strong>IN</strong></span> <span class='ocrx_word' id='word_1_10' title='bbox 1404 518 1492 601; x_wconf 92' lang='lat' dir='ltr'><strong>S.</strong></span> <span class='ocrx_word' id='word_1_11' title='bbox 1548 510 2211 598; x_wconf 79' lang='lat' dir='ltr'><strong>MARTYREM</strong></span> <span class='ocrx_word' id='word_1_12' title='bbox 2282 507 2876 595; x_wconf 88' lang='lat' dir='ltr'><strong>IGNATIUM</strong></span> 
     </span>
    </p>
   </div>
   <div class='ocr_carea' id='block_1_6' title="bbox 450 684 3714 760">
    <p class='ocr_par' dir='ltr' id='par_1_6' title="bbox 450 684 3714 760">
     <span class='ocr_line' id='line_1_6' title="bbox 450 684 3714 760; baseline -0.005 -9"><span class='ocrx_word' id='word_1_13' title='bbox 450 703 804 760; x_wconf 71' lang='lat' dir='ltr'><strong>DEIFERUM,</strong></span> <span class='ocrx_word' id='word_1_14' title='bbox 837 699 1071 747; x_wconf 65' lang='grc' dir='ltr'><strong>ΜΔΘΙΙΒ</strong></span> <span class='ocrx_word' id='word_1_15' title='bbox 1100 693 1459 740; x_wconf 70' lang='lat' dir='ltr'><strong>ANTIOCHIE</strong></span> <span class='ocrx_word' id='word_1_16' title='bbox 1505 686 2047 735; x_wconf 75' lang='lat' dir='ltr'><strong>ARCHIEPISCOPUM</strong></span> <span class='ocrx_word' id='word_1_17' title='bbox 2077 684 2304 730; x_wconf 73' lang='lat' dir='ltr'><strong>ROMAM</strong></span> <span class='ocrx_word' id='word_1_18' title='bbox 2333 686 2701 742; x_wconf 76' lang='lat' dir='ltr'><strong>ABDUCTUM,</strong></span> <span class='ocrx_word' id='word_1_19' title='bbox 2748 686 2966 740; x_wconf 70' lang='lat' dir='ltr'><strong>IBIQUB</strong></span> <span class='ocrx_word' id='word_1_20' title='bbox 2993 686 3323 732; x_wconf 71' lang='lat' dir='ltr'><strong>MARTYRIO</strong></span> <span class='ocrx_word' id='word_1_21' title='bbox 3352 687 3714 747; x_wconf 65' lang='grc' dir='ltr'><strong>ΔΠΒΩΊὌΜ,</strong></span> 
     </span>
    </p>
   </div>
   <div class='ocr_carea' id='block_1_7' title="bbox 1002 769 3175 851">
    <p class='ocr_par' dir='ltr' id='par_1_7' title="bbox 1002 769 3175 851">
     <span class='ocr_line' id='line_1_7' title="bbox 1002 769 3175 851; baseline -0.005 -11"><span class='ocrx_word' id='word_1_22' title='bbox 1002 794 1209 848; x_wconf 73' lang='lat' dir='ltr'><strong>ATQUE</strong></span> <span class='ocrx_word' id='word_1_23' title='bbox 1253 792 1404 837; x_wconf 70' lang='lat' dir='ltr'><strong>mne</strong></span> <span class='ocrx_word' id='word_1_24' title='bbox 1448 789 1688 833; x_wconf 79' lang='lat' dir='ltr'><strong>nunsus</strong></span> <span class='ocrx_word' id='word_1_25' title='bbox 1732 784 2128 832; x_wconf 73' lang='lat' dir='ltr'><strong>m&#39;rtocauu</strong></span> <span class='ocrx_word' id='word_1_26' title='bbox 2171 784 2615 844; x_wconf 56' lang='lat' dir='ltr'><strong>mansurum,</strong></span> <span class='ocrx_word' id='word_1_27' title='bbox 2661 786 2981 831; x_wconf 57' lang='lat' dir='ltr'><strong>“unum</strong></span> <span class='ocrx_word' id='word_1_28' title='bbox 3011 773 3027 804; x_wconf 87' lang='grc'>¹</span> <span class='ocrx_word' id='word_1_29' title='bbox 3064 769 3175 851; x_wconf 86' lang='grc' dir='ltr'><strong>(α).</strong></span> 
     </span>
    </p>
   </div>
   <div class='ocr_carea' id='block_1_8' title="bbox 1892 930 2264 987">
    <p class='ocr_par' dir='ltr' id='par_1_8' title="bbox 1892 930 2264 987">
     <span class='ocr_line' id='line_1_8' title="bbox 1892 930 2264 987; baseline -0.008 -2"><span class='ocrx_word' id='word_1_30' title='bbox 1892 930 2264 987; x_wconf 57' lang='lat' dir='ltr'><strong>eam»</strong></span> 
     </span>
    </p>
   </div>
   <div class='ocr_carea' id='block_1_9' title="bbox 510 1081 2021 1169">
    <p class='ocr_par' dir='ltr' id='par_1_9' title="bbox 510 1081 2021 1169">
     <span class='ocr_line' id='line_1_9' title="bbox 510 1081 2021 1169; baseline -0.017 -11"><span class='ocrx_word' id='word_1_31' title='bbox 510 1105 562 1158; x_wconf 99' lang='grc'><strong>1.</strong></span> <span class='ocrx_word' id='word_1_32' title='bbox 591 1100 689 1169; x_wconf 99' lang='lat' dir='ltr'><strong>Qui</strong></span> <span class='ocrx_word' id='word_1_33' title='bbox 716 1092 1038 1165; x_wconf 88' lang='lat' dir='ltr'><strong>sumptuosis</strong></span> <span class='ocrx_word' id='word_1_34' title='bbox 1063 1106 1125 1145; x_wconf 90' lang='lat' dir='ltr'><strong>ac</strong></span> <span class='ocrx_word' id='word_1_35' title='bbox 1152 1085 1438 1159; x_wconf 81' lang='lat' dir='ltr'><strong>splendidis</strong></span> <span class='ocrx_word' id='word_1_36' title='bbox 1463 1082 1720 1140; x_wconf 84' lang='lat' dir='ltr'><strong>conviviis</strong></span> <span class='ocrx_word' id='word_1_37' title='bbox 1745 1081 2021 1137; x_wconf 88' lang='lat' dir='ltr'><strong>delectan-</strong></span> 
     </span>
    </p>
   </div>
   <div class='ocr_carea' id='block_1_10' title="bbox 358 1173 2024 1263">
    <p class='ocr_par' dir='ltr' id='par_1_10' title="bbox 358 1173 2024 1263">
     <span class='ocr_line' id='line_1_10' title="bbox 358 1173 2024 1263; baseline -0.017 -8"><span class='ocrx_word' id='word_1_38' title='bbox 358 1186 363 1191; x_wconf 5' lang='grc' dir='ltr'><strong>ἢ</strong></span> <span class='ocrx_word' id='word_1_39' title='bbox 440 1210 545 1263; x_wconf 90' lang='lat' dir='ltr'><strong>tur,</strong></span> <span class='ocrx_word' id='word_1_40' title='bbox 574 1210 635 1251; x_wconf 89' lang='lat' dir='ltr'><strong>ea</strong></span> <span class='ocrx_word' id='word_1_41' title='bbox 663 1192 854 1248; x_wconf 88' lang='lat' dir='ltr'><strong>crebro</strong></span> <span class='ocrx_word' id='word_1_42' title='bbox 878 1196 933 1243; x_wconf 91' lang='lat' dir='ltr'><strong>et</strong></span> <span class='ocrx_word' id='word_1_43' title='bbox 960 1186 1264 1255; x_wconf 86' lang='lat' dir='ltr'><strong>frequenter</strong></span> <span class='ocrx_word' id='word_1_44' title='bbox 1287 1180 1574 1242; x_wconf 74' lang='lat' dir='ltr'><strong>celebrant,</strong></span> <span class='ocrx_word' id='word_1_45' title='bbox 1596 1186 1705 1231; x_wconf 92' lang='lat' dir='ltr'><strong>tum</strong></span> <span class='ocrx_word' id='word_1_46' title='bbox 1735 1183 1791 1229; x_wconf 92' lang='lat' dir='ltr'><strong>ut</strong></span> <span class='ocrx_word' id='word_1_47' title='bbox 1815 1173 2024 1229; x_wconf 89' lang='lat' dir='ltr'><strong>divitias</strong></span> 
     </span>
    </p>
   </div>
   <div class='ocr_carea' id='block_1_11' title="bbox 441 1266 2024 1345">
    <p class='ocr_par' dir='ltr' id='par_1_11' title="bbox 441 1266 2024 1345">
     <span class='ocr_line' id='line_1_11' title="bbox 441 1266 2024 1345; baseline -0.016 -2"><span class='ocrx_word' id='word_1_48' title='bbox 441 1293 710 1342; x_wconf 90' lang='lat' dir='ltr'><strong>ostentent</strong></span> <span class='ocrx_word' id='word_1_49' title='bbox 739 1295 894 1345; x_wconf 85' lang='lat' dir='ltr'><strong>suas,</strong></span> <span class='ocrx_word' id='word_1_50' title='bbox 925 1288 1034 1333; x_wconf 91' lang='lat' dir='ltr'><strong>tum</strong></span> <span class='ocrx_word' id='word_1_51' title='bbox 1073 1284 1129 1330; x_wconf 92' lang='lat' dir='ltr'><strong>ut</strong></span> <span class='ocrx_word' id='word_1_52' title='bbox 1154 1270 1575 1329; x_wconf 86' lang='lat' dir='ltr'><strong>benevolentiam</strong></span> <span class='ocrx_word' id='word_1_53' title='bbox 1606 1269 1657 1322; x_wconf 90' lang='lat' dir='ltr'><strong>in</strong></span> <span class='ocrx_word' id='word_1_54' title='bbox 1687 1266 1887 1322; x_wconf 90' lang='lat' dir='ltr'><strong>amicos</strong></span> <span class='ocrx_word' id='word_1_55' title='bbox 1914 1278 2024 1333; x_wconf 74' lang='lat' dir='ltr'><strong>pra:</strong></span> 
     </span>
    </p>
   </div>
   <div class='ocr_carea' id='block_1_12' title="bbox 440 1355 2024 1434">
    <p class='ocr_par' dir='ltr' id='par_1_12' title="bbox 440 1355 2024 1434">
     <span class='ocr_line' id='line_1_12' title="bbox 440 1355 2024 1434; baseline -0.016 0"><span class='ocrx_word' id='word_1_56' title='bbox 440 1396 501 1434; x_wconf 80' lang='lat' dir='ltr'><strong>se</strong></span> <span class='ocrx_word' id='word_1_57' title='bbox 527 1378 720 1433; x_wconf 83' lang='lat' dir='ltr'><strong>ferant.</strong></span> <span class='ocrx_word' id='word_1_58' title='bbox 749 1371 892 1427; x_wconf 84' lang='lat' dir='ltr'><strong>Talis</strong></span> <span class='ocrx_word' id='word_1_59' title='bbox 917 1377 995 1424; x_wconf 91' lang='lat' dir='ltr'><strong>est</strong></span> <span class='ocrx_word' id='word_1_60' title='bbox 1020 1367 1181 1422; x_wconf 90' lang='lat' dir='ltr'><strong>etiam</strong></span> <span class='ocrx_word' id='word_1_61' title='bbox 1211 1363 1440 1433; x_wconf 87' lang='lat' dir='ltr'><strong>Spiritus</strong></span> <span class='ocrx_word' id='word_1_62' title='bbox 1482 1360 1651 1430; x_wconf 88' lang='lat' dir='ltr'><strong>gratia</strong></span> <span class='ocrx_word' id='word_1_63' title='bbox 1677 1400 1693 1424; x_wconf 97' lang='lat'><strong>,</strong></span> <span class='ocrx_word' id='word_1_64' title='bbox 1725 1373 1843 1427; x_wconf 70' lang='lat' dir='ltr'><strong>quze</strong></span> <span class='ocrx_word' id='word_1_65' title='bbox 1872 1355 2024 1410; x_wconf 90' lang='lat' dir='ltr'><strong>nobis</strong></span> 
     </span>
    </p>
   </div>
   <div class='ocr_carea' id='block_1_13' title="bbox 442 1451 2022 1538">
    <p class='ocr_par' dir='ltr' id='par_1_13' title="bbox 442 1451 2022 1538">
     <span class='ocr_line' id='line_1_13' title="bbox 442 1451 2022 1538; baseline -0.018 -13"><span class='ocrx_word' id='word_1_66' title='bbox 442 1479 496 1524; x_wconf 88' lang='lat' dir='ltr'><strong>et</strong></span> <span class='ocrx_word' id='word_1_67' title='bbox 525 1468 763 1538; x_wconf 91' lang='lat' dir='ltr'><strong>proprias</strong></span> <span class='ocrx_word' id='word_1_68' title='bbox 790 1476 916 1531; x_wconf 90' lang='lat' dir='ltr'><strong>opes</strong></span> <span class='ocrx_word' id='word_1_69' title='bbox 947 1456 1177 1513; x_wconf 83' lang='lat' dir='ltr'><strong>ostendit</strong></span> <span class='ocrx_word' id='word_1_70' title='bbox 1217 1464 1377 1523; x_wconf 90' lang='lat' dir='ltr'><strong>atque</strong></span> <span class='ocrx_word' id='word_1_71' title='bbox 1403 1451 1617 1507; x_wconf 79' lang='lat' dir='ltr'><strong>exhibet</strong></span> <span class='ocrx_word' id='word_1_72' title='bbox 1645 1491 1659 1513; x_wconf 90' lang='lat'><strong>,</strong></span> <span class='ocrx_word' id='word_1_73' title='bbox 1687 1456 1742 1502; x_wconf 89' lang='lat' dir='ltr'><strong>et</strong></span> <span class='ocrx_word' id='word_1_74' title='bbox 1778 1459 2022 1515; x_wconf 84' lang='lat' dir='ltr'><strong>magnam</strong></span> 
     </span>
    </p>
   </div>
   <div class='ocr_carea' id='block_1_14' title="bbox 443 1540 2027 1630">
    <p class='ocr_par' dir='ltr' id='par_1_14' title="bbox 443 1540 2027 1630">
     <span class='ocr_line' id='line_1_14' title="bbox 443 1540 2027 1630; baseline -0.016 -14"><span class='ocrx_word' id='word_1_75' title='bbox 443 1576 566 1630; x_wconf 84' lang='lat' dir='ltr'><strong>erga</strong></span> <span class='ocrx_word' id='word_1_76' title='bbox 604 1557 802 1611; x_wconf 85' lang='lat' dir='ltr'><strong>amicos</strong></span> <span class='ocrx_word' id='word_1_77' title='bbox 843 1551 934 1607; x_wconf 91' lang='lat' dir='ltr'><strong>Dei</strong></span> <span class='ocrx_word' id='word_1_78' title='bbox 972 1550 1245 1604; x_wconf 90' lang='lat' dir='ltr'><strong>caritatem</strong></span> <span class='ocrx_word' id='word_1_79' title='bbox 1273 1545 1550 1609; x_wconf 91' lang='lat' dir='ltr'><strong>declarat,</strong></span> <span class='ocrx_word' id='word_1_80' title='bbox 1575 1557 1695 1596; x_wconf 92' lang='lat' dir='ltr'><strong>cum</strong></span> <span class='ocrx_word' id='word_1_81' title='bbox 1728 1540 2027 1609; x_wconf 85' lang='lat' dir='ltr'><strong>frequentes</strong></span> 
     </span>
    </p>
   </div>
   <div class='ocr_carea' id='block_1_15' title="bbox 445 1628 2028 1714">
    <p class='ocr_par' dir='ltr' id='par_1_15' title="bbox 445 1628 2028 1714">
     <span class='ocr_line' id='line_1_15' title="bbox 445 1628 2028 1714; baseline -0.016 -10"><span class='ocrx_word' id='word_1_82' title='bbox 445 1628 598 1703; x_wconf 77' lang='lat' dir='ltr'><strong>nobis</strong></span> <span class='ocrx_word' id='word_1_83' title='bbox 623 1653 915 1714; x_wconf 78' lang='lat' dir='ltr'><strong>martyrum</strong></span> <span class='ocrx_word' id='word_1_84' title='bbox 947 1652 1159 1693; x_wconf 84' lang='lat' dir='ltr'><strong>mensas</strong></span> <span class='ocrx_word' id='word_1_85' title='bbox 1187 1634 1422 1705; x_wconf 89' lang='lat' dir='ltr'><strong>apponit.</strong></span> <span class='ocrx_word' id='word_1_86' title='bbox 1453 1631 1633 1701; x_wconf 85' lang='lat' dir='ltr'><strong>Nuper</strong></span> <span class='ocrx_word' id='word_1_87' title='bbox 1669 1629 1841 1701; x_wconf 88' lang='lat' dir='ltr'><strong>puella</strong></span> <span class='ocrx_word' id='word_1_88' title='bbox 1871 1628 2028 1698; x_wconf 84' lang='lat' dir='ltr'><strong>plane</strong></span> 
     </span>
    </p>
   </div>
   <div class='ocr_carea' id='block_1_16' title="bbox 446 1724 2028 1801">
    <p class='ocr_par' dir='ltr' id='par_1_16' title="bbox 446 1724 2028 1801">
     <span class='ocr_line' id='line_1_16' title="bbox 446 1724 2028 1801; baseline -0.013 -8"><span class='ocrx_word' id='word_1_89' title='bbox 446 1740 756 1795; x_wconf 89' lang='lat' dir='ltr'><strong>adolescens</strong></span> <span class='ocrx_word' id='word_1_90' title='bbox 777 1744 830 1789; x_wconf 90' lang='lat' dir='ltr'><strong>et</strong></span> <span class='ocrx_word' id='word_1_91' title='bbox 852 1733 1018 1801; x_wconf 89' lang='lat' dir='ltr'><strong>virgo,</strong></span> <span class='ocrx_word' id='word_1_92' title='bbox 1039 1730 1190 1784; x_wconf 90' lang='lat' dir='ltr'><strong>beata</strong></span> <span class='ocrx_word' id='word_1_93' title='bbox 1212 1735 1411 1798; x_wconf 82' lang='lat' dir='ltr'><strong>martyr</strong></span> <span class='ocrx_word' id='word_1_94' title='bbox 1438 1724 1669 1794; x_wconf 80' lang='lat' dir='ltr'><strong>Pelagia,</strong></span> <span class='ocrx_word' id='word_1_95' title='bbox 1694 1737 1882 1791; x_wconf 85' lang='lat' dir='ltr'><strong>magna</strong></span> <span class='ocrx_word' id='word_1_96' title='bbox 1907 1734 2028 1774; x_wconf 89' lang='lat' dir='ltr'><strong>cum</strong></span> 
     </span>
    </p>
   </div>
   <div class='ocr_carea' id='block_1_17' title="bbox 447 1813 2027 1884">
    <p class='ocr_par' dir='ltr' id='par_1_17' title="bbox 447 1813 2027 1884">
     <span class='ocr_line' id='line_1_17' title="bbox 447 1813 2027 1884; baseline -0.013 0"><span class='ocrx_word' id='word_1_97' title='bbox 447 1829 629 1884; x_wconf 88' lang='lat' dir='ltr'><strong>|.etitia</strong></span> <span class='ocrx_word' id='word_1_98' title='bbox 655 1825 952 1881; x_wconf 80' lang='lat' dir='ltr'><strong>convivium</strong></span> <span class='ocrx_word' id='word_1_99' title='bbox 984 1820 1137 1875; x_wconf 89' lang='lat' dir='ltr'><strong>nobis</strong></span> <span class='ocrx_word' id='word_1_100' title='bbox 1166 1817 1404 1873; x_wconf 80' lang='lat' dir='ltr'><strong>exhibuit</strong></span> <span class='ocrx_word' id='word_1_101' title='bbox 1439 1833 1451 1869; x_wconf 89' lang='lat'><strong>:</strong></span> <span class='ocrx_word' id='word_1_102' title='bbox 1485 1815 1642 1869; x_wconf 88' lang='lat' dir='ltr'><strong>hodie</strong></span> <span class='ocrx_word' id='word_1_103' title='bbox 1667 1813 2027 1869; x_wconf 80' lang='lat' dir='ltr'><strong>celebritatem</strong></span> 
     </span>
    </p>
   </div>
   <div class='ocr_carea' id='block_1_18' title="bbox 446 1903 2030 1982">
    <p class='ocr_par' dir='ltr' id='par_1_18' title="bbox 446 1903 2030 1982">
     <span class='ocr_line' id='line_1_18' title="bbox 446 1903 2030 1982; baseline -0.013 -7"><span class='ocrx_word' id='word_1_104' title='bbox 446 1921 586 1975; x_wconf 87' lang='lat' dir='ltr'><strong>illius</strong></span> <span class='ocrx_word' id='word_1_105' title='bbox 609 1920 795 1973; x_wconf 88' lang='lat' dir='ltr'><strong>beatus</strong></span> <span class='ocrx_word' id='word_1_106' title='bbox 822 1914 909 1968; x_wconf 88' lang='lat' dir='ltr'><strong>hic</strong></span> <span class='ocrx_word' id='word_1_107' title='bbox 936 1927 998 1967; x_wconf 91' lang='lat' dir='ltr'><strong>ac</strong></span> <span class='ocrx_word' id='word_1_108' title='bbox 1024 1925 1315 1982; x_wconf 89' lang='lat' dir='ltr'><strong>generosus</strong></span> <span class='ocrx_word' id='word_1_109' title='bbox 1356 1916 1558 1977; x_wconf 89' lang='lat' dir='ltr'><strong>martyr</strong></span> <span class='ocrx_word' id='word_1_110' title='bbox 1599 1905 1828 1975; x_wconf 88' lang='lat' dir='ltr'><strong>lguatius</strong></span> <span class='ocrx_word' id='word_1_111' title='bbox 1868 1903 2030 1957; x_wconf 90' lang='lat' dir='ltr'><strong>vicis-</strong></span> 
     </span>
    </p>
   </div>
   <div class='ocr_carea' id='block_1_19' title="bbox 448 1994 2032 2078">
    <p class='ocr_par' dir='ltr' id='par_1_19' title="bbox 448 1994 2032 2078">
     <span class='ocr_line' id='line_1_19' title="bbox 448 1994 2032 2078; baseline -0.014 -11"><span class='ocrx_word' id='word_1_112' title='bbox 448 2014 546 2067; x_wconf 87' lang='lat' dir='ltr'><strong>sim</strong></span> <span class='ocrx_word' id='word_1_113' title='bbox 575 2009 802 2078; x_wconf 76' lang='lat' dir='ltr'><strong>excepit.</strong></span> <span class='ocrx_word' id='word_1_114' title='bbox 837 2006 1067 2060; x_wconf 86' lang='lat' dir='ltr'><strong>Diversae</strong></span> <span class='ocrx_word' id='word_1_115' title='bbox 1088 1997 1309 2071; x_wconf 82' lang='lat' dir='ltr'><strong>quidem</strong></span> <span class='ocrx_word' id='word_1_116' title='bbox 1341 2012 1605 2068; x_wconf 62' lang='lat' dir='ltr'><strong>persona),</strong></span> <span class='ocrx_word' id='word_1_117' title='bbox 1634 1994 1727 2050; x_wconf 90' lang='lat' dir='ltr'><strong>sed</strong></span> <span class='ocrx_word' id='word_1_118' title='bbox 1754 2010 1853 2048; x_wconf 92' lang='lat' dir='ltr'><strong>una</strong></span> <span class='ocrx_word' id='word_1_119' title='bbox 1883 2008 2032 2047; x_wconf 80' lang='lat' dir='ltr'><strong>meu-</strong></span> 
     </span>
    </p>
   </div>
   <div class='ocr_carea' id='block_1_20' title="bbox 449 2088 2032 2172">
    <p class='ocr_par' dir='ltr' id='par_1_20' title="bbox 449 2088 2032 2172">
     <span class='ocr_line' id='line_1_20' title="bbox 449 2088 2032 2172; baseline -0.014 -12"><span class='ocrx_word' id='word_1_120' title='bbox 449 2122 507 2160; x_wconf 88' lang='lat' dir='ltr'><strong>sa</strong></span> <span class='ocrx_word' id='word_1_121' title='bbox 533 2123 547 2172; x_wconf 89' lang='lat'><strong>;</strong></span> <span class='ocrx_word' id='word_1_122' title='bbox 579 2104 736 2157; x_wconf 62' lang='lat' dir='ltr'><strong>varia:</strong></span> <span class='ocrx_word' id='word_1_123' title='bbox 768 2114 975 2168; x_wconf 68' lang='lat' dir='ltr'><strong>pugna‘,</strong></span> <span class='ocrx_word' id='word_1_124' title='bbox 1008 2096 1099 2151; x_wconf 90' lang='lat' dir='ltr'><strong>sed</strong></span> <span class='ocrx_word' id='word_1_125' title='bbox 1126 2108 1323 2150; x_wconf 90' lang='lat' dir='ltr'><strong>corona</strong></span> <span class='ocrx_word' id='word_1_126' title='bbox 1353 2091 1537 2147; x_wconf 90' lang='lat' dir='ltr'><strong>eadem</strong></span> <span class='ocrx_word' id='word_1_127' title='bbox 1560 2107 1574 2155; x_wconf 88' lang='lat'><strong>;</strong></span> <span class='ocrx_word' id='word_1_128' title='bbox 1599 2088 1831 2158; x_wconf 80' lang='lat' dir='ltr'><strong>disparia</strong></span> <span class='ocrx_word' id='word_1_129' title='bbox 1858 2094 2032 2141; x_wconf 88' lang='lat' dir='ltr'><strong>certa-</strong></span> 
     </span>
    </p>
   </div>
   <div class='ocr_carea' id='block_1_21' title="bbox 450 2183 2035 2266">
    <p class='ocr_par' dir='ltr' id='par_1_21' title="bbox 450 2183 2035 2266">
     <span class='ocr_line' id='line_1_21' title="bbox 450 2183 2035 2266; baseline -0.014 -11"><span class='ocrx_word' id='word_1_130' title='bbox 450 2202 614 2266; x_wconf 88' lang='lat' dir='ltr'><strong>mina,</strong></span> <span class='ocrx_word' id='word_1_131' title='bbox 638 2198 729 2253; x_wconf 89' lang='lat' dir='ltr'><strong>sed</strong></span> <span class='ocrx_word' id='word_1_132' title='bbox 751 2197 889 2251; x_wconf 89' lang='lat' dir='ltr'><strong>idem</strong></span> <span class='ocrx_word' id='word_1_133' title='bbox 915 2194 1172 2249; x_wconf 88' lang='lat' dir='ltr'><strong>bravium.</strong></span> <span class='ocrx_word' id='word_1_134' title='bbox 1206 2190 1262 2244; x_wconf 90' lang='lat' dir='ltr'><strong>ln</strong></span> <span class='ocrx_word' id='word_1_135' title='bbox 1289 2185 1667 2243; x_wconf 86' lang='lat' dir='ltr'><strong>certaminibus</strong></span> <span class='ocrx_word' id='word_1_136' title='bbox 1688 2183 1829 2239; x_wconf 88' lang='lat' dir='ltr'><strong>enim</strong></span> <span class='ocrx_word' id='word_1_137' title='bbox 1857 2190 2035 2236; x_wconf 84' lang='lat' dir='ltr'><strong>exter-</strong></span> 
     </span>
    </p>
   </div>
   <div class='ocr_carea' id='block_1_22' title="bbox 451 2273 2033 2359">
    <p class='ocr_par' dir='ltr' id='par_1_22' title="bbox 451 2273 2033 2359">
     <span class='ocr_line' id='line_1_22' title="bbox 451 2273 2033 2359; baseline -0.014 -14"><span class='ocrx_word' id='word_1_138' title='bbox 451 2292 534 2346; x_wconf 85' lang='lat' dir='ltr'><strong>nis</strong></span> <span class='ocrx_word' id='word_1_139' title='bbox 558 2331 573 2357; x_wconf 88' lang='lat'><strong>,</strong></span> <span class='ocrx_word' id='word_1_140' title='bbox 605 2289 723 2359; x_wconf 87' lang='lat' dir='ltr'><strong>quia</strong></span> <span class='ocrx_word' id='word_1_141' title='bbox 749 2287 958 2340; x_wconf 84' lang='lat' dir='ltr'><strong>labores</strong></span> <span class='ocrx_word' id='word_1_142' title='bbox 987 2291 1111 2337; x_wconf 92' lang='lat' dir='ltr'><strong>sunt</strong></span> <span class='ocrx_word' id='word_1_143' title='bbox 1138 2293 1419 2349; x_wconf 89' lang='lat' dir='ltr'><strong>corporum</strong></span> <span class='ocrx_word' id='word_1_144' title='bbox 1438 2319 1452 2343; x_wconf 92' lang='lat'><strong>,</strong></span> <span class='ocrx_word' id='word_1_145' title='bbox 1491 2276 1681 2330; x_wconf 92' lang='lat' dir='ltr'><strong>merito</strong></span> <span class='ocrx_word' id='word_1_146' title='bbox 1708 2273 1804 2326; x_wconf 90' lang='lat' dir='ltr'><strong>viri</strong></span> <span class='ocrx_word' id='word_1_147' title='bbox 1832 2281 2033 2326; x_wconf 89' lang='lat' dir='ltr'><strong>tantum</strong></span> 
     </span>
    </p>
   </div>
   <div class='ocr_carea' id='block_1_23' title="bbox 450 2361 2030 2441">
    <p class='ocr_par' dir='ltr' id='par_1_23' title="bbox 450 2361 2030 2441">
     <span class='ocr_line' id='line_1_23' title="bbox 450 2361 2030 2441; baseline -0.013 -6"><span class='ocrx_word' id='word_1_148' title='bbox 450 2381 836 2441; x_wconf 86' lang='lat' dir='ltr'><strong>admittuntur;</strong></span> <span class='ocrx_word' id='word_1_149' title='bbox 867 2374 953 2428; x_wconf 88' lang='lat' dir='ltr'><strong>hic</strong></span> <span class='ocrx_word' id='word_1_150' title='bbox 977 2380 1153 2427; x_wconf 90' lang='lat' dir='ltr'><strong>autem</strong></span> <span class='ocrx_word' id='word_1_151' title='bbox 1182 2369 1432 2440; x_wconf 88' lang='lat' dir='ltr'><strong>quoniam</strong></span> <span class='ocrx_word' id='word_1_152' title='bbox 1464 2376 1630 2421; x_wconf 91' lang='lat' dir='ltr'><strong>totum</strong></span> <span class='ocrx_word' id='word_1_153' title='bbox 1663 2373 1932 2419; x_wconf 87' lang='lat' dir='ltr'><strong>certamen</strong></span> <span class='ocrx_word' id='word_1_154' title='bbox 1963 2361 2030 2415; x_wconf 89' lang='lat' dir='ltr'><strong>ad</strong></span> 
     </span>
    </p>
   </div>
   <div class='ocr_carea' id='block_1_24' title="bbox 454 2452 2039 2538">
    <p class='ocr_par' dir='ltr' id='par_1_24' title="bbox 454 2452 2039 2538">
     <span class='ocr_line' id='line_1_24' title="bbox 454 2452 2039 2538; baseline -0.013 -11"><span class='ocrx_word' id='word_1_155' title='bbox 454 2473 689 2527; x_wconf 87' lang='lat' dir='ltr'><strong>animum</strong></span> <span class='ocrx_word' id='word_1_156' title='bbox 713 2474 937 2538; x_wconf 85' lang='lat' dir='ltr'><strong>spectat,</strong></span> <span class='ocrx_word' id='word_1_157' title='bbox 962 2463 1170 2533; x_wconf 85' lang='lat' dir='ltr'><strong>utrique</strong></span> <span class='ocrx_word' id='word_1_158' title='bbox 1197 2460 1345 2515; x_wconf 83' lang='lat' dir='ltr'><strong>sexui</strong></span> <span class='ocrx_word' id='word_1_159' title='bbox 1373 2458 1601 2514; x_wconf 88' lang='lat' dir='ltr'><strong>stadium</strong></span> <span class='ocrx_word' id='word_1_160' title='bbox 1629 2456 1882 2525; x_wconf 89' lang='lat' dir='ltr'><strong>aperitur,</strong></span> <span class='ocrx_word' id='word_1_161' title='bbox 1906 2452 2039 2507; x_wconf 88' lang='lat' dir='ltr'><strong>utri-</strong></span> 
     </span>
    </p>
   </div>
   <div class='ocr_carea' id='block_1_25' title="bbox 451 2548 2040 2633">
    <p class='ocr_par' dir='ltr' id='par_1_25' title="bbox 451 2548 2040 2633">
     <span class='ocr_line' id='line_1_25' title="bbox 451 2548 2040 2633; baseline -0.013 -14"><span class='ocrx_word' id='word_1_162' title='bbox 451 2578 554 2633; x_wconf 91' lang='lat' dir='ltr'><strong>que</strong></span> <span class='ocrx_word' id='word_1_163' title='bbox 573 2560 756 2632; x_wconf 82' lang='lat' dir='ltr'><strong>generi</strong></span> <span class='ocrx_word' id='word_1_164' title='bbox 783 2557 1060 2613; x_wconf 88' lang='lat' dir='ltr'><strong>consident</strong></span> <span class='ocrx_word' id='word_1_165' title='bbox 1085 2559 1433 2623; x_wconf 85' lang='lat' dir='ltr'><strong>spectatores.</strong></span> <span class='ocrx_word' id='word_1_166' title='bbox 1456 2549 1565 2605; x_wconf 84' lang='lat' dir='ltr'><strong>Nec</strong></span> <span class='ocrx_word' id='word_1_167' title='bbox 1594 2548 1693 2603; x_wconf 88' lang='lat' dir='ltr'><strong>viri</strong></span> <span class='ocrx_word' id='word_1_168' title='bbox 1724 2556 1925 2601; x_wconf 86' lang='lat' dir='ltr'><strong>tantum</strong></span> <span class='ocrx_word' id='word_1_169' title='bbox 1950 2558 2040 2599; x_wconf 85' lang='lat' dir='ltr'><strong>ao-</strong></span> 
     </span>
    </p>
   </div>
   <div class='ocr_carea' id='block_1_26' title="bbox 455 2638 2038 2724">
    <p class='ocr_par' dir='ltr' id='par_1_26' title="bbox 455 2638 2038 2724">
     <span class='ocr_line' id='line_1_26' title="bbox 455 2638 2038 2724; baseline -0.013 -14"><span class='ocrx_word' id='word_1_170' title='bbox 455 2656 674 2724; x_wconf 87' lang='lat' dir='ltr'><strong>cingunt</strong></span> <span class='ocrx_word' id='word_1_171' title='bbox 713 2667 772 2707; x_wconf 90' lang='lat' dir='ltr'><strong>se</strong></span> <span class='ocrx_word' id='word_1_172' title='bbox 792 2692 807 2717; x_wconf 92' lang='lat'><strong>,</strong></span> <span class='ocrx_word' id='word_1_173' title='bbox 852 2665 918 2704; x_wconf 88' lang='lat' dir='ltr'><strong>ne</strong></span> <span class='ocrx_word' id='word_1_174' title='bbox 946 2646 1011 2701; x_wconf 91' lang='lat' dir='ltr'><strong>ad</strong></span> <span class='ocrx_word' id='word_1_175' title='bbox 1042 2655 1244 2700; x_wconf 69' lang='lat' dir='ltr'><strong>natura:</strong></span> <span class='ocrx_word' id='word_1_176' title='bbox 1274 2640 1633 2697; x_wconf 84' lang='lat' dir='ltr'><strong>infirmitatem</strong></span> <span class='ocrx_word' id='word_1_177' title='bbox 1664 2638 1876 2692; x_wconf 77' lang='lat' dir='ltr'><strong>femina:</strong></span> <span class='ocrx_word' id='word_1_178' title='bbox 1905 2650 2038 2691; x_wconf 88' lang='lat' dir='ltr'><strong>con-</strong></span> 
     </span>
    </p>
   </div>
   <div class='ocr_carea' id='block_1_27' title="bbox 454 2731 2035 2819">
    <p class='ocr_par' dir='ltr' id='par_1_27' title="bbox 454 2731 2035 2819">
     <span class='ocr_line' id='line_1_27' title="bbox 454 2731 2035 2819; baseline -0.013 -16"><span class='ocrx_word' id='word_1_179' title='bbox 454 2749 711 2819; x_wconf 78' lang='lat' dir='ltr'><strong>fugientes</strong></span> <span class='ocrx_word' id='word_1_180' title='bbox 736 2742 1060 2814; x_wconf 87' lang='lat' dir='ltr'><strong>probabilcm</strong></span> <span class='ocrx_word' id='word_1_181' title='bbox 1089 2739 1283 2793; x_wconf 88' lang='lat' dir='ltr'><strong>habere</strong></span> <span class='ocrx_word' id='word_1_182' title='bbox 1308 2735 1586 2790; x_wconf 88' lang='lat' dir='ltr'><strong>videantur</strong></span> <span class='ocrx_word' id='word_1_183' title='bbox 1602 2731 2035 2788; x_wconf 81' lang='lat' dir='ltr'><strong>excusationem:</strong></span> 
     </span>
    </p>
   </div>
   <div class='ocr_carea' id='block_1_28' title="bbox 454 2825 2039 2899">
    <p class='ocr_par' dir='ltr' id='par_1_28' title="bbox 454 2825 2039 2899">
     <span class='ocr_line' id='line_1_28' title="bbox 454 2825 2039 2899; baseline -0.013 -2"><span class='ocrx_word' id='word_1_184' title='bbox 454 2856 554 2898; x_wconf 84' lang='lat' dir='ltr'><strong>nec</strong></span> <span class='ocrx_word' id='word_1_185' title='bbox 580 2839 708 2895; x_wconf 66' lang='lat' dir='ltr'><strong>solae</strong></span> <span class='ocrx_word' id='word_1_186' title='bbox 733 2836 943 2891; x_wconf 81' lang='lat' dir='ltr'><strong>feminae</strong></span> <span class='ocrx_word' id='word_1_187' title='bbox 970 2849 1028 2889; x_wconf 90' lang='lat' dir='ltr'><strong>se</strong></span> <span class='ocrx_word' id='word_1_188' title='bbox 1057 2831 1262 2886; x_wconf 90' lang='lat' dir='ltr'><strong>fortiter</strong></span> <span class='ocrx_word' id='word_1_189' title='bbox 1286 2836 1498 2899; x_wconf 90' lang='lat' dir='ltr'><strong>gerunt,</strong></span> <span class='ocrx_word' id='word_1_190' title='bbox 1522 2842 1589 2880; x_wconf 91' lang='lat' dir='ltr'><strong>ne</strong></span> <span class='ocrx_word' id='word_1_191' title='bbox 1610 2825 1844 2878; x_wconf 89' lang='lat' dir='ltr'><strong>virorum</strong></span> <span class='ocrx_word' id='word_1_192' title='bbox 1871 2836 2039 2892; x_wconf 88' lang='lat' dir='ltr'><strong>genus</strong></span> 
     </span>
    </p>
   </div>
   <div class='ocr_carea' id='block_1_29' title="bbox 455 2912 2039 2999">
    <p class='ocr_par' dir='ltr' id='par_1_29' title="bbox 455 2912 2039 2999">
     <span class='ocr_line' id='line_1_29' title="bbox 455 2912 2039 2999; baseline -0.015 -10"><span class='ocrx_word' id='word_1_193' title='bbox 455 2934 649 2989; x_wconf 89' lang='lat' dir='ltr'><strong>rubore</strong></span> <span class='ocrx_word' id='word_1_194' title='bbox 674 2926 1033 2999; x_wconf 85' lang='lat' dir='ltr'><strong>perfundant;</strong></span> <span class='ocrx_word' id='word_1_195' title='bbox 1065 2921 1160 2979; x_wconf 88' lang='lat' dir='ltr'><strong>sed</strong></span> <span class='ocrx_word' id='word_1_196' title='bbox 1190 2930 1244 2977; x_wconf 92' lang='lat' dir='ltr'><strong>et</strong></span> <span class='ocrx_word' id='word_1_197' title='bbox 1283 2919 1405 2974; x_wconf 90' lang='lat' dir='ltr'><strong>hinc</strong></span> <span class='ocrx_word' id='word_1_198' title='bbox 1433 2927 1486 2972; x_wconf 93' lang='lat' dir='ltr'><strong>et</strong></span> <span class='ocrx_word' id='word_1_199' title='bbox 1526 2915 1648 2970; x_wconf 87' lang='lat' dir='ltr'><strong>inde</strong></span> <span class='ocrx_word' id='word_1_200' title='bbox 1676 2914 1829 2969; x_wconf 90' lang='lat' dir='ltr'><strong>multi</strong></span> <span class='ocrx_word' id='word_1_201' title='bbox 1863 2912 2039 2982; x_wconf 91' lang='lat' dir='ltr'><strong>publi-</strong></span> 
     </span>
    </p>
   </div>
   <div class='ocr_carea' id='block_1_30' title="bbox 456 3003 2039 3079">
    <p class='ocr_par' dir='ltr' id='par_1_30' title="bbox 456 3003 2039 3079">
     <span class='ocr_line' id='line_1_30' title="bbox 456 3003 2039 3079; baseline -0.015 0"><span class='ocrx_word' id='word_1_202' title='bbox 456 3029 646 3079; x_wconf 90' lang='lat' dir='ltr'><strong>cantur</strong></span> <span class='ocrx_word' id='word_1_203' title='bbox 671 3019 920 3079; x_wconf 86' lang='lat' dir='ltr'><strong>victores.</strong></span> <span class='ocrx_word' id='word_1_204' title='bbox 953 3025 1005 3070; x_wconf 90' lang='lat' dir='ltr'><strong>et</strong></span> <span class='ocrx_word' id='word_1_205' title='bbox 1034 3026 1258 3068; x_wconf 87' lang='lat' dir='ltr'><strong>coronas</strong></span> <span class='ocrx_word' id='word_1_206' title='bbox 1286 3016 1660 3079; x_wconf 87' lang='lat' dir='ltr'><strong>assequuntur.</strong></span> <span class='ocrx_word' id='word_1_207' title='bbox 1692 3016 1743 3059; x_wconf 90' lang='lat' dir='ltr'><strong>ut</strong></span> <span class='ocrx_word' id='word_1_208' title='bbox 1768 3020 1834 3058; x_wconf 90' lang='lat' dir='ltr'><strong>ex</strong></span> <span class='ocrx_word' id='word_1_209' title='bbox 1859 3003 2039 3074; x_wconf 91' lang='lat' dir='ltr'><strong>operi-</strong></span> 
     </span>
    </p>
   </div>
   <div class='ocr_carea' id='block_1_31' title="bbox 456 3097 2041 3178">
    <p class='ocr_par' dir='ltr' id='par_1_31' title="bbox 456 3097 2041 3178">
     <span class='ocr_line' id='line_1_31' title="bbox 456 3097 2041 3178; baseline -0.012 -10"><span class='ocrx_word' id='word_1_210' title='bbox 456 3114 555 3169; x_wconf 92' lang='lat' dir='ltr'><strong>bus</strong></span> <span class='ocrx_word' id='word_1_211' title='bbox 581 3109 858 3178; x_wconf 81' lang='lat' dir='ltr'><strong>intelligas,</strong></span> <span class='ocrx_word' id='word_1_212' title='bbox 884 3106 933 3160; x_wconf 88' lang='lat' dir='ltr'><strong>in</strong></span> <span class='ocrx_word' id='word_1_213' title='bbox 962 3104 1172 3160; x_wconf 86' lang='lat' dir='ltr'><strong>Christo</strong></span> <span class='ocrx_word' id='word_1_214' title='bbox 1193 3101 1318 3157; x_wconf 81' lang='lat' dir='ltr'><strong>Jesu</strong></span> <span class='ocrx_word' id='word_1_215' title='bbox 1350 3114 1520 3170; x_wconf 89' lang='lat' dir='ltr'><strong>neque</strong></span> <span class='ocrx_word' id='word_1_216' title='bbox 1546 3097 1840 3152; x_wconf 89' lang='lat' dir='ltr'><strong>masculum</strong></span> <span class='ocrx_word' id='word_1_217' title='bbox 1869 3108 2041 3162; x_wconf 82' lang='lat' dir='ltr'><strong>neque</strong></span> 
     </span>
    </p>
   </div>
   <div class='ocr_carea' id='block_1_32' title="bbox 457 3185 2042 3270">
    <p class='ocr_par' dir='ltr' id='par_1_32' title="bbox 457 3185 2042 3270">
     <span class='ocr_line' id='line_1_32' title="bbox 457 3185 2042 3270; baseline -0.013 -11"><span class='ocrx_word' id='word_1_218' title='bbox 457 3203 706 3259; x_wconf 85' lang='lat' dir='ltr'><strong>feminam</strong></span> <span class='ocrx_word' id='word_1_219' title='bbox 731 3215 848 3255; x_wconf 89' lang='lat' dir='ltr'><strong>esse</strong></span> <span class='ocrx_word' id='word_1_220' title='bbox 879 3196 1069 3270; x_wconf 81' lang='lat' dir='ltr'><strong>(Galat.</strong></span> <span class='ocrx_word' id='word_1_221' title='bbox 1097 3197 1151 3251; x_wconf 73' lang='grc' dir='ltr'><strong>ὃ.</strong></span> <span class='ocrx_word' id='word_1_222' title='bbox 1175 3194 1293 3265; x_wconf 72' lang='lat'><strong>28),</strong></span> <span class='ocrx_word' id='word_1_223' title='bbox 1325 3208 1422 3247; x_wconf 92' lang='lat' dir='ltr'><strong>nec</strong></span> <span class='ocrx_word' id='word_1_224' title='bbox 1447 3206 1656 3255; x_wconf 80' lang='lat' dir='ltr'><strong>sexum,</strong></span> <span class='ocrx_word' id='word_1_225' title='bbox 1680 3203 1779 3243; x_wconf 89' lang='lat' dir='ltr'><strong>nec</strong></span> <span class='ocrx_word' id='word_1_226' title='bbox 1801 3185 2042 3256; x_wconf 90' lang='lat' dir='ltr'><strong>corporis</strong></span> 
     </span>
    </p>
   </div>
   <div class='ocr_carea' id='block_1_33' title="bbox 459 3278 2041 3357">
    <p class='ocr_par' dir='ltr' id='par_1_33' title="bbox 459 3278 2041 3357">
     <span class='ocr_line' id='line_1_33' title="bbox 459 3278 2041 3357; baseline -0.013 -7"><span class='ocrx_word' id='word_1_227' title='bbox 459 3292 872 3350; x_wconf 88' lang='lat' dir='ltr'><strong>imbecillitatem</strong></span> <span class='ocrx_word' id='word_1_228' title='bbox 896 3331 911 3354; x_wconf 94' lang='lat'><strong>,</strong></span> <span class='ocrx_word' id='word_1_229' title='bbox 952 3303 1123 3357; x_wconf 87' lang='lat' dir='ltr'><strong>neque</strong></span> <span class='ocrx_word' id='word_1_230' title='bbox 1157 3294 1369 3340; x_wconf 67' lang='lat' dir='ltr'><strong>aatatem</strong></span> <span class='ocrx_word' id='word_1_231' title='bbox 1393 3324 1408 3349; x_wconf 93' lang='lat'><strong>,</strong></span> <span class='ocrx_word' id='word_1_232' title='bbox 1456 3297 1554 3337; x_wconf 91' lang='lat' dir='ltr'><strong>nec</strong></span> <span class='ocrx_word' id='word_1_233' title='bbox 1581 3279 1724 3335; x_wconf 90' lang='lat' dir='ltr'><strong>aliud</strong></span> <span class='ocrx_word' id='word_1_234' title='bbox 1755 3278 2041 3349; x_wconf 88' lang='lat' dir='ltr'><strong>quidquam</strong></span> 
     </span>
    </p>
   </div>
   <div class='ocr_carea' id='block_1_34' title="bbox 459 3367 2041 3456">
    <p class='ocr_par' dir='ltr' id='par_1_34' title="bbox 459 3367 2041 3456">
     <span class='ocr_line' id='line_1_34' title="bbox 459 3367 2041 3456; baseline -0.012 -18"><span class='ocrx_word' id='word_1_235' title='bbox 459 3381 719 3456; x_wconf 84' lang='lat' dir='ltr'><strong>ejusmodi</strong></span> <span class='ocrx_word' id='word_1_236' title='bbox 758 3378 966 3449; x_wconf 88' lang='lat' dir='ltr'><strong>pietatis</strong></span> <span class='ocrx_word' id='word_1_237' title='bbox 994 3391 1209 3431; x_wconf 89' lang='lat' dir='ltr'><strong>cursum</strong></span> <span class='ocrx_word' id='word_1_238' title='bbox 1249 3371 1649 3428; x_wconf 84' lang='lat' dir='ltr'><strong>conticientibus</strong></span> <span class='ocrx_word' id='word_1_239' title='bbox 1690 3367 2041 3439; x_wconf 80' lang='lat' dir='ltr'><strong>impedimen-</strong></span> 
     </span>
    </p>
   </div>
   <div class='ocr_carea' id='block_1_35' title="bbox 461 3462 2043 3551">
    <p class='ocr_par' dir='ltr' id='par_1_35' title="bbox 461 3462 2043 3551">
     <span class='ocr_line' id='line_1_35' title="bbox 461 3462 2043 3551; baseline -0.013 -19"><span class='ocrx_word' id='word_1_240' title='bbox 461 3473 787 3551; x_wconf 35' lang='lat' dir='ltr'><strong>tuin‘all&#39;erre</strong></span> <span class='ocrx_word' id='word_1_241' title='bbox 817 3485 990 3540; x_wconf 82' lang='lat' dir='ltr'><strong>posse,</strong></span> <span class='ocrx_word' id='word_1_242' title='bbox 1017 3467 1177 3522; x_wconf 93' lang='lat' dir='ltr'><strong>modo</strong></span> <span class='ocrx_word' id='word_1_243' title='bbox 1204 3480 1460 3536; x_wconf 88' lang='lat' dir='ltr'><strong>generosa</strong></span> <span class='ocrx_word' id='word_1_244' title='bbox 1487 3462 1754 3527; x_wconf 89' lang='lat' dir='ltr'><strong>alacritas,</strong></span> <span class='ocrx_word' id='word_1_245' title='bbox 1784 3471 1837 3514; x_wconf 88' lang='lat' dir='ltr'><strong>et</strong></span> <span class='ocrx_word' id='word_1_246' title='bbox 1861 3473 2043 3530; x_wconf 87' lang='lat' dir='ltr'><strong>prom-</strong></span> 
     </span>
    </p>
   </div>
   <div class='ocr_carea' id='block_1_36' title="bbox 462 3554 2045 3645">
    <p class='ocr_par' dir='ltr' id='par_1_36' title="bbox 462 3554 2045 3645">
     <span class='ocr_line' id='line_1_36' title="bbox 462 3554 2045 3645; baseline -0.013 -16"><span class='ocrx_word' id='word_1_247' title='bbox 462 3583 584 3645; x_wconf 86' lang='lat' dir='ltr'><strong>ptus</strong></span> <span class='ocrx_word' id='word_1_248' title='bbox 607 3572 816 3627; x_wconf 85' lang='lat' dir='ltr'><strong>animus</strong></span> <span class='ocrx_word' id='word_1_249' title='bbox 834 3610 849 3635; x_wconf 96' lang='lat'><strong>,</strong></span> <span class='ocrx_word' id='word_1_250' title='bbox 880 3576 934 3622; x_wconf 91' lang='lat' dir='ltr'><strong>et</strong></span> <span class='ocrx_word' id='word_1_251' title='bbox 964 3566 1056 3620; x_wconf 90' lang='lat' dir='ltr'><strong>Dei</strong></span> <span class='ocrx_word' id='word_1_252' title='bbox 1084 3565 1243 3619; x_wconf 88' lang='lat' dir='ltr'><strong>timor</strong></span> <span class='ocrx_word' id='word_1_253' title='bbox 1270 3554 1463 3615; x_wconf 82' lang='lat' dir='ltr'><strong>ardens</strong></span> <span class='ocrx_word' id='word_1_254' title='bbox 1491 3568 1649 3627; x_wconf 87' lang='lat' dir='ltr'><strong>atque</strong></span> <span class='ocrx_word' id='word_1_255' title='bbox 1687 3556 2045 3611; x_wconf 82' lang='lat' dir='ltr'><strong>inﬂammatus</strong></span> 
     </span>
    </p>
   </div>
   <div class='ocr_carea' id='block_1_37' title="bbox 464 3648 2041 3724">
    <p class='ocr_par' dir='ltr' id='par_1_37' title="bbox 464 3648 2041 3724">
     <span class='ocr_line' id='line_1_37' title="bbox 464 3648 2041 3724; baseline -0.013 -3"><span class='ocrx_word' id='word_1_256' title='bbox 464 3668 517 3721; x_wconf 92' lang='lat' dir='ltr'><strong>in</strong></span> <span class='ocrx_word' id='word_1_257' title='bbox 546 3664 797 3720; x_wconf 86' lang='lat' dir='ltr'><strong>cordibus</strong></span> <span class='ocrx_word' id='word_1_258' title='bbox 822 3659 1019 3716; x_wconf 89' lang='lat' dir='ltr'><strong>nostris</strong></span> <span class='ocrx_word' id='word_1_259' title='bbox 1044 3656 1251 3712; x_wconf 89' lang='lat' dir='ltr'><strong>radices</strong></span> <span class='ocrx_word' id='word_1_260' title='bbox 1268 3654 1454 3724; x_wconf 90' lang='lat' dir='ltr'><strong>egerit.</strong></span> <span class='ocrx_word' id='word_1_261' title='bbox 1486 3650 1687 3706; x_wconf 84' lang='lat' dir='ltr'><strong>Idcirco</strong></span> <span class='ocrx_word' id='word_1_262' title='bbox 1710 3658 1764 3704; x_wconf 89' lang='lat' dir='ltr'><strong>et</strong></span> <span class='ocrx_word' id='word_1_263' title='bbox 1790 3648 2041 3718; x_wconf 81' lang='lat' dir='ltr'><strong>virgines,</strong></span> 
     </span>
    </p>
   </div>
   <div class='ocr_carea' id='block_1_38' title="bbox 461 3738 2044 3829">
    <p class='ocr_par' dir='ltr' id='par_1_38' title="bbox 461 3738 2044 3829">
     <span class='ocr_line' id='line_1_38' title="bbox 461 3738 2044 3829; baseline -0.013 -16"><span class='ocrx_word' id='word_1_264' title='bbox 461 3767 517 3814; x_wconf 87' lang='lat' dir='ltr'><strong>et</strong></span> <span class='ocrx_word' id='word_1_265' title='bbox 545 3756 755 3829; x_wconf 72' lang='lat' dir='ltr'><strong>puellm,</strong></span> <span class='ocrx_word' id='word_1_266' title='bbox 778 3762 834 3809; x_wconf 90' lang='lat' dir='ltr'><strong>et</strong></span> <span class='ocrx_word' id='word_1_267' title='bbox 855 3752 987 3817; x_wconf 88' lang='lat' dir='ltr'><strong>viri,</strong></span> <span class='ocrx_word' id='word_1_268' title='bbox 1014 3756 1069 3805; x_wconf 89' lang='lat' dir='ltr'><strong>et</strong></span> <span class='ocrx_word' id='word_1_269' title='bbox 1087 3749 1331 3818; x_wconf 89' lang='lat' dir='ltr'><strong>juvenes,</strong></span> <span class='ocrx_word' id='word_1_270' title='bbox 1350 3753 1404 3800; x_wconf 89' lang='lat' dir='ltr'><strong>et</strong></span> <span class='ocrx_word' id='word_1_271' title='bbox 1430 3758 1608 3808; x_wconf 91' lang='lat' dir='ltr'><strong>senes,</strong></span> <span class='ocrx_word' id='word_1_272' title='bbox 1634 3750 1689 3797; x_wconf 90' lang='lat' dir='ltr'><strong>et</strong></span> <span class='ocrx_word' id='word_1_273' title='bbox 1716 3740 1874 3804; x_wconf 90' lang='lat' dir='ltr'><strong>servi,</strong></span> <span class='ocrx_word' id='word_1_274' title='bbox 1895 3749 1948 3794; x_wconf 90' lang='lat' dir='ltr'><strong>et</strong></span> <span class='ocrx_word' id='word_1_275' title='bbox 1978 3738 2044 3793; x_wconf 87' lang='lat' dir='ltr'><strong>li-</strong></span> 
     </span>
    </p>
   </div>
   <div class='ocr_carea' id='block_1_39' title="bbox 463 3835 2046 3917">
    <p class='ocr_par' dir='ltr' id='par_1_39' title="bbox 463 3835 2046 3917">
     <span class='ocr_line' id='line_1_39' title="bbox 463 3835 2046 3917; baseline -0.015 -11"><span class='ocrx_word' id='word_1_276' title='bbox 463 3850 597 3917; x_wconf 89' lang='lat' dir='ltr'><strong>beri,</strong></span> <span class='ocrx_word' id='word_1_277' title='bbox 625 3858 679 3903; x_wconf 89' lang='lat' dir='ltr'><strong>et</strong></span> <span class='ocrx_word' id='word_1_278' title='bbox 702 3846 876 3902; x_wconf 92' lang='lat' dir='ltr'><strong>omnis</strong></span> <span class='ocrx_word' id='word_1_279' title='bbox 900 3841 1052 3906; x_wconf 91' lang='lat' dir='ltr'><strong>ordo,</strong></span> <span class='ocrx_word' id='word_1_280' title='bbox 1078 3850 1236 3911; x_wconf 86' lang='lat' dir='ltr'><strong>atque</strong></span> <span class='ocrx_word' id='word_1_281' title='bbox 1261 3847 1389 3892; x_wconf 73' lang='lat' dir='ltr'><strong>mtas</strong></span> <span class='ocrx_word' id='word_1_282' title='bbox 1417 3835 1609 3902; x_wconf 90' lang='lat' dir='ltr'><strong>omnis,</strong></span> <span class='ocrx_word' id='word_1_283' title='bbox 1637 3840 1696 3890; x_wconf 92' lang='lat' dir='ltr'><strong>et</strong></span> <span class='ocrx_word' id='word_1_284' title='bbox 1718 3846 1876 3887; x_wconf 89' lang='lat' dir='ltr'><strong>sexus</strong></span> <span class='ocrx_word' id='word_1_285' title='bbox 1903 3840 2046 3886; x_wconf 84' lang='lat' dir='ltr'><strong>uter-</strong></span> 
     </span>
    </p>
   </div>
   <div class='ocr_carea' id='block_1_40' title="bbox 463 3922 2047 4011">
    <p class='ocr_par' dir='ltr' id='par_1_40' title="bbox 463 3922 2047 4011">
     <span class='ocr_line' id='line_1_40' title="bbox 463 3922 2047 4011; baseline -0.012 -15"><span class='ocrx_word' id='word_1_286' title='bbox 463 3956 567 4011; x_wconf 90' lang='lat' dir='ltr'><strong>que</strong></span> <span class='ocrx_word' id='word_1_287' title='bbox 603 3938 669 3993; x_wconf 91' lang='lat' dir='ltr'><strong>ad</strong></span> <span class='ocrx_word' id='word_1_288' title='bbox 697 3937 810 3991; x_wconf 67' lang='lat' dir='ltr'><strong>hinc</strong></span> <span class='ocrx_word' id='word_1_289' title='bbox 836 3931 1127 3990; x_wconf 88' lang='lat' dir='ltr'><strong>certamina</strong></span> <span class='ocrx_word' id='word_1_290' title='bbox 1154 3930 1535 4000; x_wconf 79' lang='lat' dir='ltr'><strong>accinguntur;</strong></span> <span class='ocrx_word' id='word_1_291' title='bbox 1578 3940 1675 3980; x_wconf 91' lang='lat' dir='ltr'><strong>nec</strong></span> <span class='ocrx_word' id='word_1_292' title='bbox 1705 3923 1798 3979; x_wconf 91' lang='lat' dir='ltr'><strong>ulli</strong></span> <span class='ocrx_word' id='word_1_293' title='bbox 1828 3922 2047 3977; x_wconf 91' lang='lat' dir='ltr'><strong>omnino</strong></span> 
     </span>
    </p>
   </div>
   <div class='ocr_carea' id='block_1_41' title="bbox 464 4016 2045 4096">
    <p class='ocr_par' dir='ltr' id='par_1_41' title="bbox 464 4016 2045 4096">
     <span class='ocr_line' id='line_1_41' title="bbox 464 4016 2045 4096; baseline -0.013 -8"><span class='ocrx_word' id='word_1_294' title='bbox 464 4048 559 4089; x_wconf 86' lang='lat' dir='ltr'><strong>sua</strong></span> <span class='ocrx_word' id='word_1_295' title='bbox 592 4030 912 4086; x_wconf 84' lang='lat' dir='ltr'><strong>frustrantur</strong></span> <span class='ocrx_word' id='word_1_296' title='bbox 941 4040 1037 4096; x_wconf 90' lang='lat' dir='ltr'><strong>spe</strong></span> <span class='ocrx_word' id='word_1_297' title='bbox 1062 4066 1076 4090; x_wconf 94' lang='lat'><strong>,</strong></span> <span class='ocrx_word' id='word_1_298' title='bbox 1103 4024 1194 4094; x_wconf 93' lang='lat' dir='ltr'><strong>qui</strong></span> <span class='ocrx_word' id='word_1_299' title='bbox 1224 4031 1497 4077; x_wconf 89' lang='lat' dir='ltr'><strong>strenuum</strong></span> <span class='ocrx_word' id='word_1_300' title='bbox 1522 4018 1685 4073; x_wconf 87' lang='lat' dir='ltr'><strong>animi</strong></span> <span class='ocrx_word' id='word_1_301' title='bbox 1714 4016 2045 4088; x_wconf 92' lang='lat' dir='ltr'><strong>propositum</strong></span> 
     </span>
    </p>
   </div>
   <div class='ocr_carea' id='block_1_42' title="bbox 464 4106 2047 4190">
    <p class='ocr_par' dir='ltr' id='par_1_42' title="bbox 464 4106 2047 4190">
     <span class='ocr_line' id='line_1_42' title="bbox 464 4106 2047 4190; baseline -0.011 -12"><span class='ocrx_word' id='word_1_302' title='bbox 464 4122 530 4178; x_wconf 89' lang='lat' dir='ltr'><strong>ad</strong></span> <span class='ocrx_word' id='word_1_303' title='bbox 556 4122 654 4177; x_wconf 90' lang='lat' dir='ltr'><strong>has</strong></span> <span class='ocrx_word' id='word_1_304' title='bbox 682 4133 882 4190; x_wconf 90' lang='lat' dir='ltr'><strong>pugnas</strong></span> <span class='ocrx_word' id='word_1_305' title='bbox 909 4114 1203 4172; x_wconf 88' lang='lat' dir='ltr'><strong>attulerint.</strong></span> <span class='ocrx_word' id='word_1_306' title='bbox 1231 4113 1464 4182; x_wconf 89' lang='lat' dir='ltr'><strong>Tempus</strong></span> <span class='ocrx_word' id='word_1_307' title='bbox 1491 4110 1651 4181; x_wconf 79' lang='lat' dir='ltr'><strong>igitur</strong></span> <span class='ocrx_word' id='word_1_308' title='bbox 1673 4109 1785 4179; x_wconf 88' lang='lat' dir='ltr'><strong>jam</strong></span> <span class='ocrx_word' id='word_1_309' title='bbox 1812 4106 1881 4161; x_wconf 88' lang='lat' dir='ltr'><strong>ad</strong></span> <span class='ocrx_word' id='word_1_310' title='bbox 1908 4120 2047 4177; x_wconf 56' lang='lat' dir='ltr'><strong>pra:-</strong></span> 
     </span>
    </p>
   </div>
   <div class='ocr_carea' id='block_1_43' title="bbox 469 4197 2050 4281">
    <p class='ocr_par' dir='ltr' id='par_1_43' title="bbox 469 4197 2050 4281">
     <span class='ocr_line' id='line_1_43' title="bbox 469 4197 2050 4281; baseline -0.011 -12"><span class='ocrx_word' id='word_1_311' title='bbox 469 4215 615 4270; x_wconf 90' lang='lat' dir='ltr'><strong>clara</strong></span> <span class='ocrx_word' id='word_1_312' title='bbox 642 4212 862 4281; x_wconf 89' lang='lat' dir='ltr'><strong>hujusce</strong></span> <span class='ocrx_word' id='word_1_313' title='bbox 888 4209 989 4264; x_wconf 94' lang='lat' dir='ltr'><strong>viri</strong></span> <span class='ocrx_word' id='word_1_314' title='bbox 1019 4207 1253 4262; x_wconf 87' lang='lat' dir='ltr'><strong>facinora</strong></span> <span class='ocrx_word' id='word_1_315' title='bbox 1280 4201 1596 4259; x_wconf 89' lang='lat' dir='ltr'><strong>declaranda</strong></span> <span class='ocrx_word' id='word_1_316' title='bbox 1625 4214 1723 4255; x_wconf 88' lang='lat' dir='ltr'><strong>nos</strong></span> <span class='ocrx_word' id='word_1_317' title='bbox 1751 4207 1921 4264; x_wconf 88' lang='lat' dir='ltr'><strong>vocat,</strong></span> <span class='ocrx_word' id='word_1_318' title='bbox 1954 4197 2050 4253; x_wconf 86' lang='lat' dir='ltr'><strong>sed</strong></span> 
     </span>
    </p>
   </div>
   <div class='ocr_carea' id='block_1_44' title="bbox 469 4293 2051 4369">
    <p class='ocr_par' dir='ltr' id='par_1_44' title="bbox 469 4293 2051 4369">
     <span class='ocr_line' id='line_1_44' title="bbox 469 4293 2051 4369; baseline -0.012 -7"><span class='ocrx_word' id='word_1_319' title='bbox 469 4309 767 4362; x_wconf 85' lang='lat' dir='ltr'><strong>deterretur</strong></span> <span class='ocrx_word' id='word_1_320' title='bbox 794 4303 1002 4357; x_wconf 89' lang='lat' dir='ltr'><strong>animus</strong></span> <span class='ocrx_word' id='word_1_321' title='bbox 1030 4315 1095 4356; x_wconf 88' lang='lat' dir='ltr'><strong>ac</strong></span> <span class='ocrx_word' id='word_1_322' title='bbox 1119 4297 1475 4369; x_wconf 88' lang='lat' dir='ltr'><strong>perturbatur,</strong></span> <span class='ocrx_word' id='word_1_323' title='bbox 1505 4293 1629 4349; x_wconf 89' lang='lat' dir='ltr'><strong>dum</strong></span> <span class='ocrx_word' id='word_1_324' title='bbox 1656 4293 1709 4348; x_wconf 91' lang='lat' dir='ltr'><strong>in</strong></span> <span class='ocrx_word' id='word_1_325' title='bbox 1740 4300 1904 4355; x_wconf 88' lang='lat' dir='ltr'><strong>tanta,</strong></span> <span class='ocrx_word' id='word_1_326' title='bbox 1931 4304 2051 4360; x_wconf 74' lang='lat' dir='ltr'><strong>qua:</strong></span> 
     </span>
    </p>
   </div>
   <div class='ocr_carea' id='block_1_45' title="bbox 473 4380 2050 4466">
    <p class='ocr_par' dir='ltr' id='par_1_45' title="bbox 473 4380 2050 4466">
     <span class='ocr_line' id='line_1_45' title="bbox 473 4380 2050 4466; baseline -0.012 -12"><span class='ocrx_word' id='word_1_327' title='bbox 473 4413 572 4454; x_wconf 86' lang='lat' dir='ltr'><strong>nos</strong></span> <span class='ocrx_word' id='word_1_328' title='bbox 603 4396 835 4466; x_wconf 91' lang='lat' dir='ltr'><strong>undique</strong></span> <span class='ocrx_word' id='word_1_329' title='bbox 862 4391 1179 4449; x_wconf 82' lang='lat' dir='ltr'><strong>circumﬂuit</strong></span> <span class='ocrx_word' id='word_1_330' title='bbox 1201 4432 1217 4457; x_wconf 96' lang='lat'><strong>,</strong></span> <span class='ocrx_word' id='word_1_331' title='bbox 1248 4389 1462 4444; x_wconf 89' lang='lat' dir='ltr'><strong>laudum</strong></span> <span class='ocrx_word' id='word_1_332' title='bbox 1488 4387 1639 4456; x_wconf 89' lang='lat' dir='ltr'><strong>copia</strong></span> <span class='ocrx_word' id='word_1_333' title='bbox 1678 4384 1889 4439; x_wconf 76' lang='lat' dir='ltr'><strong>hzesitat</strong></span> <span class='ocrx_word' id='word_1_334' title='bbox 1925 4380 2050 4452; x_wconf 92' lang='lat' dir='ltr'><strong>quid</strong></span> 
     </span>
    </p>
   </div>
   <div class='ocr_carea' id='block_1_46' title="bbox 470 4475 2051 4560">
    <p class='ocr_par' dir='ltr' id='par_1_46' title="bbox 470 4475 2051 4560">
     <span class='ocr_line' id='line_1_46' title="bbox 470 4475 2051 4560; baseline -0.011 -15"><span class='ocrx_word' id='word_1_335' title='bbox 470 4489 697 4560; x_wconf 89' lang='lat' dir='ltr'><strong>primum</strong></span> <span class='ocrx_word' id='word_1_336' title='bbox 718 4527 733 4553; x_wconf 92' lang='lat'><strong>,</strong></span> <span class='ocrx_word' id='word_1_337' title='bbox 762 4484 886 4556; x_wconf 92' lang='lat' dir='ltr'><strong>quid</strong></span> <span class='ocrx_word' id='word_1_338' title='bbox 912 4482 1201 4539; x_wconf 91' lang='lat' dir='ltr'><strong>secundum</strong></span> <span class='ocrx_word' id='word_1_339' title='bbox 1222 4521 1236 4544; x_wconf 94' lang='lat'><strong>,</strong></span> <span class='ocrx_word' id='word_1_340' title='bbox 1267 4479 1391 4551; x_wconf 91' lang='lat' dir='ltr'><strong>quid</strong></span> <span class='ocrx_word' id='word_1_341' title='bbox 1420 4477 1630 4533; x_wconf 90' lang='lat' dir='ltr'><strong>tertium</strong></span> <span class='ocrx_word' id='word_1_342' title='bbox 1657 4475 1838 4531; x_wconf 88' lang='lat' dir='ltr'><strong>dicere</strong></span> <span class='ocrx_word' id='word_1_343' title='bbox 1862 4488 2051 4543; x_wconf 81' lang='lat' dir='ltr'><strong>aggre-</strong></span> 
     </span>
    </p>
   </div>
   <div class='ocr_carea' id='block_1_47' title="bbox 470 4566 2052 4649">
    <p class='ocr_par' dir='ltr' id='par_1_47' title="bbox 470 4566 2052 4649">
     <span class='ocr_line' id='line_1_47' title="bbox 470 4566 2052 4649; baseline -0.013 -10"><span class='ocrx_word' id='word_1_344' title='bbox 470 4583 665 4639; x_wconf 88' lang='lat' dir='ltr'><strong>diatur.</strong></span> <span class='ocrx_word' id='word_1_345' title='bbox 696 4582 867 4649; x_wconf 86' lang='lat' dir='ltr'><strong>Atque</strong></span> <span class='ocrx_word' id='word_1_346' title='bbox 892 4576 1029 4632; x_wconf 90' lang='lat' dir='ltr'><strong>idem</strong></span> <span class='ocrx_word' id='word_1_347' title='bbox 1058 4574 1211 4629; x_wconf 91' lang='lat' dir='ltr'><strong>nobis</strong></span> <span class='ocrx_word' id='word_1_348' title='bbox 1236 4572 1433 4639; x_wconf 90' lang='lat' dir='ltr'><strong>evenit,</strong></span> <span class='ocrx_word' id='word_1_349' title='bbox 1457 4579 1516 4625; x_wconf 91' lang='lat' dir='ltr'><strong>ut</strong></span> <span class='ocrx_word' id='word_1_350' title='bbox 1542 4569 1589 4623; x_wconf 83' lang='lat' dir='ltr'><strong>si</strong></span> <span class='ocrx_word' id='word_1_351' title='bbox 1616 4567 1733 4638; x_wconf 89' lang='lat' dir='ltr'><strong>quis</strong></span> <span class='ocrx_word' id='word_1_352' title='bbox 1762 4566 1814 4621; x_wconf 92' lang='lat' dir='ltr'><strong>in</strong></span> <span class='ocrx_word' id='word_1_353' title='bbox 1846 4574 2052 4636; x_wconf 91' lang='lat' dir='ltr'><strong>pratum</strong></span> 
     </span>
    </p>
   </div>
   <div class='ocr_carea' id='block_1_48' title="bbox 471 4656 2054 4745">
    <p class='ocr_par' dir='ltr' id='par_1_48' title="bbox 471 4656 2054 4745">
     <span class='ocr_line' id='line_1_48' title="bbox 471 4656 2054 4745; baseline -0.013 -16"><span class='ocrx_word' id='word_1_354' title='bbox 471 4671 741 4745; x_wconf 68' lang='lat' dir='ltr'><strong>ingressus</strong></span> <span class='ocrx_word' id='word_1_355' title='bbox 760 4710 776 4734; x_wconf 96' lang='lat'><strong>,</strong></span> <span class='ocrx_word' id='word_1_356' title='bbox 807 4677 862 4725; x_wconf 89' lang='lat' dir='ltr'><strong>et</strong></span> <span class='ocrx_word' id='word_1_357' title='bbox 888 4667 1079 4723; x_wconf 86' lang='lat' dir='ltr'><strong>multas</strong></span> <span class='ocrx_word' id='word_1_358' title='bbox 1109 4679 1274 4732; x_wconf 88' lang='lat' dir='ltr'><strong>rosas,</strong></span> <span class='ocrx_word' id='word_1_359' title='bbox 1309 4663 1476 4717; x_wconf 87' lang='lat' dir='ltr'><strong>violas</strong></span> <span class='ocrx_word' id='word_1_360' title='bbox 1502 4660 1716 4726; x_wconf 90' lang='lat' dir='ltr'><strong>multas,</strong></span> <span class='ocrx_word' id='word_1_361' title='bbox 1747 4656 1810 4712; x_wconf 82' lang='lat' dir='ltr'><strong>ac</strong></span> <span class='ocrx_word' id='word_1_362' title='bbox 1838 4657 1966 4722; x_wconf 92' lang='lat' dir='ltr'><strong>lilia,</strong></span> <span class='ocrx_word' id='word_1_363' title='bbox 1999 4662 2054 4710; x_wconf 92' lang='lat' dir='ltr'><strong>et</strong></span> 
     </span>
    </p>
   </div>
   <div class='ocr_carea' id='block_1_49' title="bbox 473 4748 2055 4822">
    <p class='ocr_par' dir='ltr' id='par_1_49' title="bbox 473 4748 2055 4822">
     <span class='ocr_line' id='line_1_49' title="bbox 473 4748 2055 4822; baseline -0.012 0"><span class='ocrx_word' id='word_1_364' title='bbox 473 4766 605 4822; x_wconf 88' lang='lat' dir='ltr'><strong>alios</strong></span> <span class='ocrx_word' id='word_1_365' title='bbox 631 4777 822 4820; x_wconf 89' lang='lat' dir='ltr'><strong>vernos</strong></span> <span class='ocrx_word' id='word_1_366' title='bbox 851 4761 1010 4816; x_wconf 82' lang='lat' dir='ltr'><strong>liores</strong></span> <span class='ocrx_word' id='word_1_367' title='bbox 1035 4758 1207 4814; x_wconf 88' lang='lat' dir='ltr'><strong>varios</strong></span> <span class='ocrx_word' id='word_1_368' title='bbox 1236 4772 1299 4812; x_wconf 87' lang='lat' dir='ltr'><strong>ac</strong></span> <span class='ocrx_word' id='word_1_369' title='bbox 1324 4755 1567 4811; x_wconf 89' lang='lat' dir='ltr'><strong>diversos</strong></span> <span class='ocrx_word' id='word_1_370' title='bbox 1594 4752 1845 4815; x_wconf 89' lang='lat' dir='ltr'><strong>intuitus,</strong></span> <span class='ocrx_word' id='word_1_371' title='bbox 1880 4748 2055 4803; x_wconf 86' lang='lat' dir='ltr'><strong>ambi-</strong></span> 
     </span>
    </p>
   </div>
   <div class='ocr_carea' id='block_1_50' title="bbox 469 4840 2052 4926">
    <p class='ocr_par' dir='ltr' id='par_1_50' title="bbox 469 4840 2052 4926">
     <span class='ocr_line' id='line_1_50' title="bbox 469 4840 2052 4926; baseline -0.011 -15"><span class='ocrx_word' id='word_1_372' title='bbox 469 4866 557 4926; x_wconf 85' lang='lat' dir='ltr'><strong>gat</strong></span> <span class='ocrx_word' id='word_1_373' title='bbox 576 4870 733 4926; x_wconf 90' lang='lat' dir='ltr'><strong>quem</strong></span> <span class='ocrx_word' id='word_1_374' title='bbox 764 4852 935 4924; x_wconf 89' lang='lat' dir='ltr'><strong>primo</strong></span> <span class='ocrx_word' id='word_1_375' title='bbox 961 4851 1100 4915; x_wconf 89' lang='lat' dir='ltr'><strong>loco,</strong></span> <span class='ocrx_word' id='word_1_376' title='bbox 1123 4864 1281 4920; x_wconf 91' lang='lat' dir='ltr'><strong>quem</strong></span> <span class='ocrx_word' id='word_1_377' title='bbox 1302 4845 1537 4902; x_wconf 86' lang='lat' dir='ltr'><strong>secundo</strong></span> <span class='ocrx_word' id='word_1_378' title='bbox 1556 4841 1903 4914; x_wconf 85' lang='lat' dir='ltr'><strong>perspexerit,</strong></span> <span class='ocrx_word' id='word_1_379' title='bbox 1926 4840 2052 4895; x_wconf 92' lang='lat' dir='ltr'><strong>dum</strong></span> 
     </span>
    </p>
   </div>
   <div class='ocr_carea' id='block_1_51' title="bbox 472 4934 2055 5017">
    <p class='ocr_par' dir='ltr' id='par_1_51' title="bbox 472 4934 2055 5017">
     <span class='ocr_line' id='line_1_51' title="bbox 472 4934 2055 5017; baseline -0.009 -14"><span class='ocrx_word' id='word_1_380' title='bbox 472 4948 666 5017; x_wconf 85' lang='lat' dir='ltr'><strong>singuli</strong></span> <span class='ocrx_word' id='word_1_381' title='bbox 695 4945 856 5001; x_wconf 83' lang='lat' dir='ltr'><strong>ﬂores</strong></span> <span class='ocrx_word' id='word_1_382' title='bbox 880 4944 1066 5000; x_wconf 89' lang='lat' dir='ltr'><strong>oculos</strong></span> <span class='ocrx_word' id='word_1_383' title='bbox 1090 4942 1157 4997; x_wconf 89' lang='lat' dir='ltr'><strong>ad</strong></span> <span class='ocrx_word' id='word_1_384' title='bbox 1185 4956 1245 4997; x_wconf 90' lang='lat' dir='ltr'><strong>se</strong></span> <span class='ocrx_word' id='word_1_385' title='bbox 1269 4940 1500 5010; x_wconf 89' lang='lat' dir='ltr'><strong>rapiunt.</strong></span> <span class='ocrx_word' id='word_1_386' title='bbox 1535 4936 1734 4993; x_wconf 83' lang='lat' dir='ltr'><strong>Eodem</strong></span> <span class='ocrx_word' id='word_1_387' title='bbox 1773 4934 1932 4989; x_wconf 88' lang='lat' dir='ltr'><strong>modo</strong></span> <span class='ocrx_word' id='word_1_388' title='bbox 1958 4949 2055 4989; x_wconf 91' lang='lat' dir='ltr'><strong>nos</strong></span> 
     </span>
    </p>
   </div>
   <div class='ocr_carea' id='block_1_52' title="bbox 471 5025 2058 5104">
    <p class='ocr_par' dir='ltr' id='par_1_52' title="bbox 471 5025 2058 5104">
     <span class='ocr_line' id='line_1_52' title="bbox 471 5025 2058 5104; baseline -0.01 -10"><span class='ocrx_word' id='word_1_389' title='bbox 471 5041 601 5094; x_wconf 86' lang='lat' dir='ltr'><strong>item</strong></span> <span class='ocrx_word' id='word_1_390' title='bbox 625 5037 908 5104; x_wconf 88' lang='lat' dir='ltr'><strong>allicimur,</strong></span> <span class='ocrx_word' id='word_1_391' title='bbox 930 5035 1057 5091; x_wconf 89' lang='lat' dir='ltr'><strong>dum</strong></span> <span class='ocrx_word' id='word_1_392' title='bbox 1082 5034 1184 5089; x_wconf 87' lang='lat' dir='ltr'><strong>hoc</strong></span> <span class='ocrx_word' id='word_1_393' title='bbox 1203 5031 1480 5104; x_wconf 86' lang='lat' dir='ltr'><strong>spirituale</strong></span> <span class='ocrx_word' id='word_1_394' title='bbox 1502 5037 1707 5100; x_wconf 89' lang='lat' dir='ltr'><strong>pratum</strong></span> <span class='ocrx_word' id='word_1_395' title='bbox 1740 5025 1921 5097; x_wconf 88' lang='lat' dir='ltr'><strong>lgnatii</strong></span> <span class='ocrx_word' id='word_1_396' title='bbox 1952 5025 2058 5078; x_wconf 85' lang='lat' dir='ltr'><strong>vir-</strong></span> 
     </span>
    </p>
   </div>
   <div class='ocr_carea' id='block_1_53' title="bbox 473 5115 2057 5198">
    <p class='ocr_par' dir='ltr' id='par_1_53' title="bbox 473 5115 2057 5198">
     <span class='ocr_line' id='line_1_53' title="bbox 473 5115 2057 5198; baseline -0.009 -15"><span class='ocrx_word' id='word_1_397' title='bbox 473 5138 642 5183; x_wconf 91' lang='lat' dir='ltr'><strong>tutum</strong></span> <span class='ocrx_word' id='word_1_398' title='bbox 672 5126 917 5198; x_wconf 88' lang='lat' dir='ltr'><strong>ingressi,</strong></span> <span class='ocrx_word' id='word_1_399' title='bbox 946 5134 999 5181; x_wconf 89' lang='lat' dir='ltr'><strong>et</strong></span> <span class='ocrx_word' id='word_1_400' title='bbox 1027 5140 1133 5179; x_wconf 91' lang='lat' dir='ltr'><strong>non</strong></span> <span class='ocrx_word' id='word_1_401' title='bbox 1162 5137 1355 5178; x_wconf 88' lang='lat' dir='ltr'><strong>vernos</strong></span> <span class='ocrx_word' id='word_1_402' title='bbox 1384 5120 1564 5185; x_wconf 86' lang='lat' dir='ltr'><strong>flores,</strong></span> <span class='ocrx_word' id='word_1_403' title='bbox 1592 5116 1688 5174; x_wconf 88' lang='lat' dir='ltr'><strong>sed</strong></span> <span class='ocrx_word' id='word_1_404' title='bbox 1719 5119 1862 5188; x_wconf 88' lang='lat' dir='ltr'><strong>ipsos</strong></span> <span class='ocrx_word' id='word_1_405' title='bbox 1884 5115 2057 5185; x_wconf 88' lang='lat' dir='ltr'><strong>Spiri-</strong></span> 
     </span>
    </p>
   </div>
   <div class='ocr_carea' id='block_1_54' title="bbox 475 5212 2054 5282">
    <p class='ocr_par' dir='ltr' id='par_1_54' title="bbox 475 5212 2054 5282">
     <span class='ocr_line' id='line_1_54' title="bbox 475 5212 2054 5282; baseline -0.01 -7"><span class='ocrx_word' id='word_1_406' title='bbox 475 5229 560 5275; x_wconf 89' lang='lat' dir='ltr'><strong>tus</strong></span> <span class='ocrx_word' id='word_1_407' title='bbox 588 5218 791 5275; x_wconf 84' lang='lat' dir='ltr'><strong>fructus</strong></span> <span class='ocrx_word' id='word_1_408' title='bbox 812 5219 989 5273; x_wconf 90' lang='lat' dir='ltr'><strong>varios</strong></span> <span class='ocrx_word' id='word_1_409' title='bbox 1016 5231 1081 5271; x_wconf 88' lang='lat' dir='ltr'><strong>ac</strong></span> <span class='ocrx_word' id='word_1_410' title='bbox 1102 5215 1349 5270; x_wconf 89' lang='lat' dir='ltr'><strong>diversos</strong></span> <span class='ocrx_word' id='word_1_411' title='bbox 1377 5212 1429 5267; x_wconf 90' lang='lat' dir='ltr'><strong>in</strong></span> <span class='ocrx_word' id='word_1_412' title='bbox 1455 5212 1569 5282; x_wconf 89' lang='lat' dir='ltr'><strong>ejus</strong></span> <span class='ocrx_word' id='word_1_413' title='bbox 1607 5212 1781 5265; x_wconf 88' lang='lat' dir='ltr'><strong>anima</strong></span> <span class='ocrx_word' id='word_1_414' title='bbox 1811 5217 2054 5263; x_wconf 87' lang='lat' dir='ltr'><strong>eontem-</strong></span> 
     </span>
    </p>
   </div>
   <div class='ocr_carea' id='block_1_55' title="bbox 476 5301 2054 5383">
    <p class='ocr_par' dir='ltr' id='par_1_55' title="bbox 476 5301 2054 5383">
     <span class='ocr_line' id='line_1_55' title="bbox 476 5301 2054 5383; baseline -0.01 -16"><span class='ocrx_word' id='word_1_415' title='bbox 476 5313 684 5383; x_wconf 88' lang='lat' dir='ltr'><strong>plantes</strong></span> <span class='ocrx_word' id='word_1_416' title='bbox 703 5325 1120 5375; x_wconf 90' lang='lat' dir='ltr'><strong>commovemur,</strong></span> <span class='ocrx_word' id='word_1_417' title='bbox 1139 5322 1203 5364; x_wconf 88' lang='lat' dir='ltr'><strong>ac</strong></span> <span class='ocrx_word' id='word_1_418' title='bbox 1227 5307 1527 5362; x_wconf 82' lang='lat' dir='ltr'><strong>dubitamus</strong></span> <span class='ocrx_word' id='word_1_419' title='bbox 1554 5303 1693 5359; x_wconf 89' lang='lat' dir='ltr'><strong>unde</strong></span> <span class='ocrx_word' id='word_1_420' title='bbox 1722 5301 2054 5373; x_wconf 87' lang='lat' dir='ltr'><strong>potissimum</strong></span> 
     </span>
    </p>
   </div>
   <div class='ocr_carea' id='block_1_56' title="bbox 473 5393 2057 5472">
    <p class='ocr_par' dir='ltr' id='par_1_56' title="bbox 473 5393 2057 5472">
     <span class='ocr_line' id='line_1_56' title="bbox 473 5393 2057 5472; baseline -0.008 -12"><span class='ocrx_word' id='word_1_421' title='bbox 473 5404 836 5468; x_wconf 81' lang='lat' dir='ltr'><strong>exordiantur,</strong></span> <span class='ocrx_word' id='word_1_422' title='bbox 867 5402 994 5457; x_wconf 91' lang='lat' dir='ltr'><strong>dum</strong></span> <span class='ocrx_word' id='word_1_423' title='bbox 1023 5400 1227 5472; x_wconf 88' lang='lat' dir='ltr'><strong>singula</strong></span> <span class='ocrx_word' id='word_1_424' title='bbox 1255 5414 1374 5470; x_wconf 61' lang='lat' dir='ltr'><strong>quae</strong></span> <span class='ocrx_word' id='word_1_425' title='bbox 1397 5396 1772 5467; x_wconf 83' lang='lat' dir='ltr'><strong>conspeximus</strong></span> <span class='ocrx_word' id='word_1_426' title='bbox 1793 5436 1808 5461; x_wconf 95' lang='lat'><strong>,</strong></span> <span class='ocrx_word' id='word_1_427' title='bbox 1845 5394 1910 5448; x_wconf 88' lang='lat' dir='ltr'><strong>ab</strong></span> <span class='ocrx_word' id='word_1_428' title='bbox 1939 5393 2057 5448; x_wconf 90' lang='lat' dir='ltr'><strong>aliis</strong></span> 
     </span>
    </p>
   </div>
   <div class='ocr_carea' id='block_1_57' title="bbox 478 5485 2057 5563">
    <p class='ocr_par' dir='ltr' id='par_1_57' title="bbox 478 5485 2057 5563">
     <span class='ocr_line' id='line_1_57' title="bbox 478 5485 2057 5563; baseline -0.007 -14"><span class='ocrx_word' id='word_1_429' title='bbox 478 5510 577 5552; x_wconf 87' lang='lat' dir='ltr'><strong>nos</strong></span> <span class='ocrx_word' id='word_1_430' title='bbox 602 5502 846 5561; x_wconf 83' lang='lat' dir='ltr'><strong>avocant,</strong></span> <span class='ocrx_word' id='word_1_431' title='bbox 871 5502 925 5550; x_wconf 92' lang='lat' dir='ltr'><strong>et</strong></span> <span class='ocrx_word' id='word_1_432' title='bbox 948 5492 1016 5547; x_wconf 89' lang='lat' dir='ltr'><strong>ad</strong></span> <span class='ocrx_word' id='word_1_433' title='bbox 1042 5491 1313 5563; x_wconf 91' lang='lat' dir='ltr'><strong>proprium</strong></span> <span class='ocrx_word' id='word_1_434' title='bbox 1338 5488 1547 5543; x_wconf 89' lang='lat' dir='ltr'><strong>decoris</strong></span> <span class='ocrx_word' id='word_1_435' title='bbox 1572 5485 1912 5557; x_wconf 87' lang='lat' dir='ltr'><strong>splendorem</strong></span> <span class='ocrx_word' id='word_1_436' title='bbox 1937 5499 2057 5539; x_wconf 87' lang='lat' dir='ltr'><strong>ocu-</strong></span> 
     </span>
    </p>
   </div>
   <div class='ocr_carea' id='block_1_58' title="bbox 545 5637 1941 5700">
    <p class='ocr_par' dir='ltr' id='par_1_58' title="bbox 545 5637 1941 5700">
     <span class='ocr_line' id='line_1_58' title="bbox 545 5637 1941 5700; baseline -0.008 -4"><span class='ocrx_word' id='word_1_437' title='bbox 545 5647 562 5678; x_wconf 80' lang='grc'>⁸</span> <span class='ocrx_word' id='word_1_438' title='bbox 596 5644 769 5695; x_wconf 73' lang='lat' dir='ltr'><strong>Donata</strong></span> <span class='ocrx_word' id='word_1_439' title='bbox 791 5657 899 5694; x_wconf 90' lang='lat' dir='ltr'><strong>cum</strong></span> <span class='ocrx_word' id='word_1_440' title='bbox 924 5644 1112 5694; x_wconf 89' lang='lat' dir='ltr'><strong>duobus</strong></span> <span class='ocrx_word' id='word_1_441' title='bbox 1131 5641 1382 5691; x_wconf 86' lang='lat' dir='ltr'><strong>Codicibtts</strong></span> <span class='ocrx_word' id='word_1_442' title='bbox 1401 5639 1562 5700; x_wconf 72' lang='lat' dir='ltr'><strong>Regiis</strong></span> <span class='ocrx_word' id='word_1_443' title='bbox 1589 5637 1707 5688; x_wconf 75' lang='lat'><strong>1832</strong></span> <span class='ocrx_word' id='word_1_444' title='bbox 1726 5644 1777 5688; x_wconf 91' lang='lat' dir='ltr'><strong>et</strong></span> <span class='ocrx_word' id='word_1_445' title='bbox 1797 5637 1941 5687; x_wconf 70' lang='grc'><strong>2513.</strong></span> 
     </span>
    </p>
   </div>
   <div class='ocr_carea' id='block_1_59' title="bbox 540 5700 2059 5770">
    <p class='ocr_par' dir='ltr' id='par_1_59' title="bbox 540 5700 2059 5770">
     <span class='ocr_line' id='line_1_59' title="bbox 540 5700 2059 5770; baseline -0.005 -13"><span class='ocrx_word' id='word_1_446' title='bbox 540 5708 622 5770; x_wconf 85' lang='lat' dir='ltr'><strong>(a)_</strong></span> <span class='ocrx_word' id='word_1_447' title='bbox 645 5706 851 5755; x_wconf 86' lang='lat' dir='ltr'><strong>&#39;n&#39;tulum</strong></span> <span class='ocrx_word' id='word_1_448' title='bbox 885 5708 956 5754; x_wconf 83' lang='lat' dir='ltr'><strong>sic</strong></span> <span class='ocrx_word' id='word_1_449' title='bbox 976 5706 1174 5770; x_wconf 79' lang='lat' dir='ltr'><strong>habent</strong></span> <span class='ocrx_word' id='word_1_450' title='bbox 1198 5700 1339 5752; x_wconf 77' lang='lat' dir='ltr'><strong>savil.</strong></span> <span class='ocrx_word' id='word_1_451' title='bbox 1362 5707 1566 5770; x_wconf 53' lang='lat' dir='ltr'><strong>etenus</strong></span> <span class='ocrx_word' id='word_1_452' title='bbox 1592 5701 1751 5752; x_wconf 80' lang='lat' dir='ltr'><strong>Codex</strong></span> <span class='ocrx_word' id='word_1_453' title='bbox 1779 5701 1985 5764; x_wconf 73' lang='lat' dir='ltr'><strong>Regius;</strong></span> <span class='ocrx_word' id='word_1_454' title='bbox 2012 5700 2059 5751; x_wconf 88' lang='lat' dir='ltr'><strong>in</strong></span> 
     </span>
    </p>
   </div>
   <div class='ocr_carea' id='block_1_60' title="bbox 474 5762 1624 5831">
    <p class='ocr_par' dir='ltr' id='par_1_60' title="bbox 474 5762 1624 5831">
     <span class='ocr_line' id='line_1_60' title="bbox 474 5762 1624 5831; baseline -0.006 -12"><span class='ocrx_word' id='word_1_455' title='bbox 474 5762 641 5819; x_wconf 75' lang='lat' dir='ltr'><strong>Morel.</strong></span> <span class='ocrx_word' id='word_1_456' title='bbox 666 5781 786 5819; x_wconf 75' lang='lat' dir='ltr'><strong>vero</strong></span> <span class='ocrx_word' id='word_1_457' title='bbox 808 5774 1053 5831; x_wconf 82' lang='lat' dir='ltr'><strong>postrema</strong></span> <span class='ocrx_word' id='word_1_458' title='bbox 1076 5766 1225 5817; x_wconf 82' lang='lat' dir='ltr'><strong>verba</strong></span> <span class='ocrx_word' id='word_1_459' title='bbox 1249 5776 1346 5814; x_wconf 88' lang='lat' dir='ltr'><strong>non</strong></span> <span class='ocrx_word' id='word_1_460' title='bbox 1362 5762 1624 5814; x_wconf 82' lang='lat' dir='ltr'><strong>habentur.</strong></span> 
     </span>
    </p>
   </div>
   <div class='ocr_carea' id='block_1_61' title="bbox 2132 1077 3725 1154">
    <p class='ocr_par' dir='ltr' id='par_1_61' title="bbox 2132 1077 3725 1154">
     <span class='ocr_line' id='line_1_61' title="bbox 2132 1077 3725 1154; baseline 0.003 -22"><span class='ocrx_word' id='word_1_461' title='bbox 2132 1077 2214 1133; x_wconf 93' lang='lat' dir='ltr'><strong>los</strong></span> <span class='ocrx_word' id='word_1_462' title='bbox 2240 1078 2403 1132; x_wconf 89' lang='lat' dir='ltr'><strong>animi</strong></span> <span class='ocrx_word' id='word_1_463' title='bbox 2431 1088 2485 1134; x_wconf 89' lang='lat' dir='ltr'><strong>et</strong></span> <span class='ocrx_word' id='word_1_464' title='bbox 2512 1080 2706 1135; x_wconf 90' lang='lat' dir='ltr'><strong>mentis</strong></span> <span class='ocrx_word' id='word_1_465' title='bbox 2728 1080 2898 1136; x_wconf 90' lang='lat' dir='ltr'><strong>aciem</strong></span> <span class='ocrx_word' id='word_1_466' title='bbox 2917 1080 3273 1137; x_wconf 77' lang='lat' dir='ltr'><strong>invitant.\&#39;os</strong></span> <span class='ocrx_word' id='word_1_467' title='bbox 3294 1083 3433 1137; x_wconf 89' lang='lat' dir='ltr'><strong>enim</strong></span> <span class='ocrx_word' id='word_1_468' title='bbox 3466 1084 3564 1154; x_wconf 89' lang='lat' dir='ltr'><strong>ipsi</strong></span> <span class='ocrx_word' id='word_1_469' title='bbox 3590 1100 3725 1138; x_wconf 88' lang='lat' dir='ltr'><strong>con-</strong></span> 
     </span>
    </p>
   </div>
   <div class='ocr_carea' id='block_1_62' title="bbox 2134 1170 3722 1245">
    <p class='ocr_par' dir='ltr' id='par_1_62' title="bbox 2134 1170 3722 1245">
     <span class='ocr_line' id='line_1_62' title="bbox 2134 1170 3722 1245; baseline 0.003 -20"><span class='ocrx_word' id='word_1_470' title='bbox 2134 1170 2366 1227; x_wconf 89' lang='lat' dir='ltr'><strong>siderate</strong></span> <span class='ocrx_word' id='word_1_471' title='bbox 2393 1190 2406 1226; x_wconf 87' lang='lat'><strong>:</strong></span> <span class='ocrx_word' id='word_1_472' title='bbox 2437 1172 2729 1227; x_wconf 87' lang='lat' dir='ltr'><strong>Ecclesiam</strong></span> <span class='ocrx_word' id='word_1_473' title='bbox 2765 1182 3003 1227; x_wconf 87' lang='lat' dir='ltr'><strong>nostram</strong></span> <span class='ocrx_word' id='word_1_474' title='bbox 3032 1173 3117 1228; x_wconf 88' lang='lat' dir='ltr'><strong>hic</strong></span> <span class='ocrx_word' id='word_1_475' title='bbox 3144 1174 3280 1228; x_wconf 82' lang='lat' dir='ltr'><strong>rexit</strong></span> <span class='ocrx_word' id='word_1_476' title='bbox 3306 1183 3409 1228; x_wconf 91' lang='lat' dir='ltr'><strong>tam</strong></span> <span class='ocrx_word' id='word_1_477' title='bbox 3442 1190 3722 1245; x_wconf 86' lang='lat' dir='ltr'><strong>generose,</strong></span> 
     </span>
    </p>
   </div>
   <div class='ocr_carea' id='block_1_63' title="bbox 2133 1263 3721 1336">
    <p class='ocr_par' dir='ltr' id='par_1_63' title="bbox 2133 1263 3721 1336">
     <span class='ocr_line' id='line_1_63' title="bbox 2133 1263 3721 1336; baseline 0.002 -20"><span class='ocrx_word' id='word_1_478' title='bbox 2133 1271 2187 1316; x_wconf 89' lang='lat' dir='ltr'><strong>et</strong></span> <span class='ocrx_word' id='word_1_479' title='bbox 2214 1272 2357 1317; x_wconf 84' lang='lat' dir='ltr'><strong>tanta</strong></span> <span class='ocrx_word' id='word_1_480' title='bbox 2399 1279 2521 1318; x_wconf 91' lang='lat' dir='ltr'><strong>cum</strong></span> <span class='ocrx_word' id='word_1_481' title='bbox 2550 1263 2820 1335; x_wconf 88' lang='lat' dir='ltr'><strong>diligentia</strong></span> <span class='ocrx_word' id='word_1_482' title='bbox 2847 1308 2863 1332; x_wconf 95' lang='lat'><strong>,</strong></span> <span class='ocrx_word' id='word_1_483' title='bbox 2904 1275 3155 1336; x_wconf 90' lang='lat' dir='ltr'><strong>quantam</strong></span> <span class='ocrx_word' id='word_1_484' title='bbox 3200 1264 3441 1321; x_wconf 83' lang='lat' dir='ltr'><strong>Christus</strong></span> <span class='ocrx_word' id='word_1_485' title='bbox 3478 1267 3721 1336; x_wconf 86' lang='lat' dir='ltr'><strong>requirit.</strong></span> 
     </span>
    </p>
   </div>
   <div class='ocr_carea' id='block_1_64' title="bbox 2131 1353 3727 1428">
    <p class='ocr_par' dir='ltr' id='par_1_64' title="bbox 2131 1353 3727 1428">
     <span class='ocr_line' id='line_1_64' title="bbox 2131 1353 3727 1428; baseline 0.005 -22"><span class='ocrx_word' id='word_1_486' title='bbox 2131 1353 2299 1420; x_wconf 88' lang='lat' dir='ltr'><strong>Quam</strong></span> <span class='ocrx_word' id='word_1_487' title='bbox 2329 1356 2471 1410; x_wconf 89' lang='lat' dir='ltr'><strong>enim</strong></span> <span class='ocrx_word' id='word_1_488' title='bbox 2496 1355 2582 1411; x_wconf 89' lang='lat' dir='ltr'><strong>ille</strong></span> <span class='ocrx_word' id='word_1_489' title='bbox 2612 1356 2895 1411; x_wconf 83' lang='lat' dir='ltr'><strong>maximam</strong></span> <span class='ocrx_word' id='word_1_490' title='bbox 2922 1372 3165 1412; x_wconf 87' lang='lat' dir='ltr'><strong>normam</strong></span> <span class='ocrx_word' id='word_1_491' title='bbox 3191 1367 3244 1412; x_wconf 89' lang='lat' dir='ltr'><strong>et</strong></span> <span class='ocrx_word' id='word_1_492' title='bbox 3264 1357 3499 1428; x_wconf 87' lang='lat' dir='ltr'><strong>regulam</strong></span> <span class='ocrx_word' id='word_1_493' title='bbox 3526 1360 3727 1428; x_wconf 88' lang='lat' dir='ltr'><strong>episco-</strong></span> 
     </span>
    </p>
   </div>
   <div class='ocr_carea' id='block_1_65' title="bbox 2133 1446 3724 1519">
    <p class='ocr_par' dir='ltr' id='par_1_65' title="bbox 2133 1446 3724 1519">
     <span class='ocr_line' id='line_1_65' title="bbox 2133 1446 3724 1519; baseline 0.003 -20"><span class='ocrx_word' id='word_1_494' title='bbox 2133 1446 2215 1515; x_wconf 86' lang='lat' dir='ltr'><strong>pis</strong></span> <span class='ocrx_word' id='word_1_495' title='bbox 2253 1448 2468 1511; x_wconf 90' lang='lat' dir='ltr'><strong>statuit,</strong></span> <span class='ocrx_word' id='word_1_496' title='bbox 2498 1462 2615 1502; x_wconf 87' lang='lat' dir='ltr'><strong>eam</strong></span> <span class='ocrx_word' id='word_1_497' title='bbox 2654 1448 2739 1503; x_wconf 91' lang='lat' dir='ltr'><strong>hic</strong></span> <span class='ocrx_word' id='word_1_498' title='bbox 2779 1448 2931 1503; x_wconf 91' lang='lat' dir='ltr'><strong>factis</strong></span> <span class='ocrx_word' id='word_1_499' title='bbox 2961 1448 3089 1519; x_wconf 93' lang='lat' dir='ltr'><strong>ipsis</strong></span> <span class='ocrx_word' id='word_1_500' title='bbox 3113 1447 3392 1518; x_wconf 86' lang='lat' dir='ltr'><strong>expressit.</strong></span> <span class='ocrx_word' id='word_1_501' title='bbox 3436 1449 3567 1504; x_wconf 88' lang='lat' dir='ltr'><strong>Nam</strong></span> <span class='ocrx_word' id='word_1_502' title='bbox 3602 1465 3724 1504; x_wconf 87' lang='lat' dir='ltr'><strong>cum</strong></span> 
     </span>
    </p>
   </div>
   <div class='ocr_carea' id='block_1_66' title="bbox 2132 1537 3726 1610">
    <p class='ocr_par' dir='ltr' id='par_1_66' title="bbox 2132 1537 3726 1610">
     <span class='ocr_line' id='line_1_66' title="bbox 2132 1537 3726 1610; baseline 0.001 -19"><span class='ocrx_word' id='word_1_503' title='bbox 2132 1537 2399 1591; x_wconf 90' lang='lat' dir='ltr'><strong>Christum</strong></span> <span class='ocrx_word' id='word_1_504' title='bbox 2432 1538 2723 1593; x_wconf 90' lang='lat' dir='ltr'><strong>audivisset</strong></span> <span class='ocrx_word' id='word_1_505' title='bbox 2749 1539 3012 1594; x_wconf 89' lang='lat' dir='ltr'><strong>dicentem</strong></span> <span class='ocrx_word' id='word_1_506' title='bbox 3047 1558 3059 1593; x_wconf 94' lang='lat'>:</span> <span class='ocrx_word' id='word_1_507' title='bbox 3092 1539 3265 1595; x_wconf 72' lang='lat' dir='ltr'><strong>Bonus</strong></span> <span class='ocrx_word' id='word_1_508' title='bbox 3304 1550 3477 1610; x_wconf 81' lang='lat' dir='ltr'><strong>pastor</strong></span> <span class='ocrx_word' id='word_1_509' title='bbox 3504 1543 3726 1593; x_wconf 78' lang='lat' dir='ltr'><strong>animum</strong></span> 
     </span>
    </p>
   </div>
   <div class='ocr_carea' id='block_1_67' title="bbox 2133 1629 3728 1702">
    <p class='ocr_par' dir='ltr' id='par_1_67' title="bbox 2133 1629 3728 1702">
     <span class='ocr_line' id='line_1_67' title="bbox 2133 1629 3728 1702; baseline 0.003 -20"><span class='ocrx_word' id='word_1_510' title='bbox 2133 1643 2279 1682; x_wconf 76' lang='lat' dir='ltr'><strong>suam</strong></span> <span class='ocrx_word' id='word_1_511' title='bbox 2307 1630 2446 1699; x_wconf 81' lang='lat' dir='ltr'><strong>ponit</strong></span> <span class='ocrx_word' id='word_1_512' title='bbox 2472 1647 2564 1701; x_wconf 90' lang='lat' dir='ltr'><strong>pro</strong></span> <span class='ocrx_word' id='word_1_513' title='bbox 2590 1631 2759 1683; x_wconf 84' lang='lat' dir='ltr'><strong>ovibus</strong></span> <span class='ocrx_word' id='word_1_514' title='bbox 2787 1629 2973 1702; x_wconf 82' lang='lat' dir='ltr'><strong>(Joan.</strong></span> <span class='ocrx_word' id='word_1_515' title='bbox 2997 1630 3084 1686; x_wconf 88' lang='grc'><strong>10.</strong></span> <span class='ocrx_word' id='word_1_516' title='bbox 3116 1631 3229 1700; x_wconf 88' lang='grc'><strong>11),</strong></span> <span class='ocrx_word' id='word_1_517' title='bbox 3253 1632 3395 1685; x_wconf 90' lang='lat' dir='ltr'><strong>omni</strong></span> <span class='ocrx_word' id='word_1_518' title='bbox 3423 1632 3728 1687; x_wconf 82' lang='lat' dir='ltr'><strong>fortitudine</strong></span> 
     </span>
    </p>
   </div>
   <div class='ocr_carea' id='block_1_68' title="bbox 2134 1719 2874 1789">
    <p class='ocr_par' dir='ltr' id='par_1_68' title="bbox 2134 1719 2874 1789">
     <span class='ocr_line' id='line_1_68' title="bbox 2134 1719 2874 1789; baseline 0.004 -18"><span class='ocrx_word' id='word_1_519' title='bbox 2134 1732 2252 1772; x_wconf 87' lang='lat' dir='ltr'><strong>eam</strong></span> <span class='ocrx_word' id='word_1_520' title='bbox 2280 1734 2377 1787; x_wconf 92' lang='lat' dir='ltr'><strong>pro</strong></span> <span class='ocrx_word' id='word_1_521' title='bbox 2404 1720 2592 1772; x_wconf 83' lang='lat' dir='ltr'><strong>ovibus</strong></span> <span class='ocrx_word' id='word_1_522' title='bbox 2620 1719 2874 1789; x_wconf 87' lang='lat' dir='ltr'><strong>profudit.</strong></span> 
     </span>
    </p>
   </div>
   <div class='ocr_carea' id='block_1_69' title="bbox 2206 1806 3721 1882">
    <p class='ocr_par' dir='ltr' id='par_1_69' title="bbox 2206 1806 3721 1882">
     <span class='ocr_line' id='line_1_69' title="bbox 2206 1806 3721 1882; baseline 0.004 -21"><span class='ocrx_word' id='word_1_523' title='bbox 2206 1806 2438 1877; x_wconf 76' lang='lat' dir='ltr'><strong>Ignatius</strong></span> <span class='ocrx_word' id='word_1_524' title='bbox 2466 1825 2578 1862; x_wconf 81' lang='lat' dir='ltr'><strong>cum</strong></span> <span class='ocrx_word' id='word_1_525' title='bbox 2604 1808 2858 1879; x_wconf 75' lang='lat' dir='ltr'><strong>Apostolis</strong></span> <span class='ocrx_word' id='word_1_526' title='bbox 2879 1818 3122 1864; x_wconf 76' lang='lat' dir='ltr'><strong>versatus.</strong></span> <span class='ocrx_word' id='word_1_527' title='bbox 3156 1808 3354 1865; x_wconf 73' lang='lat' dir='ltr'><strong>Lauda</strong></span> <span class='ocrx_word' id='word_1_528' title='bbox 3374 1810 3721 1882; x_wconf 75' lang='lat' dir='ltr'><strong>Episwpatus.</strong></span> 
     </span>
    </p>
   </div>
   <div class='ocr_carea' id='block_1_70' title="bbox 2140 1899 3731 1972">
    <p class='ocr_par' dir='ltr' id='par_1_70' title="bbox 2140 1899 3731 1972">
     <span class='ocr_line' id='line_1_70' title="bbox 2140 1899 3731 1972; baseline 0.003 -21"><span class='ocrx_word' id='word_1_529' title='bbox 2140 1900 2237 1964; x_wconf 79' lang='lat' dir='ltr'><strong>Qui</strong></span> <span class='ocrx_word' id='word_1_530' title='bbox 2261 1899 2523 1968; x_wconf 80' lang='lat' dir='ltr'><strong>indignum</strong></span> <span class='ocrx_word' id='word_1_531' title='bbox 2549 1901 2767 1961; x_wconf 82' lang='lat' dir='ltr'><strong>ordinat,</strong></span> <span class='ocrx_word' id='word_1_532' title='bbox 2801 1910 3113 1969; x_wconf 82' lang='lat' dir='ltr'><strong>peccatorum</strong></span> <span class='ocrx_word' id='word_1_533' title='bbox 3141 1902 3249 1972; x_wconf 75' lang='lat' dir='ltr'><strong>ejus</strong></span> <span class='ocrx_word' id='word_1_534' title='bbox 3274 1901 3331 1970; x_wconf 84' lang='lat' dir='ltr'><strong>ﬁt</strong></span> <span class='ocrx_word' id='word_1_535' title='bbox 3355 1902 3627 1971; x_wconf 78' lang='lat' dir='ltr'><strong>particeps.</strong></span> <span class='ocrx_word' id='word_1_536' title='bbox 3661 1931 3731 1944; x_wconf 89' lang='lat'><strong>-—</strong></span> 
     </span>
    </p>
   </div>
   <div class='ocr_carea' id='block_1_71' title="bbox 2137 1990 3726 2059">
    <p class='ocr_par' dir='ltr' id='par_1_71' title="bbox 2137 1990 3726 2059">
     <span class='ocr_line' id='line_1_71' title="bbox 2137 1990 3726 2059; baseline 0.002 -15"><span class='ocrx_word' id='word_1_537' title='bbox 2137 1990 2271 2044; x_wconf 90' lang='lat' dir='ltr'><strong>Cum</strong></span> <span class='ocrx_word' id='word_1_538' title='bbox 2302 1990 2555 2059; x_wconf 89' lang='lat' dir='ltr'><strong>apostolis</strong></span> <span class='ocrx_word' id='word_1_539' title='bbox 2581 1997 2797 2045; x_wconf 88' lang='lat' dir='ltr'><strong>strenue</strong></span> <span class='ocrx_word' id='word_1_540' title='bbox 2823 1999 3064 2045; x_wconf 90' lang='lat' dir='ltr'><strong>versatus</strong></span> <span class='ocrx_word' id='word_1_541' title='bbox 3091 2002 3210 2057; x_wconf 90' lang='lat' dir='ltr'><strong>est,</strong></span> <span class='ocrx_word' id='word_1_542' title='bbox 3243 2000 3296 2046; x_wconf 87' lang='lat' dir='ltr'><strong>et</strong></span> <span class='ocrx_word' id='word_1_543' title='bbox 3327 1991 3522 2046; x_wconf 85' lang='lat' dir='ltr'><strong>ﬂuenta</strong></span> <span class='ocrx_word' id='word_1_544' title='bbox 3552 1991 3726 2047; x_wconf 88' lang='lat' dir='ltr'><strong>hausit</strong></span> 
     </span>
    </p>
   </div>
   <div class='ocr_carea' id='block_1_72' title="bbox 2138 2082 3731 2153">
    <p class='ocr_par' dir='ltr' id='par_1_72' title="bbox 2138 2082 3731 2153">
     <span class='ocr_line' id='line_1_72' title="bbox 2138 2082 3731 2153; baseline -0.001 -16"><span class='ocrx_word' id='word_1_545' title='bbox 2138 2084 2452 2151; x_wconf 80' lang='lat' dir='ltr'><strong>Spiritualia.</strong></span> <span class='ocrx_word' id='word_1_546' title='bbox 2483 2083 2702 2149; x_wconf 84' lang='lat' dir='ltr'><strong>Qualem</strong></span> <span class='ocrx_word' id='word_1_547' title='bbox 2734 2082 2892 2153; x_wconf 88' lang='lat' dir='ltr'><strong>igitur</strong></span> <span class='ocrx_word' id='word_1_548' title='bbox 2915 2097 3036 2137; x_wconf 93' lang='lat' dir='ltr'><strong>eum</strong></span> <span class='ocrx_word' id='word_1_549' title='bbox 3066 2096 3185 2137; x_wconf 88' lang='lat' dir='ltr'><strong>esse</strong></span> <span class='ocrx_word' id='word_1_550' title='bbox 3212 2098 3304 2151; x_wconf 88' lang='lat' dir='ltr'><strong>par</strong></span> <span class='ocrx_word' id='word_1_551' title='bbox 3334 2082 3455 2146; x_wconf 90' lang='lat' dir='ltr'><strong>fuit,</strong></span> <span class='ocrx_word' id='word_1_552' title='bbox 3491 2082 3577 2152; x_wconf 91' lang='lat' dir='ltr'><strong>qui</strong></span> <span class='ocrx_word' id='word_1_553' title='bbox 3608 2098 3731 2136; x_wconf 84' lang='lat' dir='ltr'><strong>cum</strong></span> 
     </span>
    </p>
   </div>
   <div class='ocr_carea' id='block_1_73' title="bbox 2139 2173 3747 2243">
    <p class='ocr_par' dir='ltr' id='par_1_73' title="bbox 2139 2173 3747 2243">
     <span class='ocr_line' id='line_1_73' title="bbox 2139 2173 3747 2243; baseline 0.001 -17"><span class='ocrx_word' id='word_1_554' title='bbox 2139 2173 2243 2227; x_wconf 90' lang='lat' dir='ltr'><strong>illis</strong></span> <span class='ocrx_word' id='word_1_555' title='bbox 2268 2174 2521 2228; x_wconf 87' lang='lat' dir='ltr'><strong>educatus</strong></span> <span class='ocrx_word' id='word_1_556' title='bbox 2550 2182 2650 2237; x_wconf 89' lang='lat' dir='ltr'><strong>est,</strong></span> <span class='ocrx_word' id='word_1_557' title='bbox 2675 2183 2729 2229; x_wconf 90' lang='lat' dir='ltr'><strong>et</strong></span> <span class='ocrx_word' id='word_1_558' title='bbox 2756 2174 2950 2243; x_wconf 88' lang='lat' dir='ltr'><strong>ubique</strong></span> <span class='ocrx_word' id='word_1_559' title='bbox 2975 2174 3125 2240; x_wconf 86' lang='lat' dir='ltr'><strong>vixit,</strong></span> <span class='ocrx_word' id='word_1_560' title='bbox 3156 2184 3211 2229; x_wconf 90' lang='lat' dir='ltr'><strong>et</strong></span> <span class='ocrx_word' id='word_1_561' title='bbox 3234 2174 3494 2241; x_wconf 89' lang='lat' dir='ltr'><strong>omnium,</strong></span> <span class='ocrx_word' id='word_1_562' title='bbox 3522 2189 3642 2243; x_wconf 66' lang='lat' dir='ltr'><strong>qua:</strong></span> <span class='ocrx_word' id='word_1_563' title='bbox 3663 2175 3747 2228; x_wconf 64' lang='lat' dir='ltr'><strong>ab.</strong></span> 
     </span>
    </p>
   </div>
   <div class='ocr_carea' id='block_1_74' title="bbox 2140 2264 3736 2335">
    <p class='ocr_par' dir='ltr' id='par_1_74' title="bbox 2140 2264 3736 2335">
     <span class='ocr_line' id='line_1_74' title="bbox 2140 2264 3736 2335; baseline 0 -15"><span class='ocrx_word' id='word_1_564' title='bbox 2140 2268 2243 2322; x_wconf 82' lang='lat' dir='ltr'><strong>illis</strong></span> <span class='ocrx_word' id='word_1_565' title='bbox 2269 2268 2352 2322; x_wconf 90' lang='lat' dir='ltr'><strong>vel</strong></span> <span class='ocrx_word' id='word_1_566' title='bbox 2394 2267 2533 2322; x_wconf 88' lang='lat' dir='ltr'><strong>dicta</strong></span> <span class='ocrx_word' id='word_1_567' title='bbox 2573 2267 2656 2322; x_wconf 87' lang='lat' dir='ltr'><strong>vel</strong></span> <span class='ocrx_word' id='word_1_568' title='bbox 2696 2282 2801 2321; x_wconf 90' lang='lat' dir='ltr'><strong>non</strong></span> <span class='ocrx_word' id='word_1_569' title='bbox 2832 2266 2968 2321; x_wconf 88' lang='lat' dir='ltr'><strong>dicta</strong></span> <span class='ocrx_word' id='word_1_570' title='bbox 3011 2275 3173 2333; x_wconf 86' lang='lat' dir='ltr'><strong>sunt,</strong></span> <span class='ocrx_word' id='word_1_571' title='bbox 3205 2266 3470 2335; x_wconf 87' lang='lat' dir='ltr'><strong>particeps</strong></span> <span class='ocrx_word' id='word_1_572' title='bbox 3513 2264 3649 2330; x_wconf 91' lang='lat' dir='ltr'><strong>fuit,</strong></span> <span class='ocrx_word' id='word_1_573' title='bbox 3679 2274 3736 2320; x_wconf 81' lang='lat' dir='ltr'><strong>et</strong></span> 
     </span>
    </p>
   </div>
   <div class='ocr_carea' id='block_1_75' title="bbox 2142 2356 3733 2428">
    <p class='ocr_par' dir='ltr' id='par_1_75' title="bbox 2142 2356 3733 2428">
     <span class='ocr_line' id='line_1_75' title="bbox 2142 2356 3733 2428; baseline -0.003 -15"><span class='ocrx_word' id='word_1_574' title='bbox 2142 2367 2288 2413; x_wconf 89' lang='lat' dir='ltr'><strong>tanto</strong></span> <span class='ocrx_word' id='word_1_575' title='bbox 2314 2359 2611 2428; x_wconf 88' lang='lat' dir='ltr'><strong>principatu</strong></span> <span class='ocrx_word' id='word_1_576' title='bbox 2628 2357 2817 2428; x_wconf 89' lang='lat' dir='ltr'><strong>dignus</strong></span> <span class='ocrx_word' id='word_1_577' title='bbox 2841 2357 2908 2412; x_wconf 83' lang='lat' dir='ltr'><strong>ab</strong></span> <span class='ocrx_word' id='word_1_578' title='bbox 2928 2357 3059 2426; x_wconf 90' lang='lat' dir='ltr'><strong>ipsis</strong></span> <span class='ocrx_word' id='word_1_579' title='bbox 3077 2367 3159 2412; x_wconf 87' lang='lat' dir='ltr'><strong>est</strong></span> <span class='ocrx_word' id='word_1_580' title='bbox 3176 2356 3476 2426; x_wconf 83' lang='lat' dir='ltr'><strong>judicatus?</strong></span> <span class='ocrx_word' id='word_1_581' title='bbox 3503 2356 3733 2411; x_wconf 80' lang='lat' dir='ltr'><strong>Rursum</strong></span> 
     </span>
    </p>
   </div>
   <div class='ocr_carea' id='block_1_76' title="bbox 2141 2446 3735 2518">
    <p class='ocr_par' dir='ltr' id='par_1_76' title="bbox 2141 2446 3735 2518">
     <span class='ocr_line' id='line_1_76' title="bbox 2141 2446 3735 2518; baseline -0.001 -17"><span class='ocrx_word' id='word_1_582' title='bbox 2141 2448 2307 2503; x_wconf 89' lang='lat' dir='ltr'><strong>adfuit</strong></span> <span class='ocrx_word' id='word_1_583' title='bbox 2334 2459 2563 2518; x_wconf 89' lang='lat' dir='ltr'><strong>tempus,</strong></span> <span class='ocrx_word' id='word_1_584' title='bbox 2592 2448 2732 2518; x_wconf 91' lang='lat' dir='ltr'><strong>quod</strong></span> <span class='ocrx_word' id='word_1_585' title='bbox 2763 2446 3125 2502; x_wconf 89' lang='lat' dir='ltr'><strong>fortitudinem</strong></span> <span class='ocrx_word' id='word_1_586' title='bbox 3153 2447 3397 2517; x_wconf 88' lang='lat' dir='ltr'><strong>exigebat</strong></span> <span class='ocrx_word' id='word_1_587' title='bbox 3420 2455 3475 2501; x_wconf 87' lang='lat' dir='ltr'><strong>et</strong></span> <span class='ocrx_word' id='word_1_588' title='bbox 3498 2447 3735 2501; x_wconf 87' lang='lat' dir='ltr'><strong>animum</strong></span> 
     </span>
    </p>
   </div>
   <div class='ocr_carea' id='block_1_77' title="bbox 2143 2538 3753 2610">
    <p class='ocr_par' dir='ltr' id='par_1_77' title="bbox 2143 2538 3753 2610">
     <span class='ocr_line' id='line_1_77' title="bbox 2143 2538 3753 2610; baseline -0.004 -14"><span class='ocrx_word' id='word_1_589' title='bbox 2143 2541 2320 2596; x_wconf 90' lang='lat' dir='ltr'><strong>omnia</strong></span> <span class='ocrx_word' id='word_1_590' title='bbox 2364 2540 2645 2610; x_wconf 70' lang='lat' dir='ltr'><strong>praesentia</strong></span> <span class='ocrx_word' id='word_1_591' title='bbox 2676 2538 3057 2609; x_wconf 79' lang='lat' dir='ltr'><strong>deSpicientem</strong></span> <span class='ocrx_word' id='word_1_592' title='bbox 3082 2578 3099 2604; x_wconf 98' lang='lat'><strong>,</strong></span> <span class='ocrx_word' id='word_1_593' title='bbox 3130 2539 3324 2609; x_wconf 87' lang='lat' dir='ltr'><strong>quique</strong></span> <span class='ocrx_word' id='word_1_594' title='bbox 3353 2553 3533 2593; x_wconf 90' lang='lat' dir='ltr'><strong>amore</strong></span> <span class='ocrx_word' id='word_1_595' title='bbox 3555 2538 3753 2593; x_wconf 84' lang='lat' dir='ltr'><strong>divino</strong></span> 
     </span>
    </p>
   </div>
   <div class='ocr_carea' id='block_1_78' title="bbox 2142 2628 3738 2697">
    <p class='ocr_par' dir='ltr' id='par_1_78' title="bbox 2142 2628 3738 2697">
     <span class='ocr_line' id='line_1_78' title="bbox 2142 2628 3738 2697; baseline -0.003 -10"><span class='ocrx_word' id='word_1_596' title='bbox 2142 2631 2409 2697; x_wconf 85' lang='lat' dir='ltr'><strong>ferveret,</strong></span> <span class='ocrx_word' id='word_1_597' title='bbox 2454 2639 2509 2686; x_wconf 91' lang='lat' dir='ltr'><strong>et</strong></span> <span class='ocrx_word' id='word_1_598' title='bbox 2552 2630 2835 2686; x_wconf 80' lang='lat' dir='ltr'><strong>invisibilia</strong></span> <span class='ocrx_word' id='word_1_599' title='bbox 2863 2629 3158 2685; x_wconf 86' lang='lat' dir='ltr'><strong>visibilibus</strong></span> <span class='ocrx_word' id='word_1_600' title='bbox 3182 2628 3473 2685; x_wconf 87' lang='lat' dir='ltr'><strong>anteferret</strong></span> <span class='ocrx_word' id='word_1_601' title='bbox 3500 2647 3513 2683; x_wconf 89' lang='lat'>:</span> <span class='ocrx_word' id='word_1_602' title='bbox 3546 2637 3599 2683; x_wconf 85' lang='lat' dir='ltr'><strong>et</strong></span> <span class='ocrx_word' id='word_1_603' title='bbox 3629 2637 3738 2683; x_wconf 87' lang='lat' dir='ltr'><strong>tam</strong></span> 
     </span>
    </p>
   </div>
   <div class='ocr_carea' id='block_1_79' title="bbox 2142 2722 3739 2795">
    <p class='ocr_par' dir='ltr' id='par_1_79' title="bbox 2142 2722 3739 2795">
     <span class='ocr_line' id='line_1_79' title="bbox 2142 2722 3739 2795; baseline -0.003 -15"><span class='ocrx_word' id='word_1_604' title='bbox 2142 2724 2296 2781; x_wconf 89' lang='lat' dir='ltr'><strong>facile</strong></span> <span class='ocrx_word' id='word_1_605' title='bbox 2344 2739 2559 2780; x_wconf 86' lang='lat' dir='ltr'><strong>carnem</strong></span> <span class='ocrx_word' id='word_1_606' title='bbox 2608 2724 2893 2795; x_wconf 90' lang='lat' dir='ltr'><strong>deposuit,</strong></span> <span class='ocrx_word' id='word_1_607' title='bbox 2939 2737 3099 2792; x_wconf 90' lang='lat' dir='ltr'><strong>quam</strong></span> <span class='ocrx_word' id='word_1_608' title='bbox 3142 2723 3316 2793; x_wconf 91' lang='lat' dir='ltr'><strong>quivis</strong></span> <span class='ocrx_word' id='word_1_609' title='bbox 3359 2722 3492 2777; x_wconf 88' lang='lat' dir='ltr'><strong>alius</strong></span> <span class='ocrx_word' id='word_1_610' title='bbox 3530 2729 3739 2777; x_wconf 87' lang='lat' dir='ltr'><strong>vestem</strong></span> 
     </span>
    </p>
   </div>
   <div class='ocr_carea' id='block_1_80' title="bbox 2146 2812 3741 2886">
    <p class='ocr_par' dir='ltr' id='par_1_80' title="bbox 2146 2812 3741 2886">
     <span class='ocr_line' id='line_1_80' title="bbox 2146 2812 3741 2886; baseline -0.004 -15"><span class='ocrx_word' id='word_1_611' title='bbox 2146 2818 2402 2871; x_wconf 87' lang='lat' dir='ltr'><strong>exuisset.</strong></span> <span class='ocrx_word' id='word_1_612' title='bbox 2430 2815 2567 2883; x_wconf 87' lang='lat' dir='ltr'><strong>Quid</strong></span> <span class='ocrx_word' id='word_1_613' title='bbox 2600 2814 2760 2886; x_wconf 86' lang='lat' dir='ltr'><strong>igitur</strong></span> <span class='ocrx_word' id='word_1_614' title='bbox 2800 2814 3027 2885; x_wconf 89' lang='lat' dir='ltr'><strong>primum</strong></span> <span class='ocrx_word' id='word_1_615' title='bbox 3074 2812 3495 2883; x_wconf 79' lang='lat' dir='ltr'><strong>persequemur?</strong></span> <span class='ocrx_word' id='word_1_616' title='bbox 3520 2820 3741 2882; x_wconf 85' lang='lat' dir='ltr'><strong>aposto-</strong></span> 
     </span>
    </p>
   </div>
   <div class='ocr_carea' id='block_1_81' title="bbox 2147 2902 3741 2975">
    <p class='ocr_par' dir='ltr' id='par_1_81' title="bbox 2147 2902 3741 2975">
     <span class='ocr_line' id='line_1_81' title="bbox 2147 2902 3741 2975; baseline -0.003 -14"><span class='ocrx_word' id='word_1_617' title='bbox 2147 2906 2323 2962; x_wconf 90' lang='lat' dir='ltr'><strong>lorum</strong></span> <span class='ocrx_word' id='word_1_618' title='bbox 2346 2905 2662 2971; x_wconf 91' lang='lat' dir='ltr'><strong>doctrinam,</strong></span> <span class='ocrx_word' id='word_1_619' title='bbox 2686 2919 2843 2975; x_wconf 91' lang='lat' dir='ltr'><strong>quam</strong></span> <span class='ocrx_word' id='word_1_620' title='bbox 2874 2903 2929 2958; x_wconf 93' lang='lat' dir='ltr'><strong>in</strong></span> <span class='ocrx_word' id='word_1_621' title='bbox 2954 2904 3203 2957; x_wconf 89' lang='lat' dir='ltr'><strong>omnibus</strong></span> <span class='ocrx_word' id='word_1_622' title='bbox 3228 2902 3489 2968; x_wconf 84' lang='lat' dir='ltr'><strong>exhibuit,</strong></span> <span class='ocrx_word' id='word_1_623' title='bbox 3515 2917 3582 2956; x_wconf 92' lang='lat' dir='ltr'><strong>an</strong></span> <span class='ocrx_word' id='word_1_624' title='bbox 3610 2916 3741 2971; x_wconf 61' lang='lat' dir='ltr'><strong>prm-</strong></span> 
     </span>
    </p>
   </div>
   <div class='ocr_carea' id='block_1_82' title="bbox 2146 2992 3737 3063">
    <p class='ocr_par' dir='ltr' id='par_1_82' title="bbox 2146 2992 3737 3063">
     <span class='ocr_line' id='line_1_82' title="bbox 2146 2992 3737 3063; baseline -0.003 -13"><span class='ocrx_word' id='word_1_625' title='bbox 2146 2996 2314 3051; x_wconf 89' lang='lat' dir='ltr'><strong>sentis</strong></span> <span class='ocrx_word' id='word_1_626' title='bbox 2351 2996 2472 3051; x_wconf 65' lang='lat' dir='ltr'><strong>vitae</strong></span> <span class='ocrx_word' id='word_1_627' title='bbox 2516 2993 2926 3063; x_wconf 87' lang='lat' dir='ltr'><strong>contemptum?</strong></span> <span class='ocrx_word' id='word_1_628' title='bbox 2953 3008 3022 3047; x_wconf 89' lang='lat' dir='ltr'><strong>an</strong></span> <span class='ocrx_word' id='word_1_629' title='bbox 3068 2992 3277 3046; x_wconf 88' lang='lat' dir='ltr'><strong>virtutis</strong></span> <span class='ocrx_word' id='word_1_630' title='bbox 3322 2992 3737 3063; x_wconf 59' lang='lat' dir='ltr'><strong>praestantiam,</strong></span> 
     </span>
    </p>
   </div>
   <div class='ocr_carea' id='block_1_83' title="bbox 2145 3081 3741 3159">
    <p class='ocr_par' dir='ltr' id='par_1_83' title="bbox 2145 3081 3741 3159">
     <span class='ocr_line' id='line_1_83' title="bbox 2145 3081 3741 3159; baseline -0.004 -18"><span class='ocrx_word' id='word_1_631' title='bbox 2145 3103 2248 3159; x_wconf 90' lang='lat' dir='ltr'><strong>qua</strong></span> <span class='ocrx_word' id='word_1_632' title='bbox 2300 3085 2594 3141; x_wconf 82' lang='lat' dir='ltr'><strong>Ecclesiam</strong></span> <span class='ocrx_word' id='word_1_633' title='bbox 2643 3082 3084 3139; x_wconf 81' lang='lat' dir='ltr'><strong>administravit?</strong></span> <span class='ocrx_word' id='word_1_634' title='bbox 3130 3083 3300 3150; x_wconf 89' lang='lat' dir='ltr'><strong>Quem</strong></span> <span class='ocrx_word' id='word_1_635' title='bbox 3350 3081 3689 3137; x_wconf 88' lang='lat' dir='ltr'><strong>laudabimus</strong></span> <span class='ocrx_word' id='word_1_636' title='bbox 3715 3082 3741 3134; x_wconf 70' lang='grc' dir='ltr'><strong><em>τ</em></strong></span> 
     </span>
    </p>
   </div>
   <div class='ocr_carea' id='block_1_84' title="bbox 2148 3172 3743 3251">
    <p class='ocr_par' dir='ltr' id='par_1_84' title="bbox 2148 3172 3743 3251">
     <span class='ocr_line' id='line_1_84' title="bbox 2148 3172 3743 3251; baseline -0.005 -17"><span class='ocrx_word' id='word_1_637' title='bbox 2148 3176 2489 3251; x_wconf 82' lang='lat' dir='ltr'><strong>martyrem?</strong></span> <span class='ocrx_word' id='word_1_638' title='bbox 2533 3175 2894 3246; x_wconf 90' lang='lat' dir='ltr'><strong>episcopum?</strong></span> <span class='ocrx_word' id='word_1_639' title='bbox 2941 3189 3009 3229; x_wconf 92' lang='lat' dir='ltr'><strong>an</strong></span> <span class='ocrx_word' id='word_1_640' title='bbox 3062 3173 3410 3244; x_wconf 87' lang='lat' dir='ltr'><strong>apostolum?</strong></span> <span class='ocrx_word' id='word_1_641' title='bbox 3450 3172 3743 3242; x_wconf 86' lang='lat' dir='ltr'><strong>Triplicem</strong></span> 
     </span>
    </p>
   </div>
   <div class='ocr_carea' id='block_1_85' title="bbox 2147 3264 3740 3338">
    <p class='ocr_par' dir='ltr' id='par_1_85' title="bbox 2147 3264 3740 3338">
     <span class='ocr_line' id='line_1_85' title="bbox 2147 3264 3740 3338; baseline -0.005 -12"><span class='ocrx_word' id='word_1_642' title='bbox 2147 3270 2291 3327; x_wconf 92' lang='lat' dir='ltr'><strong>enim</strong></span> <span class='ocrx_word' id='word_1_643' title='bbox 2321 3284 2571 3325; x_wconf 89' lang='lat' dir='ltr'><strong>coronam</strong></span> <span class='ocrx_word' id='word_1_644' title='bbox 2598 3268 2765 3338; x_wconf 87' lang='lat' dir='ltr'><strong>gratia</strong></span> <span class='ocrx_word' id='word_1_645' title='bbox 2790 3266 3017 3337; x_wconf 89' lang='lat' dir='ltr'><strong>Spiritus</strong></span> <span class='ocrx_word' id='word_1_646' title='bbox 3043 3264 3335 3330; x_wconf 89' lang='lat' dir='ltr'><strong>contexuit,</strong></span> <span class='ocrx_word' id='word_1_647' title='bbox 3366 3281 3469 3336; x_wconf 90' lang='lat' dir='ltr'><strong>qua</strong></span> <span class='ocrx_word' id='word_1_648' title='bbox 3495 3273 3740 3320; x_wconf 88' lang='lat' dir='ltr'><strong>sanctum</strong></span> 
     </span>
    </p>
   </div>
   <div class='ocr_carea' id='block_1_86' title="bbox 2149 3355 3740 3432">
    <p class='ocr_par' dir='ltr' id='par_1_86' title="bbox 2149 3355 3740 3432">
     <span class='ocr_line' id='line_1_86' title="bbox 2149 3355 3740 3432; baseline -0.005 -15"><span class='ocrx_word' id='word_1_649' title='bbox 2149 3363 2293 3418; x_wconf 91' lang='lat' dir='ltr'><strong>illius</strong></span> <span class='ocrx_word' id='word_1_650' title='bbox 2317 3369 2479 3432; x_wconf 89' lang='lat' dir='ltr'><strong>caput</strong></span> <span class='ocrx_word' id='word_1_651' title='bbox 2506 3358 2776 3416; x_wconf 90' lang='lat' dir='ltr'><strong>redimivit</strong></span> <span class='ocrx_word' id='word_1_652' title='bbox 2795 3400 2810 3422; x_wconf 87' lang='lat'><strong>.</strong></span> <span class='ocrx_word' id='word_1_653' title='bbox 2843 3359 2950 3413; x_wconf 90' lang='lat' dir='ltr'><strong>imo</strong></span> <span class='ocrx_word' id='word_1_654' title='bbox 2976 3372 3104 3413; x_wconf 81' lang='lat' dir='ltr'><strong>vero</strong></span> <span class='ocrx_word' id='word_1_655' title='bbox 3132 3356 3497 3427; x_wconf 88' lang='lat' dir='ltr'><strong>multiplicem.</strong></span> <span class='ocrx_word' id='word_1_656' title='bbox 3528 3355 3583 3411; x_wconf 88' lang='lat' dir='ltr'><strong>Si</strong></span> <span class='ocrx_word' id='word_1_657' title='bbox 3615 3355 3740 3424; x_wconf 87' lang='lat' dir='ltr'><strong>quis</strong></span> 
     </span>
    </p>
   </div>
   <div class='ocr_carea' id='block_1_87' title="bbox 2150 3447 3745 3524">
    <p class='ocr_par' dir='ltr' id='par_1_87' title="bbox 2150 3447 3745 3524">
     <span class='ocr_line' id='line_1_87' title="bbox 2150 3447 3745 3524; baseline -0.004 -14"><span class='ocrx_word' id='word_1_658' title='bbox 2150 3455 2291 3511; x_wconf 89' lang='lat' dir='ltr'><strong>enim</strong></span> <span class='ocrx_word' id='word_1_659' title='bbox 2315 3453 2600 3524; x_wconf 90' lang='lat' dir='ltr'><strong>diligenter</strong></span> <span class='ocrx_word' id='word_1_660' title='bbox 2621 3465 2847 3507; x_wconf 88' lang='lat' dir='ltr'><strong>coronas</strong></span> <span class='ocrx_word' id='word_1_661' title='bbox 2875 3449 3111 3520; x_wconf 84' lang='lat' dir='ltr'><strong>singulas</strong></span> <span class='ocrx_word' id='word_1_662' title='bbox 3133 3448 3479 3517; x_wconf 85' lang='lat' dir='ltr'><strong>consideret,</strong></span> <span class='ocrx_word' id='word_1_663' title='bbox 3506 3447 3745 3503; x_wconf 83' lang='lat' dir='ltr'><strong>inveniet</strong></span> 
     </span>
    </p>
   </div>
   <div class='ocr_carea' id='block_1_88' title="bbox 2150 3544 2957 3615">
    <p class='ocr_par' dir='ltr' id='par_1_88' title="bbox 2150 3544 2957 3615">
     <span class='ocr_line' id='line_1_88' title="bbox 2150 3544 2957 3615; baseline -0.007 -11"><span class='ocrx_word' id='word_1_664' title='bbox 2150 3556 2206 3604; x_wconf 91' lang='lat' dir='ltr'><strong>et</strong></span> <span class='ocrx_word' id='word_1_665' title='bbox 2236 3549 2365 3602; x_wconf 87' lang='lat' dir='ltr'><strong>alias</strong></span> <span class='ocrx_word' id='word_1_666' title='bbox 2393 3546 2547 3601; x_wconf 92' lang='lat' dir='ltr'><strong>nobis</strong></span> <span class='ocrx_word' id='word_1_667' title='bbox 2573 3544 2957 3615; x_wconf 82' lang='lat' dir='ltr'><strong>germinantes.</strong></span> 
     </span>
    </p>
   </div>
   <div class='ocr_carea' id='block_1_89' title="bbox 2221 3630 3731 3709">
    <p class='ocr_par' dir='ltr' id='par_1_89' title="bbox 2221 3630 3731 3709">
     <span class='ocr_line' id='line_1_89' title="bbox 2221 3630 3731 3709; baseline -0.006 -15"><span class='ocrx_word' id='word_1_668' title='bbox 2221 3639 2275 3694; x_wconf 70' lang='lat'><strong>2.</strong></span> <span class='ocrx_word' id='word_1_669' title='bbox 2311 3642 2386 3693; x_wconf 84' lang='lat' dir='ltr'><strong>Ac</strong></span> <span class='ocrx_word' id='word_1_670' title='bbox 2407 3637 2689 3709; x_wconf 90' lang='lat' dir='ltr'><strong>principio,</strong></span> <span class='ocrx_word' id='word_1_671' title='bbox 2714 3634 2759 3691; x_wconf 90' lang='lat' dir='ltr'><strong>si</strong></span> <span class='ocrx_word' id='word_1_672' title='bbox 2786 3635 2936 3691; x_wconf 91' lang='lat' dir='ltr'><strong>vobis</strong></span> <span class='ocrx_word' id='word_1_673' title='bbox 2962 3636 3153 3706; x_wconf 89' lang='lat' dir='ltr'><strong>placet,</strong></span> <span class='ocrx_word' id='word_1_674' title='bbox 3171 3634 3237 3689; x_wconf 91' lang='lat' dir='ltr'><strong>ab</strong></span> <span class='ocrx_word' id='word_1_675' title='bbox 3254 3633 3586 3704; x_wconf 85' lang='lat' dir='ltr'><strong>episcopatus</strong></span> <span class='ocrx_word' id='word_1_676' title='bbox 3608 3630 3731 3686; x_wconf 80' lang='lat' dir='ltr'><strong>lau-</strong></span> 
     </span>
    </p>
   </div>
   <div class='ocr_carea' id='block_1_90' title="bbox 2151 3724 3745 3800">
    <p class='ocr_par' dir='ltr' id='par_1_90' title="bbox 2151 3724 3745 3800">
     <span class='ocr_line' id='line_1_90' title="bbox 2151 3724 3745 3800; baseline -0.006 -14"><span class='ocrx_word' id='word_1_677' title='bbox 2151 3731 2308 3787; x_wconf 91' lang='lat' dir='ltr'><strong>dibus</strong></span> <span class='ocrx_word' id='word_1_678' title='bbox 2354 3729 2693 3800; x_wconf 91' lang='lat' dir='ltr'><strong>incipiamus.</strong></span> <span class='ocrx_word' id='word_1_679' title='bbox 2722 3726 3012 3783; x_wconf 78' lang='lat' dir='ltr'><strong>Videturne</strong></span> <span class='ocrx_word' id='word_1_680' title='bbox 3038 3725 3189 3781; x_wconf 88' lang='lat' dir='ltr'><strong>vobis</strong></span> <span class='ocrx_word' id='word_1_681' title='bbox 3221 3725 3337 3780; x_wconf 87' lang='lat' dir='ltr'><strong>hacc</strong></span> <span class='ocrx_word' id='word_1_682' title='bbox 3375 3724 3601 3794; x_wconf 87' lang='lat' dir='ltr'><strong>simplex</strong></span> <span class='ocrx_word' id='word_1_683' title='bbox 3641 3738 3745 3777; x_wconf 86' lang='lat' dir='ltr'><strong>co-</strong></span> 
     </span>
    </p>
   </div>
   <div class='ocr_carea' id='block_1_91' title="bbox 2152 3816 3744 3892">
    <p class='ocr_par' dir='ltr' id='par_1_91' title="bbox 2152 3816 3744 3892">
     <span class='ocr_line' id='line_1_91' title="bbox 2152 3816 3744 3892; baseline -0.007 -15"><span class='ocrx_word' id='word_1_684' title='bbox 2152 3821 2324 3876; x_wconf 89' lang='lat' dir='ltr'><strong>rona?</strong></span> <span class='ocrx_word' id='word_1_685' title='bbox 2350 3822 2462 3892; x_wconf 86' lang='lat' dir='ltr'><strong>Age</strong></span> <span class='ocrx_word' id='word_1_686' title='bbox 2491 3819 2651 3889; x_wconf 89' lang='lat' dir='ltr'><strong>igitur</strong></span> <span class='ocrx_word' id='word_1_687' title='bbox 2672 3818 3071 3874; x_wconf 88' lang='lat' dir='ltr'><strong>consideremus</strong></span> <span class='ocrx_word' id='word_1_688' title='bbox 3091 3858 3106 3884; x_wconf 94' lang='lat'><strong>,</strong></span> <span class='ocrx_word' id='word_1_689' title='bbox 3135 3826 3189 3872; x_wconf 91' lang='lat' dir='ltr'><strong>et</strong></span> <span class='ocrx_word' id='word_1_690' title='bbox 3216 3816 3349 3871; x_wconf 88' lang='lat' dir='ltr'><strong>duas</strong></span> <span class='ocrx_word' id='word_1_691' title='bbox 3373 3858 3387 3880; x_wconf 93' lang='lat'><strong>,</strong></span> <span class='ocrx_word' id='word_1_692' title='bbox 3411 3824 3465 3870; x_wconf 92' lang='lat' dir='ltr'><strong>et</strong></span> <span class='ocrx_word' id='word_1_693' title='bbox 3492 3825 3597 3868; x_wconf 91' lang='lat' dir='ltr'><strong>tres</strong></span> <span class='ocrx_word' id='word_1_694' title='bbox 3617 3856 3629 3878; x_wconf 93' lang='lat'><strong>,</strong></span> <span class='ocrx_word' id='word_1_695' title='bbox 3660 3821 3744 3867; x_wconf 87' lang='lat' dir='ltr'><strong>at-</strong></span> 
     </span>
    </p>
   </div>
   <div class='ocr_carea' id='block_1_92' title="bbox 2153 3906 3745 3986">
    <p class='ocr_par' dir='ltr' id='par_1_92' title="bbox 2153 3906 3745 3986">
     <span class='ocr_line' id='line_1_92' title="bbox 2153 3906 3745 3986; baseline -0.006 -17"><span class='ocrx_word' id='word_1_696' title='bbox 2153 3930 2257 3986; x_wconf 89' lang='lat' dir='ltr'><strong>que</strong></span> <span class='ocrx_word' id='word_1_697' title='bbox 2281 3914 2414 3969; x_wconf 92' lang='lat' dir='ltr'><strong>adeo</strong></span> <span class='ocrx_word' id='word_1_698' title='bbox 2442 3913 2621 3985; x_wconf 89' lang='lat' dir='ltr'><strong>plures</strong></span> <span class='ocrx_word' id='word_1_699' title='bbox 2664 3911 2787 3966; x_wconf 92' lang='lat' dir='ltr'><strong>inde</strong></span> <span class='ocrx_word' id='word_1_700' title='bbox 2818 3910 2972 3965; x_wconf 91' lang='lat' dir='ltr'><strong>nobis</strong></span> <span class='ocrx_word' id='word_1_701' title='bbox 3012 3919 3190 3980; x_wconf 89' lang='lat' dir='ltr'><strong>partas</strong></span> <span class='ocrx_word' id='word_1_702' title='bbox 3230 3908 3591 3978; x_wconf 88' lang='lat' dir='ltr'><strong>conspicietis.</strong></span> <span class='ocrx_word' id='word_1_703' title='bbox 3633 3906 3745 3960; x_wconf 85' lang='lat' dir='ltr'><strong>Ne-</strong></span> 
     </span>
    </p>
   </div>
   <div class='ocr_carea' id='block_1_93' title="bbox 2153 3999 3751 4074">
    <p class='ocr_par' dir='ltr' id='par_1_93' title="bbox 2153 3999 3751 4074">
     <span class='ocr_line' id='line_1_93' title="bbox 2153 3999 3751 4074; baseline -0.004 -14"><span class='ocrx_word' id='word_1_704' title='bbox 2153 4020 2257 4069; x_wconf 85' lang='lat' dir='ltr'><strong>que</strong></span> <span class='ocrx_word' id='word_1_705' title='bbox 2298 4005 2440 4060; x_wconf 88' lang='lat' dir='ltr'><strong>enim</strong></span> <span class='ocrx_word' id='word_1_706' title='bbox 2471 4019 2569 4074; x_wconf 89' lang='lat' dir='ltr'><strong>ego</strong></span> <span class='ocrx_word' id='word_1_707' title='bbox 2594 4004 2765 4058; x_wconf 90' lang='lat' dir='ltr'><strong>virum</strong></span> <span class='ocrx_word' id='word_1_708' title='bbox 2807 4002 2949 4057; x_wconf 91' lang='lat' dir='ltr'><strong>hunc</strong></span> <span class='ocrx_word' id='word_1_709' title='bbox 2991 4000 3394 4066; x_wconf 90' lang='lat' dir='ltr'><strong>tantummodo,</strong></span> <span class='ocrx_word' id='word_1_710' title='bbox 3423 3999 3564 4072; x_wconf 92' lang='lat' dir='ltr'><strong>quod</strong></span> <span class='ocrx_word' id='word_1_711' title='bbox 3596 4008 3751 4054; x_wconf 89' lang='lat' dir='ltr'><strong>tanto</strong></span> 
     </span>
    </p>
   </div>
   <div class='ocr_carea' id='block_1_94' title="bbox 2156 4089 3747 4166">
    <p class='ocr_par' dir='ltr' id='par_1_94' title="bbox 2156 4089 3747 4166">
     <span class='ocr_line' id='line_1_94' title="bbox 2156 4089 3747 4166; baseline -0.004 -15"><span class='ocrx_word' id='word_1_712' title='bbox 2156 4095 2376 4151; x_wconf 89' lang='lat' dir='ltr'><strong>honoris</strong></span> <span class='ocrx_word' id='word_1_713' title='bbox 2408 4093 2573 4166; x_wconf 89' lang='lat' dir='ltr'><strong>gradu</strong></span> <span class='ocrx_word' id='word_1_714' title='bbox 2598 4092 2788 4162; x_wconf 85' lang='lat' dir='ltr'><strong>dignus</strong></span> <span class='ocrx_word' id='word_1_715' title='bbox 2816 4092 2886 4146; x_wconf 92' lang='lat' dir='ltr'><strong>sit</strong></span> <span class='ocrx_word' id='word_1_716' title='bbox 2917 4091 3129 4147; x_wconf 86' lang='lat' dir='ltr'><strong>habitus</strong></span> <span class='ocrx_word' id='word_1_717' title='bbox 3150 4132 3165 4157; x_wconf 93' lang='lat'><strong>,</strong></span> <span class='ocrx_word' id='word_1_718' title='bbox 3189 4091 3443 4156; x_wconf 91' lang='lat' dir='ltr'><strong>admiror,</strong></span> <span class='ocrx_word' id='word_1_719' title='bbox 3476 4089 3570 4146; x_wconf 90' lang='lat' dir='ltr'><strong>sed</strong></span> <span class='ocrx_word' id='word_1_720' title='bbox 3598 4090 3747 4160; x_wconf 86' lang='lat' dir='ltr'><strong>quod</strong></span> 
     </span>
    </p>
   </div>
   <div class='ocr_carea' id='block_1_95' title="bbox 2155 4181 3745 4254">
    <p class='ocr_par' dir='ltr' id='par_1_95' title="bbox 2155 4181 3745 4254">
     <span class='ocr_line' id='line_1_95' title="bbox 2155 4181 3745 4254; baseline -0.004 -12"><span class='ocrx_word' id='word_1_721' title='bbox 2155 4200 2186 4241; x_wconf 92' lang='lat' dir='ltr'><strong>a</strong></span> <span class='ocrx_word' id='word_1_722' title='bbox 2215 4185 2414 4242; x_wconf 87' lang='lat' dir='ltr'><strong>sanctis</strong></span> <span class='ocrx_word' id='word_1_723' title='bbox 2442 4184 2545 4239; x_wconf 91' lang='lat' dir='ltr'><strong>illis</strong></span> <span class='ocrx_word' id='word_1_724' title='bbox 2579 4182 2893 4254; x_wconf 89' lang='lat' dir='ltr'><strong>dignitatem</strong></span> <span class='ocrx_word' id='word_1_725' title='bbox 2923 4182 3253 4246; x_wconf 88' lang='lat' dir='ltr'><strong>obtinuerit,</strong></span> <span class='ocrx_word' id='word_1_726' title='bbox 3285 4181 3532 4252; x_wconf 89' lang='lat' dir='ltr'><strong>quodque</strong></span> <span class='ocrx_word' id='word_1_727' title='bbox 3556 4184 3745 4235; x_wconf 88' lang='lat' dir='ltr'><strong>beato-</strong></span> 
     </span>
    </p>
   </div>
   <div class='ocr_carea' id='block_1_96' title="bbox 2156 4273 3749 4348">
    <p class='ocr_par' dir='ltr' id='par_1_96' title="bbox 2156 4273 3749 4348">
     <span class='ocr_line' id='line_1_96' title="bbox 2156 4273 3749 4348; baseline -0.004 -13"><span class='ocrx_word' id='word_1_728' title='bbox 2156 4295 2274 4335; x_wconf 91' lang='lat' dir='ltr'><strong>rum</strong></span> <span class='ocrx_word' id='word_1_729' title='bbox 2304 4278 2663 4348; x_wconf 87' lang='lat' dir='ltr'><strong>apostolorum</strong></span> <span class='ocrx_word' id='word_1_730' title='bbox 2693 4290 2884 4331; x_wconf 89' lang='lat' dir='ltr'><strong>manus</strong></span> <span class='ocrx_word' id='word_1_731' title='bbox 2922 4291 3131 4331; x_wconf 89' lang='lat' dir='ltr'><strong>sacrum</strong></span> <span class='ocrx_word' id='word_1_732' title='bbox 3176 4274 3305 4330; x_wconf 88' lang='lat' dir='ltr'><strong>illud</strong></span> <span class='ocrx_word' id='word_1_733' title='bbox 3345 4281 3503 4345; x_wconf 87' lang='lat' dir='ltr'><strong>caput</strong></span> <span class='ocrx_word' id='word_1_734' title='bbox 3550 4273 3749 4343; x_wconf 87' lang='lat' dir='ltr'><strong>attige-</strong></span> 
     </span>
    </p>
   </div>
   <div class='ocr_carea' id='block_1_97' title="bbox 2159 4365 3747 4436">
    <p class='ocr_par' dir='ltr' id='par_1_97' title="bbox 2159 4365 3747 4436">
     <span class='ocr_line' id='line_1_97' title="bbox 2159 4365 3747 4436; baseline -0.004 -12"><span class='ocrx_word' id='word_1_735' title='bbox 2159 4371 2283 4424; x_wconf 92' lang='lat' dir='ltr'><strong>rint.</strong></span> <span class='ocrx_word' id='word_1_736' title='bbox 2314 4369 2424 4424; x_wconf 90' lang='lat' dir='ltr'><strong>Nec</strong></span> <span class='ocrx_word' id='word_1_737' title='bbox 2458 4368 2724 4422; x_wconf 91' lang='lat' dir='ltr'><strong>modicum</strong></span> <span class='ocrx_word' id='word_1_738' title='bbox 2763 4366 2816 4421; x_wconf 90' lang='lat' dir='ltr'><strong>id</strong></span> <span class='ocrx_word' id='word_1_739' title='bbox 2841 4366 2908 4421; x_wconf 91' lang='lat' dir='ltr'><strong>ad</strong></span> <span class='ocrx_word' id='word_1_740' title='bbox 2947 4366 3063 4436; x_wconf 88' lang='lat' dir='ltr'><strong>ejus</strong></span> <span class='ocrx_word' id='word_1_741' title='bbox 3105 4365 3316 4420; x_wconf 86' lang='lat' dir='ltr'><strong>laudem</strong></span> <span class='ocrx_word' id='word_1_742' title='bbox 3361 4365 3567 4420; x_wconf 88' lang='lat' dir='ltr'><strong>confert</strong></span> <span class='ocrx_word' id='word_1_743' title='bbox 3596 4379 3747 4418; x_wconf 91' lang='lat' dir='ltr'><strong>:non</strong></span> 
     </span>
    </p>
   </div>
   <div class='ocr_carea' id='block_1_98' title="bbox 2160 4457 3747 4529">
    <p class='ocr_par' dir='ltr' id='par_1_98' title="bbox 2160 4457 3747 4529">
     <span class='ocr_line' id='line_1_98' title="bbox 2160 4457 3747 4529; baseline -0.003 -13"><span class='ocrx_word' id='word_1_744' title='bbox 2160 4461 2331 4516; x_wconf 91' lang='lat' dir='ltr'><strong>solum</strong></span> <span class='ocrx_word' id='word_1_745' title='bbox 2362 4458 2504 4529; x_wconf 90' lang='lat' dir='ltr'><strong>quod</strong></span> <span class='ocrx_word' id='word_1_746' title='bbox 2529 4458 2787 4529; x_wconf 89' lang='lat' dir='ltr'><strong>majorem</strong></span> <span class='ocrx_word' id='word_1_747' title='bbox 2817 4473 2848 4513; x_wconf 93' lang='lat' dir='ltr'><strong>e</strong></span> <span class='ocrx_word' id='word_1_748' title='bbox 2880 4457 3012 4512; x_wconf 82' lang='lat' dir='ltr'><strong>ca:lo</strong></span> <span class='ocrx_word' id='word_1_749' title='bbox 3034 4457 3258 4527; x_wconf 89' lang='lat' dir='ltr'><strong>gratiam</strong></span> <span class='ocrx_word' id='word_1_750' title='bbox 3286 4457 3355 4511; x_wconf 92' lang='lat' dir='ltr'><strong>sit</strong></span> <span class='ocrx_word' id='word_1_751' title='bbox 3388 4464 3747 4525; x_wconf 77' lang='lat' dir='ltr'><strong>assequutus.</strong></span> 
     </span>
    </p>
   </div>
   <div class='ocr_carea' id='block_1_99' title="bbox 2160 4547 3746 4623">
    <p class='ocr_par' dir='ltr' id='par_1_99' title="bbox 2160 4547 3746 4623">
     <span class='ocr_line' id='line_1_99' title="bbox 2160 4547 3746 4623; baseline -0.003 -17"><span class='ocrx_word' id='word_1_752' title='bbox 2160 4565 2249 4608; x_wconf 89' lang='lat' dir='ltr'><strong>aut</strong></span> <span class='ocrx_word' id='word_1_753' title='bbox 2274 4551 2416 4623; x_wconf 91' lang='lat' dir='ltr'><strong>quod</strong></span> <span class='ocrx_word' id='word_1_754' title='bbox 2447 4552 2498 4605; x_wconf 90' lang='lat' dir='ltr'><strong>in</strong></span> <span class='ocrx_word' id='word_1_755' title='bbox 2529 4551 2700 4621; x_wconf 92' lang='lat' dir='ltr'><strong>ipsum</strong></span> <span class='ocrx_word' id='word_1_756' title='bbox 2733 4549 2808 4604; x_wconf 92' lang='lat' dir='ltr'><strong>illi</strong></span> <span class='ocrx_word' id='word_1_757' title='bbox 2840 4549 3097 4621; x_wconf 88' lang='lat' dir='ltr'><strong>majorem</strong></span> <span class='ocrx_word' id='word_1_758' title='bbox 3122 4549 3230 4603; x_wconf 90' lang='lat' dir='ltr'><strong>vim</strong></span> <span class='ocrx_word' id='word_1_759' title='bbox 3259 4548 3488 4618; x_wconf 88' lang='lat' dir='ltr'><strong>Spiritus</strong></span> <span class='ocrx_word' id='word_1_760' title='bbox 3514 4547 3746 4602; x_wconf 85' lang='lat' dir='ltr'><strong>induxe-</strong></span> 
     </span>
    </p>
   </div>
   <div class='ocr_carea' id='block_1_100' title="bbox 2159 4640 3754 4714">
    <p class='ocr_par' dir='ltr' id='par_1_100' title="bbox 2159 4640 3754 4714">
     <span class='ocr_line' id='line_1_100' title="bbox 2159 4640 3754 4714; baseline -0.002 -15"><span class='ocrx_word' id='word_1_761' title='bbox 2159 4645 2286 4708; x_wconf 90' lang='lat' dir='ltr'><strong>rint,</strong></span> <span class='ocrx_word' id='word_1_762' title='bbox 2315 4643 2408 4699; x_wconf 90' lang='lat' dir='ltr'><strong>sed</strong></span> <span class='ocrx_word' id='word_1_763' title='bbox 2434 4643 2575 4714; x_wconf 94' lang='lat' dir='ltr'><strong>quod</strong></span> <span class='ocrx_word' id='word_1_764' title='bbox 2599 4658 2786 4699; x_wconf 89' lang='lat' dir='ltr'><strong>omnes</strong></span> <span class='ocrx_word' id='word_1_765' title='bbox 2809 4684 2824 4709; x_wconf 89' lang='lat'><strong>,</strong></span> <span class='ocrx_word' id='word_1_766' title='bbox 2856 4658 2975 4713; x_wconf 76' lang='lat' dir='ltr'><strong>qua:</strong></span> <span class='ocrx_word' id='word_1_767' title='bbox 3009 4643 3063 4697; x_wconf 90' lang='lat' dir='ltr'><strong>in</strong></span> <span class='ocrx_word' id='word_1_768' title='bbox 3091 4641 3395 4696; x_wconf 92' lang='lat' dir='ltr'><strong>hominibus</strong></span> <span class='ocrx_word' id='word_1_769' title='bbox 3419 4650 3544 4695; x_wconf 88' lang='lat' dir='ltr'><strong>sunt</strong></span> <span class='ocrx_word' id='word_1_770' title='bbox 3562 4682 3577 4704; x_wconf 91' lang='lat'><strong>,</strong></span> <span class='ocrx_word' id='word_1_771' title='bbox 3601 4640 3655 4695; x_wconf 90' lang='lat' dir='ltr'><strong>in</strong></span> <span class='ocrx_word' id='word_1_772' title='bbox 3683 4656 3754 4696; x_wconf 87' lang='lat' dir='ltr'><strong>eo</strong></span> 
     </span>
    </p>
   </div>
   <div class='ocr_carea' id='block_1_101' title="bbox 2162 4733 3747 4805">
    <p class='ocr_par' dir='ltr' id='par_1_101' title="bbox 2162 4733 3747 4805">
     <span class='ocr_line' id='line_1_101' title="bbox 2162 4733 3747 4805; baseline -0.003 -16"><span class='ocrx_word' id='word_1_773' title='bbox 2162 4740 2383 4793; x_wconf 83' lang='lat' dir='ltr'><strong>virtutes</strong></span> <span class='ocrx_word' id='word_1_774' title='bbox 2410 4752 2530 4792; x_wconf 83' lang='lat' dir='ltr'><strong>esse</strong></span> <span class='ocrx_word' id='word_1_775' title='bbox 2559 4736 2735 4793; x_wconf 89' lang='lat' dir='ltr'><strong>testati</strong></span> <span class='ocrx_word' id='word_1_776' title='bbox 2772 4737 2897 4791; x_wconf 92' lang='lat' dir='ltr'><strong>sint.</strong></span> <span class='ocrx_word' id='word_1_777' title='bbox 2930 4736 3042 4791; x_wconf 87' lang='lat' dir='ltr'><strong>Hoc</strong></span> <span class='ocrx_word' id='word_1_778' title='bbox 3080 4744 3257 4789; x_wconf 89' lang='lat' dir='ltr'><strong>autem</strong></span> <span class='ocrx_word' id='word_1_779' title='bbox 3302 4733 3427 4805; x_wconf 92' lang='lat' dir='ltr'><strong>quid</strong></span> <span class='ocrx_word' id='word_1_780' title='bbox 3458 4733 3559 4788; x_wconf 88' lang='lat' dir='ltr'><strong>sibi</strong></span> <span class='ocrx_word' id='word_1_781' title='bbox 3585 4734 3747 4799; x_wconf 84' lang='lat' dir='ltr'><strong>velit,</strong></span> 
     </span>
    </p>
   </div>
   <div class='ocr_carea' id='block_1_102' title="bbox 2164 4824 3754 4900">
    <p class='ocr_par' dir='ltr' id='par_1_102' title="bbox 2164 4824 3754 4900">
     <span class='ocr_line' id='line_1_102' title="bbox 2164 4824 3754 4900; baseline -0.004 -16"><span class='ocrx_word' id='word_1_782' title='bbox 2164 4843 2393 4900; x_wconf 89' lang='lat' dir='ltr'><strong>expono.</strong></span> <span class='ocrx_word' id='word_1_783' title='bbox 2425 4827 2621 4883; x_wconf 84' lang='lat' dir='ltr'><strong>Paulus</strong></span> <span class='ocrx_word' id='word_1_784' title='bbox 2650 4827 2716 4882; x_wconf 90' lang='lat' dir='ltr'><strong>ad</strong></span> <span class='ocrx_word' id='word_1_785' title='bbox 2739 4827 2913 4881; x_wconf 87' lang='lat' dir='ltr'><strong>Titum</strong></span> <span class='ocrx_word' id='word_1_786' title='bbox 2941 4826 3181 4881; x_wconf 87' lang='lat' dir='ltr'><strong>scribens</strong></span> <span class='ocrx_word' id='word_1_787' title='bbox 3207 4842 3219 4879; x_wconf 90' lang='lat'><strong>:</strong></span> <span class='ocrx_word' id='word_1_788' title='bbox 3247 4840 3370 4880; x_wconf 91' lang='lat' dir='ltr'><strong>cum</strong></span> <span class='ocrx_word' id='word_1_789' title='bbox 3399 4835 3577 4879; x_wconf 89' lang='lat' dir='ltr'><strong>autem</strong></span> <span class='ocrx_word' id='word_1_790' title='bbox 3606 4824 3754 4878; x_wconf 82' lang='lat' dir='ltr'><strong>Pau-</strong></span> 
     </span>
    </p>
   </div>
   <div class='ocr_carea' id='block_1_103' title="bbox 2165 4916 3754 4988">
    <p class='ocr_par' dir='ltr' id='par_1_103' title="bbox 2165 4916 3754 4988">
     <span class='ocr_line' id='line_1_103' title="bbox 2165 4916 3754 4988; baseline -0.004 -13"><span class='ocrx_word' id='word_1_791' title='bbox 2165 4921 2271 4975; x_wconf 89' lang='lat' dir='ltr'><strong>lum</strong></span> <span class='ocrx_word' id='word_1_792' title='bbox 2294 4920 2433 4987; x_wconf 84' lang='lat' dir='ltr'><strong>dico,</strong></span> <span class='ocrx_word' id='word_1_793' title='bbox 2460 4936 2564 4976; x_wconf 89' lang='lat' dir='ltr'><strong>non</strong></span> <span class='ocrx_word' id='word_1_794' title='bbox 2594 4920 2733 4974; x_wconf 90' lang='lat' dir='ltr'><strong>hunc</strong></span> <span class='ocrx_word' id='word_1_795' title='bbox 2760 4919 2929 4973; x_wconf 88' lang='lat' dir='ltr'><strong>solum</strong></span> <span class='ocrx_word' id='word_1_796' title='bbox 2952 4917 3213 4988; x_wconf 89' lang='lat' dir='ltr'><strong>intelligo,</strong></span> <span class='ocrx_word' id='word_1_797' title='bbox 3236 4916 3329 4972; x_wconf 92' lang='lat' dir='ltr'><strong>sed</strong></span> <span class='ocrx_word' id='word_1_798' title='bbox 3351 4926 3404 4972; x_wconf 90' lang='lat' dir='ltr'><strong>et</strong></span> <span class='ocrx_word' id='word_1_799' title='bbox 3433 4916 3673 4981; x_wconf 79' lang='lat' dir='ltr'><strong>Petrum,</strong></span> <span class='ocrx_word' id='word_1_800' title='bbox 3698 4925 3754 4969; x_wconf 88' lang='lat' dir='ltr'><strong>et</strong></span> 
     </span>
    </p>
   </div>
   <div class='ocr_carea' id='block_1_104' title="bbox 2163 5007 3756 5081">
    <p class='ocr_par' dir='ltr' id='par_1_104' title="bbox 2163 5007 3756 5081">
     <span class='ocr_line' id='line_1_104' title="bbox 2163 5007 3756 5081; baseline -0.006 -12"><span class='ocrx_word' id='word_1_801' title='bbox 2163 5013 2419 5069; x_wconf 79' lang='lat' dir='ltr'><strong>Jacnhum</strong></span> <span class='ocrx_word' id='word_1_802' title='bbox 2438 5050 2457 5078; x_wconf 86' lang='lat'><strong>,</strong></span> <span class='ocrx_word' id='word_1_803' title='bbox 2491 5021 2547 5067; x_wconf 88' lang='lat' dir='ltr'><strong>et</strong></span> <span class='ocrx_word' id='word_1_804' title='bbox 2572 5011 2827 5069; x_wconf 74' lang='lat' dir='ltr'><strong>Joannem</strong></span> <span class='ocrx_word' id='word_1_805' title='bbox 2849 5052 2864 5077; x_wconf 88' lang='lat'><strong>,</strong></span> <span class='ocrx_word' id='word_1_806' title='bbox 2892 5019 3055 5081; x_wconf 88' lang='lat' dir='ltr'><strong>atque</strong></span> <span class='ocrx_word' id='word_1_807' title='bbox 3092 5024 3305 5064; x_wconf 90' lang='lat' dir='ltr'><strong>omnem</strong></span> <span class='ocrx_word' id='word_1_808' title='bbox 3356 5009 3587 5077; x_wconf 91' lang='lat' dir='ltr'><strong>ipsorum</strong></span> <span class='ocrx_word' id='word_1_809' title='bbox 3614 5007 3756 5060; x_wconf 83' lang='lat' dir='ltr'><strong>eho-</strong></span> 
     </span>
    </p>
   </div>
   <div class='ocr_carea' id='block_1_105' title="bbox 2167 5097 3763 5173">
    <p class='ocr_par' dir='ltr' id='par_1_105' title="bbox 2167 5097 3763 5173">
     <span class='ocr_line' id='line_1_105' title="bbox 2167 5097 3763 5173; baseline -0.005 -14"><span class='ocrx_word' id='word_1_810' title='bbox 2167 5122 2307 5159; x_wconf 90' lang='lat' dir='ltr'><strong>rum.</strong></span> <span class='ocrx_word' id='word_1_811' title='bbox 2339 5102 2795 5173; x_wconf 88' lang='lat' dir='ltr'><strong>Quemadmodum</strong></span> <span class='ocrx_word' id='word_1_812' title='bbox 2823 5102 2965 5156; x_wconf 91' lang='lat' dir='ltr'><strong>enim</strong></span> <span class='ocrx_word' id='word_1_813' title='bbox 2995 5102 3047 5157; x_wconf 89' lang='lat' dir='ltr'><strong>in</strong></span> <span class='ocrx_word' id='word_1_814' title='bbox 3077 5101 3187 5172; x_wconf 84' lang='lat' dir='ltr'><strong>lyra</strong></span> <span class='ocrx_word' id='word_1_815' title='bbox 3223 5115 3343 5155; x_wconf 91' lang='lat' dir='ltr'><strong>cum</strong></span> <span class='ocrx_word' id='word_1_816' title='bbox 3386 5099 3612 5154; x_wconf 68' lang='lat' dir='ltr'><strong>diversa</strong></span> <span class='ocrx_word' id='word_1_817' title='bbox 3644 5097 3763 5152; x_wconf 86' lang='lat' dir='ltr'><strong>sint</strong></span> 
     </span>
    </p>
   </div>
   <div class='ocr_carea' id='block_1_106' title="bbox 2166 5189 3761 5263">
    <p class='ocr_par' dir='ltr' id='par_1_106' title="bbox 2166 5189 3761 5263">
     <span class='ocr_line' id='line_1_106' title="bbox 2166 5189 3761 5263; baseline -0.004 -13"><span class='ocrx_word' id='word_1_818' title='bbox 2166 5197 2416 5263; x_wconf 74' lang='lat' dir='ltr'><strong>chordzn,</strong></span> <span class='ocrx_word' id='word_1_819' title='bbox 2459 5211 2597 5251; x_wconf 91' lang='lat' dir='ltr'><strong>unus</strong></span> <span class='ocrx_word' id='word_1_820' title='bbox 2640 5204 2815 5249; x_wconf 89' lang='lat' dir='ltr'><strong>tamen</strong></span> <span class='ocrx_word' id='word_1_821' title='bbox 2866 5200 3156 5247; x_wconf 90' lang='lat' dir='ltr'><strong>concentus</strong></span> <span class='ocrx_word' id='word_1_822' title='bbox 3207 5200 3326 5245; x_wconf 90' lang='lat' dir='ltr'><strong>est:</strong></span> <span class='ocrx_word' id='word_1_823' title='bbox 3356 5191 3433 5244; x_wconf 89' lang='lat' dir='ltr'><strong>sic</strong></span> <span class='ocrx_word' id='word_1_824' title='bbox 3484 5189 3647 5243; x_wconf 87' lang='lat' dir='ltr'><strong>etiam</strong></span> <span class='ocrx_word' id='word_1_825' title='bbox 3701 5189 3761 5243; x_wconf 78' lang='lat' dir='ltr'><strong>in</strong></span> 
     </span>
    </p>
   </div>
   <div class='ocr_carea' id='block_1_107' title="bbox 2166 5281 3764 5357">
    <p class='ocr_par' dir='ltr' id='par_1_107' title="bbox 2166 5281 3764 5357">
     <span class='ocr_line' id='line_1_107' title="bbox 2166 5281 3764 5357; baseline -0.006 -15"><span class='ocrx_word' id='word_1_826' title='bbox 2166 5289 2526 5357; x_wconf 84' lang='lat' dir='ltr'><strong>apostolorum</strong></span> <span class='ocrx_word' id='word_1_827' title='bbox 2557 5286 2724 5341; x_wconf 89' lang='lat' dir='ltr'><strong>choro</strong></span> <span class='ocrx_word' id='word_1_828' title='bbox 2743 5324 2760 5348; x_wconf 87' lang='lat'><strong>,</strong></span> <span class='ocrx_word' id='word_1_829' title='bbox 2791 5283 3033 5355; x_wconf 92' lang='lat' dir='ltr'><strong>quamvis</strong></span> <span class='ocrx_word' id='word_1_830' title='bbox 3059 5281 3166 5336; x_wconf 92' lang='lat' dir='ltr'><strong>sint</strong></span> <span class='ocrx_word' id='word_1_831' title='bbox 3203 5281 3430 5336; x_wconf 82' lang='lat' dir='ltr'><strong>diversa:</strong></span> <span class='ocrx_word' id='word_1_832' title='bbox 3470 5294 3717 5349; x_wconf 71' lang='lat' dir='ltr'><strong>persona:</strong></span> <span class='ocrx_word' id='word_1_833' title='bbox 3740 5322 3764 5343; x_wconf 85' lang='lat'><strong>,</strong></span> 
     </span>
    </p>
   </div>
   <div class='ocr_carea' id='block_1_108' title="bbox 2169 5372 3775 5446">
    <p class='ocr_par' dir='ltr' id='par_1_108' title="bbox 2169 5372 3775 5446">
     <span class='ocr_line' id='line_1_108' title="bbox 2169 5372 3775 5446; baseline -0.005 -11"><span class='ocrx_word' id='word_1_834' title='bbox 2169 5398 2271 5436; x_wconf 91' lang='lat' dir='ltr'><strong>una</strong></span> <span class='ocrx_word' id='word_1_835' title='bbox 2311 5392 2486 5435; x_wconf 90' lang='lat' dir='ltr'><strong>tamen</strong></span> <span class='ocrx_word' id='word_1_836' title='bbox 2534 5379 2775 5434; x_wconf 87' lang='lat' dir='ltr'><strong>doctrina</strong></span> <span class='ocrx_word' id='word_1_837' title='bbox 2819 5385 2930 5443; x_wconf 86' lang='lat' dir='ltr'><strong>est,</strong></span> <span class='ocrx_word' id='word_1_838' title='bbox 2960 5374 3082 5446; x_wconf 90' lang='lat' dir='ltr'><strong>quia</strong></span> <span class='ocrx_word' id='word_1_839' title='bbox 3121 5383 3176 5429; x_wconf 93' lang='lat' dir='ltr'><strong>et</strong></span> <span class='ocrx_word' id='word_1_840' title='bbox 3216 5388 3353 5428; x_wconf 89' lang='lat' dir='ltr'><strong>unus</strong></span> <span class='ocrx_word' id='word_1_841' title='bbox 3403 5372 3592 5427; x_wconf 89' lang='lat' dir='ltr'><strong>artifex</strong></span> <span class='ocrx_word' id='word_1_842' title='bbox 3638 5381 3775 5427; x_wconf 67' lang='lat' dir='ltr'><strong>erat</strong></span> 
     </span>
    </p>
   </div>
   <div class='ocr_carea' id='block_1_109' title="bbox 2166 5463 3777 5545">
    <p class='ocr_par' dir='ltr' id='par_1_109' title="bbox 2166 5463 3777 5545">
     <span class='ocr_line' id='line_1_109' title="bbox 2166 5463 3777 5545; baseline -0.008 -17"><span class='ocrx_word' id='word_1_843' title='bbox 2166 5474 2396 5545; x_wconf 89' lang='lat' dir='ltr'><strong>Spiritus</strong></span> <span class='ocrx_word' id='word_1_844' title='bbox 2424 5479 2656 5536; x_wconf 89' lang='lat' dir='ltr'><strong>sanctus,</strong></span> <span class='ocrx_word' id='word_1_845' title='bbox 2688 5470 2777 5540; x_wconf 92' lang='lat' dir='ltr'><strong>qui</strong></span> <span class='ocrx_word' id='word_1_846' title='bbox 2810 5470 3043 5539; x_wconf 89' lang='lat' dir='ltr'><strong>ipsorum</strong></span> <span class='ocrx_word' id='word_1_847' title='bbox 3070 5467 3276 5521; x_wconf 88' lang='lat' dir='ltr'><strong>animos</strong></span> <span class='ocrx_word' id='word_1_848' title='bbox 3304 5465 3571 5529; x_wconf 83' lang='lat' dir='ltr'><strong>movebat,</strong></span> <span class='ocrx_word' id='word_1_849' title='bbox 3590 5463 3777 5533; x_wconf 66' lang='lat' dir='ltr'><strong>idque</strong></span> 
     </span>
    </p>
   </div>
   <div class='ocr_carea' id='block_1_110' title="bbox 2168 5554 3778 5630">
    <p class='ocr_par' dir='ltr' id='par_1_110' title="bbox 2168 5554 3778 5630">
     <span class='ocr_line' id='line_1_110' title="bbox 2168 5554 3778 5630; baseline -0.008 -11"><span class='ocrx_word' id='word_1_850' title='bbox 2168 5564 2365 5621; x_wconf 89' lang='lat' dir='ltr'><strong>Paulus</strong></span> <span class='ocrx_word' id='word_1_851' title='bbox 2408 5561 2730 5624; x_wconf 90' lang='lat' dir='ltr'><strong>ostendens,</strong></span> <span class='ocrx_word' id='word_1_852' title='bbox 2759 5560 2879 5615; x_wconf 85' lang='lat' dir='ltr'><strong>Sive</strong></span> <span class='ocrx_word' id='word_1_853' title='bbox 2906 5559 3081 5630; x_wconf 80' lang='lat' dir='ltr'><strong>igitur,</strong></span> <span class='ocrx_word' id='word_1_854' title='bbox 3114 5557 3314 5626; x_wconf 88' lang='lat' dir='ltr'><strong>inquit,</strong></span> <span class='ocrx_word' id='word_1_855' title='bbox 3356 5555 3454 5617; x_wconf 82' lang='lat' dir='ltr'><strong>illi,</strong></span> <span class='ocrx_word' id='word_1_856' title='bbox 3495 5554 3599 5608; x_wconf 77' lang='lat' dir='ltr'><strong>sive</strong></span> <span class='ocrx_word' id='word_1_857' title='bbox 3622 5570 3721 5625; x_wconf 78' lang='lat' dir='ltr'><strong>ego</strong></span> <span class='ocrx_word' id='word_1_858' title='bbox 3745 5596 3778 5622; x_wconf 81' lang='grc'><em>,</em></span> 
     </span>
    </p>
   </div>
   <div class='ocr_carea' id='block_1_111' title="bbox 2166 5646 3779 5727">
    <p class='ocr_par' dir='ltr' id='par_1_111' title="bbox 2166 5646 3779 5727">
     <span class='ocr_line' id='line_1_111' title="bbox 2166 5646 3779 5727; baseline -0.009 -15"><span class='ocrx_word' id='word_1_859' title='bbox 2166 5659 2239 5712; x_wconf 78' lang='grc' dir='ltr'><strong>εἰσ</strong></span> <span class='ocrx_word' id='word_1_860' title='bbox 2269 5656 2600 5727; x_wconf 73' lang='grc' dir='ltr'><strong>ρτωιιὶεωηυε</strong></span> <span class='ocrx_word' id='word_1_861' title='bbox 2629 5655 2705 5723; x_wconf 80' lang='grc'><strong>(1.</strong></span> <span class='ocrx_word' id='word_1_862' title='bbox 2735 5652 2854 5707; x_wconf 84' lang='lat' dir='ltr'><strong>Cor.</strong></span> <span class='ocrx_word' id='word_1_863' title='bbox 2884 5652 2967 5707; x_wconf 78' lang='grc'><strong>15.</strong></span> <span class='ocrx_word' id='word_1_864' title='bbox 2994 5651 3106 5719; x_wconf 87' lang='grc'><strong>11).</strong></span> <span class='ocrx_word' id='word_1_865' title='bbox 3136 5649 3232 5703; x_wconf 86' lang='lat' dir='ltr'><strong>Hic</strong></span> <span class='ocrx_word' id='word_1_866' title='bbox 3260 5662 3389 5718; x_wconf 88' lang='lat' dir='ltr'><strong>ergo</strong></span> <span class='ocrx_word' id='word_1_867' title='bbox 3416 5646 3662 5701; x_wconf 86' lang='lat' dir='ltr'><strong>scribens</strong></span> <span class='ocrx_word' id='word_1_868' title='bbox 3690 5647 3779 5704; x_wconf 75' lang='lat' dir='ltr'><strong>ad</strong></span> 
     </span>
    </p>
   </div>
   <div class='ocr_carea' id='block_1_112' title="bbox 2169 5737 3825 5818">
    <p class='ocr_par' dir='ltr' id='par_1_112' title="bbox 2169 5737 3825 5818">
     <span class='ocr_line' id='line_1_112' title="bbox 2169 5737 3825 5818; baseline -0.009 -11"><span class='ocrx_word' id='word_1_869' title='bbox 2169 5750 2383 5816; x_wconf 88' lang='lat' dir='ltr'><strong>Titum,</strong></span> <span class='ocrx_word' id='word_1_870' title='bbox 2431 5756 2484 5805; x_wconf 89' lang='lat' dir='ltr'><strong>et</strong></span> <span class='ocrx_word' id='word_1_871' title='bbox 2531 5747 2727 5806; x_wconf 84' lang='lat' dir='ltr'><strong>docens</strong></span> <span class='ocrx_word' id='word_1_872' title='bbox 2776 5746 2947 5818; x_wconf 87' lang='lat' dir='ltr'><strong>qualis</strong></span> <span class='ocrx_word' id='word_1_873' title='bbox 2995 5744 3276 5816; x_wconf 77' lang='lat' dir='ltr'><strong>episcopus</strong></span> <span class='ocrx_word' id='word_1_874' title='bbox 3332 5756 3452 5796; x_wconf 84' lang='lat' dir='ltr'><strong>esse</strong></span> <span class='ocrx_word' id='word_1_875' title='bbox 3507 5737 3722 5794; x_wconf 81' lang='lat' dir='ltr'><strong>debeat</strong></span> <span class='ocrx_word' id='word_1_876' title='bbox 3758 5781 3825 5811; x_wconf 82' lang='lat'><strong>,_</strong></span> 
     </span>
    </p>
   </div>
  </div>
