4080 6196
241 310 360 368 587

327 469 658 485 -σ-

1499 311 1566 367 ΙΝ
1604 309 1660 365 S.
1701 301 2033 371 [GNATIUM
2069 312 2479 374 MARTYREM.

3587 323 3688 381 588

1715 571 2318 698 ΕΓΚΩΜΙΟΝ
2367 650 2394 660 -

233 763 333 830 είς
397 762 499 818 τὸν
526 760 702 831 ἅγιον
732 761 1122 834 ἱερομάρτυρα
1171 766 1456 837 Ἰγνάτιον
1482 768 1588 823 τὸν
1620 770 1912 839 θεοφόρον
1940 771 2425 840 ἀρχιεπίσκοπον
2455 778 2772 845 γενόμενον
2850 778 3199 847 Ἀντιοχείας
3261 781 3373 850 τῆς
3413 783 3681 851 μεγάλης

383 857 469 921 εις
523 851 758 924 Ῥώμην
790 855 1220 926 ἀπενεχθέντα,
1267 859 1366 914 καί
1392 861 1600 917 αὐτόθι
1621 860 2112 931 μαρτυρήσαντα,
2149 866 2425 920 κακεῐθεν
2451 863 2626 934 αὖθις
2662 870 2747 933 εις
2791 869 3147 939 Ἀντιόχειαν
3168 871 3550 942 κομισθέντα.

311 1093 381 1142 a'.
401 1088 462 1141 Οί
481 1086 793 1153 πολυτελεῖς
806 1089 902 1143 καὶ
919 1089 1191 1162 φιλότιμοι
1213 1090 1323 1144 τῶν
1352 1091 1681 1158 ἑστιατόρων
1703 1089 1915 1154 πυκνάς

241 1177 337 1231 καὶ
372 1175 707 1246 ἐπαλλήλους
736 1176 1016 1232 ποιοῦνται
1049 1178 1150 1243 τὰς
1186 1178 1480 1243 ἑστιάσεις,
1513 1177 1651 1250 ὁμοῦ
1685 1178 1784 1249 μὲν
1811 1177 1912 1248 τὴν

241 1264 450 1318 οἰκείαν
483 1264 806 1336 περιουσίαν
855 1265 1328 1337 ἐπιδεικνύμενοι,
1379 1266 1514 1337 ὁμοῦ
1559 1266 1615 1320 δὲ
1645 1265 1746 1337 τὴν
1785 1264 1915 1337 περὶ

241 1352 366 1414 ⁶τοὺς
394 1351 733 1422 ἐπιτηδείους
768 1352 1170 1426 φιλοφροσύνην
1205 1353 1586 1424 ἐμφαίνοντες.
1629 1351 1787 1406 υῦτω
1819 1351 1916 1406 καὶ

243 1440 279 1509 ἠ
307 1437 402 1491 τοῦ
432 1437 751 1512 Πνεύματος
775 1441 936 1512 χάρις
967 1441 1066 1512 τῆς
1096 1441 1304 1505 οἰκείας
1328 1441 1613 1512 δυνάμεως
1653 1440 1752 1512 τὴν
1781 1438 1917 1493 ἀπό-

243 1525 408 1590 δειξιν
436 1525 570 1596 ἡμῖν
613 1529 986 1602 παρεχομένη,
1019 1529 1115 1583 καί¹
1144 1527 1345 1599 πολλὴν
1376 1529 1474 1600 τὴν
1513 1513 1916 1600 φιλοφροσύνην

244 1613 376 1685 περὶ
399 1614 528 1678 τοὺς
554 1614 650 1669 τοῦ
677 1616 813 1670 Θεοῦ
839 1615 1026 1686 φίλους
1055 1615 1496 1688 ἐπιδεικνυμένη,
1517 1617 1757 1686 συνεχεῖς
1785 1617 1916 1687 ήμῖν

245 1701 342 1758 καὶ
373 1702 715 1774 ἐπαλλήλους
743 1702 844 1766 τάς
895 1702 1002 1756 τῶν
1039 1702 1338 1776 μαρτύρων
1367 1703 1733 1774 παρατίθεται
1788 1719 1920 1773 τρα-

244 1789 440 1854 πέζας.
477 1789 678 1862 Πρῲην
707 1790 840 1860 γοῦν
865 1791 1013 1862 ἡμᾶς
1045 1792 1184 1862 κόρη
1218 1791 1414 1863 κομιδῇ
1449 1791 1546 1845 νέα
1567 1791 1662 1846 καὶ
1693 1789 1919 1862 ἀπειρό-

244 1894 444 1948 γαμος,
480 1880 515 1950 ή
571 1879 822 1950 μακαρία
863 1879 1074 1951 μάρτυς
1102 1879 1369 1948 Πελαγία,
1415 1879 1555 1949 μετὰ
1584 1879 1786 1950 πολλῆς
1818 1880 1919 1950 τῆς

247 1964 592 2036 εὐφροσύνης
616 1965 853 2019 εἱστίασε
874 1981 888 1996 ·
910 1968 1152 2038 σήμερον
1175 1966 1336 2021 πάλιν
1359 1967 1463 2037 τὴν
1477 1966 1695 2038 ἐκείνης
1724 1965 1919 2038 ἐορτὴν

244 2053 276 2106 6
303 2054 575 2125 μακάριος
604 2047 758 2119 οὗτος
801 2055 895 2109 καὶ
920 2057 1166 2124 γενναῖος
1211 2055 1421 2126 μάρτυς
1464 2055 1720 2124 Ἰγνάτιος
1755 2052 1920 2106 διεδέ-

251 2140 398 2206 ξατο.
454 2143 700 2214 Διάφορα
758 2141 827 2196 τὰ
858 2142 1148 2212 πρόσωπα,
1202 2141 1338 2196 ἀλλά
1387 2142 1486 2213 μία
1531 2144 1564 2213 ή
1615 2140 1868 2212 τράπεζα
1903 2158 1916 2173 ο

250 2228 632 2300 ἐνηλλαγμένα
678 2229 749 2283 τὰ
803 2228 1181 2299 παλαίσματα,
1228 2228 1344 2282 ἀλλ’
1396 2224 1476 2291 είς
1528 2229 1556 2281 6
1607 2229 1867 2296 στέφανος
1902 2247 1917 2262 ο

251 2314 476 2370 ποικίλα
518 2316 588 2370 τά
630 2317 1012 2388 ἀγωνίσματα,
1047 2316 1185 2370 ἀλλά
1219 2316 1280 2370 τὺ
1315 2315 1448 2369 αὐτὸ
1488 2316 1757 2388 βραϐεῖον.
1799 2317 1922 2370 Ἐπὶ

258 2405 357 2472 μὲν
384 2404 493 2472 γὰρ
523 2402 629 2456 τῶν
659 2403 860 2467 ἔξωθεν
887 2402 1137 2472 ἀγώνων,
1171 2403 1360 2474 ἐπειδὴ
1392 2403 1660 2473 σωμάτων
1701 2405 1840 2457 εἰσὶν
1872 2406 1922 2458 οί

250 2490 424 2548 πόνοι.
468 2489 693 2553 εἰκότως
735 2490 927 2564 ἄνδρες
960 2491 1308 2562 ἐγκρίνονται
1344 2490 1526 2561 μόνον
1559 2489 1794 2544 ἐνταῦθα
1843 2490 1921 2555 δέ,

251 2575 444 2646 ἐπειδὴ
469 2577 569 2646 τῆς
589 2577 767 2647 ψυχῆς
789 2577 818 2629 6
843 2576 993 2646 ἀγὼν
1024 2578 1169 2641 ἅπας
1196 2579 1366 2642 ἐστὶν,
1399 2577 1638 2648 ἑκατέρᾳ
1662 2579 1728 2648 τῇ
1761 2577 1924 2647 φύσει

250 2671 315 2726 τὸ
344 2671 557 2725 στάδιον
585 2672 844 2742 ἀνέῳγεν,
868 2672 1116 2744 ἐκατέρῳ
1143 2671 1220 2742 τῷ
1248 2671 1396 2740 γένει
1417 2671 1478 2724 τὸ
1503 2671 1728 2743 θέατρον
1753 2670 1926 2743 κάθη-

249 2776 366 2815 ται.
395 2759 508 2812 Καὶ
538 2759 661 2812 οὐτε
693 2760 885 2831 ἀνδρες
911 2759 1251 2813 ἀπεδύσαντο
1288 2759 1467 2830 μόνον,
1533 2758 1618 2812 ἵνα
1668 2759 1742 2830 μὴ
1789 2758 1926 2831 πρὸς

249 2849 356 2920 τὴν
394 2848 494 2918 τῆς
532 2849 745 2918 φύσεως
779 2849 1064 2902 ἀσθένειαν
1109 2850 1166 2902 αί
1190 2850 1451 2917 γυναῖκες
1483 2847 1926 2918 καταφεύγουσαι

255 2937 482 3000 δόξωσιν
546 2937 690 3006 ἔχειν
739 2937 1098 3010 εὐπρόσωπον
1152 2935 1484 3004 ἀπολογίανυ
1515 2933 1638 2988 οὔτε
1670 2937 1928 3004 γυναῖκες

253 3023 579 3095 ἡνδρίσαντο
614 3025 794 3095 μόναι,
829 3025 917 3078 ἴνα
948 3024 1106 3096 μὴτὸ
1126 3024 1234 3078 τῶν
1264 3023 1474 3095 ἀνδρῶν
1497 3023 1928 3094 καταισχύνηται

255 3113 413 3180 γένος
436 3129 449 3142 ·
486 3111 624 3165 ἀλλά
644 3113 740 3165 καὶ
771 3111 1023 3165 ἐντεῦθεν
1050 3111 1303 3166 κάκεῖθεν
1327 3111 1512 3165 πολλοὶ
1543 3113 1590 3164 οί
1617 3113 1924 3183 ἀνακηρυτ-

256 3201 477 3270 τόμενοι
539 3201 636 3252 καὶ
699 3199 1161 3269 στεφανούμενοι,
1230 3199 1316 3252 ἴνα
1389 3197 1564 3269 μάθῃς
1613 3197 1790 3271 [595]
1838 3198 1929 3252 διὰ

257 3287 368 3340 τῶν
403 3287 583 3357 ἔργων
611 3285 789 3340 αὐτῶν
815 3288 896 3340 ὅτι
949 3289 1006 3340 ἐν
1049 3285 1270 3358 Χριστῷ
1316 3285 1493 3356 Ἰησοῦ
1520 3287 1620 3339 οὐκ
1653 3285 1842 3357 ἀρσεν,
1867 3288 1928 3341 οὐ

257 3372 420 3442 θῆλυ,
445 3375 533 3427 ὅτι
578 3372 702 3426 οὐτε
751 3373 946 3443 φύσις,
989 3372 1113 3426 οὐτε
1159 3372 1412 3444 σώματος
1455 3373 1741 3439 ἀσθένεια,
1805 3373 1929 3428 οὐτε

255 3463 468 3532 ήλικία,
497 3461 620 3515 οὐτε
653 3461 781 3516 ἀλλο
812 3463 963 3516 οὐδὲν
992 3461 1101 3515 τῶν
1119 3462 1378 3516 τοιούτων
1406 3462 1695 3533 ἐμποδίσαι
1728 3462 1930 3518 δύναιτ’

257 3549 324 3602 ἂν
362 3553 477 3614 τοῖς
503 3550 594 3604 τὸν
632 3550 734 3620 τῆς
783 3550 1064 3611 εὐσεϐείας
1103 3550 1356 3620 τρέχουσι
1392 3549 1614 3621 δρόμον,
1659 3551 1754 3604 ἐάν
1792 3569 1930 3624 προ-

253 3633 431 3704 θυμία
457 3633 705 3702 γενναία,
753 3634 848 3688 καὶ
873 3634 1130 3705 φρόνημα
1169 3633 1616 3704 διεγηγερμένον,
1650 3636 1743 3687 καὶ
1767 3637 1931 3704 φόϐος

259 3720 399 3774 Θεοῦ
431 3721 634 3793 θερμὸς
679 3721 772 3775 καὶ
817 3721 1082 3794 διάπυρος
1119 3721 1490 3793 ἐρῥιζωμένος
1537 3722 1695 3793 ἡμῶν
1725 3723 1782 3775 ἐν
1813 3726 1934 3788 ταῖς

259 3808 466 3878 ψυχαῖς
579 3808 679 3862 Διά
717 3807 873 3862 τοῦτο
905 3811 999 3862 καὶ
1029 3809 1210 3880 κόραι,
1245 3811 1341 3862 καὶ
1373 3813 1651 3879 γυναῖκες,
1695 3813 1788 3863 καὶ
1839 3810 1935 3865 άν-

262 3895 410 3967 δρες,
443 3897 538 3948 καὶ
563 3897 693 3958 νέοι,
730 3897 824 3949 καὶ
861 3897 1134 3968 γέροντες,
1169 3897 1264 3949 καὶ
1294 3897 1490 3962 δοῦλοι,
1519 3899 1612 3950 καὶ
1637 3897 1932 3969 ἐλεύθεροι,

267 3987 361 4038 καὶ
395 3987 547 4038 πᾶσα
575 3985 721 4052 ἀξία,
775 3986 868 4039 κα)⁵
898 3986 1084 4057 ἡλικία
1117 3985 1327 4049 ἅπασα,
1367 3985 1462 4039 καὶ
1493 3985 1654 4054 φύσις
1697 3987 1934 4058 ἑκατέρα

267 4073 404 4145 πρὸς
421 4073 550 4136 τοὺς
573 4073 790 4140 ἀγῶνας
807 4073 1144 4126 ἀπεδύσαντο
1166 4072 1406 4136 τούτους,
1421 4073 1513 4126 καὶ
1533 4073 1830 4144 οὐδαμόθεν
1853 4075 1938 4128 οὐ·

261 4159 352 4213 δέν
367 4159 814 4232 παρεϐλάϐησαν,
843 4161 964 4213 ἐπεὶ
993 4161 1311 4231 προαίρεσιν
1334 4161 1588 4230 γενναίαν
1612 4163 1935 4232 εἰσήνεγκαν

270 4252 347 4313 εις
378 4256 450 4304 τὰ
469 4251 831 4321 παλαίσματα
858 4251 1052 4308 ταῦτα,
1097 4251 1153 4304 '0
1182 4251 1281 4322 μὲν
1310 4247 1402 4306 οὖν
1431 4252 1624 4324 καιρὸς
1658 4254 1808 4323 ἡμᾶς
1835 4252 1935 4324 ήδη

270 4337 408 4408 πρὸς
432 4339 534 4410 τὴν
559 4339 813 4408 διήγησιν
841 4339 949 4392 τῶν
997 4338 1091 4392 τοῦ
1128 4338 1398 4410 μακαρίου
1441 4339 1632 4393 τούτου
1665 4340 1940 4411 κατορθω-

274 4427 460 4495 μάτων
483 4426 668 4480 καλεῖο
695 4429 723 4480 6
755 4426 1014 4498 λογισμὸς
1041 4427 1097 4480 δὲ
1123 4427 1450 4498 ταράττεται
1482 4429 1579 4482 καὶ
1601 4427 1936 4500 θορυϐεῖται,

270 4512 369 4565 οὐκ
418 4514 559 4584 ἔχων
597 4514 650 4567 τί
681 4513 918 4586 πρῶτον,
971 4513 1024 4566 τί
1069 4513 1322 4585 δεύτερον
1365 4516 1561 4576 εἰπεῖν,
1614 4515 1667 4567 τί
1713 4513 1896 4585 τρίτον
1922 4530 1936 4544 ·

269 4598 524 4652 τοσοῦτον
552 4603 806 4673 περιρρεῖ
849 4601 1113 4655 πάντοθεν
1164 4603 1312 4672 ἡμᾶς
1358 4601 1655 4672 ἐγκωμίων
1708 4601 1934 4673 πλῆθος.

272 4688 385 4740 Καὶ
435 4687 635 4741 ταύτὸν
686 4689 1008 4759 πάσχομεν,
1065 4683 1177 4742 οἷον
1230 4687 1296 4742 ἂν
1349 4687 1403 4741 εί
1444 4705 1531 4752 τις
1576 4690 1659 4752 είς
1700 4689 1942 4760 λειμῶνα

270 4775 552 4838 ιίσελθὼν,
578 4777 671 4830 καὶ
697 4777 897 4849 πολλὴν
930 4777 1030 4848 μὲν
1062 4777 1160 4846 τὴν
1188 4775 1448 4849 ῥοδωνιὰν
1469 4776 1612 4841 ἰδὼν,
1635 4776 1769 4830 πολὺ
1803 4777 1861 4830 δέ
1882 4777 1942 4831 τὸ

273 4863 377 4931 Iov,
424 4865 522 4918 καὶ
569 4865 630 4918 τδ
675 4865 862 4938 κρίνον
889 4866 1166 4928 τοσοῦτον,
1197 4866 1292 4918 καὶ
1329 4866 1492 4936 ἕτερα
1528 4864 1585 4917 δὲ
1615 4864 1778 4936 ἠρινά
1805 4866 1940 4937 ἄνθη

271 4951 499 5005 ποικίλα
544 4970 605 5006 τε
639 4955 734 5008 καὶ
781 4953 1031 5024 διάφορα,
1057 4953 1378 5024 ἀπορήσειε,
1411 4952 1464 5005 τί
1494 4954 1713 5024 πρῶτον
1740 4952 1851 5024 ῐδῃ,
1889 4953 1943 5008 τί

270 5039 550 5111 δεύτερον,
587 5041 820 5096 ἑκάστου
839 5041 950 5095 τῶν
983 5041 1276 5113 ὁρωμένων
1308 5040 1445 5112 πρὸς
1476 5041 1637 5094 ἐαυτὸ
1656 5040 1946 5107 καλοῦντος

271 5128 375 5191 τὰς
407 5128 578 5198 ὄψεις.
618 5130 727 5183 Καὶ
752 5129 861 5199 γάρ
893 5129 988 5182 καὶ⁸
1017 5131 1178 5200 ἡμεῖς
1205 5130 1285 5193 είς
1319 5129 1409 5182 τὸν
1434 5128 1802 5199 πνευματικὸν
1826 5129 1943 5182 τοῦα

271 5232 370 5268 τον
400 5215 638 5286 λειμῶνα
670 5217 779 5270 τῶν
814 5216 1077 5286 Ἰγνατίου
1111 5215 1552 5287 κατορθωμάτων
1589 5215 1945 5280 εἰσελθόντες,

273 5305 373 5356 καὶ
429 5305 553 5375 οὐχὶ
605 5303 740 5377 ἀνθη
785 5304 970 5376 ἠρινά,
1020 5304 1136 5358 ἀλλ’
1171 5303 1332 5356 αὐτὸν
1362 5303 1456 5356 τοῦ
1499 5303 1816 5374 Πνεύματος
1855 5304 1946 5357 τὸν

272 5389 489 5459 καρπὸν
543 5392 789 5445 ποικίλον
825 5409 886 5445 τε
917 5392 1014 5445 καὶ
1041 5391 1296 5463 διάφορον
1337 5392 1394 5446 ἐν
1443 5394 1509 5463 τῇ
1559 5392 1750 5445 τούτου
1799 5393 1945 5466 ψυχῇ

275 5477 544 5548 θεώμενοι
578 5480 978 5553 θορυϐούμεθα,
1027 5482 1122 5537 καὶ
1159 5481 1547 5554 διαποροῦμεν,
1583 5483 1684 5535 οὐκ
1732 5481 1947 5553 ἔχοντες

276 5565 384 5619 ποῦ
416 5567 634 5638 πρῶτον
676 5570 766 5623 τὸν
798 5569 1061 5641 λογισμὸν
1113 5570 1496 5640 ἀπερεισωμεν
1517 5610 1533 5636 ,
1581 5569 1810 5624 ἑκάστου
1841 5571 1948 5625 τῶν

275 5655 570 5725 δρωμένων
600 5657 707 5710 ἀπὸ
733 5657 842 5711 τῶν
889 5656 1116 5729 πλησίον
1148 5657 1518 5722 ἀνθέλκοντος,
1561 5659 1652 5711 καὶ
1684 5658 1816 5728 πρὸς
1850 5659 1947 5728 τὴν

277 5740 380 5812 τῆς
409 5744 616 5809 οἰκείας
645 5744 976 5816 εὐπρεπείας
1018 5743 1250 5817 θεωρίαν
1284 5746 1664 5816 ἐπισπωμένου
1709 5749 1804 5815 τὴν
1835 5747 1930 5813 τῆς

2014 1090 2195 1164 ψυχῆς
2251 1095 2394 1166 ὄψιν.
2453 1099 2713 1152 Σκοπεῖτε
2761 1100 2902 1170 γάρ·
2957 1101 3195 1172 προέστη
3243 1103 3342 1173 τῆς
3390 1101 3520 1174 παρ’
3554 1103 3685 1173 ἡμῖν

2027 1179 2350 1253 Ἐκκλησίας
2365 1184 2646 1252 γενναίως,
2663 1187 2754 1238 καὶ
2776 1186 2913 1256 μετὰ
2933 1186 3199 1259 τοσαύτης
3224 1187 3534 1258 ἀκριϐείας,
3562 1189 3686 1259 μεθ’

2016 1267 2146 1340 ὅσης
2178 1270 2207 1322 6
2237 1270 2474 1341 Χριστὸς
2531 1270 2810 1342 βούλεται·
2845 1273 2905 1326 ὃν
2949 1273 3057 1344 γάρ
3111 1275 3368 1345 μέγιστον
3414 1277 3538 1346 ὅρον
3592 1277 3686 1331 καὶ

2015 1357 2214 1410 κανόνα
2241 1357 2342 1429 τῆς
2365 1361 2668 1432 ἐπισκοπῆς
2689 1361 2890 1432 ἔφησεν
2911 1357 3049 1416 εἶναι
3081 1363 3308 1426 ἐκεῖνος,
3325 1361 3511 1417 τοῦτον
3533 1355 3688 1429 οὗτος

2015 1441 2104 1496 διά
2131 1442 2242 1496 τῶν
2282 1444 2459 1516 ἔργων
2475 1446 2806 1512 ἐπεδείξατο.
2836 1447 2946 1501 Καὶ
2971 1447 3079 1519 γάρ
3110 1448 3200 1502 τοῦ
3232 1449 3468 1520 Χριστοῦ
3503 1449 3688 1518 λέγον-

2014 1547 2107 1594 τος
2134 1530 2390 1595 ἀκούσας,
2420 1533 2502 1586 ὅτι
2524 1534 2578 1585 ’0
2601 1534 2826 1603 ποιμὴν
2851 1538 2885 1589 ὁ
2908 1535 3096 1602 καλὸς
3124 1535 3240 1604 τὴν
3264 1537 3480 1606 ψυχὴν
3498 1537 3687 1592 αὐτοῦ

2014 1618 2258 1685 τίθησιν
2302 1618 2455 1687 ὑπὲρ
2501 1619 2621 1674 τῶν
2674 1624 3000 1688 προϐάτων,
3047 1622 3183 1693 μετὰ
3225 1623 3407 1694 πάσης
3435 1625 3688 1696 ἀνδρείας

2017 1705 2187 1776 αὐτὴν
2213 1704 2484 1760 ἐπέδωκεν
2523 1707 2660 1779 ὑπὲρ
2692 1707 2801 1761 τῶν
2835 1709 3140 1779 προϐάτων.

2089 1793 2415 1862 Συνεγένετο
2450 1798 2564 1858 τοῖς
2608 1795 2927 1860 ἀποστόλοις
2959 1797 3219 1866 γνησίως,
3250 1799 3345 1852 καὶ
3382 1798 3488 1854 τῶν
3523 1817 3689 1854 πνευ-

2024 1880 2270 1948 ματικῶν
2323 1882 2578 1952 ναμάτων
2607 1882 2941 1953 ἀπήλαυσεν.
2984 1884 3200 1938 Ὀποῖον
3249 1881 3342 1940 οὖν
3371 1882 3510 1940 εἶναι
3541 1888 3690 1954 είκδς

2019 1967 2111 2021 τὸν
2151 1969 2573 2040 συντραφένται
2612 1971 2859 2038 ἐκείνοις,
2889 1973 2984 2026 καὶ
3030 1974 3307 2045 πανταχοῦ
3353 1979 3688 2049 συγγενόμε-

2020 2076 2132 2125 νον,
2184 2061 2278 2115 καὶ
2313 2060 2491 2133 ῥητῶν
2530 2061 2624 2115 καὶ
2674 2063 3002 2134 ἀπορρήτων
3030 2064 3215 2127 αὐτοῖς
3243 2070 3688 2138 κοινωνήσαντα,

2021 2149 2116 2200 καὶ
2137 2147 2402 2218 τοσαύτης
2425 2144 2566 2201 εἶναι
2581 2147 2806 2213 δόξαντα
2823 2151 3007 2214 αὐτοῖς
3035 2152 3211 2222 ἀρχῆς
3229 2152 3410 2220 ἀξιονς
3449 2153 3688 2227 Ἐπέστη

2023 2237 2186 2290 πάλιν
2210 2236 2396 2308 καιρὸς
2427 2235 2678 2308 ἀνδρείαν
2717 2238 2990 2308 ἐπιζητῶν
3023 2243 3116 2294 καὶ
3141 2241 3318 2311 ψυχὴν
3344 2241 3452 2296 τῶν
3486 2243 3690 2314 παρόν-

2024 2340 2131 2376 των
2159 2323 2514 2396 ὐπερορῶσαν
2535 2323 2811 2389 ἁπάντων,
2839 2326 2932 2378 καὶ
2968 2325 3048 2395 τῷ
3079 2327 3207 2398 θείῳ
3248 2327 3477 2391 ζέουσαν
3501 2329 3688 2401 ἔρωτι,

2025 2411 2119 2462 καὶ
2161 2409 2232 2463 τά
2262 2409 2335 2481 μὴ
2367 2411 2673 2482 βλεπόμενα
2701 2411 2808 2465 τῶν
2845 2413 3138 2485 δρωμένων
3168 2415 3525 2485 προτιμῶσαν
3545 2431 3558 2443 ⁶
3595 2415 3692 2471 καὶ

2027 2497 2166 2567 μετά
2189 2495 2455 2567 τοσαύτης
2503 2498 2753 2562 εὐκολίας
2784 2499 2882 2571 τὴν
2915 2500 3094 2571 σάρκα
3119 2500 3369 2565 ἀπέθετο,
3405 2501 3522 2572 μεθ’
3559 2502 3693 2573 ὅσης

2025 2584 2091 2638 ἄν
2118 2601 2201 2648 τις
2231 2583 2448 2654 ἱμάτιον
2498 2586 2850 2640 ἀποδύσαιτο.
2884 2587 2949 2638 Τί
2983 2583 3077 2640 οὖν
3105 2588 3370 2658 πρότερον
3396 2589 3641 2658 εἴπωμεν
3673 2604 3690 2650 ;

2026 2672 2134 2726 τῶν
2186 2673 2498 2726 ἀποστόλων
2548 2673 2644 2746 τὴν
2697 2674 3068 2738 διδασκαλίαν,
3118 2675 3185 2744 ἢν
3241 2674 3558 2738 ἐπεδείξατο
3601 2671 3690 2726 διὰ

2027 2761 2266 2827 πάντων,
2313 2761 2346 2831 ἢ
2389 2761 2488 2830 τῆς
2543 2761 2826 2833 παρούσης
2873 2761 3020 2832 ζωῆς
3049 2762 3148 2832 τὴν
3180 2761 3502 2833 ύπεροψίαν,
3529 2763 3562 2832 ἢ
3593 2755 3693 2827 τὴν

2026 2850 2310 2922 ἀκρίϐειαν
2339 2850 2440 2920 τῆς
2469 2851 2692 2921 ἀρετῆς,
2729 2849 2848 2918 μεθ’
2869 2844 2938 2920 ἦς
2956 2850 3055 2921 τὴν
3079 2849 3413 2920 προστασίαν
3437 2851 3536 2921 τῆς
3572 2851 3693 2905 Ἐκ⁴

2028 2937 2256 3009 κλησίας
2292 2937 2642 3009 ᾡκονόμησε;
2673 2936 2808 2990 Τίνα
2834 2937 3096 3008 πρότερον
3129 2937 3515 3007 ἀνυμνήσομεν
3542 2955 3557 3004 ;
3599 2938 3693 2992 τὸν

2032 3024 2304 3096 μάρτυρα,
2333 3023 2365 3095 ἢ
2399 3023 2489 3076 τὸν
2516 3023 2832 3087 ἐπίσκοπον,
2872 3023 2904 3093 ἢ
2936 3021 3029 3075 τὸν
3058 3022 3386 3088 ἀπόστολον;
3421 3025 3695 3098 Τριπλοῦν

2027 3113 2136 3185 γάρ
2167 3113 2428 3182 στέφανον
2462 3114 2495 3183 ή
2544 3111 2641 3166 τοῦ
2681 3111 2998 3182 Πνεύματος
3048 3111 3292 3176 πλέξασα
3333 3114 3516 3185 χάρις,
3551 3114 3691 3168 οῦτω

2029 3201 2128 3271 τὴν
2173 3199 2334 3268 ἀγίαν
2361 3200 2578 3270 ἐκείνην
2603 3199 2830 3271 ἀνέδησε
2861 3199 3102 3268 κεφαλήν
3123 3215 3137 3229 ο
3168 3200 3370 3269 μᾶλλον
3402 3201 3459 3255 δὲ
3495 3201 3692 3255 πολλα-

2031 3288 2216 3342 πλοῦν.
2242 3289 2362 3342 Τῶν
2395 3287 2504 3360 γάρ
2531 3289 2808 3358 στεφάνων
2835 3289 3086 3350 ἕκαστον,
3119 3287 3174 3340 εί
3211 3305 3295 3352 τις
3325 3289 3523 3353 αὐτοὺς
3559 3289 3698 3360 μετά

2029 3375 2315 3447 ἀκριϐείας
2346 3374 2728 3443 ἀναπτύξειεν,
2759 3375 2984 3446 εὑρήσει
3014 3374 3108 3427 καὶ
3152 3374 3373 3447 ἐτέρους
3401 3376 3533 3447 ἡμῖν
3569 3371 3700 3442 βλα-

2031 3463 2320 3528 στάνοντας
2353 3463 2665 3534 στεφάνους.

2101 3548 2252 3621 [596]
2269 3549 2332 3620 β’.
2360 3550 2470 3604 Καὶ
2490 3551 2538 3603 εί
2553 3547 2830 3620 βούλεσθε,
2852 3547 3116 3620 πρότερον
3133 3548 3224 3601 ἐπὶ
3243 3547 3334 3600 τὸν
3351 3548 3452 3617 τῆς
3477 3549 3699 3603 ἐπισκο-

2035 3636 2142 3707 πῆς
2165 3635 2383 3691 ἐπαινον
2405 3635 2646 3708 ἔλθωμεν
2666 3653 2695 3667 ⁶⁴
2713 3637 2771 3688 οὐ
2798 3636 2946 3689 δοκεῖ
2971 3631 3052 3698 εἷς
3081 3629 3234 3698 οὗτος
3267 3632 3404 3687 εἶναι
3434 3637 3697 3704 στέφανος

2035 3723 2228 3794 μόνος;
2262 3723 2398 3794 Φέρε
2448 3719 2540 3777 οὖν
2590 3722 2752 3776 αὐτὸν
2809 3720 3202 3791 ἀναπτύξωμεν
3256 3720 3334 3790 τῷ
3388 3720 3531 3791 λόγῳ
3554 3761 3567 3780 .
3605 3721 3699 3774 καὶ

2032 3810 2228 3880 ὄψεσθε
2249 3812 2343 3865 καὶ
2361 3810 2474 3875 δύο,
2508 3810 2605 3864 καὶ
2633 3811 2803 3882 τρεῖς,
2839 3810 2932 3862 καὶ
2964 3807 3182 3870 πλείους
3227 3805 3288 3871 ἐξ
3325 3807 3490 3860 αὐτοῦ
3519 3823 3700 3859 τικτοο

2037 3898 2234 3964 μένους
2291 3899 2440 3968 ἡμῖν.
2487 3897 2562 3950 Οὐ
2591 3897 2698 3968 γάρ
2730 3896 2888 3967 μόνον
2913 3896 2996 3949 ὃτι
3047 3894 3314 3964 τοσαύτης
3349 3895 3522 3966 ἀρχῆς
3551 3894 3705 3958 ἄξιος

2035 3981 2174 4038 εἶναι
2203 3984 2370 4048 ἔδοξε,
2413 3983 2678 4054 θαυμάζω
2704 3983 2793 4037 τὸν
2827 3983 2996 4054 ἄνδρα
3026 3981 3156 4051 ἐγὼ,
3181 3981 3294 4035 ἀλλ’
3321 3983 3404 4035 ὅτι
3430 3983 3524 4035 καὶ
3549 3981 3701 4052 παρά

2035 4073 2141 4126 τῶν
2171 4071 2339 4142 ἁγίων
2373 4071 2595 4124 ἐκείνων
2627 4071 2726 4142 τὴν
2765 4071 2941 4142 ἀρχὴν
2966 4069 3170 4141 ταύτην
3198 4068 3536 4140 ἐνεχειρίσθη
3560 4110 3574 4134 ,
3605 4071 3702 4124 καὶ

2037 4159 2227 4214 αἰτῶν
2259 4157 2546 4229 μακαρίων
2577 4156 2892 4210 ἀποστόλων
2925 4159 3109 4226 χεῖρες
3154 4157 3253 4227 τῆς
3308 4155 3461 4226 ίερᾶς
3490 4155 3702 4225 ἥψαντο

2037 4246 2302 4316 κεφαλῆς.
2331 4244 2486 4299 ’οὐδέ
2513 4244 2622 4316 γάρ
2653 4243 2847 4315 μικρὸν
2873 4243 3032 4297 τοῦτο
3078 4245 3157 4307 είς
3188 4243 3467 4312 ἐγκωμίου
3495 4243 3655 4311 λόγον
3679 4259 3698 4276 ⁶

2039 4335 2139 4390 οὐκ
2162 4333 2351 4404 ἐπειδὴ
2382 4333 2553 4387 πλείω
2579 4332 2674 4403 τὴν
2695 4331 2901 4385 ἀνωθεν
2921 4331 3272 4385 ἐπεσπάσατο
3300 4331 3480 4401 χάριν,
3495 4329 3604 4384 οὐδ’
3620 4331 3703 4384 ὅτι

2037 4422 2427 4494 δαψιλεστέραν
2455 4421 2542 4474 ἐπ’
2567 4419 2730 4473 αὐτὸν
2773 4419 3038 4490 ἐποίησαν
3071 4417 3247 4471 ἐλθεῖν
3278 4418 3377 4489 τὴν
3406 4417 3500 4470 τοῦ
3537 4417 3705 4471 Πνεύ-

2045 4527 2214 4579 ματος
2247 4508 2529 4579 ἐνέργειαν
2561 4506 2751 4574 μόνον·
2789 4504 2905 4559 ἀλλ’
2944 4506 3025 4558 ὅτι
3057 4505 3153 4558 καὶ
3178 4505 3359 4558 πᾶσαν
3404 4503 3554 4574 αὐτῷ
3603 4504 3706 4574 τὴν

2041 4601 2098 4652 ἐν
2122 4596 2431 4669 ἀνθρώποις
2446 4593 2835 4667 ἐμαρτύρησαν
2864 4595 3092 4666 ἀρετήν·
3108 4593 3170 4646 τὸ
3199 4593 3255 4646 δέ
3280 4591 3397 4656 πῶς
3414 4591 3524 4661 ἐγὼ
3539 4591 3702 4660 λέγω.

2045 4686 2188 4756 Τίτῳ
2216 4684 2443 4756 γράφων
2462 4684 2490 4736 6
2521 4682 2736 4747 Παῦλος
2765 4682 2895 4736 ποτέ
2912 4698 2925 4712 ·
2963 4681 3092 4734 ὅταν
3125 4680 3182 4733 δέ
3221 4677 3432 4733 Παῦλον
3461 4679 3620 4741 εἴπω,
3643 4677 3706 4732 οὐ

2043 4772 2230 4826 τοῦτον
2258 4771 2418 4842 μόνον
2439 4770 2604 4840 λέγω,
2633 4769 2768 4822 ἀλλά
2804 4769 2900 4822 καὶ
2923 4767 3152 4837 Πέτρον,
3178 4765 3273 4818 καὶ
3308 4764 3583 4827 Ἰάκωϐον,
3611 4765 3706 4819 καὶ

2057 4859 2329 4930 Ἰωάννην,
2357 4858 2452 4912 καὶ
2480 4859 2657 4912 πάντα
2691 4856 2870 4911 αὐτῶν
2896 4855 2988 4908 τὸν
3009 4854 3188 4926 χορόν.
3210 4851 3479 4923 Καθάπερ
3500 4852 3613 4923 γὰρ
3649 4853 3708 4907 ἐν

2041 4946 2181 5020 λύρᾳ
2205 4949 2304 5018 μιᾷ
2322 4946 2569 5017 διάφοροι
2596 4945 2694 5014 μὲν
2731 4947 2787 4998 αἱ
2821 4943 3032 5014 νευραὶ,
3074 4941 3170 5012 μία
3189 4941 3248 4995 δέ
3290 4943 3323 5011 ὴ
3367 4941 3660 5012 συμφωνία
3685 4956 3702 4971 ο

2042 5034 2186 5088 οὕτω
2202 5035 2295 5090 καὶ
2317 5036 2374 5088 ἐν
2387 5033 2462 5105 τῷ
2477 5032 2622 5105 χορῷ
2643 5032 2750 5085 τῶν
2765 5030 3078 5085 ἀποστόλων
3099 5029 3331 5102 διάφορα
3347 5029 3446 5099 μέν
3461 5027 3531 5081 τά
3551 5027 3710 5098 πρόσ-

2043 5142 2189 5190 ωπα,
2221 5123 2318 5194 μία
2349 5121 2407 5176 δέ
2432 5123 2466 5193 ἠ
2491 5119 2827 5182 διδασκαλία,
2856 5117 3041 5188 ἐπειδὴ
3068 5118 3158 5171 καὶ
3184 5112 3264 5181 εἷς
3287 5117 3315 5169 6
3345 5117 3592 5186 τεχνίτης
3617 5109 3705 5185 ἦν,

2043 5211 2105 5264 τὸ
2136 5209 2360 5280 Πνεῦμα
2399 5209 2460 5262 τὸ
2490 5207 2646 5277 ἅγιον
2683 5207 2745 5260 τὸ
2778 5204 2960 5259 κινοῦν
2990 5205 3090 5267 τὰς
3118 5205 3340 5257 ἐκείνων
3367 5203 3564 5272 ψυχάς.
3600 5201 3709 5253 Καὶ

2044 5299 2201 5354 τοῦτο
2241 5299 2519 5370 ἐμφαίνων
2551 5299 2580 5351 6
2610 5295 2820 5358 Παῦλος
2861 5295 3077 5364 ἔλεγεν·
3127 5293 3264 5347 Εἴτε
3308 5287 3421 5345 οὖν
3468 5290 3707 5354 ἐκεῖνοι,

2046 5391 2102 5442 εἴ
2107 5406 2166 5443 τε
2192 5387 2325 5459 ἐγὼ,
2365 5387 2518 5440 οὕτω
2552 5387 2960 5455 κηρύσσομεν.
2995 5381 3227 5453 Γράφων
3247 5379 3422 5431 τοίνυν
3450 5370 3605 5440 οὗτος
3632 5375 3711 5448 τῷ

2053 5475 2215 5548 Τίτῳ,
2246 5475 2340 5529 καὶ
2373 5475 2586 5538 δεικνὺς
2619 5473 2798 5528 ὁποῖόν
2825 5488 2944 5526 τινα
2973 5469 3063 5522 τὸν
3095 5467 3390 5520 ἐπίσκοπον
3415 5459 3552 5518 εἶναι
3578 5465 3709 5537 χρὴ,

2112 5687 2130 5710 ⁸
2150 5685 2230 5736 Sic
2252 5686 2360 5735 Sav.
2383 5690 2436 5736 et
2456 5700 2583 5735 unus
2605 5686 2748 5750 “93.,
2773 5687 2916 5746 atque
2942 5682 3002 5729 ita
3030 5676 3211 5737 legis”
3235 5677 3427 5727 videtur
3451 5676 3714 5734 lulcrprcs.

2044 5749 2160 5798 Mor.
2189 5751 2483 5812 ίντραφέντα.
