4080 6196
387 309 492 370 589

385 431 524 504 φησί
539 448 556 464 ο
589 427 689 484 Δεῖ
723 426 836 498 γὰρ
861 427 970 480 τὸν
997 425 1339 479 ἐπίσκοπον
1375 426 1755 495 ἀνέγκλητον
1783 425 1955 490 εἶναι,
1983 430 2064 493 ὡς

388 519 539 574 Θεοῦ
579 518 921 586 οἰκονόμον,
947 515 1034 584 μὴ
1066 512 1321 582 αὐθάδη,
1363 513 1451 583 μὴ
1491 515 1758 584 ὀργίλον,
1802 515 1887 586 μὴ
1923 515 2064 584 πάρ-

387 624 578 672 οινον,
607 603 692 676 μὴ
719 604 1024 673 πλήκτην,
1050 601 1136 672 μὴ
1165 600 1596 672 αἰσχροκερδῆ,
1635 601 1796 658 ἀλλὰ
1824 603 2066 673 φιλόξε-

385 713 518 760 νον,
560 695 912 764 φιλάγαθον,
938 691 1240 760 σώφρονα,
1267 691 1522 756 δίκαιον,
1555 691 1747 756 ὅσιον,
1785 691 2062 762 ἐγκρατῆ,

387 785 800 852 ἀντεχόμενον
819 779 926 833 τοῦ
953 778 1106 834 κατὰ
1147 777 1266 846 τὴν
1303 777 1562 848 διδαχὴν
1605 781 1826 834 πιστοῦ
1857 783 2062 852 λόγου,

387 871 490 924 ἵνα
515 868 778 934 δυνατὸς
801 862 844 939 ἦ
877 866 977 920 καὶ
1012 866 1254 938 ἐτέρους
1297 867 1674 936 παρακαλεῖν
1697 869 1769 922 ἐν
1797 867 1868 937 τῇ
1901 867 2066 923 διδα-

386 959 616 1024 σκαλίᾳ
645 956 720 1026 τῇ
745 957 1123 1027 ὑγιαινούσῃ,
1155 955 1254 1010 καί
1287 956 1430 1022 τοὺς
1449 956 1874 1026 ἀντιλέγοντας
1901 958 2068 1028 ἐλέγ-

387 1063 538 1118 χειν.
573 1046 677 1100 Καὶ
719 1045 970 1118 Τιμοθέῳ
1005 1045 1166 1099 πάλιν
1210 1045 1339 1118 περὶ
1373 1046 1473 1117 τῆς
1510 1047 1818 1112 ὑποθέσεως
1863 1047 2067 1118 ταύτης

387 1136 739 1198 ἐπιστέλλων.
761 1135 905 1189 οῦτω
935 1137 1050 1200 πώς
1079 1154 1270 1207 φησιν’
1295 1137 1370 1190 Et
1395 1155 1485 1201 τις
1506 1136 1845 1206 ἐπισκοπῆς
1869 1139 2066 1208 όρέγεε

387 1241 503 1288 ται,
546 1226 738 1280 καλοῦ
783 1225 960 1293 ἔργου
999 1223 1300 1294 ἐπιθυμεῖο
1337 1225 1433 1280 δεῖ
1447 1222 1562 1281 οὖν
1597 1225 1704 1280 τὸν
1729 1227 2068 1281 ἐπίσκοπον

388 1313 804 1380 ἀνεπίληπτον
828 1307 1001 1378 εἶναι,
1032 1312 1175 1384 μιᾶς
1201 1315 1488 1384 γυναικὸς
1513 1313 1718 1384 ἄνδρα,
1744 1315 2064 1386 νηφάλιον,

388 1401 690 1470 σώφρονα,
718 1403 992 1471 κόσμιον,
1023 1403 1370 1472 φιλόξενον,
1397 1403 1758 1470 διδακτικόν,
1785 1403 1873 1475 μὴ
1909 1405 2066 1472 πλή-

390 1507 563 1559 κτην,
589 1489 675 1558 μὴ
719 1490 1030 1560 πάροινον,
1063 1491 1202 1546 ἀλλ’
1227 1492 1483 1560 ἐπιεικῆ,
1519 1493 1774 1562 ἄμαχον,
1815 1493 2086 1563 ἀφιλὰρο,

387 1595 594 1648 γυρον.
627 1575 780 1640 Εἶδες
813 1580 985 1650 πόσην
1014 1580 1300 1651 ἀκρίϐειαν
1331 1581 1530 1652 ἀρετῆς
1553 1583 1778 1636 ἀπαιτεῖ
1813 1583 1902 1636 τὸν
1944 1583 2068 1636 ἐπί-

390 1684 628 1733 σκοπονς
675 1665 943 1738 Καθάπερ
983 1668 1090 1738 γάρ
1123 1686 1208 1732 τις
1246 1668 1536 1740 ζωγράφος
1579 1671 1801 1742 ἀριστος
1847 1671 2070 1726 ποικίλα

389 1756 632 1826 κεράσας
661 1755 948 1826 χρώματα,
979 1757 1044 1827 ἢν
1074 1756 1138 1810 ἂν
1169 1751 1338 1830 μέλλῃ
1369 1757 1652 1828 βασιλικῆς
1687 1761 1900 1833 μορφῆς
1929 1777 2070 1833 πρω-

389 1845 620 1898 τότυπον
663 1843 1096 1910 κατασκευάζειν
1137 1845 1340 1913 εἰκόνα,
1375 1846 1514 1917 μετὰ
1551 1848 1733 1918 πάσης
1775 1849 2067 1920 ἐργάζεται

389 1934 488 2004 τῆς
522 1933 826 2004 ἀκριϐείας,
849 1933 990 1988 ὥστε
1033 1935 1158 1998 τοὺς
1205 1935 1577 2006 μιμουμένους
1614 1937 1784 2009 αὑτὴν
1821 1939 2069 2003 ἅπαντας

391 2021 487 2074 καὶ
532 2023 844 2092 γράφοντας
885 2021 944 2086 ἐξ
975 2022 1146 2092 αὐτῆς
1179 2023 1622 2096 διηκριϐωμένην
1655 2025 1799 2097 ἔχειν
1843 2029 2030 2082 εἰκόνα
2051 2045 2064 2059 ·

390 2105 533 2160 οὕτω
572 2105 635 2176 δη
685 2107 780 2158 καὶ
829 2107 858 2158 ὁ
899 2106 1168 2178 μακάριος
1213 2107 1425 2172 Παῦλος
1453 2109 1705 2182 καθάπερ
1734 2111 1854 2164 τινὰ
1886 2111 2070 2166 εἰκόνα

393 2193 678 2264 βασιλικὴν
712 2195 960 2264 γράφων,
993 2195 1088 2248 καὶ
1117 2195 1175 2248 τὸ
1201 2195 1507 2267 ἀρχέτυπον
1535 2198 1708 2268 αὑτῆς
1735 2199 2073 2253 κατασκευά-

392 2283 520 2346 ζων,
548 2281 616 2335 τὰ
643 2281 863 2334 ποικίλα
887 2283 988 2352 τῆς
1011 2283 1214 2354 ἀρετῆς
1241 2285 1481 2355 κεράσας
1513 2283 1800 2356 χρώματα,
1836 2288 2070 2360 ἀπηρτι-

393 2371 622 2440 σμένους
663 2373 792 2442 ήμῖν
840 2371 968 2434 τοὺς
1016 2373 1369 2444 χαρακτῆρας
1405 2373 1689 2444 ὑπέγραψε
1717 2379 1816 2446 τῆς
1849 2378 2072 2432 ἐπισκο-

391 2458 523 2528 πῆς,
570 2458 633 2510 ἵν’
655 2458 882 2520 ἕκαστος
913 2456 1022 2510 τῶν
1052 2460 1129 2522 είς
1159 2459 1256 2530 τὴν
1285 2459 1460 2531 ἀρχὴν
1505 2461 1706 2536 ταύτην
1751 2463 2071 2518 ἀναϐαινόν-

389 2563 520 2610 των,
549 2547 628 2608 είς
663 2545 877 2617 ἐκείνην
912 2545 1076 2617 ὀρῶν,
1108 2545 1244 2617 μετὰ
1265 2548 1533 2621 τοσαύτης
1554 2551 1840 2622 ἀκριϐείας
1859 2551 1928 2606 τὰ
1950 2553 2071 2606 καθ’

391 2633 584 2688 ἑαυτὸν
621 2632 835 2688 ἅπαντα
865 2635 1142 2706 οίκονομῇ.
1171 2636 1401 2708 Θαρῤὦν
1437 2639 1617 2692 τοίνυν
1643 2639 1852 2711 εἴποιμι
1883 2639 1968 2706 ἂν,
1991 2643 2072 2696 δτι

391 2723 574 2775 πᾶσαν
591 2721 760 2793 αὐτὴν
797 2721 936 2792 μετὰ
965 2723 1250 2795 ἀκριϐείας
1278 2725 1307 2776 6
1339 2725 1610 2796 μακάριος
1644 2727 1902 2796 Ἰγνάτιος
1935 2729 2073 2782 ἀπε-

391 2809 601 2883 μάξατο
643 2813 701 2864 ἐν
750 2815 817 2883 τῇ
865 2811 1059 2864 ἑαυτοῦ
1102 2812 1272 2884 ψυχῇ,
1305 2813 1400 2867 καὶ
1441 2815 1810 2885 ἀνεπίληπτος
1867 2813 1934 2890 ἦν
1979 2819 2074 2872 καὶ

389 2900 748 2970 ἀνέγκλητος,
781 2901 876 2954 καὶ
914 2901 1037 2954 οὗτε
1067 2901 1327 2973 αὐθάδης,
1363 2901 1488 2956 οὔτε
1516 2905 1754 2976 ὀργίλος,
1785 2905 1910 2960 οὒτε
1941 2907 2076 2978 πάρ-

389 3005 554 3055 οινος,
581 2987 705 3042 οὔτε
735 2988 1002 3061 πλήκτης,
1039 2989 1154 3044 ἀλλ’
1176 2991 1410 3060 ἄμαχος,
1431 2992 1826 3066 ἀφιλάργυρος,
1845 2995 2071 3060 δίκαιος,

387 3079 558 3142 δσιος,
584 3077 882 3150 ἐγκρατὴς,
917 3077 1278 3148 ἀντεχόμενος
1309 3079 1401 3134 τοῦ
1431 3081 1573 3136 κατά
1600 3082 1699 3154 τὴν
1729 3083 1952 3156 διδαχὴν
1981 3101 2072 3138 πι-

393 3166 525 3222 στοῦ
575 3165 758 3234 λόγου,
785 3165 1068 3238 νηφάλιος,
1116 3165 1372 3240 σώφρων,
1412 3169 1658 3242 κόσμιος,
1692 3175 1786 3226 καὶ
1825 3173 1894 3228 τά
1941 3176 2076 3230 ἄλλα

391 3253 540 3325 ᾇπερ
557 3255 588 3306 6
604 3252 818 3317 Παῦλος
841 3254 1112 3326 ἀπῄτησε.
1134 3256 1246 3308 Καὶ
1269 3256 1352 3320 τίς
1367 3257 1572 3312 τούτων
1595 3260 1897 3329 ἀπόδειξις;
1921 3263 2073 3338 [595]

393 3343 594 3414 φησίν*
628 3342 793 3395 Αὑτοὶ
825 3343 876 3396 οἱ
911 3342 1086 3396 ταῦτα
1125 3345 1406 3420 εἰρηκότες
1437 3347 1602 3402 αὐτὸν
1634 3351 2072 3424 ἐχειροτόνησαν,

394 3431 492 3484 καὶ
535 3431 635 3484 οὑκ
667 3429 734 3485 ἂν
771 3433 820 3484 οί
853 3429 992 3502 μετά
1033 3431 1302 3504 τοσαύτης
1347 3435 1636 3506 ἀκριϐείας
1685 3441 2077 3510 παραινοῦντες

393 3520 606 3590 ἑτέροις
635 3519 736 3592 τὴν
763 3519 1093 3590 δοκιμασίαν
1119 3521 1392 3576 ποιεῖσθαι
1416 3523 1525 3578 τῶν
1547 3525 1850 3596 μελλόντων
1867 3529 1962 3583 ἐπὶ
1983 3531 2076 3584 τὸν

397 3609 587 3683 θρόνον
624 3610 726 3682 τῆς
763 3611 940 3682 ἀρχῆς
983 3609 1295 3665 ἀναϐαίνειν
1333 3611 1559 3684 ταύτης,
1597 3615 1750 3670 αὑτοὶ
1783 3618 2078 3690 παρέργως

395 3699 556 3752 τοῦτο
584 3698 849 3770 ἐποίησαν
879 3699 946 3753 ἀν
965 3715 980 3729 ·
1017 3699 1135 3752 ἀλλ’
1154 3701 1204 3752 εί
1236 3699 1311 3772 μὴ
1341 3703 1521 3756 πᾶσαν
1555 3698 1696 3758 εἶδον
1733 3705 1833 3778 τὴν
1876 3707 2078 3779 ἀρετὴν

395 3787 602 3857 ταύτην
635 3788 695 3840 ἐν
721 3789 792 3858 τῇ
816 3787 962 3860 ψυχῇ
992 3787 1088 3842 τοῦ
1117 3787 1398 3863 μάρτυρος
1424 3790 1613 3845 τούτου
1635 3796 2073 3867 πεφυτευμένην,

395 3876 498 3930 οὑκ
537 3875 606 3930 ἂν
649 3876 801 3948 αὑτῷ
837 3876 1044 3949 ταύτην
1076 3878 1418 3948 ἐνεχείρισαν
1455 3880 1556 3950 τὴν
1596 3883 1789 3954 ἀρχήν.
1819 3884 1928 3938 Καὶ
1969 3885 2078 3958 γὰρ

395 3963 620 4034 ᾔδεισαν
647 3963 890 4036 ἀκριϐῶς
918 3964 1044 4030 ὅσος
1069 3965 1312 4032 κίνδυνος
1335 3969 1512 4021 κεῖται
1541 3971 1654 4030 τοῖς
1683 3969 1868 4034 ἁπλῶς
1890 3973 1983 4024 καὶ
2003 3972 2078 4037 ὡς

397 4053 558 4125 ἔτυχε
595 4053 696 4118 τὰς
731 4053 990 4120 τοιαύτας
1019 4056 1364 4128 ποιουμένοις
1383 4059 1740 4130 χειροτονίας.
1782 4060 1894 4114 Καὶ
1921 4061 2080 4116 τοῦτο

395 4143 532 4196 αὐτὸ
578 4141 740 4196 πάλιν
784 4143 1062 4213 ἐμφαίνειν
1089 4148 1118 4199 6
1147 4145 1361 4211 Παῦλος
1388 4145 1466 4217 τῷ
1489 4145 1639 4218 αὐτῷ
1664 4148 1916 4220 Τιμοθέῳ
1939 4150 2079 4221 γρά-

397 4243 517 4295 φων
563 4227 718 4297 ἔλεγε
743 4244 760 4259 ·
815 4229 1020 4298 Χεῖρας
1069 4231 1298 4302 ταχέως
1343 4233 1558 4302 μηδενὶ
1605 4231 1884 4301 ἐπιτίθει,
1925 4235 2082 4306 μηδὲ

397 4313 672 4369 κοινώνει
731 4315 1042 4386 ἁμαρτίαις
1089 4319 1459 4388 ἀλλοτρίαις.
1517 4321 1583 4375 Τί
1643 4321 1867 4393 λέγεις;
1922 4325 2080 4392 ἀλλος

399 4403 642 4474 ἥμαρτε,
671 4403 830 4474 κάγὼ
863 4405 1108 4458 κοινωνῶ
1139 4406 1249 4460 τῶν
1281 4409 1643 4480 ἐγκλημάτων
1670 4411 1765 4464 καὶ
1790 4411 1893 4482 τῆς
1915 4429 2082 4484 τιμω-

403 4492 562 4564 ρίαςς
595 4492 724 4558 Ναὶ,
749 4492 936 4565 φησιν,
957 4495 988 4548 6
1003 4495 1072 4566 τῇ
1093 4495 1330 4569 πονηρίᾳ
1355 4497 1457 4568 τὴν
1489 4495 1738 4564 ἐξουσίαν
1761 4499 2077 4572 παρασχών.

401 4581 513 4635 Καὶ
564 4579 818 4655 καθάπερ
861 4597 947 4648 τις
995 4585 1310 4656 μαινομένῳ
1358 4585 1453 4639 καὶ
1505 4587 1873 4658 παραπαίοντι
1931 4588 2082 4660 ξίφος

401 4671 718 4742 ἐγχειρίσας
747 4671 1108 4744 ἠκονημένον,
1139 4672 1200 4728 δν
1231 4673 1298 4728 ἀν
1325 4673 1625 4745 ἐργάσηται
1654 4675 1815 4746 φόνον
1841 4678 1870 4731 ό
1901 4694 2080 4750 μεμη-

401 4757 530 4822 νὼς,
559 4759 766 4824 ἐκεῖνος
797 4760 1089 4830 ὑφίσταται
1117 4761 1221 4835 τὴν
1251 4762 1432 4818 αἰτίαν
1461 4763 1492 4814 6
1519 4761 1584 4816 τὸ
1619 4761 1772 4833 ξίφος
1811 4765 2080 4832 δεδωκὼς,

402 4847 546 4902 οὕτω
590 4849 686 4902 καὶ
733 4849 1008 4923 ἀνθρώπῳ
1045 4867 1133 4913 τις
1163 4850 1401 4924 πονηρίᾳ
1430 4851 1661 4917 συζῶντι
1699 4855 1796 4926 τὴν
1835 4855 1944 4909 ἀπὸ
1985 4857 2082 4928 τῆς

403 4935 582 5007 ἀρχῆς
623 4937 830 5008 ταύτης
880 4937 1132 5006 ἐξουσίαν
1179 4939 1498 5012 παρασχὼν,
1533 4942 1596 4995 τὸ
1623 4941 1738 5016 πῦρ
1781 4945 1928 5000 ἅπαν
1975 4947 2083 5002 τῶν

403 5023 821 5095 ἁμαρτημάτων
853 5025 1064 5080 ἐκείνου
1095 5028 1190 5081 καὶ
1217 5028 1327 5082 τῶν
1357 5029 1726 5100 τολμημάτων
1749 5031 1840 5085 ἐπὶ
1873 5034 1976 5106 τὴν
2002 5037 2081 5088 οἰ-

403 5111 563 5166 κείαν
592 5112 740 5166 ἐλκει
773 5114 1018 5186 κεφαλήν
1037 5133 1050 5146 ·
1079 5119 1109 5170 6
1141 5117 1250 5189 γὰρ
1271 5117 1372 5188 τὴν
1397 5118 1554 5190 ῥίζαν
1581 5119 1902 5192 παρασχὼν,
1943 5141 2082 5178 παν-

403 5197 574 5271 ταχοῦ
603 5195 759 5266 οῦτος
788 5201 894 5256 τῶν
923 5203 982 5268 ἐξ
1006 5203 1177 5275 αὑτῆς
1209 5205 1495 5276 φυομένων
1527 5207 1677 5261 ἐστὶν
1701 5208 1893 5273 αἴτιος.
1935 5207 2085 5276 Εἶδες

407 5289 527 5354 πῶς
551 5289 770 5354 διπλοῦς
793 5293 924 5361 ήμῖν
941 5293 970 5345 6
989 5291 1253 5361 στέφανος
1281 5295 1451 5365 ἐφάνη
1479 5295 1578 5364 τῆς
1597 5297 1903 5368 ἐπισκοπῆς
1925 5299 2080 5364 τέως,

405 5379 504 5433 καὶ
533 5377 920 5450 λαμπροτέραν
965 5381 1188 5452 ἐποίησε
1219 5381 1318 5453 τὴν
1349 5382 1522 5454 ἀρχὴν
1549 5383 1610 5436 τὺ
1645 5385 1756 5438 τῶν
1783 5403 2084 5460 χειροτονηο

409 5465 620 5521 σάντων
668 5468 830 5522 αὑτὺν
873 5467 1108 5540 ἀξίωμα,
1147 5471 1328 5524 πᾶσαν
1365 5471 1638 5535 ἀπόδειξιν
1688 5473 1890 5544 ἀρετῆς
1937 5477 2085 5546 αὑτῴ

414 5553 772 5626 μαρτυρῆσαν
791 5572 806 5621 ;

475 5687 825 5758 γ’.Βούλεσθε
860 5689 953 5745 καὶ
983 5691 1170 5764 ἓτερον
1207 5693 1334 5764 ὑμῖν
1365 5691 1655 5762 ἐκκαλύψω
1692 5695 1957 5766 στέφανον
1989 5699 2082 5752 ἀπ’

403 5777 567 5832 αὑτοῦ
609 5777 800 5832 τούτου
835 5778 1236 5850 βλαστάνοντας
1273 5781 1746 5854 ’Λναλογισὼμεθα
1770 5785 1860 5838 τὸν
1893 5789 2081 5858 καιρὸν

1173 308 1231 366 S.
1273 309 1562 366 JOANNlS
1599 307 2097 367 CIIIWSOSTOMI
2139 311 2456 372 AHCUIEP.
2501 311 3047 371 (IOBSTANTINOP.

3743 309 3847 364 590

2169 431 2288 482 καθ’
2309 429 2367 481 ὃν
2409 431 2508 499 τὴν
2555 431 2728 502 ἀρχὴν
2779 431 3118 502 ἐνεχειρίσθη
3167 432 3388 503 ταύτην,
3429 433 3504 484 Οὐ
3549 432 3660 504 γάρ
3701 432 3848 486 ἐστιν

2171 517 2284 570 ἴσον
2334 517 2662 589 Ἐκκλησίαν
2696 520 3049 589 οἰκονομῆσαι
3075 517 3192 585 νῦν,
3229 521 3318 573 καὶ
3351 521 3492 586 τότε,
3531 519 3720 590 ὥσπερ
3745 519 3848 572 οὑκ

2169 602 2318 658 ἔστιν
2343 605 2456 658 ἴσον
2482 607 2854 677 τετριμμένην
2883 607 3022 672 666v,
3065 608 3160 660 καὶ
3201 608 3716 678 κατεσκευασμένην
3746 624 3850 660 κα-

2170 691 2299 755 λῶς,
2335 695 2471 763 μετά
2501 692 2730 756 πολλοὺς
2757 694 3072 766 ὁδοιπόρους
3107 693 3336 758 ὁδεύειν,
3371 699 3466 748 καὶ
3497 695 3590 748 νῦν
3617 693 3850 764 πρώτως

2170 779 2460 852 τέμνεσθαι
2499 781 2818 854 μέλλουσαν,
2839 785 2932 837 καὶ
2959 783 3252 856 φάραγγας
3273 785 3368 838 καὶ
3387 781 3568 847 λίθους
3599 783 3848 852 ἔχουσαν,

2173 869 2268 922 καὶ
2314 868 2518 941 θηρίων
2545 871 2841 942 γέμουσαν,
2877 871 2972 925 καὶ
3020 871 3243 943 μηδέπω
3294 871 3498 943 μηδένα
3547 871 3850 941 δεξαμένην

2171 957 2468 1028 ὁδοιπόρον.
2506 960 2619 1014 Νῦν
2667 960 2764 1031 μὲν
2797 960 2906 1031 γὰρ
2941 963 3006 1032 τῇ
3051 961 3147 1014 τοῦ
3195 961 3330 1014 Θεοῦ
3371 961 3554 1032 χάριτι
3606 959 3852 1022 κίνδυνος

2172 1045 2347 1110 οὐδεὶς
2385 1049 2498 1112 τοῖς
2539 1048 2877 1114 ἐπισκόποις,
2911 1049 3025 1102 ἀλλ’
3045 1049 3236 1121 εἰρήνη
3269 1048 3602 1118 πανταχόθεν
3637 1048 3852 1118 βαθεῖα,

2174 1135 2268 1187 καὶ
2291 1133 2532 1208 γαλήνης
2561 1135 2906 1208 ἀπολαύομεν
2933 1137 3193 1200 ἅπαντες.
3226 1137 3320 1190 τοῦ
3360 1136 3520 1204 λόγου
3559 1135 3660 1205 τῆς
3699 1135 3858 1188 εὐσε-

2173 1219 2326 1287 ϐείας
2351 1223 2711 1292 ἐκτεταμένον
2746 1225 2882 1295 πρὸς
2912 1225 2978 1278 τὰ
3014 1225 3230 1296 πέρατα
3255 1224 3356 1295 τῆς
3388 1223 3735 1294 οἰκουμένης.
3761 1227 3855 1278 καὶ

2172 1309 2281 1364 τῶν
2311 1309 2702 1380 βασιλευόντων
2735 1313 2864 1383 ἡμῖν
2906 1314 3006 1384 τὴν
3053 1313 3238 1367 πίστιν
3273 1312 3682 1382 συντηρούντων
3713 1314 3854 1380 μετά

2174 1398 2480 1469 ἀκριϐείας.
2517 1401 2650 1452 Τότε
2695 1400 2752 1453 δὲ
2797 1401 2948 1455 οὐδὲν
2995 1400 3202 1454 τούτων
3236 1396 3324 1471 ἦν,
3355 1400 3469 1454 ἀλλ’
3493 1402 3742 1468 ὅπουπερ
3789 1399 3854 1450 ἄν

2173 1503 2258 1550 τις
2288 1483 2416 1553 εἶδε,
2443 1489 2702 1560 κρημνοὶ,
2733 1490 2827 1544 καὶ
2849 1489 3118 1561 βάραθρα,
3143 1490 3238 1542 καὶ
3269 1489 3516 1560 πόλεμοι,
3541 1489 3634 1542 καὶ
3657 1489 3852 1557 μάχαι.

2175 1576 2270 1628 καὶ
2299 1575 2555 1640 κίνδυνοι,
2587 1578 2680 1630 καὶ
2707 1577 2990 1648 ἄρχοντες,
3021 1577 3114 1630 καὶ
3145 1575 3405 1646 βασιλεῖς,
3433 1577 3526 1628 καὶ
3547 1575 3740 1646 δῆμοι,
3761 1574 3856 1626 καὶ

2176 1663 2380 1730 πόλεις,
2409 1666 2502 1719 καὶ
2547 1665 2698 1736 ἔθνη,
2745 1667 2840 1720 καὶ
2885 1669 3097 1728 οἰκεῖοι,
3145 1665 3242 1718 καὶ
3289 1664 3556 1735 ἀλλότριοι
3603 1667 3718 1725 τοῖς
3763 1679 3856 1713 πι-

2177 1753 2451 1808 στεύουσιν
2477 1754 2854 1808 ἐπεϐούλευον.
2887 1754 2998 1808 Καὶ
3023 1755 3083 1806 οὑ
3108 1753 3266 1807 τοῦτο
3289 1753 3446 1825 μόνον
3474 1747 3540 1822 ἦν
3569 1752 3630 1804 τὸ
3659 1751 3852 1810 δεινὸν,

2175 1841 2392 1897 ἀλλ’ὅτι
2433 1843 2527 1897 καὶ
2565 1843 2743 1924 αὑτιξιν
2793 1842 2899 1898 τῶν
2947 1843 3350 1897 πιστευσάντων
3385 1841 3588 1902 πολλοὶ,
3617 1839 3710 1892 ac;
3759 1839 3854 1890 νῦν

2176 1929 2406 2002 πρώτως
2432 1923 2718 2001 δογμάτων
2737 1930 3066 2002 γευσάμενοι
3095 1929 3282 1995 ξένων,
3305 1929 3504 1998 πολλῆς
3527 1927 3736 1980 ἐδέοντο
3754 1923 3854 1994 τῆς

2179 2020 2673 2086 συγκαταϐἀσεως,
2719 2020 2814 2072 καὶ
2865 2019 3252 2089 ἀσθενέστερον
3301 2018 3382 2070 ἔτι
3423 2016 3708 2078 διέκειντο,
3763 2017 3860 2070 καὶ

2177 2108 2437 2171 πολλάκις
2466 2108 2566 2160 ὑπε
2577 2106 2884 2170 σκελίζοντο
2901 2124 2914 2137 ·
2951 2107 3044 2160 καὶ
3069 2105 3227 2160 τοῦτο
3251 2101 3318 2176 ἦν
3343 2104 3372 2157 ὃ
3399 2103 3504 2156 τῶν
3535 2101 3736 2168 ἔξωθεν
3761 2119 3862 2156 πο-

2176 2199 2359 2270 λέμων
2391 2198 2490 2251 οὑκ
2523 2197 2742 2252 ἔλαττον
2769 2197 2958 2250 ἐλύπει
2991 2197 3117 2261 τοὺς
3149 2195 3522 2260 διδασκάλους,
3567 2195 3769 2266 μᾶλλον
3800 2197 3854 2248 δὲ

2177 2289 2272 2340 καὶ
2315 2286 2494 2356 πολλῷ
2530 2286 2721 2339 πλέον·
2767 2287 2822 2338 αί
2871 2287 2970 2356 μὲν
2997 2285 3108 2357 γὰρ
3143 2284 3340 2348 ἔξωθεν
3379 2283 3566 2354 μάχαι.
3601 2285 3698 2338 καὶ
3737 2285 3860 2334 ἐπι-

2183 2373 2393 2437 ϐουλαὶ,
2421 2375 2516 2427 καὶ
2544 2374 2738 2445 ἡδονὴν
2767 2377 3026 2446 παρεῖχον
3069 2375 3254 2436 αὐτοῖς
3283 2372 3483 2442 πολλὴν
3523 2371 3612 2424 διὰ
3651 2373 3751 2440 τὴν
3781 2371 3862 2424 ἐλο

2179 2459 2308 2512 πίδα
2334 2459 2442 2512 τῶν
2465 2458 2842 2529 ἀποκειμένων
2876 2457 3102 2529 μισθῶν.
3130 2457 3229 2510 Διὰ
3247 2457 3405 2509 τοῦτο
3435 2457 3528 2509 καὶ
3555 2458 3602 2508 οί
3627 2455 3868 2508 ἀπόστι-

2178 2547 2258 2602 λοι
2297 2547 2638 2620 ὑπέστρεφον
2667 2547 2775 2601 ἀπὸ
2807 2546 3100 2618 προσώπου
3128 2545 3221 2600 τοῦ
3253 2545 3524 2616 συνεδρίου
3549 2545 3841 2615 χαίροντες

2177 2638 2260 2692 ὅτι
2288 2637 2765 2708 ἐμαστιγώθησαν,
2795 2639 2890 2690 καὶ
2921 2636 3134 2700 Παῦλος
3181 2636 3284 2708 βοᾷ
3329 2635 3530 2704 λέγων·
3565 2637 3764 2702 Χαιρω
3793 2635 3866 2688 ἐν

2179 2726 2303 2792 τοῖς
2332 2725 2646 2794 παθήμασί
2665 2742 2806 2793 μου,
2843 2726 2938 2778 καὶ
2962 2726 3230 2795 καυχᾶται
3259 2726 3317 2778 ἐν
3341 2727 3460 2788 ταῖς
3481 2724 3698 2792 θλίψεσι
3725 2741 3868 2775 πανο

2178 2813 2343 2884 ταχοῦ
2361 2831 2374 2845 ·
2403 2813 2468 2868 τὰ
2499 2813 2556 2865 δὲ
2584 2813 2691 2866 τῶν
2721 2813 2938 2866 οἰκείων
2965 2812 3258 2884 τραύματα
3279 2813 3372 2865 καὶ
3393 2811 3462 2864 τὰ
3483 2811 3590 2864 τῶν
3611 2810 3868 2880 ἀδελφῶν

2181 2901 2450 2972 πτώματα
2477 2900 2624 2973 [596]
2656 2901 2776 2954 οὐδὲ
2807 2903 3066 2956 ἀναπνεῖν
3097 2901 3296 2965 αὑτοὺς
3332 2901 3504 2970 ηφίει,
3533 2897 3647 2953 ἀλλ’
3669 2899 3868 2970 ὥσπερ

2179 3007 2264 3054 τις
2291 2990 2476 3059 κύφων
2495 2989 2798 3061 βαρύτατος
2825 2989 2915 3042 τὸν
2941 2989 3142 3060 αὐχένα
3165 2989 3265 3059 τῆς
3292 2987 3473 3058 ψυχῆς
3509 2987 3690 3040 αὐτῶν
3717 2987 3870 3038 ἐπίε-

2181 3080 2241 3146 ζε
2295 3081 2388 3133 καὶ
2432 3079 2682 3132 κατέσπα
2709 3077 3269 3148 διηνεκῶς.”Ακουσον
3301 3077 3456 3146 γοῦν,
3501 3076 3530 3128 ὁ
3575 3075 3794 3138 Παῦλος
3837 3077 3870 3128 ὁ

2180 3169 2322 3223 οὕτω
2339 3167 2546 3240 χαίρων
2575 3169 2632 3221 ἐν
2657 3169 2770 3230 τοῖς
2789 3165 3074 3238 παθήμασι
3099 3165 3218 3230 πῶς
3251 3165 3389 3238 ὑπὲρ
3415 3163 3622 3219 τούτων
3647 3163 3874 3235 πικριῖις

2179 3257 2488 3314 ὀδυνᾶταιι.
2523 3257 2618 3322 Τίς
2651 3255 2781 3326 γὰρ,
2805 3255 2992 3327 φησιν,
3022 3254 3286 3318 ἀσθενεῖ,
3315 3254 3414 3308 καὶ
3451 3256 3562 3308 οὐκ
3585 3251 3872 3317 ἀσθενῶς

2181 3348 2272 3415 τίς
2296 3343 2770 3410 σκανδαλίζεται,
2792 3342 2892 3396 καὶ
2917 3345 3030 3398 οὐκ
3047 3341 3164 3412 ἐγὼ
3184 3341 3486 3412 πυροῦμαι
3499 3358 3517 3406 ;
3538 3343 3650 3395 Καὶ
3673 3341 3870 3396 πάλιν⁹

2181 3434 2478 3504 Φοϐοῦμαι
2495 3432 2582 3502 μή
2609 3445 2736 3498 πως
2765 3429 2959 3486 ἐλθὼν
2981 3433 3092 3500 οὐχ
3127 3431 3297 3497 οἵους
3319 3430 3472 3484 θέλω
3495 3429 3649 3498 εὕρω
3681 3427 3872 3497 ὑμᾶς,

2182 3519 2342 3591 κάγὼ
2369 3518 2590 3588 εὑρεθῶ
2617 3519 2760 3588 ὑμῖν
2792 3514 2923 3572 οἷον
2959 3519 3031 3572 οὐ
3067 3517 3300 3574 θέλετε⁸
3341 3517 3438 3572 καὶ
3470 3519 3584 3588 μετ’
3605 3515 3768 3585 ὀλίγα
3801 3517 3833 3558 δ
3855 3533 3870 3545 ·

2181 3609 2280 3676 Μὴ
2315 3607 2502 3662 πάλιν
2525 3607 2784 3663 ἐλθόντα
2809 3623 2888 3676 με
2919 3606 3070 3674 πρὸς
3089 3605 3244 3676 ὑμᾶς
3269 3607 3610 3674 ταπεινώσῃ
3635 3609 3668 3660 ό
3697 3606 3872 3672 Θεὸς,

2183 3697 2280 3752 καὶ
2307 3695 2591 3766 πενθήσω
2610 3693 2880 3761 πολλοὺς
2905 3693 3025 3748 τῶν
3048 3694 3618 3764 προημαρτηκότων,
3643 3694 3746 3746 καὶ
3778 3693 3872 3762 μὴ

2179 3782 2686 3854 μετανοησάντων
2702 3781 2802 3834 ἐπὶ
2823 3780 2899 3850 τῇ
2925 3782 3284 3850 ἀκαθαρσίᾳ,
3309 3781 3410 3836 καὶ
3437 3779 3754 3849 ἀσελγείᾳ,
3767 3779 3876 3834 καὶ

2185 3871 2434 3942 πορνείᾳ
2459 3883 2481 3910 ο
2507 3863 2548 3944 ᾗ
2569 3869 2860 3939 ἔπραξαν.
2881 3869 2994 3924 Καὶ
3013 3868 3100 3923 διὰ
3128 3869 3330 3933 παντὸς
3360 3869 3490 3940 ὁρᾷς
3519 3869 3576 3920 ἐν
3599 3867 3876 3939 δάκρυσιν

2183 3961 2346 4015 αὑτὸν
2375 3960 2505 4014 δντα
2535 3959 2627 4014 καὶ
2651 3957 2872 4030 θρήνοις
2891 3957 2981 4011 διά
3009 3957 3135 4020 τοὺς
3161 3956 3420 4020 οἰκείους,
3443 3956 3538 4010 καὶ
3561 3955 3870 4020 δεδοικότα,

2185 4051 2280 4104 καὶ
2307 4048 2578 4120 τρέμοντα
2615 4047 2757 4118 ὑπὲρ
2787 4045 2896 4100 τῶν
2929 4045 3376 4098 πεπιστευκότων
3405 4041 3511 4098 ἀεί.
3529 4043 3748 4115 Ὥσπερ
3773 4039 3872 4098 οῦν

2185 4141 2528 4213 κυϐερνήτην
2559 4137 2912 4210 θαυμάζομεν
2935 4137 3034 4209 οὑχ
3055 4137 3185 4190 ὅταν
3213 4133 3598 4207 ἡσυχαζούσης
3637 4133 3740 4205 τῆς
3769 4134 3870 4190 θα-

2185 4229 2386 4300 λάττης
2424 4229 2519 4282 καὶ
2555 4226 2616 4294 ἐξ
2650 4225 2850 4297 οὑρίων
2874 4226 2974 4298 τῆς
3005 4223 3134 4296 νηὸς
3161 4225 3470 4296 φερομένης
3505 4221 3710 4294 δυνηθῇ
3743 4223 3878 4285 τοὺς

2187 4318 2524 4390 ἐμπλέοντας
2551 4315 2840 4380 διασῶσαι,
2874 4313 2990 4368 ἀλλ’
3013 4313 3144 4368 ὅταν
3185 4311 3512 4384 μαινομένου
3555 4309 3651 4364 τοῦ
3701 4309 3882 4364 πελά·-

2187 4423 2338 4474 γους,
2362 4403 2790 4476 διανισταμένων
2813 4401 2922 4456 τῶν
2943 4401 3226 4473 κυμάτων,
3251 4398 3430 4454 αὐτῶν
3455 4397 3564 4460 τῶν
3581 4397 3734 4453 ἐνδον
3751 4399 3882 4452 ἐπι-

2187 4493 2368 4548 ϐατῶν
2407 4492 2828 4558 στασιαζόντων,
2863 4489 3060 4546 πολλοῦ
3091 4489 3362 4562 χειμῶνος
3393 4487 3596 4541 ἔσωθεν
3621 4487 3876 4552 ἐξωθενά

2187 4583 2314 4647 τοὺς
2343 4581 2680 4654 ἐμπλέοντας
2713 4579 3152 4654 πολιορκοῦντος,
3199 4577 3400 4650 δυνηθῇ
3431 4575 3768 4630 κατευθῦναι
3811 4577 3884 4630 τὸ

2191 4670 2398 4739 σκάφος
2427 4669 2566 4740 μετὰ
2594 4669 2893 4738 ἀσφαλείας
2911 4669 3134 4738 ἀπάσης
3149 4683 3164 4696 ·
3191 4665 3335 4720 οὕτω
3363 4665 3456 4720 καὶ¹
3481 4665 3608 4729 τοὺς
3625 4665 3750 4718 τότε
3771 4665 3886 4737 τὴν

2201 4755 2530 4827 Ἐκκλησίαν
2557 4754 2998 4826 ἐηειρισθὲντας
3035 4749 3435 4821 ἐκπλήττεσθαι
3466 4749 3572 4820 χρὴ
3607 4751 3708 4802 καὶ
3737 4749 3890 4802 θαυ-

2193 4845 2388 4916 μάζειν
2421 4843 2602 4915 πολλῷ
2635 4843 2799 4897 πλέον
2823 4843 2934 4896 τῶν
2967 4839 3062 4894 νῦν
3099 4838 3530 4910 οίκονομούντων
3561 4837 3758 4908 αὐτὴν,
3783 4839 3902 4894 ὅτε

2190 4933 2360 4997 πολὺς
2388 4935 2418 4986 6
2445 4932 2682 5002 πόλεμος
2713 4929 2913 4996 ἔξωθεν
2939 4929 3162 4992 ἔσωθεν,
3193 4929 3284 4982 ὅτε
3313 4925 3664 4996 ἁπαλώτερον
3695 4925 3780 4979 ἔτι
3819 4929 3906 4982 τὸ

2189 5023 2358 5093 φυτὸν
2385 5021 2488 5091 τῆς
2513 5021 2748 5083 πίστεως
2771 5015 2862 5091 ἦν,
2885 5019 2982 5074 καὶ
3009 5017 3210 5088 πολλῆς
3241 5017 3495 5086 δεόμενον
3527 5013 3910 5083 ἐπιμελείας,

2189 5113 2278 5166 ὅτε
2308 5110 2560 5180 καθάπερ
2591 5109 2875 5181 ἀρτίτοκον
2905 5107 3103 5179 βρέφος
3133 5105 3195 5160 τὸ
3225 5105 3322 5174 τῆς
3361 5101 3688 5172 Ἐκκλησίας
3733 5102 3914 5176 πλῆ-

2191 5199 2284 5263 θος
2311 5199 2513 5268 πολλῆς
2557 5197 2754 5270 ἔχρῃζε
2793 5197 2892 5268 τῆς
2937 5195 3216 5267 προνοίας,
3249 5193 3345 5246 καὶ
3375 5191 3700 5260 σοφωτάτης
3729 5193 3915 5258 τινὸς

2189 5289 2290 5359 τῆς
2337 5286 2636 5359 μελλούσης
2677 5285 2809 5339 αὑτὸ
2835 5281 3172 5355 τιθηνεῖσθαι
3203 5281 3404 5351 ψυχῆς.
3435 5279 3544 5333 Καὶ
3577 5279 3666 5332 ἵνα
3705 5283 3924 5350 σαφέ-

2193 5394 2382 5448 στερον
2417 5373 2648 5446 μάθητε,
2679 5376 2822 5427 ὅσων
2849 5368 2988 5443 ἦσαν
3029 5371 3167 5434 ἄξιοι
3207 5369 3486 5436 στεφάνων
3527 5369 3577 5420 οί
3621 5367 3754 5420 τότε
3787 5371 3928 5444 τὴν

2253 5549 2268 5570 ’³
2289 5549 2438 5598 Savil.
2469 5547 2601 5598 addit
2623 5551 2704 5598 καὶ
2723 5549 2934 5607 τήκεται.

2255 5608 2284 5648 ι’
2309 5614 2400 5660 Καὶ
2424 5613 2523 5672 μετ’
2549 5612 2700 5673 ὀλίγα.
2727 5599 2840 5662 Ηξιιε
2863 5611 3028 5664 verba,
3050 5607 3108 5656 ub
3133 5605 3410 5666 inlerprele
3453 5599 3601 5662 ιοεω,
3627 5615 3662 5652 ε
3691 5603 3936 5666 Savilin

2191 5681 2498 5722 avressvrunl
2511 5711 2522 5721 .
2547 5674 2686 5724 Εοιτ.

2257 5741 2278 5766 υ
2305 5737 2440 5784 tuus
2465 5737 2584 5796 lleg.
2611 5735 2822 5798 πορνείᾳ,
2845 5732 3326 5798 uilrl‘egiljntqrpres.
3357 5727 3456 5780 Alii
3490 5729 3726 5796 πονηρίᾳ.

2257 5797 2280 5836 d
2313 5799 2449 5848 Unus
2475 5793 2596 5856 Reg.
2619 5793 2848 5856 χεὶμῶνος
2871 5797 3032 5851 ἔξωθεν
3057 5793 3248 5842 ἔσωθεν.
