  <div class='ocr_page' id='page_1' title='image "/cluster/home/n/w/nwhite01/storage/ocr_20150623/50/hvd.32044069618742/188.png"; bbox 0 0 4080 6196; ppageno 0'>
   <div class='ocr_carea' id='block_1_1' title="bbox 257 299 370 357">
    <p class='ocr_par' dir='ltr' id='par_1_1' title="bbox 257 299 370 357">
     <span class='ocr_line' id='line_1_1' title="bbox 257 299 370 357; baseline 0.009 -1"><span class='ocrx_word' id='word_1_1' title='bbox 257 299 370 357; x_wconf 74' lang='lat'><strong><em>589</em></strong></span> 
     </span>
    </p>
   </div>
   <div class='ocr_carea' id='block_1_2' title="bbox 260 410 1855 485">
    <p class='ocr_par' dir='ltr' id='par_1_2' title="bbox 260 410 1855 485">
     <span class='ocr_line' id='line_1_2' title="bbox 260 410 1855 485; baseline 0 -19"><span class='ocrx_word' id='word_1_2' title='bbox 260 411 476 478; x_wconf 84' lang='lat' dir='ltr'><strong><em>Oportet</em></strong></span> <span class='ocrx_word' id='word_1_3' title='bbox 503 413 658 480; x_wconf 86' lang='lat' dir='ltr'><strong><em>enim,</em></strong></span> <span class='ocrx_word' id='word_1_4' title='bbox 689 412 879 485; x_wconf 90' lang='lat' dir='ltr'><strong><em>inquit,</em></strong></span> <span class='ocrx_word' id='word_1_5' title='bbox 904 413 1195 485; x_wconf 82' lang='lat' dir='ltr'><strong><em>episcOpum</em></strong></span> <span class='ocrx_word' id='word_1_6' title='bbox 1227 411 1334 465; x_wconf 98' lang='lat' dir='ltr'><strong><em>sine</em></strong></span> <span class='ocrx_word' id='word_1_7' title='bbox 1361 410 1570 466; x_wconf 80' lang='lat' dir='ltr'><strong><em>crimine</em></strong></span> <span class='ocrx_word' id='word_1_8' title='bbox 1598 427 1723 482; x_wconf 89' lang='lat' dir='ltr'><strong><em>esse,</em></strong></span> <span class='ocrx_word' id='word_1_9' title='bbox 1753 412 1855 467; x_wconf 86' lang='lat' dir='ltr'><strong><em>sic-</em></strong></span> 
     </span>
    </p>
   </div>
   <div class='ocr_carea' id='block_1_3' title="bbox 254 505 1854 579">
    <p class='ocr_par' dir='ltr' id='par_1_3' title="bbox 254 505 1854 579">
     <span class='ocr_line' id='line_1_3' title="bbox 254 505 1854 579; baseline -0.001 -18"><span class='ocrx_word' id='word_1_10' title='bbox 254 517 314 562; x_wconf 85' lang='lat' dir='ltr'><strong><em>ut</em></strong></span> <span class='ocrx_word' id='word_1_11' title='bbox 350 505 452 563; x_wconf 85' lang='lat' dir='ltr'><strong><em>Dei</em></strong></span> <span class='ocrx_word' id='word_1_12' title='bbox 477 506 913 579; x_wconf 88' lang='lat' dir='ltr'><strong><em>dispensatorem;</em></strong></span> <span class='ocrx_word' id='word_1_13' title='bbox 941 524 1042 563; x_wconf 89' lang='lat' dir='ltr'><strong><em>non</em></strong></span> <span class='ocrx_word' id='word_1_14' title='bbox 1067 505 1358 578; x_wconf 88' lang='lat' dir='ltr'><strong><em>superbum,</em></strong></span> <span class='ocrx_word' id='word_1_15' title='bbox 1389 523 1492 561; x_wconf 89' lang='lat' dir='ltr'><strong><em>non</em></strong></span> <span class='ocrx_word' id='word_1_16' title='bbox 1514 505 1815 561; x_wconf 76' lang='lat' dir='ltr'><strong><em>iracundum</em></strong></span> <span class='ocrx_word' id='word_1_17' title='bbox 1838 548 1854 576; x_wconf 95' lang='lat'><strong><em>,</em></strong></span> 
     </span>
    </p>
   </div>
   <div class='ocr_carea' id='block_1_4' title="bbox 253 599 1855 672">
    <p class='ocr_par' dir='ltr' id='par_1_4' title="bbox 253 599 1855 672">
     <span class='ocr_line' id='line_1_4' title="bbox 253 599 1855 672; baseline 0.004 -24"><span class='ocrx_word' id='word_1_18' title='bbox 253 611 358 651; x_wconf 88' lang='lat' dir='ltr'><strong><em>non</em></strong></span> <span class='ocrx_word' id='word_1_19' title='bbox 390 599 722 667; x_wconf 81' lang='lat' dir='ltr'><strong><em>vinolentum,</em></strong></span> <span class='ocrx_word' id='word_1_20' title='bbox 755 616 856 656; x_wconf 91' lang='lat' dir='ltr'><strong><em>non</em></strong></span> <span class='ocrx_word' id='word_1_21' title='bbox 883 617 1230 672; x_wconf 80' lang='lat' dir='ltr'><strong><em>percussorem</em></strong></span> <span class='ocrx_word' id='word_1_22' title='bbox 1253 641 1268 667; x_wconf 93' lang='lat'><strong><em>,</em></strong></span> <span class='ocrx_word' id='word_1_23' title='bbox 1296 616 1398 654; x_wconf 91' lang='lat' dir='ltr'><strong><em>non</em></strong></span> <span class='ocrx_word' id='word_1_24' title='bbox 1419 601 1581 672; x_wconf 81' lang='lat' dir='ltr'><strong><em>turpis</em></strong></span> <span class='ocrx_word' id='word_1_25' title='bbox 1611 599 1738 654; x_wconf 84' lang='lat' dir='ltr'><strong><em>lucri</em></strong></span> <span class='ocrx_word' id='word_1_26' title='bbox 1763 617 1855 654; x_wconf 85' lang='lat' dir='ltr'><strong><em>cu-</em></strong></span> 
     </span>
    </p>
   </div>
   <div class='ocr_carea' id='block_1_5' title="bbox 260 690 1853 764">
    <p class='ocr_par' dir='ltr' id='par_1_5' title="bbox 260 690 1853 764">
     <span class='ocr_line' id='line_1_5' title="bbox 260 690 1853 764; baseline 0.001 -22"><span class='ocrx_word' id='word_1_27' title='bbox 260 690 440 759; x_wconf 87' lang='lat' dir='ltr'><strong><em>pidum</em></strong></span> <span class='ocrx_word' id='word_1_28' title='bbox 466 706 485 745; x_wconf 91' lang='lat'><strong><em>:</em></strong></span> <span class='ocrx_word' id='word_1_29' title='bbox 505 691 595 746; x_wconf 91' lang='lat' dir='ltr'><strong><em>sed</em></strong></span> <span class='ocrx_word' id='word_1_30' title='bbox 621 692 941 764; x_wconf 79' lang='lat' dir='ltr'><strong><em>hospitalem,</em></strong></span> <span class='ocrx_word' id='word_1_31' title='bbox 963 693 1249 764; x_wconf 80' lang='lat' dir='ltr'><strong><em>benignum,</em></strong></span> <span class='ocrx_word' id='word_1_32' title='bbox 1269 691 1579 763; x_wconf 85' lang='lat' dir='ltr'><strong><em>prudentem,</em></strong></span> <span class='ocrx_word' id='word_1_33' title='bbox 1613 691 1853 759; x_wconf 86' lang='lat' dir='ltr'><strong><em>sobrium,</em></strong></span> 
     </span>
    </p>
   </div>
   <div class='ocr_carea' id='block_1_6' title="bbox 256 783 1858 862">
    <p class='ocr_par' dir='ltr' id='par_1_6' title="bbox 256 783 1858 862">
     <span class='ocr_line' id='line_1_6' title="bbox 256 783 1858 862; baseline 0.002 -26"><span class='ocrx_word' id='word_1_34' title='bbox 256 787 486 856; x_wconf 73' lang='lat' dir='ltr'><strong><em>iustum,</em></strong></span> <span class='ocrx_word' id='word_1_35' title='bbox 517 795 749 839; x_wconf 86' lang='lat' dir='ltr'><strong><em>sanctum</em></strong></span> <span class='ocrx_word' id='word_1_36' title='bbox 767 826 782 852; x_wconf 93' lang='lat'><strong><em>,</em></strong></span> <span class='ocrx_word' id='word_1_37' title='bbox 807 786 1162 862; x_wconf 81' lang='lat' dir='ltr'><strong><em>continentem,</em></strong></span> <span class='ocrx_word' id='word_1_38' title='bbox 1192 783 1570 856; x_wconf 84' lang='lat' dir='ltr'><strong><em>amplectentem</em></strong></span> <span class='ocrx_word' id='word_1_39' title='bbox 1590 801 1702 839; x_wconf 89' lang='lat' dir='ltr'><strong><em>eum</em></strong></span> <span class='ocrx_word' id='word_1_40' title='bbox 1725 827 1740 852; x_wconf 93' lang='lat'><strong><em>,</em></strong></span> <span class='ocrx_word' id='word_1_41' title='bbox 1771 787 1858 856; x_wconf 87' lang='lat' dir='ltr'><strong><em>qui</em></strong></span> 
     </span>
    </p>
   </div>
   <div class='ocr_carea' id='block_1_7' title="bbox 256 877 1857 949">
    <p class='ocr_par' dir='ltr' id='par_1_7' title="bbox 256 877 1857 949">
     <span class='ocr_line' id='line_1_7' title="bbox 256 877 1857 949; baseline 0.002 -20"><span class='ocrx_word' id='word_1_42' title='bbox 256 877 531 930; x_wconf 85' lang='lat' dir='ltr'><strong><em>secundum</em></strong></span> <span class='ocrx_word' id='word_1_43' title='bbox 552 877 834 932; x_wconf 83' lang='lat' dir='ltr'><strong><em>doctrinam</em></strong></span> <span class='ocrx_word' id='word_1_44' title='bbox 853 887 945 946; x_wconf 88' lang='lat' dir='ltr'><strong><em>est,</em></strong></span> <span class='ocrx_word' id='word_1_45' title='bbox 971 880 1171 949; x_wconf 82' lang='lat' dir='ltr'><strong><em>ﬁdelem</em></strong></span> <span class='ocrx_word' id='word_1_46' title='bbox 1192 894 1489 942; x_wconf 90' lang='lat' dir='ltr'><strong><em>sermonem,</em></strong></span> <span class='ocrx_word' id='word_1_47' title='bbox 1514 886 1569 931; x_wconf 87' lang='lat' dir='ltr'><strong><em>ut</em></strong></span> <span class='ocrx_word' id='word_1_48' title='bbox 1595 888 1768 946; x_wconf 89' lang='lat' dir='ltr'><strong><em>potens</em></strong></span> <span class='ocrx_word' id='word_1_49' title='bbox 1792 879 1857 932; x_wconf 85' lang='lat' dir='ltr'><strong><em>sit</em></strong></span> 
     </span>
    </p>
   </div>
   <div class='ocr_carea' id='block_1_8' title="bbox 257 964 1851 1040">
    <p class='ocr_par' dir='ltr' id='par_1_8' title="bbox 257 964 1851 1040">
     <span class='ocr_line' id='line_1_8' title="bbox 257 964 1851 1040; baseline 0.001 -20"><span class='ocrx_word' id='word_1_50' title='bbox 257 977 304 1020; x_wconf 87' lang='lat' dir='ltr'><strong><em>et</em></strong></span> <span class='ocrx_word' id='word_1_51' title='bbox 324 968 452 1023; x_wconf 71' lang='lat' dir='ltr'><strong><em>alios</em></strong></span> <span class='ocrx_word' id='word_1_52' title='bbox 466 969 725 1023; x_wconf 76' lang='lat' dir='ltr'><strong><em>exhortari</em></strong></span> <span class='ocrx_word' id='word_1_53' title='bbox 736 969 789 1022; x_wconf 92' lang='lat' dir='ltr'><strong><em>in</em></strong></span> <span class='ocrx_word' id='word_1_54' title='bbox 801 964 1044 1026; x_wconf 86' lang='lat' dir='ltr'><strong><em>doctrina</em></strong></span> <span class='ocrx_word' id='word_1_55' title='bbox 1054 979 1254 1040; x_wconf 89' lang='lat' dir='ltr'><strong><em>sana,et</em></strong></span> <span class='ocrx_word' id='word_1_56' title='bbox 1270 985 1373 1036; x_wconf 88' lang='lat' dir='ltr'><strong><em>eos,</em></strong></span> <span class='ocrx_word' id='word_1_57' title='bbox 1387 969 1471 1040; x_wconf 90' lang='lat' dir='ltr'><strong><em>qui</em></strong></span> <span class='ocrx_word' id='word_1_58' title='bbox 1481 970 1851 1038; x_wconf 83' lang='lat' dir='ltr'><strong><em>contradicunt,</em></strong></span> 
     </span>
    </p>
   </div>
   <div class='ocr_carea' id='block_1_9' title="bbox 256 1060 1854 1134">
    <p class='ocr_par' dir='ltr' id='par_1_9' title="bbox 256 1060 1854 1134">
     <span class='ocr_line' id='line_1_9' title="bbox 256 1060 1854 1134; baseline 0.004 -22"><span class='ocrx_word' id='word_1_59' title='bbox 256 1077 469 1132; x_wconf 80' lang='lat' dir='ltr'><strong><em>arguere</em></strong></span> <span class='ocrx_word' id='word_1_60' title='bbox 511 1060 644 1134; x_wconf 86' lang='lat' dir='ltr'><strong><em>(Tit.</em></strong></span> <span class='ocrx_word' id='word_1_61' title='bbox 675 1063 728 1116; x_wconf 79' lang='grc'><strong>1.</strong></span> <span class='ocrx_word' id='word_1_62' title='bbox 761 1063 899 1134; x_wconf 83' lang='grc'><strong><em>7-9).</em></strong></span> <span class='ocrx_word' id='word_1_63' title='bbox 933 1061 1000 1116; x_wconf 89' lang='grc' dir='ltr'><strong><em>Ει</em></strong></span> <span class='ocrx_word' id='word_1_64' title='bbox 1023 1062 1088 1117; x_wconf 87' lang='lat' dir='ltr'><strong><em>ad</em></strong></span> <span class='ocrx_word' id='word_1_65' title='bbox 1115 1061 1455 1118; x_wconf 91' lang='lat' dir='ltr'><strong><em>Timotheum</em></strong></span> <span class='ocrx_word' id='word_1_66' title='bbox 1478 1062 1666 1117; x_wconf 89' lang='lat' dir='ltr'><strong><em>eadem</em></strong></span> <span class='ocrx_word' id='word_1_67' title='bbox 1694 1061 1761 1117; x_wconf 89' lang='lat' dir='ltr'><strong><em>de</em></strong></span> <span class='ocrx_word' id='word_1_68' title='bbox 1794 1078 1854 1118; x_wconf 90' lang='lat' dir='ltr'><strong><em>re</em></strong></span> 
     </span>
    </p>
   </div>
   <div class='ocr_carea' id='block_1_10' title="bbox 257 1153 1853 1226">
    <p class='ocr_par' dir='ltr' id='par_1_10' title="bbox 257 1153 1853 1226">
     <span class='ocr_line' id='line_1_10' title="bbox 257 1153 1853 1226; baseline 0.001 -19"><span class='ocrx_word' id='word_1_69' title='bbox 257 1153 531 1208; x_wconf 84' lang='lat' dir='ltr'><strong><em>scribens:</em></strong></span> <span class='ocrx_word' id='word_1_70' title='bbox 557 1154 620 1209; x_wconf 90' lang='lat' dir='ltr'><strong><em>Si</em></strong></span> <span class='ocrx_word' id='word_1_71' title='bbox 637 1155 769 1223; x_wconf 86' lang='lat' dir='ltr'><strong><em>quis,</em></strong></span> <span class='ocrx_word' id='word_1_72' title='bbox 793 1155 982 1226; x_wconf 92' lang='lat' dir='ltr'><strong><em>inquit,</em></strong></span> <span class='ocrx_word' id='word_1_73' title='bbox 1005 1156 1345 1226; x_wconf 80' lang='lat' dir='ltr'><strong><em>episcOpatum</em></strong></span> <span class='ocrx_word' id='word_1_74' title='bbox 1371 1155 1640 1223; x_wconf 87' lang='lat' dir='ltr'><strong><em>desiderat,</em></strong></span> <span class='ocrx_word' id='word_1_75' title='bbox 1670 1155 1853 1210; x_wconf 85' lang='lat' dir='ltr'><strong><em>bonum</em></strong></span> 
     </span>
    </p>
   </div>
   <div class='ocr_carea' id='block_1_11' title="bbox 256 1246 1856 1320">
    <p class='ocr_par' dir='ltr' id='par_1_11' title="bbox 256 1246 1856 1320">
     <span class='ocr_line' id='line_1_11' title="bbox 256 1246 1856 1320; baseline 0.001 -20"><span class='ocrx_word' id='word_1_76' title='bbox 256 1264 383 1316; x_wconf 84' lang='lat' dir='ltr'><strong><em>opus</em></strong></span> <span class='ocrx_word' id='word_1_77' title='bbox 427 1246 730 1302; x_wconf 88' lang='lat' dir='ltr'><strong><em>desiderat:</em></strong></span> <span class='ocrx_word' id='word_1_78' title='bbox 757 1257 950 1319; x_wconf 88' lang='lat' dir='ltr'><strong><em>oportet</em></strong></span> <span class='ocrx_word' id='word_1_79' title='bbox 993 1249 1146 1319; x_wconf 83' lang='lat' dir='ltr'><strong><em>igitur</em></strong></span> <span class='ocrx_word' id='word_1_80' title='bbox 1189 1249 1481 1320; x_wconf 84' lang='lat' dir='ltr'><strong><em>episcopum</em></strong></span> <span class='ocrx_word' id='word_1_81' title='bbox 1539 1247 1856 1318; x_wconf 84' lang='lat' dir='ltr'><strong><em>irreprehen-</em></strong></span> 
     </span>
    </p>
   </div>
   <div class='ocr_carea' id='block_1_12' title="bbox 256 1340 1848 1411">
    <p class='ocr_par' dir='ltr' id='par_1_12' title="bbox 256 1340 1848 1411">
     <span class='ocr_line' id='line_1_12' title="bbox 256 1340 1848 1411; baseline -0.001 -17"><span class='ocrx_word' id='word_1_82' title='bbox 256 1341 449 1394; x_wconf 73' lang='lat' dir='ltr'><strong><em>sibilent</em></strong></span> <span class='ocrx_word' id='word_1_83' title='bbox 469 1357 594 1405; x_wconf 89' lang='lat' dir='ltr'><strong><em>esse,</em></strong></span> <span class='ocrx_word' id='word_1_84' title='bbox 619 1341 770 1395; x_wconf 86' lang='lat' dir='ltr'><strong><em>unius</em></strong></span> <span class='ocrx_word' id='word_1_85' title='bbox 807 1341 981 1395; x_wconf 76' lang='lat' dir='ltr'><strong><em>uxoris</em></strong></span> <span class='ocrx_word' id='word_1_86' title='bbox 1017 1341 1202 1408; x_wconf 86' lang='lat' dir='ltr'><strong><em>uirum,</em></strong></span> <span class='ocrx_word' id='word_1_87' title='bbox 1240 1341 1493 1407; x_wconf 82' lang='lat' dir='ltr'><strong><em>sobrium,</em></strong></span> <span class='ocrx_word' id='word_1_88' title='bbox 1516 1340 1812 1411; x_wconf 84' lang='lat' dir='ltr'><strong><em>prudentem</em></strong></span> <span class='ocrx_word' id='word_1_89' title='bbox 1833 1381 1848 1406; x_wconf 91' lang='lat'><strong><em>,</em></strong></span> 
     </span>
    </p>
   </div>
   <div class='ocr_carea' id='block_1_13' title="bbox 255 1433 1853 1504">
    <p class='ocr_par' dir='ltr' id='par_1_13' title="bbox 255 1433 1853 1504">
     <span class='ocr_line' id='line_1_13' title="bbox 255 1433 1853 1504; baseline -0.001 -17"><span class='ocrx_word' id='word_1_90' title='bbox 255 1445 524 1500; x_wconf 86' lang='lat' dir='ltr'><strong><em>ornatum,</em></strong></span> <span class='ocrx_word' id='word_1_91' title='bbox 549 1435 885 1504; x_wconf 87' lang='lat' dir='ltr'><strong><em>hospitalem,</em></strong></span> <span class='ocrx_word' id='word_1_92' title='bbox 910 1435 1200 1501; x_wconf 89' lang='lat' dir='ltr'><strong><em>doctorem,</em></strong></span> <span class='ocrx_word' id='word_1_93' title='bbox 1229 1451 1329 1488; x_wconf 89' lang='lat' dir='ltr'><strong><em>non</em></strong></span> <span class='ocrx_word' id='word_1_94' title='bbox 1361 1433 1669 1487; x_wconf 86' lang='lat' dir='ltr'><strong><em>vinolentum</em></strong></span> <span class='ocrx_word' id='word_1_95' title='bbox 1690 1474 1704 1499; x_wconf 94' lang='lat'><strong><em>,</em></strong></span> <span class='ocrx_word' id='word_1_96' title='bbox 1751 1449 1853 1486; x_wconf 87' lang='lat' dir='ltr'><strong><em>non</em></strong></span> 
     </span>
    </p>
   </div>
   <div class='ocr_carea' id='block_1_14' title="bbox 257 1525 1851 1597">
    <p class='ocr_par' dir='ltr' id='par_1_14' title="bbox 257 1525 1851 1597">
     <span class='ocr_line' id='line_1_14' title="bbox 257 1525 1851 1597; baseline -0.002 -17"><span class='ocrx_word' id='word_1_97' title='bbox 257 1543 623 1594; x_wconf 86' lang='lat' dir='ltr'><strong><em>percussorem;</em></strong></span> <span class='ocrx_word' id='word_1_98' title='bbox 643 1527 734 1582; x_wconf 89' lang='lat' dir='ltr'><strong><em>sed</em></strong></span> <span class='ocrx_word' id='word_1_99' title='bbox 771 1527 1048 1582; x_wconf 87' lang='lat' dir='ltr'><strong><em>modestum</em></strong></span> <span class='ocrx_word' id='word_1_100' title='bbox 1069 1569 1084 1595; x_wconf 93' lang='lat'><strong><em>,</em></strong></span> <span class='ocrx_word' id='word_1_101' title='bbox 1115 1543 1218 1581; x_wconf 89' lang='lat' dir='ltr'><strong><em>non</em></strong></span> <span class='ocrx_word' id='word_1_102' title='bbox 1249 1526 1553 1597; x_wconf 86' lang='lat' dir='ltr'><strong><em>litigiosum,</em></strong></span> <span class='ocrx_word' id='word_1_103' title='bbox 1581 1542 1681 1580; x_wconf 89' lang='lat' dir='ltr'><strong><em>non</em></strong></span> <span class='ocrx_word' id='word_1_104' title='bbox 1703 1525 1851 1595; x_wconf 88' lang='lat' dir='ltr'><strong><em>cupi-</em></strong></span> 
     </span>
    </p>
   </div>
   <div class='ocr_carea' id='block_1_15' title="bbox 257 1614 1854 1690">
    <p class='ocr_par' dir='ltr' id='par_1_15' title="bbox 257 1614 1854 1690">
     <span class='ocr_line' id='line_1_15' title="bbox 257 1614 1854 1690; baseline -0.001 -20"><span class='ocrx_word' id='word_1_105' title='bbox 257 1618 377 1670; x_wconf 83' lang='lat' dir='ltr'><strong><em>dum</em></strong></span> <span class='ocrx_word' id='word_1_106' title='bbox 409 1617 458 1689; x_wconf 82' lang='lat' dir='ltr'><strong><em>(l</em></strong></span> <span class='ocrx_word' id='word_1_107' title='bbox 498 1617 629 1672; x_wconf 86' lang='lat' dir='ltr'><strong><em>Tim.</em></strong></span> <span class='ocrx_word' id='word_1_108' title='bbox 657 1620 710 1674; x_wconf 78' lang='lat'><strong><em>5.</em></strong></span> <span class='ocrx_word' id='word_1_109' title='bbox 753 1619 894 1690; x_wconf 79' lang='grc'><strong>1-5).</strong></span> <span class='ocrx_word' id='word_1_110' title='bbox 928 1617 1091 1674; x_wconf 73' lang='lat' dir='ltr'><strong><em>Vides</em></strong></span> <span class='ocrx_word' id='word_1_111' title='bbox 1130 1627 1384 1688; x_wconf 76' lang='lat' dir='ltr'><strong><em>quantam</em></strong></span> <span class='ocrx_word' id='word_1_112' title='bbox 1426 1616 1636 1671; x_wconf 83' lang='lat' dir='ltr'><strong><em>virtutis</em></strong></span> <span class='ocrx_word' id='word_1_113' title='bbox 1670 1614 1854 1671; x_wconf 78' lang='lat' dir='ltr'><strong><em>excel-</em></strong></span> 
     </span>
    </p>
   </div>
   <div class='ocr_carea' id='block_1_16' title="bbox 257 1708 1850 1784">
    <p class='ocr_par' dir='ltr' id='par_1_16' title="bbox 257 1708 1850 1784">
     <span class='ocr_line' id='line_1_16' title="bbox 257 1708 1850 1784; baseline -0.003 -17"><span class='ocrx_word' id='word_1_114' title='bbox 257 1714 478 1769; x_wconf 87' lang='lat' dir='ltr'><strong><em>lentiam</em></strong></span> <span class='ocrx_word' id='word_1_115' title='bbox 519 1714 571 1768; x_wconf 93' lang='lat' dir='ltr'><strong><em>in</em></strong></span> <span class='ocrx_word' id='word_1_116' title='bbox 619 1714 878 1784; x_wconf 89' lang='lat' dir='ltr'><strong><em>episcopo</em></strong></span> <span class='ocrx_word' id='word_1_117' title='bbox 901 1710 1656 1783; x_wconf 87' lang='lat' dir='ltr'><strong><em>requirat?Quemadmodum</em></strong></span> <span class='ocrx_word' id='word_1_118' title='bbox 1704 1708 1850 1763; x_wconf 89' lang='lat' dir='ltr'><strong><em>enim</em></strong></span> 
     </span>
    </p>
   </div>
   <div class='ocr_carea' id='block_1_17' title="bbox 256 1803 1848 1884">
    <p class='ocr_par' dir='ltr' id='par_1_17' title="bbox 256 1803 1848 1884">
     <span class='ocr_line' id='line_1_17' title="bbox 256 1803 1848 1884; baseline -0.003 -26"><span class='ocrx_word' id='word_1_119' title='bbox 256 1806 429 1875; x_wconf 79' lang='lat' dir='ltr'><strong><em>pictor</em></strong></span> <span class='ocrx_word' id='word_1_120' title='bbox 474 1805 717 1875; x_wconf 88' lang='lat' dir='ltr'><strong><em>egregius</em></strong></span> <span class='ocrx_word' id='word_1_121' title='bbox 755 1804 962 1860; x_wconf 91' lang='lat' dir='ltr'><strong><em>colores</em></strong></span> <span class='ocrx_word' id='word_1_122' title='bbox 992 1803 1168 1858; x_wconf 88' lang='lat' dir='ltr'><strong><em>varios</em></strong></span> <span class='ocrx_word' id='word_1_123' title='bbox 1209 1803 1542 1884; x_wconf 79' lang='lat' dir='ltr'><strong><em>commiscet,</em></strong></span> <span class='ocrx_word' id='word_1_124' title='bbox 1573 1810 1631 1856; x_wconf 92' lang='lat' dir='ltr'><strong><em>ut</em></strong></span> <span class='ocrx_word' id='word_1_125' title='bbox 1662 1815 1848 1856; x_wconf 86' lang='lat' dir='ltr'><strong><em>exem-</em></strong></span> 
     </span>
    </p>
   </div>
   <div class='ocr_carea' id='block_1_18' title="bbox 257 1895 1850 1970">
    <p class='ocr_par' dir='ltr' id='par_1_18' title="bbox 257 1895 1850 1970">
     <span class='ocr_line' id='line_1_18' title="bbox 257 1895 1850 1970; baseline -0.003 -18"><span class='ocrx_word' id='word_1_126' title='bbox 257 1900 375 1968; x_wconf 84' lang='lat' dir='ltr'><strong><em>plar</em></strong></span> <span class='ocrx_word' id='word_1_127' title='bbox 406 1898 654 1970; x_wconf 77' lang='lat' dir='ltr'><strong><em>imaginis</em></strong></span> <span class='ocrx_word' id='word_1_128' title='bbox 681 1898 840 1970; x_wconf 72' lang='lat' dir='ltr'><strong><em>regite</em></strong></span> <span class='ocrx_word' id='word_1_129' title='bbox 861 1937 876 1965; x_wconf 93' lang='lat'><strong><em>,</em></strong></span> <span class='ocrx_word' id='word_1_130' title='bbox 904 1914 1062 1968; x_wconf 89' lang='lat' dir='ltr'><strong><em>quam</em></strong></span> <span class='ocrx_word' id='word_1_131' title='bbox 1093 1912 1447 1968; x_wconf 80' lang='lat' dir='ltr'><strong><em>expressurus</em></strong></span> <span class='ocrx_word' id='word_1_132' title='bbox 1488 1906 1604 1963; x_wconf 90' lang='lat' dir='ltr'><strong><em>est,</em></strong></span> <span class='ocrx_word' id='word_1_133' title='bbox 1635 1896 1705 1950; x_wconf 90' lang='lat' dir='ltr'><strong><em>ita</em></strong></span> <span class='ocrx_word' id='word_1_134' title='bbox 1727 1895 1850 1950; x_wconf 89' lang='lat' dir='ltr'><strong><em>dili-</em></strong></span> 
     </span>
    </p>
   </div>
   <div class='ocr_carea' id='block_1_19' title="bbox 263 1989 1852 2061">
    <p class='ocr_par' dir='ltr' id='par_1_19' title="bbox 263 1989 1852 2061">
     <span class='ocr_line' id='line_1_19' title="bbox 263 1989 1852 2061; baseline -0.003 -14"><span class='ocrx_word' id='word_1_135' title='bbox 263 2001 450 2061; x_wconf 78' lang='lat' dir='ltr'><strong><em>genter</em></strong></span> <span class='ocrx_word' id='word_1_136' title='bbox 492 1992 778 2056; x_wconf 90' lang='lat' dir='ltr'><strong><em>conﬁciat,</em></strong></span> <span class='ocrx_word' id='word_1_137' title='bbox 818 1991 987 2060; x_wconf 91' lang='lat' dir='ltr'><strong><em>utqui</em></strong></span> <span class='ocrx_word' id='word_1_138' title='bbox 1026 2006 1144 2046; x_wconf 89' lang='lat' dir='ltr'><strong><em>eam</em></strong></span> <span class='ocrx_word' id='word_1_139' title='bbox 1189 1989 1452 2061; x_wconf 90' lang='lat' dir='ltr'><strong><em>depicturi</em></strong></span> <span class='ocrx_word' id='word_1_140' title='bbox 1497 1997 1639 2056; x_wconf 91' lang='lat' dir='ltr'><strong><em>sunt,</em></strong></span> <span class='ocrx_word' id='word_1_141' title='bbox 1665 2002 1852 2044; x_wconf 91' lang='lat' dir='ltr'><strong><em>omnes</em></strong></span> 
     </span>
    </p>
   </div>
   <div class='ocr_carea' id='block_1_20' title="bbox 259 2078 1851 2154">
    <p class='ocr_par' dir='ltr' id='par_1_20' title="bbox 259 2078 1851 2154">
     <span class='ocr_line' id='line_1_20' title="bbox 259 2078 1851 2154; baseline -0.001 -18"><span class='ocrx_word' id='word_1_142' title='bbox 259 2081 491 2138; x_wconf 82' lang='lat' dir='ltr'><strong><em>habeant</em></strong></span> <span class='ocrx_word' id='word_1_143' title='bbox 531 2081 674 2152; x_wconf 90' lang='lat' dir='ltr'><strong><em>quod</em></strong></span> <span class='ocrx_word' id='word_1_144' title='bbox 718 2081 995 2154; x_wconf 86' lang='lat' dir='ltr'><strong><em>imitentur</em></strong></span> <span class='ocrx_word' id='word_1_145' title='bbox 1025 2099 1038 2134; x_wconf 74' lang='grc' dir='ltr'>ε</span> <span class='ocrx_word' id='word_1_146' title='bbox 1068 2082 1146 2136; x_wconf 90' lang='lat' dir='ltr'><strong><em>sic</em></strong></span> <span class='ocrx_word' id='word_1_147' title='bbox 1184 2096 1314 2135; x_wconf 84' lang='lat' dir='ltr'><strong><em>sane</em></strong></span> <span class='ocrx_word' id='word_1_148' title='bbox 1343 2088 1399 2136; x_wconf 91' lang='lat' dir='ltr'><strong><em>et</em></strong></span> <span class='ocrx_word' id='word_1_149' title='bbox 1425 2079 1610 2135; x_wconf 90' lang='lat' dir='ltr'><strong><em>beatus</em></strong></span> <span class='ocrx_word' id='word_1_150' title='bbox 1658 2078 1851 2134; x_wconf 84' lang='lat' dir='ltr'><strong><em>Paulus</em></strong></span> 
     </span>
    </p>
   </div>
   <div class='ocr_carea' id='block_1_21' title="bbox 260 2174 1850 2247">
    <p class='ocr_par' dir='ltr' id='par_1_21' title="bbox 260 2174 1850 2247">
     <span class='ocr_line' id='line_1_21' title="bbox 260 2174 1850 2247; baseline -0.003 -17"><span class='ocrx_word' id='word_1_151' title='bbox 260 2186 529 2247; x_wconf 78' lang='lat' dir='ltr'><strong><em>tamquam</em></strong></span> <span class='ocrx_word' id='word_1_152' title='bbox 548 2176 748 2247; x_wconf 90' lang='lat' dir='ltr'><strong><em>regiam</em></strong></span> <span class='ocrx_word' id='word_1_153' title='bbox 769 2175 1052 2246; x_wconf 82' lang='lat' dir='ltr'><strong><em>quamdam</em></strong></span> <span class='ocrx_word' id='word_1_154' title='bbox 1069 2174 1295 2245; x_wconf 85' lang='lat' dir='ltr'><strong><em>efﬁgiem</em></strong></span> <span class='ocrx_word' id='word_1_155' title='bbox 1323 2175 1567 2245; x_wconf 82' lang='lat' dir='ltr'><strong><em>pingens,</em></strong></span> <span class='ocrx_word' id='word_1_156' title='bbox 1589 2182 1641 2228; x_wconf 90' lang='lat' dir='ltr'><strong><em>et</em></strong></span> <span class='ocrx_word' id='word_1_157' title='bbox 1666 2188 1850 2228; x_wconf 85' lang='lat' dir='ltr'><strong><em>exem-</em></strong></span> 
     </span>
    </p>
   </div>
   <div class='ocr_carea' id='block_1_22' title="bbox 261 2265 1853 2338">
    <p class='ocr_par' dir='ltr' id='par_1_22' title="bbox 261 2265 1853 2338">
     <span class='ocr_line' id='line_1_22' title="bbox 261 2265 1853 2338; baseline -0.001 -18"><span class='ocrx_word' id='word_1_158' title='bbox 261 2267 374 2337; x_wconf 77' lang='lat' dir='ltr'><strong><em>plar</em></strong></span> <span class='ocrx_word' id='word_1_159' title='bbox 424 2268 595 2338; x_wconf 91' lang='lat' dir='ltr'><strong><em>ipsius</em></strong></span> <span class='ocrx_word' id='word_1_160' title='bbox 644 2266 966 2335; x_wconf 90' lang='lat' dir='ltr'><strong><em>conﬁciens,</em></strong></span> <span class='ocrx_word' id='word_1_161' title='bbox 993 2267 1171 2321; x_wconf 77' lang='lat' dir='ltr'><strong><em>varios</em></strong></span> <span class='ocrx_word' id='word_1_162' title='bbox 1213 2267 1423 2322; x_wconf 89' lang='lat' dir='ltr'><strong><em>virtutis</em></strong></span> <span class='ocrx_word' id='word_1_163' title='bbox 1480 2267 1668 2320; x_wconf 90' lang='lat' dir='ltr'><strong><em>miscet</em></strong></span> <span class='ocrx_word' id='word_1_164' title='bbox 1706 2265 1853 2318; x_wconf 82' lang='lat' dir='ltr'><strong><em>colo-</em></strong></span> 
     </span>
    </p>
   </div>
   <div class='ocr_carea' id='block_1_23' title="bbox 261 2356 1846 2430">
    <p class='ocr_par' dir='ltr' id='par_1_23' title="bbox 261 2356 1846 2430">
     <span class='ocr_line' id='line_1_23' title="bbox 261 2356 1846 2430; baseline -0.001 -18"><span class='ocrx_word' id='word_1_165' title='bbox 261 2373 376 2425; x_wconf 87' lang='lat' dir='ltr'><strong><em>res,</em></strong></span> <span class='ocrx_word' id='word_1_166' title='bbox 420 2358 683 2430; x_wconf 87' lang='lat' dir='ltr'><strong><em>nobisque</em></strong></span> <span class='ocrx_word' id='word_1_167' title='bbox 730 2357 958 2413; x_wconf 83' lang='lat' dir='ltr'><strong><em>formam</em></strong></span> <span class='ocrx_word' id='word_1_168' title='bbox 999 2357 1357 2428; x_wconf 84' lang='lat' dir='ltr'><strong><em>episcopalem</em></strong></span> <span class='ocrx_word' id='word_1_169' title='bbox 1405 2357 1472 2411; x_wconf 91' lang='lat' dir='ltr'><strong><em>ad</em></strong></span> <span class='ocrx_word' id='word_1_170' title='bbox 1528 2356 1846 2411; x_wconf 90' lang='lat' dir='ltr'><strong><em>imitandum</em></strong></span> 
     </span>
    </p>
   </div>
   <div class='ocr_carea' id='block_1_24' title="bbox 259 2449 1849 2523">
    <p class='ocr_par' dir='ltr' id='par_1_24' title="bbox 259 2449 1849 2523">
     <span class='ocr_line' id='line_1_24' title="bbox 259 2449 1849 2523; baseline -0.001 -16"><span class='ocrx_word' id='word_1_171' title='bbox 259 2452 571 2523; x_wconf 86' lang='lat' dir='ltr'><strong><em>proposuit,</em></strong></span> <span class='ocrx_word' id='word_1_172' title='bbox 605 2460 662 2518; x_wconf 88' lang='lat' dir='ltr'><strong><em>ut</em></strong></span> <span class='ocrx_word' id='word_1_173' title='bbox 699 2453 787 2522; x_wconf 86' lang='lat' dir='ltr'><strong><em>qui</em></strong></span> <span class='ocrx_word' id='word_1_174' title='bbox 817 2452 883 2506; x_wconf 91' lang='lat' dir='ltr'><strong><em>ad</em></strong></span> <span class='ocrx_word' id='word_1_175' title='bbox 929 2451 1067 2506; x_wconf 91' lang='lat' dir='ltr'><strong><em>hanc</em></strong></span> <span class='ocrx_word' id='word_1_176' title='bbox 1108 2451 1419 2522; x_wconf 88' lang='lat' dir='ltr'><strong><em>dignitatem</em></strong></span> <span class='ocrx_word' id='word_1_177' title='bbox 1464 2449 1849 2522; x_wconf 89' lang='lat' dir='ltr'><strong><em>provehuntur,</em></strong></span> 
     </span>
    </p>
   </div>
   <div class='ocr_carea' id='block_1_25' title="bbox 257 2530 1847 2615">
    <p class='ocr_par' dir='ltr' id='par_1_25' title="bbox 257 2530 1847 2615">
     <span class='ocr_line' id='line_1_25' title="bbox 257 2530 1847 2615; baseline 0.001 -18"><span class='ocrx_word' id='word_1_178' title='bbox 257 2543 322 2597; x_wconf 85' lang='lat' dir='ltr'><strong><em>ad</em></strong></span> <span class='ocrx_word' id='word_1_179' title='bbox 349 2543 498 2598; x_wconf 86' lang='lat' dir='ltr'><strong><em>illam</em></strong></span> <span class='ocrx_word' id='word_1_180' title='bbox 520 2543 867 2615; x_wconf 89' lang='lat' dir='ltr'><strong><em>respicientes</em></strong></span> <span class='ocrx_word' id='word_1_181' title='bbox 890 2530 1077 2598; x_wconf 89' lang='lat' dir='ltr'><strong><em>eadem</em></strong></span> <span class='ocrx_word' id='word_1_182' title='bbox 1099 2543 1440 2598; x_wconf 89' lang='lat' dir='ltr'><strong><em>aceuratione</em></strong></span> <span class='ocrx_word' id='word_1_183' title='bbox 1459 2542 1697 2597; x_wconf 86' lang='lat' dir='ltr'><strong><em>actiones</em></strong></span> <span class='ocrx_word' id='word_1_184' title='bbox 1717 2557 1847 2598; x_wconf 89' lang='lat' dir='ltr'><strong><em>suas</em></strong></span> 
     </span>
    </p>
   </div>
   <div class='ocr_carea' id='block_1_26' title="bbox 258 2633 1850 2704">
    <p class='ocr_par' dir='ltr' id='par_1_26' title="bbox 258 2633 1850 2704">
     <span class='ocr_line' id='line_1_26' title="bbox 258 2633 1850 2704; baseline -0.001 -14"><span class='ocrx_word' id='word_1_185' title='bbox 258 2650 445 2691; x_wconf 87' lang='lat' dir='ltr'><strong><em>omnes</em></strong></span> <span class='ocrx_word' id='word_1_186' title='bbox 499 2634 867 2690; x_wconf 86' lang='lat' dir='ltr'><strong><em>moderentur.</em></strong></span> <span class='ocrx_word' id='word_1_187' title='bbox 925 2635 1113 2689; x_wconf 87' lang='lat' dir='ltr'><strong><em>Ausim</em></strong></span> <span class='ocrx_word' id='word_1_188' title='bbox 1161 2635 1322 2704; x_wconf 82' lang='lat' dir='ltr'><strong><em>igitur</em></strong></span> <span class='ocrx_word' id='word_1_189' title='bbox 1368 2633 1637 2688; x_wconf 80' lang='lat' dir='ltr'><strong><em>afﬁrmare</em></strong></span> <span class='ocrx_word' id='word_1_190' title='bbox 1687 2643 1850 2688; x_wconf 89' lang='lat' dir='ltr'><strong><em>totam</em></strong></span> 
     </span>
    </p>
   </div>
   <div class='ocr_carea' id='block_1_27' title="bbox 260 2723 1851 2796">
    <p class='ocr_par' dir='ltr' id='par_1_27' title="bbox 260 2723 1851 2796">
     <span class='ocr_line' id='line_1_27' title="bbox 260 2723 1851 2796; baseline -0.001 -17"><span class='ocrx_word' id='word_1_191' title='bbox 260 2725 396 2780; x_wconf 84' lang='lat' dir='ltr'><strong><em>hanc</em></strong></span> <span class='ocrx_word' id='word_1_192' title='bbox 417 2724 647 2780; x_wconf 80' lang='lat' dir='ltr'><strong><em>formam</em></strong></span> <span class='ocrx_word' id='word_1_193' title='bbox 675 2725 729 2780; x_wconf 91' lang='lat' dir='ltr'><strong><em>in</em></strong></span> <span class='ocrx_word' id='word_1_194' title='bbox 759 2724 940 2779; x_wconf 87' lang='lat' dir='ltr'><strong><em>animo</em></strong></span> <span class='ocrx_word' id='word_1_195' title='bbox 973 2739 1072 2779; x_wconf 91' lang='lat' dir='ltr'><strong><em>suo</em></strong></span> <span class='ocrx_word' id='word_1_196' title='bbox 1108 2724 1319 2779; x_wconf 90' lang='lat' dir='ltr'><strong><em>beatum</em></strong></span> <span class='ocrx_word' id='word_1_197' title='bbox 1344 2723 1602 2796; x_wconf 89' lang='lat' dir='ltr'><strong><em>lgnatium</em></strong></span> <span class='ocrx_word' id='word_1_198' title='bbox 1632 2729 1851 2793; x_wconf 85' lang='lat' dir='ltr'><strong><em>expres-</em></strong></span> 
     </span>
    </p>
   </div>
   <div class='ocr_carea' id='block_1_28' title="bbox 258 2812 1847 2882">
    <p class='ocr_par' dir='ltr' id='par_1_28' title="bbox 258 2812 1847 2882">
     <span class='ocr_line' id='line_1_28' title="bbox 258 2812 1847 2882; baseline -0.002 -11"><span class='ocrx_word' id='word_1_199' title='bbox 258 2818 392 2871; x_wconf 84' lang='lat' dir='ltr'><strong><em>sisse</em></strong></span> <span class='ocrx_word' id='word_1_200' title='bbox 423 2833 438 2870; x_wconf 90' lang='lat'><strong>:</strong></span> <span class='ocrx_word' id='word_1_201' title='bbox 463 2830 589 2870; x_wconf 87' lang='lat' dir='ltr'><strong><em>nam</em></strong></span> <span class='ocrx_word' id='word_1_202' title='bbox 618 2823 671 2870; x_wconf 89' lang='lat' dir='ltr'><strong><em>et</em></strong></span> <span class='ocrx_word' id='word_1_203' title='bbox 700 2814 1184 2882; x_wconf 85' lang='lat' dir='ltr'><strong><em>irreprehensibilis</em></strong></span> <span class='ocrx_word' id='word_1_204' title='bbox 1207 2812 1336 2881; x_wconf 82' lang='lat' dir='ltr'><strong><em>fuit,</em></strong></span> <span class='ocrx_word' id='word_1_205' title='bbox 1367 2822 1422 2869; x_wconf 87' lang='lat' dir='ltr'><strong><em>et</em></strong></span> <span class='ocrx_word' id='word_1_206' title='bbox 1445 2814 1560 2869; x_wconf 91' lang='lat' dir='ltr'><strong><em>sine</em></strong></span> <span class='ocrx_word' id='word_1_207' title='bbox 1585 2814 1809 2869; x_wconf 87' lang='lat' dir='ltr'><strong><em>crimine</em></strong></span> <span class='ocrx_word' id='word_1_208' title='bbox 1832 2854 1847 2880; x_wconf 93' lang='lat'><strong><em>,</em></strong></span> 
     </span>
    </p>
   </div>
   <div class='ocr_carea' id='block_1_29' title="bbox 259 2903 1852 2975">
    <p class='ocr_par' dir='ltr' id='par_1_29' title="bbox 259 2903 1852 2975">
     <span class='ocr_line' id='line_1_29' title="bbox 259 2903 1852 2975; baseline -0.001 -15"><span class='ocrx_word' id='word_1_209' title='bbox 259 2922 364 2962; x_wconf 90' lang='lat' dir='ltr'><strong><em>non</em></strong></span> <span class='ocrx_word' id='word_1_210' title='bbox 394 2914 575 2960; x_wconf 88' lang='lat' dir='ltr'><strong><em>autem</em></strong></span> <span class='ocrx_word' id='word_1_211' title='bbox 601 2905 864 2975; x_wconf 90' lang='lat' dir='ltr'><strong><em>superbus</em></strong></span> <span class='ocrx_word' id='word_1_212' title='bbox 889 2944 904 2971; x_wconf 90' lang='lat'><strong><em>,</em></strong></span> <span class='ocrx_word' id='word_1_213' title='bbox 931 2920 1106 2975; x_wconf 90' lang='lat' dir='ltr'><strong><em>neque</em></strong></span> <span class='ocrx_word' id='word_1_214' title='bbox 1133 2903 1420 2960; x_wconf 91' lang='lat' dir='ltr'><strong><em>iracundus</em></strong></span> <span class='ocrx_word' id='word_1_215' title='bbox 1441 2945 1455 2971; x_wconf 93' lang='lat'><strong><em>,</em></strong></span> <span class='ocrx_word' id='word_1_216' title='bbox 1489 2919 1587 2960; x_wconf 88' lang='lat' dir='ltr'><strong><em>nec</em></strong></span> <span class='ocrx_word' id='word_1_217' title='bbox 1611 2904 1852 2959; x_wconf 84' lang='lat' dir='ltr'><strong><em>vinolen-</em></strong></span> 
     </span>
    </p>
   </div>
   <div class='ocr_carea' id='block_1_30' title="bbox 261 2995 1854 3067">
    <p class='ocr_par' dir='ltr' id='par_1_30' title="bbox 261 2995 1854 3067">
     <span class='ocr_line' id='line_1_30' title="bbox 261 2995 1854 3067; baseline -0.001 -16"><span class='ocrx_word' id='word_1_218' title='bbox 261 3009 373 3065; x_wconf 89' lang='lat' dir='ltr'><strong><em>tus,</em></strong></span> <span class='ocrx_word' id='word_1_219' title='bbox 401 3012 506 3052; x_wconf 90' lang='lat' dir='ltr'><strong><em>nec</em></strong></span> <span class='ocrx_word' id='word_1_220' title='bbox 535 3010 840 3067; x_wconf 90' lang='lat' dir='ltr'><strong><em>percussor,</em></strong></span> <span class='ocrx_word' id='word_1_221' title='bbox 867 3011 967 3051; x_wconf 90' lang='lat' dir='ltr'><strong><em>nec</em></strong></span> <span class='ocrx_word' id='word_1_222' title='bbox 1008 2996 1272 3067; x_wconf 81' lang='lat' dir='ltr'><strong><em>litigiosus</em></strong></span> <span class='ocrx_word' id='word_1_223' title='bbox 1292 3038 1308 3062; x_wconf 90' lang='lat'><strong><em>,</em></strong></span> <span class='ocrx_word' id='word_1_224' title='bbox 1336 3010 1438 3051; x_wconf 92' lang='lat' dir='ltr'><strong><em>nec</em></strong></span> <span class='ocrx_word' id='word_1_225' title='bbox 1466 2995 1691 3067; x_wconf 91' lang='lat' dir='ltr'><strong><em>cupidus</em></strong></span> <span class='ocrx_word' id='word_1_226' title='bbox 1714 3038 1730 3063; x_wconf 93' lang='lat'><strong><em>,</em></strong></span> <span class='ocrx_word' id='word_1_227' title='bbox 1757 2995 1854 3050; x_wconf 89' lang='lat' dir='ltr'><strong><em>sed</em></strong></span> 
     </span>
    </p>
   </div>
   <div class='ocr_carea' id='block_1_31' title="bbox 258 3087 1852 3160">
    <p class='ocr_par' dir='ltr' id='par_1_31' title="bbox 258 3087 1852 3160">
     <span class='ocr_line' id='line_1_31' title="bbox 258 3087 1852 3160; baseline -0.001 -15"><span class='ocrx_word' id='word_1_228' title='bbox 258 3091 432 3160; x_wconf 83' lang='lat' dir='ltr'><strong><em>justus</em></strong></span> <span class='ocrx_word' id='word_1_229' title='bbox 451 3131 468 3157; x_wconf 91' lang='lat'><strong><em>,</em></strong></span> <span class='ocrx_word' id='word_1_230' title='bbox 501 3098 716 3146; x_wconf 86' lang='lat' dir='ltr'><strong><em>sanctus</em></strong></span> <span class='ocrx_word' id='word_1_231' title='bbox 734 3130 748 3153; x_wconf 90' lang='lat'><strong><em>,</em></strong></span> <span class='ocrx_word' id='word_1_232' title='bbox 773 3089 1054 3144; x_wconf 89' lang='lat' dir='ltr'><strong><em>continens</em></strong></span> <span class='ocrx_word' id='word_1_233' title='bbox 1075 3131 1089 3155; x_wconf 93' lang='lat'><strong><em>,</em></strong></span> <span class='ocrx_word' id='word_1_234' title='bbox 1111 3088 1443 3160; x_wconf 90' lang='lat' dir='ltr'><strong><em>amplectens</em></strong></span> <span class='ocrx_word' id='word_1_235' title='bbox 1461 3103 1584 3144; x_wconf 90' lang='lat' dir='ltr'><strong><em>eum</em></strong></span> <span class='ocrx_word' id='word_1_236' title='bbox 1606 3129 1620 3154; x_wconf 91' lang='lat'><strong><em>,</em></strong></span> <span class='ocrx_word' id='word_1_237' title='bbox 1651 3087 1741 3158; x_wconf 90' lang='lat' dir='ltr'><strong><em>qui</em></strong></span> <span class='ocrx_word' id='word_1_238' title='bbox 1764 3103 1852 3143; x_wconf 89' lang='lat' dir='ltr'><strong><em>se-</em></strong></span> 
     </span>
    </p>
   </div>
   <div class='ocr_carea' id='block_1_32' title="bbox 259 3181 1849 3250">
    <p class='ocr_par' dir='ltr' id='par_1_32' title="bbox 259 3181 1849 3250">
     <span class='ocr_line' id='line_1_32' title="bbox 259 3181 1849 3250; baseline -0.002 -11"><span class='ocrx_word' id='word_1_239' title='bbox 259 3183 500 3239; x_wconf 85' lang='lat' dir='ltr'><strong><em>cundum</em></strong></span> <span class='ocrx_word' id='word_1_240' title='bbox 522 3183 818 3238; x_wconf 81' lang='lat' dir='ltr'><strong><em>doctrinam</em></strong></span> <span class='ocrx_word' id='word_1_241' title='bbox 851 3190 967 3248; x_wconf 89' lang='lat' dir='ltr'><strong><em>est,</em></strong></span> <span class='ocrx_word' id='word_1_242' title='bbox 999 3182 1211 3238; x_wconf 87' lang='lat' dir='ltr'><strong><em>ﬁdelem</em></strong></span> <span class='ocrx_word' id='word_1_243' title='bbox 1241 3197 1544 3238; x_wconf 90' lang='lat' dir='ltr'><strong><em>sermonem</em></strong></span> <span class='ocrx_word' id='word_1_244' title='bbox 1567 3224 1584 3250; x_wconf 94' lang='lat'><strong><em>,</em></strong></span> <span class='ocrx_word' id='word_1_245' title='bbox 1615 3181 1849 3245; x_wconf 89' lang='lat' dir='ltr'><strong><em>sobrius,</em></strong></span> 
     </span>
    </p>
   </div>
   <div class='ocr_carea' id='block_1_33' title="bbox 263 3271 1855 3348">
    <p class='ocr_par' dir='ltr' id='par_1_33' title="bbox 263 3271 1855 3348">
     <span class='ocr_line' id='line_1_33' title="bbox 263 3271 1855 3348; baseline -0.003 -17"><span class='ocrx_word' id='word_1_246' title='bbox 263 3275 505 3348; x_wconf 89' lang='lat' dir='ltr'><strong><em>prudens</em></strong></span> <span class='ocrx_word' id='word_1_247' title='bbox 526 3317 542 3340; x_wconf 92' lang='lat'><strong><em>,</em></strong></span> <span class='ocrx_word' id='word_1_248' title='bbox 579 3283 829 3340; x_wconf 86' lang='lat' dir='ltr'><strong><em>ornatus,</em></strong></span> <span class='ocrx_word' id='word_1_249' title='bbox 857 3282 914 3330; x_wconf 89' lang='lat' dir='ltr'><strong><em>et</em></strong></span> <span class='ocrx_word' id='word_1_250' title='bbox 940 3282 1133 3330; x_wconf 67' lang='lat' dir='ltr'><strong><em>cattera</em></strong></span> <span class='ocrx_word' id='word_1_251' title='bbox 1152 3315 1168 3340; x_wconf 93' lang='lat'><strong><em>,</em></strong></span> <span class='ocrx_word' id='word_1_252' title='bbox 1198 3289 1316 3344; x_wconf 73' lang='lat' dir='ltr'><strong><em>qua:</em></strong></span> <span class='ocrx_word' id='word_1_253' title='bbox 1341 3273 1539 3328; x_wconf 87' lang='lat' dir='ltr'><strong><em>Paulus</em></strong></span> <span class='ocrx_word' id='word_1_254' title='bbox 1562 3272 1756 3342; x_wconf 77' lang='lat' dir='ltr'><strong><em>exegit.</em></strong></span> <span class='ocrx_word' id='word_1_255' title='bbox 1787 3271 1855 3326; x_wconf 90' lang='lat' dir='ltr'><strong><em>Et</em></strong></span> 
     </span>
    </p>
   </div>
   <div class='ocr_carea' id='block_1_34' title="bbox 259 3364 1853 3438">
    <p class='ocr_par' dir='ltr' id='par_1_34' title="bbox 259 3364 1853 3438">
     <span class='ocr_line' id='line_1_34' title="bbox 259 3364 1853 3438; baseline -0.001 -16"><span class='ocrx_word' id='word_1_256' title='bbox 259 3368 477 3438; x_wconf 85' lang='lat' dir='ltr'><strong><em>quinam</em></strong></span> <span class='ocrx_word' id='word_1_257' title='bbox 506 3377 632 3422; x_wconf 90' lang='lat' dir='ltr'><strong><em>sunt</em></strong></span> <span class='ocrx_word' id='word_1_258' title='bbox 662 3366 852 3422; x_wconf 87' lang='lat' dir='ltr'><strong><em>borum</em></strong></span> <span class='ocrx_word' id='word_1_259' title='bbox 884 3365 1085 3422; x_wconf 78' lang='lat' dir='ltr'><strong><em>testes?</em></strong></span> <span class='ocrx_word' id='word_1_260' title='bbox 1110 3365 1272 3421; x_wconf 89' lang='lat' dir='ltr'><strong><em>Iidem</em></strong></span> <span class='ocrx_word' id='word_1_261' title='bbox 1316 3365 1415 3436; x_wconf 86' lang='lat' dir='ltr'><strong><em>ipsi</em></strong></span> <span class='ocrx_word' id='word_1_262' title='bbox 1437 3366 1526 3436; x_wconf 91' lang='lat' dir='ltr'><strong><em>qui</em></strong></span> <span class='ocrx_word' id='word_1_263' title='bbox 1563 3366 1676 3420; x_wconf 86' lang='lat' dir='ltr'><strong><em>haec</em></strong></span> <span class='ocrx_word' id='word_1_264' title='bbox 1701 3364 1853 3420; x_wconf 79' lang='lat' dir='ltr'><strong><em>dixe-</em></strong></span> 
     </span>
    </p>
   </div>
   <div class='ocr_carea' id='block_1_35' title="bbox 259 3456 1852 3530">
    <p class='ocr_par' dir='ltr' id='par_1_35' title="bbox 259 3456 1852 3530">
     <span class='ocr_line' id='line_1_35' title="bbox 259 3456 1852 3530; baseline -0.002 -17"><span class='ocrx_word' id='word_1_265' title='bbox 259 3467 404 3526; x_wconf 90' lang='lat' dir='ltr'><strong><em>runt,</em></strong></span> <span class='ocrx_word' id='word_1_266' title='bbox 429 3459 520 3530; x_wconf 90' lang='lat' dir='ltr'><strong><em>qui</em></strong></span> <span class='ocrx_word' id='word_1_267' title='bbox 541 3457 686 3514; x_wconf 86' lang='lat' dir='ltr'><strong><em>hunc</em></strong></span> <span class='ocrx_word' id='word_1_268' title='bbox 722 3458 883 3514; x_wconf 88' lang='lat' dir='ltr'><strong><em>etiam</em></strong></span> <span class='ocrx_word' id='word_1_269' title='bbox 910 3457 1205 3528; x_wconf 89' lang='lat' dir='ltr'><strong><em>elegerunt.</em></strong></span> <span class='ocrx_word' id='word_1_270' title='bbox 1236 3456 1422 3527; x_wconf 85' lang='lat' dir='ltr'><strong><em>Neque</em></strong></span> <span class='ocrx_word' id='word_1_271' title='bbox 1461 3457 1602 3512; x_wconf 90' lang='lat' dir='ltr'><strong><em>enim</em></strong></span> <span class='ocrx_word' id='word_1_272' title='bbox 1629 3456 1716 3526; x_wconf 89' lang='lat' dir='ltr'><strong><em>qui</em></strong></span> <span class='ocrx_word' id='word_1_273' title='bbox 1745 3464 1852 3510; x_wconf 88' lang='lat' dir='ltr'><strong><em>tam</em></strong></span> 
     </span>
    </p>
   </div>
   <div class='ocr_carea' id='block_1_36' title="bbox 260 3546 1852 3621">
    <p class='ocr_par' dir='ltr' id='par_1_36' title="bbox 260 3546 1852 3621">
     <span class='ocr_line' id='line_1_36' title="bbox 260 3546 1852 3621; baseline -0.003 -16"><span class='ocrx_word' id='word_1_274' title='bbox 260 3550 548 3621; x_wconf 81' lang='lat' dir='ltr'><strong><em>diligenter</em></strong></span> <span class='ocrx_word' id='word_1_275' title='bbox 573 3558 798 3605; x_wconf 69' lang='lat' dir='ltr'><strong><em>eatteros</em></strong></span> <span class='ocrx_word' id='word_1_276' title='bbox 826 3557 1181 3617; x_wconf 89' lang='lat' dir='ltr'><strong><em>monuerunt,</em></strong></span> <span class='ocrx_word' id='word_1_277' title='bbox 1209 3557 1270 3603; x_wconf 92' lang='lat' dir='ltr'><strong><em>ut</em></strong></span> <span class='ocrx_word' id='word_1_278' title='bbox 1292 3547 1582 3618; x_wconf 86' lang='lat' dir='ltr'><strong><em>probarent</em></strong></span> <span class='ocrx_word' id='word_1_279' title='bbox 1606 3561 1699 3602; x_wconf 91' lang='lat' dir='ltr'><strong><em>eos</em></strong></span> <span class='ocrx_word' id='word_1_280' title='bbox 1721 3588 1735 3612; x_wconf 94' lang='lat'><strong><em>,</em></strong></span> <span class='ocrx_word' id='word_1_281' title='bbox 1764 3546 1852 3617; x_wconf 87' lang='lat' dir='ltr'><strong><em>qui</em></strong></span> 
     </span>
    </p>
   </div>
   <div class='ocr_carea' id='block_1_37' title="bbox 260 3637 1854 3711">
    <p class='ocr_par' dir='ltr' id='par_1_37' title="bbox 260 3637 1854 3711">
     <span class='ocr_line' id='line_1_37' title="bbox 260 3637 1854 3711; baseline -0.003 -15"><span class='ocrx_word' id='word_1_282' title='bbox 260 3643 314 3696; x_wconf 92' lang='lat' dir='ltr'><strong><em>iu</em></strong></span> <span class='ocrx_word' id='word_1_283' title='bbox 341 3641 502 3711; x_wconf 76' lang='lat' dir='ltr'><strong><em>hujus</em></strong></span> <span class='ocrx_word' id='word_1_284' title='bbox 523 3640 796 3711; x_wconf 84' lang='lat' dir='ltr'><strong><em>dignitatis</em></strong></span> <span class='ocrx_word' id='word_1_285' title='bbox 831 3639 1078 3695; x_wconf 88' lang='lat' dir='ltr'><strong><em>thronum</em></strong></span> <span class='ocrx_word' id='word_1_286' title='bbox 1116 3647 1298 3695; x_wconf 88' lang='lat' dir='ltr'><strong><em>essent</em></strong></span> <span class='ocrx_word' id='word_1_287' title='bbox 1334 3637 1609 3694; x_wconf 76' lang='lat' dir='ltr'><strong><em>escensuri</em></strong></span> <span class='ocrx_word' id='word_1_288' title='bbox 1632 3678 1648 3703; x_wconf 94' lang='lat'><strong><em>,</em></strong></span> <span class='ocrx_word' id='word_1_289' title='bbox 1678 3637 1854 3692; x_wconf 85' lang='lat' dir='ltr'><strong><em>obiter</em></strong></span> 
     </span>
    </p>
   </div>
   <div class='ocr_carea' id='block_1_38' title="bbox 262 3729 1853 3806">
    <p class='ocr_par' dir='ltr' id='par_1_38' title="bbox 262 3729 1853 3806">
     <span class='ocr_line' id='line_1_38' title="bbox 262 3729 1853 3806; baseline -0.006 -16"><span class='ocrx_word' id='word_1_290' title='bbox 262 3735 362 3806; x_wconf 89' lang='lat' dir='ltr'><strong><em>ipsi</em></strong></span> <span class='ocrx_word' id='word_1_291' title='bbox 405 3743 498 3788; x_wconf 89' lang='lat' dir='ltr'><strong><em>aut</em></strong></span> <span class='ocrx_word' id='word_1_292' title='bbox 525 3733 857 3804; x_wconf 84' lang='lat' dir='ltr'><strong><em>negligenter</em></strong></span> <span class='ocrx_word' id='word_1_293' title='bbox 895 3731 947 3787; x_wconf 87' lang='lat' dir='ltr'><strong><em>id</em></strong></span> <span class='ocrx_word' id='word_1_294' title='bbox 979 3732 1343 3803; x_wconf 83' lang='lat' dir='ltr'><strong><em>peregissent;</em></strong></span> <span class='ocrx_word' id='word_1_295' title='bbox 1369 3729 1464 3784; x_wconf 88' lang='lat' dir='ltr'><strong><em>sed</em></strong></span> <span class='ocrx_word' id='word_1_296' title='bbox 1495 3730 1597 3785; x_wconf 87' lang='lat' dir='ltr'><strong><em>nisi</em></strong></span> <span class='ocrx_word' id='word_1_297' title='bbox 1630 3737 1853 3783; x_wconf 88' lang='lat' dir='ltr'><strong><em>cunctas</em></strong></span> 
     </span>
    </p>
   </div>
   <div class='ocr_carea' id='block_1_39' title="bbox 263 3819 1853 3895">
    <p class='ocr_par' dir='ltr' id='par_1_39' title="bbox 263 3819 1853 3895">
     <span class='ocr_line' id='line_1_39' title="bbox 263 3819 1853 3895; baseline -0.002 -17"><span class='ocrx_word' id='word_1_298' title='bbox 263 3827 314 3879; x_wconf 92' lang='lat' dir='ltr'><strong><em>in</em></strong></span> <span class='ocrx_word' id='word_1_299' title='bbox 342 3824 592 3895; x_wconf 77' lang='lat' dir='ltr'><strong><em>martyris</em></strong></span> <span class='ocrx_word' id='word_1_300' title='bbox 609 3823 791 3878; x_wconf 89' lang='lat' dir='ltr'><strong><em>animo</em></strong></span> <span class='ocrx_word' id='word_1_301' title='bbox 815 3823 1036 3878; x_wconf 85' lang='lat' dir='ltr'><strong><em>virtutes</em></strong></span> <span class='ocrx_word' id='word_1_302' title='bbox 1061 3822 1486 3894; x_wconf 75' lang='lat' dir='ltr'><strong><em>conspexissent,</em></strong></span> <span class='ocrx_word' id='word_1_303' title='bbox 1507 3837 1614 3875; x_wconf 90' lang='lat' dir='ltr'><strong><em>non</em></strong></span> <span class='ocrx_word' id='word_1_304' title='bbox 1637 3821 1774 3875; x_wconf 89' lang='lat' dir='ltr'><strong><em>hanc</em></strong></span> <span class='ocrx_word' id='word_1_305' title='bbox 1799 3819 1853 3875; x_wconf 92' lang='lat' dir='ltr'><strong><em>in</em></strong></span> 
     </span>
    </p>
   </div>
   <div class='ocr_carea' id='block_1_40' title="bbox 268 3913 1856 3986">
    <p class='ocr_par' dir='ltr' id='par_1_40' title="bbox 268 3913 1856 3986">
     <span class='ocr_line' id='line_1_40' title="bbox 268 3913 1856 3986; baseline -0.002 -16"><span class='ocrx_word' id='word_1_306' title='bbox 268 3917 413 3970; x_wconf 90' lang='lat' dir='ltr'><strong><em>illum</em></strong></span> <span class='ocrx_word' id='word_1_307' title='bbox 477 3917 789 3986; x_wconf 89' lang='lat' dir='ltr'><strong><em>dignitatem</em></strong></span> <span class='ocrx_word' id='word_1_308' title='bbox 837 3915 1210 3970; x_wconf 85' lang='lat' dir='ltr'><strong><em>contulissent.</em></strong></span> <span class='ocrx_word' id='word_1_309' title='bbox 1257 3913 1460 3968; x_wconf 86' lang='lat' dir='ltr'><strong><em>Norant</em></strong></span> <span class='ocrx_word' id='word_1_310' title='bbox 1509 3913 1652 3967; x_wconf 90' lang='lat' dir='ltr'><strong><em>enim</em></strong></span> <span class='ocrx_word' id='word_1_311' title='bbox 1699 3913 1856 3982; x_wconf 86' lang='lat' dir='ltr'><strong><em>plane</em></strong></span> 
     </span>
    </p>
   </div>
   <div class='ocr_carea' id='block_1_41' title="bbox 265 4002 1856 4080">
    <p class='ocr_par' dir='ltr' id='par_1_41' title="bbox 265 4002 1856 4080">
     <span class='ocr_line' id='line_1_41' title="bbox 265 4002 1856 4080; baseline -0.002 -19"><span class='ocrx_word' id='word_1_312' title='bbox 265 4024 420 4080; x_wconf 84' lang='lat' dir='ltr'><strong><em>quam</em></strong></span> <span class='ocrx_word' id='word_1_313' title='bbox 468 4008 770 4078; x_wconf 88' lang='lat' dir='ltr'><strong><em>periculose</em></strong></span> <span class='ocrx_word' id='word_1_314' title='bbox 820 4017 1042 4079; x_wconf 85' lang='lat' dir='ltr'><strong><em>agerent</em></strong></span> <span class='ocrx_word' id='word_1_315' title='bbox 1085 4006 1175 4076; x_wconf 92' lang='lat' dir='ltr'><strong><em>qui</em></strong></span> <span class='ocrx_word' id='word_1_316' title='bbox 1223 4005 1276 4060; x_wconf 90' lang='lat' dir='ltr'><strong><em>in</em></strong></span> <span class='ocrx_word' id='word_1_317' title='bbox 1317 4002 1856 4068; x_wconf 35' lang='lat' dir='ltr'><strong><em>iis,ordinatiouibus</em></strong></span> 
     </span>
    </p>
   </div>
   <div class='ocr_carea' id='block_1_42' title="bbox 263 4094 1853 4170">
    <p class='ocr_par' dir='ltr' id='par_1_42' title="bbox 263 4094 1853 4170">
     <span class='ocr_line' id='line_1_42' title="bbox 263 4094 1853 4170; baseline -0.006 -14"><span class='ocrx_word' id='word_1_318' title='bbox 263 4117 382 4156; x_wconf 85' lang='lat' dir='ltr'><strong><em>sese</em></strong></span> <span class='ocrx_word' id='word_1_319' title='bbox 418 4107 673 4170; x_wconf 83' lang='lat' dir='ltr'><strong><em>gererent</em></strong></span> <span class='ocrx_word' id='word_1_320' title='bbox 713 4098 1069 4169; x_wconf 81' lang='lat' dir='ltr'><strong><em>negligenter.</em></strong></span> <span class='ocrx_word' id='word_1_321' title='bbox 1115 4095 1268 4165; x_wconf 85' lang='lat' dir='ltr'><strong><em>Quod</em></strong></span> <span class='ocrx_word' id='word_1_322' title='bbox 1311 4094 1523 4166; x_wconf 89' lang='lat' dir='ltr'><strong><em>quidem</em></strong></span> <span class='ocrx_word' id='word_1_323' title='bbox 1556 4108 1737 4149; x_wconf 89' lang='lat' dir='ltr'><strong><em>rursus</em></strong></span> <span class='ocrx_word' id='word_1_324' title='bbox 1761 4109 1853 4148; x_wconf 91' lang='lat' dir='ltr'><strong><em>os-</em></strong></span> 
     </span>
    </p>
   </div>
   <div class='ocr_carea' id='block_1_43' title="bbox 266 4185 1846 4258">
    <p class='ocr_par' dir='ltr' id='par_1_43' title="bbox 266 4185 1846 4258">
     <span class='ocr_line' id='line_1_43' title="bbox 266 4185 1846 4258; baseline -0.003 -13"><span class='ocrx_word' id='word_1_325' title='bbox 266 4192 489 4247; x_wconf 89' lang='lat' dir='ltr'><strong><em>tendens</em></strong></span> <span class='ocrx_word' id='word_1_326' title='bbox 514 4190 712 4246; x_wconf 86' lang='lat' dir='ltr'><strong><em>Paulus</em></strong></span> <span class='ocrx_word' id='word_1_327' title='bbox 737 4231 753 4258; x_wconf 93' lang='lat'><strong><em>,</em></strong></span> <span class='ocrx_word' id='word_1_328' title='bbox 780 4189 848 4244; x_wconf 89' lang='lat' dir='ltr'><strong><em>ad</em></strong></span> <span class='ocrx_word' id='word_1_329' title='bbox 883 4189 1130 4245; x_wconf 88' lang='lat' dir='ltr'><strong><em>eumdem</em></strong></span> <span class='ocrx_word' id='word_1_330' title='bbox 1171 4186 1513 4242; x_wconf 87' lang='lat' dir='ltr'><strong><em>Timotheum</em></strong></span> <span class='ocrx_word' id='word_1_331' title='bbox 1561 4185 1801 4242; x_wconf 86' lang='lat' dir='ltr'><strong><em>scribens</em></strong></span> <span class='ocrx_word' id='word_1_332' title='bbox 1833 4203 1846 4240; x_wconf 90' lang='lat'><strong>:</strong></span> 
     </span>
    </p>
   </div>
   <div class='ocr_carea' id='block_1_44' title="bbox 265 4279 1856 4352">
    <p class='ocr_par' dir='ltr' id='par_1_44' title="bbox 265 4279 1856 4352">
     <span class='ocr_line' id='line_1_44' title="bbox 265 4279 1856 4352; baseline -0.003 -16"><span class='ocrx_word' id='word_1_333' title='bbox 265 4281 478 4351; x_wconf 71' lang='lat' dir='ltr'><strong><em>Manus,</em></strong></span> <span class='ocrx_word' id='word_1_334' title='bbox 500 4281 702 4352; x_wconf 91' lang='lat' dir='ltr'><strong><em>inquit,</em></strong></span> <span class='ocrx_word' id='word_1_335' title='bbox 730 4281 830 4336; x_wconf 87' lang='lat' dir='ltr'><strong><em>cito</em></strong></span> <span class='ocrx_word' id='word_1_336' title='bbox 858 4280 1045 4335; x_wconf 87' lang='lat' dir='ltr'><strong><em>nemini</em></strong></span> <span class='ocrx_word' id='word_1_337' title='bbox 1081 4279 1381 4351; x_wconf 86' lang='lat' dir='ltr'><strong><em>imposueris</em></strong></span> <span class='ocrx_word' id='word_1_338' title='bbox 1402 4320 1418 4345; x_wconf 94' lang='lat'><strong><em>,</em></strong></span> <span class='ocrx_word' id='word_1_339' title='bbox 1449 4295 1607 4349; x_wconf 85' lang='lat' dir='ltr'><strong><em>neque</em></strong></span> <span class='ocrx_word' id='word_1_340' title='bbox 1630 4294 1856 4332; x_wconf 84' lang='lat' dir='ltr'><strong><em>comnm-</em></strong></span> 
     </span>
    </p>
   </div>
   <div class='ocr_carea' id='block_1_45' title="bbox 263 4368 1855 4445">
    <p class='ocr_par' dir='ltr' id='par_1_45' title="bbox 263 4368 1855 4445">
     <span class='ocr_line' id='line_1_45' title="bbox 263 4368 1855 4445; baseline 0 -19"><span class='ocrx_word' id='word_1_341' title='bbox 263 4373 508 4428; x_wconf 74' lang='lat' dir='ltr'><strong><em>uicaeeris</em></strong></span> <span class='ocrx_word' id='word_1_342' title='bbox 525 4374 724 4445; x_wconf 83' lang='lat' dir='ltr'><strong><em>peccatis</em></strong></span> <span class='ocrx_word' id='word_1_343' title='bbox 749 4371 1019 4442; x_wconf 70' lang='lat' dir='ltr'><strong><em>alienisu.</em></strong></span> <span class='ocrx_word' id='word_1_344' title='bbox 1041 4369 1372 4442; x_wconf 72' lang='lat' dir='ltr'><strong><em>Tim.5.22).</em></strong></span> <span class='ocrx_word' id='word_1_345' title='bbox 1401 4369 1540 4438; x_wconf 88' lang='lat' dir='ltr'><strong><em>Quid</em></strong></span> <span class='ocrx_word' id='word_1_346' title='bbox 1565 4368 1679 4424; x_wconf 87' lang='lat' dir='ltr'><strong><em>ais?</em></strong></span> <span class='ocrx_word' id='word_1_347' title='bbox 1717 4369 1855 4427; x_wconf 86' lang='lat' dir='ltr'><strong><em>alius</em></strong></span> 
     </span>
    </p>
   </div>
   <div class='ocr_carea' id='block_1_46' title="bbox 263 4460 1855 4534">
    <p class='ocr_par' dir='ltr' id='par_1_46' title="bbox 263 4460 1855 4534">
     <span class='ocr_line' id='line_1_46' title="bbox 263 4460 1855 4534; baseline -0.003 -14"><span class='ocrx_word' id='word_1_348' title='bbox 263 4464 522 4534; x_wconf 82' lang='lat' dir='ltr'><strong><em>peccarit,</em></strong></span> <span class='ocrx_word' id='word_1_349' title='bbox 552 4475 608 4520; x_wconf 89' lang='lat' dir='ltr'><strong><em>et</em></strong></span> <span class='ocrx_word' id='word_1_350' title='bbox 633 4479 734 4534; x_wconf 90' lang='lat' dir='ltr'><strong><em>ego</em></strong></span> <span class='ocrx_word' id='word_1_351' title='bbox 761 4464 1044 4520; x_wconf 90' lang='lat' dir='ltr'><strong><em>criminum</em></strong></span> <span class='ocrx_word' id='word_1_352' title='bbox 1061 4472 1116 4520; x_wconf 93' lang='lat' dir='ltr'><strong><em>et</em></strong></span> <span class='ocrx_word' id='word_1_353' title='bbox 1145 4463 1392 4534; x_wconf 83' lang='lat' dir='ltr'><strong><em>supplicii</em></strong></span> <span class='ocrx_word' id='word_1_354' title='bbox 1420 4462 1690 4533; x_wconf 88' lang='lat' dir='ltr'><strong><em>particeps</em></strong></span> <span class='ocrx_word' id='word_1_355' title='bbox 1716 4460 1855 4519; x_wconf 88' lang='lat' dir='ltr'><strong><em>ero?</em></strong></span> 
     </span>
    </p>
   </div>
   <div class='ocr_carea' id='block_1_47' title="bbox 261 4553 1854 4626">
    <p class='ocr_par' dir='ltr' id='par_1_47' title="bbox 261 4553 1854 4626">
     <span class='ocr_line' id='line_1_47' title="bbox 261 4553 1854 4626; baseline 0 -17"><span class='ocrx_word' id='word_1_356' title='bbox 261 4555 494 4621; x_wconf 81' lang='lat' dir='ltr'><strong><em>Quidni,</em></strong></span> <span class='ocrx_word' id='word_1_357' title='bbox 517 4555 720 4626; x_wconf 87' lang='lat' dir='ltr'><strong><em>inquit,</em></strong></span> <span class='ocrx_word' id='word_1_358' title='bbox 747 4569 870 4610; x_wconf 92' lang='lat' dir='ltr'><strong><em>cum</em></strong></span> <span class='ocrx_word' id='word_1_359' title='bbox 910 4555 1156 4626; x_wconf 90' lang='lat' dir='ltr'><strong><em>improbo</em></strong></span> <span class='ocrx_word' id='word_1_360' title='bbox 1204 4553 1418 4610; x_wconf 89' lang='lat' dir='ltr'><strong><em>dederis</em></strong></span> <span class='ocrx_word' id='word_1_361' title='bbox 1469 4556 1854 4610; x_wconf 83' lang='lat' dir='ltr'><strong><em>occasionem?</em></strong></span> 
     </span>
    </p>
   </div>
   <div class='ocr_carea' id='block_1_48' title="bbox 260 4644 1853 4717">
    <p class='ocr_par' dir='ltr' id='par_1_48' title="bbox 260 4644 1853 4717">
     <span class='ocr_line' id='line_1_48' title="bbox 260 4644 1853 4717; baseline -0.001 -15"><span class='ocrx_word' id='word_1_362' title='bbox 260 4646 409 4702; x_wconf 82' lang='lat' dir='ltr'><strong><em>Sicut</em></strong></span> <span class='ocrx_word' id='word_1_363' title='bbox 435 4647 584 4702; x_wconf 90' lang='lat' dir='ltr'><strong><em>enim</em></strong></span> <span class='ocrx_word' id='word_1_364' title='bbox 611 4647 702 4716; x_wconf 90' lang='lat' dir='ltr'><strong><em>qui</em></strong></span> <span class='ocrx_word' id='word_1_365' title='bbox 725 4644 927 4702; x_wconf 83' lang='lat' dir='ltr'><strong><em>furioso</em></strong></span> <span class='ocrx_word' id='word_1_366' title='bbox 951 4656 1110 4717; x_wconf 90' lang='lat' dir='ltr'><strong><em>atque</em></strong></span> <span class='ocrx_word' id='word_1_367' title='bbox 1139 4647 1337 4702; x_wconf 89' lang='lat' dir='ltr'><strong><em>amenti</em></strong></span> <span class='ocrx_word' id='word_1_368' title='bbox 1376 4655 1588 4702; x_wconf 88' lang='lat' dir='ltr'><strong><em>acutum</em></strong></span> <span class='ocrx_word' id='word_1_369' title='bbox 1619 4647 1853 4717; x_wconf 87' lang='lat' dir='ltr'><strong><em>gladium</em></strong></span> 
     </span>
    </p>
   </div>
   <div class='ocr_carea' id='block_1_49' title="bbox 266 4736 1855 4810">
    <p class='ocr_par' dir='ltr' id='par_1_49' title="bbox 266 4736 1855 4810">
     <span class='ocr_line' id='line_1_49' title="bbox 266 4736 1855 4810; baseline -0.001 -16"><span class='ocrx_word' id='word_1_370' title='bbox 266 4738 493 4808; x_wconf 69' lang='lat' dir='ltr'><strong><em>przebet,</em></strong></span> <span class='ocrx_word' id='word_1_371' title='bbox 523 4753 633 4810; x_wconf 91' lang='lat' dir='ltr'><strong><em>quo</em></strong></span> <span class='ocrx_word' id='word_1_372' title='bbox 657 4738 744 4794; x_wconf 90' lang='lat' dir='ltr'><strong><em>ille</em></strong></span> <span class='ocrx_word' id='word_1_373' title='bbox 772 4737 954 4794; x_wconf 80' lang='lat' dir='ltr'><strong><em>furens</em></strong></span> <span class='ocrx_word' id='word_1_374' title='bbox 991 4736 1194 4794; x_wconf 67' lang='lat' dir='ltr'><strong><em>caedem</em></strong></span> <span class='ocrx_word' id='word_1_375' title='bbox 1226 4737 1403 4805; x_wconf 80' lang='lat' dir='ltr'><strong><em>iaciat,</em></strong></span> <span class='ocrx_word' id='word_1_376' title='bbox 1433 4738 1478 4793; x_wconf 93' lang='lat' dir='ltr'><strong><em>is</em></strong></span> <span class='ocrx_word' id='word_1_377' title='bbox 1508 4737 1668 4794; x_wconf 83' lang='lat' dir='ltr'><strong><em>caedis</em></strong></span> <span class='ocrx_word' id='word_1_378' title='bbox 1697 4738 1855 4792; x_wconf 90' lang='lat' dir='ltr'><strong><em>susti-</em></strong></span> 
     </span>
    </p>
   </div>
   <div class='ocr_carea' id='block_1_50' title="bbox 265 4831 1855 4904">
    <p class='ocr_par' dir='ltr' id='par_1_50' title="bbox 265 4831 1855 4904">
     <span class='ocr_line' id='line_1_50' title="bbox 265 4831 1855 4904; baseline 0.001 -18"><span class='ocrx_word' id='word_1_379' title='bbox 265 4841 355 4889; x_wconf 89' lang='lat' dir='ltr'><strong><em>net</em></strong></span> <span class='ocrx_word' id='word_1_380' title='bbox 373 4833 588 4903; x_wconf 86' lang='lat' dir='ltr'><strong><em>culpam</em></strong></span> <span class='ocrx_word' id='word_1_381' title='bbox 614 4848 628 4888; x_wconf 88' lang='lat'><strong>:</strong></span> <span class='ocrx_word' id='word_1_382' title='bbox 653 4832 730 4888; x_wconf 91' lang='lat' dir='ltr'><strong><em>sic</em></strong></span> <span class='ocrx_word' id='word_1_383' title='bbox 759 4832 920 4888; x_wconf 89' lang='lat' dir='ltr'><strong><em>etiam</em></strong></span> <span class='ocrx_word' id='word_1_384' title='bbox 956 4832 1046 4903; x_wconf 92' lang='lat' dir='ltr'><strong><em>qui</em></strong></span> <span class='ocrx_word' id='word_1_385' title='bbox 1077 4831 1320 4904; x_wconf 88' lang='lat' dir='ltr'><strong><em>improbe</em></strong></span> <span class='ocrx_word' id='word_1_386' title='bbox 1345 4831 1541 4887; x_wconf 88' lang='lat' dir='ltr'><strong><em>viventi</em></strong></span> <span class='ocrx_word' id='word_1_387' title='bbox 1583 4831 1855 4902; x_wconf 85' lang='lat' dir='ltr'><strong><em>dignitatis</em></strong></span> 
     </span>
    </p>
   </div>
   <div class='ocr_carea' id='block_1_51' title="bbox 265 4925 1858 4997">
    <p class='ocr_par' dir='ltr' id='par_1_51' title="bbox 265 4925 1858 4997">
     <span class='ocr_line' id='line_1_51' title="bbox 265 4925 1858 4997; baseline 0.002 -18"><span class='ocrx_word' id='word_1_388' title='bbox 265 4925 422 4996; x_wconf 86' lang='lat' dir='ltr'><strong><em>hujus</em></strong></span> <span class='ocrx_word' id='word_1_389' title='bbox 445 4925 668 4983; x_wconf 78' lang='lat' dir='ltr'><strong><em>exhibet</em></strong></span> <span class='ocrx_word' id='word_1_390' title='bbox 693 4926 995 4982; x_wconf 75' lang='lat' dir='ltr'><strong><em>facultatem</em></strong></span> <span class='ocrx_word' id='word_1_391' title='bbox 1015 4966 1032 4995; x_wconf 94' lang='lat'><strong><em>,</em></strong></span> <span class='ocrx_word' id='word_1_392' title='bbox 1061 4935 1230 4981; x_wconf 89' lang='lat' dir='ltr'><strong><em>totum</em></strong></span> <span class='ocrx_word' id='word_1_393' title='bbox 1257 4935 1596 4997; x_wconf 87' lang='lat' dir='ltr'><strong><em>peccatorum</em></strong></span> <span class='ocrx_word' id='word_1_394' title='bbox 1625 4926 1765 4983; x_wconf 91' lang='lat' dir='ltr'><strong><em>illius</em></strong></span> <span class='ocrx_word' id='word_1_395' title='bbox 1803 4935 1858 4982; x_wconf 91' lang='lat' dir='ltr'><strong><em>ct</em></strong></span> 
     </span>
    </p>
   </div>
   <div class='ocr_carea' id='block_1_52' title="bbox 266 5017 1852 5091">
    <p class='ocr_par' dir='ltr' id='par_1_52' title="bbox 266 5017 1852 5091">
     <span class='ocr_line' id='line_1_52' title="bbox 266 5017 1852 5091; baseline 0 -19"><span class='ocrx_word' id='word_1_396' title='bbox 266 5019 559 5077; x_wconf 73' lang='lat' dir='ltr'><strong><em>(acinorum</em></strong></span> <span class='ocrx_word' id='word_1_397' title='bbox 598 5021 774 5090; x_wconf 84' lang='lat' dir='ltr'><strong><em>ignem</em></strong></span> <span class='ocrx_word' id='word_1_398' title='bbox 803 5018 969 5076; x_wconf 88' lang='lat' dir='ltr'><strong><em>trahit</em></strong></span> <span class='ocrx_word' id='word_1_399' title='bbox 1012 5033 1174 5091; x_wconf 88' lang='lat' dir='ltr'><strong><em>super</em></strong></span> <span class='ocrx_word' id='word_1_400' title='bbox 1201 5027 1363 5088; x_wconf 80' lang='lat' dir='ltr'><strong><em>caput</em></strong></span> <span class='ocrx_word' id='word_1_401' title='bbox 1391 5033 1578 5082; x_wconf 88' lang='lat' dir='ltr'><strong><em>suum;</em></strong></span> <span class='ocrx_word' id='word_1_402' title='bbox 1611 5034 1733 5072; x_wconf 90' lang='lat' dir='ltr'><strong><em>nam</em></strong></span> <span class='ocrx_word' id='word_1_403' title='bbox 1761 5017 1852 5087; x_wconf 88' lang='lat' dir='ltr'><strong><em>qui</em></strong></span> 
     </span>
    </p>
   </div>
   <div class='ocr_carea' id='block_1_53' title="bbox 265 5109 1856 5180">
    <p class='ocr_par' dir='ltr' id='par_1_53' title="bbox 265 5109 1856 5180">
     <span class='ocr_line' id='line_1_53' title="bbox 265 5109 1856 5180; baseline -0.001 -15"><span class='ocrx_word' id='word_1_404' title='bbox 265 5111 461 5167; x_wconf 82' lang='lat' dir='ltr'><strong><em>radicis</em></strong></span> <span class='ocrx_word' id='word_1_405' title='bbox 507 5118 593 5168; x_wconf 90' lang='lat' dir='ltr'><strong><em>est</em></strong></span> <span class='ocrx_word' id='word_1_406' title='bbox 629 5125 820 5180; x_wconf 88' lang='lat' dir='ltr'><strong><em>causa,</em></strong></span> <span class='ocrx_word' id='word_1_407' title='bbox 852 5112 899 5166; x_wconf 90' lang='lat' dir='ltr'><strong><em>is</em></strong></span> <span class='ocrx_word' id='word_1_408' title='bbox 927 5111 1165 5167; x_wconf 89' lang='lat' dir='ltr'><strong><em>omnium</em></strong></span> <span class='ocrx_word' id='word_1_409' title='bbox 1209 5125 1277 5165; x_wconf 80' lang='lat' dir='ltr'><strong><em>ex</em></strong></span> <span class='ocrx_word' id='word_1_410' title='bbox 1319 5109 1498 5164; x_wconf 89' lang='lat' dir='ltr'><strong><em>radice</em></strong></span> <span class='ocrx_word' id='word_1_411' title='bbox 1539 5109 1856 5180; x_wconf 83' lang='lat' dir='ltr'><strong><em>provenien-</em></strong></span> 
     </span>
    </p>
   </div>
   <div class='ocr_carea' id='block_1_54' title="bbox 267 5202 1856 5276">
    <p class='ocr_par' dir='ltr' id='par_1_54' title="bbox 267 5202 1856 5276">
     <span class='ocr_line' id='line_1_54' title="bbox 267 5202 1856 5276; baseline -0.002 -16"><span class='ocrx_word' id='word_1_412' title='bbox 267 5207 399 5260; x_wconf 90' lang='lat' dir='ltr'><strong><em>tium</em></strong></span> <span class='ocrx_word' id='word_1_413' title='bbox 424 5214 614 5261; x_wconf 86' lang='lat' dir='ltr'><strong><em>auctor</em></strong></span> <span class='ocrx_word' id='word_1_414' title='bbox 650 5213 752 5262; x_wconf 85' lang='lat' dir='ltr'><strong><em>est.</em></strong></span> <span class='ocrx_word' id='word_1_415' title='bbox 782 5204 970 5260; x_wconf 80' lang='lat' dir='ltr'><strong><em>Viden’</em></strong></span> <span class='ocrx_word' id='word_1_416' title='bbox 999 5203 1267 5276; x_wconf 90' lang='lat' dir='ltr'><strong><em>quomodo</em></strong></span> <span class='ocrx_word' id='word_1_417' title='bbox 1294 5203 1491 5275; x_wconf 80' lang='lat' dir='ltr'><strong><em>duplex</em></strong></span> <span class='ocrx_word' id='word_1_418' title='bbox 1517 5218 1712 5258; x_wconf 84' lang='lat' dir='ltr'><strong><em>corona</em></strong></span> <span class='ocrx_word' id='word_1_419' title='bbox 1741 5202 1856 5274; x_wconf 89' lang='lat' dir='ltr'><strong><em>epi-</em></strong></span> 
     </span>
    </p>
   </div>
   <div class='ocr_carea' id='block_1_55' title="bbox 266 5293 1854 5368">
    <p class='ocr_par' dir='ltr' id='par_1_55' title="bbox 266 5293 1854 5368">
     <span class='ocr_line' id='line_1_55' title="bbox 266 5293 1854 5368; baseline -0.001 -18"><span class='ocrx_word' id='word_1_420' title='bbox 266 5307 519 5366; x_wconf 87' lang='lat' dir='ltr'><strong><em>scopatus</em></strong></span> <span class='ocrx_word' id='word_1_421' title='bbox 549 5305 840 5368; x_wconf 88' lang='lat' dir='ltr'><strong><em>appareat,</em></strong></span> <span class='ocrx_word' id='word_1_422' title='bbox 867 5304 921 5351; x_wconf 92' lang='lat' dir='ltr'><strong><em>et</em></strong></span> <span class='ocrx_word' id='word_1_423' title='bbox 947 5295 1090 5367; x_wconf 90' lang='lat' dir='ltr'><strong><em>quod</em></strong></span> <span class='ocrx_word' id='word_1_424' title='bbox 1117 5293 1346 5366; x_wconf 86' lang='lat' dir='ltr'><strong><em>dignitas</em></strong></span> <span class='ocrx_word' id='word_1_425' title='bbox 1369 5310 1556 5351; x_wconf 89' lang='lat' dir='ltr'><strong><em>eorum</em></strong></span> <span class='ocrx_word' id='word_1_426' title='bbox 1579 5337 1594 5361; x_wconf 93' lang='lat'><strong><em>,</em></strong></span> <span class='ocrx_word' id='word_1_427' title='bbox 1623 5294 1711 5364; x_wconf 91' lang='lat' dir='ltr'><strong><em>qui</em></strong></span> <span class='ocrx_word' id='word_1_428' title='bbox 1739 5309 1854 5348; x_wconf 85' lang='lat' dir='ltr'><strong><em>uta-</em></strong></span> 
     </span>
    </p>
   </div>
   <div class='ocr_carea' id='block_1_56' title="bbox 266 5384 1853 5458">
    <p class='ocr_par' dir='ltr' id='par_1_56' title="bbox 266 5384 1853 5458">
     <span class='ocr_line' id='line_1_56' title="bbox 266 5384 1853 5458; baseline -0.001 -17"><span class='ocrx_word' id='word_1_429' title='bbox 266 5403 368 5443; x_wconf 92' lang='lat' dir='ltr'><strong><em>uus</em></strong></span> <span class='ocrx_word' id='word_1_430' title='bbox 398 5389 475 5443; x_wconf 87' lang='lat' dir='ltr'><strong><em>illi</em></strong></span> <span class='ocrx_word' id='word_1_431' title='bbox 520 5388 920 5458; x_wconf 89' lang='lat' dir='ltr'><strong><em>imposuerunt,</em></strong></span> <span class='ocrx_word' id='word_1_432' title='bbox 963 5387 1078 5458; x_wconf 87' lang='lat' dir='ltr'><strong><em>ejus</em></strong></span> <span class='ocrx_word' id='word_1_433' title='bbox 1121 5387 1472 5457; x_wconf 88' lang='lat' dir='ltr'><strong><em>principatum</em></strong></span> <span class='ocrx_word' id='word_1_434' title='bbox 1520 5384 1853 5456; x_wconf 80' lang='lat' dir='ltr'><strong><em>splendidi.)-</em></strong></span> 
     </span>
    </p>
   </div>
   <div class='ocr_carea' id='block_1_57' title="bbox 269 5479 1854 5546">
    <p class='ocr_par' dir='ltr' id='par_1_57' title="bbox 269 5479 1854 5546">
     <span class='ocr_line' id='line_1_57' title="bbox 269 5479 1854 5546; baseline 0.001 -14"><span class='ocrx_word' id='word_1_435' title='bbox 269 5495 380 5533; x_wconf 84' lang='lat' dir='ltr'><strong><em>rem</em></strong></span> <span class='ocrx_word' id='word_1_436' title='bbox 416 5479 603 5546; x_wconf 78' lang='lat' dir='ltr'><strong><em>faciat,</em></strong></span> <span class='ocrx_word' id='word_1_437' title='bbox 626 5488 682 5535; x_wconf 92' lang='lat' dir='ltr'><strong><em>et</em></strong></span> <span class='ocrx_word' id='word_1_438' title='bbox 717 5480 955 5536; x_wconf 89' lang='lat' dir='ltr'><strong><em>omnium</em></strong></span> <span class='ocrx_word' id='word_1_439' title='bbox 986 5479 1036 5536; x_wconf 91' lang='lat' dir='ltr'><strong><em>ei</em></strong></span> <span class='ocrx_word' id='word_1_440' title='bbox 1065 5479 1318 5535; x_wconf 89' lang='lat' dir='ltr'><strong><em>virtutum</em></strong></span> <span class='ocrx_word' id='word_1_441' title='bbox 1363 5479 1723 5535; x_wconf 89' lang='lat' dir='ltr'><strong><em>testimonium</em></strong></span> <span class='ocrx_word' id='word_1_442' title='bbox 1755 5493 1854 5534; x_wconf 80' lang='lat' dir='ltr'><strong><em>ex-</em></strong></span> 
     </span>
    </p>
   </div>
   <div class='ocr_carea' id='block_1_58' title="bbox 265 5571 484 5626">
    <p class='ocr_par' dir='ltr' id='par_1_58' title="bbox 265 5571 484 5626">
     <span class='ocr_line' id='line_1_58' title="bbox 265 5571 484 5626; baseline 0.009 -3"><span class='ocrx_word' id='word_1_443' title='bbox 265 5571 484 5626; x_wconf 79' lang='lat' dir='ltr'><strong><em>hibeat?</em></strong></span> 
     </span>
    </p>
   </div>
   <div class='ocr_carea' id='block_1_59' title="bbox 338 5661 1850 5735">
    <p class='ocr_par' dir='ltr' id='par_1_59' title="bbox 338 5661 1850 5735">
     <span class='ocr_line' id='line_1_59' title="bbox 338 5661 1850 5735; baseline -0.001 -15"><span class='ocrx_word' id='word_1_444' title='bbox 338 5665 395 5720; x_wconf 79' lang='lat'><strong><em>3.</em></strong></span> <span class='ocrx_word' id='word_1_445' title='bbox 422 5663 596 5720; x_wconf 79' lang='lat' dir='ltr'><strong><em>Vultis</em></strong></span> <span class='ocrx_word' id='word_1_446' title='bbox 637 5674 695 5721; x_wconf 89' lang='lat' dir='ltr'><strong><em>ut</em></strong></span> <span class='ocrx_word' id='word_1_447' title='bbox 733 5665 892 5720; x_wconf 88' lang='lat' dir='ltr'><strong><em>aliam</em></strong></span> <span class='ocrx_word' id='word_1_448' title='bbox 930 5665 1081 5721; x_wconf 86' lang='lat' dir='ltr'><strong><em>vobis</em></strong></span> <span class='ocrx_word' id='word_1_449' title='bbox 1119 5681 1186 5722; x_wconf 87' lang='lat' dir='ltr'><strong><em>ex</em></strong></span> <span class='ocrx_word' id='word_1_450' title='bbox 1215 5663 1318 5721; x_wconf 91' lang='lat' dir='ltr'><strong><em>hoc</em></strong></span> <span class='ocrx_word' id='word_1_451' title='bbox 1357 5664 1476 5735; x_wconf 89' lang='lat' dir='ltr'><strong><em>ipso</em></strong></span> <span class='ocrx_word' id='word_1_452' title='bbox 1506 5661 1850 5734; x_wconf 89' lang='lat' dir='ltr'><strong><em>pullulantcm</em></strong></span> 
     </span>
    </p>
   </div>
   <div class='ocr_carea' id='block_1_60' title="bbox 270 5753 1849 5831">
    <p class='ocr_par' dir='ltr' id='par_1_60' title="bbox 270 5753 1849 5831">
     <span class='ocr_line' id='line_1_60' title="bbox 270 5753 1849 5831; baseline -0.001 -19"><span class='ocrx_word' id='word_1_453' title='bbox 270 5769 526 5812; x_wconf 70' lang='lat' dir='ltr'><strong><em>Coronam</em></strong></span> <span class='ocrx_word' id='word_1_454' title='bbox 569 5755 1092 5830; x_wconf 86' lang='lat' dir='ltr'><strong><em>aperiam?Tempus</em></strong></span> <span class='ocrx_word' id='word_1_455' title='bbox 1127 5758 1450 5831; x_wconf 83' lang='lat' dir='ltr'><strong><em>cogitemus,</em></strong></span> <span class='ocrx_word' id='word_1_456' title='bbox 1477 5770 1583 5828; x_wconf 91' lang='lat' dir='ltr'><strong><em>quo</em></strong></span> <span class='ocrx_word' id='word_1_457' title='bbox 1618 5753 1849 5826; x_wconf 85' lang='lat' dir='ltr'><strong><em>dignita-</em></strong></span> 
     </span>
    </p>
   </div>
   <div class='ocr_carea' id='block_1_61' title="bbox 1483 296 2450 356">
    <p class='ocr_par' dir='ltr' id='par_1_61' title="bbox 1483 296 2450 356">
     <span class='ocr_line' id='line_1_61' title="bbox 1483 296 2450 356; baseline 0.004 -4"><span class='ocrx_word' id='word_1_458' title='bbox 1483 296 1548 352; x_wconf 87' lang='lat' dir='ltr'><strong><em>IN</em></strong></span> <span class='ocrx_word' id='word_1_459' title='bbox 1587 296 1642 354; x_wconf 91' lang='lat' dir='ltr'><strong><em>S.</em></strong></span> <span class='ocrx_word' id='word_1_460' title='bbox 1677 297 2003 356; x_wconf 77' lang='lat' dir='ltr'><strong><em>lGNATlUM</em></strong></span> <span class='ocrx_word' id='word_1_461' title='bbox 2045 298 2450 356; x_wconf 68' lang='lat' dir='ltr'><strong><em>MARTYREM.</em></strong></span> 
     </span>
    </p>
   </div>
   <div class='ocr_carea' id='block_1_62' title="bbox 3453 301 3556 360">
    <p class='ocr_par' dir='ltr' id='par_1_62' title="bbox 3453 301 3556 360">
     <span class='ocr_line' id='line_1_62' title="bbox 3453 301 3556 360; baseline -0.019 0"><span class='ocrx_word' id='word_1_462' title='bbox 3453 301 3556 360; x_wconf 76' lang='lat'><strong><em>590</em></strong></span> 
     </span>
    </p>
   </div>
   <div class='ocr_carea' id='block_1_63' title="bbox 1969 411 3557 486">
    <p class='ocr_par' dir='ltr' id='par_1_63' title="bbox 1969 411 3557 486">
     <span class='ocr_line' id='line_1_63' title="bbox 1969 411 3557 486; baseline 0.001 -18"><span class='ocrx_word' id='word_1_463' title='bbox 1969 421 2075 468; x_wconf 88' lang='lat' dir='ltr'><strong><em>tem</em></strong></span> <span class='ocrx_word' id='word_1_464' title='bbox 2128 414 2268 469; x_wconf 87' lang='lat' dir='ltr'><strong><em>hanc</em></strong></span> <span class='ocrx_word' id='word_1_465' title='bbox 2307 423 2388 469; x_wconf 90' lang='lat' dir='ltr'><strong><em>est</em></strong></span> <span class='ocrx_word' id='word_1_466' title='bbox 2437 422 2775 485; x_wconf 87' lang='lat' dir='ltr'><strong><em>assequutus.</em></strong></span> <span class='ocrx_word' id='word_1_467' title='bbox 2819 413 3001 486; x_wconf 87' lang='lat' dir='ltr'><strong><em>Neque</em></strong></span> <span class='ocrx_word' id='word_1_468' title='bbox 3038 413 3180 470; x_wconf 91' lang='lat' dir='ltr'><strong><em>enim</em></strong></span> <span class='ocrx_word' id='word_1_469' title='bbox 3229 411 3414 471; x_wconf 88' lang='lat' dir='ltr'><strong><em>eadem</em></strong></span> <span class='ocrx_word' id='word_1_470' title='bbox 3474 425 3557 472; x_wconf 82' lang='lat' dir='ltr'><strong><em>est</em></strong></span> 
     </span>
    </p>
   </div>
   <div class='ocr_carea' id='block_1_64' title="bbox 1964 503 3552 578">
    <p class='ocr_par' dir='ltr' id='par_1_64' title="bbox 1964 503 3552 578">
     <span class='ocr_line' id='line_1_64' title="bbox 1964 503 3552 578; baseline 0.002 -20"><span class='ocrx_word' id='word_1_471' title='bbox 1964 519 2106 560; x_wconf 82' lang='lat' dir='ltr'><strong><em>nunc</em></strong></span> <span class='ocrx_word' id='word_1_472' title='bbox 2127 547 2142 573; x_wconf 94' lang='lat'><strong><em>,</em></strong></span> <span class='ocrx_word' id='word_1_473' title='bbox 2175 520 2294 576; x_wconf 73' lang='lat' dir='ltr'><strong><em>qua:</em></strong></span> <span class='ocrx_word' id='word_1_474' title='bbox 2323 514 2448 560; x_wconf 91' lang='lat' dir='ltr'><strong><em>tunc</em></strong></span> <span class='ocrx_word' id='word_1_475' title='bbox 2494 513 2640 573; x_wconf 88' lang='lat' dir='ltr'><strong><em>erat,</em></strong></span> <span class='ocrx_word' id='word_1_476' title='bbox 2675 505 2967 562; x_wconf 87' lang='lat' dir='ltr'><strong><em>Ecclesiam</em></strong></span> <span class='ocrx_word' id='word_1_477' title='bbox 2997 503 3324 578; x_wconf 80' lang='lat' dir='ltr'><strong><em>gubernandi</em></strong></span> <span class='ocrx_word' id='word_1_478' title='bbox 3367 506 3552 561; x_wconf 85' lang='lat' dir='ltr'><strong><em>condi-</em></strong></span> 
     </span>
    </p>
   </div>
   <div class='ocr_carea' id='block_1_65' title="bbox 1963 597 3551 669">
    <p class='ocr_par' dir='ltr' id='par_1_65' title="bbox 1963 597 3551 669">
     <span class='ocr_line' id='line_1_65' title="bbox 1963 597 3551 669; baseline 0 -17"><span class='ocrx_word' id='word_1_479' title='bbox 1963 597 2040 652; x_wconf 86' lang='lat' dir='ltr'><strong><em>tio</em></strong></span> <span class='ocrx_word' id='word_1_480' title='bbox 2071 615 2085 652; x_wconf 91' lang='lat'>:</span> <span class='ocrx_word' id='word_1_481' title='bbox 2116 607 2171 654; x_wconf 91' lang='lat' dir='ltr'><strong><em>ut</em></strong></span> <span class='ocrx_word' id='word_1_482' title='bbox 2197 614 2303 654; x_wconf 90' lang='lat' dir='ltr'><strong><em>non</em></strong></span> <span class='ocrx_word' id='word_1_483' title='bbox 2335 599 2552 669; x_wconf 70' lang='lat' dir='ltr'><strong><em>aequalis</em></strong></span> <span class='ocrx_word' id='word_1_484' title='bbox 2592 607 2676 654; x_wconf 90' lang='lat' dir='ltr'><strong><em>est</em></strong></span> <span class='ocrx_word' id='word_1_485' title='bbox 2704 598 2855 654; x_wconf 91' lang='lat' dir='ltr'><strong><em>labor</em></strong></span> <span class='ocrx_word' id='word_1_486' title='bbox 2895 599 3036 654; x_wconf 85' lang='lat' dir='ltr'><strong><em>viam</em></strong></span> <span class='ocrx_word' id='word_1_487' title='bbox 3071 599 3249 654; x_wconf 88' lang='lat' dir='ltr'><strong><em>tritam</em></strong></span> <span class='ocrx_word' id='word_1_488' title='bbox 3290 605 3345 654; x_wconf 90' lang='lat' dir='ltr'><strong><em>et</em></strong></span> <span class='ocrx_word' id='word_1_489' title='bbox 3391 599 3551 669; x_wconf 86' lang='lat' dir='ltr'><strong><em>plane</em></strong></span> 
     </span>
    </p>
   </div>
   <div class='ocr_carea' id='block_1_66' title="bbox 1964 691 3550 762">
    <p class='ocr_par' dir='ltr' id='par_1_66' title="bbox 1964 691 3550 762">
     <span class='ocr_line' id='line_1_66' title="bbox 1964 691 3550 762; baseline 0.001 -17"><span class='ocrx_word' id='word_1_490' title='bbox 1964 699 2200 762; x_wconf 85' lang='lat' dir='ltr'><strong><em>paratam</em></strong></span> <span class='ocrx_word' id='word_1_491' title='bbox 2227 701 2347 762; x_wconf 89' lang='lat' dir='ltr'><strong><em>post</em></strong></span> <span class='ocrx_word' id='word_1_492' title='bbox 2368 692 2565 746; x_wconf 90' lang='lat' dir='ltr'><strong><em>multos</em></strong></span> <span class='ocrx_word' id='word_1_493' title='bbox 2591 691 2798 762; x_wconf 85' lang='lat' dir='ltr'><strong><em>ingredi</em></strong></span> <span class='ocrx_word' id='word_1_494' title='bbox 2821 691 3072 759; x_wconf 84' lang='lat' dir='ltr'><strong><em>viatores,</em></strong></span> <span class='ocrx_word' id='word_1_495' title='bbox 3105 699 3269 762; x_wconf 89' lang='lat' dir='ltr'><strong><em>atque</em></strong></span> <span class='ocrx_word' id='word_1_496' title='bbox 3293 706 3411 746; x_wconf 90' lang='lat' dir='ltr'><strong><em>eam</em></strong></span> <span class='ocrx_word' id='word_1_497' title='bbox 3429 707 3550 761; x_wconf 71' lang='lat' dir='ltr'><strong><em>quas</em></strong></span> 
     </span>
    </p>
   </div>
   <div class='ocr_carea' id='block_1_67' title="bbox 1964 784 3542 856">
    <p class='ocr_par' dir='ltr' id='par_1_67' title="bbox 1964 784 3542 856">
     <span class='ocr_line' id='line_1_67' title="bbox 1964 784 3542 856; baseline -0.002 -17"><span class='ocrx_word' id='word_1_498' title='bbox 1964 800 2105 840; x_wconf 93' lang='lat' dir='ltr'><strong><em>nunc</em></strong></span> <span class='ocrx_word' id='word_1_499' title='bbox 2127 785 2299 854; x_wconf 91' lang='lat' dir='ltr'><strong><em>primo</em></strong></span> <span class='ocrx_word' id='word_1_500' title='bbox 2323 784 2555 841; x_wconf 89' lang='lat' dir='ltr'><strong><em>secanda</em></strong></span> <span class='ocrx_word' id='word_1_501' title='bbox 2577 794 2678 852; x_wconf 89' lang='lat' dir='ltr'><strong><em>est,</em></strong></span> <span class='ocrx_word' id='word_1_502' title='bbox 2698 799 2922 856; x_wconf 62' lang='lat' dir='ltr'><strong><em>quaeque</em></strong></span> <span class='ocrx_word' id='word_1_503' title='bbox 2947 793 3235 854; x_wconf 74' lang='lat' dir='ltr'><strong><em>przerupta,</em></strong></span> <span class='ocrx_word' id='word_1_504' title='bbox 3255 791 3309 839; x_wconf 91' lang='lat' dir='ltr'><strong><em>et</em></strong></span> <span class='ocrx_word' id='word_1_505' title='bbox 3328 798 3542 848; x_wconf 84' lang='lat' dir='ltr'><strong><em>saxosa,</em></strong></span> 
     </span>
    </p>
   </div>
   <div class='ocr_carea' id='block_1_68' title="bbox 1962 877 3545 948">
    <p class='ocr_par' dir='ltr' id='par_1_68' title="bbox 1962 877 3545 948">
     <span class='ocr_line' id='line_1_68' title="bbox 1962 877 3545 948; baseline 0.001 -18"><span class='ocrx_word' id='word_1_506' title='bbox 1962 877 2195 948; x_wconf 80' lang='lat' dir='ltr'><strong><em>ferisque</em></strong></span> <span class='ocrx_word' id='word_1_507' title='bbox 2231 878 2406 948; x_wconf 89' lang='lat' dir='ltr'><strong><em>plena,</em></strong></span> <span class='ocrx_word' id='word_1_508' title='bbox 2438 893 2539 933; x_wconf 89' lang='lat' dir='ltr'><strong><em>nec</em></strong></span> <span class='ocrx_word' id='word_1_509' title='bbox 2583 878 2750 933; x_wconf 92' lang='lat' dir='ltr'><strong><em>ullum</em></strong></span> <span class='ocrx_word' id='word_1_510' title='bbox 2789 877 2963 934; x_wconf 85' lang='lat' dir='ltr'><strong><em>adhuc</em></strong></span> <span class='ocrx_word' id='word_1_511' title='bbox 3008 879 3264 933; x_wconf 84' lang='lat' dir='ltr'><strong><em>viatorem</em></strong></span> <span class='ocrx_word' id='word_1_512' title='bbox 3312 877 3545 934; x_wconf 91' lang='lat' dir='ltr'><strong><em>admisit.</em></strong></span> 
     </span>
    </p>
   </div>
   <div class='ocr_carea' id='block_1_69' title="bbox 1961 968 3549 1042">
    <p class='ocr_par' dir='ltr' id='par_1_69' title="bbox 1961 968 3549 1042">
     <span class='ocr_line' id='line_1_69' title="bbox 1961 968 3549 1042; baseline 0 -18"><span class='ocrx_word' id='word_1_513' title='bbox 1961 968 2073 1024; x_wconf 82' lang='lat' dir='ltr'><strong><em>Hoc</em></strong></span> <span class='ocrx_word' id='word_1_514' title='bbox 2099 969 2308 1040; x_wconf 87' lang='lat' dir='ltr'><strong><em>quidem</em></strong></span> <span class='ocrx_word' id='word_1_515' title='bbox 2335 980 2578 1041; x_wconf 90' lang='lat' dir='ltr'><strong><em>tempore</em></strong></span> <span class='ocrx_word' id='word_1_516' title='bbox 2608 985 2705 1041; x_wconf 88' lang='lat' dir='ltr'><strong><em>per</em></strong></span> <span class='ocrx_word' id='word_1_517' title='bbox 2724 969 2948 1042; x_wconf 87' lang='lat' dir='ltr'><strong><em>gratiam</em></strong></span> <span class='ocrx_word' id='word_1_518' title='bbox 2981 971 3076 1025; x_wconf 82' lang='lat' dir='ltr'><strong><em>Dei</em></strong></span> <span class='ocrx_word' id='word_1_519' title='bbox 3105 971 3308 1025; x_wconf 91' lang='lat' dir='ltr'><strong><em>nullum</em></strong></span> <span class='ocrx_word' id='word_1_520' title='bbox 3339 971 3549 1040; x_wconf 86' lang='lat' dir='ltr'><strong><em>episco-</em></strong></span> 
     </span>
    </p>
   </div>
   <div class='ocr_carea' id='block_1_70' title="bbox 1960 1061 3546 1134">
    <p class='ocr_par' dir='ltr' id='par_1_70' title="bbox 1960 1061 3546 1134">
     <span class='ocr_line' id='line_1_70' title="bbox 1960 1061 3546 1134; baseline 0 -17"><span class='ocrx_word' id='word_1_521' title='bbox 1960 1063 2042 1133; x_wconf 91' lang='lat' dir='ltr'><strong><em>pis</em></strong></span> <span class='ocrx_word' id='word_1_522' title='bbox 2077 1064 2369 1134; x_wconf 69' lang='lat' dir='ltr'><strong><em>periculum</em></strong></span> <span class='ocrx_word' id='word_1_523' title='bbox 2401 1063 2680 1129; x_wconf 90' lang='lat' dir='ltr'><strong><em>imminet,</em></strong></span> <span class='ocrx_word' id='word_1_524' title='bbox 2712 1062 2808 1119; x_wconf 90' lang='lat' dir='ltr'><strong><em>sed</em></strong></span> <span class='ocrx_word' id='word_1_525' title='bbox 2849 1075 2950 1134; x_wconf 85' lang='lat' dir='ltr'><strong><em>pax</em></strong></span> <span class='ocrx_word' id='word_1_526' title='bbox 2979 1061 3211 1133; x_wconf 85' lang='lat' dir='ltr'><strong><em>undique</em></strong></span> <span class='ocrx_word' id='word_1_527' title='bbox 3247 1061 3503 1133; x_wconf 84' lang='lat' dir='ltr'><strong><em>profunda</em></strong></span> <span class='ocrx_word' id='word_1_528' title='bbox 3527 1103 3546 1129; x_wconf 88' lang='lat'><strong><em>,</em></strong></span> 
     </span>
    </p>
   </div>
   <div class='ocr_carea' id='block_1_71' title="bbox 1959 1141 3548 1224">
    <p class='ocr_par' dir='ltr' id='par_1_71' title="bbox 1959 1141 3548 1224">
     <span class='ocr_line' id='line_1_71' title="bbox 1959 1141 3548 1224; baseline 0.001 -17"><span class='ocrx_word' id='word_1_529' title='bbox 1959 1161 2014 1208; x_wconf 91' lang='lat' dir='ltr'><strong><em>et</em></strong></span> <span class='ocrx_word' id='word_1_530' title='bbox 2045 1154 2428 1224; x_wconf 81' lang='lat' dir='ltr'><strong><em>tranquillitate</em></strong></span> <span class='ocrx_word' id='word_1_531' title='bbox 2460 1153 2637 1208; x_wconf 87' lang='lat' dir='ltr'><strong><em>cuncti</em></strong></span> <span class='ocrx_word' id='word_1_532' title='bbox 2666 1152 3008 1224; x_wconf 79' lang='lat' dir='ltr'><strong><em>perfruimur,</em></strong></span> <span class='ocrx_word' id='word_1_533' title='bbox 3041 1169 3162 1209; x_wconf 92' lang='lat' dir='ltr'><strong><em>cum</em></strong></span> <span class='ocrx_word' id='word_1_534' title='bbox 3193 1141 3403 1224; x_wconf 86' lang='lat' dir='ltr'><strong><em>pietatis</em></strong></span> <span class='ocrx_word' id='word_1_535' title='bbox 3427 1169 3548 1209; x_wconf 87' lang='lat' dir='ltr'><strong><em>ver-</em></strong></span> 
     </span>
    </p>
   </div>
   <div class='ocr_carea' id='block_1_72' title="bbox 1958 1244 3546 1316">
    <p class='ocr_par' dir='ltr' id='par_1_72' title="bbox 1958 1244 3546 1316">
     <span class='ocr_line' id='line_1_72' title="bbox 1958 1244 3546 1316; baseline 0.002 -18"><span class='ocrx_word' id='word_1_536' title='bbox 1958 1244 2084 1299; x_wconf 89' lang='lat' dir='ltr'><strong><em>bum</em></strong></span> <span class='ocrx_word' id='word_1_537' title='bbox 2113 1246 2257 1300; x_wconf 90' lang='lat' dir='ltr'><strong><em>orbis</em></strong></span> <span class='ocrx_word' id='word_1_538' title='bbox 2292 1255 2554 1301; x_wconf 89' lang='lat' dir='ltr'><strong><em>terrarum</em></strong></span> <span class='ocrx_word' id='word_1_539' title='bbox 2578 1246 2835 1301; x_wconf 91' lang='lat' dir='ltr'><strong><em>terminos</em></strong></span> <span class='ocrx_word' id='word_1_540' title='bbox 2856 1246 3152 1316; x_wconf 88' lang='lat' dir='ltr'><strong><em>occuparit,</em></strong></span> <span class='ocrx_word' id='word_1_541' title='bbox 3176 1255 3229 1300; x_wconf 90' lang='lat' dir='ltr'><strong><em>et</em></strong></span> <span class='ocrx_word' id='word_1_542' title='bbox 3253 1247 3343 1316; x_wconf 88' lang='lat' dir='ltr'><strong><em>qui</em></strong></span> <span class='ocrx_word' id='word_1_543' title='bbox 3373 1247 3546 1316; x_wconf 86' lang='lat' dir='ltr'><strong><em>impe-</em></strong></span> 
     </span>
    </p>
   </div>
   <div class='ocr_carea' id='block_1_73' title="bbox 1957 1335 3545 1407">
    <p class='ocr_par' dir='ltr' id='par_1_73' title="bbox 1957 1335 3545 1407">
     <span class='ocr_line' id='line_1_73' title="bbox 1957 1335 3545 1407; baseline 0.002 -19"><span class='ocrx_word' id='word_1_544' title='bbox 1957 1336 2096 1389; x_wconf 90' lang='lat' dir='ltr'><strong><em>rium</em></strong></span> <span class='ocrx_word' id='word_1_545' title='bbox 2128 1336 2389 1402; x_wconf 89' lang='lat' dir='ltr'><strong><em>obtinent,</em></strong></span> <span class='ocrx_word' id='word_1_546' title='bbox 2411 1336 2573 1391; x_wconf 89' lang='lat' dir='ltr'><strong><em>ﬁdem</em></strong></span> <span class='ocrx_word' id='word_1_547' title='bbox 2601 1335 2839 1392; x_wconf 90' lang='lat' dir='ltr'><strong><em>studiose</em></strong></span> <span class='ocrx_word' id='word_1_548' title='bbox 2861 1337 3041 1392; x_wconf 89' lang='lat' dir='ltr'><strong><em>colant</em></strong></span> <span class='ocrx_word' id='word_1_549' title='bbox 3061 1345 3220 1407; x_wconf 87' lang='lat' dir='ltr'><strong><em>atque</em></strong></span> <span class='ocrx_word' id='word_1_550' title='bbox 3241 1337 3545 1392; x_wconf 84' lang='lat' dir='ltr'><strong><em>observent.</em></strong></span> 
     </span>
    </p>
   </div>
   <div class='ocr_carea' id='block_1_74' title="bbox 1959 1427 3548 1498">
    <p class='ocr_par' dir='ltr' id='par_1_74' title="bbox 1959 1427 3548 1498">
     <span class='ocr_line' id='line_1_74' title="bbox 1959 1427 3548 1498; baseline 0.001 -17"><span class='ocrx_word' id='word_1_551' title='bbox 1959 1427 2108 1483; x_wconf 92' lang='lat' dir='ltr'><strong><em>Tunc</em></strong></span> <span class='ocrx_word' id='word_1_552' title='bbox 2138 1438 2315 1483; x_wconf 90' lang='lat' dir='ltr'><strong><em>autem</em></strong></span> <span class='ocrx_word' id='word_1_553' title='bbox 2346 1427 2477 1482; x_wconf 90' lang='lat' dir='ltr'><strong><em>nihil</em></strong></span> <span class='ocrx_word' id='word_1_554' title='bbox 2508 1437 2624 1483; x_wconf 88' lang='lat' dir='ltr'><strong><em>erat</em></strong></span> <span class='ocrx_word' id='word_1_555' title='bbox 2645 1428 2931 1498; x_wconf 87' lang='lat' dir='ltr'><strong><em>ejusmodi,</em></strong></span> <span class='ocrx_word' id='word_1_556' title='bbox 2952 1427 3045 1482; x_wconf 91' lang='lat' dir='ltr'><strong><em>sed</em></strong></span> <span class='ocrx_word' id='word_1_557' title='bbox 3071 1442 3407 1498; x_wconf 90' lang='lat' dir='ltr'><strong><em>quocumque</em></strong></span> <span class='ocrx_word' id='word_1_558' title='bbox 3428 1427 3548 1498; x_wconf 84' lang='lat' dir='ltr'><strong><em>quis</em></strong></span> 
     </span>
    </p>
   </div>
   <div class='ocr_carea' id='block_1_75' title="bbox 1958 1517 3541 1589">
    <p class='ocr_par' dir='ltr' id='par_1_75' title="bbox 1958 1517 3541 1589">
     <span class='ocr_line' id='line_1_75' title="bbox 1958 1517 3541 1589; baseline -0.001 -16"><span class='ocrx_word' id='word_1_559' title='bbox 1958 1519 2140 1574; x_wconf 86' lang='lat' dir='ltr'><strong><em>oculos</em></strong></span> <span class='ocrx_word' id='word_1_560' title='bbox 2169 1527 2418 1584; x_wconf 89' lang='lat' dir='ltr'><strong><em>verteret,</em></strong></span> <span class='ocrx_word' id='word_1_561' title='bbox 2451 1518 2648 1588; x_wconf 90' lang='lat' dir='ltr'><strong><em>ubique</em></strong></span> <span class='ocrx_word' id='word_1_562' title='bbox 2673 1519 2990 1589; x_wconf 64' lang='lat' dir='ltr'><strong><em>praecipitia,</em></strong></span> <span class='ocrx_word' id='word_1_563' title='bbox 3013 1517 3288 1584; x_wconf 86' lang='lat' dir='ltr'><strong><em>barathra,</em></strong></span> <span class='ocrx_word' id='word_1_564' title='bbox 3307 1527 3361 1574; x_wconf 90' lang='lat' dir='ltr'><strong><em>et</em></strong></span> <span class='ocrx_word' id='word_1_565' title='bbox 3381 1519 3541 1586; x_wconf 87' lang='lat' dir='ltr'><strong><em>bella,</em></strong></span> 
     </span>
    </p>
   </div>
   <div class='ocr_carea' id='block_1_76' title="bbox 1957 1611 3546 1682">
    <p class='ocr_par' dir='ltr' id='par_1_76' title="bbox 1957 1611 3546 1682">
     <span class='ocr_line' id='line_1_76' title="bbox 1957 1611 3546 1682; baseline 0.001 -18"><span class='ocrx_word' id='word_1_566' title='bbox 1957 1617 2011 1665; x_wconf 90' lang='lat' dir='ltr'><strong><em>et</em></strong></span> <span class='ocrx_word' id='word_1_567' title='bbox 2035 1626 2244 1680; x_wconf 65' lang='lat' dir='ltr'><strong><em>pugnte,</em></strong></span> <span class='ocrx_word' id='word_1_568' title='bbox 2269 1619 2323 1665; x_wconf 90' lang='lat' dir='ltr'><strong><em>et</em></strong></span> <span class='ocrx_word' id='word_1_569' title='bbox 2351 1611 2585 1681; x_wconf 88' lang='lat' dir='ltr'><strong><em>pericula</em></strong></span> <span class='ocrx_word' id='word_1_570' title='bbox 2618 1630 2630 1664; x_wconf 88' lang='lat'><strong>:</strong></span> <span class='ocrx_word' id='word_1_571' title='bbox 2664 1611 2934 1681; x_wconf 86' lang='lat' dir='ltr'><strong><em>principes</em></strong></span> <span class='ocrx_word' id='word_1_572' title='bbox 2959 1653 2973 1675; x_wconf 88' lang='lat'><strong><em>,</em></strong></span> <span class='ocrx_word' id='word_1_573' title='bbox 3001 1627 3154 1682; x_wconf 88' lang='lat' dir='ltr'><strong><em>reges</em></strong></span> <span class='ocrx_word' id='word_1_574' title='bbox 3175 1653 3191 1679; x_wconf 88' lang='lat'><strong><em>,</em></strong></span> <span class='ocrx_word' id='word_1_575' title='bbox 3220 1611 3436 1682; x_wconf 90' lang='lat' dir='ltr'><strong><em>populi,</em></strong></span> <span class='ocrx_word' id='word_1_576' title='bbox 3463 1611 3546 1665; x_wconf 86' lang='lat' dir='ltr'><strong><em>ci-</em></strong></span> 
     </span>
    </p>
   </div>
   <div class='ocr_carea' id='block_1_77' title="bbox 1956 1701 3549 1773">
    <p class='ocr_par' dir='ltr' id='par_1_77' title="bbox 1956 1701 3549 1773">
     <span class='ocr_line' id='line_1_77' title="bbox 1956 1701 3549 1773; baseline 0 -18"><span class='ocrx_word' id='word_1_577' title='bbox 1956 1702 2147 1757; x_wconf 82' lang='lat' dir='ltr'><strong><em>vitales</em></strong></span> <span class='ocrx_word' id='word_1_578' title='bbox 2169 1711 2222 1756; x_wconf 89' lang='lat' dir='ltr'><strong><em>et</em></strong></span> <span class='ocrx_word' id='word_1_579' title='bbox 2241 1710 2447 1773; x_wconf 88' lang='lat' dir='ltr'><strong><em>gentes,</em></strong></span> <span class='ocrx_word' id='word_1_580' title='bbox 2470 1702 2749 1757; x_wconf 88' lang='lat' dir='ltr'><strong><em>domestici</em></strong></span> <span class='ocrx_word' id='word_1_581' title='bbox 2778 1711 2832 1758; x_wconf 90' lang='lat' dir='ltr'><strong><em>et</em></strong></span> <span class='ocrx_word' id='word_1_582' title='bbox 2857 1704 3051 1769; x_wconf 90' lang='lat' dir='ltr'><strong><em>alieni,</em></strong></span> <span class='ocrx_word' id='word_1_583' title='bbox 3083 1702 3427 1758; x_wconf 87' lang='lat' dir='ltr'><strong><em>credentibus</em></strong></span> <span class='ocrx_word' id='word_1_584' title='bbox 3461 1701 3549 1755; x_wconf 89' lang='lat' dir='ltr'><strong><em>in-</em></strong></span> 
     </span>
    </p>
   </div>
   <div class='ocr_carea' id='block_1_78' title="bbox 1957 1791 3546 1862">
    <p class='ocr_par' dir='ltr' id='par_1_78' title="bbox 1957 1791 3546 1862">
     <span class='ocr_line' id='line_1_78' title="bbox 1957 1791 3546 1862; baseline -0.001 -16"><span class='ocrx_word' id='word_1_585' title='bbox 1957 1792 2117 1846; x_wconf 88' lang='lat' dir='ltr'><strong><em>sidias</em></strong></span> <span class='ocrx_word' id='word_1_586' title='bbox 2161 1792 2468 1846; x_wconf 90' lang='lat' dir='ltr'><strong><em>tendebaut.</em></strong></span> <span class='ocrx_word' id='word_1_587' title='bbox 2509 1791 2692 1862; x_wconf 85' lang='lat' dir='ltr'><strong><em>Neque</em></strong></span> <span class='ocrx_word' id='word_1_588' title='bbox 2726 1806 2856 1848; x_wconf 88' lang='lat' dir='ltr'><strong><em>vero</em></strong></span> <span class='ocrx_word' id='word_1_589' title='bbox 2903 1792 2953 1846; x_wconf 90' lang='lat' dir='ltr'><strong><em>id</em></strong></span> <span class='ocrx_word' id='word_1_590' title='bbox 2984 1793 3156 1847; x_wconf 84' lang='lat' dir='ltr'><strong><em>solum</em></strong></span> <span class='ocrx_word' id='word_1_591' title='bbox 3200 1800 3315 1847; x_wconf 89' lang='lat' dir='ltr'><strong><em>erat</em></strong></span> <span class='ocrx_word' id='word_1_592' title='bbox 3353 1807 3546 1862; x_wconf 89' lang='lat' dir='ltr'><strong><em>grave,</em></strong></span> 
     </span>
    </p>
   </div>
   <div class='ocr_carea' id='block_1_79' title="bbox 1957 1881 3550 1953">
    <p class='ocr_par' dir='ltr' id='par_1_79' title="bbox 1957 1881 3550 1953">
     <span class='ocr_line' id='line_1_79' title="bbox 1957 1881 3550 1953; baseline 0.001 -17"><span class='ocrx_word' id='word_1_593' title='bbox 1957 1881 2050 1936; x_wconf 93' lang='lat' dir='ltr'><strong><em>sed</em></strong></span> <span class='ocrx_word' id='word_1_594' title='bbox 2095 1882 2253 1936; x_wconf 89' lang='lat' dir='ltr'><strong><em>etiam</em></strong></span> <span class='ocrx_word' id='word_1_595' title='bbox 2300 1882 2439 1952; x_wconf 87' lang='lat' dir='ltr'><strong><em>quod</em></strong></span> <span class='ocrx_word' id='word_1_596' title='bbox 2483 1883 2815 1938; x_wconf 88' lang='lat' dir='ltr'><strong><em>credentium</em></strong></span> <span class='ocrx_word' id='word_1_597' title='bbox 2867 1883 3145 1953; x_wconf 83' lang='lat' dir='ltr'><strong><em>plerique,</em></strong></span> <span class='ocrx_word' id='word_1_598' title='bbox 3201 1891 3384 1953; x_wconf 88' lang='lat' dir='ltr'><strong><em>utpote</em></strong></span> <span class='ocrx_word' id='word_1_599' title='bbox 3425 1893 3550 1938; x_wconf 90' lang='lat' dir='ltr'><strong><em>tunc</em></strong></span> 
     </span>
    </p>
   </div>
   <div class='ocr_carea' id='block_1_80' title="bbox 1956 1975 3551 2046">
    <p class='ocr_par' dir='ltr' id='par_1_80' title="bbox 1956 1975 3551 2046">
     <span class='ocr_line' id='line_1_80' title="bbox 1956 1975 3551 2046; baseline 0.001 -18"><span class='ocrx_word' id='word_1_600' title='bbox 1956 1975 2186 2045; x_wconf 89' lang='lat' dir='ltr'><strong><em>primum</em></strong></span> <span class='ocrx_word' id='word_1_601' title='bbox 2218 1990 2351 2029; x_wconf 79' lang='lat' dir='ltr'><strong><em>nova</em></strong></span> <span class='ocrx_word' id='word_1_602' title='bbox 2390 1975 2637 2046; x_wconf 86' lang='lat' dir='ltr'><strong><em>dogmata</em></strong></span> <span class='ocrx_word' id='word_1_603' title='bbox 2689 1975 3067 2046; x_wconf 88' lang='lat' dir='ltr'><strong><em>degttstantes,</em></strong></span> <span class='ocrx_word' id='word_1_604' title='bbox 3102 1990 3295 2046; x_wconf 90' lang='lat' dir='ltr'><strong><em>magna</em></strong></span> <span class='ocrx_word' id='word_1_605' title='bbox 3321 1975 3551 2046; x_wconf 87' lang='lat' dir='ltr'><strong><em>egebant</em></strong></span> 
     </span>
    </p>
   </div>
   <div class='ocr_carea' id='block_1_81' title="bbox 1957 2066 3551 2139">
    <p class='ocr_par' dir='ltr' id='par_1_81' title="bbox 1957 2066 3551 2139">
     <span class='ocr_line' id='line_1_81' title="bbox 1957 2066 3551 2139; baseline 0.001 -19"><span class='ocrx_word' id='word_1_606' title='bbox 1957 2066 2312 2137; x_wconf 88' lang='lat' dir='ltr'><strong><em>indulgentia,</em></strong></span> <span class='ocrx_word' id='word_1_607' title='bbox 2335 2075 2390 2122; x_wconf 90' lang='lat' dir='ltr'><strong><em>et</em></strong></span> <span class='ocrx_word' id='word_1_608' title='bbox 2416 2078 2568 2122; x_wconf 84' lang='lat' dir='ltr'><strong><em>erant</em></strong></span> <span class='ocrx_word' id='word_1_609' title='bbox 2590 2068 2987 2135; x_wconf 85' lang='lat' dir='ltr'><strong><em>imbecilliores,</em></strong></span> <span class='ocrx_word' id='word_1_610' title='bbox 3013 2077 3224 2139; x_wconf 70' lang='lat' dir='ltr'><strong><em>etsrepe</em></strong></span> <span class='ocrx_word' id='word_1_611' title='bbox 3251 2068 3551 2138; x_wconf 86' lang='lat' dir='ltr'><strong><em>supplanta-</em></strong></span> 
     </span>
    </p>
   </div>
   <div class='ocr_carea' id='block_1_82' title="bbox 1956 2158 3547 2230">
    <p class='ocr_par' dir='ltr' id='par_1_82' title="bbox 1956 2158 3547 2230">
     <span class='ocr_line' id='line_1_82' title="bbox 1956 2158 3547 2230; baseline -0.001 -15"><span class='ocrx_word' id='word_1_612' title='bbox 1956 2159 2151 2215; x_wconf 89' lang='lat' dir='ltr'><strong><em>bantur</em></strong></span> <span class='ocrx_word' id='word_1_613' title='bbox 2180 2177 2193 2213; x_wconf 93' lang='lat'>:</span> <span class='ocrx_word' id='word_1_614' title='bbox 2217 2159 2356 2228; x_wconf 91' lang='lat' dir='ltr'><strong><em>quod</em></strong></span> <span class='ocrx_word' id='word_1_615' title='bbox 2381 2158 2595 2229; x_wconf 87' lang='lat' dir='ltr'><strong><em>quidem</em></strong></span> <span class='ocrx_word' id='word_1_616' title='bbox 2625 2174 2729 2214; x_wconf 90' lang='lat' dir='ltr'><strong><em>non</em></strong></span> <span class='ocrx_word' id='word_1_617' title='bbox 2757 2160 2935 2215; x_wconf 89' lang='lat' dir='ltr'><strong><em>minus</em></strong></span> <span class='ocrx_word' id='word_1_618' title='bbox 2961 2158 3230 2230; x_wconf 85' lang='lat' dir='ltr'><strong><em>alliigebat</em></strong></span> <span class='ocrx_word' id='word_1_619' title='bbox 3258 2159 3506 2215; x_wconf 89' lang='lat' dir='ltr'><strong><em>doctores</em></strong></span> <span class='ocrx_word' id='word_1_620' title='bbox 3529 2201 3547 2226; x_wconf 94' lang='lat'><strong><em>,</em></strong></span> 
     </span>
    </p>
   </div>
   <div class='ocr_carea' id='block_1_83' title="bbox 1956 2249 3551 2322">
    <p class='ocr_par' dir='ltr' id='par_1_83' title="bbox 1956 2249 3551 2322">
     <span class='ocr_line' id='line_1_83' title="bbox 1956 2249 3551 2322; baseline 0.002 -20"><span class='ocrx_word' id='word_1_621' title='bbox 1956 2265 2114 2319; x_wconf 88' lang='lat' dir='ltr'><strong><em>quam</em></strong></span> <span class='ocrx_word' id='word_1_622' title='bbox 2159 2263 2379 2304; x_wconf 79' lang='lat' dir='ltr'><strong><em>externa</em></strong></span> <span class='ocrx_word' id='word_1_623' title='bbox 2431 2250 2567 2304; x_wconf 89' lang='lat' dir='ltr'><strong><em>bella</em></strong></span> <span class='ocrx_word' id='word_1_624' title='bbox 2589 2291 2604 2316; x_wconf 93' lang='lat'><strong><em>,</em></strong></span> <span class='ocrx_word' id='word_1_625' title='bbox 2633 2249 2757 2321; x_wconf 91' lang='lat' dir='ltr'><strong><em>quin</em></strong></span> <span class='ocrx_word' id='word_1_626' title='bbox 2795 2251 2956 2306; x_wconf 90' lang='lat' dir='ltr'><strong><em>etiam</em></strong></span> <span class='ocrx_word' id='word_1_627' title='bbox 3005 2251 3174 2305; x_wconf 91' lang='lat' dir='ltr'><strong><em>multo</em></strong></span> <span class='ocrx_word' id='word_1_628' title='bbox 3203 2251 3373 2322; x_wconf 89' lang='lat' dir='ltr'><strong><em>magis</em></strong></span> <span class='ocrx_word' id='word_1_629' title='bbox 3407 2269 3420 2305; x_wconf 92' lang='lat'><strong>:</strong></span> <span class='ocrx_word' id='word_1_630' title='bbox 3452 2266 3551 2306; x_wconf 80' lang='lat' dir='ltr'><strong><em>ex-</em></strong></span> 
     </span>
    </p>
   </div>
   <div class='ocr_carea' id='block_1_84' title="bbox 1957 2343 3550 2414">
    <p class='ocr_par' dir='ltr' id='par_1_84' title="bbox 1957 2343 3550 2414">
     <span class='ocr_line' id='line_1_84' title="bbox 1957 2343 3550 2414; baseline 0.003 -18"><span class='ocrx_word' id='word_1_631' title='bbox 1957 2351 2126 2398; x_wconf 69' lang='lat' dir='ltr'><strong><em>terna:</em></strong></span> <span class='ocrx_word' id='word_1_632' title='bbox 2171 2344 2316 2397; x_wconf 89' lang='lat' dir='ltr'><strong><em>enim</em></strong></span> <span class='ocrx_word' id='word_1_633' title='bbox 2365 2357 2554 2412; x_wconf 65' lang='lat' dir='ltr'><strong><em>pugna:</em></strong></span> <span class='ocrx_word' id='word_1_634' title='bbox 2597 2351 2760 2413; x_wconf 89' lang='lat' dir='ltr'><strong><em>atque</em></strong></span> <span class='ocrx_word' id='word_1_635' title='bbox 2803 2343 3009 2398; x_wconf 87' lang='lat' dir='ltr'><strong><em>insidiae</em></strong></span> <span class='ocrx_word' id='word_1_636' title='bbox 3038 2353 3262 2414; x_wconf 87' lang='lat' dir='ltr'><strong><em>propter</em></strong></span> <span class='ocrx_word' id='word_1_637' title='bbox 3297 2344 3550 2414; x_wconf 87' lang='lat' dir='ltr'><strong><em>repositae</em></strong></span> 
     </span>
    </p>
   </div>
   <div class='ocr_carea' id='block_1_85' title="bbox 1956 2434 3549 2506">
    <p class='ocr_par' dir='ltr' id='par_1_85' title="bbox 1956 2434 3549 2506">
     <span class='ocr_line' id='line_1_85' title="bbox 1956 2434 3549 2506; baseline 0 -16"><span class='ocrx_word' id='word_1_638' title='bbox 1956 2434 2219 2490; x_wconf 89' lang='lat' dir='ltr'><strong><em>mercedis</em></strong></span> <span class='ocrx_word' id='word_1_639' title='bbox 2257 2449 2406 2506; x_wconf 86' lang='lat' dir='ltr'><strong><em>spem</em></strong></span> <span class='ocrx_word' id='word_1_640' title='bbox 2455 2435 2780 2506; x_wconf 85' lang='lat' dir='ltr'><strong><em>voluptatem</em></strong></span> <span class='ocrx_word' id='word_1_641' title='bbox 2823 2436 3047 2490; x_wconf 88' lang='lat' dir='ltr'><strong><em>multam</em></strong></span> <span class='ocrx_word' id='word_1_642' title='bbox 3090 2434 3402 2491; x_wconf 72' lang='lat' dir='ltr'><strong><em>efferebant.</em></strong></span> <span class='ocrx_word' id='word_1_643' title='bbox 3457 2435 3549 2490; x_wconf 86' lang='lat' dir='ltr'><strong><em>Id-</em></strong></span> 
     </span>
    </p>
   </div>
   <div class='ocr_carea' id='block_1_86' title="bbox 1957 2528 3548 2599">
    <p class='ocr_par' dir='ltr' id='par_1_86' title="bbox 1957 2528 3548 2599">
     <span class='ocr_line' id='line_1_86' title="bbox 1957 2528 3548 2599; baseline 0.002 -17"><span class='ocrx_word' id='word_1_644' title='bbox 1957 2529 2102 2583; x_wconf 91' lang='lat' dir='ltr'><strong><em>circo</em></strong></span> <span class='ocrx_word' id='word_1_645' title='bbox 2128 2536 2181 2583; x_wconf 92' lang='lat' dir='ltr'><strong><em>et</em></strong></span> <span class='ocrx_word' id='word_1_646' title='bbox 2205 2528 2430 2598; x_wconf 88' lang='lat' dir='ltr'><strong><em>apostoli</em></strong></span> <span class='ocrx_word' id='word_1_647' title='bbox 2453 2529 2745 2599; x_wconf 85' lang='lat' dir='ltr'><strong><em>gaudentes</em></strong></span> <span class='ocrx_word' id='word_1_648' title='bbox 2767 2541 2797 2582; x_wconf 92' lang='lat' dir='ltr'><strong><em>a</em></strong></span> <span class='ocrx_word' id='word_1_649' title='bbox 2821 2538 3111 2598; x_wconf 88' lang='lat' dir='ltr'><strong><em>conspectu</em></strong></span> <span class='ocrx_word' id='word_1_650' title='bbox 3133 2530 3344 2584; x_wconf 90' lang='lat' dir='ltr'><strong><em>concilii</em></strong></span> <span class='ocrx_word' id='word_1_651' title='bbox 3369 2529 3548 2585; x_wconf 89' lang='lat' dir='ltr'><strong><em>disce-</em></strong></span> 
     </span>
    </p>
   </div>
   <div class='ocr_carea' id='block_1_87' title="bbox 1957 2617 3554 2692">
    <p class='ocr_par' dir='ltr' id='par_1_87' title="bbox 1957 2617 3554 2692">
     <span class='ocr_line' id='line_1_87' title="bbox 1957 2617 3554 2692; baseline 0.002 -19"><span class='ocrx_word' id='word_1_652' title='bbox 1957 2617 2185 2688; x_wconf 90' lang='lat' dir='ltr'><strong><em>debant,</em></strong></span> <span class='ocrx_word' id='word_1_653' title='bbox 2210 2619 2348 2690; x_wconf 89' lang='lat' dir='ltr'><strong><em>quod</em></strong></span> <span class='ocrx_word' id='word_1_654' title='bbox 2378 2621 2599 2675; x_wconf 86' lang='lat' dir='ltr'><strong><em>verbera</em></strong></span> <span class='ocrx_word' id='word_1_655' title='bbox 2629 2622 2974 2690; x_wconf 86' lang='lat' dir='ltr'><strong><em>pertulissent</em></strong></span> <span class='ocrx_word' id='word_1_656' title='bbox 3025 2620 3158 2692; x_wconf 82' lang='lat' dir='ltr'><strong><em>(Act.</em></strong></span> <span class='ocrx_word' id='word_1_657' title='bbox 3195 2621 3248 2676; x_wconf 85' lang='lat'><strong><em>5.</em></strong></span> <span class='ocrx_word' id='word_1_658' title='bbox 3274 2620 3387 2691; x_wconf 70' lang='lat'><strong><em>41);</em></strong></span> <span class='ocrx_word' id='word_1_659' title='bbox 3416 2620 3554 2676; x_wconf 77' lang='lat' dir='ltr'><strong><em>Pau-</em></strong></span> 
     </span>
    </p>
   </div>
   <div class='ocr_carea' id='block_1_88' title="bbox 1959 2709 3552 2782">
    <p class='ocr_par' dir='ltr' id='par_1_88' title="bbox 1959 2709 3552 2782">
     <span class='ocr_line' id='line_1_88' title="bbox 1959 2709 3552 2782; baseline 0.003 -19"><span class='ocrx_word' id='word_1_660' title='bbox 1959 2709 2042 2765; x_wconf 93' lang='lat' dir='ltr'><strong><em>lus</em></strong></span> <span class='ocrx_word' id='word_1_661' title='bbox 2080 2711 2238 2766; x_wconf 90' lang='lat' dir='ltr'><strong><em>etiam</em></strong></span> <span class='ocrx_word' id='word_1_662' title='bbox 2284 2712 2509 2778; x_wconf 89' lang='lat' dir='ltr'><strong><em>clamat,</em></strong></span> <span class='ocrx_word' id='word_1_663' title='bbox 2539 2711 2782 2778; x_wconf 81' lang='lat' dir='ltr'><strong><em>Gaudeo,</em></strong></span> <span class='ocrx_word' id='word_1_664' title='bbox 2818 2712 3097 2782; x_wconf 89' lang='lat' dir='ltr'><strong><em>inquiens,</em></strong></span> <span class='ocrx_word' id='word_1_665' title='bbox 3129 2713 3187 2766; x_wconf 89' lang='lat' dir='ltr'><strong><em>in</em></strong></span> <span class='ocrx_word' id='word_1_666' title='bbox 3232 2713 3552 2782; x_wconf 86' lang='lat' dir='ltr'><strong><em>passionibus</em></strong></span> 
     </span>
    </p>
   </div>
   <div class='ocr_carea' id='block_1_89' title="bbox 1957 2801 3545 2875">
    <p class='ocr_par' dir='ltr' id='par_1_89' title="bbox 1957 2801 3545 2875">
     <span class='ocr_line' id='line_1_89' title="bbox 1957 2801 3545 2875; baseline 0.001 -19"><span class='ocrx_word' id='word_1_667' title='bbox 1957 2803 2080 2858; x_wconf 89' lang='lat' dir='ltr'><strong><em>meis</em></strong></span> <span class='ocrx_word' id='word_1_668' title='bbox 2105 2801 2239 2873; x_wconf 88' lang='lat' dir='ltr'><strong><em>(Col.</em></strong></span> <span class='ocrx_word' id='word_1_669' title='bbox 2271 2804 2322 2858; x_wconf 78' lang='grc'><strong><em>1.</em></strong></span> <span class='ocrx_word' id='word_1_670' title='bbox 2343 2801 2457 2875; x_wconf 71' lang='grc'><strong><em>24),</em></strong></span> <span class='ocrx_word' id='word_1_671' title='bbox 2489 2811 2544 2858; x_wconf 89' lang='lat' dir='ltr'><strong><em>et</em></strong></span> <span class='ocrx_word' id='word_1_672' title='bbox 2571 2802 2763 2874; x_wconf 90' lang='lat' dir='ltr'><strong><em>ubique</em></strong></span> <span class='ocrx_word' id='word_1_673' title='bbox 2809 2803 2862 2857; x_wconf 93' lang='lat' dir='ltr'><strong><em>in</em></strong></span> <span class='ocrx_word' id='word_1_674' title='bbox 2891 2803 3319 2858; x_wconf 88' lang='lat' dir='ltr'><strong><em>tribulationibus</em></strong></span> <span class='ocrx_word' id='word_1_675' title='bbox 3347 2803 3545 2874; x_wconf 80' lang='lat' dir='ltr'><strong><em>gloria-</em></strong></span> 
     </span>
    </p>
   </div>
   <div class='ocr_carea' id='block_1_90' title="bbox 1960 2893 3544 2965">
    <p class='ocr_par' dir='ltr' id='par_1_90' title="bbox 1960 2893 3544 2965">
     <span class='ocr_line' id='line_1_90' title="bbox 1960 2893 3544 2965; baseline 0.001 -17"><span class='ocrx_word' id='word_1_676' title='bbox 1960 2901 2064 2948; x_wconf 89' lang='lat' dir='ltr'><strong><em>tur.</em></strong></span> <span class='ocrx_word' id='word_1_677' title='bbox 2095 2893 2518 2950; x_wconf 89' lang='lat' dir='ltr'><strong><em>Domesticorum</em></strong></span> <span class='ocrx_word' id='word_1_678' title='bbox 2549 2904 2726 2949; x_wconf 90' lang='lat' dir='ltr'><strong><em>autem</em></strong></span> <span class='ocrx_word' id='word_1_679' title='bbox 2749 2894 2992 2960; x_wconf 89' lang='lat' dir='ltr'><strong><em>vulnera,</em></strong></span> <span class='ocrx_word' id='word_1_680' title='bbox 3018 2901 3073 2950; x_wconf 90' lang='lat' dir='ltr'><strong><em>et</em></strong></span> <span class='ocrx_word' id='word_1_681' title='bbox 3091 2893 3316 2949; x_wconf 80' lang='lat' dir='ltr'><strong><em>fratrum</em></strong></span> <span class='ocrx_word' id='word_1_682' title='bbox 3340 2895 3544 2965; x_wconf 86' lang='lat' dir='ltr'><strong><em>lapsus,</em></strong></span> 
     </span>
    </p>
   </div>
   <div class='ocr_carea' id='block_1_91' title="bbox 1958 2986 3550 3059">
    <p class='ocr_par' dir='ltr' id='par_1_91' title="bbox 1958 2986 3550 3059">
     <span class='ocr_line' id='line_1_91' title="bbox 1958 2986 3550 3059; baseline -0.001 -18"><span class='ocrx_word' id='word_1_683' title='bbox 1958 3002 2058 3041; x_wconf 88' lang='lat' dir='ltr'><strong><em>nec</em></strong></span> <span class='ocrx_word' id='word_1_684' title='bbox 2087 2987 2355 3059; x_wconf 90' lang='lat' dir='ltr'><strong><em>respirare</em></strong></span> <span class='ocrx_word' id='word_1_685' title='bbox 2381 2987 2594 3058; x_wconf 88' lang='lat' dir='ltr'><strong><em>quidem</em></strong></span> <span class='ocrx_word' id='word_1_686' title='bbox 2627 2987 2742 3042; x_wconf 91' lang='lat' dir='ltr'><strong><em>illos</em></strong></span> <span class='ocrx_word' id='word_1_687' title='bbox 2774 2986 3188 3058; x_wconf 89' lang='lat' dir='ltr'><strong><em>permittebant,</em></strong></span> <span class='ocrx_word' id='word_1_688' title='bbox 3217 2986 3311 3041; x_wconf 90' lang='lat' dir='ltr'><strong><em>sed</em></strong></span> <span class='ocrx_word' id='word_1_689' title='bbox 3336 2999 3550 3055; x_wconf 88' lang='lat' dir='ltr'><strong><em>semper</em></strong></span> 
     </span>
    </p>
   </div>
   <div class='ocr_carea' id='block_1_92' title="bbox 1957 3078 3549 3150">
    <p class='ocr_par' dir='ltr' id='par_1_92' title="bbox 1957 3078 3549 3150">
     <span class='ocr_line' id='line_1_92' title="bbox 1957 3078 3549 3150; baseline 0 -18"><span class='ocrx_word' id='word_1_690' title='bbox 1957 3079 2118 3134; x_wconf 87' lang='lat' dir='ltr'><strong><em>veluti</em></strong></span> <span class='ocrx_word' id='word_1_691' title='bbox 2135 3094 2297 3150; x_wconf 84' lang='lat' dir='ltr'><strong><em>grave</em></strong></span> <span class='ocrx_word' id='word_1_692' title='bbox 2321 3079 2584 3150; x_wconf 82' lang='lat' dir='ltr'><strong><em>quoddam</em></strong></span> <span class='ocrx_word' id='word_1_693' title='bbox 2607 3078 2790 3150; x_wconf 88' lang='lat' dir='ltr'><strong><em>jngum</em></strong></span> <span class='ocrx_word' id='word_1_694' title='bbox 2823 3079 3058 3133; x_wconf 90' lang='lat' dir='ltr'><strong><em>cervices</em></strong></span> <span class='ocrx_word' id='word_1_695' title='bbox 3079 3078 3375 3133; x_wconf 88' lang='lat' dir='ltr'><strong><em>animorutn</em></strong></span> <span class='ocrx_word' id='word_1_696' title='bbox 3398 3080 3549 3148; x_wconf 75' lang='lat' dir='ltr'><strong><em>ipso-</em></strong></span> 
     </span>
    </p>
   </div>
   <div class='ocr_carea' id='block_1_93' title="bbox 1958 3167 3550 3240">
    <p class='ocr_par' dir='ltr' id='par_1_93' title="bbox 1958 3167 3550 3240">
     <span class='ocr_line' id='line_1_93' title="bbox 1958 3167 3550 3240; baseline -0.001 -16"><span class='ocrx_word' id='word_1_697' title='bbox 1958 3169 2074 3224; x_wconf 88' lang='lat' dir='ltr'><strong><em>ru&#39;m</em></strong></span> <span class='ocrx_word' id='word_1_698' title='bbox 2119 3169 2333 3224; x_wconf 90' lang='lat' dir='ltr'><strong><em>assidue</em></strong></span> <span class='ocrx_word' id='word_1_699' title='bbox 2377 3169 2692 3240; x_wconf 88' lang='lat' dir='ltr'><strong><em>premebant</em></strong></span> <span class='ocrx_word' id='word_1_700' title='bbox 2740 3177 2794 3224; x_wconf 88' lang='lat' dir='ltr'><strong><em>et</em></strong></span> <span class='ocrx_word' id='word_1_701' title='bbox 2829 3167 3160 3240; x_wconf 79' lang='lat' dir='ltr'><strong><em>afﬂigebant.</em></strong></span> <span class='ocrx_word' id='word_1_702' title='bbox 3203 3168 3341 3224; x_wconf 81' lang='lat' dir='ltr'><strong><em>Audi</em></strong></span> <span class='ocrx_word' id='word_1_703' title='bbox 3391 3169 3550 3240; x_wconf 83' lang='lat' dir='ltr'><strong><em>igitur</em></strong></span> 
     </span>
    </p>
   </div>
   <div class='ocr_carea' id='block_1_94' title="bbox 1958 3254 3554 3331">
    <p class='ocr_par' dir='ltr' id='par_1_94' title="bbox 1958 3254 3554 3331">
     <span class='ocr_line' id='line_1_94' title="bbox 1958 3254 3554 3331; baseline 0 -17"><span class='ocrx_word' id='word_1_704' title='bbox 1958 3260 2224 3331; x_wconf 88' lang='lat' dir='ltr'><strong><em>quomodo</em></strong></span> <span class='ocrx_word' id='word_1_705' title='bbox 2253 3262 2446 3316; x_wconf 82' lang='lat' dir='ltr'><strong><em>Paulus</em></strong></span> <span class='ocrx_word' id='word_1_706' title='bbox 2471 3303 2484 3325; x_wconf 93' lang='lat'><strong><em>,</em></strong></span> <span class='ocrx_word' id='word_1_707' title='bbox 2519 3260 2588 3314; x_wconf 90' lang='lat' dir='ltr'><strong><em>ita</em></strong></span> <span class='ocrx_word' id='word_1_708' title='bbox 2610 3260 2849 3331; x_wconf 86' lang='lat' dir='ltr'><strong><em>gaudens</em></strong></span> <span class='ocrx_word' id='word_1_709' title='bbox 2883 3261 2935 3314; x_wconf 93' lang='lat' dir='ltr'><strong><em>in</em></strong></span> <span class='ocrx_word' id='word_1_710' title='bbox 2964 3259 3323 3330; x_wconf 89' lang='lat' dir='ltr'><strong><em>passionibus,</em></strong></span> <span class='ocrx_word' id='word_1_711' title='bbox 3354 3259 3423 3316; x_wconf 90' lang='lat' dir='ltr'><strong><em>de</em></strong></span> <span class='ocrx_word' id='word_1_712' title='bbox 3443 3254 3554 3315; x_wconf 78' lang='lat' dir='ltr'><strong><em>illis</em></strong></span> 
     </span>
    </p>
   </div>
   <div class='ocr_carea' id='block_1_95' title="bbox 1958 3348 3548 3422">
    <p class='ocr_par' dir='ltr' id='par_1_95' title="bbox 1958 3348 3548 3422">
     <span class='ocr_line' id='line_1_95' title="bbox 1958 3348 3548 3422; baseline 0 -18"><span class='ocrx_word' id='word_1_713' title='bbox 1958 3352 2150 3406; x_wconf 87' lang='lat' dir='ltr'><strong><em>acerbe</em></strong></span> <span class='ocrx_word' id='word_1_714' title='bbox 2171 3350 2347 3406; x_wconf 88' lang='lat' dir='ltr'><strong><em>doleat</em></strong></span> <span class='ocrx_word' id='word_1_715' title='bbox 2377 3369 2390 3406; x_wconf 88' lang='lat'><strong>:</strong></span> <span class='ocrx_word' id='word_1_716' title='bbox 2425 3351 2585 3418; x_wconf 84' lang='lat' dir='ltr'><strong><em>Quis,</em></strong></span> <span class='ocrx_word' id='word_1_717' title='bbox 2608 3350 2779 3421; x_wconf 89' lang='lat' dir='ltr'><strong><em>inquit</em></strong></span> <span class='ocrx_word' id='word_1_718' title='bbox 2801 3393 2816 3418; x_wconf 93' lang='lat'><strong><em>,</em></strong></span> <span class='ocrx_word' id='word_1_719' title='bbox 2848 3348 3162 3421; x_wconf 78' lang='lat' dir='ltr'><strong><em>infirmatur,</em></strong></span> <span class='ocrx_word' id='word_1_720' title='bbox 3217 3359 3264 3405; x_wconf 91' lang='lat' dir='ltr'><strong><em>et</em></strong></span> <span class='ocrx_word' id='word_1_721' title='bbox 3311 3367 3403 3422; x_wconf 90' lang='lat' dir='ltr'><strong><em>ego</em></strong></span> <span class='ocrx_word' id='word_1_722' title='bbox 3444 3366 3548 3404; x_wconf 90' lang='lat' dir='ltr'><strong><em>non</em></strong></span> 
     </span>
    </p>
   </div>
   <div class='ocr_carea' id='block_1_96' title="bbox 1958 3441 3548 3514">
    <p class='ocr_par' dir='ltr' id='par_1_96' title="bbox 1958 3441 3548 3514">
     <span class='ocr_line' id='line_1_96' title="bbox 1958 3441 3548 3514; baseline 0.001 -18"><span class='ocrx_word' id='word_1_723' title='bbox 1958 3442 2237 3512; x_wconf 79' lang='lat' dir='ltr'><strong><em>in/irmor.’</em></strong></span> <span class='ocrx_word' id='word_1_724' title='bbox 2260 3445 2372 3514; x_wconf 86' lang='lat' dir='ltr'><strong><em>quis</em></strong></span> <span class='ocrx_word' id='word_1_725' title='bbox 2396 3443 2798 3510; x_wconf 78' lang='lat' dir='ltr'><strong><em>scandalizatur,</em></strong></span> <span class='ocrx_word' id='word_1_726' title='bbox 2829 3452 2876 3497; x_wconf 89' lang='lat' dir='ltr'><strong><em>et</em></strong></span> <span class='ocrx_word' id='word_1_727' title='bbox 2901 3459 2994 3514; x_wconf 87' lang='lat' dir='ltr'><strong><em>ego</em></strong></span> <span class='ocrx_word' id='word_1_728' title='bbox 3021 3460 3120 3497; x_wconf 90' lang='lat' dir='ltr'><strong><em>non</em></strong></span> <span class='ocrx_word' id='word_1_729' title='bbox 3150 3458 3272 3496; x_wconf 90' lang='lat' dir='ltr'><strong><em>uror</em></strong></span> <span class='ocrx_word' id='word_1_730' title='bbox 3318 3441 3394 3514; x_wconf 74' lang='lat'><strong><em>(‘2.</em></strong></span> <span class='ocrx_word' id='word_1_731' title='bbox 3424 3441 3548 3498; x_wconf 88' lang='lat' dir='ltr'><strong><em>Cor.</em></strong></span> 
     </span>
    </p>
   </div>
   <div class='ocr_carea' id='block_1_97' title="bbox 1960 3531 3551 3607">
    <p class='ocr_par' dir='ltr' id='par_1_97' title="bbox 1960 3531 3551 3607">
     <span class='ocr_line' id='line_1_97' title="bbox 1960 3531 3551 3607; baseline -0.001 -18"><span class='ocrx_word' id='word_1_732' title='bbox 1960 3535 2049 3589; x_wconf 78' lang='grc' dir='ltr'><strong>Η.</strong></span> <span class='ocrx_word' id='word_1_733' title='bbox 2086 3533 2218 3607; x_wconf 75' lang='lat'><strong><em>29)?</em></strong></span> <span class='ocrx_word' id='word_1_734' title='bbox 2251 3535 2318 3589; x_wconf 88' lang='lat' dir='ltr'><strong><em>Et</em></strong></span> <span class='ocrx_word' id='word_1_735' title='bbox 2361 3549 2571 3589; x_wconf 91' lang='lat' dir='ltr'><strong><em>rursum</em></strong></span> <span class='ocrx_word' id='word_1_736' title='bbox 2599 3576 2614 3599; x_wconf 94' lang='lat'><strong><em>,</em></strong></span> <span class='ocrx_word' id='word_1_737' title='bbox 2650 3531 2822 3588; x_wconf 87' lang='lat' dir='ltr'><strong><em>Timeo</em></strong></span> <span class='ocrx_word' id='word_1_738' title='bbox 2862 3550 2927 3588; x_wconf 89' lang='lat' dir='ltr'><strong><em>ne</em></strong></span> <span class='ocrx_word' id='word_1_739' title='bbox 2954 3535 3184 3601; x_wconf 87' lang='lat' dir='ltr'><strong><em>veniens,</em></strong></span> <span class='ocrx_word' id='word_1_740' title='bbox 3225 3549 3328 3588; x_wconf 90' lang='lat' dir='ltr'><strong><em>non</em></strong></span> <span class='ocrx_word' id='word_1_741' title='bbox 3375 3533 3551 3603; x_wconf 78' lang='lat' dir='ltr'><strong><em>quales</em></strong></span> 
     </span>
    </p>
   </div>
   <div class='ocr_carea' id='block_1_98' title="bbox 1957 3609 3543 3696">
    <p class='ocr_par' dir='ltr' id='par_1_98' title="bbox 1957 3609 3543 3696">
     <span class='ocr_line' id='line_1_98' title="bbox 1957 3609 3543 3696; baseline -0.003 -16"><span class='ocrx_word' id='word_1_742' title='bbox 1957 3626 2092 3692; x_wconf 77' lang='lat' dir='ltr'><strong><em>uolo,</em></strong></span> <span class='ocrx_word' id='word_1_743' title='bbox 2154 3627 2404 3680; x_wconf 89' lang='lat' dir='ltr'><strong><em>inveniam</em></strong></span> <span class='ocrx_word' id='word_1_744' title='bbox 2442 3641 2527 3680; x_wconf 84' lang='lat' dir='ltr'><strong><em>vos</em></strong></span> <span class='ocrx_word' id='word_1_745' title='bbox 2553 3641 2572 3680; x_wconf 91' lang='lat'><strong><em>:</em></strong></span> <span class='ocrx_word' id='word_1_746' title='bbox 2596 3634 2644 3679; x_wconf 92' lang='lat' dir='ltr'><strong><em>et</em></strong></span> <span class='ocrx_word' id='word_1_747' title='bbox 2672 3641 2764 3696; x_wconf 85' lang='lat' dir='ltr'><strong><em>ego</em></strong></span> <span class='ocrx_word' id='word_1_748' title='bbox 2793 3625 3022 3680; x_wconf 83' lang='lat' dir='ltr'><strong><em>inveniar</em></strong></span> <span class='ocrx_word' id='word_1_749' title='bbox 3049 3641 3082 3678; x_wconf 90' lang='lat' dir='ltr'><strong><em>a</em></strong></span> <span class='ocrx_word' id='word_1_750' title='bbox 3109 3623 3246 3680; x_wconf 78' lang='lat' dir='ltr'><strong><em>vobis</em></strong></span> <span class='ocrx_word' id='word_1_751' title='bbox 3272 3665 3289 3691; x_wconf 93' lang='lat'><strong><em>,</em></strong></span> <span class='ocrx_word' id='word_1_752' title='bbox 3338 3609 3543 3692; x_wconf 86' lang='lat' dir='ltr'><strong><em>qualem</em></strong></span> 
     </span>
    </p>
   </div>
   <div class='ocr_carea' id='block_1_99' title="bbox 1960 3713 3550 3789">
    <p class='ocr_par' dir='ltr' id='par_1_99' title="bbox 1960 3713 3550 3789">
     <span class='ocr_line' id='line_1_99' title="bbox 1960 3713 3550 3789; baseline -0.002 -17"><span class='ocrx_word' id='word_1_753' title='bbox 1960 3734 2060 3773; x_wconf 86' lang='lat' dir='ltr'><strong><em>non</em></strong></span> <span class='ocrx_word' id='word_1_754' title='bbox 2086 3718 2237 3772; x_wconf 82' lang='lat' dir='ltr'><strong><em>uultis</em></strong></span> <span class='ocrx_word' id='word_1_755' title='bbox 2261 3721 2333 3789; x_wconf 77' lang='lat'><strong><em>(2.</em></strong></span> <span class='ocrx_word' id='word_1_756' title='bbox 2348 3715 2700 3786; x_wconf 72' lang='lat' dir='ltr'><strong><em>Cor.12.20.)</em></strong></span> <span class='ocrx_word' id='word_1_757' title='bbox 2721 3714 2782 3769; x_wconf 87' lang='lat' dir='ltr'><strong><em>Et</em></strong></span> <span class='ocrx_word' id='word_1_758' title='bbox 2794 3717 2956 3788; x_wconf 91' lang='lat' dir='ltr'><strong><em>paulo</em></strong></span> <span class='ocrx_word' id='word_1_759' title='bbox 2968 3722 3112 3786; x_wconf 88' lang='lat' dir='ltr'><strong><em>post:</em></strong></span> <span class='ocrx_word' id='word_1_760' title='bbox 3128 3713 3209 3767; x_wconf 83' lang='lat' dir='ltr'><strong><em>Ne</em></strong></span> <span class='ocrx_word' id='word_1_761' title='bbox 3229 3730 3343 3768; x_wconf 89' lang='lat' dir='ltr'><strong><em>cum</em></strong></span> <span class='ocrx_word' id='word_1_762' title='bbox 3370 3729 3550 3769; x_wconf 82' lang='lat' dir='ltr'><strong><em>venero</em></strong></span> 
     </span>
    </p>
   </div>
   <div class='ocr_carea' id='block_1_100' title="bbox 1960 3807 3550 3878">
    <p class='ocr_par' dir='ltr' id='par_1_100' title="bbox 1960 3807 3550 3878">
     <span class='ocr_line' id='line_1_100' title="bbox 1960 3807 3550 3878; baseline -0.003 -14"><span class='ocrx_word' id='word_1_763' title='bbox 1960 3811 2028 3865; x_wconf 88' lang='lat' dir='ltr'><strong><em>ad</em></strong></span> <span class='ocrx_word' id='word_1_764' title='bbox 2062 3827 2148 3866; x_wconf 87' lang='lat' dir='ltr'><strong><em>vos</em></strong></span> <span class='ocrx_word' id='word_1_765' title='bbox 2176 3811 2405 3865; x_wconf 86' lang='lat' dir='ltr'><strong><em>humiliet</em></strong></span> <span class='ocrx_word' id='word_1_766' title='bbox 2432 3826 2512 3864; x_wconf 88' lang='lat' dir='ltr'><strong><em>me</em></strong></span> <span class='ocrx_word' id='word_1_767' title='bbox 2540 3809 2705 3876; x_wconf 90' lang='lat' dir='ltr'><strong><em>Deus,</em></strong></span> <span class='ocrx_word' id='word_1_768' title='bbox 2738 3817 2785 3863; x_wconf 90' lang='lat' dir='ltr'><strong><em>et</em></strong></span> <span class='ocrx_word' id='word_1_769' title='bbox 2814 3809 3014 3878; x_wconf 84' lang='lat' dir='ltr'><strong><em>lugeam</em></strong></span> <span class='ocrx_word' id='word_1_770' title='bbox 3041 3807 3223 3861; x_wconf 89' lang='lat' dir='ltr'><strong><em>multos</em></strong></span> <span class='ocrx_word' id='word_1_771' title='bbox 3247 3822 3310 3860; x_wconf 76' lang='lat' dir='ltr'><strong><em>ea:</em></strong></span> <span class='ocrx_word' id='word_1_772' title='bbox 3335 3807 3397 3860; x_wconf 91' lang='lat' dir='ltr'><strong><em>iis</em></strong></span> <span class='ocrx_word' id='word_1_773' title='bbox 3420 3848 3435 3873; x_wconf 95' lang='lat'><strong><em>,</em></strong></span> <span class='ocrx_word' id='word_1_774' title='bbox 3462 3807 3550 3876; x_wconf 88' lang='lat' dir='ltr'><strong><em>qui</em></strong></span> 
     </span>
    </p>
   </div>
   <div class='ocr_carea' id='block_1_101' title="bbox 1958 3895 3550 3970">
    <p class='ocr_par' dir='ltr' id='par_1_101' title="bbox 1958 3895 3550 3970">
     <span class='ocr_line' id='line_1_101' title="bbox 1958 3895 3550 3970; baseline -0.003 -15"><span class='ocrx_word' id='word_1_775' title='bbox 1958 3911 2076 3955; x_wconf 88' lang='lat' dir='ltr'><strong><em>ante</em></strong></span> <span class='ocrx_word' id='word_1_776' title='bbox 2115 3909 2440 3970; x_wconf 83' lang='lat' dir='ltr'><strong><em>peccauerunt</em></strong></span> <span class='ocrx_word' id='word_1_777' title='bbox 2463 3939 2477 3964; x_wconf 89' lang='lat'><strong><em>,</em></strong></span> <span class='ocrx_word' id='word_1_778' title='bbox 2523 3910 2571 3953; x_wconf 91' lang='lat' dir='ltr'><strong><em>et</em></strong></span> <span class='ocrx_word' id='word_1_779' title='bbox 2613 3916 2713 3953; x_wconf 86' lang='lat' dir='ltr'><strong><em>non</em></strong></span> <span class='ocrx_word' id='word_1_780' title='bbox 2759 3907 2966 3969; x_wconf 83' lang='lat' dir='ltr'><strong><em>egerunt</em></strong></span> <span class='ocrx_word' id='word_1_781' title='bbox 3013 3895 3354 3966; x_wconf 77' lang='lat' dir='ltr'><strong><em>paenitentiam</em></strong></span> <span class='ocrx_word' id='word_1_782' title='bbox 3397 3912 3550 3965; x_wconf 81' lang='lat' dir='ltr'><strong><em>super</em></strong></span> 
     </span>
    </p>
   </div>
   <div class='ocr_carea' id='block_1_102' title="bbox 1958 3989 3546 4061">
    <p class='ocr_par' dir='ltr' id='par_1_102' title="bbox 1958 3989 3546 4061">
     <span class='ocr_line' id='line_1_102' title="bbox 1958 3989 3546 4061; baseline -0.004 -14"><span class='ocrx_word' id='word_1_783' title='bbox 1958 3993 2278 4047; x_wconf 80' lang='lat' dir='ltr'><strong><em>irnntunditia</em></strong></span> <span class='ocrx_word' id='word_1_784' title='bbox 2303 4033 2317 4056; x_wconf 96' lang='lat'><strong><em>,</em></strong></span> <span class='ocrx_word' id='word_1_785' title='bbox 2362 4002 2408 4045; x_wconf 85' lang='lat' dir='ltr'><strong><em>et</em></strong></span> <span class='ocrx_word' id='word_1_786' title='bbox 2459 3991 2794 4061; x_wconf 74' lang='lat' dir='ltr'><strong><em>fornicatione</em></strong></span> <span class='ocrx_word' id='word_1_787' title='bbox 2823 3993 2864 4056; x_wconf 79' lang='lat'><strong><em>‘,</em></strong></span> <span class='ocrx_word' id='word_1_788' title='bbox 2891 3997 2939 4042; x_wconf 86' lang='lat' dir='ltr'><strong><em>et</em></strong></span> <span class='ocrx_word' id='word_1_789' title='bbox 2981 3989 3297 4058; x_wconf 86' lang='lat' dir='ltr'><strong><em>impudicitia</em></strong></span> <span class='ocrx_word' id='word_1_790' title='bbox 3321 4029 3337 4054; x_wconf 94' lang='lat'><strong><em>,</em></strong></span> <span class='ocrx_word' id='word_1_791' title='bbox 3392 4003 3546 4058; x_wconf 87' lang='lat' dir='ltr'><strong><em>quam</em></strong></span> 
     </span>
    </p>
   </div>
   <div class='ocr_carea' id='block_1_103' title="bbox 1959 4079 3544 4158">
    <p class='ocr_par' dir='ltr' id='par_1_103' title="bbox 1959 4079 3544 4158">
     <span class='ocr_line' id='line_1_103' title="bbox 1959 4079 3544 4158; baseline -0.006 -17"><span class='ocrx_word' id='word_1_792' title='bbox 1959 4095 2217 4158; x_wconf 87' lang='lat' dir='ltr'><strong><em>gesserunt</em></strong></span> <span class='ocrx_word' id='word_1_793' title='bbox 2263 4084 2369 4156; x_wconf 89' lang='lat' dir='ltr'><strong><em>(Ib.</em></strong></span> <span class='ocrx_word' id='word_1_794' title='bbox 2404 4100 2454 4138; x_wconf 82' lang='grc' dir='ltr'><strong>υ.</strong></span> <span class='ocrx_word' id='word_1_795' title='bbox 2497 4082 2618 4153; x_wconf 71' lang='grc'><strong>21).</strong></span> <span class='ocrx_word' id='word_1_796' title='bbox 2652 4083 2877 4152; x_wconf 85' lang='lat' dir='ltr'><strong><em>Semper</em></strong></span> <span class='ocrx_word' id='word_1_797' title='bbox 2913 4081 3143 4150; x_wconf 91' lang='lat' dir='ltr'><strong><em>denique</em></strong></span> <span class='ocrx_word' id='word_1_798' title='bbox 3171 4079 3347 4136; x_wconf 87' lang='lat' dir='ltr'><strong><em>cernis</em></strong></span> <span class='ocrx_word' id='word_1_799' title='bbox 3373 4079 3544 4149; x_wconf 90' lang='lat' dir='ltr'><strong><em>ipsum</em></strong></span> 
     </span>
    </p>
   </div>
   <div class='ocr_carea' id='block_1_104' title="bbox 1961 4173 3550 4250">
    <p class='ocr_par' dir='ltr' id='par_1_104' title="bbox 1961 4173 3550 4250">
     <span class='ocr_line' id='line_1_104' title="bbox 1961 4173 3550 4250; baseline -0.002 -18"><span class='ocrx_word' id='word_1_800' title='bbox 1961 4179 2013 4233; x_wconf 91' lang='lat' dir='ltr'><strong><em>iu</em></strong></span> <span class='ocrx_word' id='word_1_801' title='bbox 2062 4178 2312 4250; x_wconf 79' lang='lat' dir='ltr'><strong><em>lacrymis</em></strong></span> <span class='ocrx_word' id='word_1_802' title='bbox 2352 4185 2406 4233; x_wconf 89' lang='lat' dir='ltr'><strong><em>et</em></strong></span> <span class='ocrx_word' id='word_1_803' title='bbox 2449 4174 2914 4232; x_wconf 82' lang='lat' dir='ltr'><strong><em>lamentatiOnibus</em></strong></span> <span class='ocrx_word' id='word_1_804' title='bbox 2957 4181 3176 4245; x_wconf 84' lang='lat' dir='ltr'><strong><em>prepter</em></strong></span> <span class='ocrx_word' id='word_1_805' title='bbox 3223 4173 3550 4229; x_wconf 88' lang='lat' dir='ltr'><strong><em>domesticos</em></strong></span> 
     </span>
    </p>
   </div>
   <div class='ocr_carea' id='block_1_105' title="bbox 1960 4266 3550 4342">
    <p class='ocr_par' dir='ltr' id='par_1_105' title="bbox 1960 4266 3550 4342">
     <span class='ocr_line' id='line_1_105' title="bbox 1960 4266 3550 4342; baseline -0.003 -15"><span class='ocrx_word' id='word_1_806' title='bbox 1960 4272 2194 4337; x_wconf 89' lang='lat' dir='ltr'><strong><em>versari,</em></strong></span> <span class='ocrx_word' id='word_1_807' title='bbox 2221 4280 2276 4326; x_wconf 89' lang='lat' dir='ltr'><strong><em>et</em></strong></span> <span class='ocrx_word' id='word_1_808' title='bbox 2319 4279 2538 4342; x_wconf 87' lang='lat' dir='ltr'><strong><em>propter</em></strong></span> <span class='ocrx_word' id='word_1_809' title='bbox 2565 4283 2661 4325; x_wconf 90' lang='lat' dir='ltr'><strong><em>cos</em></strong></span> <span class='ocrx_word' id='word_1_810' title='bbox 2678 4311 2695 4337; x_wconf 92' lang='lat'><strong><em>,</em></strong></span> <span class='ocrx_word' id='word_1_811' title='bbox 2723 4268 2812 4339; x_wconf 88' lang='lat' dir='ltr'><strong><em>qui</em></strong></span> <span class='ocrx_word' id='word_1_812' title='bbox 2853 4266 3224 4336; x_wconf 87' lang='lat' dir='ltr'><strong><em>crediderant,</em></strong></span> <span class='ocrx_word' id='word_1_813' title='bbox 3252 4267 3550 4323; x_wconf 61' lang='lat' dir='ltr'><strong><em>contremia</em></strong></span> 
     </span>
    </p>
   </div>
   <div class='ocr_carea' id='block_1_106' title="bbox 1960 4359 3550 4432">
    <p class='ocr_par' dir='ltr' id='par_1_106' title="bbox 1960 4359 3550 4432">
     <span class='ocr_line' id='line_1_106' title="bbox 1960 4359 3550 4432; baseline -0.004 -11"><span class='ocrx_word' id='word_1_814' title='bbox 1960 4379 2130 4421; x_wconf 83' lang='lat' dir='ltr'><strong><em>scere.</em></strong></span> <span class='ocrx_word' id='word_1_815' title='bbox 2176 4363 2634 4431; x_wconf 87' lang='lat' dir='ltr'><strong><em>Quemadmodum</em></strong></span> <span class='ocrx_word' id='word_1_816' title='bbox 2682 4361 2844 4432; x_wconf 85' lang='lat' dir='ltr'><strong><em>igitur</em></strong></span> <span class='ocrx_word' id='word_1_817' title='bbox 2868 4359 3280 4432; x_wconf 88' lang='lat' dir='ltr'><strong><em>gubernatorem</em></strong></span> <span class='ocrx_word' id='word_1_818' title='bbox 3311 4359 3550 4414; x_wconf 89' lang='lat' dir='ltr'><strong><em>admira-</em></strong></span> 
     </span>
    </p>
   </div>
   <div class='ocr_carea' id='block_1_107' title="bbox 1960 4451 3551 4527">
    <p class='ocr_par' dir='ltr' id='par_1_107' title="bbox 1960 4451 3551 4527">
     <span class='ocr_line' id='line_1_107' title="bbox 1960 4451 3551 4527; baseline -0.003 -14"><span class='ocrx_word' id='word_1_819' title='bbox 1960 4473 2100 4526; x_wconf 89' lang='lat' dir='ltr'><strong><em>mur,</em></strong></span> <span class='ocrx_word' id='word_1_820' title='bbox 2141 4472 2247 4513; x_wconf 91' lang='lat' dir='ltr'><strong><em>non</em></strong></span> <span class='ocrx_word' id='word_1_821' title='bbox 2293 4472 2414 4514; x_wconf 90' lang='lat' dir='ltr'><strong><em>cum</em></strong></span> <span class='ocrx_word' id='word_1_822' title='bbox 2462 4455 2750 4527; x_wconf 83' lang='lat' dir='ltr'><strong><em>tranquillo</em></strong></span> <span class='ocrx_word' id='word_1_823' title='bbox 2794 4451 2931 4509; x_wconf 86' lang='lat' dir='ltr'><strong><em>mari</em></strong></span> <span class='ocrx_word' id='word_1_824' title='bbox 2973 4462 3030 4510; x_wconf 90' lang='lat' dir='ltr'><strong><em>et</em></strong></span> <span class='ocrx_word' id='word_1_825' title='bbox 3079 4451 3332 4510; x_wconf 87' lang='lat' dir='ltr'><strong><em>secundis</em></strong></span> <span class='ocrx_word' id='word_1_826' title='bbox 3373 4453 3551 4508; x_wconf 88' lang='lat' dir='ltr'><strong><em>ventis</em></strong></span> 
     </span>
    </p>
   </div>
   <div class='ocr_carea' id='block_1_108' title="bbox 1960 4542 3554 4619">
    <p class='ocr_par' dir='ltr' id='par_1_108' title="bbox 1960 4542 3554 4619">
     <span class='ocr_line' id='line_1_108' title="bbox 1960 4542 3554 4619; baseline -0.004 -14"><span class='ocrx_word' id='word_1_827' title='bbox 1960 4560 2203 4605; x_wconf 88' lang='lat' dir='ltr'><strong><em>vectores</em></strong></span> <span class='ocrx_word' id='word_1_828' title='bbox 2247 4549 2300 4604; x_wconf 92' lang='lat' dir='ltr'><strong><em>in</em></strong></span> <span class='ocrx_word' id='word_1_829' title='bbox 2345 4559 2556 4619; x_wconf 90' lang='lat' dir='ltr'><strong><em>portum</em></strong></span> <span class='ocrx_word' id='word_1_830' title='bbox 2598 4546 2896 4602; x_wconf 89' lang='lat' dir='ltr'><strong><em>incolumes</em></strong></span> <span class='ocrx_word' id='word_1_831' title='bbox 2923 4543 3102 4611; x_wconf 90' lang='lat' dir='ltr'><strong><em>ducit;</em></strong></span> <span class='ocrx_word' id='word_1_832' title='bbox 3139 4542 3234 4600; x_wconf 89' lang='lat' dir='ltr'><strong><em>sed</em></strong></span> <span class='ocrx_word' id='word_1_833' title='bbox 3257 4559 3380 4600; x_wconf 91' lang='lat' dir='ltr'><strong><em>cum</em></strong></span> <span class='ocrx_word' id='word_1_834' title='bbox 3407 4545 3554 4599; x_wconf 89' lang='lat' dir='ltr'><strong><em>insa-</em></strong></span> 
     </span>
    </p>
   </div>
   <div class='ocr_carea' id='block_1_109' title="bbox 1960 4636 3549 4712">
    <p class='ocr_par' dir='ltr' id='par_1_109' title="bbox 1960 4636 3549 4712">
     <span class='ocr_line' id='line_1_109' title="bbox 1960 4636 3549 4712; baseline -0.006 -14"><span class='ocrx_word' id='word_1_835' title='bbox 1960 4643 2142 4698; x_wconf 91' lang='lat' dir='ltr'><strong><em>niente</em></strong></span> <span class='ocrx_word' id='word_1_836' title='bbox 2168 4641 2385 4712; x_wconf 87' lang='lat' dir='ltr'><strong><em>pelago,</em></strong></span> <span class='ocrx_word' id='word_1_837' title='bbox 2418 4638 2777 4710; x_wconf 84' lang='lat' dir='ltr'><strong><em>ﬂuctibusque</em></strong></span> <span class='ocrx_word' id='word_1_838' title='bbox 2808 4637 3192 4703; x_wconf 65' lang='lat' dir='ltr'><strong><em>saevientibus,</em></strong></span> <span class='ocrx_word' id='word_1_839' title='bbox 3219 4636 3308 4707; x_wconf 90' lang='lat' dir='ltr'><strong><em>qui</em></strong></span> <span class='ocrx_word' id='word_1_840' title='bbox 3340 4636 3392 4691; x_wconf 91' lang='lat' dir='ltr'><strong><em>iu</em></strong></span> <span class='ocrx_word' id='word_1_841' title='bbox 3423 4638 3549 4690; x_wconf 84' lang='lat' dir='ltr'><strong><em>navi</em></strong></span> 
     </span>
    </p>
   </div>
   <div class='ocr_carea' id='block_1_110' title="bbox 1961 4727 3547 4800">
    <p class='ocr_par' dir='ltr' id='par_1_110' title="bbox 1961 4727 3547 4800">
     <span class='ocr_line' id='line_1_110' title="bbox 1961 4727 3547 4800; baseline -0.006 -10"><span class='ocrx_word' id='word_1_842' title='bbox 1961 4744 2105 4800; x_wconf 79' lang='lat' dir='ltr'><strong><em>Sunt,</em></strong></span> <span class='ocrx_word' id='word_1_843' title='bbox 2133 4733 2275 4788; x_wconf 89' lang='lat' dir='ltr'><strong><em>inter</em></strong></span> <span class='ocrx_word' id='word_1_844' title='bbox 2302 4746 2363 4788; x_wconf 91' lang='lat' dir='ltr'><strong><em>se</em></strong></span> <span class='ocrx_word' id='word_1_845' title='bbox 2382 4731 2726 4796; x_wconf 84' lang='lat' dir='ltr'><strong><em>dissentiunt,</em></strong></span> <span class='ocrx_word' id='word_1_846' title='bbox 2755 4741 2945 4799; x_wconf 89' lang='lat' dir='ltr'><strong><em>magna</em></strong></span> <span class='ocrx_word' id='word_1_847' title='bbox 2979 4736 3298 4797; x_wconf 87' lang='lat' dir='ltr'><strong><em>tempestate</em></strong></span> <span class='ocrx_word' id='word_1_848' title='bbox 3319 4727 3463 4781; x_wconf 90' lang='lat' dir='ltr'><strong><em>intus</em></strong></span> <span class='ocrx_word' id='word_1_849' title='bbox 3489 4733 3547 4781; x_wconf 92' lang='lat' dir='ltr'><strong><em>et</em></strong></span> 
     </span>
    </p>
   </div>
   <div class='ocr_carea' id='block_1_111' title="bbox 1961 4818 3547 4896">
    <p class='ocr_par' dir='ltr' id='par_1_111' title="bbox 1961 4818 3547 4896">
     <span class='ocr_line' id='line_1_111' title="bbox 1961 4818 3547 4896; baseline -0.004 -16"><span class='ocrx_word' id='word_1_850' title='bbox 1961 4825 2092 4881; x_wconf 80' lang='lat' dir='ltr'><strong><em>furis</em></strong></span> <span class='ocrx_word' id='word_1_851' title='bbox 2117 4825 2430 4896; x_wconf 83' lang='lat' dir='ltr'><strong><em>navigantes</em></strong></span> <span class='ocrx_word' id='word_1_852' title='bbox 2455 4823 2759 4893; x_wconf 79' lang='lat' dir='ltr'><strong><em>exagitante</em></strong></span> <span class='ocrx_word' id='word_1_853' title='bbox 2779 4863 2794 4889; x_wconf 91' lang='lat'><strong><em>,</em></strong></span> <span class='ocrx_word' id='word_1_854' title='bbox 2817 4822 2992 4876; x_wconf 84' lang='lat' dir='ltr'><strong><em>navim</em></strong></span> <span class='ocrx_word' id='word_1_855' title='bbox 3015 4829 3189 4875; x_wconf 89' lang='lat' dir='ltr'><strong><em>tamen</em></strong></span> <span class='ocrx_word' id='word_1_856' title='bbox 3218 4827 3397 4891; x_wconf 89' lang='lat' dir='ltr'><strong><em>potest</em></strong></span> <span class='ocrx_word' id='word_1_857' title='bbox 3415 4818 3547 4874; x_wconf 86' lang='lat' dir='ltr'><strong><em>diri-</em></strong></span> 
     </span>
    </p>
   </div>
   <div class='ocr_carea' id='block_1_112' title="bbox 1959 4914 3548 4991">
    <p class='ocr_par' dir='ltr' id='par_1_112' title="bbox 1959 4914 3548 4991">
     <span class='ocr_line' id='line_1_112' title="bbox 1959 4914 3548 4991; baseline -0.003 -16"><span class='ocrx_word' id='word_1_858' title='bbox 1959 4935 2088 4991; x_wconf 88' lang='lat' dir='ltr'><strong><em>gere</em></strong></span> <span class='ocrx_word' id='word_1_859' title='bbox 2113 4929 2166 4974; x_wconf 92' lang='lat' dir='ltr'><strong><em>et</em></strong></span> <span class='ocrx_word' id='word_1_860' title='bbox 2191 4931 2512 4974; x_wconf 82' lang='lat' dir='ltr'><strong><em>conservare</em></strong></span> <span class='ocrx_word' id='word_1_861' title='bbox 2540 4933 2555 4971; x_wconf 91' lang='lat'><strong>:</strong></span> <span class='ocrx_word' id='word_1_862' title='bbox 2583 4917 2662 4973; x_wconf 86' lang='lat' dir='ltr'><strong><em>sic</em></strong></span> <span class='ocrx_word' id='word_1_863' title='bbox 2682 4930 2776 4972; x_wconf 89' lang='lat' dir='ltr'><strong><em>eos</em></strong></span> <span class='ocrx_word' id='word_1_864' title='bbox 2804 4914 2894 4986; x_wconf 88' lang='lat' dir='ltr'><strong><em>qui</em></strong></span> <span class='ocrx_word' id='word_1_865' title='bbox 2925 4923 3050 4970; x_wconf 87' lang='lat' dir='ltr'><strong><em>tunc</em></strong></span> <span class='ocrx_word' id='word_1_866' title='bbox 3078 4914 3368 4969; x_wconf 87' lang='lat' dir='ltr'><strong><em>Eeclesiam</em></strong></span> <span class='ocrx_word' id='word_1_867' title='bbox 3391 4929 3548 4985; x_wconf 84' lang='lat' dir='ltr'><strong><em>rege-</em></strong></span> 
     </span>
    </p>
   </div>
   <div class='ocr_carea' id='block_1_113' title="bbox 1961 5005 3546 5081">
    <p class='ocr_par' dir='ltr' id='par_1_113' title="bbox 1961 5005 3546 5081">
     <span class='ocr_line' id='line_1_113' title="bbox 1961 5005 3546 5081; baseline -0.004 -14"><span class='ocrx_word' id='word_1_868' title='bbox 1961 5011 2107 5074; x_wconf 85' lang='lat' dir='ltr'><strong><em>bant,</em></strong></span> <span class='ocrx_word' id='word_1_869' title='bbox 2131 5010 2297 5067; x_wconf 88' lang='lat' dir='ltr'><strong><em>multo</em></strong></span> <span class='ocrx_word' id='word_1_870' title='bbox 2321 5011 2516 5081; x_wconf 87' lang='lat' dir='ltr'><strong><em>magis,</em></strong></span> <span class='ocrx_word' id='word_1_871' title='bbox 2549 5023 2708 5080; x_wconf 89' lang='lat' dir='ltr'><strong><em>quam</em></strong></span> <span class='ocrx_word' id='word_1_872' title='bbox 2745 5006 2898 5073; x_wconf 86' lang='lat' dir='ltr'><strong><em>illos,</em></strong></span> <span class='ocrx_word' id='word_1_873' title='bbox 2927 5005 3015 5077; x_wconf 90' lang='lat' dir='ltr'><strong><em>qui</em></strong></span> <span class='ocrx_word' id='word_1_874' title='bbox 3042 5020 3160 5062; x_wconf 90' lang='lat' dir='ltr'><strong><em>eam</em></strong></span> <span class='ocrx_word' id='word_1_875' title='bbox 3187 5006 3240 5061; x_wconf 92' lang='lat' dir='ltr'><strong><em>in</em></strong></span> <span class='ocrx_word' id='word_1_876' title='bbox 3265 5006 3546 5077; x_wconf 70' lang='lat' dir='ltr'><strong><em>prarseutia</em></strong></span> 
     </span>
    </p>
   </div>
   <div class='ocr_carea' id='block_1_114' title="bbox 1962 5097 3547 5178">
    <p class='ocr_par' dir='ltr' id='par_1_114' title="bbox 1962 5097 3547 5178">
     <span class='ocr_line' id='line_1_114' title="bbox 1962 5097 3547 5178; baseline -0.006 -16"><span class='ocrx_word' id='word_1_877' title='bbox 1962 5106 2294 5178; x_wconf 83' lang='lat' dir='ltr'><strong><em>gubernant,</em></strong></span> <span class='ocrx_word' id='word_1_878' title='bbox 2325 5103 2598 5173; x_wconf 88' lang='lat' dir='ltr'><strong><em>suspicere</em></strong></span> <span class='ocrx_word' id='word_1_879' title='bbox 2638 5101 2892 5157; x_wconf 89' lang='lat' dir='ltr'><strong><em>debemus</em></strong></span> <span class='ocrx_word' id='word_1_880' title='bbox 2921 5109 2975 5155; x_wconf 88' lang='lat' dir='ltr'><strong><em>et</em></strong></span> <span class='ocrx_word' id='word_1_881' title='bbox 3017 5098 3303 5164; x_wconf 83' lang='lat' dir='ltr'><strong><em>admirari,</em></strong></span> <span class='ocrx_word' id='word_1_882' title='bbox 3331 5097 3547 5170; x_wconf 88' lang='lat' dir='ltr'><strong><em>quando</em></strong></span> 
     </span>
    </p>
   </div>
   <div class='ocr_carea' id='block_1_115' title="bbox 1961 5190 3545 5262">
    <p class='ocr_par' dir='ltr' id='par_1_115' title="bbox 1961 5190 3545 5262">
     <span class='ocr_line' id='line_1_115' title="bbox 1961 5190 3545 5262; baseline -0.008 -8"><span class='ocrx_word' id='word_1_883' title='bbox 1961 5199 2125 5254; x_wconf 90' lang='lat' dir='ltr'><strong><em>multa</em></strong></span> <span class='ocrx_word' id='word_1_884' title='bbox 2149 5197 2284 5252; x_wconf 88' lang='lat' dir='ltr'><strong><em>bella</em></strong></span> <span class='ocrx_word' id='word_1_885' title='bbox 2321 5195 2466 5250; x_wconf 90' lang='lat' dir='ltr'><strong><em>intus</em></strong></span> <span class='ocrx_word' id='word_1_886' title='bbox 2492 5202 2547 5250; x_wconf 89' lang='lat' dir='ltr'><strong><em>et</em></strong></span> <span class='ocrx_word' id='word_1_887' title='bbox 2587 5193 2746 5259; x_wconf 79' lang='lat' dir='ltr'><strong><em>foris,</em></strong></span> <span class='ocrx_word' id='word_1_888' title='bbox 2770 5191 2983 5262; x_wconf 90' lang='lat' dir='ltr'><strong><em>quando</em></strong></span> <span class='ocrx_word' id='word_1_889' title='bbox 3013 5190 3136 5247; x_wconf 85' lang='lat' dir='ltr'><strong><em>ﬁdei</em></strong></span> <span class='ocrx_word' id='word_1_890' title='bbox 3166 5191 3344 5261; x_wconf 89' lang='lat' dir='ltr'><strong><em>planta</em></strong></span> <span class='ocrx_word' id='word_1_891' title='bbox 3375 5190 3545 5244; x_wconf 82' lang='lat' dir='ltr'><strong><em>imbe-</em></strong></span> 
     </span>
    </p>
   </div>
   <div class='ocr_carea' id='block_1_116' title="bbox 1961 5280 3540 5360">
    <p class='ocr_par' dir='ltr' id='par_1_116' title="bbox 1961 5280 3540 5360">
     <span class='ocr_line' id='line_1_116' title="bbox 1961 5280 3540 5360; baseline -0.007 -13"><span class='ocrx_word' id='word_1_892' title='bbox 1961 5292 2132 5348; x_wconf 90' lang='lat' dir='ltr'><strong><em>cillior</em></strong></span> <span class='ocrx_word' id='word_1_893' title='bbox 2152 5290 2327 5345; x_wconf 89' lang='lat' dir='ltr'><strong><em>adhuc</em></strong></span> <span class='ocrx_word' id='word_1_894' title='bbox 2353 5288 2644 5360; x_wconf 78' lang='lat' dir='ltr'><strong><em>diligentia:</em></strong></span> <span class='ocrx_word' id='word_1_895' title='bbox 2670 5287 2842 5357; x_wconf 88' lang='lat' dir='ltr'><strong><em>magis</em></strong></span> <span class='ocrx_word' id='word_1_896' title='bbox 2870 5285 3167 5358; x_wconf 87' lang='lat' dir='ltr'><strong><em>indigebat,</em></strong></span> <span class='ocrx_word' id='word_1_897' title='bbox 3197 5281 3409 5354; x_wconf 91' lang='lat' dir='ltr'><strong><em>quando</em></strong></span> <span class='ocrx_word' id='word_1_898' title='bbox 3435 5280 3540 5337; x_wconf 84' lang='lat' dir='ltr'><strong><em>vel-</em></strong></span> 
     </span>
    </p>
   </div>
   <div class='ocr_carea' id='block_1_117' title="bbox 1959 5377 3544 5454">
    <p class='ocr_par' dir='ltr' id='par_1_117' title="bbox 1959 5377 3544 5454">
     <span class='ocr_line' id='line_1_117' title="bbox 1959 5377 3544 5454; baseline -0.008 -14"><span class='ocrx_word' id='word_1_899' title='bbox 1959 5387 2037 5441; x_wconf 87' lang='lat' dir='ltr'><strong><em>uti</em></strong></span> <span class='ocrx_word' id='word_1_900' title='bbox 2082 5385 2244 5440; x_wconf 85' lang='lat' dir='ltr'><strong><em>modo</em></strong></span> <span class='ocrx_word' id='word_1_901' title='bbox 2287 5383 2496 5454; x_wconf 84' lang='lat' dir='ltr'><strong><em>genitus</em></strong></span> <span class='ocrx_word' id='word_1_902' title='bbox 2525 5381 2697 5437; x_wconf 78' lang='lat' dir='ltr'><strong><em>infans</em></strong></span> <span class='ocrx_word' id='word_1_903' title='bbox 2732 5379 2985 5436; x_wconf 82' lang='lat' dir='ltr'><strong><em>Ecclesiae</em></strong></span> <span class='ocrx_word' id='word_1_904' title='bbox 3030 5377 3258 5449; x_wconf 89' lang='lat' dir='ltr'><strong><em>populus</em></strong></span> <span class='ocrx_word' id='word_1_905' title='bbox 3297 5389 3544 5443; x_wconf 83' lang='lat' dir='ltr'><strong><em>magnam</em></strong></span> 
     </span>
    </p>
   </div>
   <div class='ocr_carea' id='block_1_118' title="bbox 1960 5468 3535 5548">
    <p class='ocr_par' dir='ltr' id='par_1_118' title="bbox 1960 5468 3535 5548">
     <span class='ocr_line' id='line_1_118' title="bbox 1960 5468 3535 5548; baseline -0.007 -15"><span class='ocrx_word' id='word_1_906' title='bbox 1960 5477 2345 5548; x_wconf 87' lang='lat' dir='ltr'><strong><em>providentiam</em></strong></span> <span class='ocrx_word' id='word_1_907' title='bbox 2370 5485 2529 5545; x_wconf 89' lang='lat' dir='ltr'><strong><em>atque</em></strong></span> <span class='ocrx_word' id='word_1_908' title='bbox 2557 5473 2872 5544; x_wconf 86' lang='lat' dir='ltr'><strong><em>sapientiam</em></strong></span> <span class='ocrx_word' id='word_1_909' title='bbox 2916 5471 3108 5525; x_wconf 71' lang='lat' dir='ltr'><strong><em>animat</em></strong></span> <span class='ocrx_word' id='word_1_910' title='bbox 3127 5511 3141 5533; x_wconf 91' lang='lat'><strong><em>,</em></strong></span> <span class='ocrx_word' id='word_1_911' title='bbox 3169 5482 3272 5538; x_wconf 90' lang='lat' dir='ltr'><strong><em>qua</em></strong></span> <span class='ocrx_word' id='word_1_912' title='bbox 3311 5468 3535 5525; x_wconf 87' lang='lat' dir='ltr'><strong><em>lactare-</em></strong></span> 
     </span>
    </p>
   </div>
   <div class='ocr_carea' id='block_1_119' title="bbox 1959 5559 3546 5639">
    <p class='ocr_par' dir='ltr' id='par_1_119' title="bbox 1959 5559 3546 5639">
     <span class='ocr_line' id='line_1_119' title="bbox 1959 5559 3546 5639; baseline -0.008 -15"><span class='ocrx_word' id='word_1_913' title='bbox 1959 5578 2067 5638; x_wconf 88' lang='lat' dir='ltr'><strong><em>tur,</em></strong></span> <span class='ocrx_word' id='word_1_914' title='bbox 2101 5565 2424 5639; x_wconf 88' lang='lat' dir='ltr'><strong><em>postulabat.</em></strong></span> <span class='ocrx_word' id='word_1_915' title='bbox 2450 5563 2653 5620; x_wconf 76' lang='lat' dir='ltr'><strong><em>Verum</em></strong></span> <span class='ocrx_word' id='word_1_916' title='bbox 2690 5573 2748 5620; x_wconf 91' lang='lat' dir='ltr'><strong><em>ut</em></strong></span> <span class='ocrx_word' id='word_1_917' title='bbox 2789 5561 2994 5634; x_wconf 88' lang='lat' dir='ltr'><strong><em>planius</em></strong></span> <span class='ocrx_word' id='word_1_918' title='bbox 3032 5559 3364 5630; x_wconf 86' lang='lat' dir='ltr'><strong><em>intelligatis,</em></strong></span> <span class='ocrx_word' id='word_1_919' title='bbox 3413 5567 3546 5630; x_wconf 89' lang='lat' dir='ltr'><strong><em>quot</em></strong></span> 
     </span>
    </p>
   </div>
   <div class='ocr_carea' id='block_1_120' title="bbox 1956 5689 3544 5815">
    <p class='ocr_par' dir='ltr' id='par_1_120' title="bbox 1956 5689 3544 5815">
     <span class='ocr_line' id='line_1_120' title="bbox 1956 5689 3544 5815; baseline -0.007 -62"><span class='ocrx_word' id='word_1_920' title='bbox 1956 5763 1995 5815; x_wconf 45' lang='lat' dir='ltr'><em>r</em></span> <span class='ocrx_word' id='word_1_921' title='bbox 2021 5704 2038 5734; x_wconf 84' lang='grc'>¹</span> <span class='ocrx_word' id='word_1_922' title='bbox 2075 5708 2203 5753; x_wconf 87' lang='lat' dir='ltr'><strong><em>Unus</em></strong></span> <span class='ocrx_word' id='word_1_923' title='bbox 2219 5708 2358 5764; x_wconf 61' lang='grc' dir='ltr'><strong>ηδε..</strong></span> <span class='ocrx_word' id='word_1_924' title='bbox 2389 5696 2795 5764; x_wconf 77' lang='lat' dir='ltr'><strong><em>{omicatioue,ut</em></strong></span> <span class='ocrx_word' id='word_1_925' title='bbox 2817 5695 2943 5759; x_wconf 83' lang='lat' dir='ltr'><strong><em>legit</em></strong></span> <span class='ocrx_word' id='word_1_926' title='bbox 2959 5697 3223 5754; x_wconf 82' lang='lat' dir='ltr'><strong><em>tuterpres.</em></strong></span> <span class='ocrx_word' id='word_1_927' title='bbox 3250 5689 3350 5742; x_wconf 81' lang='lat' dir='ltr'><strong><em>Alii</em></strong></span> <span class='ocrx_word' id='word_1_928' title='bbox 3370 5690 3544 5760; x_wconf 83' lang='lat' dir='ltr'><strong><em>nequi-</em></strong></span> 
     </span>
     <span class='ocr_line' id='line_1_121' title="bbox 1973 5777 2040 5815; baseline -0.015 0"><span class='ocrx_word' id='word_1_929' title='bbox 1973 5777 2040 5815; x_wconf 75' lang='lat' dir='ltr'><strong><em>ut.</em></strong></span> 
     </span>
    </p>
   </div>
   <div class='ocr_carea' id='block_1_121' title="bbox 1973 5777 2040 5816">
    <p class='ocr_par' dir='ltr' id='par_1_121' title="bbox 1973 5777 2040 5816">
     <span class='ocr_line' id='line_1_122' title="bbox 1973 5777 2040 5816; baseline -0.03 0"><span class='ocrx_word' id='word_1_930' title='bbox 1973 5777 2040 5816; x_wconf 70' lang='grc' dir='ltr'><strong>ω.</strong></span> 
     </span>
    </p>
   </div>
  </div>
