4080 6196
506 277 599 341 591
1240 274 1299 331 S.
1338 273 1615 331 JOANNIS
1653 267 2127 327 CHRYSOSTOMI
2163 270 2481 330 ARCUIEP.
2520 274 3049 332 CONS‘I'ANTINOP.

490 403 668 453 essent
703 393 916 450 coronis
943 392 1120 464 digni,
1152 388 1246 462 qui
1272 398 1397 444 tunc
1443 387 1735 443 Ecclesiam
1780 386 2069 457 regendam

488 486 886 557 suscipiebant,
914 494 968 541 et
995 493 1124 556 quot
1147 482 1359 538 labores
1398 481 1452 536 in
1498 479 1757 550 principio
1781 489 1939 550 atque
1966 477 2077 534 dis-

486 579 710 635 crimina
738 581 843 635 illic
885 585 1066 635 essent
1103 574 1398 642 subeunda,
1424 572 1620 630 Christi
1652 572 1803 627 vobis
1835 572 2074 627 testimo-

488 672 635 724 nium
679 671 897 727 aﬁeram
918 710 933 733 ,
966 670 1055 738 qui
1085 681 1169 733 ea,
1201 681 1323 737 quae
1366 680 1397 720 a
1439 664 1595 720 nobis
1622 663 1762 718 dicta
1794 670 1947 725 sunt,
1980 677 2077 731 ap-

490 761 705 830 probat,
738 770 791 814 et
828 758 1147 815 sententiam
1198 772 1371 819 meam
1410 756 1708 811 conﬁrmat.
1749 754 1881 810 Cum
1930 753 2072 807 enim

492 853 689 907 multos
717 851 784 905 ad
832 866 891 906 se
915 850 1295 905 convenientes
1324 847 1618 917 aspiceret,
1650 844 1913 916 velletque
1941 859 2088 914 apo--

491 943 640 998 stolis
670 942 1059 1008 demonstrare,
1089 940 1229 1009 quod
1256 939 1423 1008 magis
1453 953 1610 1007 quam
1638 937 1711 991 illi
1745 937 2077 991 laborasscnt

492 1033 764 1104 propheta:
791 1051 804 1087 :
837 1033 958 1094 Alii,
992 1031 1182 1102 inquit,
1212 1030 1594 1094 laboraverunt,
1626 1040 1672 1083 et
1700 1044 1786 1083 vos
1811 1030 1861 1082 in
1883 1028 2078 1082 labores

488 1144 657 1179 corum
684 1128 924 1181 introistis
954 1126 1128 1197 (Joan.
1173 1127 1225 1181 ι.
1273 1125 1387 1195 58).
1414 1124 1573 1195 Atqui
1606 1124 1775 1178 multo
1805 1123 1921 1194 plus
1947 1138 2078 1193 apo-

491 1218 636 1282 stoli,
662 1233 817 1287 quam
853 1213 1127 1288 propheta;
1167 1216 1515 1279 laborarunt;
1544 1226 1777 1270 attamen
1814 1216 1935 1286 quia
1970 1215 2080 1284 pie—

491 1310 614 1363 tatis
640 1309 858 1364 verbum
906 1310 1111 1378 priores
1136 1309 1207 1362 illi
1239 1309 1573 1364 semiuarunt
1594 1350 1608 1375 ,
1640 1317 1692 1363 et
1739 1308 1953 1377 ignaros
1983 1306 2080 1361 ho-

491 1402 694 1455 ntinum
724 1402 930 1453 animos
958 1400 1023 1454 ad
1050 1401 1327 1455 veritatem
1349 1400 1704 1464 adduxerunt,
1727 1399 1853 1468 ipsis
1884 1398 2079 1453 labaris

494 1495 612 1563 plus
638 1495 961 1548 attribuitur.

565 1586 795 1654 Quantus
831 1588 972 1640 initio
1012 1586 1386 1657 praedicationis
1425 1586 1568 1641 labor
1608 1586 1779 1657 fuerit.
1801 1615 1875 1626 —
1898 1583 2080 1653 Neque

490 1679 632 1732 enim
661 1679 878 1749 aequalis
900 1690 980 1733 est
1006 1680 1176 1745 labor,
1213 1695 1316 1732 non
1347 1689 1428 1735 est
1456 1679 1715 1750 profecto,
1745 1688 1863 1749 post
1886 1678 2081 1733 multos

492 1773 627 1827 alios
653 1773 901 1829 doctores
928 1774 1157 1844 aliquem
1190 1773 1427 1836 erudire,
1457 1783 1511 1828 et
1540 1773 1769 1843 primum
1799 1773 1970 1843 ipsum
1997 1787 2082 1826 se-

493 1867 634 1919 mina
658 1865 863 1935 jacere.
901 1867 1052 1934 Quod
1082 1868 1224 1922 enim
1249 1867 1596 1922 meditatione
1621 1876 1675 1921 et
1698 1865 2083 1921 consuetudine

490 1968 731 2026 paratum
763 1967 864 2025 est,
890 1958 1042 2013 facile
1072 1960 1400 2029 percipitur:
1429 1958 1570 2029 quod
1600 1968 1779 2014 autem
1806 1974 1944 2012 nunc
1975 1957 2084 2028 pri-

493 2065 637 2103 mum
668 2050 900 2113 auditur,
920 2052 1238 2106 discentium
1264 2052 1471 2106 animos
1499 2050 1792 2121 perturbat,
1814 2051 2083 2121 multaque

491 2140 809 2195 docentibus
836 2142 991 2197 aﬁ‘ert
1019 2144 1250 2213 negotia.
1294 2143 1405 2199 lloc
1431 2143 1644 2213 quidem
1678 2142 1899 2197 Athenis
1929 2143 2082 2197 audi-

494 2241 637 2285 tores
676 2233 1048 2301 perturbabat,
1079 2234 1307 2305 ideoque
1344 2235 1412 2289 ab
1442 2235 1685 2305 apostolo
1710 2234 2077 2299 declinabant,

493 2335 807 2379 accusantes
835 2340 980 2391 eum,
1005 2342 1067 2380 ac
1088 2327 1349 2392 dicentes,
1380 2325 1530 2381 Nova
1555 2328 1787 2397 qua'dam
1816 2328 1971 2398 infers
1992 2344 2085 2381 au-

493 2416 632 2468 ribus
660 2418 843 2470 nostris
874 2416 1006 2487 (Act.
1034 2417 1118 2471 l7.
1152 2417 1265 2488 20).
1299 2418 1429 2472 Nam
1459 2418 1502 2473 si
1528 2418 1686 2472 etiam
1715 2418 1815 2473 hoc
1843 2428 2085 2488 tempore

493 2506 705 2561 labores
746 2523 1116 2577 :erumnasqne
1162 2510 1355 2564 multas
1402 2510 1842 2580 gubernatoribus
1880 2510 2086 2581 przebet

494 2597 750 2654 Ecclesia
776 2600 1088 2670 pra‘fectura
1114 2620 1127 2654 :
1153 2603 1323 2672 cogita
1355 2611 1479 2659 tunc
1501 2603 1786 2673 duplicem,
1822 2604 2083 2674 triplicem

494 2690 948 2762 multiplicemque
987 2692 1151 2748 fuisse
1177 2694 1436 2762 laborem,
1469 2710 1589 2749 cum
1619 2696 1872 2764 pericula,
1903 2705 1956 2751 et
1988 2712 2084 2767 pu-

494 2797 633 2852 gnae,
659 2792 712 2838 et
741 2784 970 2851 insidize,
1002 2794 1056 2840 et
1082 2795 1315 2842 terrores
1341 2802 1603 2857 perennes
1633 2789 1918 2844 instabant.
1954 2790 2085 2845 Ver-

493 2872 576 2927 bis
617 2875 873 2943 explicari
916 2892 1024 2930 non
1071 2887 1247 2947 potest
1271 2878 1560 2936 difficultas
1583 2921 1598 2944 ,
1628 2896 1785 2949 quam
1810 2883 1981 2937 sancti
2008 2883 2084 2938 illi

494 2967 593 3021 viri
624 2977 748 3021 tunc
774 2970 1138 3037 sustinebant;
1183 2971 1279 3027 sed
1321 2973 1366 3027 is
1404 2974 1552 3028 solus
1584 2988 1701 3029 eam
1732 2976 1957 3043 noverit,
1993 2976 2083 3047 qui

492 3057 667 3127 reipsa
699 3059 842 3114 illam
870 3062 1193 3131 experietur.

563 3151 617 3205 4.
661 3151 913 3220 Quartam
958 3166 1214 3225 praeterea
1256 3172 1509 3213 coronam
1550 3159 1854 3231 adjungam,
1882 3176 2085 3232 quaese

494 3241 650 3297 nobis
691 3244 847 3299 oll‘ert
890 3262 956 3300 ex
1000 3246 1099 3302 hoc
1138 3250 1467 3319 episcopatu.
1519 3252 1776 3317 Qumnam
1821 3264 1903 3308 est
1950 3255 2085 3309 ista?

494 3333 647 3399 Quod
678 3334 791 3403 ipse
819 3337 1067 3391 nimirum
1110 3340 1333 3408 patriam
1376 3353 1611 3397 nostram
1650 3344 1983 3413 gubernavit.
2027 3345 2084 3402 Si

493 3423 637 3477 enim
659 3435 872 3480 centum
904 3425 1168 3494 homines,
1192 3431 1276 3484 vel
1302 3432 1463 3486 etiam
1491 3434 1871 3507 quinquaginta
1899 3453 2085 3507 regere

495 3515 711 3572 difﬁcile
739 3528 839 3582 est,
872 3528 1082 3589 quantae
1111 3522 1320 3577 virtutis
1339 3539 1403 3579 ac
1424 3527 1698 3594 sapienlize
1721 3527 1880 3583 debet
1903 3529 2087 3583 existi-

498 3610 631 3663 mari
677 3618 783 3664 tam
821 3612 1089 3667 celebrem
1120 3614 1306 3671 urbem
1336 3617 1731 3686 administrare,
1756 3631 1954 3676 etcum
1987 3637 2084 3691 po-

494 3700 679 3770 pulum
723 3718 907 3770 regcre
927 3745 943 3769 ,
972 3706 1061 3775 qui
1092 3707 1320 3762 ducenta
1350 3711 1621 3766 contineat
1649 3710 1923 3768 hominum
1963 3715 2084 3769 mil-

496 3790 565 3842 lia
593 3790 695 3863 (a)?
724 3791 933 3847 Etenim
961 3784 1100 3850 sicut
1127 3797 1178 3850 in
1202 3800 1525 3856 exercitibus
1548 3802 1782 3872 legiones
1799 3808 2083 3873 praetoriae,

497 3895 721 3950 quaeque
744 3887 1140 3942 numerosiores
1160 3899 1303 3953 sunt,
1329 3892 1668 3961 peritioribus
1694 3894 1915 3951 ducibus
1939 3912 2087 3951 com-

499 3972 784 4028 mittuntur
812 3992 825 4028 :
858 3976 935 4031 sic
963 3978 1124 4034 etiam
1154 3980 1205 4034 in
1234 3982 1568 4049 civitatibus,
1600 3986 1830 4056 majores
1867 3990 2087 4058 populo-

496 4065 775 4137 sioresque
797 4070 1190 4140 probatioribus
1211 4076 1339 4130 viris
1364 4078 1724 4148 assignantur.
1752 4081 2084 4154 Quamquam

496 4167 552 4211 et
592 4161 857 4229 prtecipua
904 4162 1013 4218 Deo
1058 4164 1281 4235 hujusce
1304 4167 1532 4225 civitatis
1557 4186 1684 4227 cura
1713 4173 1830 4241 fuit,
1864 4176 1915 4229 id
1942 4176 2084 4246 quod

497 4261 551 4305 et
585 4267 641 4304 re
666 4254 776 4320 ipsa
807 4253 1096 4311 declaravit
1126 4278 1139 4311 :
1170 4260 1433 4331 siquidem
1461 4279 1619 4334 quem
1649 4268 1742 4321 toti
1770 4268 1888 4323 orbi
1916 4278 2084 4324 terra-

496 4356 614 4395 rum
663 4344 919 4412 prtefecit,
974 4349 1210 4417 Petrum,
1256 4354 1341 4408 cui
1392 4356 1573 4413 claves
1616 4359 1870 4415 ctelorum
1916 4362 2082 4430 dedit,

498 4434 650 4502 cujus
671 4436 891 4491 arbitrio
911 4449 965 4493 et
984 4444 1233 4509 potestati
1255 4457 1443 4504 cuncta
1472 4452 1732 4519 permisit,
1758 4452 1900 4508 hunc
1927 4455 2086 4526 longo

501 4533 741 4593 tempore
770 4527 855 4583 hic
874 4528 1035 4598 jussit
1058 4538 1408 4602 commorari;
1452 4540 1523 4595 ita
1551 4556 1742 4613 nempe
1770 4544 1867 4613 ipsi
1900 4548 2087 4603 civitas

502 4627 681 4708 nostra
709 4619 823 4673 orbi
871 4630 1129 4676 terrarum
1179 4640 1275 4696 par
1314 4628 1427 4685 fere
1469 4631 1769 4689 videbatur.
1814 4637 1916 4692 Sed
1964 4639 2087 4708 quia

502 4707 641 4762 Petri
684 4711 1009 4768 mentionem
1055 4714 1187 4782 feci,
1232 4719 1469 4789 quintam
1514 4738 1580 4777 ex
1625 4724 1741 4795 ipso
1779 4707 2086 4785 contextam

499 4812 751 4892 coronam
791 4804 1144 4861 animadverti
1182 4825 1196 4862 :
1239 4812 1490 4880 quoniam
1534 4814 1605 4869 illi
1651 4817 1703 4871 in
1748 4820 2087 4892 episcopatus

501 4888 757 4960 dignitate
779 4897 1057 4951 successit.
1088 4897 1221 4953 Nam
1250 4910 1306 4955 ut
1332 4902 1377 4955 si
1398 4904 1519 4975 quis
1541 4920 1573 4961 e
1596 4888 1953 4966 fundamentis
1975 4929 2087 4968 ma-

498 4997 659 5051 gnum
692 4985 921 5054 lapidem
952 4998 1137 5057 eruat,
1170 4992 1399 5051 alterum
1430 4998 1650 5054 omnino
1683 5018 1862 5071 parem
1892 5005 1942 5059 in
1970 5006 2087 5076 ejus

501 5075 620 5128 loco
657 5085 881 5132 conatur
916 5084 1269 5152 constituere,
1302 5088 1407 5144 nisi
1440 5092 1568 5147 velit
1606 5102 1772 5150 totum
1801 5075 2085 5156 :ediﬁcium

498 5174 788 5223 concutere
827 5184 888 5224 ac
937 5171 1165 5231 debilius
1209 5178 1435 5235 reddere
1468 5200 1482 5235 :
1516 5183 1587 5239 ita
1616 5199 1739 5241 cum
1767 5188 1957 5245 Petrus
1979 5192 2089 5246 An-

500 5257 697 5313 tiochia
725 5268 869 5315 esset
890 5261 1221 5322 discessurus
1240 5310 1256 5335 ,
1287 5270 1513 5328 alterum
1552 5274 1712 5331 Petro
1740 5294 1922 5348 parem
1947 5297 2088 5351 prie-

496 5360 768 5419 ceptorem
807 5354 973 5423 gratia
1016 5354 1245 5426 Spiritus
1289 5362 1583 5434 substituit,
1632 5382 1699 5423 ne
1738 5379 1941 5425 structa
1977 5376 2088 5443 jam

498 5446 783 5502 :ediﬁcatio
806 5452 1134 5507 successoris
1164 5454 1526 5515 imbecillitate
1552 5460 1779 5519 debilior
1805 5466 1976 5521 ﬁeret.

574 5536 804 5610 Quinque
838 5540 1030 5613 lgnan'i
1069 5562 1286 5601 coronae.
1310 5578 1381 5589 —
1406 5550 1651 5623 Quinque
1675 5570 1903 5613 coronas
1931 5559 2089 5629 igitur
2126 5606 2133 5611 .

498 5631 932 5687 eunmeravimus
966 5651 980 5687 :
1008 5650 1071 5690 ex
1098 5638 1430 5707 przel'ectura:
1455 5645 1825 5715 amplitudine,
1849 5666 1912 5707 ex
1939 5653 2086 5710 ordi-

558 5719 637 5782 (a)
667 5720 933 5774 Antiochia
956 5726 1163 5779 ducenta
1188 5736 1329 5781 erant
1361 5732 1608 5786 hominum
1632 5737 1800 5790 millia.

3676 282 3779 340 59‘!

2185 388 2424 443 nantium
2446 387 2734 459 dignitate,
2770 404 2836 444 ex
2865 388 3177 446 difﬁcultate
3208 399 3531 463 temporum,
3558 409 3622 450 ex
3646 396 3779 451 civi-

2182 480 2305 535 tatis
2351 479 2739 550 magnitudine,
2788 496 2854 535 ex
2894 482 3088 537 virtute
3128 482 3289 549 illius,
3330 485 3421 555 qui
3464 486 3511 541 ei
3558 486 3778 544 tradidit

2182 572 2574 644 pr:el'ecturam.
2600 574 2950 630 Hisomnibus
2965 577 3229 632 contextis
3252 579 3468 634 coronis
3495 591 3698 653 sextam
3722 592 3777 637 et

2184 666 2488 736 septimam,
2518 677 2572 722 et
2604 666 2687 722 bis
2715 669 2876 722 etiam
2905 667 3087 738 plures
3112 668 3302 726 licebat
3328 670 3616 741 adjungcre
3646 692 3660 729 :
3687 690 3779 729 ve-

2184 773 2301 812 rum
2345 774 2412 813 ne
2449 769 2618 813 totum
2653 768 2867 830 tempus
2894 760 2948 814 in
2977 760 3318 830 episcopatus
3346 763 3777 821 consideratione

2183 848 2505 904 collocantes
2526 849 2595 904 ab
2617 850 2700 915 iis,
2725 866 2843 921 qu:e
2865 850 2931 905 ad
2952 866 3075 905 eum
3100 852 3175 906 uti
3196 865 3482 925 martyrem
3513 865 3778 926 spectant,

2183 941 2495 996 enarrandis
2521 943 2888 1008 excludamur,
2921 959 3019 1014 age
3048 944 3305 1017 deince'ps
3335 946 3400 1001 ad
3430 948 3570 1002 illius
3598 958 3777 1004 certa-

2185 1036 2327 1088 mina
2368 1035 2778 1091 contendamus.
2830 1035 3004 1093 Grave
3042 1038 3172 1091 olim
3212 1039 3467 1094 adversus
3510 1039 3779 1096 Ecclesias

2185 1128 2473 1180 excitatum
2510 1136 2593 1181 est
2624 1127 2844 1194 bellum,
2878 1137 2933 1183 et
2964 1138 3230 1199 tamquam
3263 1131 3555 1185 suavissima
3589 1141 3777 1191 tyran-

2188 1217 2311 1271 uide
2355 1219 2541 1273 orbem
2581 1228 2899 1288 occupante,
2932 1235 2963 1275 e
2988 1220 3164 1275 medio
3195 1220 3311 1276 foro
3337 1221 3584 1278 homines
3611 1236 3783 1277 corri-

2187 1310 2492 1379 piehantur,
2523 1312 2650 1365 nulli
2675 1312 2890 1367 obnoxii
2918 1313 3109 1383 culpae.
3138 1312 3232 1367 sed
3255 1314 3394 1383 quod
3418 1315 3487 1369 ab
3506 1318 3781 1370 erroribus

2185 1401 2504 1456 recedentes
2527 1402 2591 1456 ad
2616 1418 2792 1457 veram
2823 1404 3035 1473 pietatis
3067 1404 3380 1474 religionem
3406 1408 3778 1469 accurrebant,

2186 1492 2326 1560 quod
2373 1508 2401 1546 a
2449 1491 2752 1547 daemonum
2804 1494 3187 1564 superstitione
3224 1496 3602 1563 discesserant,
3636 1498 3781 1567 quod

2187 1597 2371 1636 verum
2406 1583 2568 1637 Deum
2592 1584 2974 1654 agnoscebant,
3003 1585 3143 1655 quod
3174 1585 3364 1640 Filitnn
3387 1587 3501 1657 ejus
3531 1589 3781 1659 unigeni-

2190 1684 2298 1728 tum
2329 1674 2623 1729 adorabant
2652 1691 2666 1729 :
2699 1686 2856 1747 atque
2888 1678 2955 1731 ita
2983 1693 3170 1733 omnes
3210 1678 3407 1734 Christt
3453 1679 3611 1735 ﬁdem
3656 1697 3779 1735 am-

2189 1768 2349 1839 plexi,
2378 1784 2497 1823 cum
2529 1779 2709 1824 essent
2731 1770 2945 1825 coronis
2969 1812 2984 1836 ,
3015 1771 3368 1828 admiratione
3392 1781 3550 1843 atque
3576 1774 3782 1831 honore

2188 1860 2352 1929 digni,
2381 1860 2705 1929 gravissimis
2740 1871 2896 1932 atque
2932 1862 3404 1918 innumerabilibus
3453 1864 3781 1920 cruciatibus

2187 1954 2556 2007 al'ﬁciebantnr
2580 1995 2594 2017 ,
2636 1954 2804 2009 multo
2835 1970 2961 2010 vero
2988 1956 3155 2026 magis
3185 1954 3543 2011 Ecclesiarum
3568 1957 3780 2011 antisti-

2190 2055 2289 2099 tcs.
2322 2044 2579 2100 Vcrsutus
2618 2046 2759 2101 enim
2791 2046 3052 2114 diabolus,
3096 2056 3149 2102 et
3192 2046 3256 2101 ad
3300 2047 3579 2102 struendas
3625 2058 3782 2118 aptus

2190 2138 2428 2205 insidias,
2462 2139 2727 2209 Sperabat,
2752 2141 2793 2194 si
2823 2151 3059 2210 pastores
3085 2141 3404 2207 sustulisset,
3432 2140 3586 2195 ovilia
3615 2156 3675 2197 se
3706 2142 3785 2197 la-

2188 2232 2291 2287 cile
2314 2232 2665 2302 direpturum.
2689 2233 2794 2289 Sed
2823 2235 2913 2304 qui
2937 2234 3341 2305 comprehendit
3368 2244 3572 2290 astutos
3598 2236 3652 2290 in
3682 2250 3780 2290 eo—

2190 2342 2307 2381 rum
2347 2327 2537 2380 astutia
2558 2369 2571 2391 ,
2605 2326 2894 2382 ostendens
2923 2327 3190 2382 Ecclesias
3216 2342 3340 2382 suas
3369 2342 3476 2382 non
3508 2327 3575 2382 ab
3604 2326 3782 2382 homi-

2190 2420 2344 2473 nibus
2368 2420 2674 2490 gubernari,
2708 2420 2802 2475 sed
2830 2435 2945 2487 eos,
2976 2420 3064 2490 qui
3089 2420 3139 2473 in
3168 2420 3338 2491 ipsum
3367 2420 3609 2485 credunt,
3639 2436 3786 2475 sem-

2190 2527 2285 2581 per
2314 2527 2344 2565 a
2370 2527 2428 2566 se
2458 2512 2585 2582 regi,
2623 2512 2673 2567 id
2706 2511 2817 2567 ﬁeri
2848 2510 3209 2583 permittebat,
3254 2520 3312 2566 ut
3354 2526 3474 2566 cum
3514 2519 3781 2574 cerneret,

2190 2604 2487 2657 rectoribus
2514 2603 2758 2669 sublatis,
2791 2619 2895 2658 non
2938 2613 3115 2657 tamen
3153 2603 3466 2674 religionem
3515 2604 3782 2669 imminui,

2190 2709 2291 2749 nec
2318 2695 2553 2749 veritatis
2582 2695 3013 2765 prmdicationem
3041 2694 3326 2765 exstingui,
3359 2694 3451 2750 sed
3479 2697 3653 2765 potius
3678 2712 3784 2750 au-

2190 2785 2324 2856 geri,
2354 2801 2423 2840 ex
2456 2786 2615 2840 rebus
2655 2787 2782 2856 ipsis
2822 2794 2877 2841 et
2922 2786 3053 2855 ipse,
3081 2793 3136 2840 et
3175 2786 3265 2856 qui
3304 2786 3353 2840 ei
3396 2786 3784 2861 inserviebam,

2188 2891 2377 2930 omnes
2424 2877 2820 2947 intelligerent,
2864 2876 3283 2932 Christianorum
3314 2877 3645 2946 disciplinam
3672 2894 3783 2933 non

2189 2968 2257 3023 ab
2290 2968 2596 3024 hominibus
2636 2969 2887 3039 pendere,
2935 2968 3028 3023 sed
3067 2969 3119 3023 in
3164 2968 3311 3023 caelis
3348 2969 3553 3023 radices
3596 2984 3779 3039 agere,

2191 3061 2463 3132 Deumque
2487 3076 2625 3129 esse,
2655 3061 2743 3132 qui
2785 3061 2981 3132 ubique
3023 3060 3288 3115 Ecclesias
3319 3069 3574 3129 tueretur,
3607 3070 3660 3115 et
3688 3062 3780 3131 qui

2189 3167 2309 3207 cum
2342 3153 2451 3207 Deo
2480 3150 2677 3207 bellum
2702 3158 2973 3221 gererent,
3008 3166 3294 3220 numquam
3326 3165 3480 3219 posse
3504 3150 3785 3206 discedere

2188 3246 2514 3316 superiores.
2566 3243 2749 3314 Neque
2775 3259 2901 3299 vero
2931 3243 2979 3298 id
3007 3244 3180 3298 solum
3209 3242 3451 3298 diabolus
3470 3286 3486 3311 ,
3517 3243 3607 3297 sed
3634 3243 3783 3297 aliud

2191 3354 2295 3391 non
2326 3336 2500 3391 minus
2525 3351 2684 3406 grave
2707 3335 3129 3390 machinabatur.
3159 3334 3271 3389 Non
3292 3335 3433 3389 enim
3462 3335 3513 3387 in
3538 3334 3781 3400 urbibus,

2189 3429 2382 3499 quibus
2429 3436 2723 3498 prmerant,
2770 3426 3022 3481 trucidari
3066 3428 3348 3497 episc0pos
3390 3427 3639 3491 sinebat;
3686 3426 3783 3482 sed

2189 3535 2405 3589 Operam
2453 3518 2639 3584 dabat,
2688 3526 2743 3573 ut
2786 3518 2837 3573 in
2878 3528 3127 3573 externas
3170 3518 3414 3572 civitates
3457 3518 3709 3572 abstracti
3752 3533 3783 3574 e

2190 3614 2365 3669 medio
2395 3614 2724 3668 tollerentur.
2758 3612 2811 3667 ld
2838 3621 3012 3666 autem
3040 3610 3267 3682 agebat,
3307 3611 3464 3665 simul
3495 3619 3549 3665 ut
3590 3625 3786 3666 neces;

2190 3706 2344 3760 sariis
2371 3706 2529 3759 rebus
2556 3704 2930 3775 spoliarentur,
2956 3704 3110 3757 simul
3137 3712 3196 3758 ut
3223 3704 3430 3759 itineris
3449 3703 3630 3759 labore
3649 3718 3785 3757 con-

2190 3796 2313 3852 fecti
2363 3797 2717 3853 redderentur
2761 3797 3134 3851 imbecilliores
3163 3814 3178 3850 :
3207 3797 3348 3867 quod
3390 3796 3441 3850 in
3478 3795 3578 3851 hoc
3618 3798 3783 3850 etiam

2191 3888 2349 3944 beato
2375 3890 2488 3943 viro
2518 3889 2661 3943 fecit.
2705 3888 2780 3942 Ex
2814 3897 2993 3943 nostra
3023 3888 3166 3943 enim
3194 3889 3404 3942 civitate
3427 3887 3650 3941 Romam
3683 3888 3784 3942 ab-

2190 3980 2489 4035 ducendum
2516 3982 2739 4046 curavit,
2778 3980 3013 4050 longiora
3043 3979 3140 4049 ipsi
3168 3994 3355 4033 cursus
3384 3980 3551 4049 Spatia
3578 3994 3781 4049 propo-

2191 4086 2345 4137 nens,
2379 4081 2434 4125 ut
2464 4080 2516 4125 et
2558 4071 2764 4125 itineris
2798 4079 2851 4125 et
2881 4071 3137 4140 temporis
3168 4070 3495 4141 longitudine
3522 4070 3619 4124 viri
3650 4085 3788 4125 con-

2191 4164 2439 4218 Stantiam
2472 4162 2835 4229 labefactaret,
2863 4163 3077 4233 ignarus
3105 4160 3247 4233 quod
3267 4203 3282 4228 ,
3312 4161 3547 4216 sodalem
3577 4160 3786 4216 habens

2190 4253 2370 4310 Jesum
2403 4263 2455 4309 et
2485 4256 2610 4309 tanti
2642 4255 2848 4309 itineris
2871 4254 3143 4317 comitem,
3169 4253 3335 4307 multo
3353 4252 3572 4305 validior
3600 4251 3785 4317 ﬁebat,

2190 4356 2244 4403 et
2266 4348 2493 4413 virtutis,
2522 4362 2642 4417 qua:
2667 4363 2848 4402 secum
2874 4354 3036 4413 esset,
3060 4345 3231 4415 majus
3254 4354 3625 4415 argumentum
3648 4359 3793 4413 pra:-

2193 4438 2372 4505 bebat,
2394 4448 2445 4493 et
2477 4438 2746 4493 Ecclesias
2774 4438 2941 4507 magis
2965 4436 3334 4491 conﬁrmabat.
3358 4435 3612 4490 Civitates
3637 4435 3796 4491 enim

2193 4546 2311 4600 qure
2355 4531 2407 4585 in
2442 4546 2502 4585 ea
2533 4530 2615 4584 via
2653 4539 2824 4595 erant,
2856 4529 3091 4597 undique
3113 4539 3511 4593 concurrentes,
3546 4528 3794 4597 pugilem

2191 4623 2528 4689 excitabant,
2570 4632 2623 4677 et
2664 4636 2783 4676 cum
2823 4637 3013 4691 magno
3058 4630 3357 4675 commeatu
3405 4618 3801 4686 dimittebant,

2192 4715 2442 4787 precibus
2487 4725 2541 4770 et
2584 4715 3053 4786 supplicationibus
3083 4730 3202 4769 cum
3232 4713 3347 4783 ipso
3376 4721 3663 4767 certantes.
3726 4712 3809 4767 Et

2193 4809 2323 4878 ipsa:
2362 4809 2778 4864 consolationem
2822 4822 2925 4861 non
2968 4806 3241 4877 vulgarem
3271 4821 3336 4860 ex
3378 4805 3494 4875 ipso
3525 4805 3807 4874 percipio-

2192 4901 2340 4967 baut,
2383 4911 2663 4956 cernentes
2706 4909 2995 4970 martyrem
3042 4906 3184 4952 tanta
3228 4913 3347 4952 cum
3396 4896 3673 4950 alacritate
3725 4897 3813 4951 ad

2193 5002 2417 5047 mortem
2461 5006 2709 5057 currere,
2756 5000 2951 5062 quanta
2991 5004 3086 5059 par
3112 4998 3228 5044 erat
3272 5003 3415 5055 eum,
3460 4988 3548 5058 qui
3591 4989 3663 5040 ad
3706 5004 3827 5042 re-

2192 5101 2295 5157 gna
2341 5085 2594 5140 caelorum
2646 5083 3089 5155 proﬁcisceretur.
3135 5083 3211 5137 Ac
3249 5097 3307 5137 re
3335 5081 3548 5152 quidem
3578 5080 3696 5149 ipsa
3734 5098 3827 5138 ex

2193 5190 2441 5252 prompto
2472 5180 2615 5235 illius
2640 5180 2818 5234 animo
2845 5178 3141 5245 discebant,
3172 5193 3290 5234 eam
3335 5191 3441 5232 non
3480 5191 3599 5231 esse
3647 5193 3832 5232 inor-

2196 5284 2341 5339 tent,
2394 5273 2461 5327 ad
2527 5288 2685 5344 quam
2752 5273 3107 5344 properabat;
3159 5271 3254 5328 sed
3302 5271 3838 5341 peregrinationem

2192 5365 2499 5437 quamdam,
2530 5374 2585 5421 et
2631 5366 2909 5421 transitum
2953 5374 3110 5436 atque
3148 5379 3427 5419 ascensum
3470 5364 3521 5418 in
3570 5366 3841 5423 cit-lum.

2194 5459 2320 5515 llzec
2365 5469 2543 5514 autem
2593 5468 2701 5513 tum
2752 5458 2941 5527 dictis,
2984 5468 3093 5513 tum
3143 5458 3291 5513 factis
3322 5457 3373 5511 in
3401 5458 3543 5512 omni
3572 5456 3849 5521 civitate

2194 5551 2412 5617 docens,
2436 5551 2697 5606 discessit.
2724 5550 2792 5605 Et
2811 5552 2945 5606 sicut
2968 5550 3136 5605 Judaei
3159 5566 3277 5604 cum
3303 5549 3517 5603 Paulum
3548 5549 3852 5613 vinctum

2194 5644 2418 5703 Romam
2464 5642 2779 5698 mittendum
2821 5652 3103 5705 curarunt,
3134 5640 3335 5712 Opinati
3375 5648 3498 5695 sunt
3535 5655 3593 5695 sc
3637 5642 3852 5707 illum

2196 5734 2263 5791 ad
2292 5744 2515 5793 mortem
2544 5735 2774 5807 mittere,
2807 5742 3038 5791 attamen
3066 5732 3262 5792 Judxis
3291 5734 3397 5790 illic
3426 5733 3855 5801 habitantibus
