4080 6196
411 269 524 322 ’ὅτιὸ
1188 270 1244 326 8.
1283 271 1566 329 JOANNIS
1605 267 2088 328 CHRYSOSTOMI
2126 268 2441 327 ARCIIIEP.
2484 267 3031 330 CONSTANTINOP.

415 383 574 437 τοῦτο
615 381 728 456 νδὴι
765 384 858 438 καὶ
909 385 1000 438 ἐπὶ
1041 386 1295 451 ’ἰγνατίου
1342 387 1532 455 γέγονε
1584 386 1720 454 μετᾶ
1765 387 2081 457 περιουσίας

417 477 582 534 τινός.
615 470 748 525 Οὐδὲ
777 472 884 544 7&9
925 473 1039 536 τοῖς
1075 475 1175 544 τὴν
1209 473 1427 545 Ῥώμην
1471 474 1679 527 οἰκοῦσι
1712 473 1914 545 μόνοις,
1946 473 2083 527 ἀλλά

419 560 514 613 καὶ
543 561 662 622 ταῖς
691 561 748 613 ἐν
783 557 859 630 τῷ
895 559 1046 631 μέσῳ
1077 559 1359 632 κειμέναις
1392 561 1610 615 πόλεσιν
1652 561 1893 626 ἀπάσαις
1935 561 2081 615 διδά-

420 647 619 711 σκαλος
651 648 815 720 ἀπῄει
848 648 1167 720 θαυμάσιος,
1197 649 1398 703 πείθων
1431 652 1792 722 καταφρονεῖν
1819 652 1918 720 τῆς
1942 667 2082 718 παρ-

416 734 584 805 ούσης
611 735 780 806 ζωῆς,
813 736 908 790 καὶ
941 737 1106 807 μηδὲν
1134 736 1474 807 ἡγεῖσθαιτά
1502 736 1832 807 βλεπόμενα,
1859 736 1952 790 καὶ
1974 723 2099 788 τῶν

421 822 722 890 μελλόντων
770 824 922 895 ἐρᾷν,
952 824 1047 876 καὶ
1097 825 1234 894 πρὸς
1281 824 1373 877 τὸν
1422 823 1648 895 οὐρανὸν
1703 823 1940 893 βλέπειν,
1989 823 2082 876 καὶ

419 908 558 978 πρὸς
607 909 770 980 μηδὲν
815 912 924 976 τῶν
953 913 1009 963 ἐν
1041 910 1118 981 τῷ
1148 911 1373 981 παρόντι
1402 909 1502 981 βίῳ
1532 909 1717 963 δεινῶν
1759 907 2082 979 ἐπιστρέφε-

424 995 566 1049 σθαι.
595 997 778 1051 Ταῦτα
807 996 917 1070 7&9
948 998 1042 1051 καὶ
1069 999 1134 1050 τὰ
1157 996 1360 1051 τούτων
1389 997 1610 1050 πλείονα
1639 997 1726 1050 διά
1767 996 1875 1049 τῶν
1906 995 2082 1066 ἔργων

423 1085 621 1148 αὐτοὺς
645 1085 913 1138 παιδεύων
941 1085 1127 1150 ὥδευε,
1151 1085 1402 1157 καθάπερ
1431 1085 1581 1157 ἥλιός
1607 1102 1691 1148 τις
1729 1081 1789 1149 ἐξ
1820 1082 2082 1152 ἀνατολῆς

423 1171 660 1241 ἀνίσχων
709 1174 803 1226 καὶ
852 1174 988 1244 πρὸς
1023 1175 1122 1245 τὴν
1166 1173 1316 1227 δύσιν
1363 1161 1604 1244 τρέχων·
1643 1171 1843 1242 μᾶλλον
1888 1169 1943 1222 δέ
1990 1171 2083 1223 καὶ

422 1261 614 1311 τούτου
663 1260 1050 1331 φαιδρότερος·
1101 1253 1256 1323 οὗτος
1292 1261 1390 1330 μὲν
1433 1259 1542 1330 γάρ
1589 1258 1797 1312 ἀνωθεν
1838 1257 2080 1328 ἔτρεχεν,

420 1347 676 1418 αἰσθητὸν
723 1347 871 1416 ἄγων
919 1348 1055 1418 φῶς,
1074 1348 1330 1416 Ἰγνάτιος
1363 1347 1420 1400 δέ
1468 1346 1712 1400 κάτωθεν
1747 1345 2079 1414 ἁντέλαμπε,

419 1435 609 1504 νοητὸν
647 1434 762 1503 φῶς
793 1435 1141 1498 διδασκαλίας
1176 1437 1318 1497 ταῖς
1365 1435 1564 1505 ψυχαῖς
1605 1433 1798 1498 ἐνιείς·
1834 1432 2084 1493 κάκεῖνος

423 1523 522 1591 μὲν
568 1525 646 1586 εἰς
691 1523 759 1576 τὰ
803 1524 902 1594 τῆς
947 1523 1153 1586 δύσεως
1193 1521 1370 1577 ἀπιὼν
1426 1521 1567 1594 μέρη
1613 1519 1934 1592 κρύπτεται,
1990 1520 2084 1572 καὶ

421 1610 592 1662 νύκτα
635 1610 835 1673 εὐθέως
862 1611 1056 1678 ἐπάγει
1086 1627 1098 1641 ·
1135 1603 1287 1672 οὗτος
1312 1609 1370 1662 δὲ
1401 1611 1480 1672 εἰς
1513 1609 1582 1661 τά
1611 1609 1708 1679 τῆς
1736 1608 1940 1671 δύσεως
1978 1609 2086 1660 ἀπ-

420 1697 589 1748 ελθὼν
623 1698 761 1768 μέρη
789 1698 1138 1770 φαιδρότερον
1158 1697 1364 1750 ἐκεῖθεν
1399 1695 1660 1756 ἀνέτειλε,
1684 1696 1924 1759 καὶτοὺς
1944 1693 2084 1749 κατά

417 1785 515 1856 τήν
549 1787 666 1839 ὁδὸν
696 1786 939 1848 ἅπαντας
985 1787 1353 1857 εὐεργετήσας
1395 1785 1463 1839 τά
1502 1784 1738 1856 μέγιστα
1761 1800 1774 1815 ·
1809 1784 1997 1854 ἐπειδὴ
2029 1785 2085 1838 δὲ

416 1875 517 1944 τῆς
553 1875 758 1938 πόλεως
793 1873 986 1944 ἐπέϐη,
1019 1874 1277 1945 κάκείνην
1316 1873 1626 1943 φιλοσοφεῖν
1653 1873 1955 1926 ἐπαίδευσε.
1987 1873 2085 1926 Διά

420 1961 528 2031 γάρ
557 1961 714 2014 τοῦτο
744 1962 838 2014 καὶ
875 1964 904 2014 6
933 1961 1064 2024 Θεὸς
1099 1960 1477 2032 συνεχώρησεν
1506 1961 1624 2013 ἐκεῖ
1659 1960 1749 2013 τὸν
1782 1959 1896 2030 βίον
1923 1959 2085 2012 αὑτὸν

421 2051 741 2114 καταλῦσαι,
771 2049 908 2103 ῶστε
933 2049 1032 2121 τὴν
1064 2050 1251 2102 τούτου
1284 2049 1429 2122 [599]
1462 2049 1718 2120 τελευτὴν
1743 2048 2085 2102 διδασκάλιον

421 2139 671 2204 γενέσθαι
719 2138 995 2202 εὐσεϐείας
1035 2141 1144 2201 τοῖς
1175 2138 1275 2208 τὴν
1305 2136 1528 2208 Ῥώμην
1569 2136 1812 2190 οἰκοῦσιν
1859 2136 2104 2212 ἄπεισιν.¹

434 2225 624 2294 ⁹Υμεῖς
658 2225 755 2294 μὲν
787 2225 894 2296 γὰρ
924 2227 991 2295 τῇ
1032 2227 1124 2278 τοῦ
1175 2224 1312 2277 Θεοῦ
1359 2227 1542 2296 χάριτι
1580 2225 1835 2294 οὐδεμιᾶς
1875 2224 2087 2276 ἐδέεσθε

422 2312 606 2364 λοιπὸν
643 2311 992 2375 ἀποδείξεως,
1016 2311 1378 2382 ἐρριζωμένοι
1409 2309 1550 2363 κατά
1587 2311 1686 2379 τὴν
1710 2310 1894 2362 πίστιν
1919 2326 1934 2340 ·
1959 2311 2007 2363 οἰ
2030 2310 2086 2364 δὲ

423 2402 521 2469 τὴν
554 2399 771 2470 Ῥώμην
803 2399 1100 2464 οἰκοῦντες,
1126 2399 1220 2452 ἀτε
1260 2397 1457 2469 πολλῆς
1491 2398 1611 2451 τότε
1640 2397 1895 2461 ἀσεϐείας
1921 2396 2088 2468 οὐσης

422 2489 558 2550 ἐκεῖ,
590 2487 831 2550 πλείονος
873 2485 1102 2558 ἔχρῃζον
1145 2485 1415 2557 βοηθείας.
1446 2484 1545 2538 Διά
1578 2484 1737 2538 τοῦτο
1767 2486 1859 2539 καὶ
1884 2486 2086 2555 Πέτρος

424 2574 518 2626 καὶ
548 2574 753 2637 Παῦλος
780 2575 872 2628 καὶ
907 2575 1024 2644 μετ’
1044 2574 1284 2637 ἐκείνους
1310 2567 1462 2638 οὗτος
1506 2575 1623 2627 ἐκεῖ
1666 2574 1866 2638 πάντες
1891 2573 2086 2644 ἐτύθη-

425 2679 525 2714 σαν
544 2679 556 2692 ·
588 2661 744 2714 τοῦτο
774 2661 872 2731 μὲν
905 2661 991 2714 ἵνα
1023 2661 1374 2732 μολυνθεῖσαν
1412 2661 1510 2732 τὴν
1546 2661 1701 2715 πόλιν
1738 2665 1850 2725 τοῖς
1875 2661 1982 2715 τῶν
2011 2662 2086 2714 εἰ-

423 2749 605 2802 δώλων
630 2749 844 2819 αἵμασι,
875 2750 988 2812 τοῖς
1021 2750 1242 2812 οἰκείοις
1276 2750 1502 2819 αἴμασιν
1529 2748 1898 2819 ἐκκαθάρωσι,
1928 2746 2088 2801 τοῦτο

423 2835 479 2888 δὲ
515 2835 600 2888 ἶνα
628 2835 725 2904 τῆς
757 2835 1104 2900 ἀναστάσεως
1128 2836 1222 2889 τοῦ
1266 2835 1668 2907 σταυρωθέντος
1716 2835 1954 2908 Χριστοῦ
1997 2835 2085 2888 διὰ

424 2922 530 2976 τῶν
561 2922 737 2992 ἔργων
767 2923 1156 2992 παράσχωνται
1193 2923 1293 2994 τὴν
1322 2921 1614 2987 ἀπόδειξιν,
1647 2924 1932 2986 πείσαντες
1960 2924 2086 2986 τοὺς

425 3011 523 3082 τὴν
553 3011 771 3081 Ῥώμην
802 3009 1083 3073 οἰκοῦντας
1117 3011 1192 3074 ὼς
1222 3011 1321 3063 οὐκ
1347 3011 1413 3065 ἀν
1437 3010 1577 3079 μετά
1601 3011 1866 3081 τοσαύτης
1896 3011 2088 3080 ἡδονῆς

425 3099 527 3168 τῆς
567 3099 848 3169 παρούσης
875 3098 1289 3168 κατεφρόνησαν
1321 3097 1490 3168 ζωῆς,
1526 3099 1575 3151 εί
1606 3098 1681 3170 μὴ
1717 3098 1922 3169 σφόδρα
1949 3094 2088 3168 ἦσαν

427 3184 748 3247 πεπεικότες
777 3185 1020 3248 ἐαυτοὺς,
1055 3185 1137 3237 ὅτι
1175 3184 1310 3255 πρὸς
1346 3184 1435 3239 τὸν
1478 3185 1892 3255 ἐσταυρωμένον
1935 3185 2089 3256 ἔμελ-

387 3311 390 3316 .
428 3272 519 3327 λον
545 3271 853 3326 ἀναϐαίνειν
887 3271 1112 3342 Ἰησοῦν,
1155 3274 1249 3326 καὶ
1280 3275 1338 3326 ἐν
1363 3275 1474 3336 τοῖς
1498 3259 1933 3345 οὐρανοῖςάὑτὸν
1961 3272 2089 3342 ὅψε-

431 3359 576 3415 σθαι.
605 3358 852 3429 Μεγίστη
885 3358 996 3429 γάρ
1021 3358 1187 3422 ὅντως
1215 3359 1567 3423 ἀναστάσεως
1596 3359 1866 3422 ἀπόδειξις
1904 3359 1964 3412 τὸ
1999 3360 2090 3414 τὸν

431 3449 707 3517 σφαγέντα
754 3446 985 3518 Χριστὸν
1035 3446 1303 3517 τοσαύτην
1346 3447 1484 3517 μετά
1547 3446 1772 3500 θάνατον
1819 3446 2089 3510 ἐπιδείξα-

433 3534 556 3589 σθαι
594 3535 842 3603 δύναμιν,
878 3533 952 3596 ώς
991 3533 1116 3596 τοὺς
1145 3531 1354 3597 ζῶντας
1399 3531 1715 3604 ἀνθρώπους
1764 3536 1948 3586 πεῖσαι
1997 3533 2092 3586 καὶ

433 3609 706 3692 πατρίδος,
765 3621 860 3674 καὶ
901 3620 1099 3684 οἰκίας,
1151 3621 1242 3673 καὶ
1279 3620 1467 3688 φίλων,
1498 3620 1591 3673 καὶ
1641 3621 1946 3688 συγγενῶν,
1998 3620 2092 3674 καὶ

434 3710 599 3780 αὐτῆς
623 3709 897 3780 ὑπεριδεῖν
919 3707 1017 3777 τῆς
1037 3707 1182 3778 ζωῆς
1209 3707 1350 3778 ὑπὲρ
1372 3707 1468 3778 τῆς
1489 3709 1569 3770 εἰς
1597 3707 1758 3760 αὐτὸν
1779 3706 2089 3776 ὁμολογίας,

433 3799 526 3851 καὶ
559 3798 860 3867 μάστιγας,
911 3796 1004 3848 καὶ
1036 3794 1351 3859 κινδύνους,
1406 3795 1500 3849 καὶ
1538 3793 1768 3849 θάνατον
1809 3794 1928 3847 ἀντί
1981 3794 2092 3848 τῶν

435 3885 716 3956 παρόντων
745 3883 918 3955 ἡδέων
953 3882 1191 3936 ἑλέσθαι.
1214 3881 1403 3936 Ταῦτα
1429 3883 1538 3954 γάρ
1563 3882 1684 3952 οὐχὶ
1707 3880 1904 3953 νεκροῦ
1926 3899 2089 3945 τινος,

433 3972 552 4025 οὐδὲ
576 3972 668 4024 ἐπὶ
706 3971 785 4041 τῷ
813 3969 968 4040 τάφῳ
1007 3971 1309 4040 μείναντος,
1337 3969 1452 4022 ἀλλ’
1479 3969 1808 4032 ἀναστάντος
1837 3970 1929 4022 καὶ
1954 3968 2092 4033 ζῶν-

381 4119 393 4130 ,
432 4077 523 4123 τος
550 4057 618 4131 ἦν
642 4058 708 4112 τά
743 4057 1164 4130 κατορθώματα.
1191 4057 1352 4111 ΓΕπεί
1382 4058 1496 4120 πῶς
1516 4057 1582 4112 ἂν
1601 4057 1715 4128 ἔχοι
1739 4057 1916 4126 λόγον,
1933 4056 2095 4128 ἡνίκα

443 4149 534 4218 μὲν
559 4147 676 4216 ἔζη,
705 4147 832 4211 τούς
867 4147 1122 4209 συνόντας
1169 4145 1319 4216 αὐτῷ
1369 4146 1578 4208 πάντας
1616 4144 1949 4206 ἀποστόλους
1987 4143 2095 4197 ἀπὸ

435 4235 528 4288 τοῦ
563 4235 728 4303 φόϐου
763 4234 1086 4304 γενομένους
1115 4233 1540 4304 ἀσθενεστέρους
1579 4233 1872 4302 προδοῦναι
1905 4231 1994 4284 τὸν
2019 4230 2096 4283 διο

436 4321 726 4384 δάσκαλον,
755 4322 849 4375 καὶ
878 4321 1178 4390 φεύγοντας
1202 4321 1478 4387 ἀπελθεῖν,
1509 4321 1697 4392 ἐπειδὴ
1727 4321 1782 4373 δὲ
1815 4318 2096 4388 ἐτελεύτη-

441 4427 550 4473 σεν,
593 4409 668 4480 μὴ
703 4409 860 4480 μόνον
884 4409 1089 4480 Πέτρον
1128 4411 1222 4463 καὶ
1256 4408 1466 4463 Παῦλον
1489 4448 1505 4474 ,
1535 4409 1670 4462 άλλά
1709 4409 1801 4462 καὶ
1839 4407 2096 4476 ἰγνάτιον

439 4498 528 4550 τὸν
561 4497 681 4549 οὐδέ
735 4497 1019 4566 ἑωρακότα
1075 4496 1260 4560 αὑτὸν,
1311 4495 1434 4549 οὐδέ
1471 4495 1881 4549 ἀπολελαυκότα
1930 4492 2094 4547 αὑτοῦ

439 4585 537 4654 τῆς
567 4584 850 4647 συνουσίας
878 4583 1148 4653 τοσαύτην
1176 4584 1315 4654 ὑπὲρ
1347 4585 1514 4638 αὑτοῦ
1557 4582 1863 4653 προθυμίαν
1899 4581 2099 4636 ἐπιδεί-

443 4671 654 4738 ξασθαι,
675 4671 748 4736 ὡς
771 4673 864 4726 καὶ
886 4673 1054 4744 αὐτὴν
1080 4671 1145 4724 δι’
1167 4671 1328 4726 αὐτὸν
1351 4671 1626 4726 ἐπιδοῦναι
1652 4670 1748 4742 τὴν
1773 4670 1982 4741 ψυχὴν;

512 4853 572 4898 ε’.
598 4840 799 4899 Ὶνόὗν
825 4844 991 4900 ταῦτα
1013 4845 1158 4916 ἔργῳ
1177 4844 1419 4916 μάθωσιν
1439 4847 1486 4898 οἰ
1515 4844 1614 4915 τὴν
1643 4843 1861 4916 Ῥώμην
1887 4847 2100 4902 οἰκοῦν-

443 4950 534 4996 τες
561 4933 819 4996 ἅπαντες,
853 4933 1232 5004 συνεχώρησεν
1264 4935 1292 4986 6
1330 4932 1462 4996 Θεὸς
1488 4934 1605 4985 ἐκεῖ
1623 4932 1978 5010 τελειωθῆναι
2011 4936 2102 4989 τὸν

447 5021 618 5088 ἅγιον.
651 5022 761 5074 Καὶ
784 5023 863 5074 ὄτι
895 5021 1032 5091 αὐτη
1067 5022 1214 5075 ἐστὶν
1241 5021 1273 5091 ἡ
1304 5021 1472 5086 αἰτία,
1504 5019 1562 5083 ἐξ
1591 5019 1754 5073 αὑτοῦ
1775 5019 1870 5073 τοῦ
1899 5023 2102 5093 τρόπου

445 5110 544 5179 τῆς
573 5108 827 5178 τελευτῆς
859 5109 1015 5162 τοῦτο
1040 5108 1384 5178 πιστώσομαι
1420 5108 1468 5162 ιι.
1502 5107 1576 5162 Οὐ
1616 5108 1725 5179 γὰρ
1771 5107 1876 5172 ἔξω
1913 5111 2105 5179 τειχῶν

504 5375 528 5403 ⁸
553 5374 701 5426 Sas'il.
723 5373 864 5423 τοῦτο
886 5375 950 5423 δέ.

506 5435 534 5474 ιι
564 5435 697 5485 Unus
720 5435 842 5496 Reg.
884 5433 1024 5482 τοῦτο
1064 5435 1204 5490 δεῖξαι
1226 5433 1530 5496 πειράσομαι,
1561 5438 1612 5481 el
1638 5435 1708 5482 sic
1727 5432 1876 5496 Sam,
1904 5435 1953 5481 in
1979 5447 2108 5482 mar-

508 5449 534 5474 υ
565 5449 697 5485 unus
723 5449 842 5496 mg.
884 5451 1024 5482 τουτο
1064 5449 1204 5490 δειζαι
1226 5449 1301 5480 πει
1331 5450 1530 5495 ασομαι,
1561 5449 1612 5481 ει
1638 5449 1708 5482 εις
1727 5449 1876 5482 δεμ-ιι.
1904 5449 1953 5481 ιιι
1979 5449 2108 5482 mar-

439 5493 576 5556 gine,
604 5503 752 5557 atque
773 5499 838 5544 ila
859 5496 1042 5557 legisse
1069 5497 1260 5545 videtur
1282 5449 1429 5542 Ζςίηυσ
1454 5496 1774 5557 θιῌίιιιθιιρτοεν
1791 5494 2110 5557 vulgatae?!»

441 5554 575 5607 imae.
605 5554 776 5605 Mdrel.
801 5554 993 5606 vero‘et
1021 5559 1168 5610 Savil.
1198 5558 1248 5605 In
1289 5563 1424 5605 textu
1444 5554 1590 5616 τοῦτο
1630 5554 1952 5616 πιστώσομαι.
2000 5556 2108 5605 Mox

438 5633 526 5684 pro
549 5621 596 5670 ἐν
614 5617 914 5684 δικαστηρίῳ
933 5620 1198 5684 ἰηιρτρνεε,
1224 5618 1306 5679 qui
1331 5615 1494 5679 venit,
1521 5615 1570 5666 in
1592 5628 1806 5677 carcere,
1830 5615 2010 5679 legisse
2042 5619 2111 5666 vi-

431 5679 582 5729 aemr
608 5679 656 5728 ἐν
674 5679 999 5742 ﬁmi-ripa,»

3719 275 3808 332 5θί

2185 386 2243 437 ἐν
2273 385 2553 460 βαράθρῳ,
2593 389 2713 441 οὐδὲ
2738 392 2795 442 ἐν
2816 390 3173 463 δικαστηρίῳ,
3201 393 3320 448 οὐδὲ
3343 394 3401 448 ἐν
3423 393 3596 468 γωνίᾳ
3617 413 3715 450 τινι
3732 393 3814 468 τῆν

2185 474 2645 538 καταδικάζουσαν
2667 477 2883 543 ἐδέξατο
2904 479 3099 549 ψῆφον,
3121 481 3233 532 ἀλλ’
3255 483 3313 535 ἐν
3339 483 3488 553 μέσῳ
3510 483 3587 554 τῷ
3607 483 3815 554 θεάτρῳ.

2180 565 2278 633 τῆς
2312 563 2519 628 πόλεως
2544 564 2655 618 ἀνω
2684 565 3056 637 καθεζομένης
3095 567 3333 639 ἀπάσης.
3377 569 3469 622 τὸν
3503 569 3598 622 τοῦ
3632 588 3815 641 μαρτυο

2184 651 2299 719 ρίου
2327 651 2529 722 τρόπον
2560 652 2840 723 ὑπέμεινε,
2872 654 3076 724 θηρίων
3099 656 3186 708 ἐπ’
3217 656 3380 710 αὐτὸν
3410 657 3730 725 ἀφεθέντων,
3758 658 3816 712 ἶν’

2183 735 2287 788 ὑπὸ
2318 740 2439 800 ταῖς
2462 738 2718 792 ἁπάντων
2760 739 2916 808 ὄψεσι
2936 741 2996 793 τὸ
3031 741 3295 812 τρόπαιον
3335 744 3541 815 στήσας
3575 745 3706 798 κατά
3733 743 3813 798 τοῦ

2181 825 2450 891 διαϐόλου,
2497 829 2626 891 τούς
2667 827 2870 892 θεατὰς
2900 830 3145 894 ἅπαντας
3195 829 3448 900 ζηλωτάς
3480 833 3682 906 ποιήσῃ
3722 833 3816 886 τῶν

2181 912 2581 984 ἀγωνισμάτων
2603 914 2710 968 τῶν
2737 915 2956 979 ἐαυτοῦ,
2987 917 3088 969 οὐκ
3122 917 3483 988 ἀποθνήσκων
3515 919 3669 990 μόνον
3692 921 3818 973 οὑτω

2180 1001 2463 1068 γενναίως,
2489 1001 2625 1055 ἀλλά
2651 1002 2744 1057 καὶ
2774 1002 2890 1074 μεθ’
2920 1003 3111 1075 ἡδονῆς
3133 1004 3511 1076 ἀποθνήσκων.
3538 1008 3612 1060 Οὐ
3635 1009 3733 1078 γάρ
3753 1009 3818 1072 ὼς

2181 1089 2327 1159 ζωῆς
2354 1090 2799 1160 ἀπορῤήγνυσθαι
2828 1090 3058 1161 μέλλων,
3100 1091 3213 1144 ἀλλ’
3247 1091 3324 1154 ὡς
3352 1093 3608 1164 ἐπίίζωὴν
3645 1095 3821 1149 καλού-

2185 1193 2344 1246 μενος
2377 1176 2568 1246 βελτίω
2621 1177 2713 1230 καί.
2764 1179 3307 1250 πνευματικωτέραν,
3363 1179 3536 1242 οὕτως
3587 1183 3820 1252 ἀσμένως

2184 1263 2329 1335 ἐώρα
2350 1265 2417 1318 τά
2439 1264 2621 1335 θηρία.
2654 1263 2826 1317 Πόθεν
2853 1265 3010 1318 τοῦτο
3038 1265 3232 1336 δῆλον;
3281 1267 3414 1320 Ἀπὸ
3437 1267 3546 1320 τῶν
3580 1271 3644 1339 ρη
3654 1271 3822 1338 μάτων

2181 1344 2255 1403 ὧν
2293 1347 2656 1421 ἀποθνήσκειν
2696 1351 2904 1421 μέλλων
2946 1351 3265 1421 ἐφθέγξατο.
3323 1353 3588 1418 Ἀκούσας
3622 1356 3723 1426 γάρ
3749 1358 3824 1411 δτι

2182 1430 2336 1500 οὗτος
2365 1437 2525 1489 αὑτὸν
2568 1438 2666 1508 τῆς
2705 1438 2978 1510 τιμωρίας
3009 1441 3037 1491 6
3068 1440 3270 1510 τρόπος
3329 1441 3502 1510 μένει,
3547 1441 3690 1512 Ἐγὼ
3718 1443 3826 1496 τῶν

2183 1524 2401 1590 θηρίων
2444 1524 2695 1576 ἐκείνων
2751 1525 3034 1593 ὀναίμην,
3088 1525 3294 1594 ἔλεγεν.
3341 1527 3584 1582 Τοιοῦτοι
3636 1528 3738 1601 γὰρ
3778 1531 3823 1582 οἰ

2183 1610 2434 1680 ἐρῶντες·
2461 1611 2596 1681 ὅπερ
2622 1608 2689 1663 ἂν
2724 1609 3004 1682 πάσχωσιν
3053 1611 3193 1682 ὑπὲρ
3228 1611 3333 1666 τῶν
3363 1613 3674 1684 ἐρωμένων,
3714 1616 3824 1684 μεθ’

2185 1697 2378 1768 ἡδονῆς
2421 1696 2698 1767 δέχονται,
2746 1697 2841 1750 καὶ
2891 1697 3014 1750 τότε
3060 1697 3307 1753 δοκοῦσιν
3343 1701 3693 1771 ἐμφορεῖσθαι
3732 1702 3827 1772 τῆς

2188 1783 2500 1854 ἐπιθυμίας,
2528 1785 2655 1837 ὅταν
2679 1775 2858 1856 πολλῷ
2886 1784 3237 1858 χαλεπώτερα
3322 1786 3390 1840 τά
3412 1789 3682 1862 γινόμενα·
3699 1789 3827 1860 ὅπερ

2185 1868 2278 1925 οὖν
2296 1872 2386 1925 καὶ
2412 1871 2503 1924 ἐπὶ
2521 1871 2710 1924 τούτου
2739 1872 3069 1926 συνέϐαινεν.
3090 1874 3163 1926 Οὐ
3184 1874 3292 1946 γάρ
3313 1875 3389 1945 τῷ
3414 1874 3626 1946 θανάτῳ
3654 1876 3824 1946 μόνον,

2186 1961 2320 2015 ἀλλά
2353 1960 2447 2014 καὶ
2479 1963 2543 2032 τῇ
2572 1959 2852 2032 προθυμία
2880 1960 3118 2031 ζηλῶσαι
3165 1963 3290 2026 τοὺς
3329 1961 3481 2034 [600]
3514 1963 3828 2028 ἀποστόλους

2186 2047 2432 2102 ἔσπευδε·
2451 2049 2546 2103 καὶ
2566 2047 2778 2102 ἀκούων
2799 2049 2880 2101 ὅτι
2905 2047 3289 2118 μαστιχθέντεζ
3301 2051 3497 2102 ἐκεῖνοι
3517 2053 3650 2120 μετά
3668 2055 3832 2122 χαρᾶς

2186 2136 2516 2208 ἀνεχώρουν,
2553 2136 2816 2208 ἐϐουλήθη
2842 2137 2935 2190 καὶ
2971 2137 3133 2200 αὐτὸς
3173 2137 3247 2208 μὴ
3289 2139 3356 2208 τῇ
3387 2137 3610 2210 τελευτῇ
3647 2140 3830 2210 μόνον,

2188 2224 2324 2276 ἀλλά
2356 2225 2534 2295 καὶτῇ
2573 2225 2717 2295 χαρᾷ
2765 2223 3107 2293 μιμήσασθαι
3157 2224 3286 2288 τοὺς
3321 2224 3705 2289 διδασκάλους·
3750 2226 3834 2280 διά

2189 2309 2364 2372 τοῦτο,
2404 2311 2524 2366 Τῶν
2549 2310 2790 2376 θηρίων,
2821 2308 3027 2378 ἔλεγεν,
3058 2310 3334 2379 ὀναίμην.
3366 2311 3476 2364 Καὶ
3501 2311 3679 2382 πολλῷ
3717 2313 3838 2364 τού-

2187 2415 2295 2450 των
2336 2397 2666 2469 ήμερῶτερα
2722 2396 2792 2450 τὰ
2855 2397 3067 2467 τόματα
3117 2398 3365 2468 ἐνόμιζεν
3411 2395 3550 2451 εἶναι
3596 2399 3698 2470 τῆς
3745 2400 3838 2454 τοῦ

2187 2485 2446 2554 τυράννου
2477 2483 2752 2554 γλώττης,
2792 2484 2887 2538 καὶ
2921 2483 3063 2554 μάλα
3090 2484 3334 2548 εἰκότως·
3387 2485 3572 2556 ἐκείνη
3610 2486 3706 2556 μὲν
3735 2487 3841 2559 γάρ

2188 2572 2323 2643 πρὸς
2351 2573 2448 2641 τὴν
2486 2571 2710 2640 γέενναν
2749 2571 2953 2634 ἐκάλει,
2981 2571 3048 2624 τά
3084 2571 3141 2624 δὲ
3195 2571 3398 2625 τούτων
3438 2573 3682 2643 στόματα
3709 2574 3844 2644 πρὸς

2191 2659 2466 2730 βασιλείαν
2504 2658 2890 2730 παρέπεμπεν.
2937 2659 3155 2730 Ἐπειδὴ
3195 2659 3374 2712 τοίνυν
3410 2661 3708 2714 κατέλυσεν
3733 2664 3850 2716 ἐκεῖ

2188 2747 2284 2819 τὴν
2316 2746 2478 2817 ζωὴν,
2519 2747 2717 2817 μᾶλλον
2750 2747 2806 2800 δὲ
2851 2747 3040 2817 ἐπειδὴ
3065 2748 3200 2820 πρὸς
3233 2749 3325 2801 τὸν
3365 2749 3595 2821 οὐρανὸν
3637 2749 3806 2820 ἀνέϐη
3827 2787 3844 2813 ,

2190 2834 2414 2906 ἐπανῄει
2438 2834 2761 2906 στεφανίτης
2788 2833 2996 2888 λοιπόν.
3035 2836 3144 2889 Καὶ
3182 2835 3292 2907 γὰρ
3322 2836 3416 2890 καὶ
3445 2835 3603 2889 τοῦτο
3628 2837 3727 2906 τῆς
3754 2836 3848 2890 τοῦ

2189 2931 2324 2986 Θεοῦ
2347 2933 2570 3001 γέγονεν
2599 2932 2937 3003 οἰκονομίας,
2985 2931 3046 2986 τὸ
3096 2933 3260 2987 πάλιν
3308 2933 3471 2988 αὐτὸν
3527 2934 3664 3005 πρὸς
3701 2936 3850 3004 ἡμᾶς

2189 3030 2577 3098 ἐπαναγαγεῖν,
2609 3028 2703 3082 καὶ
2757 3031 2880 3092 ταῖς
2911 3029 3096 3082 πόλεσι
3129 3030 3402 3101 διανεῖμαι
3428 3031 3519 3084 τὸν
3569 3033 3849 3103 μάρτυρα.

2201 3116 2415 3186 Ἐκείνη
2451 3115 2551 3186 μὲν
2585 3115 2694 3186 γάρ
2721 3115 2886 3169 αὐτοῦ
2918 3115 3112 3179 στάζον
3158 3117 3218 3169 τὸ
3251 3111 3388 3187 αἷμα
3419 3117 3658 3181 ἐδέξατο,
3691 3119 3852 3188 ὑμεῖς

2187 3203 2244 3256 δὲ
2273 3203 2352 3274 τῷ
2397 3203 2634 3274 λειψάνῳ
2665 3204 2982 3276 τετίμησθε·
3018 3203 3370 3275 ἀπηλαύσατε
3401 3206 3499 3274 τῆς
3545 3207 3854 3278 ἐπισκοπῆς

2190 3293 2368 3361 ὑμεῖς.
2399 3291 2718 3362 ἀπήλαυσαν
2744 3293 2939 3345 ἐκεῖνοι
2962 3290 3056 3345 τοῦ
3083 3292 3405 3364 μαρτυρίου·
3429 3289 3568 3346 εἶδον
3590 3294 3857 3362 ἀγωνιζό-

2194 3395 2352 3449 μενον
2403 3379 2498 3431 καὶ
2536 3378 2771 3432 νικῶντα
2807 3380 2901 3432 καὶ
2952 3379 3384 3450 στεφανούμενον
3438 3382 3661 3445 ἐκεῖνοι,
3701 3382 3858 3451 ἔχετε

2188 3464 2448 3536 διηνεκῶς
2467 3465 2628 3518 αὑτὸν
2666 3467 2822 3536 ὑμεῖς
2841 3483 2854 3496 ·
2883 3466 3063 3534 ὀλίγον
3099 3467 3252 3537 ὑμῶν
3293 3467 3452 3520 αὑτὸν
3501 3468 3692 3537 χρόνον
3719 3468 3860 3520 ἀπέ-

2193 3578 2387 3631 στησεν
2412 3563 2439 3615 6
2485 3560 2637 3627 Θεὸς,
2656 3561 2749 3614 καὶ
2777 3562 2916 3632 μετά
2939 3562 3180 3626 πλείονος
3207 3563 3333 3634 ὑμῖν
3360 3563 3518 3633 δόξης
3544 3565 3710 3617 αὐτὸν
3734 3567 3860 3634 ἐχα-

2195 3648 2398 3718 ρίσατο.
2432 3649 2540 3700 Καὶ
2581 3647 2832 3719 καθάπερ
2883 3649 2933 3701 οἰ
2982 3649 3348 3720 δανειζόμενοι
3400 3652 3664 3722 χρήματα
3719 3653 3861 3721 μετά

2191 3736 2366 3788 τόκων
2394 3733 2734 3788 ἀποδιδόασιν
2769 3736 2912 3805 άπερ
2947 3734 3012 3789 ἂν
3051 3735 3310 3790 λάϐωσιν·
3337 3737 3478 3796 οὕτω
3525 3740 3619 3791 καὶ
3657 3741 3689 3791 6
3726 3739 3863 3801 Θεὸς

2192 3823 2281 3876 τὸν
2305 3822 2482 3892 τίμιον
2509 3822 2696 3875 τοῦτον
2723 3821 2993 3893 θησαυρὸν
3023 3824 3154 3893 παρ’
3185 3823 3338 3894 ὑμῶν
3370 3823 3548 3893 ὀλίγον
3575 3828 3870 3896 χρησάμε-

2193 3927 2277 3973 νος
2303 3910 2514 3980 χρόνον,
2559 3909 2653 3962 καὶ
2679 3912 2742 3980 τῇ
2779 3910 2938 3968 πόλει,
2975 3910 3154 3974 δείξας
3190 3911 3394 3985 ἐκείνῃ,
3428 3912 3567 3983 μετά
3611 3915 3869 3977 πλείονος

2195 4005 2322 4074 ὑμῖν
2352 4005 2514 4058 αὐτὸν
2543 4004 2850 4057 ἀποδέδωκε
2886 4005 2986 4074 τῆς
3023 4004 3427 4075 λαμπρότητος.
3477 4007 3870 4078 Ἐξεπέμψατε

2195 4093 2302 4164 γὰρ
2327 4092 2641 4157 ἐπίσκοπον,
2659 4094 2752 4145 καὶ
2778 4091 3031 4158 ἐδέξασθε
3062 4093 3335 4164 μάρτυρα·
3363 4094 3721 4165 ἐξεπέμψατε
3747 4100 3871 4166 μετ’

2197 4188 2393 4258 εὐχῶν,
2433 4188 2526 4241 καί
2551 4187 2799 4251 ἐδέξασθε
2829 4187 2965 4257 μετά
2999 4188 3299 4255 στεφάνων·
3343 4189 3436 4242 καὶ
3465 4189 3564 4258 οὐχ
3619 4191 3789 4260 ὑμεῖς
3817 4191 3874 4244 δὲ

2200 4276 2377 4347 μόνον,
2407 4273 2541 4328 ἀλλά
2575 4275 2668 4326 καὶ
2702 4276 2874 4327 πᾶσαι
2901 4275 2956 4326 αἰ
2992 4275 3047 4327 ἐν
3079 4275 3228 4344 μέσῳ
3256 4275 3458 4338 πόλεις.
3488 4276 3612 4339 Πῶς
3639 4278 3756 4348 γὰρ
3785 4279 3878 4330 αὐ-

2195 4363 2293 4426 τάς
2313 4362 2486 4416 οἰεσθε
2507 4361 2808 4414 διακεῖσθαι
2832 4360 3042 4428 ὁρώσας
3067 4359 3475 4431 ἐπαναγόμενον
3493 4363 3554 4416 τὸ
3571 4363 3838 4433 λείψανον
3860 4382 3876 4427 ;

2199 4449 2368 4519 πόσην
2399 4445 2746 4517 καρποῦσθαι
2795 4447 3018 4518 ήδονήν;
3055 4447 3218 4500 πόσον
3249 4447 3624 4515 ἀγάλλεσθαις
3670 4449 3881 4512 πόσαις

2198 4535 2492 4605 εὐφημίαις
2524 4532 2784 4586 πάντοθεν
2821 4533 3034 4602 βάλλειν
3071 4533 3162 4586 τὸν
3194 4534 3555 4606 στεφανίτην;
3593 4537 3882 4607 Καθάπερ

2199 4624 2306 4693 γὰρ
2331 4621 2566 4693 ἀθλητήν
2593 4623 2836 4689 γενναῖον
2857 4621 2983 4683 τούς
2999 4620 3404 4688 ἀνταγωνιστάς
3427 4623 3887 4675 καταπαλαίσαν-

2197 4727 2264 4762 τα
2287 4710 2551 4772 ἅπαντας,
2576 4707 2670 4759 καὶ
2705 4706 2844 4778 μετά
2871 4706 3129 4778 λαμπρᾶς
3153 4706 3440 4772 ἐξελθόντα
3452 4708 3612 4778 δόξης
3648 4711 3768 4762 ἀπὸ
3790 4709 3887 4763 τοῦ

2201 4797 2540 4867 σκάμματος,
2575 4793 2778 4857 εὐθέως
2825 4793 3103 4864 δεχόμενοι
3129 4795 3178 4846 οἰ
3215 4793 3427 4857 θεαταὶ,
3459 4796 3567 4848 οὐδ’
3606 4797 3894 4866 ἐπιϐῆναι

2200 4885 2298 4955 τῆς
2323 4884 2428 4953 γῆς
2455 4883 2662 4953 ἀφίασι,
2705 4883 2942 4953 φοράδην
2970 4883 3272 4952 ἀπάγοντες
3293 4882 3500 4949 οἴκαδε,
3527 4885 3625 4938 καὶ
3663 4887 3898 4957 μυρίοις

2205 4971 2486 5042 βάλλοντες
2511 4969 2826 5039 ἐγκωμίοις·
2848 4969 2990 5023 οὕτω
3017 4969 3081 5037 δὴ
3109 4969 3312 5024 καὶτὸν
3334 4969 3489 5038 ἀγιον
3517 4971 3647 5024 τότε
3672 4974 3903 5026 ἐκεῖνον

2204 5059 2311 5113 ἀπὸ
2341 5058 2441 5128 τῆς
2475 5056 2692 5127 Ῥώμης
2722 5057 2777 5109 αἰ
2810 5055 2994 5120 πόλεις
3039 5057 3165 5127 ἐξῆς
3193 5053 3596 5128 διαδεχόμεναι,
3657 5061 3773 5114 καὶ
3815 5060 3905 5113 ἐπ’
3995 5085 3997 5087 ί

2204 5146 2370 5218 ῶμων
2401 5145 2660 5216 φέρουσαι
2695 5143 2860 5215 μέχρι
2881 5144 2979 5214 τῆς
3015 5144 3221 5208 πόλεως
3253 5145 3458 5216 ταύτης
3501 5150 3906 5220 παρέπεμπον
3993 5203 3995 5206 ς

2206 5231 2646 5303 ἐγκωμιάζουσαι
2681 5230 2772 5282 τὸν
2807 5231 3155 5302 στεφανίτην,
3177 5232 3514 5302 ἀνυμνοῦσαι
3536 5235 3636 5287 τὸν
3675 5238 3912 5304 ἀγωνο-

2206 5321 2390 5393 Θέτην,
2423 5318 2799 5387 καταγελῶσαι
2848 5319 2942 5372 τοῦ
2975 5319 3244 5382 διαϐόλου,
3288 5321 3368 5373 ὅτι
3411 5323 3492 5384 εἰς
3530 5322 3596 5375 τὸ
3636 5307 3915 5378 ἐναντίον

2206 5403 2354 5473 αὑτῷ
2389 5401 2727 5473 περιετράπη
2759 5401 2820 5454 τὸ
2870 5401 3131 5471 σόφισμα,
3169 5403 3261 5454 καὶ
3289 5403 3426 5473 ὅπερ
3475 5403 3722 5474 ἐνόμισε
3769 5409 3921 5458 κατὰ

2209 5491 2302 5544 τοῦ
2335 5492 2608 5561 μάρτυρος
2661 5491 2856 5550 ποιεῖν,
2909 5487 3068 5540 τοῦτο
3113 5489 3254 5560 ὑπὲρ
3296 5489 3463 5542 αὑτοῦ
3515 5489 3768 5560 γέγονε.
3813 5494 3920 5546 Καὶ
3985 5489 3991 5561 ἰ

2209 5577 2329 5630 τότε
2361 5579 2459 5648 μὲν
2488 5580 2584 5640 τας
2613 5576 2797 5638 πόλεις
2819 5575 3037 5637 ἁπάσας
3063 5575 3276 5638 ἐκείνας
3301 5575 3477 5646 ὢνησε
3503 5578 3598 5631 καὶ
3626 5578 3938 5648 ἀνώρθιισο

2215 5683 2324 5718 σιν·
2342 5665 2397 5730 ἐξ
2419 5665 2624 5718 ἐκείνου
2658 5663 2721 5737 δέ
2744 5664 2836 5716 καὶ
2863 5664 3026 5733 μέχρι
3053 5663 3152 5732 τῆς
3175 5664 3454 5735 παρούσης
3479 5664 3580 5734 τὴν
3609 5666 3934 5736 ὑμετέραν

3985 5489 3991 5637 ἰ

3987 5695 3989 5821 ι
