2040 3098
211 142 265 171 535

210 199 340 226 miserunt
354 203 542 234 praeceptorem
556 206 562 226 :
576 199 614 227 sic
627 199 706 227 etiam
717 199 845 227 abundius
859 198 885 227 in
899 199 999 234 lgnatio

209 243 307 271 Eretum
320 249 371 272 est.
387 244 478 279 Neque
491 245 560 272 enitn
574 245 639 273 solis
651 245 742 272 Roma:
755 245 942 278 habitantibus,
955 253 1001 272 ve-

210 298 268 316 rum
283 290 363 317 etiam
379 290 502 317 omnibus
516 290 542 317 in
556 294 611 317 toto
626 290 671 317 illo
689 290 790 318 itineris
807 291 892 325 spatio
905 291 999 318 civita-

210 335 282 362 tibus
295 335 439 370 interjectis
450 336 614 363 admirabilis
625 337 749 371 magister
759 337 869 370 exstitit,
885 345 1000 371 praesen-

210 387 264 409 tem
279 382 358 409 vitam
373 382 594 409 contemnendam
609 382 717 415 docens,
729 387 755 410 et
768 390 798 410 ea
812 390 870 417 quae
885 391 998 410 cernun-

212 434 255 456 tur
273 436 322 463 pro
343 428 425 456 nihilo
443 428 576 461 ducenda,
599 429 684 456 futura
706 434 794 456 antem
815 429 957 464 diligenda,
972 434 999 457 et

211 476 302 503 oculos
317 476 342 501 in
356 475 450 502 ctelum
465 476 604 508 tollendos,
620 476 736 511 nihilque
750 476 819 511 quod
840 476 865 503 in
884 476 933 503 hac
945 476 997 503 vita

213 521 295 555 possit
305 521 436 553 accidere,
449 522 614 555 quantumvis
625 530 713 556 grave,
727 521 916 548 formidandum
928 529 996 548 esse.

211 567 274 594 Hmc
284 566 355 594 enim
366 571 393 594 et
406 566 447 593 his
459 567 532 602 plura
546 566 621 597 factis
631 567 805 601 comprobans
816 568 865 594 iter
875 566 997 597 lia-iebat,

211 616 344 646 tamquam
360 611 400 638 sol
416 612 520 646 qttidam
534 611 566 638 ab
577 612 681 639 oriente
696 612 727 639 ad
742 620 863 639 occasum
877 619 995 643 currens,

211 657 265 684 imo
279 665 343 684 vero
354 658 410 684 sole
425 657 482 691 ipso
496 657 660 692 splendidior
672 658 765 684 multo.
781 658 826 685 Sol
842 658 912 685 enim
924 665 938 685 e
951 665 996 684 su-

212 703 359 737 perioribns
373 702 491 737 partibus
501 703 633 735 currebat,
650 703 801 730 sensibilem
816 703 899 730 oculis
913 703 997 730 lucem

211 748 383 782 impertiens;
407 747 521 782 lgnatius
538 751 625 775 autem
639 747 761 775 deorsum
775 747 939 782 Splendebat,
956 747 998 774 in-

212 792 346 827 telligibile
367 791 495 819 doctrinae
515 792 604 819 lumen
624 792 719 819 animis
739 792 877 819 infundens
893 797 940 819 :et
955 792 999 819 ille

211 838 317 873 quidem
333 838 358 865 in
374 838 520 865 occidentis
533 828 624 872 partes
634 837 797 865 descendens
809 837 980 865 absconditur
989 858 997 871 ,

210 892 243 911 at:
257 888 361 910 noctem
374 883 512 910 confestim
526 883 649 916 obducit;
671 883 714 910 hic
735 888 823 910 autem
838 883 870 910 ad
890 890 998 910 occasus

212 933 298 963 partes
310 928 449 961 accedens,
458 928 619 963 splendidius
631 936 656 955 in
668 928 718 955 illis
727 928 818 962 eluxit,
833 933 859 956 et
869 928 901 955 de
915 927 1000 955 omni-

211 974 261 1001 bus
274 974 301 1001 in
315 979 369 1001 tota
384 974 427 1000 illa
442 974 483 1000 via
499 979 539 1001 est
551 974 650 1009 optime
665 974 775 1001 meritus
791 983 798 1001 :
813 981 926 1009 cumque
945 974 999 1001 Ro-

212 1028 281 1046 mam
296 1020 469 1054 pervenisset,
485 1028 543 1047 eam
565 1021 647 1055 ipsam
669 1020 760 1047 urbem
779 1020 867 1047 docuit
883 1020 999 1054 philoso-

169 1095 173 1099 ,
211 1066 296 1100 pbari.
311 1066 411 1093 ldcirco
422 1067 491 1093 enim
504 1067 573 1093 Deus
584 1066 701 1101 permisit
713 1066 764 1093 illic
776 1074 835 1093 ettm
846 1066 907 1092 vita:
918 1066 997 1092 ﬁnem

212 1112 331 1147 implere,
351 1117 379 1139 ut
395 1120 466 1139 mors
486 1113 544 1147 ejus
557 1112 679 1138 omnibus
697 1112 807 1139 Romam
822 1111 999 1139 incolentibus

213 1159 316 1194 pietatis
336 1159 459 1194 magistra
481 1163 562 1186 esset.
582 1158 636 1186 Vos
659 1159 729 1186 enim
755 1166 802 1193 per
821 1158 932 1193 gratiam
952 1157 998 1184 Dei

213 1205 281 1232 nulla
293 1205 405 1239 amplius
418 1203 535 1239 cgebatis
546 1203 719 1237 institutione,
730 1211 790 1231 eum
802 1203 895 1231 essetis
908 1202 932 1230 in
948 1202 999 1230 ﬁde

213 1251 320 1278 radicati
335 1255 361 1278 et
374 1250 474 1277 fundati
487 1258 493 1276 :
505 1253 532 1276 at
547 1249 583 1276 illi
596 1249 642 1284 qui
655 1249 747 1276 Romze
758 1255 820 1276 tunc
835 1249 996 1282 habitabant,

212 1305 269 1326 cum
284 1297 338 1324 illic
351 1303 444 1330 magna
463 1296 561 1331 vigeret
579 1295 700 1330 impietas
712 1315 720 1327 ,
736 1295 835 1329 majore
849 1295 946 1321 auxilio
959 1294 1000 1321 in-

210 1342 345 1378 digebant.
363 1342 424 1369 Ideo
438 1342 538 1374 Petrus,
553 1345 579 1368 et
592 1341 698 1373 Paulus,
708 1346 733 1368 et
744 1341 859 1376 lgnatius
869 1346 927 1375 post
941 1341 999 1368 illos

210 1389 246 1415 ibi
263 1388 367 1415 fuerunt
380 1387 517 1419 immolati,
534 1391 587 1414 tum
601 1390 630 1413 ut
643 1386 774 1413 civitatem
790 1386 858 1412 illam
869 1385 998 1412 idolorum

210 1434 349 1461 cruoribus
365 1433 490 1467 pollutam
511 1432 618 1467 proprio
635 1432 762 1466 sanguine
777 1435 928 1466 purgarent,
945 1435 998 1457 tum

210 1485 239 1507 ut
250 1480 377 1515 operibus
392 1479 456 1514 ipsis
468 1478 671 1506 resurrectionis
690 1478 752 1505 .lesu
770 1477 868 1504 Christi
881 1476 998 1503 cruciﬁxi

210 1525 390 1553 testimonium
404 1524 538 1557 afferrent,
554 1524 768 1551 demonstrantes
784 1523 827 1555 iis,
842 1522 886 1557 qui
907 1521 998 1549 Roma:

210 1572 351 1607 degebant.
366 1579 395 1598 se
409 1575 567 1606 praesentem
589 1570 668 1597 vitam
691 1573 763 1597 tanta
783 1577 842 1596 cum
864 1569 999 1604 voluptate

210 1625 354 1653 numquam
375 1617 456 1645 fuisse
474 1616 655 1651 despecturos,
670 1616 721 1643 nisi
743 1616 793 1643 sibi
812 1616 921 1643 omnino
939 1623 999 1649 per-

209 1664 374 1696 suasissent,
390 1662 460 1698 quod
474 1662 505 1689 ad
522 1663 676 1690 crucifixum
695 1662 784 1690 Jesum
800 1666 888 1689 essent
903 1669 998 1689 ascen-

209 1711 275 1744 suri,
290 1711 429 1745 ipsumque
443 1710 469 1736 in
485 1709 556 1737 cadis
569 1709 659 1736 visuri.
674 1709 729 1736 Hoc
741 1709 811 1735 enim
826 1708 999 1736 resurrectio-

210 1757 250 1783 nis
263 1760 448 1790 argumentum
460 1759 500 1782 est
514 1755 666 1787 maximum,
682 1754 752 1789 quod
767 1754 889 1781 Christus
905 1754 999 1780 immo-

211 1802 277 1828 latus
293 1805 392 1827 tantam
415 1804 474 1835 post
495 1805 606 1827 mortem
629 1800 770 1834 potentiam
792 1799 953 1831 ostenderet,
970 1804 998 1826 nt

210 1847 360 1874 viventibus
382 1846 533 1873 hominibus
555 1846 735 1881 persuaderet,
753 1853 800 1880 pro
822 1846 862 1872 sui
884 1846 997 1873 nominis

210 1893 378 1920 cOnfessione
391 1892 514 1927 patriam,
529 1896 555 1919 et
568 1891 672 1925 domos,
684 1896 710 1919 et
724 1893 834 1924 atnicos,
849 1895 874 1918 et
888 1891 1010 1926 propinw

210 1947 285 1975 quos.
295 1944 322 1966 et
333 1939 412 1965 vitam
427 1938 509 1972 ipsam
525 1937 715 1972 aspernandam
729 1942 756 1964 et
765 1938 995 1969 contemnendam,

210 1994 240 2011 an
255 1985 314 2012 loco
335 1984 505 2019 praesentium
526 1979 687 2018 voluptatum
703 1987 729 2010 et
742 1983 863 2015 verbera,
877 1987 904 2010 ct
926 1990 997 2018 pert-

210 2030 280 2061 rula,
294 2034 322 2057 et
337 2035 448 2056 mortem
461 2037 520 2056 esse
534 2029 679 2056 subeunda.
702 2028 764 2056 lla:c
786 2029 855 2056 enim
877 2036 928 2055 non
950 2028 997 2055 de-

210 2074 304 2107 functi,
322 2082 407 2109 neque
422 2074 448 2101 in
462 2074 585 2108 Sepulcro
598 2073 728 2109 degentis,
747 2074 792 2100 scd
807 2074 865 2108 ejus
878 2074 921 2108 qui
938 2080 997 2100 sur-

210 2120 323 2147 rexisset
334 2127 375 2146 -ac
399 2119 497 2145 viveret
509 2139 516 2149 ,
533 2119 656 2153 praiclara
671 2123 733 2145 sunt
747 2125 835 2152 opera.
859 2117 998 2151 Quomodo

210 2165 281 2191 enim
304 2169 377 2191 esset
398 2164 552 2196 verisimile,
575 2168 604 2190 ιιι
623 2171 683 2190 cum
707 2164 764 2199 ipse
782 2163 891 2196 viveret,
906 2171 998 2191 omnes

209 2210 334 2245 apostoli,
349 2210 392 2244 qui
406 2217 465 2236 cum
477 2209 522 2236 illo
536 2209 632 2236 versati
649 2209 761 2241 fuerant,
778 2209 871 2236 timore
890 2214 998 2236 conter-

208 2257 252 2283 riti
268 2256 336 2282 adeo
357 2254 454 2282 fuerint
475 2254 610 2288 imbecilli,
626 2259 654 2281 ut
669 2259 857 2290 pr:rceptorem
874 2254 997 2289 prodide-

209 2302 274 2333 rint,
282 2306 309 2328 et
318 2299 467 2334 aufugerint
478 2309 483 2327 :
493 2304 663 2335 posteaquam
671 2305 759 2327 autem
768 2299 907 2327 defunctus
917 2305 998 2334 esset,

209 2356 262 2374 non
277 2347 364 2374 solum
381 2346 486 2379 Petrus,
500 2351 526 2373 et
539 2346 645 2378 Paulus,
661 2346 707 2373 sed
720 2346 798 2373 etiam
815 2346 940 2381 lgnatius,
954 2346 999 2381 qni

207 2402 271 2421 cum
285 2401 338 2420 non
353 2393 464 2424 viderat,
476 2400 524 2420 nec
538 2392 589 2419 ulla
602 2400 662 2420 cutn
678 2393 734 2427 ipso
746 2392 922 2420 familiaritate
934 2401 1000 2420 con-

207 2441 318 2475 junctus
344 2438 446 2470 fuerat,
469 2443 566 2466 tantam
593 2445 641 2473 pro
663 2439 707 2466 illo
727 2438 808 2465 anitni
836 2438 998 2466 alacritatem

206 2485 382 2518 ostenderet,
403 2490 431 2512 ut
453 2492 501 2519 pro
522 2492 555 2512 eo
569 2485 649 2512 vitam
673 2484 756 2518 ipsam
772 2483 931 2518 profundere
946 2492 998 2511 non

207 2530 364 2558 recusaret?

247 2578 274 2605 5.
289 2576 405 2612 Ignatius
417 2577 477 2612 feris
489 2576 608 2611 objeclus.
622 2589 656 2595 —-
679 2575 713 2603 Ut
726 2575 804 2609 igitur
814 2575 850 2601 illi
860 2595 868 2607 ,
883 2574 927 2609 qui
945 2574 998 2601 Ro-

207 2631 283 2650 mam
299 2622 460 2654 incolebant,
473 2622 530 2649 hzcc
543 2629 602 2648 esse
616 2628 677 2647 vcta
690 2629 718 2647 re
729 2621 783 2655 ipsa
797 2625 997 2655 cognoscerent,

208 2668 340 2703 permisit
350 2667 420 2694 Deus
432 2671 553 2693 sanctum
564 2666 648 2693 virum
662 2665 714 2693 illic
728 2671 813 2693 morte
827 2666 907 2693 afﬁci.
924 2665 999 2700 Quod

206 2718 301 2740 autem
315 2713 371 2741 hmo
385 2714 420 2740 sit
432 2720 530 2746 causa,
546 2720 578 2739 ex
602 2720 699 2747 genere
719 2712 801 2746 ipsius
817 2713 908 2739 mortis
921 2720 1000 2739 cona-

207 2760 263 2787 bor
273 2759 425 2786 ostendere.
438 2758 527 2793 Neque
540 2758 610 2786 enim
626 2762 655 2785 ut
677 2761 751 2785 extra
767 2765 858 2786 muros
876 2758 901 2785 in
922 2758 1000 2785 bara-

207 2805 284 2836 thro,
299 2808 345 2831 ant
359 2804 383 2831 in
394 2811 513 2837 carcere,
524 2808 568 2831 aut
578 2804 602 2830 in
616 2803 713 2838 angulo
722 2803 812 2838 aliquo
822 2803 998 2835 occideretur,

206 2850 354 2877 damnatus
367 2848 477 2882 est;sed
490 2850 515 2877 in
531 2849 616 2877 medio
627 2848 730 2877 theatro
738 2849 869 2884 ,uuiversa
893 2849 1000 2877 civitate

784 143 816 171 IN
835 143 864 171 S.
885 142 1048 172 IGNATIUM
1067 143 1268 171 MARTYREM.

1786 153 1819 179 539
1824 154 1837 179 ,ί

1055 206 1159 228 sursum
1178 200 1333 229 considente
1345 207 1372 230 et
1386 207 1534 237 spectante,
1548 204 1639 234 bestiis
1652 206 1676 234 in
1691 209 1776 244 ipsum
1791 210 1838 237 ini-

1052 246 1140 273 missis
1163 251 1190 274 et
1214 248 1372 281 concitatis,
1399 250 1554 285 martyrium
1579 253 1711 286 pertulit:
1737 259 1765 281 ut
1789 256 1839 282 sub

1053 291 1170 318 omnium
1182 292 1265 320 oculis
1278 293 1404 322 adversus
1418 294 1551 322 diabolum
1569 302 1696 332 tropaeum
1712 299 1836 334 erigeret,

1052 342 1215 373 cunctosque
1227 344 1390 372 spectatores
1402 349 1511 369 suorum
1533 344 1706 372 certaminum
1721 346 1838 373 imitato-

1051 390 1095 410 res
1110 382 1237 416 efﬁccret,
1253 391 1312 411 eum
1326 393 1377 412 non
1397 387 1476 414 modo
1492 387 1605 423 fortiter,
1618 390 1664 417 sed
1678 391 1757 418 etiam
1779 399 1837 419 cum

1052 427 1141 455 I;rtitia
1166 434 1278 457 mortem
1304 437 1458 466 oppeteret,
1486 434 1607 469 ferasque
1633 438 1838 472 cumvoluptatc

1051 478 1195 519 spectaret,
1211 483 1262 503 non
1276 478 1350 511 quasi
1367 484 1505 512 raperetttr
1523 489 1537 506 e
1552 482 1604 507 vita
1615 503 1622 515 ,
1646 484 1691 510 sed
1705 488 1836 519 tamquam

1051 518 1083 544 ad
1099 519 1178 547 vitam
1193 521 1329 549 meliorem
1342 531 1372 549 ac
1384 526 1592 557 priestantiorent
1606 535 1753 557 vocaretur.
1763 518 1837 557 Unde

1052 564 1101 592 hoc
1117 566 1145 592 fit
1158 567 1343 601 perspicuum?
1355 569 1393 596 Ex
1404 571 1490 598 verbis
1501 593 1507 604 ,
1520 582 1577 606 qum
1590 576 1731 602 moriturus
1747 577 1837 610 loque-

1050 611 1136 638 batur.
1153 612 1217 640 Cum
1229 614 1298 641 enim
1314 614 1338 641 id
1353 623 1434 650 genus
1450 618 1570 651 supplicii
1585 619 1634 645 sibi
1649 628 1708 647 esse
1723 621 1837 648 subeun-

1050 656 1112 683 dttm
1124 657 1298 686 intellexisset
1308 680 1315 692 ,
1330 660 1395 695 Ego,
1412 662 1505 696 inqttit,
1518 663 1578 697 {eris
1587 664 1637 690 illis
1650 665 1722 698 fruar
1736 667 1782 700 (rt).
1794 668 1836 693 Sic

1050 703 1119 730 enim
1133 708 1228 738 agunt,
1242 706 1286 739 qui
1301 712 1405 738 amant;
1416 716 1475 734 cttm
1488 716 1535 742 pro
1547 709 1577 736 iis
1591 710 1633 744 qni
1646 716 1777 745 amantur,
1790 714 1838 739 ali-

1051 749 1112 783 quid
1133 751 1285 784 patittntur,
1300 752 1445 787 gaudentes
1462 755 1485 781 id
1501 755 1616 790 faciunt,
1644 762 1760 793 tuncque
1786 760 1834 785 sibi

1049 794 1172 822 videntur
1197 796 1294 830 optatis
1318 798 1432 832 perfrui,
1461 807 1519 826 etim
1546 810 1595 835 ea,
1611 810 1669 837 qum
1685 804 1834 837 perferunt,

1050 845 1111 867 sunt
1121 848 1198 875 quam
1210 843 1363 876 gravissima
1378 853 1384 871 :
1399 845 1467 878 quod
1484 846 1588 881 quidem
1599 848 1624 874 in
1634 848 1683 875 hoc
1695 849 1756 876 item
1770 858 1835 877 con-

1050 886 1117 921 tigit.
1129 887 1263 922 Siquidem
1278 897 1329 916 non
1343 896 1426 918 morte
1443 893 1537 926 solum,
1549 902 1638 922 verum
1651 897 1728 923 etiam
1741 898 1834 924 alacri-

1050 935 1104 959 tate
1128 932 1251 961 studebat
1270 936 1404 969 apostolos
1418 937 1529 970 imitari;
1547 944 1572 966 et
1586 940 1696 968 audiens
1712 944 1780 977 quod
1798 945 1834 970 illi

1050 977 1174 1013 l‘lagellati
1188 987 1248 1006 cum
1263 981 1359 1015 gaudio
1380 982 1451 1010 ibant
1463 992 1476 1011 c
1489 992 1630 1020 conspectu
1645 988 1748 1014 concilii
1767 989 1833 1024 (Λα.

1049 1023 1076 1051 5.
1092 1024 1154 1060 41),
1168 1026 1249 1052 voluit
1266 1027 1343 1054 etiam
1360 1029 1416 1063 ipse
1432 1038 1483 1057 non
1497 1036 1581 1059 morte
1595 1033 1688 1064 solum,
1701 1035 1746 1061 sed
1756 1023 1834 1062 etiam

1050 1069 1138 1097 lmtitia
1159 1072 1291 1107 magistris
1310 1081 1368 1101 esse
1380 1076 1473 1103 similis
1488 1086 1494 1103 :
1512 1079 1619 1111 ideirco,
1634 1080 1705 1107 Fcris
1716 1102 1722 1112 ,
1736 1081 1833 1116 inquit,

1050 1117 1131 1150 fruar.
1142 1117 1179 1145 Ac
1191 1119 1274 1146 multo
1284 1120 1388 1154 quidem
1400 1123 1503 1149 mitiora
1516 1126 1639 1152 censebat
1653 1134 1697 1152 ora
1709 1127 1833 1160 ferarum,

1050 1170 1128 1196 quam
1144 1165 1248 1198 tyranni
1259 1165 1374 1201 linguam
1391 1176 1397 1193 :
1415 1176 1462 1195 nec
1475 1169 1623 1203 immerito;
1637 1172 1764 1206 siquidem
1780 1174 1836 1201 ba'c

1049 1208 1082 1236 ad
1096 1209 1245 1244 gehennam
1259 1212 1380 1245 vocabat,
1398 1214 1441 1241 illa
1464 1220 1551 1242 autetn
1566 1216 1598 1243 ad
1619 1225 1728 1253 regnum
1745 1219 1833 1245 mitte—

1050 1255 1123 1282 bant.
1139 1256 1205 1283 Cum
1229 1258 1308 1293 igitur
1323 1259 1376 1286 illic
1401 1259 1480 1286 vitam
1502 1262 1650 1295 posuisset,
1667 1264 1718 1290 imo
1732 1272 1794 1291 vero
1810 1265 1834 1291 in

1050 1302 1142 1328 cmlum
1155 1302 1287 1336 profectus
1303 1310 1383 1337 esset,
1397 1314 1517 1333 reversus
1533 1312 1573 1334 est
1586 1308 1711 1344 deinceps
1722 1317 1835 1337 corona-

1051 1351 1101 1373 tus.
1118 1347 1222 1374 Etenim
1236 1349 1260 1375 id
1276 1357 1381 1384 quoque
1399 1350 1445 1377 fuit
1467 1352 1511 1378 Dei
1528 1353 1711 1387 benignitatis,
1727 1356 1771 1389 qui
1787 1364 1835 1382 cu-

1050 1392 1118 1418 ravit
1131 1397 1158 1418 ut
1172 1393 1193 1419 is
1205 1400 1297 1421 rursus
1309 1394 1341 1421 ad
1359 1403 1405 1422 nos
1420 1396 1533 1430 rediret,
1558 1402 1583 1424 et
1603 1398 1750 1427 civitatibus
1763 1409 1834 1427 mar-

1051 1440 1135 1471 tyretu
1158 1438 1310 1472 impartivit.
1326 1439 1408 1466 Roma
1428 1441 1498 1467 cnim
1512 1442 1654 1469 stillantem
1677 1443 1758 1478 ipsius
1771 1452 1833 1471 san-

1049 1482 1153 1516 guinem
1165 1484 1285 1518 excepit,
1297 1492 1344 1512 vos
1358 1490 1446 1513 autem
1461 1487 1585 1521 reliquias
1595 1488 1652 1522 ejus
1661 1490 1815 1524 suscepistis
1827 1500 1833 1517 :

1050 1535 1097 1554 vos
1113 1528 1183 1555 illius
1210 1530 1363 1564 episcopatu
1377 1532 1461 1565 gavisi
1485 1533 1566 1565 estis,
1581 1533 1617 1560 illi
1633 1535 1760 1570 martyrio
1774 1542 1835 1563 sunt

1049 1573 1129 1601 itetati
1154 1583 1160 1601 :
1180 1581 1326 1603 certantem
1347 1577 1382 1604 illi
1407 1582 1434 1605 et
1455 1578 1603 1607 vincentem
1629 1588 1660 1608 ac
1679 1586 1834 1609 coronatum

1049 1626 1260 1655 conspexerunt,
1288 1630 1334 1649 vos
1356 1628 1483 1658 perpetuo
1506 1624 1579 1651 illum
1596 1626 1758 1660 possidetis:
1780 1627 1837 1654 exi-

1049 1672 1128 1700 guum
1140 1665 1172 1692 ad
1186 1670 1290 1701 tempus
1303 1675 1362 1694 cum
1378 1668 1454 1696 vobis
1463 1669 1562 1696 ademit
1577 1670 1661 1703 Deus,
1676 1671 1722 1699 sed
1736 1672 1836 1707 majore

1050 1717 1109 1737 ettm
1133 1711 1216 1745 gloria
1243 1713 1367 1740 restituit.
1397 1713 1431 1740 Et
1451 1716 1673 1749 quemadmodum
1697 1718 1835 1752 pecuniam

1050 1761 1201 1783 mutuantes
1213 1765 1271 1784 cum
1286 1758 1388 1786 foenore
1402 1767 1431 1786 ea
1447 1760 1571 1793 reddunt,
1585 1769 1644 1796 qua:
1658 1769 1834 1797 acceperunt:

1049 1803 1088 1829 sic
1096 1802 1175 1829 etiam
1191 1803 1260 1830 Deus
1275 1805 1420 1838 pretiosunt
1445 1805 1513 1832 hunc
1536 1806 1688 1834 thesaurntn
1703 1808 1836 1843 paulisper

1050 1848 1211 1883 suscipiens,
1229 1854 1257 1876 ut
1270 1850 1422 1878 ostenderet
1434 1851 1526 1878 Romae
1537 1873 1544 1884 ,
1560 1852 1660 1886 majore
1670 1860 1730 1880 cum
1751 1854 1834 1889 gloria

1050 1894 1123 1921 illum
1137 1896 1210 1922 vobis
1220 1896 1319 1922 retulit.
1331 1897 1459 1923 Emisistis
1470 1897 1539 1924 enim
1555 1898 1719 1932 episcopum,
1728 1904 1754 1927 et
1766 1908 1836 1927 mar-

1050 1943 1133 1974 tyrem
1154 1941 1313 1974 recepistis:
1330 1942 1454 1968 emisistis
1473 1950 1532 1969 cum
1556 1944 1695 1978 precibus,
1723 1950 1750 1972 et
1774 1953 1833 1973 cum

1049 1987 1155 2013 coronis
1177 1987 1330 2021 suscepistis
1348 1996 1354 2013 z
1372 1995 1420 2015 nec
1433 1995 1495 2015 vero
1511 1996 1559 2016 vos
1580 1990 1644 2022 soli,
1661 1990 1707 2017 sed
1732 1997 1835 2024 cuncta:

1050 2037 1108 2064 quae
1132 2031 1278 2065 interiecta:
1302 2036 1364 2058 sunt
1383 2032 1513 2060 civitates.
1539 2034 1678 2067 Quomodo
1698 2036 1769 2063 enitn
1789 2044 1835 2064 eas

1050 2076 1157 2104 affectas
1170 2077 1328 2104 existimatis
1338 2098 1345 2110 ,
1366 2086 1425 2105 cum
1439 2084 1585 2113 rcportatas
1604 2080 1730 2116 reliquias
1743 2090 1836 2110 eerne-

1050 2129 1109 2151 rent
1121 2124 1219 2158 ?quem
1236 2124 1378 2159 voluptatis
1393 2124 1506 2152 fructum
1519 2127 1669 2161 percipere,
1683 2132 1778 2163 quanta
1791 2129 1836 2155 lac-

1051 2170 1107 2197 titia
1117 2171 1215 2205 gestire
1226 2170 1238 2197 ?
1249 2179 1328 2206 qnam
1351 2171 1445 2199 faustis
1465 2172 1581 2208 undique
1602 2174 1835 2202 acclamationibus

1050 2221 1206 2244 coronatum
1222 2218 1356 2246 celebrare
1370 2219 1382 2244 ’ἰ
1394 2218 1622 2252 Quemadmodum
1637 2221 1706 2248 enim
1722 2222 1835 2256 pugilem

1051 2271 1219 2298 generosum,
1231 2265 1273 2298 qui
1286 2272 1380 2292 omnes
1391 2265 1518 2292 devicerit
1532 2265 1699 2294 adversarios
1709 2287 1716 2299 ,
1731 2272 1837 2301 specta-

1052 2313 1123 2336 tores
1133 2317 1148 2336 e
1161 2317 1239 2337 cavea
1252 2317 1311 2337 cttnt
1324 2311 1417 2344 plausu
1427 2315 1618 2346 consurgentes
1628 2312 1767 2339 sublimem
1780 2317 1836 2340 sta—

1052 2355 1098 2381 tim
1112 2355 1261 2390 excipiunt,
1284 2364 1333 2384 nec
1355 2361 1452 2384 terram
1467 2357 1598 2392 attingere
1621 2358 1774 2392 patiuntur,
1790 2360 1835 2387 sed

1052 2400 1183 2427 sublatum
1200 2401 1433 2429 innumerabilibus
1447 2401 1567 2428 laudibus
1579 2407 1716 2436 ornantcs,
1728 2403 1836 2431 domum

1054 2452 1189 2481 reportant
1205 2456 1213 2474 :
1229 2447 1267 2475 sic
1280 2449 1368 2482 utique
1382 2453 1409 2476 et
1422 2453 1542 2476 sanctum
1560 2448 1633 2476 illum
1649 2457 1741 2477 omnes
1753 2458 1785 2478 ex
1797 2459 1839 2478 or-

1052 2491 1113 2519 dine
1128 2492 1248 2520 civitates
1258 2493 1291 2520 ab
1306 2493 1371 2520 urbe
1384 2494 1495 2521 relatum
1518 2495 1692 2529 su~cipientcs
1707 2495 1840 2522 humeris-

1052 2545 1104 2572 que
1122 2542 1271 2572 gestantes,
1297 2539 1462 2566 Antiochiam
1495 2547 1579 2575 usque
1602 2546 1664 2568 sunt
1685 2542 1837 2572 comitatm.

1054 2587 1194 2618 martyrem
1211 2588 1364 2611 coronatum
1379 2585 1560 2618 celebrantes,
1580 2587 1715 2614 laudantes
1736 2594 1839 2621 agonu-

1054 2628 1152 2656 thetam
1165 2650 1171 2659 ,
1186 2629 1317 2656 diabolum
1333 2629 1483 2658 deridentes
1495 2652 1502 2663 ,
1518 2632 1587 2667 quod
1607 2640 1622 2658 e
1645 2632 1778 2659 contraria
1800 2633 1836 2659 illi

1053 2675 1166 2701 versutia
1177 2676 1356 2708 successisset,
1371 2680 1399 2703 et
1411 2685 1470 2711 quae
1486 2677 1510 2703 in
1530 2682 1673 2712 martyrem
1686 2683 1817 2705 struxerat
1830 2700 1836 2711 ,

1055 2720 1117 2746 inse
1128 2720 1292 2747 recidissent.
1306 2721 1337 2748 Et
1349 2727 1410 2748 tunc
1422 2722 1527 2756 quidem
1542 2722 1644 2749 cunctis
1655 2723 1704 2750 illis
1724 2723 1838 2750 civitati-
1864 2716 1866 2719 ’

1055 2764 1102 2792 bus
1117 2764 1212 2800 profuit
1238 2765 1448 2801 documentoque
1470 2766 1536 2799 fuit,
1564 2771 1590 2794 et
1612 2767 1745 2795 civitatem
1769 2766 1837 2794 hanc
1853 2793 1860 2798 ,

1085 2852 1122 2884 (:1)
1140 2856 1194 2877 tunc
1206 2852 1278 2877 verba
1293 2853 1318 2878 in
1329 2857 1349 2878 ς.
1363 2854 1446 2885 tgnatii
1459 2853 1567 2883 ttar'yrio
1579 2853 1692 2883 teguntur
