4080 6196
367 280 470 337 595

374 402 540 458 usque
560 386 615 443 in
641 397 956 460 praesentem
982 387 1123 443 diem
1147 388 1518 459 locupletavit;
1538 397 1592 444 et
1608 396 1664 443 ut
1679 387 1961 444 thesaurus

374 477 586 550 quidam
615 489 928 550 perpetuus,
958 481 1048 550 qui
1079 479 1312 549 quotidie
1344 480 1670 546 exhauritur,
1699 493 1798 534 nec
1823 478 1958 534 deli-

373 573 441 626 eit
465 617 480 639 ,
502 572 678 627 cuncti
705 572 828 627 licet
854 587 918 627 ex
947 587 1014 627 eo
1051 571 1342 638 ditescant,
1373 571 1451 626 sic
1477 571 1636 626 etiam
1664 571 1848 626 beatus
1875 569 1963 625 hic

376 663 607 734 lgnatius
651 671 871 718 cunctos
895 662 960 717 ad
1005 677 1063 718 se
1107 661 1420 718 accedentes
1467 661 1959 728 benedictionibus,

377 755 564 810 fiducia
587 794 602 821 ,
634 765 688 810 et
713 767 932 809 strenua
955 754 1228 810 alacritate
1251 795 1268 821 ,
1317 768 1612 825 magnaque
1655 753 1963 810 fortitudine

378 848 565 916 plenos
591 848 814 902 remittit
839 847 1075 902 domum.

448 940 754 995 Sanctorum
780 949 1098 994 monumenta
1115 939 1396 1010 spiritualis
1415 939 1594 1011 gratia
1614 937 1964 1008 picum—Ita-

373 1046 476 1100 que
497 1045 601 1084 non
626 1029 782 1085 hodie
803 1029 1137 1095 tantum,sed
1165 1029 1400 1098 quotidie
1430 1028 1496 1084 ad
1527 1030 1698 1100 ipsum
1725 1027 1965 1083 conflua-

375 1137 492 1176 mus
516 1163 530 1187 ,
553 1121 858 1192 Spirituales
883 1138 949 1178 ex
975 1137 1040 1178 eo
1065 1124 1267 1178 fruetus
1306 1122 1672 1192 decerpentes.
1713 1121 1965 1191 Quisquis

379 1217 523 1270 enim
545 1231 665 1270 cum
689 1215 794 1271 fide
818 1215 883 1271 ad
907 1216 1052 1270 illum
1081 1215 1306 1284 accedit,
1331 1215 1534 1285 magnis
1558 1213 1785 1270 afficitur
1804 1213 1968 1270 bene-

379 1306 511 1360 ficiis
542 1325 555 1361 :
584 1316 889 1361 sanctorum
918 1307 1058 1362 enim
1101 1321 1208 1361 non
1251 1306 1410 1361 modo
1435 1319 1660 1376 corpora
1680 1347 1696 1373 ,
1727 1304 1822 1360 sed
1867 1291 2001 1374 ipsi.

379 1398 540 1454 loculi
569 1408 622 1454 et
651 1407 995 1455 monumenta
1026 1399 1284 1469 spirituali
1311 1398 1479 1470 gratia
1528 1397 1772 1454 conferta
1822 1407 1963 1452 sunt.

379 1490 509 1545 Nam
538 1490 584 1546 si
613 1491 664 1546 in
694 1492 888 1547 Eliszno
917 1491 971 1547 id
995 1492 1237 1562 contigit,
1275 1501 1331 1546 ut
1359 1490 1639 1546 defunctus
1663 1489 1966 1559 sepulcrum

324 1633 334 1646 ,
377 1582 493 1650 ejus
513 1583 779 1652 attingens
820 1584 1007 1638 mortis
1034 1583 1244 1638 vincula
1275 1582 1583 1639 dissolverit
1608 1582 1686 1652 (4.
1719 1582 1846 1653 Reg.
1877 1582 1964 1637 15.

376 1672 492 1743 ﬁt),
531 1681 586 1728 et
625 1674 692 1728 ad
722 1676 880 1729 vitam
909 1689 1118 1730 rursum
1159 1673 1413 1740 redierit;
1445 1673 1615 1729 multo
1644 1674 1811 1745 magis
1866 1671 1968 1730 hoc

384 1771 642 1833 tempore,
672 1779 778 1834 quo
804 1764 971 1834 gratia
1007 1763 1242 1832 uberior,
1273 1763 1504 1835 Spiritus
1546 1763 1718 1834 major
1744 1771 1827 1819 est
1855 1764 1964 1829 vis;

378 1864 435 1910 ut
459 1854 504 1909 si
533 1870 655 1909 cum
687 1854 790 1909 fide
839 1855 1033 1925 aliquis
1073 1869 1251 1910 arcam
1282 1855 1538 1926 attingat,
1568 1869 1813 1925 magnam
1844 1853 1968 1910 inde

379 1948 627 2004 virtutem
656 1948 884 2005 hauriat.
909 1947 1033 2004 Ideo
1062 1948 1310 2019 reliquias
1329 1957 1635 2003 sanctorum
1661 1947 1816 2003 nobis
1840 1961 1968 2002 con-

377 2039 538 2093 cessit
567 2039 707 2094 Deus
725 2081 741 2105 ,
774 2039 963 2094 volens
1005 2053 1106 2094 nos
1153 2039 1218 2094 ad
1245 2038 1492 2094 eumdem
1521 2037 1696 2094 zelum
1725 2053 1823 2109 per
1849 2037 1967 2094 illos

378 2129 642 2185 adducere
661 2172 676 2196 ,
709 2139 765 2186 et
791 2131 945 2186 nobis
971 2131 1122 2202 quasi
1157 2139 1368 2201 portum
1398 2130 1636 2201 praebere
1673 2139 1727 2186 et
1757 2130 1965 2186 firmum

379 2218 628 2274 solatium
650 2221 909 2275 malorum
927 2236 1046 2290 qua:
1075 2235 1171 2275 nos
1195 2220 1407 2276 assidue
1431 2220 1747 2290 corripiunt.
1771 2219 1968 2286 Quam-

380 2310 564 2365 obrem
596 2325 689 2365 vos
714 2325 900 2366 omnes
925 2309 1195 2375 cohortor,
1239 2308 1432 2364 fratres
1451 2351 1466 2378 ,
1499 2310 1544 2365 si
1569 2311 1688 2380 quis
1732 2318 1966 2364 vestrum

380 2399 694 2470 aegritudine
719 2400 903 2468 animi,
931 2399 1012 2455 vel
1039 2401 1277 2471 corporis
1302 2400 1510 2468 morbo,
1540 2401 1624 2456 vel
1653 2401 1838 2471 quavis
1865 2400 1964 2454 alia

385 2490 684 2547 calamitate
711 2501 802 2546 aut
822 2501 1161 2564 peccatorum
1183 2493 1322 2549 mole
1343 2493 1618 2563 premitur,
1649 2503 1707 2547 ut
1725 2508 1844 2548 cum
1864 2493 1968 2548 fide

383 2584 486 2638 huc
503 2583 753 2650 accedat;
782 2593 836 2640 et
859 2585 925 2640 ab
948 2584 1052 2641 illis
1070 2586 1316 2642 omnibus
1333 2586 1608 2652 liberatus,
1628 2601 1817 2656 magna
1844 2601 1964 2641 cum

382 2673 560 2730 laetitia
588 2683 916 2747 revertetur,
944 2683 1000 2733 et
1032 2687 1248 2748 aspectu
1275 2677 1392 2735 solo
1415 2677 1793 2735 conscientiam
1818 2685 1959 2733 tran-

1109 277 1168 334 ε.
1205 277 1480 335 JOANNIS
1501 275 1972 336 CIIRYSOSTOMI
2011 274 2331 332 ARCHIEP.
2371 275 2897 333 CONSTANTINOP.

3534 285 3644 347 596

2063 387 2364 457 quilliorem
2387 389 2696 458 reportabit.
2723 388 2860 456 Quin
2891 387 3050 444 etiam
3071 387 3285 458 expedit
3303 428 3318 455 ,
3348 396 3408 444 ut
3435 402 3538 444 non
3562 406 3652 445 so-

2063 477 2172 532 lum
2201 478 2269 544 ii,
2298 481 2389 550 qui
2403 481 2654 536 aerumnis
2682 480 2856 536 affecti
2884 489 3032 544 sunt,
3055 479 3159 536 huc
3184 497 3303 538 sese
3329 481 3604 538 conferant
3630 523 3646 550 ,

2065 572 2157 626 sed
2186 572 2262 626 illi
2283 573 2442 628 etiam
2461 615 2476 640 ,
2508 575 2599 645 qui
2626 583 2680 630 et
2723 574 2885 628 animi
2911 584 3088 654 quiete
3109 616 3124 640 ,
3151 584 3202 630 et
3232 575 3400 646 gloria
3421 616 3436 642 ,
3473 585 3527 630 et
3556 591 3650 646 po-

2066 663 2228 717 tentia
2248 705 2262 730 ,
2286 673 2340 719 et
2361 679 2549 734 magna
2570 665 2707 734 apud
2735 665 2900 719 Deum
2925 665 3112 720 fiducia
3136 665 3497 735 perfruuntur,
3518 665 3651 721 hanc

2066 753 2350 810 utilitatem
2399 771 2505 810 non
2547 756 2832 826 negligant.
2891 756 2990 826 Qui
3037 757 3178 811 enim
3227 757 3330 811 huc
3357 757 3561 812 accedit
3597 767 3651 812 ct

2066 855 2310 902 sanctum
2333 847 2508 914 videt,
2535 849 2673 903 bona
2699 848 2812 903 base
2833 848 3031 903 efficiet
3049 848 3322 903 stabiliora
3342 890 3355 912 ,
3381 857 3435 902 et
3451 864 3652 904 memo-

2066 937 2146 991 ria
2175 947 2320 993 recte
2367 937 2628 993 factorum
2660 939 2777 1008 ejus
2801 939 3035 993 animum
3065 953 3217 993 suum
3248 939 3436 994 reddet
3464 939 3648 995 mode-

2068 1033 2322 1084 ratiorem
2344 1071 2360 1096 ,
2393 1044 2492 1084 nec
2514 1030 2896 1084 conscientiam
2936 1045 3086 1084 suam
3114 1030 3269 1084 bonis
3298 1029 3548 1100 operibus
3570 1030 3652 1084 ef-

2068 1121 2198 1177 ferri
2245 1131 2404 1192 atqne
2442 1123 2803 1178 intumescere
2851 1122 3102 1193 patietur.
3155 1122 3270 1176 Non
3303 1122 3447 1191 parvi
3475 1132 3652 1178 autem

2067 1218 2322 1271 momenti
2366 1225 2484 1282 est,
2535 1231 2630 1270 eos
2653 1257 2668 1280 ,
2700 1213 2894 1286 quibus
2924 1230 3194 1285 prospera:
3221 1224 3377 1284 atque
3405 1215 3654 1270 secundas

2068 1325 2158 1364 res
2196 1307 2385 1373 ﬂuunt,
2430 1323 2522 1364 eas
2562 1307 2703 1363 ferre
2742 1307 3052 1372 moderate,
3077 1316 3131 1362 et
3159 1307 3421 1376 superbia:
3447 1316 3654 1362 tumore

2069 1416 2179 1458 non
2211 1381 2425 1457 extolli.“
2443 1400 2593 1456 Utilis
2622 1400 2781 1471 igitur
2807 1399 3013 1456 eunetis
3041 1399 3124 1453 hic
3153 1398 3434 1453 thesaurus
3460 1407 3568 1463 est,
3599 1407 3652 1453 et

2069 1493 2332 1565 refugium
2373 1502 2764 1563 opportunum,
2807 1502 2912 1546 tam
2961 1492 3024 1546 iis
3051 1493 3141 1562 qui
3183 1491 3318 1560 lapsi
3363 1499 3515 1557 sunt,
3542 1500 3650 1545 uta

2073 1586 2452 1643 tentationibus
2474 1586 2765 1640 liberentur
2784 1626 2798 1649 ,
2827 1599 2986 1654 quam
3008 1584 3071 1638 iis
3096 1583 3182 1676 qui
3213 1598 3463 1652 prospere
3491 1598 3553 1636 ac
3579 1583 3656 1638 fe-

2071 1677 2244 1732 liciter
2271 1676 2490 1748 degunt,
2517 1684 2577 1731 ut
2597 1675 2688 1730 diu
2717 1675 2959 1730 fruantur
2986 1673 3174 1739 bonis;
3207 1674 3309 1728 illis
3335 1673 3424 1743 qui
3455 1675 3654 1730 morbis

2071 1767 2356 1834 laborant,
2383 1776 2439 1822 ut
2465 1767 2657 1822 bonam
2701 1765 3053 1821 valetudinem
3091 1774 3517 1834 consequantur;
3550 1763 3654 1817 illis

2070 1860 2161 1930 qui
2188 1857 2466 1914 commoda
2493 1858 2727 1928 gaudent
2751 1855 3055 1911 valetudine
3073 1897 3087 1920 ,
3111 1870 3179 1909 ne
3208 1855 3260 1909 in
3292 1854 3532 1908 morbum
3560 1853 3657 1907 ali-

2071 1968 2230 2022 quem
2257 1953 2548 2008 incurrant.
2586 1951 2714 2019 Quae
2760 1949 2972 2019 quidem
3003 1948 3181 2003 omnia
3219 1947 3653 2010 considerantes,

2074 2045 2219 2100 omni
2241 2044 2433 2114 gaudio
2456 2051 2613 2113 atque
2638 2041 2893 2112 voluptati
2910 2056 3118 2096 sacrum
3141 2040 3280 2094 hunc
3302 2039 3472 2094 locum
3499 2047 3651 2092 ante-

2071 2151 2331 2208 ponamus
2351 2177 2365 2201 ,
2399 2144 2455 2190 ut
2482 2134 2679 2189 laetitizn
2704 2142 2758 2189 et
2783 2133 2915 2188 lucri
2944 2141 3256 2199 consortes,
3288 2131 3394 2186 illic
3439 2138 3651 2185 sancto-

2071 2245 2189 2284 rum
2215 2228 2627 2284 contubernales
2671 2237 2724 2282 et
2752 2227 2883 2282 socii
2913 2241 3033 2281 esse
3053 2225 3355 2290 valeamus,
3405 2222 3652 2292 precibus

2071 2319 2308 2388 ipsorum
2338 2327 2643 2374 sanctorum
2663 2360 2679 2386 ,
2705 2325 2758 2373 et
2781 2319 2947 2388 gratia
2981 2332 3041 2370 ac
3086 2316 3405 2385 benignitate
3447 2313 3652 2368 Domini

2071 2409 2240 2464 nostri
2267 2409 2394 2465 Jesu
2419 2408 2647 2477 Christi,
2679 2424 2798 2464 cum
2831 2423 2936 2478 quo
2965 2407 3106 2462 Patri
3135 2407 3300 2477 gloria
3321 2447 3336 2474 ,
3363 2414 3654 2474 sanctoque

2073 2500 2328 2571 Spiritui,
2361 2517 2502 2558 nunc
2539 2509 2592 2557 et
2618 2515 2861 2571 semper,
2882 2539 2888 2544 -
2909 2508 2962 2555 et
3008 2499 3060 2555 in
3089 2499 3282 2554 saecula
3312 2498 3651 2554 seculorum.

2071 2596 2261 2652 Amen.
