4080 6196
401 286 506 340 597
1103 286 1158 340 S.
1195 286 1484 343 JOANNIS
1528 287 2020 346 CHRYSOSTOMI
2058 287 2378 344 ARCHIEP.
2420 287 2964 346 CONSTA'ATINOP.
3385 291 3398 304 ‘
3549 289 3655 342 598

400 395 3618 420 W

2865 413 3198 424 _——————-

1191 547 1294 607 AD
1355 547 1738 608 HOMILIAM
1791 548 1870 608 IN
1925 547 2276 607 SANCTUM
2330 545 2817 606 EUSTATHIUM
2842 592 2856 621 ,

467 700 644 771 Hujus
671 699 724 754 in
761 697 818 752 S.
849 696 1188 752 Eustathium
1214 697 1311 753 abs
1351 713 1410 752 se
1441 697 1639 752 habitae
1691 697 1976 752 concionis
2007 695 2252 751 meminit
2283 693 2705 766 Chrysostomus
2752 709 3006 750 sermone
3035 695 3059 748 1
3099 694 3166 750 de
3191 696 3370 750 verbis
3405 694 3652 754 Jercmia‘.

367 809 554 851 "num.
586 797 640 858 l,
685 795 771 850 his
803 795 982 848 verbis
1013 804 1032 844 :
1063 793 1350 863 Propterea
1381 811 1544 865 nuper
1573 812 1690 848 cum
1723 795 1787 848 de
1812 793 1976 848 Petro
1998 803 2049 848 et
2075 793 2252 848 Paulo
2271 795 2722 858 disseruissemus,
2745 803 2796 846 et
2819 795 2882 847 tle
2910 802 3091 847 exorta
3121 793 3260 846 inter
3295 795 3432 863 ipsos
3463 793 3652 852 Antio-

398 888 530 942 cltite
560 886 934 950 controversia,
964 901 1298 956 pugnamque
1331 885 1502 950 illam,
1525 903 1642 957 quia
1667 887 1804 939 inter
1827 901 1914 940 eos
1939 901 2050 939 esse
2077 885 2370 950 videbatur,
2399 900 2528 952 pace
2550 887 2740 955 quavis
2767 885 3034 938 utiliorem
3055 885 3194 940 vobis
3221 886 3648 952 ostendissemus,

397 994 614 1047 cumque
649 979 717 1031 ad
749 987 1074 1048 prmi-aptam
1107 987 1156 1031 et
1199 993 1438 1048 asperam
1479 995 1567 1033 ros
1613 979 1761 1032 illam
1795 979 1936 1032 viam
1975 977 2416 1033 deduxissemus:
2457 981 2704 1049 quoniam
2753 979 3066 1050 defatigatus
3101 979 3349 1041 vidimus,
3389 979 3456 1032 ad
3503 979 3650 1032 aliud

395 1083 760 1142 argumentum
793 1088 878 1126 vos
905 1073 1264 1136 traduximus,
1293 1071 1418 1124 dum
1453 1072 1592 1126 beati
1619 1071 1890 1128 Eustatliii
1919 1075 2192 1144 praeconia
2228 1089 2466 1128 sermone
2487 1073 2744 1138 complexi
2777 1089 2981 1137 sumus,
3008 1081 3056 1127 et
3093 1072 3380 1146 pastillum
3414 1075 3646 1144 generosi

395 1165 646 1233 martyris
674 1163 900 1218 Romani
928 1167 1110 1219 laudes
1142 1167 1496 1234 percurrimus
1533 1183 1648 1219 cum
1680 1165 1949 1221 illustrius
1982 1167 2130 1222 nobis
2166 1167 2376 1236 factum
2409 1175 2488 1220 est
2524 1166 2808 1233 theatrum,
2847 1165 3074 1236 amplior
3103 1168 3408 1235 applausus,
3445 1183 3505 1218 ac
3533 1183 3650 1219 mn-

387 1259 480 1330 jor
518 1261 766 1330 strepitus
799 1261 1234 1314 ucclamantium.
1265 1259 1550 1317 Praecessit
1575 1262 1734 1332 igitur
1763 1263 1908 1320 hanc
1946 1262 2000 1317 in
2063 1261 2411 1316 Eustathium
2447 1261 2731 1315 homiliam
2766 1261 2999 1316 celebris
3044 1260 3136 1314 illa
3165 1259 3232 1314 de
3275 1259 3646 1315 controversia

391 1351 532 1405 inter
577 1349 800 1404 Paulum
828 1359 880 1406 et
907 1351 1122 1406 Petrum
1150 1369 1162 1404 :
1190 1353 1434 1408 eamdem
1464 1351 1616 1425 [602]
1647 1369 1772 1408 vero
1803 1355 1857 1408 in
1881 1354 2228 1409 Eustatliium
2255 1363 2444 1409 secuta
2467 1363 2548 1408 est
2576 1353 2798 1408 liomilia
2829 1354 2881 1408 in
2911 1353 2970 1408 S.
2997 1353 3303 1407 Romanum
3329 1359 3644 1422 martyrem,

395 1458 559 1512 quam
597 1441 992 1512 Chrysostomo
1021 1443 1284 1499 suadente
1322 1443 1449 1500 huic
1481 1445 1880 1516 subjungimus.
1911 1443 2004 1501 lize
2031 1461 2196 1518 porro
2225 1459 2416 1502 omnes
2451 1447 2752 1502 conciones
2778 1431 3312 1500 Antiocliiae'liabitae
3339 1451 3467 1498 sunt
3491 1457 3506 1495 :
3533 1457 3641 1512 quo

397 1546 576 1590 autem
605 1551 748 1590 anno
779 1537 1082 1606 ignoratur.

473 1627 548 1680 De
595 1626 884 1682 Eustathio
925 1627 1268 1681 Antiocheno
1308 1627 1572 1698 prmsule,
1607 1629 1698 1698 qui
1733 1643 1834 1700 pro
1873 1629 2138 1686 catholica
2173 1631 2276 1685 ﬁde
2319 1629 2488 1684 multa
2521 1643 2810 1700 perpessus
2851 1634 2904 1683 et
2946 1626 3001 1682 in
3035 1627 3286 1682 exsilium
3319 1625 3507 1696 pulsus
3537 1631 3642 1688 est,

405 1733 575 1788 pauca
609 1717 839 1772 dicenda
878 1727 1025 1772 sunt.
1057 1717 1155 1772 llic
1183 1719 1382 1774 ardens
1412 1720 1594 1776 studio
1627 1736 1767 1776 verae
1796 1722 2062 1778 doctrina:
2087 1723 2497 1792 promovendae,
2521 1720 2863 1788 infestusque
2887 1719 3126 1786 Arianis,
3160 1735 3295 1790 quos
3321 1718 3644 1774 interclusos

397 1811 658 1864 societate
685 1817 739 1864 et
762 1810 1145 1866 communione
1181 1827 1280 1866 sua
1303 1811 1566 1876 edixerat,
1591 1813 1646 1866 in
1673 1813 1858 1867 odium
1887 1813 2260 1884 invidiamque
2289 1812 2508 1868 Eusebii
2537 1811 2969 1868 Nicomediensis
2993 1811 3230 1882 episcopi
3261 1812 3642 1880 sociorumque

400 1905 728 1960 Arianorum
771 1904 1021 1960 incurrit.
1057 1905 1140 1960 Ad
1173 1905 1288 1961 haec
1317 1906 1492 1961 multa
1543 1915 1733 1961 contra
1773 1907 2010 1962 Arianos
2041 1921 2208 1978 opera
2233 1907 2284 1961 in
2327 1907 2503 1962 lucem
2535 1907 2740 1972 emisit,
2781 1922 3012 1976 quorum
3039 1907 3244 1961 mentio
3271 1904 3410 1975 apud
3433 1902 3642 1958 lliero-

396 2011 620 2068 nyinum
653 2004 708 2052 et
740 1995 1164 2052 Theodoretum.
1217 1997 1354 2052 (ium
1402 1998 1642 2054 Eusebio
1675 2001 1802 2056 item
1853 2001 2174 2058 Caesariensi
2229 2001 2352 2056 iniit
2401 2002 2856 2064 controversiam,
2888 2015 3124 2069 eumque
3156 2007 3216 2054 ut
3247 1999 3478 2053 Nictente
3517 1999 3638 2052 fidei

397 2087 675 2143 infensum
704 2089 925 2158 scriptis
960 2090 1076 2144 suis
1102 2091 1414 2160 exagitavit.
1445 2089 1540 2144 llle
1585 2101 1777 2147 contra
1808 2092 2154 2148 Eustathium
2191 2109 2348 2148 reum
2377 2094 2486 2162 egit
2525 2091 2846 2146 Sabellianze
2873 2090 3168 2161 opinionis,
3203 2088 3349 2159 quod
3378 2087 3639 2142 Sabellio-

392 2180 554 2234 nismi
580 2181 1054 2248 crimensolemne
1080 2183 1300 2240 Arianis
1325 2194 1444 2240 erat
1481 2187 1548 2241 iis
1573 2187 1790 2254 oﬂ'erre,
1811 2188 1905 2258 qui
1939 2188 2198 2242 Arianam
2234 2187 2468 2242 hreresin
2504 2185 2698 2242 infesti
2731 2193 3126 2256 oppugnarent.
3157 2181 3344 2252 Neque
3373 2181 3428 2236 in
3463 2179 3636 2235 Euse-

396 2274 546 2328 bium
588 2285 800 2334 tantum
855 2285 1195 2352 Eustathius,
1248 2285 1342 2340 sed
1375 2286 1538 2340 etiam
1588 2287 1640 2340 in
1693 2284 2072 2356 PatrOphilum
2107 2285 2644 2356 Scythopolitanum,
2683 2293 2737 2339 et
2765 2281 3054 2338 Paulinum
3103 2281 3328 2352 Tyrium
3375 2277 3640 2334 acerrime

392 2367 767 2426 invehebatur.
804 2372 900 2430 llis
929 2378 1143 2430 accensi
1176 2378 1419 2432 veritatis
1447 2379 1630 2433 hostes
1659 2377 1778 2432 viro
1821 2377 2049 2434 insidias
2083 2386 2280 2449 parant
2313 2387 2367 2431 et
2397 2378 2630 2432 crimina
2677 2375 3192 2431 comminiscuntur.
3229 2371 3344 2427 Non
3385 2367 3640 2426 convenit

388 2459 532 2517 inter
562 2462 858 2531 scriptores
889 2481 998 2535 quo
1025 2467 1312 2523 calumnias
1351 2485 1548 2540 genere
1585 2471 1697 2525 sint
1741 2469 1828 2526 usi
1878 2468 2152 2526 Eustathii
2195 2470 2518 2524 adversarii.
2561 2469 2653 2524 Ait
2681 2467 3036 2532 Athanasius,
3079 2464 3220 2535 apud
3249 2463 3634 2534 Imperatorem

400 2557 818 2614 Constantinum
849 2561 1100 2632 Magnum
1129 2573 1444 2620 accusatum
1473 2565 1818 2622 Eustathium
1845 2567 2098 2639 irrogata:
2125 2567 2286 2620 matri
2311 2566 2488 2636 ipsius
2523 2565 2891 2629 contumeliae,
2923 2563 3070 2616 nulla
3111 2561 3425 2630 interposita
3479 2573 3634 2613 mora

391 2648 449 2702 in
489 2649 744 2706 exsilium
795 2661 974 2708 actum
1015 2653 1182 2711 fuisse
1229 2671 1356 2736 cum
1394 2673 1586 2730 magna
1620 2661 1998 2715 comitantium
2037 2662 2472 2733 presbyterorum
2512 2669 2567 2716 et
2595 2661 2950 2716 diaconorum
3004 2657 3328 2728 frequentia.
3379 2653 3636 2710 Socrates

394 2747 576 2796 autem
603 2757 655 2798 et
704 2739 1040 2804 Sozomenus
1083 2759 1326 2817 narrant,
1370 2753 1496 2808 odio
1538 2753 1831 2825 ﬂagrantes
1881 2755 2218 2812 Eusebianos
2266 2757 2611 2812 Eustathium
2648 2757 2700 2810 in
2749 2755 2970 2826 Synodo
3015 2751 3318 2807 Antiochiae
3356 2751 3626 2806 celebrata

375 2837 702 2906 abdicasse,
745 2859 866 2897 cum
907 2843 1334 2916 Sabellianismi,
1369 2859 1482 2906 tum
1509 2853 1649 2908 alius
1687 2854 1934 2910 criminis
1965 2870 2070 2910 non
2113 2855 2454 2910 memorandi
2489 2869 2674 2909 causa.
2713 2851 2914 2907 Verum
2949 2849 3094 2921 quod
3149 2849 3282 2904 illud
3328 2847 3492 2902 fuerit
3521 2847 3632 2902 cri-

400 2942 546 2994 men,
575 2931 748 2998 aperit
787 2931 1182 3000 Theodoretus,
1207 2936 1504 2995 Eusebium
1539 2943 1746 2998 scilicet
1775 2943 2263 3011 Nicomediensem,
2293 2945 2450 3015 quasi
2480 2945 2624 2998 aliud
2661 2953 2927 3014 agentem,
2953 2957 3078 2995 cum
3109 2941 3272 2996 sociis
3300 2955 3408 2994 non
3441 2939 3634 3009 paucis

399 3017 746 3074 Antiochiam
777 3025 1015 3090 venisse,
1050 3037 1103 3080 et
1135 3029 1204 3084 ab
1241 3030 1522 3086 Eustathio
1545 3034 1775 3088 comiter
1805 3042 2088 3103 exceptum
2127 3033 2322 3090 fuisse.
2363 3035 2456 3100 lbi,
2484 3036 2660 3102 inquit
2699 3033 2807 3098 ille,
2835 3033 3106 3088 conducta
3141 3031 3481 3096 muliercula,
3507 3043 3632 3100 quae

392 3112 642 3179 corporis
687 3113 1090 3182 pulchritudine
1115 3131 1380 3190 quaestum
1430 3123 1696 3189 faciebat,
1743 3135 1994 3180 auctores
2037 3125 2138 3194 ipsi
2181 3135 2328 3189 sunt,
2359 3135 2418 3178 ut
2474 3125 2549 3179 rei
2597 3139 2782 3179 secum
2819 3124 3018 3178 habitae
3050 3131 3298 3178 sanctum
3333 3122 3619 3190 praesulem

400 3212 638 3258 accuset.
665 3203 723 3258 In
768 3216 966 3262 emtum
1001 3210 1314 3269 intromissa
1343 3216 1558 3279 mulier,
1598 3216 1857 3271 infantem
1884 3216 2141 3272 uberibus
2165 3218 2444 3272 admotum
2471 3217 2783 3282 ostendens,
2826 3215 2977 3268 illum
3011 3229 3069 3270 se
3099 3229 3164 3268 ex
3187 3211 3453 3268 Eustathii
3483 3213 3630 3268 coitu

399 3299 672 3367 peperisse
693 3300 944 3358 aflirmat.
978 3305 1297 3364 Eustathius
1319 3326 1472 3373 vero,
1500 3327 1606 3367 non
1637 3312 1858 3382 ignarus
1887 3313 2132 3368 conﬂata:
2155 3315 2210 3367 in
2244 3329 2302 3368 se
2335 3311 2785 3383 conspirationis,
2819 3311 3099 3365 mulierem
3127 3311 3174 3366 si
3211 3325 3369 3379 quem
3409 3310 3634 3365 haberet

307 3405 311 3408 ·
405 3390 719 3458 huiusmodi
749 3395 1008 3454 facinoris
1040 3408 1230 3456 testem
1269 3405 1322 3457 in
1357 3407 1591 3459 medium
1621 3407 1864 3476 proferre
1902 3409 2090 3478 jubet;
2123 3424 2355 3479 cumque
2387 3409 2656 3464 neminem
2693 3408 2780 3462 illa
2813 3406 3056 3476 proferre
3080 3417 3286 3476 posset,
3319 3407 3421 3475 ipsi
3449 3405 3632 3474 jusju-

395 3484 628 3538 randum
672 3485 960 3544 Eusebiani
1001 3491 1260 3548 detulere.
1309 3495 1518 3550 Juravit
1549 3497 1638 3552 illa
1687 3498 1948 3554 infantem
1993 3499 2264 3555 Eustathii
2299 3515 2457 3566 esse;
2505 3485 2801 3569 sta‘timque
2829 3499 3042 3569 judices
3086 3497 3418 3568 iniquissimi
3447 3499 3624 3550 virum

397 3578 660 3635 damnant
694 3592 752 3636 ut
782 3583 1081 3652 mmchum,
1129 3587 1551 3644 reclamantibus
1598 3591 1721 3645 licet
1755 3593 1967 3648 caeteris
1995 3593 2264 3663 episcopis
2288 3594 2380 3662 qui
2427 3608 2492 3647 eo
2533 3594 2634 3647 loci
2677 3602 3062 3658 convenerant,
3093 3595 3204 3647 veri
3247 3591 3530 3647 tenacibus
3569 3600 3627 3646 et

401 3671 542 3746 frugi
575 3678 908 3744 hominibus,
935 3681 1028 3751 qui
1059 3680 1344 3738 Eustathio
1372 3694 1622 3741 auctores
1661 3697 1818 3740 erant
1849 3699 1908 3742 ut
1938 3703 2008 3742 ne
2037 3689 2240 3758 iniquae
2287 3689 2567 3744 sententia:
2597 3690 2981 3758 acquiesceret.
3021 3687 3173 3744 Hanc
3195 3689 3322 3742 item
3356 3686 3618 3742 crimina-

391 3770 594 3826 tionem
635 3785 1027 3831 commemorat
1058 3777 1423 3850 Hieronymus
1463 3781 1689 3853 Apolog.
1721 3782 1756 3835 2
1801 3783 2062 3840 adversus
2096 3784 2374 3840 Ruﬁnum.
2405 3805 2424 3836 ‹
2471 3785 2608 3849 Istae,
2645 3786 2840 3856 inquit,
2886 3785 3152 3839 machina:
3201 3781 3617 3842 Haereticorum,

386 3851 446 3917 'id
473 3876 577 3932 est,
609 3870 994 3940 magistrorum
1031 3881 1246 3928 tuorum
1279 3885 1426 3944 sunt,
1461 3886 1518 3932 ut
1549 3851 1784 3934 convicti
1814 3879 1882 3934 de
1901 3879 2149 3950 perfidia,
2185 3881 2249 3936 ad
2285 3882 2574 3936 maledicta
2602 3897 2660 3938 se
2693 3851 2997 3937 conferant.
3033 3879 3122 3935 Sic
3149 3878 3468 3934 Eustathius
3499 3877 3618 3946 epi-

390 3973 588 4030 smpus
617 3962 778 4030 filios,
804 3965 933 4022 dum
967 3970 1162 4034 nescit,
1189 3969 1415 4027 invenit.
1459 3991 1481 4024 ι

423 4053 3616 4082 MM

1711 4245 2293 4333 ΕΓΚΩΜΙΟΝ

617 4431 640 4458 ι’
678 4420 781 4482 Εἰς
819 4419 924 4471 τὸν
965 4419 1032 4472 ἐν
1053 4420 1241 4488 ἁγίοις
1268 4423 1489 4491 πατέρα
1521 4421 1688 4492 ἡμῶν
1721 4423 2056 4477 Εὐστάθιον
2083 4423 2554 4492 ἁρχιεπίο-κοπον
2593 4423 2945 4493 Ἀντιοχείας
2969 4419 3075 4489 τῆς
3103 4418 3391 4490 μεγάλης.

2003 4603 2066 4614 .-

475 4753 542 4798 α’.
564 4745 730 4814 Σοφός
748 4763 828 4808 τις
849 4746 988 4819 ἀνὴρ
1005 4747 1099 4800 καὶ
1119 4747 1424 4816 φιλοσοφεῖν
1441 4747 1616 4810 εἰδὼς,
1629 4747 1737 4800 τῶν
1759 4747 1965 4818 ἀνθρω-

403 4831 573 4882 πίνων
600 4830 937 4900 πραγμάτων
981 4831 1079 4901 τὴν
1114 4831 1273 4899 φύσιν
1305 4832 1441 4902 μετὰ
1481 4832 1765 4902 ἀκριϐείας
1803 4850 1966 4884 κατα-

406 4912 612 4984 μαθὼν,
653 4913 747 4966 καὶ
771 4911 1024 4980 ἐπιγνοὺς
1056 4914 1234 4966 αὐτῶν
1272 4916 1369 4984 τὴν
1415 4916 1736 4986 σαθρότητα,
1766 4917 1859 4967 καὶ
1891 4916 1966 4978 ὡς

401 4994 550 5048 οὐδὲν
593 4995 704 5064 ἔχει
738 4995 944 5058 πιστὸν,
1003 4997 1120 5049 οὐδὲ
1147 4992 1174 5032 δ
1223 4998 1436 5068 βέϐαιον
1463 5039 1475 5062 ,
1529 5002 1780 5070 παραινεῖ
1813 5003 1961 5070 κοινῇ

402 5080 567 5132 πᾶσιν
607 5077 910 5148 ἀνθρώποις
943 5079 1049 5149 πρὸ
1087 5081 1342 5152 τελευτῆς
1388 5081 1460 5152 μὴ
1515 5084 1832 5152 μακαρίζειν
1863 5101 1966 5153 μη-

398 5161 546 5214 δένα.
591 5161 800 5213 Οὐκοῦν
831 5161 1016 5232 ἐπειδὴ
1059 5163 1443 5234 τετελεύτηκεν
1489 5167 1516 5217 ὁ
1559 5167 1824 5236 μακάριος
1863 5167 1966 5218 Εὑ-

399 5241 636 5306 στάθιος,
673 5243 810 5312 μετὰ
847 5243 1027 5306 ἀδείας
1055 5245 1215 5298 αὑτὸν
1244 5247 1459 5316 ἀπάσης
1490 5249 1830 5317 ἐγκωμιάσαι
1857 5250 1966 5301 λοι-

399 5327 498 5379 πον
531 5325 824 5397 δυνάμεθα·
857 5329 904 5379 εἰ
923 5327 1030 5397 γὰρ
1055 5329 1159 5398 πρὸ
1187 5329 1440 5399 τελευτῆς
1456 5331 1514 5382 ού
1539 5330 1619 5382 δεῖ
1648 5333 1967 5401 μακαρίζειν

395 5409 606 5473 οὐδένα,
646 5408 785 5480 μετὰ
811 5409 908 5480 τὴν
937 5411 1192 5480 τελευτὴν
1219 5412 1508 5475 ἀνεύθυνος
1541 5413 1633 5465 ἐπὶ
1661 5413 1768 5466 τῶν
1801 5415 1967 5478 ἀξίων

394 5491 424 5541 ὁ
461 5494 808 5562 μακαρισμὸς
835 5493 1023 5560 γένοιτ’
1057 5493 1142 5546 ἄν.
1171 5495 1273 5547 Καὶ
1303 5497 1410 5566 γὰρ
1433 5496 1677 5565 παρῆλθε
1698 5497 1788 5548 τὸν
1817 5495 1964 5564 εὕρι-

395 5589 496 5624 πον
525 5571 630 5624 ’.τῶν
666 5573 932 5642 βιωτικῶν
965 5578 1324 5646 πραγμάτων,
1357 5578 1645 5647 ἀπηλλάγη
1667 5579 1768 5646 τῆς
1791 5595 1959 5648 ταρπ-

395 5654 496 5724 χῆς
514 5655 917 5726 τῶν’κυμάτων,
942 5661 1074 5732 πρὸς
1092 5662 1180 5713 τὸν
1199 5661 1368 5713 εὔδιον
1406 5662 1498 5714 καὶ
1535 5663 1802 5730 ἀτάραχον
1829 5679 1952 5714 κατ-

459 5755 484 5824 ξ
509 5756 656 5824 ξρνὶἱ.
677 5758 821 5824 titulo
839 5760 972 5824 addit
991 5762 1079 5824 uati
1095 5763 1157 5816 εἷς
1192 5763 1275 5818 τήν
1297 5765 1504 5820 σπουδὴν
1526 5765 1616 5809 τῶν
1639 5765 1950 5812 εἰσελθνίντων.

461 5813 491 5856 b
515 5816 647 5866 L'nus
673 5819 796 5878 Heg.
825 5827 877 5870 et
898 5821 1044 5872 Savit.
1069 5823 1118 5870 in
1141 5813 1289 5879 marg.
1321 5825 1414 5878 ἔτει
1439 5813 1646 5878 crebrior,
1675 5825 1798 5872 οὐδὲ.

2068 4751 2291 4805 έπλευσε
2335 4749 2558 4818 λιμένα.
2595 4750 2691 4817 οὐχ
2740 4747 3024 4801 ὑπόκειται
3077 4751 3146 4818 τῇ
3201 4746 3292 4801 τοῦ
3350 4745 3634 4816 μέλλοντος

2066 4833 2332 4903 ἁδηλὶᾳε,
2362 4832 2480 4884 ούδέ
2529 4835 2674 4884 ἐστιν
2729 4829 3030 4892 ὑπεύθυνος
3087 4829 3452 4892 κατα-πτώσει,
3497 4829 3634 4882 ἀλλὰ

2067 4917 2314 4986 καθάπερ
2349 4917 2440 4967 ἐπὶ
2469 4917 2670 4985 πέτρας
2709 4913 2850 4978 τινὸς
2891 4915 2984 4966 καὶ
3013 4913 3214 4984 ὑψηλοῦ
3243 4913 3501 4965 σκοπέλου
3534 4911 3636 4964 νῦν

2067 4999 2238 5059 ἑστὼς
2281 4998 2554 5067 καταγελᾷ
2607 4997 2714 5049 τῶν
2767 4997 3026 5066 κυμάτων
3079 4998 3352 5050 ἁπάντων.
3421 4996 3639 5048 υύκοῦν

2066 5081 2310 5150 ἀσφαλὴς
2336 5082 2362 5131 ὁ
2407 5078 2773 5150 μακαρισμὸς,
2811 5079 3172 5149 ἀνεπίληπτον
3210 5080 3270 5130 τὸ
3313 5079 3587 5148 ἐγκώμιον
3611 5095 3636 5114 ο

2063 5163 2122 5214 οὑ
2153 5165 2260 5233 γὰρ
2290 5161 2492 5214 δέδοικε
2535 5161 2856 5231 μεταὸολὴν,
2885 5163 2981 5231 οὐχ
3009 5161 3303 5213 ὑποπτεύει
3339 5161 3638 5230 μετάπτω-

2063 5263 2166 5298 σιν.
2207 5245 2394 5314 Ἡμεῖς
2441 5244 2539 5313 μὲν
2577 5243 2684 5313 γὰρ
2717 5245 2766 5295 οἱ
2817 5244 2895 5296 ἔτι
2937 5243 3168 5307 ζῶντες,
3203 5244 3452 5313 καθάπερ
3487 5245 3534 5294 οἱ
3571 5245 3640 5295 ἐν

2065 5331 2210 5400 μέσῳ
2245 5329 2467 5395 πελάγει
2499 5327 2838 5390 σαλεύοντες,
2879 5327 3100 5390 πολλαῖς
3141 5327 3477 5397 ὑποκείμεθα
3505 5329 3642 5390 ταῖς

2065 5413 2404 5484 μεταϐολαῖς·
2447 5413 2538 5466 καὶ
2591 5411 2839 5481 καθάπερ
2881 5414 3078 5464 ἐκεῖνοι
3107 5411 3202 5464 νῦν
3243 5412 3339 5482 μὲν
3377 5415 3454 5474 εἰς
3493 5409 3641 5480 ὕψος

2063 5499 2303 5566 αἴρονται
2337 5496 2442 5548 τῶν
2493 5495 2750 5563 κυμάτων
2797 5493 3240 5563 κορυφουμένων.
3285 5493 3377 5546 νῦν
3406 5493 3462 5545 δὲ
3491 5493 3642 5562 πρὸς

2067 5580 2227 5632 αὑτὸν
2271 5578 2664 5646 καταφέρονται
2719 5577 2808 5629 τὸν
2858 5577 3048 5644 βυθόν·
3093 5575 3207 5629 ἀλλ’
3241 5573 3364 5629 οὔτε
3397 5575 3456 5626 τὸ
3493 5573 3642 5638 ὕψος

2069 5663 2304 5730 ἀσφαλὲς
2329 5702 2342 5724 ,
2376 5661 2496 5712 οὕτε
2529 5662 2561 5730 ἡ
2591 5659 2914 5721 ταπείνωσις
2967 5659 3190 5728 μόνιμος
3217 5677 3228 5690 ·
3273 5659 3475 5714 ὑδάτων
3521 5659 3646 5728 γάρ

2127 5763 2146 5788 τ
2175 5759 2304 5806 [ους
2329 5773 2414 5806 ms.
2439 5763 2496 5820 τῇ
2519 5755 2602 5805 τοῦ
2625 5759 2870 5818 μέλλοντος
2888 5755 3050 5820 δειλίᾳ.
