4080 6196
348 204 449 260 597
1357 194 1423 251 IN
1465 197 1523 253 S.
1567 197 2019 256 EUSTATHIUM
2084 196 2609 254 ANTIOCIIENUM.
3518 200 3634 256 mx-

354 305 1975 344 mm:

2012 306 3598 336 wn

1207 457 1634 520 EPISCOPUM
1681 458 2261 532 ANTIOCHENUM,
2317 458 2754 518 ADMONITlO.

421 604 547 662 llaec
571 604 952 662 Theodoretus
984 613 1038 659 et
1066 601 1432 676 Hieronymus
1459 622 1472 658 :
1505 612 1561 658 at
1590 619 1686 674 per
1716 603 1848 658 mihi
1880 603 2079 658 mirum
2107 601 2321 658 videtur
2353 603 2493 656 hanc
2519 611 2628 656 tam
2661 612 2900 658 atrocem
2938 603 2991 657 in
3012 602 3248 659 amicum
3274 611 3327 657 et
3353 600 3631 672 aequalem.

356 715 518 755 suum
554 699 869 768 episcopum
898 696 1136 752 oblatam
1165 695 1492 750 calumniam
1521 695 1590 750 ab
1632 694 1934 750 Athanasio
1970 694 2160 750 taceri.
2194 692 2271 748 Ex
2311 694 2595 749 Athanasii
2646 703 2794 750 certe
2831 696 3050 751 silentio
3076 696 3323 752 nonnihil
3370 695 3614 750 fortasse

351 801 615 846 nascatur
643 799 832 845 contra
862 791 1003 845 hanc
1033 789 1316 845 historiam
1342 787 1692 858 suspicionis,
1732 788 1952 856 quando
1986 787 2334 857 potissimum
2356 784 2645 842 'cernimus
2674 787 2962 858 plerosque
2995 788 3152 845 istius
3183 790 3282 844 κνῆ
3317 789 3624 858 scriptores.

355 881 585 937 libenter
610 882 806 937 afferre
845 882 1296 937 muliercularum
1331 879 1612 945 historias,
1646 895 1876 950 quarum
1914 880 2191 934 nonnullae
2220 878 2336 949 pari
2378 879 2691 950 suspicione
2722 880 3004 947 laborant;
3035 881 3213 951 qualis
3247 888 3332 936 est
3356 880 3444 934 illa
3487 894 3608 932 mu-

345 975 587 1034 liercula:
618 974 674 1029 in
702 973 924 1046 Synodo
942 974 1106 1046 Tyria
1137 973 1499 1028 Athanasium
1527 972 1661 1026 illati
1687 974 1860 1041 stupri
1887 973 2220 1038 accusantis,
2245 987 2407 1042 quam
2427 971 2472 1026 si
2502 987 2609 1027 non
2642 985 2826 1044 aperte
2856 973 3072 1038 falsam,
3099 973 3396 1028 admodum
3422 973 3624 1026 saltem.

354 1077 667 1139 suspectam
692 1067 1034 1124 ostendimus
1055 1067 1109 1121 in
1147 1066 1728 1122 Animadversiouibus
1763 1065 1830 1120 ad
1857 1067 2022 1120 vitam
2047 1073 2101 1119 et
2123 1063 2325 1133 scripta
2356 1063 2662 1118 Athanasii.
2691 1065 2867 1134 Auget
2909 1066 2998 1120 hic
3030 1066 3347 1134 scrupulum
3371 1055 3610 1136 Chrsz-

358 1172 593 1228 stomus,
619 1162 714 1230 qui
753 1160 809 1215 in
850 1159 951 1214 hac
979 1159 1046 1215 de
1071 1157 1360 1214 Eustathio
1389 1158 1615 1212 homilia
1652 1173 1720 1212 ne
1758 1157 1863 1228 γρῦ
1892 1156 2114 1225 quidem
2146 1154 2326 1220 habet,
2364 1167 2474 1222 quo
2505 1153 2668 1208 talem
2693 1153 2933 1208 oblatam
2959 1155 3292 1210 calumniam
3323 1155 3404 1210 vel
3431 1166 3616 1223 aperte

350 1255 634 1312 denuntiet
664 1255 749 1310 vel
779 1255 1107 1310 subiudicet.
1150 1254 1290 1320 Quid
1327 1255 1475 1325 quod
1509 1252 1763 1308 Socrates
1798 1265 2087 1324 postquam
2120 1250 2468 1306 Eustathium
2509 1247 2920 1306 Sabellianismi
2949 1266 3116 1306 causa
3145 1251 3456 1306 abdicatum
3488 1244 3619 1307 nar-

352 1351 514 1417 ravit,
540 1348 748 1418 adjicit,
791 1348 866 1412 ὼς
897 1348 995 1419 μὲν
1029 1343 1123 1402 οὖν
1152 1348 1296 1411 τινές
1338 1364 1525 1416 φασιν,
1554 1346 1620 1400 δι’
1649 1346 1813 1410 ἄλλας
1843 1347 1943 1400 οὐκ
1972 1373 1975 1396 4

2012 1345 2182 1416 γαθὰς
2223 1347 2423 1411 αἰτίας,
2470 1346 2730 1418 φανερῶς
2765 1346 2821 1400 δὲ
2849 1346 2950 1401 οὐκ
2997 1347 3272 1418 εἰρήκασι.
3314 1347 3370 1402 Id
3414 1356 3516 1412 est,
3545 1347 3620 1403 Ut

354 1459 472 1497 vero
493 1443 711 1510 quidam
739 1451 985 1507 narrant,
1016 1443 1138 1497 aliis
1165 1443 1229 1496 de
1267 1444 1451 1505 causis,
1472 1443 1646 1497 minus
1675 1442 1907 1496 honestis
1938 1442 2214 1497 abdicatus
2242 1453 2339 1509 est,
2375 1461 2508 1514 quas
2536 1455 2712 1496 tamen
2744 1458 2922 1512 aperte
2951 1459 3056 1495 non
3088 1443 3385 1512 proferunt.
3410 1442 3616 1509 Quibus

359 1537 544 1592 verbis
565 1537 878 1592 innuitrem
912 1536 1056 1608 apud
1085 1552 1274 1593 omnes
1305 1552 1416 1592 non
1449 1547 1728 1604 constare,
1751 1552 1853 1616 nec
1887 1537 2205 1608 suspicione
2236 1553 2463 1594 vacuam
2498 1553 2643 1605 esse,
2685 1548 2746 1594 ut
2785 1553 2886 1594 nos
2916 1539 3048 1596 item
3081 1550 3358 1610 putamus.

432 1657 701 1715 Abdicato
741 1666 919 1713 autem
945 1658 1252 1724 Eustathio,
1292 1659 1585 1715 Eusebiani
1639 1665 1890 1714 auctores
1928 1658 2250 1731 Imperatori
2286 1669 2414 1717 sunt
2457 1669 2516 1716 ut
2556 1662 2609 1716 in
2651 1661 2904 1716 exsilium
2953 1663 3191 1734 pellatur
3233 1664 3483 1721 antistes.
3530 1665 3606 1720 De

343 1751 524 1808 exsilii
561 1751 683 1805 loco
717 1766 828 1806 non
877 1767 984 1805 una
1011 1759 1093 1808 est
1123 1754 1392 1808 sententia
1423 1771 1436 1807 :
1474 1751 1848 1809 Theodoretus
1869 1753 1922 1807 in
1959 1754 2250 1823 quamdam
2279 1753 2474 1826 Illyrici
2516 1755 2705 1810 urbem
2737 1755 3036 1827 relegatum
3079 1735 3612 1828 narrataHierony-

352 1863 480 1903 mus
510 1861 644 1902 vero
686 1845 1076 1918 Trajanopolin
1110 1848 1164 1902 iu
1199 1847 1454 1916 Thracia,
1486 1849 1572 1904 cui
1609 1848 1972 1919 adstipulatur
2001 1849 2430 1922 Chrysostomus
2463 1849 2603 1904 infra
2650 1865 2803 1904 num.
2838 1849 2893 1916 2,
2930 1850 3021 1904 ubi
3054 1850 3130 1903 ait
3162 1849 3282 1918 ejus
3323 1865 3523 1920 corpus
3553 1851 3606 1905 in

353 1939 590 1994 Thracia
643 1938 912 2008 sepultum
948 1954 1092 2003 esse,
1136 1941 1280 1996 haud
1307 1941 1471 1997 dubio
1504 1941 1557 1995 in
1609 1942 1786 1997 exsilii
1819 1942 1959 1996 loco.
1989 1939 2176 2012 Neque
2217 1941 2654 2012 praetereundum
2686 1949 2798 2007 est,
2844 1940 2899 1995 in
2950 1940 3224 1997 Eustathii
3268 1941 3612 2001 abdicatione

349 2045 518 2092 totam
563 2017 708 2106 pene
739 2035 1008 2091 seditione
1036 2035 1404 2109 conflagrasse
1443 2037 1842 2094 Antiochenam
1877 2039 2188 2104 civitatem;
2224 2038 2452 2093 armatis
2481 2039 2628 2094 enim
2674 2038 2953 2108 utrimque
2984 2037 3253 2108 partibus,
3279 2037 3611 2112 adscitisque

350 2123 643 2190 militibus,
693 2126 877 2181 omnia
935 2135 1094 2182 erant
1138 2127 1205 2182 ad
1258 2144 1495 2199 pugnam
1540 2138 1594 2184 et
1647 2129 1974 2185 horrendam
2008 2131 2215 2187 cladem
2251 2139 2474 2201 parata,
2510 2140 2844 2200 ventumque
2884 2130 3076 2187 fuisset
3103 2130 3168 2186 ad
3221 2130 3447 2202 gladios,
3503 2130 3610 2186 nisi

344 2224 794 2295 supervenientes
837 2224 1187 2296 Imperatoris
1216 2226 1409 2282 litterae
1443 2227 1653 2298 plebem
1687 2228 2172 2298 compescuissent.
2207 2226 2503 2282 Eusebiani
2538 2225 2827 2282 Eustathio
2861 2224 3132 2280 Eulalium
3166 2225 3489 2296 subrogant;
3515 2223 3607 2294 qui

347 2333 471 2373 cum
505 2319 703 2390 exiguo
739 2326 982 2390 tempore
1019 2332 1298 2391 superstes
1329 2320 1546 2388 fuisset,
1572 2323 1691 2394 ejus
1734 2324 1855 2379 loco
1887 2322 2144 2396 deligitur
2171 2322 2442 2378 Eusebius
2473 2320 2770 2392 Pamphili,
2808 2335 2919 2392 quo
2951 2320 3244 2386 abnuente,
3273 2319 3607 2391 Euphronio,

342 2409 472 2465 item
511 2412 741 2478 Ariano,
790 2411 1099 2483 episcopale
1141 2429 1342 2471 munus
1387 2414 1656 2472 defertur.
1709 2417 1790 2472 Eo
1823 2424 2005 2472 autem
2033 2426 2157 2487 post
2189 2431 2394 2471 annum
2427 2423 2481 2470 et
2522 2415 2735 2485 aliquot
2766 2428 2985 2470 menses
3030 2412 3312 2479 defuncto,
3357 2414 3612 2486 deligitur

338 2503 620 2570 Flacillus,
656 2505 782 2559 item
817 2504 1076 2571 Arianus,
1115 2515 1168 2561 et
1197 2522 1309 2562 uno
1349 2508 1542 2563 avulso
1577 2523 1686 2564 non
1741 2508 1926 2564 deficit
1955 2509 2112 2563 alter.
2158 2508 2290 2576 Quae
2331 2522 2499 2564 causa
2549 2504 2655 2561 fuit
2701 2515 2759 2560 ut
2782 2490 2938 2561 multi
2982 2521 3107 2560 cum
3151 2505 3607 2576 populareswtum

339 2602 552 2666 clerici,
594 2603 796 2673 quibus
839 2603 1031 2675 religio
1067 2601 1350 2659 Catholica
1381 2604 1531 2660 cordi
1562 2613 1702 2672 erat,
1738 2621 1767 2660 a
1817 2605 2057 2661 coetibus
2092 2605 2425 2660 Arianorum
2455 2602 2852 2666 abhorrentes,
2891 2615 3142 2656 seorsum
3178 2599 3438 2654 collectas
3486 2615 3612 2670 age-

343 2701 490 2751 rent.
519 2691 583 2746 lli
619 2708 684 2749 ex
725 2693 939 2750 ardenti
967 2709 1095 2767 erga
1144 2696 1492 2752 Eustathium
1542 2698 1723 2756 studio
1750 2712 2047 2768 amoreque
2088 2696 2436 2752 Eustathium
2476 2696 2734 2765 deinceps
2766 2693 3082 2748 audierunt.
3123 2689 3443 2761 Hujusmodi
3479 2707 3610 2746 vero

349 2781 818 2844 Antiochenorum
849 2791 1121 2846 discordia
1158 2792 1226 2848 ad
1253 2791 1526 2863 integrum
1558 2791 1726 2848 ferme
1755 2793 2016 2849 saeculum
2042 2801 2285 2848 extracta
2316 2791 2419 2846 fuit
2445 2809 2459 2847 :
2491 2790 2748 2862 quodque
2772 2788 2990 2859 gravius
3007 2785 3228 2850 accidit,
3258 2782 3408 2856 [603]
3443 2785 3607 2840 etiam

335 2879 611 2935 Catholici
642 2889 830 2950 postea
857 2881 1070 2939 discissi
1103 2890 1252 2951 sunt,
1290 2884 1365 2940 ita
1401 2893 1460 2939 ut
1492 2894 1600 2940 tres
1632 2885 1684 2940 in
1719 2895 1901 2956 partes
1931 2883 2233 2940 Christiani
2261 2883 2419 2938 divisi
2452 2891 2656 2947 essent,
2689 2879 3143 2935 Paulinianorum
3185 2890 3401 2946 nempe,
3445 2872 3608 2930 Mele-

337 2977 616 3032 tianorum
642 2985 697 3032 et
717 2977 1066 3034 Arianorum.
1099 2978 1208 3036 Sed
1240 2981 1344 3036 hac
1369 2981 1436 3038 de
1465 2997 1523 3037 re
1558 2982 1807 3053 pluribus
1839 2981 1892 3038 in
1931 2981 2137 3038 Monito
2163 2981 2231 3036 ad
2262 2978 2554 3034 liomiliam
2587 2978 2654 3033 de
2681 2977 3058 3032 Anathemate.

405 3093 704 3163 Caeterum,
729 3095 776 3151 si
808 3095 1151 3155 Theodoreto
1181 3099 1315 3157 fides
1339 3101 1430 3166 sit,
1463 3101 1741 3167 meretrix,
1772 3116 1894 3171 qua:
1925 3099 2272 3156 Eustathium
2307 3097 2610 3164 accusavit,
2641 3111 2766 3152 cum
2798 3094 2851 3150 in
2885 3091 3272 3166 gravissimum
3304 3099 3358 3146 et
3383 3088 3598 3144 diutur-

332 3202 472 3242 num
512 3190 763 3246 morbum
789 3192 1091 3259 incidisset,
1118 3194 1449 3250 calumniam
1477 3194 1704 3261 detexit,
1733 3211 1797 3250 ac
1827 3210 2048 3251 scenam
2079 3203 2247 3249 totam
2295 3191 2510 3262 aperuit
2543 3210 2555 3245 :
2592 3205 2694 3245 nec
2725 3187 2942 3244 duobus
2973 3185 3237 3248 tribusve,
3271 3181 3367 3236 sed
3404 3193 3600 3252 quam-

335 3277 594 3346 plurimis
631 3283 1012 3340 sacerdotibus
1035 3286 1294 3343 indicavit
1322 3303 1408 3352 ea,
1434 3303 1556 3358 qua!
1579 3288 1707 3343 dolo
1743 3287 1958 3342 fuerant
1989 3285 2337 3344 concinnata.
2367 3283 2504 3338 falsa
2533 3297 2591 3339 se
2619 3281 2870 3336 mercede
2897 3279 3224 3335 conductam
3257 3273 3600 3330 Eustathium

332 3369 388 3424 in
429 3373 638 3429 crimen
670 3391 917 3445 vocasse,
959 3393 1136 3449 neque
1183 3395 1241 3435 se
1275 3389 1457 3436 tamen
1501 3381 1641 3438 falso
1674 3382 1915 3453 juratam
1945 3397 1959 3434 :
1993 3395 2119 3434 nam
2155 3376 2475 3433 Eustathius
2503 3374 2725 3446 quidem
2766 3373 2995 3428 aerarius
3019 3371 3170 3425 faber
3195 3367 3418 3422 infantis
3448 3373 3599 3433 pater

328 3475 471 3518 erat.
508 3465 780 3524 Eustathii
805 3479 986 3525 autem
1027 3473 1301 3529 abdicatio
1335 3473 1524 3530 incidit
1565 3475 1618 3529 in
1665 3490 1872 3530 annum
1905 3475 2124 3532 circiter
2143 3473 2271 3536 529,
2304 3473 2609 3543 imperante
2653 3466 3022 3523 Constantino
3067 3463 3280 3534 Magno.
3314 3459 3443 3530 Ejus
3471 3471 3588 3512 me-

331 3556 507 3610 moria
537 3556 736 3612 colitur
760 3558 828 3612 17
849 3558 1192 3618 Novembris.

408 3666 786 3742 lnterpretatio
815 3670 1010 3728 Latina
1041 3685 1124 3729 est
1147 3672 1442 3730 Frontonis
1470 3674 1672 3731 Ducazi.

341 3821 527 3840 *—

1535 4110 2386 4222 LAUDATIO

700 4291 920 4336 SANCTI
966 4294 1184 4340 PATRIS
1230 4299 1450 4346 NOSTRI
1480 4305 1816 4354 EUSTATEII
1863 4313 2224 4358 ANTIOCHIE
2268 4313 2503 4358 MAGNE
2547 4309 3022 4355 ABCHIBPISCOPI
3082 4291 3180 4370 ((1).

2472 4449 2491 4480 κ

394 4529 446 4582 Ι.
489 4530 618 4584 Ante
646 4543 854 4586 mortem
883 4551 1026 4590 nemo
1054 4538 1362 4606 laudandus,
1389 4543 1477 4596 sed
1523 4556 1635 4614 post
1673 4560 1902 4606 mortem.

306 4649 383 4659 -—
418 4623 646 4691 Sapiens
668 4625 750 4678 vir
777 4626 991 4696 quidam
1021 4639 1074 4684 et
1103 4631 1512 4702 pItIIOSOleandI
1547 4639 1748 4706 peritus
1767 4683 1783 4709 ,
1813 4644 1904 4713 qui

305 4725 502 4765 rerum
550 4713 904 4772 humanarum
949 4729 1193 4777 naturam
1232 4735 1480 4782 accurate
1523 4729 1819 4799 didicerat,
1852 4744 1908 4790 et

301 4818 502 4858 earum
526 4804 864 4873 fragilitatem
897 4820 1149 4876 noverat,
1182 4814 1420 4886 nihilque
1449 4828 1655 4876 certum
1683 4833 1774 4878 aut
1798 4834 1907 4880 sta-

303 4895 422 4949 bile
453 4911 504 4949 tn
539 4898 603 4951 iis
628 4913 768 4963 esse,
800 4915 988 4955 omnes
1017 4907 1306 4973 generatim
1343 4907 1586 4966 homines
1611 4913 1902 4985 admonet,

302 4995 365 5038 ut
427 4996 556 5040 ante
601 4999 826 5044 mortem
876 4993 1144 5048 neminem
1174 4995 1390 5052 laudent
1426 4999 1612 5071 (Eccli.
1648 5005 1734 5060 ll.
1767 5007 1902 5078 50).

305 5078 552 5146 Quando
583 5081 744 5150 igitur
770 5094 1012 5139 mortuus
1044 5096 1125 5141 est
1155 5087 1344 5144 beatus
1389 5091 1728 5159 Eustathius,
1758 5100 1904 5153 omni

298 5189 438 5226 cum
472 5173 661 5228 fiducia
689 5175 944 5246 deinceps
966 5194 1089 5234 eum
1112 5180 1354 5237 laudibus
1375 5183 1566 5240 efferre
1597 5201 1901 5256 possumus:

297 5270 348 5322 si
379 5269 534 5324 enim
562 5279 687 5326 ante
723 5281 948 5328 mortem
993 5290 1152 5330 nemo
1183 5276 1475 5352 laudandus
1497 5290 1598 5345 est,
1623 5281 1763 5338 haud
1808 5283 1907 5338 du-

297 5360 486 5425 bium,
516 5361 640 5431 quin
669 5371 788 5432 post
816 5373 1043 5420 mortem
1075 5381 1282 5434 eorum,
1323 5371 1413 5439 qui
1440 5370 1582 5442 digiti
1615 5385 1768 5441 sunt,
1792 5375 1906 5431 lau-

293 5449 466 5504 datio
489 5452 641 5522 culpa
660 5463 829 5509 vacet.
853 5455 1060 5511 Etenim
1090 5456 1245 5527 hujus
1272 5459 1391 5515 vitm
1413 5463 1742 5533 negotiorum
1762 5468 1904 5522 euri-

315 5650 327 5658 _
351 5581 650 5658 ίίςιὶμεοιιξξξ
662 5599 772 5638 cum
794 5595 898 5642 uss.
926 5591 1087 5657 Regiis
1119 5591 1241 5644 2345
1265 5601 1317 5645 ct
1339 5593 1478 5646 2m.
1505 5602 1556 5648 et
1578 5609 1686 5647 cum
1707 5598 1904 5652 Colber-

283 5650 410 5698 tino
435 5656 538 5694 uno
559 5647 667 5696 670.

2014 4569 2138 4624 pum
2183 4559 2560 4622 praztervectus
2614 4557 2733 4614 est,
2765 4547 2990 4602 tumultu
3032 4547 3283 4603 fluctuum
3342 4547 3595 4603 liberatus

2015 4654 2120 4711 est,
2149 4643 2214 4697 ad
2245 4642 2585 4711 tranquillum
2623 4649 2678 4695 et
2709 4641 2946 4708 quietum
2979 4650 3186 4708 portum
3233 4639 3467 4709 appulit,
3517 4640 3594 4692 iu-

2014 4735 2316 4792 certitudini
2347 4735 2644 4790 futurorum
2677 4748 2782 4788 non
2811 4733 3069 4802 subjacet,
3095 4747 3194 4786 nec
3221 4732 3482 4787 obnoxius
3511 4740 3596 4787 est

2016 4827 2336 4886 ruinmzsed
2389 4836 2656 4896 tamquam
2705 4825 2757 4880 in
2798 4839 2930 4896 rupe
2981 4825 3224 4894 quapiam
3274 4824 3594 4894 sublimique

2013 4936 2155 4975 nunc
2196 4929 2344 4974 stans
2394 4918 2634 4988 scopulo,
2663 4915 2853 4971 ﬂuctus
2882 4931 3068 4971 omnes
3092 4917 3405 4972 contemnit.
3433 4914 3594 4972 Caret

2013 5013 2173 5081 igitur
2207 5012 2350 5067 omni
2399 5011 2633 5080 periculo
2678 5009 3006 5080 praedicatio,
3054 5026 3226 5080 neque
3275 5009 3593 5080 reprehendi

2013 5112 2188 5173 potest
2216 5103 2484 5158 laudatio:
2520 5119 2624 5158 non
2653 5104 2795 5158 enim
2821 5103 2931 5172 jam
2963 5106 3306 5159 mutationem
3340 5103 3587 5159 reformi-

2012 5196 2132 5262 dat,
2162 5212 2334 5266 neque
2364 5198 2568 5267 lapsum
2598 5197 2944 5267 pertimescit.
2973 5197 3103 5253 Nam
3124 5213 3221 5252 nos
3247 5197 3478 5266 quidem,
3502 5201 3593 5266 qui

2012 5288 2186 5343 adhuc
2207 5290 2431 5344 vivimus
2454 5331 2469 5356 ,
2504 5299 2558 5344 ut
2582 5290 2668 5359 qui
2699 5289 2963 5344 medio’in
2995 5293 3124 5345 mari
3151 5291 3422 5352 fluctuant,
3447 5291 3586 5342 mul-

2013 5381 2080 5436 tis
2117 5395 2299 5436 suntus
2327 5381 2542 5436 obnoxii
2571 5381 2987 5445 mutationibus;
3031 5392 3082 5435 et
3109 5389 3164 5434 ut
3193 5379 3264 5434 illi
3294 5394 3434 5434 nunc
3466 5379 3587 5447 qui-

2011 5472 2133 5528 dem
2183 5472 2432 5527 fluctibus
2459 5473 2933 5530 intumescentibus
2986 5473 3036 5525 in
3090 5471 3252 5534 altum
3291 5470 3586 5529 tolluntur.

2009 5577 2150 5616 nunc
2192 5566 2241 5616 in
2277 5563 2593 5632 profundum
2633 5566 2803 5636 ipsum
2848 5563 3218 5632 deprimuntur
3246 5578 3260 5625 ;
3288 5560 3380 5615 sed
3413 5575 3585 5628 neque

2010 5664 2118 5709 tuta
2149 5654 2433 5721 celsitudo,
2473 5670 2646 5726 neque
2693 5657 2890 5714 stabilis
2917 5662 2998 5710 cst
3031 5653 3286 5723 dejectio,
3319 5651 3580 5723 siquidem
