4080 6196
447 263 550 317 599

447 377 636 430 horum
666 387 948 449 utrumque
975 377 1042 433 ab
1063 381 1214 448 aquis
1241 381 1522 436 fluentibus
1554 383 1870 453 minimeque
1898 399 2027 438 con-

446 469 756 523 sistentibus
787 468 984 537 pendet
1013 487 1025 523 :
1061 471 1138 523 sic
1165 470 1412 524 nimirum
1437 479 1490 524 et
1517 472 1567 524 in
1607 473 1762 526 rebus
1790 474 2030 526 humanis

447 559 577 612 nihil
627 557 836 613 firmum
877 567 930 612 et
973 569 1225 612 constans
1272 571 1389 625 est,
1423 560 1526 614 scd'
1558 561 1860 630 frequentes
1897 575 2032 636 sunt.

449 649 786 709 llllllalioncs,
807 663 870 702 ac
895 649 1002 703 levi
1027 658 1298 703 momento
1321 649 1470 703 fiunt.
1491 651 1586 704 llic
1609 652 1822 720 quidem
1850 653 1920 706 ob
1945 669 2030 708 res

447 737 709 792 secundas
743 738 793 792 in
825 738 986 792 altum
1021 738 1334 793 subvehitur
1356 781 1371 808 ,
1404 740 1492 794 ille
1530 756 1658 795 vero
1701 752 1919 812 propter
1945 759 2028 797 res

445 830 703 884 adversas
767 829 1027 898 profunde
1081 829 1366 884 admodum
1417 825 1732 901 deprimitur
1780 851 1796 888 :
1843 849 2027 888 vermn

450 937 546 976 nec
575 921 918 988 inlleturille,
939 937 1037 976 nec
1057 925 1291 976 animum
1321 926 1422 980 iste
1438 925 1768 994 despondeat
1801 927 2030 1002 :quippe

447 1015 780 1070 celerrimam
837 1015 1026 1083 singuli
1074 1017 1420 1072 mutationem
1463 1019 1792 1072 sortientur:
1825 1027 1881 1073 at
1923 1036 2026 1074 non

449 1107 537 1160 ille
563 1146 578 1172 ,
610 1107 701 1175 qui
743 1107 795 1160 in
827 1107 1013 1160 cmlnm
1051 1110 1448 1178 commigravit,
1478 1119 1531 1164 et
1563 1109 1626 1162 ad
1679 1127 1798 1164 eum
1824 1152 1838 1177 ,
1871 1128 2026 1180 quem

447 1197 782 1252 desiderabat
805 1239 822 1264 ,
849 1199 1029 1254 Jesum
1058 1200 1324 1270 profectus
1351 1211 1432 1256 est
1458 1243 1472 1268 ,
1497 1205 1585 1272 qui
1613 1203 1678 1257 ad
1703 1205 1872 1258 locum
1907 1221 2026 1274 per,-

451 1275 592 1342 venit
617 1291 888 1344 turbarum
913 1301 1186 1358 expertem
1219 1309 1232 1345 :
1270 1293 1410 1348 unde
1435 1293 1587 1347 dolor
1611 1303 1664 1347 et
1686 1296 1942 1364 :egritudo
1966 1311 2029 1350 ac

446 1381 673 1448 gemitus
702 1381 872 1436 abest.
913 1381 1028 1435 Non
1072 1383 1180 1436 illic
1227 1385 1534 1438 mutationis
1563 1395 1643 1438 est
1683 1386 1855 1454 imago
1883 1428 1896 1450 ,
1921 1401 2026 1440 non

448 1471 828 1526 vicissitudinis
870 1474 1238 1541 obumbratio,
1273 1476 1367 1528 sed
1397 1477 1574 1530 omnia
1606 1476 1706 1530 lixa
1745 1485 1799 1530 et
1837 1477 2028 1532 immo-

448 1561 571 1616 bilia
599 1605 614 1630 ,
642 1563 816 1617 omnia
848 1564 994 1618 firma
1031 1575 1084 1618 et
1113 1565 1342 1618 stabilita
1367 1607 1382 1632 ,
1413 1567 1590 1620 omnia
1641 1567 1944 1636 incorrupta
1975 1577 2030 1622 et

451 1653 810 1719 immortalia,
859 1655 1036 1708 omnia
1087 1656 1333 1710 interitus
1388 1657 1624 1726 expertia
1682 1669 1735 1712 et
1784 1669 2025 1713 :etcrna:

451 1744 683 1810 idcirco,
735 1745 938 1814 inquit,
993 1747 1121 1800 Ante
1171 1757 1380 1800 mortem
1421 1765 1482 1801 ue
1525 1765 1818 1818 quemquam
1855 1751 2028 1803 laudes

449 1833 666 1906 (Eccli.l
685 1835 731 1888 l.
753 1837 836 1908 10)
851 1835 1262 1902 .Quamobrem?
1283 1837 1537 1894 Futurum
1561 1841 1751 1911 quippe
1769 1843 2026 1897 incertum

449 1937 564 1988 est,
597 1937 650 1980 et
681 1928 957 1983 imbecillis
999 1941 1225 1994 natura;
1259 1931 1503 1985 voluntas
1553 1939 1764 2002 segnis,
1799 1945 1854 1988 et
1905 1953 2030 2006 pro-

449 2035 574 2073 num
601 2019 664 2074 ad
696 2035 792 2074 nos
813 2021 1134 2076 obsidendos
1163 2035 1432 2092 peccatum
1455 2041 1469 2089 ;
1494 2027 1642 2080 multi
1671 2037 1792 2081 sunt
1819 2029 1988 2100 laquei
2013 2049 2025 2084 :

453 2109 594 2163 Scito
635 2111 788 2174 enim,
815 2112 1023 2181 inquit,
1055 2115 1292 2182 quoniam
1320 2116 1370 2168 in
1403 2117 1564 2170 medio
1594 2119 1884 2186 laqueorum
1916 2139 2028 2190 per-

452 2185 636 2254 transis
679 2201 868 2264 (ΕπεΙῂ
909 2207 961 2263 9.
993 2203 1126 2274 20):
1185 2205 1450 2261 continuae
1493 2219 1616 2262 sunt
1660 2185 1982 2266 tentationes
2011 2253 2026 2278 ,

451 2293 616 2346 multa
667 2294 819 2348 turba
867 2298 1239 2365 negotiorum,
1285 2307 1392 2352 tum
1449 2299 1750 2355 daemonum
1793 2317 2030 2372 perenne

451 2383 671 2448 bellum,
693 2393 746 2438 et
773 2385 967 2439 assidui
997 2388 1451 2458 perturbationum
1475 2392 1720 2446 insultus.
1741 2393 2028 2464 Propterea

449 2475 580 2528 Ante
607 2469 833 2539 mortem,
863 2477 1060 2547 inquit,
1092 2495 1152 2532 ne
1179 2495 1474 2550 quemquam
1503 2483 1675 2537 laudes
1698 2499 1717 2537 :
1741 2499 1869 2554 ergo
1912 2497 2030 2555 post

453 2573 679 2618 mortem
709 2575 877 2620 tutum
931 2580 1011 2622 est
1056 2569 1269 2624 laudare
1317 2571 1533 2641 dignum
1561 2589 1574 2634 :
1605 2575 1686 2628 vel
1716 2577 1890 2643 potius
1922 2593 2027 2631 non

451 2655 768 2724 simpliciter
827 2669 944 2726 post
989 2669 1250 2726 mortem,
1295 2663 1388 2716 sed
1441 2673 1560 2732 post
1607 2677 1832 2720 mortem
1883 2667 2026 2736 ejus-

451 2745 617 2812 modi,
639 2747 849 2817 quando
877 2765 995 2804 cum
1026 2766 1219 2806 corona
1245 2767 1276 2808 e
1303 2754 1412 2807 vita
1433 2755 1693 2825 quispiam
1716 2759 2026 2828 excesserit,

454 2838 666 2904 quando
687 2854 806 2894 cum
826 2841 1158 2898 confessione
1182 2853 1234 2898 et
1252 2843 1354 2900 (ide
1381 2861 1485 2899 non
1505 2848 1704 2902 licla.Si
1726 2850 1869 2903 enim
1893 2865 2028 2919 quo-

449 2931 530 2984 vis
559 2933 717 2984 modo
737 2945 978 2989 mortuos
1010 2935 1225 2990 laudare
1253 2938 1370 3006 quis
1399 2947 1608 3007 potest,
1641 2949 1838 3009 quanto
1865 2943 2030 3011 magis

453 3039 548 3078 eos
574 3025 661 3094 qui
690 3027 768 3080 sic
795 3025 990 3082 fuerint
1017 3029 1244 3084 mortui?
1323 3057 1330 3064 -
1733 3025 1742 3032 ’

549 3117 818 3172 Salomom'
867 3121 1171 3174 credendum
1225 3122 1408 3178 divitiis
1451 3125 1748 3181 detrahenti.
1780 3156 1850 3168 —
1901 3127 2032 3196 Quis

449 3215 628 3262 autem
655 3224 749 3264 eos
781 3209 1048 3278 laudavit,
1080 3214 1222 3268 dicet
1262 3216 1453 3286 aliquis
1476 3258 1489 3281 ,
1518 3219 1606 3286 qui
1637 3221 1825 3288 quovis
1868 3221 2030 3275 modo

451 3308 578 3358 sunt
627 3301 865 3354 mortui?
917 3303 1166 3358 Salomon
1223 3305 1331 3373 illc,
1385 3307 1636 3364 Salomon
1703 3313 2032 3380 sapientissi-

451 3409 570 3448 mus
609 3410 622 3445 :
663 3409 769 3448 non
821 3396 962 3448 enim
1007 3395 1196 3452 leviter
1243 3398 1514 3456 hominem
1570 3413 1888 3472 prietereas,
1937 3406 2031 3462 sed

451 3484 571 3550 quis
617 3497 762 3540 esset
809 3487 1116 3556 perpende,
1147 3498 1204 3542 et
1231 3505 1337 3558 quo
1386 3501 1539 3559 pacto
1571 3493 1793 3560 vixerit,
1837 3504 2033 3564 quanta

450 3591 570 3630 cum
603 3581 889 3634 securitate
916 3594 979 3634 ac
1003 3581 1274 3650 voluptate
1310 3583 1526 3638 mollem
1572 3594 1625 3639 et
1668 3602 2029 3643 mrumnarum

450 3677 724 3737 expertem
753 3671 913 3724 vitam
947 3671 1259 3726 traduxerit.
1307 3673 1438 3728 Nam
1482 3691 1650 3745 genus
1696 3691 1856 3732 omne
1895 3678 2030 3733 deli-

449 3759 652 3812 ciarum
703 3761 1006 3828 percurrit,
1044 3771 1098 3817 et
1123 3763 1448 3834 multiplices
1494 3768 1846 3822 recreationis
1873 3769 2030 3823 animi

451 3849 640 3903 modos
665 3853 1017 3923 excogitavit,
1049 3855 1221 3910 varias
1247 3864 1407 3926 atque
1435 3857 1672 3912 diversas
1719 3859 2032 3916 oblectatio-

451 3947 580 3994 num
635 3944 842 4011 species
886 3943 1188 4012 adinveuit,
1222 3963 1354 4016 quas
1392 3959 1445 4003 ct
1492 3966 1748 4004 enarrans
1779 3953 2032 4008 dicebat:

449 4029 731 4102 JEdiﬁcavi
757 4035 881 4089 milii
907 4036 1081 4092 domos
1103 4079 1118 4104 ,
1151 4039 1374 4108 plantari
1405 4041 1572 4095 uineas
1591 4082 1605 4108 ,
1635 4043 1731 4111 feci
1771 4043 1891 4096 mihi
1915 4044 2035 4098 lior-

451 4133 529 4178 tos
553 4138 600 4178 et
626 4130 876 4196 pomaria,
908 4129 1004 4198 feci
1041 4131 1165 4184 mihi
1218 4133 1437 4202 piscinas
1473 4153 1718 4206 aquarum
1747 4153 1768 4192 :
1789 4149 2034 4192 mercatus

445 4237 562 4274 sum
592 4221 716 4272 mihi
736 4238 902 4275 servos
932 4233 977 4276 et
1005 4227 1238 4290 ancillas,
1267 4235 1314 4278 et
1335 4227 1587 4281 vernaculi
1610 4230 1715 4282 uati
1738 4241 1854 4283 sunt
1882 4231 2035 4283 mihi:

453 4315 698 4380 possessio
715 4317 1227 4382 arnteutorum,boum
1244 4327 1289 4372 et
1313 4337 1520 4390 gregum
1537 4323 1632 4390 fuit
1652 4323 1774 4374 mihi
1789 4339 1807 4376 :
1828 4340 2036 4394 congre-

451 4403 565 4469 ςιαυί
585 4413 844 4472 argentum
861 4413 906 4456 et
927 4421 1108 4458 aurum
1137 4409 1264 4460 sicut
1283 4425 1487 4462 arenam
1506 4427 1524 4463 :
1549 4411 1648 4480 feci
1665 4414 1784 4464 mild
1809 4423 2036 4468 cantores

449 4504 498 4546 et
519 4495 834 4561 cantatrices,
857 4497 1121 4566 pincernas
1149 4509 1192 4552 et
1213 4501 1310 4554 cini
1337 4503 1591 4556 ministras
1610 4503 1800 4574 (Eccle.
1822 4507 2031 4578 2.4-8).

450 4591 587 4658 Quid
613 4592 770 4661 igitur
795 4591 932 4646 idem
959 4594 1058 4647 iste
1080 4604 1199 4664 post
1222 4605 1418 4650 tantam
1436 4597 1761 4653 affluentiam
1789 4605 2036 4672 pecunia-

458 4699 600 4749 rum,
631 4687 1052 4754 possessionum,
1079 4688 1390 4742 deliciarum
1413 4729 1428 4754 ,
1460 4691 1788 4760 voluptatum
1836 4693 2038 4750 refert?

453 4773 702 4842 Laudari,
735 4777 924 4848 inquit,
953 4795 1056 4846 eos,
1079 4781 1161 4850 qui
1183 4782 1366 4834 mortui
1385 4791 1520 4846 sunt,
1552 4799 1703 4852 super
1727 4786 1958 4852 viventes,
1993 4797 2038 4842 et

453 4869 610 4921 bonus
636 4886 787 4940 super
828 4871 938 4938 hos,
970 4873 1268 4942 quicumque
1307 4873 1531 4927 nondum
1577 4885 1726 4929 natus
1771 4886 1865 4932 est.
1900 4878 2038 4933 Vere

457 4959 559 5014 fide
585 4961 776 5031 dignus
801 4963 886 5018 hic
906 4973 987 5017 est
1007 4964 1316 5018 deliciarum
1345 4975 1640 5033 accusator,
1663 4968 1750 5036 qui
1782 4969 1939 5024 talem
1971 4971 2038 5025 de

457 5052 560 5106 illis
580 5051 684 5105 fert
705 5055 1183 5110 sententiamﬁam
1209 5057 1254 5110 si
1283 5058 1544 5127 quispiam
1575 5073 1642 5112 ex
1674 5059 1738 5113 iis
1759 5061 1846 5128 qui
1875 5061 2034 5114 vitam

452 5145 506 5198 in
533 5157 842 5214 paupertate
871 5161 933 5201 ac
964 5148 1303 5203 mendicitate
1331 5149 1705 5215 traduxissent,
1735 5151 1871 5206 hanc
1913 5169 2038 5206 sen-

453 5240 670 5292 tentiam
699 5239 952 5294 adversus
984 5241 1199 5295 delicias
1225 5241 1448 5306 tulisset,
1477 5243 1621 5296 visus
1653 5252 1794 5297 esset
1837 5259 1938 5297 non
1971 5260 2036 5298 cx

457 5333 530 5385 rei
561 5334 782 5388 veritate
801 5375 814 5396 ,
841 5333 934 5387 sed
958 5333 1094 5402 quod
1128 5344 1379 5403 expertus
1419 5350 1524 5390 non
1561 5345 1731 5402 esset,
1760 5338 1829 5390 ita
1858 5337 2039 5390 crimi-

455 5425 566 5478 uari
600 5443 614 5492 ;
641 5443 760 5481 cum
786 5443 912 5482 vero
939 5428 1012 5494 is,
1042 5428 1129 5498 qui
1161 5443 1348 5483 omnes
1395 5429 1690 5498 percurrit,
1717 5438 1770 5482 et
1805 5429 2037 5498 singulas

455 5533 637 5572 earum
667 5523 780 5575 vias
822 5521 1231 5591 pervcsﬁgavit,
1263 5535 1354 5576 eas
1396 5523 1709 5586 contemnit,
1745 5532 1853 5574 tum
1893 5523 2038 5577 omni

457 5613 754 5682 suSpieione
783 5615 949 5670 libera
993 5625 1076 5670 est
1100 5615 1420 5670 criminatio.
1454 5616 1781 5670 Existimatis
1811 5615 2038 5672 fortasse

454 5722 486 5760 η
505 5705 779 5778 proposito
803 5706 1085 5764 deflexisse
1116 5722 1414 5762 sermonem
1442 5723 1455 5759 :
1481 5707 1589 5765 imo
1623 5722 1751 5763 vero
1781 5708 1826 5762 si
1867 5719 2040 5764 atten-

1186 267 1242 323 S.
1282 267 1558 325 JOANNIS
1597 269 2062 327 CllRYSOSTOZ‘dl
2101 273 2413 332 ARClllEP.
2455 275 2982 339 CONSTANTINOP.

3612 299 3716 356 (300

2141 385 2363 452 damus,
2398 405 2518 444 cum
2565 407 2630 446 eo
2675 395 2905 451 maxime
2947 398 3220 458 coluerere
3259 404 3720 473 deprehendemus

2135 494 2254 548 quae
2279 479 2418 536 dicta
2461 493 2604 538 sunt.
2646 485 2778 539 Nam
2833 488 2884 541 in
2929 503 3220 563 martyrum
3247 507 3716 560 commemoratio-

2135 570 2292 624 nibus
2331 575 2653 631 conveniens
2699 587 2780 631 est
2825 587 2879 633 et
2924 595 3220 640 connexum
3272 589 3340 643 de
3385 593 3718 664 philosophia

2133 673 2432 716 sermonem
2461 665 2754 722 instituere.
2775 667 2888 724 Non
2917 682 2971 724 ut
2994 675 3156 728 vitam
3173 691 3483 744 prtcsentem
3501 685 3708 743 damne-

2133 765 2271 815 mus,
2301 751 2415 808 hazc
2443 754 2691 823 dicimus,
2714 759 2850 814 absit
2874 778 2890 826 ;
2916 762 3008 816 sed
3037 766 3178 833 quod
3213 768 3430 826 delicias
3473 773 3708 830 insecte-

2134 856 2254 894 mur
2285 861 2299 896 :
2328 860 2432 898 non
2460 846 2600 900 enim
2621 849 2798 904 vivere
2825 853 3022 907 malum
3049 865 3160 922 est,
3185 859 3280 914 sed
3321 869 3520 919 temere
3546 877 3599 920 et
3628 867 3712 922 in-

2133 933 2478 991 considerate.
2495 939 2693 995 vivere.

2203 1025 2278 1108 2..
2299 1027 2598 1119 Eustathius
2617 1049 2648 1086 a
2676 1035 2839 1101 patria
2867 1037 3116 1109 relegatus
3144 1043 3196 1095 in
3229 1042 3443 1119 Thracia
3467 1049 3710 1118 sepultus.

2134 1111 2444 1196 Sanctoruni
2475 1123 2698 1193 reliquiae
2745 1127 2908 1194 fontes
2955 1131 3263 1200 spirituales.
3313 1111 3384 1179 ζέ-
3426 1111 3606 1209 Itaque
3669 1145 3716 1196 si

2133 1211 2250 1278 quis
2281 1212 2331 1265 in
2359 1221 2503 1268 recte
2541 1214 2693 1270 factis
2723 1233 2787 1272 ac
2816 1219 3074 1276 bonorum
3106 1239 3200 1293 spe
3224 1225 3520 1284 futurorum
3549 1233 3714 1288 vitam

2135 1301 2446 1370 traduxerit,
2474 1307 2670 1374 poterit
2697 1323 2816 1362 cum
2850 1310 3012 1366 Paulo
3039 1313 3217 1370 dicere
3238 1357 3254 1384 ,
3289 1317 3462 1374 Vivere
3489 1323 3538 1374 in
3563 1341 3716 1378 came

2135 1395 2290 1447 multo
2307 1396 2484 1450 melius
2508 1413 2526 1450 .'
2556 1398 2650 1452 hoc
2669 1401 2800 1453 enim
2821 1404 2940 1456 mihi
2961 1409 3154 1474 fructus
3174 1412 3338 1480 operis
3355 1423 3425 1466 est
3453 1414 3710 1485 (Pltiiipp.

2135 1486 2184 1538 i.
2209 1485 2302 1555 22)
2334 1504 2346 1539 :
2383 1489 2522 1558 quod
2555 1493 2739 1560 utique
2782 1494 2936 1550 beato
2965 1498 3243 1555 Eustathio
3271 1507 3520 1575 contigit,
3545 1511 3634 1578 qui
3661 1521 3714 1563 et

2136 1577 2186 1630 in
2211 1579 2314 1633 vita
2341 1589 2393 1634 et
2437 1581 2488 1634 in
2517 1592 2688 1638 morte
2709 1625 2724 1649 ,
2757 1595 2815 1639 ut
2843 1601 2936 1655 par
2961 1600 3097 1655 erat,
3124 1607 3183 1647 se
3211 1599 3393 1663 gessit.
3425 1597 3540 1652 Non
3566 1577 3710 1653 enim

2133 1667 2185 1721 in
2214 1684 2306 1722 sua
2333 1672 2546 1740 regione
2569 1715 2583 1738 ,
2623 1675 2716 1728 sed
2741 1676 2790 1728 in
2822 1677 2991 1732 aliena
3021 1694 3236 1750 propter
3259 1684 3528 1742 Christum
3567 1705 3714 1744 mor-

2136 1767 2239 1812 tem
2283 1760 2443 1826 obiit;
2473 1763 2614 1832 quod
2661 1763 2866 1822 facinus
2895 1769 3012 1838 ejus
3039 1769 3265 1826 hostium
3296 1773 3412 1830 fuit.
3439 1778 3710 1848 Siquidem

2134 1867 2254 1905 eum
2286 1853 2358 1906 illi
2389 1868 2418 1906 a
2449 1857 2616 1923 patria
2650 1857 2970 1929 relegarunt,
3001 1871 3056 1916 ut
3081 1865 3252 1934 ipsum
3297 1868 3490 1936 probro
3527 1871 3712 1926 afﬁce-

2133 1954 2272 2008 rcnt,
2305 1953 2358 1997 at
2409 1946 2496 2000 ille
2545 1947 2808 2004 celebrior
2854 1960 2908 2006 et
2943 1953 3198 2010 illustrior
3233 1955 3332 2012 hac
3383 1959 3434 2012 in
3467 1961 3711 2016 exsilium

2133 2040 2570 2108 commigratione
2608 2041 2957 2111 reddebatur;
3013 2046 3154 2115 quod
3213 2057 3268 2102 et
3311 2065 3488 2106 rerum
3541 2055 3720 2112 exitus.

2134 2129 2534 2185 demonstravit.
2573 2127 2723 2187 Adeo
2760 2150 2988 2206 namque
3017 2139 3248 2194 celebris
3279 2142 3446 2194 evasit
3465 2183 3479 2206 ,
3509 2152 3566 2196 ut
3590 2158 3712 2198 cum

2109 2219 2186 2292 (in
2207 2219 2429 2276 Thracia
2455 2224 2722 2292 sepultum
2747 2227 2816 2278 sit
2843 2224 2957 2295 ejus
2983 2241 3175 2298 corpus
3196 2271 3211 2296 ,
3245 2230 3294 2284 in
3324 2231 3439 2286 dies
3475 2233 3714 2303 singulos

2134 2313 2388 2366 memoria
2426 2312 2540 2381 ejus
2573 2313 2711 2382 apud
2756 2329 2854 2370 nos
2895 2315 3231 2384 efﬂet-escat;
3263 2327 3316 2375 et
3358 2336 3476 2376 cum
3523 2325 3572 2376 in
3623 2323 3716 2378 illo

2136 2400 2415 2455 barbarico
2445 2402 2697 2472 oppidulo
2741 2403 2809 2457 sit
2851 2405 2966 2476 ejus
3003 2408 3255 2475 tumulus,
3291 2421 3469 2466 noster
3510 2411 3560 2466 in
3590 2428 3716 2466 eum

2135 2506 2284 2544 amor
2308 2533 2321 2547 .
2349 2491 2436 2561 qui
2471 2502 2616 2546 tanto
2659 2493 2726 2549 ab
2763 2509 2828 2548 eo
2867 2495 3218 2568 disjungimur
3265 2500 3565 2568 intervallo,
3595 2512 3720 2573 post

2136 2589 2240 2635 tam
2270 2581 2573 2637 diuturnum
2605 2594 2810 2655 tempus
2839 2587 3060 2656 singulis
3085 2589 3272 2644 diebus
3300 2605 3572 2663 augeatur.
3603 2592 3715 2646 lmo

2136 2673 2178 2724 si
2224 2687 2407 2726 verum
2447 2672 2727 2728 dicendum
2772 2676 2860 2741 sit,
2891 2676 3029 2746 apud
3079 2693 3175 2732 nos
3217 2681 3376 2734 etiam
3405 2691 3486 2736 est
3533 2683 3716 2754 sepul-

2135 2777 2284 2816 crum
2327 2764 2462 2831 cjus,
2495 2773 2549 2818 et
2595 2781 2699 2819 non
2746 2767 2798 2820 in
2849 2766 3072 2822 Thracia
3121 2779 3344 2824 tantum.
3376 2771 3718 2829 Monumenta

2135 2855 2276 2908 enim
2305 2864 2611 2910 sanctorum
2648 2871 2752 2912 non
2775 2857 2930 2912 loculi
2960 2859 3130 2914 solum
3164 2872 3320 2929 sunt,
3349 2866 3596 2934 capsulie,
3627 2881 3720 2919 co-

2136 2945 2360 3012 lumnm,
2390 2962 2454 3001 ac
2481 2948 2666 3014 literte,
2707 2949 2804 3003 sed
2833 2963 2920 3004 res
2965 2951 3236 3019 prmclarte
3264 2963 3426 3023 gesta:
3446 2995 3459 3018 ,
3491 2971 3552 3010 ac
3593 2955 3717 3010 fidei

2134 3038 2311 3103 zelus,
2354 3047 2406 3093 et
2449 3055 2576 3094 sana
2632 3040 2773 3110 apud
2823 3043 2989 3096 Deum
3037 3045 3383 3100 conscientia.
3439 3047 3714 3118 Siquidem

2135 3131 2282 3185 omni
2307 3131 2550 3186 columna
2579 3131 2906 3201 splendidior
2937 3135 3052 3189 haec
3087 3135 3324 3191 Ecclesia
3369 3139 3586 3210 martyri
3635 3149 3720 3194 est

2135 3231 2335 3287 erecta,
2367 3237 2483 3293 quae
2514 3223 2694 3278 literas
2725 3223 2882 3279 habet
2908 3240 3012 3279 non
3043 3237 3216 3281 mutas
3243 3245 3258 3294 ;
3287 3228 3379 3282 sed
3411 3245 3528 3298 qua:
3557 3229 3720 3284 rebus

2136 3313 2266 3384 ipsis
2304 3314 2524 3369 buccina
2569 3315 2763 3370 clarius
2803 3318 3115 3372 memoriam
3161 3319 3276 3388 ejus
3319 3321 3608 3389 praedicant
3653 3335 3718 3375 ac

2135 3406 2494 3461 celebritatem
2519 3447 2534 3472 ,
2561 3417 2612 3462 et
2664 3409 3027 3478 unusquisque
3067 3419 3325 3478 vestrum,
3357 3413 3444 3482 qui
3491 3409 3716 3479 adestis,

2137 3499 2304 3553 sancti
2333 3498 2474 3552 illius
2500 3507 2583 3554 est
2612 3499 2937 3568 sepulcrum,
2965 3503 3262 3571 sepulcrum
3299 3505 3588 3558 animatmn
3629 3513 3718 3558 at-

2139 3607 2240 3660 que
2270 3591 2525 3661 spiritale.
2555 3590 2686 3644 Nam
2719 3590 2763 3644 si
2792 3591 3046 3662 cujusque
3071 3604 3304 3649 vestrum
3323 3636 3337 3660 ,
3367 3595 3456 3665 qui
3493 3594 3716 3660 adestis,

2138 3683 2518 3737 conscientiam
2561 3682 2902 3752 explicuere,
2959 3693 3198 3738 sanctum
3256 3686 3412 3738 istum
3469 3686 3612 3740 intus
3665 3689 3716 3740 in

2139 3784 2318 3829 mente
2347 3783 2521 3828 vestra
2551 3775 2814 3843 reperiam
2843 3775 3221 3829 diversantem.
3253 3775 3476 3841 Videtis,
3505 3787 3561 3830 ut
3585 3777 3718 3830 nihil

2139 3867 2459 3936 profecerint
2489 3867 2802 3934 adversarii,
2828 3875 2886 3921 ut
2927 3868 3148 3938 gloriam
3181 3883 3284 3922 non
3305 3867 3680 3923 ‘exstinxeriut
3701 3911 3720 3937 ,

2139 3959 2230 4012 sed
2275 3959 2564 4013 extulerint
2605 3959 2798 4026 potius,
2835 3959 2928 4014 sed
2979 3959 3322 4014 illustriorem
3371 3960 3719 4026 reddiderint,

2143 4057 2220 4104 tot
2245 4065 2340 4118 pro
2371 4065 2477 4103 uno
2503 4051 2764 4120 sepulcris
2791 4050 3010 4117 erectis,
3034 4051 3290 4119 sepulcris
3319 4051 3586 4114 animatis,
3630 4067 3722 4105 se-

2141 4141 2342 4210 pulcris
2369 4157 2551 4196 voccm
2579 4142 2930 4206 mittentibus,
2952 4143 3212 4212 sepulcris
3241 4141 3306 4194 ad
3348 4142 3594 4196 eumdem
3636 4157 3724 4195 se.

2141 4232 2248 4286 ium
2277 4233 2638 4301 comparatis?
2661 4232 2861 4287 Idcirco
2884 4243 3184 4286 sanctorum
3207 4247 3428 4302 corpora
3449 4242 3501 4286 et
3521 4231 3716 4296 fontes,

2139 4331 2193 4378 et
2210 4323 2492 4389 radices,ct
2509 4333 2771 4393 unguenta
2791 4339 3034 4392 nuneupo
3051 4323 3468 4392 spiritalia.Quid
3483 4325 3578 4377 ita?
3589 4323 3728 4391 Quo-

2142 4415 2282 4467 niam
2309 4413 2720 4483 unumquodque
2751 4413 2992 4478 istorum,
3017 4429 3134 4483 quae
3153 4413 3282 4479 dixi,
3306 4414 3552 4467 virtutem
3573 4431 3724 4467 suum

2141 4505 2278 4576 apud
2307 4521 2366 4560 se
2393 4521 2496 4559 non
2521 4505 2715 4560 retinet
2747 4515 2978 4572 tantum,
3011 4507 3102 4561 sed
3134 4507 3294 4560 etiam
3335 4507 3488 4576 longe
3514 4508 3727 4576 lateque

2143 4600 2411 4655 diffundit.
2447 4599 2686 4669 Exempli
2717 4614 2896 4665 causa,
2925 4598 3097 4654 fontes
3135 4601 3315 4654 multis
3363 4600 3574 4669 quidem
3607 4615 3730 4653 sca-

2145 4692 2347 4746 turiunt
2371 4691 2610 4746 laticibus
2631 4699 2716 4746 :at
2741 4705 2835 4746 eos
2862 4691 2998 4744 intra
3025 4692 3170 4744 sinus
3186 4707 3311 4745 suos
3333 4707 3438 4744 non
3465 4691 3722 4757 retinent,

2143 4785 2237 4838 sed
2273 4786 2425 4852 longa
2457 4784 2671 4838 flumina
2703 4783 2966 4852 parientes
3008 4798 3128 4837 eum
3159 4784 3290 4836 mari
3327 4783 3642 4853 junguntur,
3673 4793 3726 4838 et

2145 4890 2411 4948 tamquam
2468 4893 2658 4932 manus
2721 4877 2994 4947 cujusdam
3041 4878 3352 4930 extensione
3396 4877 3729 4946 longitudine

2145 4973 2351 5026 illormn
2397 4971 2629 5024 marinas
2655 4985 2818 5039 aquas
2843 4969 3198 5040 prehendunt.
3240 4970 3441 5022 Rursus
3471 4969 3728 5022 arborum

2143 5063 2290 5117 radix
2344 5063 2591 5116 deorsum
2634 5063 2684 5116 in
2719 5071 2874 5114 terrae
2921 5061 3212 5115 visceribus
3254 5071 3336 5113 est
3377 5060 3729 5127 abscondita,

2143 5156 2236 5210 sed
2285 5169 2389 5208 non
2425 5169 2639 5208 omnem
2687 5154 2934 5208 virtutem
2976 5168 3124 5206 suam
3167 5153 3414 5207 deorsum
3447 5153 3732 5222 continet,

2144 5263 2206 5300 ac
2235 5247 2412 5300 vitium
2455 5247 2752 5315 prmsertim
2791 5245 3179 5299 arbustivarum
3223 5253 3305 5298 est
3349 5247 3465 5299 hare
3513 5257 3734 5299 natura.

2143 5338 2241 5394 Ubi
2272 5339 2410 5392 enim
2441 5353 2533 5407 per
2562 5337 2803 5392 excelsos
2829 5335 3060 5390 calamos
3091 5349 3266 5389 ramos
3313 5349 3437 5390 suos
3473 5337 3738 5392 extende-

2143 5435 2271 5496 rint,
2303 5447 2396 5502 per
2417 5429 2702 5485 arundines
2729 5431 2842 5485 illas
2883 5429 3147 5497 serpentia
3189 5437 3455 5482 sarmenta
3503 5427 3736 5498 longum

2147 5525 2415 5594 quoddam
2447 5531 2642 5579 lectmu
2669 5523 2931 5577 frondium
2955 5519 3216 5575 densitate
3237 5519 3543 5574 conficiunt.
3573 5521 3744 5589 Ejus.

2144 5618 2286 5672 modi
2317 5626 2396 5672 est
2419 5626 2472 5673 et
2494 5623 2880 5686 unguentorum
2907 5624 3130 5670 natura:
3155 5611 3414 5682 siquidem
3439 5613 3526 5666 illa
3553 5629 3742 5684 smpe-

2146 5725 2369 5767 numcro
2397 5715 2520 5766 sunt
2563 5709 2616 5764 in
2660 5706 2902 5763 conclavi
2956 5705 3265 5774 recondita,
3295 5703 3390 5760 sed
3439 5719 3743 5775 erumpens
