4080 6196
236 195 349 253 599

236 310 356 363 ἐστι
401 307 635 381 ῥεόντων
669 311 763 365 καί
807 309 905 381 οὑχ
944 312 1245 384 ἱσταμένων
1284 316 1455 369 ταῦτα
1488 318 1811 387 ἀμφότερα·

239 393 386 446 οὕτω
411 394 476 463 δὴ
503 395 596 446 καὶ
620 396 714 448 ἐπὶ
742 396 850 450 τῶν
891 397 1246 468 ἀνθρωπίνων
1293 401 1636 470 πραγμάτων
1669 401 1820 454 οὐδὲν

240 477 461 546 βέϐαιον
517 477 613 529 καί⁵
659 478 853 544 ἑστὼς,
882 480 1019 533 ἀλλά
1051 482 1253 534 πυκναὶ
1297 483 1352 534 αἱ
1402 482 1697 554 μεταϐολαὶ
1727 483 1820 535 καὶ

237 559 553 630 ὀξύρροποι.
599 560 655 613 '0
692 561 792 629 μὲν
830 562 933 615 ὑπὸ
962 563 1060 633 τῆς
1098 563 1399 635 εὐημερίας
1429 564 1567 635 πρὸς
1604 564 1663 617 16
1689 564 1819 629 ὑύεοι,

240 642 488 714 ἐπήρθη,
523 646 552 697 6
595 644 651 696 δὲ
687 644 792 698 ὑπὸ
831 645 1172 716 δυσπραγίας
1214 651 1295 711 είς
1340 648 1473 701 πολὺ
1515 649 1818 721 κατηνέχθη

243 726 431 796 βάθος
468 728 604 782 ἀλλά
635 736 771 799 μήτε
802 731 1007 794 ἐκεῖνος
1045 731 1325 799 φυσάσθω,
1375 732 1514 802 μήτε
1545 724 1699 794 οὗτος
1729 749 1822 784 τα-

242 810 567 865 πεινούσθωο
598 811 860 883 ταχίστην
886 812 996 884 γὰρ
1028 814 1259 877 ἕκαστος
1290 813 1497 878 δέξεται
1522 813 1617 885 τὴν
1653 832 1821 884 μετα-

241 894 428 964 ϐολήν·
452 894 568 947 ἀλλ’
598 896 699 948 οὑκ
720 897 924 961 ἐκεῖνος
951 897 980 949 6
1001 896 1136 967 πρὸς
1162 897 1250 950 τὸν
1273 897 1499 968 οὐρανὸν
1524 896 1820 968 μεταστὰς,

240 982 269 1032 ό
300 978 437 1050 πρὸς
463 979 555 1031 τὸν
584 979 918 1050 ποθούμενον
949 980 1200 1034 ἀπελθὼν
1235 980 1463 1052 Ἰησοῦν,
1496 984 1524 1034 6
1555 982 1688 1052 πρὸς
1714 1001 1821 1051 χω-

248 1061 361 1132 ρίον
391 1061 558 1117 ἐλθὼν
582 1062 817 1133 καθαρὸν
848 1063 1113 1137 θορύϐων,
1146 1064 1274 1119 ἔνθα
1302 1065 1513 1138 ἀπέδρα
1532 1066 1695 1136 ὀδύνη
1726 1067 1820 1119 καὶ

243 1143 388 1215 λύπη
425 1145 518 1198 καὶ
557 1148 879 1216 στεναγμός.
911 1148 1025 1200 OL):
1064 1147 1211 1201 ἔστιν
1254 1148 1371 1201 ἐκεῖ
1402 1149 1703 1219 μεταϐολῆς
1738 1150 1818 1201 εί·-

242 1226 374 1289 κὼν,
398 1228 495 1280 οὑκ
525 1226 640 1281 ἔστι
662 1230 869 1300 τροπῆς
913 1229 1272 1301 ἀποσκίασμα
1292 1270 1307 1292 ,
1338 1230 1517 1284 πάντα
1548 1231 1603 1285 δὲ
1639 1248 1819 1302 πεπη-

242 1310 376 1376 γότα
409 1311 503 1364 καὶ
529 1311 782 1383 ἀκίνητα.
805 1312 981 1367 πάντα
1011 1312 1203 1383 βέϐαια
1229 1314 1323 1367 καὶ
1344 1313 1626 1385 ἱδρυμένα,
1647 1314 1822 1367 πάντα

244 1391 497 1463 ἄφθαρτα
549 1395 643 1448 καὶ
688 1395 931 1450 ἀθάνατα
951 1438 966 1463 ,
1010 1396 1187 1450 πάντα
1218 1399 1472 1468 ἀκήρατα
1501 1398 1595 1450 καὶ
1625 1400 1705 1461 εἰς
1735 1398 1823 1451 ἀεὶ

246 1473 394 1547 [60H
445 1476 788 1547 διαμένοντα.
845 1479 945 1533 Διά
992 1480 1152 1533 τοῦτό
1196 1497 1349 1550 φησι,
1384 1479 1506 1547 Πρὸ
1539 1479 1825 1547 τελευτῆς

240 1560 327 1627 μὴ
349 1559 632 1629 μακάριζε
656 1561 911 1630 μηδένα.
942 1563 1042 1617 Διά
1074 1565 1161 1628 τί;
1201 1562 1429 1634 ’Ἄδηλον
1455 1562 1563 1634 γάρ
1600 1564 1660 1615 16
1692 1563 1823 1633 μέλ-

243 1641 356 1706 λον,
392 1644 488 1696 καὶ
530 1645 562 1714 ἡ
607 1645 769 1713 φύσις
814 1646 1064 1719 ἀσθενής·
1102 1649 1133 1718 ή
1182 1647 1501 1718 προαίρεσις
1540 1646 1781 1717 ῥᾴθυμος
1806 1684 1822 1709 ,

246 1727 279 1797 ἡ
315 1727 560 1797 ἁμαρτία
589 1729 1015 1799 εὑπερίστατος,
1052 1730 1247 1783 πολλαὶ
1274 1732 1329 1783 αἱ
1362 1729 1614 1797 πλγίδες⁸
1661 1730 1823 1783 Ἐπί-

246 1815 424 1881 τνωθι
440 1813 572 1881 γὰρ,
601 1813 785 1884 φησὶν,
810 1812 897 1867 ὅτι
924 1812 1170 1884 ἐνμέσῳ
1197 1812 1463 1883 παγίδων
1480 1812 1820 1878 διαϐαίνεις·
1845 1847 1856 1872 ς

248 1894 541 1966 ἐπάλληλοι
592 1897 643 1949 οἱ
692 1898 1008 1967 πειρασμοί,
1042 1897 1208 1961 πολὺς
1258 1898 1286 1949 6
1328 1896 1437 1949 τῶν
1484 1895 1824 1967 πραγμάτων

247 1978 423 2049 ὀχλος,
461 1980 557 2032 καὶ
586 1979 838 2050 διηνεκὴς
886 1980 994 2033 τῶν
1042 1978 1313 2052 δαιμόνων
1352 1982 1381 2034 6
1427 1978 1690 2046 πόλεμος,
1732 1980 1826 2033 καὶ

253 2065 498 2133 συνεχεῖς
517 2064 573 2115 αἱ
600 2063 711 2116 τῶν
738 2062 928 2117 παθῶν
946 2065 1365 2127 ἐπαναστάσειςο
1384 2062 1474 2116 διά
1489 2062 1680 2125 ταῦτα,
1705 2063 1826 2129 Πρὸ

252 2145 537 2214 τελευτῆς
553 2146 640 2216 μὴ
665 2146 947 2217 μακάριζε
965 2145 1217 2217 μηδένα,
1248 2147 1431 2217 φησιν.
1454 2147 1663 2201 Ούκοῦν
1689 2146 1828 2216 μετά

248 2229 509 2300 τελευτὴν
541 2230 867 2302 μακαρίζειν
896 2230 1137 2300 ἀσφαλὲς
1184 2230 1275 2284 τὸν
1316 2230 1487 2297 ἀξιον·
1531 2232 1731 2303 μᾶλλον
1768 2230 1827 2283 δέ

251 2314 347 2383 οὑχ
378 2313 566 2378 ἀπλῶς
601 2316 739 2384 μετά
761 2314 1039 2385 τελευτὴν,
1071 2313 1209 2368 ἀλλά
1244 2314 1504 2386 τελευτὴν
1536 2314 1823 2385 τοιαύτην,
1882 2316 1892 2325 ’

249 2396 377 2450 ὅταν
413 2397 553 2467 μετά
589 2398 857 2468 στεφάνου
883 2399 983 2467 τὸν,
1010 2393 1180 2471 βίονῇ
1216 2398 1525 2462 καταλύσας
1563 2416 1669 2463 τις,
1699 2399 1828 2452 ὅταν

252 2481 389 2550 μετά
437 2481 731 2550 ὁμολογίας
782 2483 879 2536 καὶ
920 2482 1156 2546 πίστεως
1195 2482 1578 2555 ἀνυποκρίτου.
1626 2483 1689 2535 Εἰ
1719 2480 1829 2553 γάρ

249 2564 377 2627 τοὺς
409 2563 600 2628 άπλῶς
647 2564 1081 2637 τελευτήσαντας
1109 2570 1135 2606 ⁸
1165 2565 1474 2637 ἐμακάρισέ
1506 2583 1590 2629 τις
1610 2604 1627 2632 ,
1677 2564 1829 2636 πόσῳ

253 2646 454 2716 μᾶλλον
487 2648 616 2712 τοὺς
643 2644 788 2701 οὑτω
815 2649 1269 2719 τελευτήσαντας
1667 2700 1672 2705 .

320 2731 433 2784 Καὶ
459 2732 545 2795 τίς
569 2732 897 2804 ἐμακάρισε,
917 2734 1073 2803 φησί,
1104 2733 1230 2797 τοὺς
1256 2732 1444 2796 ἁπλῶς
1466 2731 1828 2803 τελευτήσαν-

247 2831 378 2880 τας;
415 2816 473 2869 ’0
504 2816 777 2888 Σολομὼν,
820 2816 1072 2887 Σολομὼν
1117 2817 1323 2879 ἐκεῖνος
1357 2817 1387 2869 6
1417 2817 1688 2885 πάνσοφος
1710 2833 1724 2847 ·
1756 2814 1830 2886 μὴ

246 2900 359 2969 γάρ
379 2898 568 2963 ἀπλῶς
592 2900 960 2974 παραδράμῃς
982 2900 1072 2954 16v
1098 2898 1406 2971 ἄνθρωπον,
1440 2898 1555 2953 ἀλλ’
1578 2902 1831 2969 ἐννόησον

246 2982 337 3045 τίς
364 2977 464 3053 ἦν,
508 2983 603 3036 καὶ
639 2984 755 3047 πῶς
791 2982 1091 3055 βεϐιωκὼς,
1132 2983 1228 3037 καὶ
1275 2983 1413 3054 μετά
1452 2982 1624 3051 πόσης
1651 2983 1832 3047 ἀδείας

246 3066 345 3120 καὶ
370 3066 609 3131 ἀνέσεως
629 3068 721 3122 τὸν
756 3069 922 3139 ὑγρὸν
952 3069 1046 3122 καὶ
1084 3066 1467 3138 ἀταλαίπωρον
1504 3065 1616 3137 βίον
1648 3064 1743 3135 ἔζη
1779 3067 1829 3119 ι).

248 3150 436 3203 ’Δπαν
464 3150 581 3221 γάρ
629 3147 768 3214 εἶδος
816 3151 1018 3222 ἐπῆλθε
1051 3151 1262 3223 τρυφῆς
1283 3193 1297 3216 ,
1328 3150 1426 3204 καὶ
1474 3149 1834 3221 ψυχαγωγίας

250 3232 631 3297 παντοδαποὺς
684 3234 945 3305 ἐπενόησε
991 3234 1262 3306 τρόπους,
1310 3234 1406 3287 καὶ
1461 3232 1713 3295 ποικίλας
1741 3233 1835 3285 καὶ

250 3315 630 3387 πολυτρόπους
662 3316 909 3389 τέρψεων
953 3313 1114 3390 εὗρεν
1160 3316 1337 3382 ἰδέας,
1380 3316 1476 3370 καὶ
1524 3315 1729 3380 ταύτας
1754 3315 1834 3368 δι-

248 3399 386 3470 ηγού
393 3416 556 3471 μενος
566 3401 771 3469 ἔλεγεν*
789 3399 1163 3471 ’ῼκοδόμησά
1171 3418 1272 3471 μοι
1291 3400 1518 3467 οἴκους,
1531 3398 1837 3469 ἐφύτευσὰ

249 3502 350 3552 μοι
381 3483 765 3553 ἀμτείῶνας,
799 3483 1058 3552 ἐποίησὰ
1093 3501 1199 3553 μοι
1238 3482 1473 3550 κήπους
1514 3484 1614 3538 καί
1646 3496 1834 3550 παρα-

250 3566 520 3635 δείσους,
544 3567 805 3635 ἐποίησά
817 3586 920 3637 μοι
940 3567 1361 3636 κολυμϐήθρας
1380 3566 1634 3631 ὑδάτων,
1663 3567 1837 3636 ἐκτη-

253 3650 460 3720 σάμην
504 3651 767 3717 δούλους
818 3651 918 3705 καί
970 3650 1323 3716 παιδίσκας,
1377 3651 1476 3704 καί
1514 3651 1837 3720 οἰκογενεῖς

252 3736 540 3804 ἐγένοντό
579 3753 684 3806 μοι
709 3750 724 3767 ⁸
760 3736 979 3804 κτῆσις
1021 3736 1370 3799 ,βουκολίων
1402 3734 1499 3788 καί
1548 3735 1838 3804 ποιμνίων

255 3818 497 3887 ἐγένετό
538 3836 675 3888 μοι⁹
713 3817 1065 3888 συνήγαγον
1105 3818 1386 3886 ἀργύριον
1432 3815 1532 3870 καί
1580 3820 1838 3885 χρυσίον

256 3902 364 3955 lca
396 3902 624 3971 ψάμμῳ
646 3918 660 3932 ο
696 3900 959 3970 ἐποίησὰ
981 3918 1081 3971 μοι
1113 3900 1371 3968 ᾅδοντας
1411 3900 1509 3953 καί
1535 3900 1836 3969 ᾀδούσας,

256 3988 575 4055 οἰνοχόους·
604 3986 703 4040 καὶ
730 3987 1147 4055 οἰνοχοούσας.
1183 3984 1250 4037 Τί
1280 3978 1373 4037 οὖν
1412 3984 1442 4037 6
1490 3984 1650 4046 αὑτός
1687 3977 1841 4046 οὗτος

259 4070 401 4141 μετά
424 4068 694 4139 τοσαύτην
723 4068 1041 4140 περιουσίαν
1069 4068 1178 4120 τῶν
1211 4066 1540 4139 χρημάτων,
1568 4066 1676 4119 τῶν
1707 4083 1839 4137 κτη-

261 4152 485 4223 μάτων,
524 4153 627 4222 τῆς
668 4152 899 4223 τρυφῆς,
958 4152 1057 4221 τῆς
1114 4151 1387 4217 ἀνέσεως;
1436 4147 1834 4217 Ἑμακάρισα,

258 4238 426 4306 φησὶ,
468 4236 611 4303 τοὺς
640 4237 1056 4314 ἀποθανόντας
1088 4233 1242 4302 ὑπὲρ
1282 4233 1424 4300 τοὺς
1457 4231 1695 4299 ζῶντας,
1740 4231 1839 4286 καί

258 4319 485 4389 ἀγαθὸς
504 4319 657 4387 ὑπὲρ
680 4319 945 4383 τούτουςς
957 4318 1131 4384 ὅστις
1157 4318 1320 4371 οὔπω
1338 4315 1599 4387 ἐγένετο.
1634 4316 1840 4378 Ὄντως

261 4404 577 4469 ἀξιόπιστος
609 4397 765 4466 οὗτος
793 4406 1096 4473 κατήγορος
1129 4399 1373 4471 τρυφῆς,
1408 4402 1436 4453 ό
1462 4398 1686 4452 τοιαῦτα
1716 4399 1843 4469 περὶ

261 4487 432 4557 αὑτῆς
459 4484 847 4556 ψηφιζόμενος.
885 4486 948 4539 Εἰ
975 4486 1074 4556 μὲν
1106 4484 1214 4555 γάρ
1235 4502 1318 4548 τις
1346 4483 1454 4537 τῶν
1486 4486 1542 4537 ἐν
1564 4483 1722 4554 πενίᾳ
1749 4484 1844 4536 καὶ
1891 4508 1908 4534 ο

261 4570 510 4641 πτωχεία
533 4568 874 4638 βεϐιωκότων
903 4569 1109 4639 ταύτην
1134 4568 1356 4639 ἐξέφερε
1378 4566 1475 4638 τὴν
1499 4565 1676 4637 ψῆφον
1703 4564 1845 4619 κατά

259 4652 364 4721 τῆς
395 4652 646 4723 τρυφῆς,
688 4650 866 4716 ἔδοξεν
904 4651 970 4704 ἂν
1021 4651 1121 4704 οὑκ
1161 4650 1426 4721 ἀληθείᾳ,
1470 4649 1585 4702 ἀλλ’
1617 4649 1843 4720 ἀπειρίᾳ

262 4734 438 4788 ταῦτα
466 4736 821 4804 κατηγορεῖν·
857 4734 986 4788 ὃταν
1017 4735 1074 4787 δέ
1103 4735 1131 4786 ὁ
1167 4734 1347 4787 πᾶσαν
1382 4732 1553 4803 αὑτὴν
1597 4730 1842 4786 ἐπελθὼν

264 4818 361 4872 καὶ
396 4817 888 4889 διερευνησάμενος
913 4818 1082 4888 αὑτῆς
1119 4816 1353 4887 ἑκάστην
1386 4815 1526 4878 ὁδὸν,
1565 4809 1716 4877 οὗτος
1747 4814 1844 4867 αὑ-

264 4903 368 4972 τὴν
400 4901 668 4973 ἀτιμάζῃ,
697 4900 1008 4963 ἀνύποπτος
1035 4904 1067 4970 ἠ
1105 4899 1410 4970 κατηγορία
1442 4897 1649 4951 λοιπόν.
1693 4899 1847 4969 Τάχα

267 4983 517 5053 νομίζετε
543 4984 642 5054 τῆς
658 4983 937 5055 παρούσης
959 4984 1266 5045 ὑποθέσεως
1282 4984 1414 5053 ἡμῖν
1435 4980 1847 5035 ἐκπεπτωκέναι

264 5069 363 5122 τὸν
396 5067 576 5136 λόγον·
608 5069 724 5122 ἀλλ’
756 5068 915 5141 εῐπερ
952 5068 1334 5138 προσέχωμεν,
1370 5067 1741 5138 εὑρήσομενο,
1765 5066 1848 5119 ὅτι

265 5153 474 5222 ταύτης
509 5154 743 5224 μάλιστα
770 5154 953 5225 ἔχεται
984 5153 1054 5206 τά
1088 5152 1375 5223 εἰρημένα.
1434 5151 1523 5205 Ἐν
1557 5151 1667 5222 γὰρ
1711 5167 1851 5221 μαρ-

264 5238 451 5308 τύρων
481 5238 692 5307 μνείαις
744 5241 1041 5308 ἀναγκαῖον
1095 5238 1190 5291 καὶ
1244 5234 1563 5299 ἀκόλουθον,
1599 5237 1850 5299 καὶτοὺς

261 5322 402 5396 περὶ
433 5321 753 5392 φιλοσοφίας
796 5326 968 5377 κινεῖν
996 5322 1209 5391 λόγους.
1248 5320 1359 5374 Καὶ
1398 5318 1574 5373 ταῦτα
1616 5319 1848 5391 λέγομεν

331 5488 361 5520 ⁸
378 5487 505 5539 Tres
518 5503 633 5538 mss.
652 5492 815 5547 άπλῶς
830 5489 1230 5548 τετελευτηκότας.

334 5548 366 5589 δ
383 5551 533 5613 39w].
569 5553 727 5610 ἀδείας
749 5554 829 5601 τὸν
849 5556 1009 5602 ἄνετον
1025 5550 1194 5601 τοῦτον
1215 5552 1296 5599 καὶ
1317 5549 1455 5613 ὑγρὸν
1481 5551 1617 5608 ἔζησε
1638 5548 1753 5611 βίον.

313 5613 362 5727 1⁸
386 5609 523 5725 ὲιιεῖξ,
535 5615 651 5725 £3:
673 5609 803 5679 ειπερ
821 5617 1150 5679 προσέχωμεν,
1179 5609 1457 5678 εὑρήσομεν,
1479 5609 1661 5663 desunt
1695 5614 1741 5661 iu
1763 5610 1851 5661 Sa~

251 5691 307 5727 τι
338 5714 349 5725 .
635 5707 650 5725 .
1119 5687 1123 5693 '

1269 196 1337 254 IN
1380 198 1449 255 S.~
1478 198 1930 257 EUSTATIIIUM
1972 198 2486 256 ANTIOCHENUM.

3390 206 3497 264 600

1932 319 1993 372 οὑ
2026 320 2126 389 τῆς
2161 319 2441 391 παρούσης
2468 318 2900 391 κατηγοροῦντες
2948 318 3112 389 ζωῆς,
3146 317 3218 389 μὴ
3254 321 3497 390 γένοιτο,

1924 402 2060 456 ἀλλά
2088 403 2188 473 τὴν
2213 403 2422 473 τρυφὴν
2452 402 2848 466 διαϐάλλοντεςο
2874 403 2936 455 ού
2956 402 3065 472 γὰρ
3093 401 3155 455 16
3181 403 3279 474 ζῇν
3306 405 3496 474 κακὸν,

1929 486 2063 539 ἀλλα
2096 486 2157 538 16
2185 487 2309 557 εἰκῆ
2337 487 2430 538 καὶ
2456 484 2641 548 ἁπλῶς
2673 486 2792 556 ζῇν.

1934 569 1943 576 ’
1998 575 2065 647 β’.
2101 578 2189 641 Ὠς
2211 579 2305 630 ἐάν
2321 595 2402 639 τις
2431 578 2524 630 ἐπὶ
2553 578 2937 650 κατορθώμασι
2959 578 3052 631 καὶ
3075 581 3138 648 τῇ
3156 578 3264 630 τῶν
3283 579 3500 647 μελλόν-

1923 677 2031 713 των
2060 661 2278 729 ἀγαθῶν
2310 661 2482 714 ἐλπίδι
2520 662 2612 715 τόν
2645 662 2887 733 παρόντα
2930 662 3071 733 ζήσῃ
3105 661 3235 730 βίον,
3277 662 3502 732 δυνήσε-

1926 761 2016 798 ται
2068 744 2208 797 κατά
2261 745 2475 798 Παῦλον
2528 746 2744 814 λέγειν,
2795 746 2875 798 ὅτι
2931 749 3002 798 To
3048 744 3156 813 ζῇν
3198 746 3267 798 ἐν
3319 745 3498 814 σαρκί

1924 826 2134 892 πολλῷ
2172 829 2487 897 κρεῖσσον·
2522 830 2680 882 τοῦτο
2718 829 2823 899 γάρ
2847 828 3059 900 καρπὸς
3097 827 3290 899 ἔργουο
3326 828 3499 882 καθά-

1924 928 2035 982 περ
2067 907 2159 964 οὖν
2210 911 2304 965 καὶ
2356 913 2448 965 ἐπὶ
2479 912 2574 965 τοῦ
2618 913 2885 982 μακαρίου
2919 908 3139 979 γέγονεν
3178 910 3499 976 Εὑσταθίου,

1924 995 1982 1058 6;
2011 994 2103 1047 καὶ
2128 997 2193 1065 τῇ
2224 994 2334 1065 ζωῇ
2365 995 2459 1047 καὶ
2487 998 2551 1065 τῇ
2581 996 2803 1065 τελευτῇ
2833 994 2968 1065 πρὸς
2988 993 3047 1046 16
3067 993 3183 1046 δέον
3210 995 3501 1065 ἐχρήσατο.

1929 1080 2001 1132 Οὑ
2045 1076 2153 1148 γάρ
2188 1078 2279 1130 ἐπὶ
2311 1078 2411 1147 τῆς
2438 1078 2639 1141 οἰκείας
2670 1079 2792 1147 γῆς,
2819 1078 2932 1130 ἀλλ’
2967 1076 3058 1129 ἐπὶ
3092 1076 3189 1146 τῆς
3217 1077 3502 1148 ἀλλοτρίας

1927 1162 2132 1231 ταύτην
2164 1161 2421 1231 ὑπέμεινε
2447 1162 2533 1215 διά
2559 1162 2650 1214 τδν
2679 1161 2940 1233 Χριστόν’
2968 1160 3126 1213 τοῦτο
3156 1160 3264 1214 τῶν
3293 1160 3502 1232 ἐχθρῶν

1924 1243 1984 1296 16
2010 1243 2159 1315 [605]
2189 1243 2539 1315 κατόρθωμα.
2579 1246 2805 1297 Ἐκεῖνοι
2843 1242 2941 1313 μὲν
2970 1243 3079 1313 γάρ
3104 1243 3203 1313 τῆς
3244 1244 3504 1313 πατρίδος

1925 1329 2086 1383 αὑτὸν
2121 1329 2385 1398 ἐξήλασαν
2431 1329 2505 1393 ὡς
2543 1329 2933 1399 ἀτιμάζοντες·
2975 1331 3003 1382 6
3031 1328 3087 1380 δὲ
3126 1328 3503 1399 λαμπρότερος

1927 1412 2134 1481 ἐγίνετο
2179 1412 2385 1489 μᾶλλον
2439 1414 2532 1466 καὶ
2584 1413 3043 1483 περιφανέστερος
3092 1415 3158 1482 τῇ
3208 1411 3342 1484 πρὸς
3403 1411 3502 1482 τὴν

1925 1496 2221 1567 ὑπερορίαν
2268 1496 2616 1565 μεταστάσει,
2651 1495 2726 1558 ῶς
2771 1497 2867 1549 καὶ
2912 1495 3020 1548 τῶν
3062 1496 3401 1566 πραγμάτων
3443 1499 3504 1547 τὸ

1924 1580 2077 1644 τέλος
2108 1579 2376 1644 ἀπέδειξε.
2410 1578 2656 1649 Τοσαύτη
2695 1579 2801 1649 γάρ
2836 1580 2869 1648 ἡ
2906 1579 3231 1649 περιφάνεια
3257 1578 3501 1646 γέγονεν,

1925 1663 2000 1727 ὡς
2041 1663 2134 1716 τοῦ
2194 1656 2446 1733 σώματος
2500 1660 2666 1715 αὑτοῦ
2726 1661 2988 1729 ταφέντος
3029 1663 3085 1713 ὲν
3141 1660 3354 1732 Θράκῃο,
3402 1659 3503 1729 τὴν

1931 1749 2152 1819 μνήμην
2189 1747 2353 1801 αὑτοῦ
2384 1747 2504 1801 καθ’
2550 1746 2788 1814 ἑκάστην
2819 1744 3032 1815 ἡμέραν
3076 1744 3205 1813 παρ’
3238 1745 3367 1813 ἡμῖν
3408 1743 3506 1795 ἀν-

1928 1830 2063 1895 θεῖν,
2093 1833 2187 1885 καὶ
2221 1832 2313 1884 τὸν
2356 1830 2455 1902 μὲν
2497 1830 2666 1898 τάφον
2706 1825 2842 1881 εῖναι
2874 1829 2931 1881 ἐν
2962 1826 3154 1891 ἐκείνῳ
3183 1826 3262 1897 τῷ
3298 1825 3504 1895 βαρϐα-

1931 1915 2066 1988 ρικῷ
2100 1916 2303 1986 χωρίῳ,
2347 1915 2439 1968 τὸν
2463 1914 2522 1967 δὲ
2553 1911 2715 1965 πόθον
2744 1912 2874 1983 παρ’
2901 1913 3056 1981 ἡμῖν,
3085 1912 3199 1974 τοῖς
3230 1912 3294 1963 ἐκ
3317 1908 3506 1963 10006—

1928 2017 2019 2052 του
2047 1997 2463 2069 ἀπειργομένοις
2492 1997 2880 2066 διαστήματος,
2918 1994 3056 2066 μετά
3084 1995 3274 2067 χρόνον
3313 1992 3506 2045 τοσοῦ-

1927 2100 2020 2137 τον
2045 2082 2166 2136 καθ’
2190 2084 2427 2151 ἑκάστην
2456 2078 2715 2146 αὔξεσθαι
2762 2079 2861 2148 τὴν
2899 2077 3113 2148 ἡμέραν
3134 2094 3147 2108 ·
3195 2076 3395 2147 μᾶλλον
3425 2075 3505 2141 δὲ,

1928 2172 1977 2220 εί
2007 2166 2113 2237 χρὴ
2135 2164 2367 2235 τάληθὲς
2393 2165 2587 2229 εἰπεῖν,
2615 2163 2709 2216 καὶ
2734 2165 2762 2216 ὁ
2787 2163 2957 2230 τάφος
2989 2160 3153 2213 αὑτοῦ
3195 2159 3321 2228 παρ’
3349 2159 3506 2227 ἡμῖν,

1928 2250 2027 2303 οὑκ
2058 2252 2115 2303 ὲν
2142 2249 2332 2322 Θρᾴκῃ
2378 2247 2556 2319 μόνον.
2583 2247 2859 2317 Μνήματα
2886 2245 2994 2314 γὰρ
3038 2243 3206 2311 άγίων
3237 2243 3299 2295 οὑ
3327 2242 3506 2312 σοροί,

1929 2334 2026 2386 καὶ
2064 2332 2352 2403 λάρνακες,
2388 2331 2481 2383 καὶ
2520 2329 2732 2400 στῆλαι,
2778 2328 2875 2381 καὶ
2903 2327 3226 2397 γράμματα.
3274 2324 3387 2378 ἀλλ’
3414 2324 3508 2392 ἕρ-

1930 2430 2042 2484 γων
2072 2413 2491 2487 κατορθώματα,
2528 2413 2623 2466 καὶ
2652 2411 2883 2474 πίστεως
2930 2410 3109 2480 ζῆλος,
3144 2408 3237 2461 καὶ
3274 2406 3510 2469 συνειδὸς

1932 2500 2068 2574 πρὸς
2091 2498 2224 2552 Θεὸν
2249 2497 2418 2566 ὑγιές.
2447 2496 2555 2551 Καὶ
2582 2495 2691 2567 γάρ
2722 2494 2902 2565 πάσης
2931 2493 3130 2565 στήλης
3153 2491 3510 2562 λαμπροτέρα

1932 2583 2229 2653 ἀνέστηκεν
2258 2580 2394 2652 αὕτη
2424 2582 2457 2651 ἡ
2497 2579 2792 2648 Ἐκκλησία
2814 2578 2891 2647 τῷ
2917 2578 3170 2647 μάρτυρι,
3204 2577 3511 2645 γράμματα

1933 2665 2132 2739 ἔχουσα
2156 2666 2256 2719 ούκ
2292 2664 2502 2733 ἄφωνα,
2545 2663 2679 2715 ἀλλά
2706 2662 2795 2716 διά
2821 2660 2929 2713 τῶν
2962 2659 3302 2730 πραγμάτων
3330 2657 3510 2710 αὑτῶν

1932 2750 2308 2823 λαμπρότερον
2335 2748 2635 2817 σάλπιγγος
2678 2745 2885 2819 βοῶντα
2911 2744 3010 2813 τὴν
3044 2741 3253 2795 ἐκείνου
3287 2742 3509 2811 μνήμην

1935 2836 2028 2888 καὶ
2061 2834 2157 2905 τὴν
2182 2832 2560 2904 λαμπρότητα,
2602 2830 2695 2883 καὶ
2720 2828 2950 2890 ἕκαστος
2980 2823 3133 2896 ὑμῶν
3155 2823 3181 2863 ἀ
3215 2823 3324 2876 τῶν
3370 2841 3510 2894 παρσ-

1934 2920 2101 2973 όντων
2134 2916 2228 2970 τοῦ
2263 2915 2417 2984 ἁγίου
2445 2914 2613 2980 τάφος
2639 2913 2788 2965 ἐστὶν
2817 2909 3048 2973 ἐκείνου,
3077 2908 3246 2978 τάφος
3268 2905 3511 2976 ἔμψυχος

1935 3003 2031 3056 καί⁸
2074 2998 2461 3070 πνευματικός.
2508 2998 2604 3049 “Av
2651 2996 2760 3064 γὰρ
2813 2992 3106 3058 ἀναπτύξω
3152 2991 3213 3045 16
3270 2989 3511 3049 συνειδὸς

1937 3088 2168 3141 ἑκάστου
2217 3085 2325 3136 τῶν
2381 3082 2665 3154 παρόντων
2714 3079 2889 3151 ὑμῶν,
2935 3078 3175 3149 εὑρίσκω
3220 3076 3310 3131 16v
3356 3075 3513 3143 ἅγιον

1936 3169 2122 3223 τοῦτον
2141 3168 2286 3221 ἔνδον
2306 3167 2404 3236 τῆς
2423 3166 2660 3227 διανοίας
2680 3163 2833 3235 ὑμῶν
2854 3160 3287 3232 ἐνδιαιτώμενον.
3314 3157 3511 3230 Ὁρᾶτε

1939 3254 2055 3317 πῶς
2101 3251 2253 3305 οὑδέν
2309 3250 2466 3302 πλέον
2511 3249 2725 3318 ἐγένετο
2769 3249 2884 3309 τοῖς
2940 3244 3191 3317 ἐχθροῖς;
3242 3241 3359 3305 πῶς
3411 3242 3513 3293 οὒκ

1938 3340 2167 3393 ἔσϐεσαν
2198 3334 2297 3406 τὴν
2325 3334 2502 3400 δόξαν,
2545 3332 2663 3386 ἀλλ’
2697 3332 2907 3402 ἐπῆραν
2934 3328 3138 3400 ταύτην
3174 3326 3373 3398 μᾶλλον
3418 3324 3514 3376 καὶ

1937 3418 2320 3493 λαμπροτέραν
2357 3417 2703 3488 εἰργάσαντο,
2741 3414 3028 3476 τοσούτους
3057 3413 3383 3482 ποιήσαντες
3418 3406 3515 3459 τά·

1940 3490 2072 3575 φους
2098 3490 2227 3557 ἀνθ’
2274 3502 2429 3567 ἐνὸς,
2480 3501 2683 3569 τάφους
2732 3497 3029 3570 ἐμψύχους,
3080 3497 3283 3565 τάφους
3330 3490 3513 3561 φωνὴν

1939 3587 2216 3657 ἀφιέντας,
2256 3585 2457 3653 τάφους
2488 3584 2624 3654 πρδς
2653 3581 2744 3636 τὸν
2776 3581 2937 3635 αὑτὸν
2977 3579 3137 3649 ζῆλον
3165 3591 3515 3647 παρασκευα-

1941 3671 2240 3742 ζομένουςς
2289 3668 2389 3721 Διά
2427 3667 2585 3721 τοῦτο
2635 3666 2706 3720 τά
2758 3665 2867 3718 τῶν
2913 3663 3083 3731 ἁγίων
3143 3659 3370 3731 σώματα
3420 3657 3516 3742 καὶ

1941 3741 2162 3825 πηγάς,
2201 3754 2296 3806 καὶ
2355 3749 2543 3823 ῥίζας,
2596 3750 2691 3803 καὶ
2748 3748 2897 3820 μύρα
2953 3744 3098 3799 καλῶ
3144 3741 3513 3825 πνευματικά.

1941 3822 2098 3901 Τίνος
2132 3832 2224 3890 οὖν
2257 3822 2471 3900 ἕνεκεν;
2501 3834 2623 3885 Ὅτι
2657 3834 2885 3885 ἕκαστον
2920 3828 3120 3882 τούτων
3148 3825 3257 3879 τῶν
3287 3822 3515 3895 εἰρημέ-

1942 3938 2048 3975 νων
2077 3921 2174 3991 τὴν
2208 3918 2417 3972 οἰκείαν
2458 3915 2657 3988 ἀρετὴν
2687 3914 2748 3966 οὑ
2784 3913 2912 3984 παρ’
2948 3911 3126 3980 ἐαυτῷ
3154 3910 3372 3979 κατέχει
3423 3907 3517 3977 μό-

1940 4022 2053 4069 νον,
2096 4003 2233 4057 ἀλλά
2260 4002 2354 4055 καλ⁵
2388 4000 2548 4071 μέχρι
2578 3995 2772 4050 πολλοῦ
2802 4007 2825 4035 ο
2863 3995 3229 4064 διαπέμπεται
3284 3993 3514 4063 μήκους.

1945 4085 2070 4142 Οἷὸν
2104 4106 2157 4141 τι
2188 4085 2332 4155 λέγω
2352 4102 2366 4115 ·
2400 4086 2455 4136 αἱ
2487 4084 2661 4151 πηγαὶ
2695 4078 3057 4143 ἀναϐλύζουσι
3096 4077 3197 4148 μὲν
3226 4076 3398 4129 πολλά
3425 4078 3518 4130 νά-

1949 4190 2115 4244 ματα,
2137 4172 2199 4225 ού
2239 4168 2343 4241 μὴν
2373 4168 2503 4221 είσω
2534 4166 2643 4219 τῶν
2674 4164 2889 4218 οίκείων
2921 4162 3137 4215 κόλπων
3175 4162 3347 4214 ταῦτα
3387 4177 3519 4214 κατ-

1944 4257 2180 4328 έχουσιν,
2225 4251 2362 4308 ἀλλὰ
2406 4252 2647 4324 μακροὺς
2676 4249 2955 4302 τίκτουσαι
3014 4247 3296 4318 ποταμοὺς
3330 4246 3520 4314 συγγί-

1945 4355 2126 4393 νονται
2150 4336 2230 4408 τῷ
2270 4334 2514 4403 πελάγει,
2557 4334 2652 4387 καί¹
2680 4332 2933 4402 καθάπερ
2965 4330 3147 4402 χειρός
3181 4346 3323 4391 τινος
3361 4328 3521 4383 ἐκτά-

1947 4438 2054 4486 σει,
2083 4419 2161 4491 τῷ
2207 4420 2371 4491 μήκει
2412 4418 2617 4470 τούτων
2668 4415 3131 4487 ἐπιλαμϐάνονται
3162 4412 3272 4467 τῶν
3321 4412 3520 4481 θαλαττ-

1944 4505 2076 4557 τίων
2108 4503 2339 4557 ὑδάτων.
2384 4501 2553 4554 Πάλιν
2585 4502 2618 4570 ἡ
2672 4500 2795 4572 ῥίζα
2838 4499 2946 4554 τῶν
2993 4499 3176 4569 φυτῶν
3210 4498 3519 4569 κέκρυπται

1947 4591 2004 4642 ἐν
2034 4590 2148 4652 τοῖς
2199 4586 2421 4649 κόλποις
2455 4585 2554 4655 τῆς
2582 4586 2706 4655 γῆς,
2749 4585 2864 4638 ἀλλ’
2895 4585 2955 4639 οὑ
2986 4572 3390 4652 κάτωκατέχει
3422 4582 3521 4651 τὴν

1946 4672 2148 4745 ἀρετὴν
2181 4671 2349 4741 αὑτῆς
2401 4668 2642 4733 ἃπασαν,
2695 4670 2788 4723 καὶ
2844 4669 3077 4738 μάλιστα
3118 4667 3226 4720 τῶν
3258 4665 3521 4737 ἀμπέλων

1948 4757 2056 4810 τῶν
2102 4753 2502 4824 ἀναδενδράδων
2554 4751 2693 4824 αὕτη
2742 4754 2775 4824 ἡ
2832 4752 3012 4821 φύσις.
3059 4752 3227 4804 Ὅταν
3275 4750 3387 4822 γάρ
3437 4750 3521 4816 ἐφ’

1950 4837 2170 4908 ὑψηλῶν
2210 4836 2320 4888 τῶν
2369 4834 2628 4905 καλάμων
2672 4836 2797 4898 τοὺς
2831 4835 3010 4889 αὐτῶν
3052 4834 3335 4888 ἐκτείνωσι
3388 4831 3524 4886 κλάο

1948 4920 2091 4986 δους,
2119 4919 2188 4973 τά
2219 4918 2471 4989 κλήματα
2499 4917 2587 4971 διὰ
2628 4918 2736 4971 τῶν
2769 4917 3009 4971 δονάκων
3039 4916 3262 4971 ἐκείνων
3286 4916 3525 4988 ἐρποντα

1954 5007 2118 5078 μέχρι
2171 5004 2368 5059 πολλοὺ
2426 5004 2641 5076 πρόεισι
2689 5004 3083 5075 διαστήματος,
3143 5003 3357 5074 μακράν
3403 5019 3526 5055 τινα

1950 5090 2154 5162 ὀροφὴν
2185 5091 2251 5160 τῇ
2276 5088 2386 5141 τῶν
2416 5086 2626 5156 φύλλων
2654 5087 2911 5141 ποιοῦντα
2942 5086 3258 5158 πυκνότητι.
3286 5083 3524 5155 Τοιαύτη

1952 5176 2048 5229 καὶ
2079 5172 2189 5227 τῶν
2242 5172 2431 5244 μύρων
2469 5174 2501 5242 ἡ
2551 5170 2744 5241 φύσις·
2795 5173 2933 5227 αὑτά
2967 5175 3065 5243 μὲν
3103 5173 3213 5243 γὰρ
3260 5173 3435 5224 κεῖται
3465 5170 3524 5221 ἐν

1956 5257 2186 5328 οἰκίσκῳ
2230 5256 2511 5321 πολλάκις,
2553 5256 2640 5310 διά
2685 5257 2743 5310 δέ
2770 5258 2878 5311 τῶν
2927 5257 3158 5327 θυρίδων
3218 5251 3523 5321 ὑπερεκπί-

1960 5358 2169 5397 πτουσα
2212 5340 2389 5394 αὑτῶν
2416 5341 2449 5413 ή
2478 5340 2673 5395 εὑωδία
2704 5344 2781 5406 εἰς
2824 5340 3038 5412 ἀμφοδα
3070 5339 3163 5392 καὶ
3204 5333 3511 5396 στενωποὺς

1956 5425 2053 5480 καὶ
2097 5425 2335 5497 ἀγοράς,
2376 5425 2469 5479 καὶ
2497 5427 2625 5491 τοὺς
2672 5426 2776 5493 ἔξω
2810 5424 3114 5495 βαδίζοντας
3156 5418 3394 5472 διδάσκει
3426 5416 3525 5485 τὴν

2014 5548 2040 5587 (ί
2063 5549 2159 5612 Alii
2179 5551 2333 5612 ἡμῶν.

1960 5676 1961 5681 η
2020 5614 2049 5721 εἰ
2072 5600 2340 5723 Μὶπίάλλά
2362 5613 2441 5663 καὶ
2464 5612 2526 5668 εἰς
2548 5614 2685 5679 ἕτερα
2705 5612 2856 5661 πολλὰ
2877 5608 3009 5674 μέχρι
3032 5603 3228 5655 πολλοῦ.
3258 5601 3435 5655 Εωιετί
3473 5600 3528 5645 υι

1960 5685 2007 5722 ιη
2051 5685 2109 5722 ex
2138 5687 2185 5722 ιι.

1954 5685 2007 5723 ιη
2030 5685 2185 5723 textu.
