4080 6196
515 377 663 432 δνδον
693 370 950 442 κειμένην
978 369 1086 423 τῶν
1127 365 1436 439 ἀρωμάτων
1477 363 1700 434 ἀρετήν.
1733 363 1796 415 Εἰ
1826 360 1882 412 δέ
1910 357 2084 442 πηγὴ,

518 461 612 515 καὶ
656 439 800 528 ῥίζα,
843 439 938 507 καὶ
993 451 1175 522 φυτῶν
1216 450 1309 502 καὶ
1354 448 1662 518 ἀρωμάτων
1702 445 1861 528 φύσις
1902 439 2097 494 τοσαύ-

515 559 616 613 την
656 521 836 610 έχουσι
872 537 969 607 τὴν
1006 521 1176 605 ἰσχὺν,
1211 530 1390 600 πολλῷ
1431 528 1628 613 μᾶλλον
1668 527 1774 580 τῶν
1813 526 1983 593 ἁγίων
2027 521 2096 577 τά

521 609 780 693 σώματα·
814 623 908 675 καὶ
939 621 1020 672 ὃτι
1057 618 1116 672 ού
1161 616 1330 686 ψευδῆ
1368 614 1438 667 τά
1482 611 1773 682 λεγόμενα,
1820 609 2094 681 μάρτυρες

521 691 698 780 ὑμεῖς.
738 707 812 760 Τὸ
851 706 950 774 μὲν
991 703 1099 774 γὰρ
1148 701 1308 772 σῶμα
1351 698 1446 752 τοῦ
1490 697 1768 768 μάρτυρος
1811 696 1989 747 κεῖται
2037 691 2096 742 ἐν

520 773 730 865 Θρᾴκῃ,
758 773 915 860 ὑμεῖς
960 787 1018 841 δὲ
1055 773 1154 839 οὐκ
1199 786 1256 838 ἐν
1298 783 1488 855 Θρᾴκῃ
1537 778 1926 850 διατρίϐοντες,
1962 773 2092 865 ἀλλά

522 857 656 929 11016
682 857 807 943 ’τῆς
838 869 1021 942 χώρας
1071 868 1286 938 ἐκείνης
1344 865 1718 935 ἀφεστηκότες
1766 857 2097 929 ἀντιλαμϐάο

522 956 678 1011 νεσθε
722 941 822 1025 τῆς
869 941 1098 1014 εὐωδίας
1139 953 1204 1004 ἐκ
1247 948 1504 1002 τοσούτου
1563 946 1963 1016 διαστήματος,
2005 941 2100 994 καὶ

523 1040 608 1092 διὰ
651 1033 1256 1106 τοῦτοσυνεληλύθατε,
1282 1032 1376 1084 καὶ
1404 1031 1464 1083 ού
1506 1028 1800 1082 διεκώλυσε
1838 1025 1940 1096 τῆς
1977 1022 2098 1076 ὁδοῦ

527 1119 673 1194 [606]
716 1120 775 1172 τὸ
808 1111 1004 1189 μῆκος,
1035 1117 1136 1169 οὐκ
1184 1113 1372 1168 ἔσϐεσε
1413 1111 1508 1167 τοῦ
1550 1109 1846 1194 χρόνουλτὸ
1874 1105 2096 1176 πλῆθος.

525 1189 755 1272 Τοιαύτη
811 1200 921 1271 γὰρ
965 1198 1075 1252 τῶν
1133 1195 1520 1266 πνευματικῶν
1578 1190 2017 1262 κατορθωμάτων
2063 1189 2096 1258 ἡ

527 1285 717 1355 φύσις·
757 1283 930 1336 οὐδενὶ
987 1280 1282 1351 σωματικῷ
1329 1279 1680 1333 διακόπτεται
1729 1273 2012 1344 κωλύματι
2043 1284 2092 1336 ι,
2145 1307 2152 1314 -

527 1353 639 1420 ἀλλ’
683 1365 834 1420 ἀνθεῖ
864 1364 958 1418 καὶ
1004 1363 1220 1430 αὔξεται
1269 1361 1387 1416 καθ’
1421 1360 1655 1428 ἑκάστην
1703 1357 1950 1427 ἡμέραν,
2009 1353 2102 1407 καὶ

528 1450 651 1504 οῦτε
699 1449 891 1520 χρόνου
944 1448 1197 1518 μαραίνει
1250 1445 1312 1498 τὸ
1352 1443 1553 1513 πλῆθος
1606 1441 1796 1508 αὐτὴν,
1844 1438 1943 1508 ούχ
1981 1434 2100 1490 ὁδοῦ

528 1533 788 1600 διατειχίζ
791 1548 838 1583 ει
876 1531 1070 1601 μῆκος.

599 1634 692 1706 Μὴ
722 1633 1041 1704 θαυμάσητε
1066 1632 1123 1684 δέ
1155 1632 1204 1684 εἰ
1244 1629 1338 1684 τοῦ
1370 1629 1529 1698 λόγου
1557 1628 1650 1681 καὶ
1682 1624 1787 1680 τῶν
1817 1621 2104 1706 ἐγκωμίων

531 1704 830 1789 ἀρχόμενος
862 1715 1112 1786 μάρτυρα
1150 1714 1240 1767 τὸν
1274 1713 1428 1780 ἀγιον
1463 1710 1696 1789 ἐκάλεσα
1716 1723 1731 1738 ⁶
1765 1708 1858 1761 καὶ
1886 1704 1995 1776 γάρ
2022 1705 2097 1758 οἰο

533 1787 663 1869 κείῳ
682 1799 824 1852 τέλει
844 1799 942 1868 τὴν
968 1795 1110 1866 ζωὴν
1137 1794 1403 1849 κατέλυσε
1423 1811 1437 1825 ·
1463 1793 1579 1856 πῶς
1599 1787 1692 1846 οῦν
1721 1791 1836 1844 ἐστι
1865 1789 2103 1860 μάρτυς;

535 1878 701 1935 Εἶπον
733 1879 992 1942 πολλάκις
1015 1879 1150 1950 πρὸς
1177 1877 1276 1948 τὴν
1300 1876 1573 1946 ὑμετέραν
1601 1875 1842 1942 ἀγάπην,
1865 1873 1946 1924 ὅτι
1975 1870 2108 1941 μάρ-

533 1982 672 2036 τυρα
713 1965 834 2033 ούχί
869 1965 897 2016 6
931 1961 1159 2024 θάνατος
1191 1963 1337 2013 ποιεῖ
1367 1959 1560 2029 μόνον,
1593 1957 1728 2012 ἀλλά
1771 1956 1922 2036 καὶὴ
1972 1953 2108 2025 πρό-

537 2035 705 2111 θεσις.
737 2048 810 2100 Ού
860 2047 966 2117 γὰρ
1010 2044 1118 2098 ἀπὸ
1162 2043 1261 2114 τῆς
1293 2040 1571 2103 ἐκϐάσεως
1619 2039 1810 2111 μόνον,
1841 2035 1978 2092 ἀλλά
2017 2035 2110 2088 καὶ

538 2130 645 2184 ἀπὸ
680 2128 779 2198 τῆς
808 2127 1030 2197 γνώμης
1061 2125 1324 2178 πλέκεται
1351 2123 1613 2186 πολλάκις
1641 2123 1670 2175 6
1695 2120 1788 2174 106
1814 2118 2108 2191 μαρτυρίου

539 2212 820 2280 στέφανος.
849 2208 958 2262 Kal
986 2206 1176 2260 τοῦτον
1215 2208 1314 2260 οὐκ
1346 2205 1476 2274 ἐγὼ,
1505 2203 1643 2258 άλλά
1676 2202 1887 2264 Παῦλος
1925 2200 2110 2254 δίδωσι

538 2291 631 2346 τοῦ
658 2291 954 2363 μαρτυρίου
983 2291 1073 2343 τὸν
1111 2291 1235 2360 ὅρον
1268 2288 1466 2341 οὑτωσὶ
1497 2286 1692 2354 λέγων,
1723 2285 1861 2339 Καθ’
1885 2282 2113 2353 ἡμέραν

538 2375 923 2441 ἀποθνήσκω,
976 2371 1101 2436 Πῶς
1138 2371 1500 2441 ἀποθνήσκεις
1540 2369 1661 2423 καθ’
1700 2369 1942 2440 ὴμέρανς
1995 2367 2112 2432 πῶς

538 2457 762 2510 δυνατὸν
801 2457 884 2509 ἐνὶ
928 2453 1144 2524 σώματι
1173 2452 1351 2524 θνητῷ
1396 2451 1620 2523 μυρίους
1645 2450 1900 2518 δέξασθαι
1947 2449 2112 2503 θανά-

538 2557 664 2602 τους
683 2557 699 2606 ;
724 2541 802 2610 Τῇ
825 2537 1100 2606 προθέσει,
1123 2537 1276 2607 φησι,
1299 2535 1493 2606 καὶτῷ
1519 2533 1958 2606 παρεσκευάσθαι
1979 2531 2114 2603 πρὸς

539 2623 814 2693 τελευτήν.
849 2620 1004 2675 Οῦτω
1043 2621 1138 2674 καὶ
1179 2623 1208 2673 6
1235 2619 1366 2683 Θεὸς
1396 2620 1788 2688 ἀποφαίνεται’
1815 2617 1909 2670 καὶ
1943 2615 2053 2686 γάρ
2086 2617 2115 2669 6

555 2705 803 2776 Ἀϐραάμ
826 2704 925 2774 ούχ
959 2701 1134 2774 ᾕμαξε
1166 2702 1264 2772 τὴν
1296 2702 1595 2773 μάχαιραν,
1625 2701 1724 2753 ούκ
1760 2698 1992 2768 ἐφοίνιξε
2021 2698 2114 2752 τὸν

545 2789 744 2861 βωμὸν,
792 2789 892 2842 οὑκ
933 2787 1092 2840 ἔθυσε
1128 2785 1218 2840 τὸν
1265 2785 1468 2849 Ἰσαὰκ,
1503 2784 1620 2838 ἀλλ’
1652 2784 1800 2854 ὅμως
1845 2783 2114 2855 ἀπήρτισε

543 2873 640 2943 τὴν
671 2871 879 2924 θυσίαν.
908 2869 1004 2933 Τίς
1043 2867 1218 2922 ταῦτά
1270 2884 1469 2938 φησιν;
1516 2865 1689 2929 Δύτὸς
1731 2867 1759 2918 6
1797 2864 1894 2936 τὴν
1929 2863 2116 2917 θυσίαν

542 2953 867 3024 δεξάμενοςο
905 2953 1026 3006 οὐκ
1068 2950 1290 3020 ἐφείσω
1324 2950 1452 3019 γὰρ,
1503 2949 1655 3018 φησὶ,
1687 2946 1793 3001 τοῦ
1833 2947 1966 3002 υἱοῦ
1998 2961 2115 3001 σου

544 3035 650 3090 τοῦ
678 3033 989 3104 ἀγαπητοῦ
1026 3032 1100 3088 δι’
1137 3032 1261 3102 ἐμέ.
1301 3033 1410 3084 Καὶ
1459 3030 1564 3101 μὴν
1595 3028 1772 3094 ζῶντα
1807 3029 1987 3093 ἔλαϐε,
2021 3029 2116 3082 καὶ

547 3117 673 3188 ὑγιῆ
724 3120 1039 3187 κατήγαγε·
1083 3116 1200 3179 πῶς
1242 3110 1334 3168 οῦν
1379 3113 1480 3167 ούκ
1524 3113 1811 3183 ἐφείσατο;
1853 3113 1974 3166 Ὅτι
2019 3112 2118 3164 ούκ

546 3199 656 3255 ἀπὸ
681 3198 774 3252 τοῦ
799 3199 995 3263 ίτέλους
1031 3197 1138 3252 τῶν
1169 3197 1529 3270 πραγμάτων,
1557 3195 1673 3250 ἀλλ’
1709 3197 1817 3250 ἀπὸ
1850 3196 1949 3265 τῆς
1985 3212 2119 3265 προ-

550 3283 749 3344 θέσεως
775 3282 883 3335 τῶν
904 3280 1300 3352 προελομένων,
1324 3279 1424 3343 τάς
1449 3279 1703 3343 τοιαύτας
1728 3277 1898 3350 κρίνω
1931 3275 2121 3340 θυσίας

550 3365 695 3434 ἐγὼ,
728 3366 911 3436 φησίν.
957 3365 1070 3418 Ούκ
1115 3363 1347 3432 ἔσφαξεν
1389 3364 1422 3433 ὴ
1472 3363 1622 3433 χεὶρ,
1665 3361 1778 3415 ἀλλ’
1825 3360 2118 3436 ἐσφαξενή

551 3433 870 3521 προαίρεσις
897 3463 908 3476 ·
937 3447 1037 3501 οὐκ
1059 3446 1318 3501 ἐϐάπτισε
1337 3445 1397 3498 τὸ
1420 3445 1572 3514 ξίφος
1595 3447 1672 3508 είς
1695 3444 1784 3499 τὸν
1807 3433 1998 3514 λαιμὸν
2025 3442 2118 3497 τοῦ

552 3531 762 3595 παιδὸς,
792 3531 851 3584 ού
882 3529 1094 3600 διέτεμε
1127 3529 1223 3600 τὴν
1253 3528 1414 3599 δέρην
1439 3527 1488 3592 b,
1520 3526 1634 3579 ἀλλ’
1669 3527 1784 3580 ἐστι
1827 3527 1986 3580 θυσία
2027 3528 2121 3581 καὶ

551 3615 719 3686 χωρὶς
747 3613 998 3685 αἵματος.
1021 3613 1228 3666 Ἵσασιν
1260 3613 1309 3664 οἰ
1343 3608 1682 3682 μεμυημένοι
1705 3609 1767 3662 16
1795 3608 2084 3679 λεγόμενον
2101 3625 2114 3639 ·

550 3698 640 3752 διὰ
659 3695 817 3750 τοῦτο
849 3696 904 3750 δὲ
936 3695 1160 3765 κάκείνη
1188 3697 1220 3765 ἡ
1254 3693 1412 3747 θυσία
1434 3693 1602 3762 χωρὶς
1631 3692 1862 3762 αἵματος
1885 3691 2117 3760 ἐγένετο,

553 3780 738 3852 ἐπειδὴ
777 3777 978 3848 ταύτης
1026 3777 1247 3849 ἔμελλεν
1291 3775 1508 3829 ἔσεσθαι
1542 3775 1729 3837 τύπος.
1773 3774 1933 3845 Ὁρᾷς
1965 3775 2023 3828 ἐν
2053 3777 2118 3846 τῇ

553 3863 764 3934 Παλαιᾷ
804 3859 1346 3934 προδιαγραφομένην
1380 3858 1479 3930 τὴν
1513 3856 1729 3924 εἰκόνας
1765 3857 1858 3928 Μὴ
1885 3857 2116 3927 ἀπιστή-

554 3963 654 4018 cf};
677 3949 742 4017 τῇ
774 3944 1017 4017 ἀληθείᾳ.

628 4058 697 4121 γ’.
721 4046 888 4115 Οὗτος
907 4050 1088 4105 τοίνυν
1115 4051 1143 4104 6
1166 4050 1374 4120 μάρτυς
1394 4047 1670 4120 (μάρτυρα
1682 4047 1790 4119 γὰρ
1809 4046 1940 4117 ήμῖν
1959 4044 2119 4100 αὑτὸν

551 4138 581 4189 6
605 4136 758 4204 λόγος
783 4133 1066 4204 ἀπέδειξε)
1115 4132 1248 4202 1196;
1277 4131 1502 4204 μυρίους
1546 4131 1999 4202 παρεσκευάσατο
2022 4129 2120 4183 θα-

553 4218 881 4280 νάτους,καὶ
915 4216 1122 4279 πάντας
1149 4215 1345 4278 016106;
1393 4213 1650 4284 ὑπέμεινε
1687 4214 1752 4283 τῇ
1797 4210 1986 4282 γνώμῃ
2027 4211 2121 4264 καὶ

552 4302 620 4370 τῇ
649 4299 926 4369 προθυμίᾳ
944 4315 958 4330 ο
982 4298 1090 4350 τῶν
1111 4297 1166 4350 δὲ
1195 4297 1590 4367 ἐπενεχθέντων
1611 4294 1870 4350 κινδύνων
1897 4293 2121 4359 πολλοὺς

553 4383 650 4437 καὶ
676 4382 740 4435 δι’
779 4382 946 4450 αὑτῆς
969 4381 1068 4450 τῆς
1099 4379 1292 4450 πείρας
1328 4380 1601 4449 ἠνέσχετο.
1631 4379 1740 4432 Καὶ
1765 4377 1871 4449 γάρ
1899 4377 1991 4430 καὶ
2021 4377 2119 4448 τῆς

554 4463 810 4537 πατρίδος
854 4463 1014 4517 αὐτὸν
1057 4462 1346 4533 ἐξήλασαν,
1377 4464 1470 4515 καὶ
1504 4461 1638 4532 πρὸς
1677 4461 1775 4531 τὴν
1824 4460 2120 4533 ὑπερορίαν

555 4551 896 4623 μετέστησαν
923 4588 938 4612 ,
986 4547 1078 4601 καὶ
1121 4545 1292 4599 πολλὰ
1333 4545 1498 4616 ἐτερα
1535 4544 1675 4598 κατά
1721 4543 1814 4598 τοῦ
1849 4544 2121 4617 μακαρίου

554 4633 814 4704 ἐκίνησαν
856 4631 976 4685 τότε
1033 4628 1263 4692 ἐκείνου,
1306 4628 1511 4681 δίκαιον
1565 4628 1661 4698 μὲν
1709 4627 1859 4681 οὐδὲν
1909 4627 2124 4698 ἔχοντες

550 4717 824 4797 ἐγκαλεῖν,
847 4715 929 4769 ὅτι
956 4713 1012 4766 δέ
1039 4710 1277 4797 ἀκούσας
1299 4711 1392 4763 τοῦ
1421 4709 1632 4797 Παύλου
1662 4709 1928 4779 λέγοντος,
1966 4712 2124 4765 Ἐσε-

549 4788 869 4868 ϐάσθησαν
905 4797 1004 4851 καὶ
1049 4795 1424 4864 ἐλάτρευσαν
1467 4788 1546 4863 τῇ
1595 4794 1787 4848 κτίσει
1818 4795 1979 4862 παρὰ
2017 4794 2124 4847 τὸν

553 4884 843 4937 κτίσαντα
864 4924 878 4944 ,
909 4881 1077 4951 ἔφυγε
1099 4879 1162 4933 τὸ
1197 4878 1450 4948 ἀσέϐημα
1473 4916 1488 4940 ,
1523 4877 1619 4931 καὶ
1651 4878 1749 4949 τὴν
1780 4877 2124 4947 παρανομίαν

551 4966 790 5019 ἐδεισενσ
830 4964 965 5018 ἀλλά
1014 4962 1170 5017 τοῦτο
1200 4961 1300 5034 μὲν
1341 4962 1640 5031 στεφάνων,
1683 4961 1744 5014 ού
1793 4961 2124 5032 κατηγορίας

556 5048 723 5113 ἀξιον.
752 5049 823 5101 Σὺ
849 5047 906 5100 δέ
941 5064 1031 5117 μοι
1067 5048 1259 5100 σκόπει
1296 5045 1391 5098 τοῦ
1427 5045 1672 5099 διαϐόλου
1702 5043 1797 5115 τὴν
1838 5043 2120 5116 πονηρίαν.

459 5135 462 5138 ’
568 5130 786 5203 Ἐπειδὴ
833 5131 943 5204 γάρ
991 5131 1316 5201 προσφάτως
1366 5126 1433 5202 ἦν
1463 5133 1491 5184 6
1538 5128 1844 5200 Ἐλληνικὸς
1891 5129 2126 5204 πόλεμος

556 5199 922 5279 καταλυθείς,⁷
951 5199 1048 5268 καῖ
1074 5214 1197 5285 ἄρτι
1231 5213 1339 5266 τῶν
1379 5199 1630 5285 χαλεπῶν
1670 5199 1764 5266 καὶ
1810 5199 2124 5280 ἐπαλλήλων

553 5298 808 5370 διωγμῶν
837 5296 1336 5352 ἀνεπεπνεύκεισαν
1364 5299 1422 5350 αἰ
1459 5295 1774 5367 Ἐκκλησίαι
1813 5297 2003 5359 πᾶσαι,
2031 5297 2124 5350 καὶ

555 5384 656 5437 οὐκ
675 5379 742 5455 ἦν
767 5382 934 5446 πολὺς
955 5384 984 5436 6
1010 5381 1220 5451 χρόνος,
1249 5378 1308 5445 ἐξ
1332 5374 1392 5433 οῦ
1419 5379 1538 5433 λαοί
1564 5379 1662 5450 μὲν
1689 5379 2124 5450 ἀπεκλείσθησαν

557 5472 819 5533 ἅπαντες,
863 5467 1038 5539 βωμοὶ
1069 5466 1124 5520 δὲ
1163 5465 1528 5536 ἐσϐέσθησαν,
1572 5465 1720 5518 πᾶσα
1760 5465 1816 5519 δὲ
1860 5464 1968 5521 τῶν
2003 5465 2120 5520 δαι-

619 5589 638 5613 ¹
661 5593 910 5654 Κωλύματι
934 5594 1077 5642 deest
1099 5595 1147 5642 in
1175 5604 1286 5641 mss.

609 5653 637 5693 δ
654 5653 738 5704 διο
769 5653 883 5704 mss.
908 5655 1058 5705 Morel
1107 5668 1223 5704 vero
1246 5653 1371 5703 male
1393 5653 1556 5717 δέρῤιν.

1221 253 1280 308 S.
1321 247 1604 308 JOANNIS
1640 241 2122 304 CHRYSOSTOSH
2157 207 2475 296 Al‘lCHlEP.
2513 229 3054 294 CONSTANTINO[-.

3657 224 3760 278 609.

2201 355 2374 424 μόνων
2407 355 2442 425 ἡ
2492 351 2658 424 μανία
2692 347 3044 411 καταλέλυτο,
3091 342 3184 397 καὶ⁵
3231 341 3404 395 ταῦτα
3436 339 3624 394 ἐλύπει
3669 338 3756 392 16v

2193 443 2430 514 πονηρὸν
2460 440 2710 511 δαίμονα,
2733 439 2828 492 καὶ
2858 438 2958 490 ούκ
2978 433 3210 505 ἠδύνατο
3238 431 3426 502 πράως
3457 429 3643 500 φέρειν
3666 429 3757 500 τὴν

2193 533 2293 602 τῆς
2321 530 2645 601 Ἐκκλησίας
2673 528 2916 599 εἰρήνην,
2939 524 2992 576 τί
3023 519 3115 576 οῦν
3144 522 3316 586 ποιεῖ;
3335 519 3560 590 Ἕτερον
3587 519 3759 569 ἐπεισα

2200 625 2322 692 ἀγει
2349 620 2497 708 [ϐθη
2548 621 2783 690 πόλεμον
2823 615 3076 688 χαλεπόν.
3117 611 3178 668 '0
3213 612 3310 680 μὲν
3341 607 3756 688 γάρέξωτικδς,

2194 708 2346 778 οὗτος
2394 697 2450 794 δέ
2497 711 2758 782 ἐμφύλιος
2787 703 2884 779 ῆν;
2920 707 2969 759 οἰ
3023 705 3080 758 δέ
3121 701 3354 756 τοιοῦτοι
3402 697 3760 768 δυσφύλακτοι

2199 806 2396 878 μᾶλλόν
2425 791 2550 870 εἰσι,
2569 803 2660 856 καὶ
2689 800 2885 873 ῥᾳδίως
2899 795 3205 870 χειροῦνται
3230 793 3356 855 106;
3372 791 3756 860 ἐμπίπτοντας.

2268 897 2423 952 Κατά
2455 895 2545 948 τὸν
2570 871 2759 965 καιρὸν
2801 891 2980 944 τοίνυν
3020 890 3224 940 ἐκεῖνον
3255 885 3284 936 6
3322 881 3585 954 μακάριος
3611 871 3760 942 οὗτος

2197 989 2521 1062 ἐστρατήγει
2550 986 2652 1056 τῆς
2689 983 2819 1056 παρ’
2853 983 2986 1053 ἡμῖν
3029 977 3376 1049 Ἐκκλησίας,
3421 974 3516 1028 καὶ
3553 974 3760 1040 αἴρεται

2202 1059 2305 1152 μὲν.
2349 1080 2383 1149 ἡ
2422 1059 2610 1141 νόσος,
2647 1072 2836 1144 ὥσπερ
2867 1088 2951 1133 τις
3003 1067 3189 1139 λοιμὸς
3243 1063 3474 1136 χαλεπὸς
3508 1061 3614 1115 ἀπὸ
3656 1059 3761 1112 τῶν

2203 1149 2483 1239 Αἰγύπτου
2504 1165 2740 1238 χωρίων,
2773 1158 2893 1216 εἶτα
2925 1160 3012 1214 διά
3043 1159 3152 1212 τῶν
3197 1155 3398 1229 μεταξὺ
3431 1154 3636 1206 πόλεων
3668 1149 3764 1220 βα-

2197 1261 2356 1326 δίζων
2385 1260 2466 1323 εἰς
2489 1257 2586 1329 τὴν
2621 1256 2775 1310 πόλιν
2797 1253 3052 1308 ἔσπευδεν
3074 1249 3327 1322 ἐμϐαλεῖν
3355 1247 3454 1317 τὴν
3473 1243 3761 1316 ἡμετέραν.

2212 1350 2350 1404 Ἀλλ’
2404 1350 2613 1410 ἐκεῖνος
2645 1342 2961 1417 ἐγρηγορὼς
2992 1341 3088 1395 καί⁸
3116 1340 3322 1424 νήφων,
3367 1337 3462 1390 καὶ
3493 1335 3669 1387 πάντα
3698 1331 3767 1384 τά

2205 1441 2468 1513 μέλλοντα
2493 1438 2742 1511 προορῶν
2777 1433 3080 1507 πόρρωθεν,
3105 1430 3396 1503 προσιόντα
3417 1426 3507 1480 τὸν
3536 1425 3767 1496 πόλεμον

2200 1533 2563 1607 ἀπεκρούετο·
2596 1531 2691 1585 καὶ
2723 1527 2976 1599 καθάπερ
3017 1524 3180 1593 σοφός
3215 1539 3301 1586 τις
3330 1519 3532 1591 ἰατρὸς,
3567 1517 3703 1586 πρὶν
3733 1514 3766 1584 ἢ

2200 1629 2299 1698 τὴν
2324 1627 2478 1681 νόσον
2510 1622 2765 1694 ἐμϐαλεῖν
2798 1621 2877 1684 εἰς
2914 1619 3014 1688 τὴν
3050 1616 3223 1680 πόλιν,
3265 1611 3496 1667 ἐνταῦθα
3525 1608 3768 1677 καθήμε-

2203 1737 2314 1784 νος,
2347 1718 2418 1771 τὰ
2441 1717 2711 1788 φάρμακα
2735 1709 3122 1775 κατεσκεύαζε,
3149 1707 3244 1761 καὶ
3270 1705 3369 1776 τὴν
3399 1701 3550 1774 ίεράν
3569 1700 3770 1768 ταύτην

2204 1812 2336 1866 ναῦν
2367 1808 2506 1881 μετά
2549 1805 2746 1877 πολλῆς
2773 1803 3041 1875 ἐκυϐέρνα
3074 1801 3176 1871 τῆς
3212 1794 3533 1867 ἀσφαλείας,
3566 1807 3770 1844 παντα-

2202 1901 2297 1974 χοῦ
2337 1899 2705 1973 περιτρέχων,
2747 1895 2945 1959 ναύτας
2965 1934 2979 1959 ,
3026 1886 3319 1955 ἐπιϐάτας,
3350 1888 3474 1950 106;
3513 1884 3771 1944 πλέοντας

2205 1970 2449 2054 άπανταίς
2471 1970 2804 2060 συγκροτῶν,
2822 1987 3030 2055 νήφειν,
3055 1977 3410 2052 ἐγρηγορέναι
3431 1970 3775 2046 παρασκευά-

2205 2083 2334 2150 ζων,
2362 2083 2438 2148 ώς
2467 2077 2740 2152 πειρατῶν
2769 2073 3157 2143 ἐπιτιθεμένων
3181 2071 3274 2124 καὶ
3301 2069 3398 2138 τῆς
3427 2065 3661 2127 πίστεως
3685 2063 3774 2116 τὸν

2206 2175 2476 2248 θησαυρὸν
2496 2170 2839 2240 ἀποσυλῆσαι
2861 2163 3298 2238 ἐπιχειρούντων.
3325 2161 3440 2214 Ούκ
3465 2156 3697 2212 ἐνταῦθα
3719 2153 3776 2208 δὲ

2210 2269 2368 2341 μόνον
2399 2265 2665 2337 ἐκέχρητο
2697 2264 2763 2333 τῇ
2803 2259 3030 2332 προνοίᾳ
3057 2256 3253 2327 ταύτῃ,
3283 2252 3421 2308 ἀλλά
3449 2252 3544 2305 καὶ
3574 2265 3775 2303 παντα-

2206 2359 2303 2431 χοῦ
2343 2357 2676 2427 διεπέμπετο
2721 2354 2847 2415 τοὺς
2877 2347 3184 2414 διδάξοντας
3205 2385 3220 2411 ,
3263 2341 3775 2416 παρακαλέσοντας,

2206 2427 2635 2516 διαλεξομένους,
2661 2436 3208 2513 προαποτειχίσοντας
3229 2437 3340 2496 τοῖς
3364 2430 3644 2501 πολεμίοις
3681 2427 3778 2498 τὴν

2208 2535 2417 2605 ἔφοδον.
2447 2531 2558 2585 Καὶ
2580 2529 2690 2600 γάρ
2716 2523 2785 2599 ἦν
2832 2523 3260 2594 πεπαιδευμένος
3289 2519 3469 2582 καλῶς
3495 2516 3645 2588 παρά
3680 2517 3780 2586 τῆς

2210 2625 2302 2682 τοῦ
2346 2622 2662 2694 Πνεύματος
2716 2618 2977 2690 χάριτος,
3017 2616 3098 2669 δτι
3151 2613 3242 2666 τὸν
3291 2608 3616 2680 Ἐκκλησίας
3648 2621 3782 2676 προ-

2209 2716 2420 2771 εστῶτα
2447 2715 2548 2768 οὐκ
2568 2712 2782 2782 ἐκείνης
2813 2709 2979 2780 μόνης
2999 2703 3254 2778 κήδεσθαι
3275 2702 3355 2755 δεῖ
3380 2701 3478 2772 τῆς
3509 2696 3662 2770 παρά
3685 2694 3782 2749 τοῦ

2209 2809 2530 2880 Πνεύματος
2561 2802 2998 2875 ἐγχειρισθείσης
3051 2795 3234 2867 αὐτῷ,
3279 2793 3411 2848 ἀλλά
3461 2792 3558 2846 καὶ
3600 2788 3784 2857 πάσης

2199 2901 2310 2972 ,τῆς
2348 2879 2489 2954 κατά
2523 2895 2622 2968 τὴν
2653 2893 2979 2964 οἰκουμένην
3021 2889 3311 2966 κειμένης’
3344 2884 3436 2938 καὶ
3471 2881 3646 2936 ταῦτα
3675 2879 3785 2934 ἀπὸ

2211 2990 2320 3044 τῶν
2353 2987 2512 3060 ἰερῶν
2539 2984 2839 3058 ἐμάνθανεν
2867 2980 3138 3052 εύχῶν.Εἰ
3164 2978 3272 3048 γάρ
3290 2976 3387 3040 τάς
3421 2973 3581 3044 εὐχὰς
3612 2973 3785 3025 ποιεῖ-

2214 3079 2338 3140 σθαι
2365 3085 2465 3150 δεῖ,
2495 3081 2680 3154 φησὶν,
2714 3078 2854 3149 ὑπὲρ
2880 3077 2979 3147 τῆς
3006 3073 3296 3142 καθολικῆς
3333 3066 3656 3138 Ἐκκλησίας
3683 3063 3786 3134 τῆς

2213 3179 2321 3234 ἀπὸ
2365 3176 2614 3248 περάτων
2651 3172 2757 3236 ἐως
2803 3169 3054 3239 περάτων
3083 3165 3182 3237 τῆς
3217 3160 3538 3233 οἰκουμένης
3558 3198 3573 3221 ,
3605 3155 3788 3226 πολλῷ

2218 3270 2416 3343 μᾶλλον
2450 3267 2545 3321 καὶ
2583 3264 2682 3336 τὴν
2726 3261 2984 3333 πρόνοιαν
3018 3257 3158 3327 ύπέρ
3200 3253 3416 3325 ἀπάσης
3458 3249 3629 3318 αὐτῆς
3659 3250 3786 3300 ἐπι-

2215 3340 2525 3416 δείκνυσθαι
2565 3357 2668 3422 δεῖ,
2718 3355 2810 3410 καὶ
2857 3351 3060 3423 ὁμοίως
3111 3345 3338 3404 ἀπασῶν
3379 3342 3658 3414 κήδεσθαι,
3692 3340 3788 3393 καὶ

2219 3454 2488 3527 μεριμνᾷν
2511 3449 2710 3512 πάσας.
2734 3445 2840 3500 Καὶ
2863 3445 3000 3515 ὅπερ
3023 3441 3115 3496 ἐπὶ
3145 3436 3241 3494 τοῦ
3271 3436 3540 3506 Στεφάνου
3572 3433 3787 3501 γέγονε,

2213 3523 2372 3600 τοῦτο
2407 3523 2502 3598 καὶ
2534 3533 2864 3595 ἐπ’Ἷεκείνου
2909 3533 3238 3589 συνέϐαινεν.
3275 3530 3485 3598 ’Ὥσπερ
3539 3524 3648 3599 γὰρ
3687 3523 3789 3576 οὐκ

2218 3636 2492 3709 ἰσχύοντες
2527 3632 2843 3702 ἀντιστῆναι
2867 3631 2934 3700 τῇ
2967 3625 3127 3697 σοφίᾳ
3156 3626 3222 3695 τῇ
3262 3620 3358 3675 τοῦ
3397 3616 3700 3709 Στεφάνου,
3738 3616 3789 3666 οἱ

2228 3701 2467 3784 Ἰουδαῖοι
2497 3724 2742 3789 ἐλίθαζον
2771 3721 2862 3776 τὸν
2889 3719 3043 3788 ἀγιον
3082 3717 3318 3771 ἐκεῖνον⁹
3353 3710 3495 3765 οῦτω
3521 3708 3614 3762 καὶ
3642 3701 3791 3760 06101

2215 3819 2314 3871 οὐκ
2367 3814 2641 3887 ἰσχύοντες
2674 3809 2986 3880 ἀντιστῆναι
3029 3807 3097 3878 τῇ
3143 3803 3304 3874 σοφία
3329 3803 3398 3872 τῇ
3443 3797 3653 3860 τούτου,
3691 3794 3787 3848 καὶ

2213 3885 2451 3979 ὁρῶντες
2469 3901 2849 3975 ήσφαλισμένα
2875 3899 2944 3952 τὰ
2971 3893 3320 3968 ὀχυρώματα,
3345 3889 3662 3945 ἐκϐάλλουσι
3688 3885 3786 3956 τῆς

2215 4001 2422 4063 πόλεως
2453 3995 2637 4050 λοιπὸν
2668 3994 2758 4048 τὸν
2789 3992 3027 4064 κήρυκα.
3065 3988 3203 4042 Ἀλλ’
3231 3989 3264 4059 ή
3302 3985 3452 4056 φωνὴ
3477 3983 3575 4036 οὑκ
3601 3981 3786 4049 ἐσίγα,

2215 4093 2329 4148 ἀλλ’
2383 4088 2696 4158 ἐξεϐάλλετο
2734 4086 2832 4157 μὲν
2883 4087 2912 4138 6
2963 4080 3279 4154 ἄνθρωπος,
3331 4079 3360 4132 6
3400 4076 3455 4130 δὲ
3498 4074 3653 4143 λόγος
3687 4073 3790 4140 τῆς

2213 4181 2560 4245 διδασκαλίας
2589 4180 2689 4233 οὐκ
2734 4174 3070 4245 ἐξεϐάλλετο.
3119 4171 3233 4226 Καὶ
3275 4169 3385 4240 γάρ
3423 4166 3635 4228 Παῦλος
3676 4165 3792 4217 ἐδέ-

2214 4276 2354 4339 δετο,
2391 4273 2484 4328 καὶ
2529 4273 2559 4326 6
2592 4271 2748 4344 λόγος
2788 4267 2884 4322 τοῦ
2913 4265 3048 4319 Θεοῦ
3091 4265 3192 4318 οὑκ
3222 4261 3461 4315 ἐδέδετο⁹
3497 4259 3594 4312 καὶ
3630 4251 3790 4318 οὗτος

2217 4371 2274 4423 ἐν
2302 4365 2578 4437 ἀλλοτρίᾳ,
2609 4363 2704 4417 καὶ
2729 4362 2762 4432 ὴ
2791 4356 3110 4414 διδασκαλία
3135 4353 3296 4408 αὑτοῦ
3321 4351 3450 4422 παρ’
3475 4350 3627 4420 ἡμῖν.
3662 4347 3794 4399 Ἐκ-

2217 4459 2500 4522 ϐάλλοντες
2526 4455 2706 4509 τοίνυν
2745 4450 3070 4522 ἐπεισῄεσαν
3109 4443 3577 4517 συμφραξάμενοι,
3610 4439 3794 4493 καθά-

2217 4571 2326 4626 περ
2350 4551 2646 4627 χείμαρρος
2679 4545 2904 4618 σφοδρός
2924 4561 2938 4574 ο
2967 4541 3080 4596 ἀλλ’
3113 4539 3236 4593 οὔτε
3275 4537 3342 4590 τά
3368 4534 3511 4606 φυτὰ
3541 4531 3794 4603 παρέσει).

2219 4625 2500 4718 9116,0611
2535 4641 2604 4695 τά
2631 4638 2919 4712 σπέρματα
2953 4633 3288 4702 κατέχωσαν,
3323 4627 3447 4681 οὔτε
3477 4625 3574 4697 τήν
3606 4640 3792 4694 γεωρ-

2215 4738 2342 4808 γίαν
2374 4734 2739 4806 ἐλυμήναντοο
2775 4728 2916 4782 οὕτω
2962 4725 3140 4786 καλῶς
3185 4724 3276 4777 καὶ
3333 4720 3448 4791 μετ’
3480 4718 3799 4787 ἐπιστήμης

2218 4829 2322 4883 ὑπὸ
2349 4827 2447 4896 τῆς
2475 4824 2682 4879 ἐκείνου
2706 4820 3088 4893 γεωργηθέντα
3112 4816 3302 4886 σοφίας
3326 4812 3608 4887 ἐρρίζωτο.
3628 4809 3798 4863 Ἀλλά

2217 4917 2326 4989 γὰρ
2362 4895 2509 4980 ἀξιον
2541 4914 2735 4977 εἰπεῖν,
2756 4909 2900 4972 τίνος
2935 4907 3119 4960 ἐνεκεν
3147 4901 3520 4972 συνεχώρησεν
3564 4895 3731 4950 αὐτὸν
3767 4897 3800 4947 6

2219 4983 2352 5070 ὸεδς
2377 5000 2716 5071 ἀπελαθῆναι
2754 4995 3024 5052 ἐντεῦθεν.
3058 4991 3394 5064 Προσφάτως
3421 4983 3488 5057 ἦν
3517 4983 3803 5039 ἀναπνεύ-

2221 5115 2360 5152 σασα
2383 5097 2416 5168 ἡ
2445 5091 2742 5164 Ἐκκλησία
2761 5109 2774 5124 ·
2807 5086 2920 5160 εἶχε
2949 5083 3300 5159 παραμυθίαν
3322 5082 3383 5135 οὐ
3403 5080 3500 5150 τὴν
3521 5076 3803 5148 τυχοῦσαν

2218 5190 2315 5259 τήν
2348 5184 2668 5241 ἐπιστασίαν
2705 5182 2804 5254 τὴν
2825 5181 3034 5235 ἐκείνου
3055 5195 3069 5209 ⁸
3096 5174 3427 5246 πανταχόθεν
3457 5170 3626 5242 αὐτὴν
3654 5170 3808 5224 ἐτεί-

2219 5279 2389 5349 χιζεν,
2415 5276 2507 5330 καὶ
2528 5273 2634 5328 τῶν
2667 5270 2938 5340 πολεμίων
2971 5268 3069 5331 τὰς
3095 5263 3396 5337 προσϐολάς
3427 5259 3807 5332 ἀπεκρούετο.

2288 5365 2445 5426 Τίνος
2489 5357 2581 5416 οῦν
2627 5360 2813 5414 ἕνεκεν
2857 5355 3193 5422 ἐξεϐάλλετο,
3222 5353 3315 5406 καὶ
3354 5346 3653 5417 συνεχώρει
3680 5349 3810 5410 τοῖς

2219 5459 2525 5525 ἀπάγουσιν
2563 5453 2726 5508 αὑτὸν
2750 5448 2978 5514 όιΘεόςς
3006 5447 3150 5508 τίνος
3185 5444 3408 5506 ἐνεκενς
3442 5439 3553 5493 Καὶ
3591 5439 3668 5508 μή
3715 5454 3812 5488 τοι

2219 5551 2476 5623 νομίσητε
2497 5545 2700 5620 ταύτης
2728 5546 2830 5616 τῆς
2851 5540 3082 5614 ἀπορίας
3110 5537 3262 5590 λύσιν
3294 5530 3432 5588 εἶναι
3465 5531 3527 5584 τὸ
3559 5530 3812 5600 117691--

2223 5619 2312 5699 νον
2338 5619 2503 5712 μόνης
2523 5657 2538 5673 ·
2572 5640 2706 5696 ἀλλά
2741 5638 2840 5693 κᾶν
2868 5632 3002 5705 πρὸς
3033 5628 3318 5700 Ἕλληνας,
3343 5621 3446 5679 κᾶν
3477 5619 3613 5694 πρὸς
3639 5620 3816 5693 4191-
