4080 6196
232 225 336 281 601

231 352 423 391 eorum
459 338 595 393 odor
635 339 688 392 in
730 341 906 401 vicos.
934 341 1275 411 angiportus,
1306 354 1359 398 et
1386 343 1522 413 fora,
1547 345 1624 402 eis
1653 349 1813 403 etiam

231 429 325 496 qui
355 428 483 483 foris
509 430 803 498 ambulant,
834 431 974 487 intus
1002 434 1286 502 repositam
1324 444 1621 491 aromatum
1653 438 1820 492 virtu-

235 530 342 575 tem
368 521 589 577 indicat.
615 520 766 589 Quod
797 522 843 577 si
869 522 1007 588 fons,
1036 533 1090 578 et
1114 524 1281 591 radix,
1310 535 1366 582 et
1393 526 1642 582 arborum
1662 537 1823 599 atque

231 621 631 682 unguentorum
673 623 858 669 natura
898 624 1092 669 tantam
1122 616 1226 671 vim
1258 616 1483 685 habent,
1512 619 1682 674 multo
1710 634 1826 673 ma~

231 704 313 773 gis
342 712 648 759 sanctorum
679 720 923 773 corpora.
957 707 1242 762 Enimvero
1270 708 1398 763 falsa
1425 725 1529 764 non
1561 725 1679 766 esse
1702 726 1820 781 quae

234 801 487 867 dicimus,
516 817 612 856 vos
643 802 770 857 mihi
799 812 961 858 testes
984 804 1132 858 estis.
1159 803 1288 857 Nam
1322 805 1570 875 martyris
1607 804 1820 875 quidem

234 894 396 947 situm
424 903 505 947 est
535 908 729 962 corpus
758 894 811 948 in
842 893 1064 950 Thracia
1087 936 1102 960 ,
1135 909 1230 949 vos
1253 904 1429 950 autem
1460 895 1548 965 qui
1576 895 1627 950 in
1656 896 1822 949 Thra-

234 986 313 1041 cia
342 1000 447 1039 non
475 986 761 1040 versamini
788 1029 802 1053 ,
831 986 924 1041 sed
952 988 1017 1042 ab
1039 987 1123 1042 illa
1159 990 1375 1057 regione
1396 989 1619 1042 multum
1646 987 1819 1043 dissiti

236 1077 363 1131 estis
383 1118 396 1142 ,
424 1090 642 1132 suavem
669 1078 887 1133 odorem
916 1080 1075 1134 tantis
1112 1080 1299 1149 spatiis
1329 1080 1615 1151 interjectis
1644 1082 1817 1151 perci-

236 1169 357 1238 pitis
380 1212 396 1237 ,
431 1169 659 1241 ideoque
682 1173 1006 1227 convenistis
1023 1213 1037 1239 ,
1068 1187 1167 1228 nec
1190 1188 1310 1227 eum
1338 1174 1435 1228 via:
1463 1173 1818 1243 longinquitas

234 1260 545 1329 itnpedivit,
575 1277 675 1317 nec
711 1261 1030 1317 diuturnitas
1072 1264 1324 1332 temporis
1367 1263 1639 1318 exstinxit.
1671 1263 1818 1317 Talis

235 1352 377 1407 enim
408 1353 766 1421 spiritualium
802 1364 950 1409 recte
982 1354 1241 1410 factorum
1290 1365 1371 1412 est
1416 1366 1641 1411 natura:
1671 1356 1817 1411 nullo

231 1454 492 1510 corporeo
535 1442 939 1513 interrumpitur
964 1444 1266 1509 obstaculo,
1301 1446 1394 1501 sed
1439 1444 1597 1501 ﬂoret
1617 1454 1670 1500 et
1699 1461 1815 1501 cre-

232 1533 329 1587 scit
356 1532 408 1587 in
431 1530 546 1589 dies
570 1576 586 1601 ,
614 1550 836 1605 eamque
866 1550 966 1593 nec
993 1536 1348 1607 longinquitas
1377 1537 1631 1607 temporis
1671 1535 1816 1593 labe-

232 1623 395 1679 factat
415 1668 431 1693 ,
459 1640 560 1680 nec
589 1626 924 1681 intervallum
949 1627 1154 1682 itineris
1182 1627 1504 1683 intercludit.
1700 1684 1705 1689 ,

301 1714 583 1786 Martyrem
608 1734 707 1771 non
735 1718 845 1772 sola
872 1735 1007 1773 mors
1033 1719 1173 1789 facit.
1193 1718 1452 1789 —Neque
1470 1734 1595 1773 vero
1612 1718 1803 1772 mirum

230 1806 379 1861 vobis
406 1808 677 1874 videatur,
719 1809 857 1879 quod
891 1811 1005 1878 ipso
1036 1811 1087 1864 in
1117 1810 1299 1865 limine
1325 1810 1581 1867 orationis
1605 1824 1667 1864 ac
1693 1809 1811 1864 lau-

228 1897 459 1953 dationis
486 1910 727 1954 sanctum
755 1911 1043 1971 martyrem
1070 1901 1403 1973 appellarim,
1436 1902 1693 1971 siquidem
1717 1918 1811 1957 sua

228 2001 398 2046 morte
444 1991 687 2046 sublatus
725 2008 755 2048 e
795 1992 929 2048 vivis
952 2003 1033 2048 est
1057 2011 1070 2047 :
1094 1994 1182 2065 qui
1214 2003 1386 2064 potest
1421 1994 1581 2065 igitur
1609 2004 1812 2066 martyr

229 2084 385 2139 esse?
414 2084 795 2155 Saepenumero
822 2086 931 2141 dixi
958 2086 1108 2141 vobis
1130 2127 1146 2154 ,
1186 2094 1471 2157 martyrem
1496 2086 1673 2142 facere
1704 2104 1809 2142 non

231 2183 455 2229 mortem
495 2184 697 2230 tantum
720 2217 735 2240 ,
766 2176 858 2231 sed
885 2176 1046 2232 animi
1076 2192 1285 2247 quoque
1312 2177 1638 2247 propositum
1665 2195 1679 2233 :
1702 2193 1807 2233 non

228 2266 365 2318 enim
388 2274 585 2320 eventu
603 2267 740 2330 solo,
764 2265 857 2321 sed
877 2267 1037 2322 etiam
1062 2267 1331 2322 voluntate
1351 2268 1588 2340 martyrii
1610 2282 1806 2324 corona

224 2367 584 2426 comparatur.
616 2358 682 2412 Et
710 2358 844 2413 hanc
868 2373 973 2413 non
1005 2373 1125 2428 ego,
1151 2358 1244 2413 sed
1265 2358 1459 2414 Paulus
1483 2359 1635 2413 affert
1662 2375 1808 2415 mar-

225 2450 342 2519 tyrii
392 2448 792 2515 deﬁnitionem,
840 2465 958 2505 cum
1016 2450 1087 2505 ita
1134 2449 1295 2518 dicit,
1341 2450 1577 2519 Quotidie
1621 2453 1809 2506 morior

224 2540 287 2613 (1.
309 2540 428 2596 Cor.
454 2542 540 2597 15.
572 2539 688 2612 51.)
719 2541 996 2609 Quomodo
1023 2541 1254 2611 quotidie
1288 2542 1546 2597 moreris?
1573 2542 1663 2613 qui
1694 2543 1808 2599 ﬁeri

225 2641 438 2701 potest,
493 2641 548 2686 ut
588 2646 694 2687 uno
721 2647 945 2702 corpore
987 2640 1267 2688 sexcentas
1307 2642 1508 2688 mortes
1539 2634 1805 2705 excipias?

223 2723 504 2793 Pr0posito
534 2724 781 2778 nimirum
810 2724 1009 2791 animi,
1039 2725 1207 2795 inquit
1233 2767 1248 2793 ,
1290 2725 1535 2796 quodque
1560 2726 1626 2781 ad
1656 2739 1803 2782 mor-

220 2824 324 2869 tem
355 2816 458 2870 sim
489 2825 722 2885 paratus.
757 2815 831 2872 ita
871 2816 1012 2872 Deus
1051 2816 1209 2872 etiam
1254 2816 1541 2873 declaravit
1567 2835 1580 2871 :
1606 2819 1801 2873 etenim

218 2905 490 2960 Abraham
521 2921 625 2959 non
668 2906 901 2975 gladium
944 2906 1275 2973 cruentavit,
1308 2922 1414 2962 non
1445 2908 1613 2963 altare
1639 2909 1802 2964 rube-

218 2994 360 3062 fecit,
385 3010 492 3049 non
520 2994 666 3049 Isaac
686 2995 979 3065 jugulavit:
1005 2997 1098 3052 sed
1128 3006 1302 3052 tamen
1333 2998 1653 3053 sacriﬁcium
1684 3014 1801 3068 per-

218 3084 357 3139 fecit.
390 3085 521 3153 Quis
550 3084 651 3139 hoc
675 3086 783 3140 ait?
811 3086 901 3142 Ille
928 3088 1040 3157 ipse
1066 3089 1154 3159 qui
1182 3088 1501 3143 sacriﬁcium
1530 3089 1797 3159 suscepit:

220 3174 340 3231 Non
370 3177 639 3251 pepercisti
677 3177 816 3232 enim
843 3220 857 3244 ,
902 3177 1106 3247 inquit,
1144 3179 1251 3248 ﬁlio
1281 3187 1366 3232 tuo
1394 3178 1574 3234 dilecto
1597 3190 1801 3251 propter

215 3287 291 3324 me
315 3268 469 3341 (Gen.
499 3269 590 3323 22.
624 3269 734 3341 12).
765 3271 921 3340 Atqui
950 3272 1126 3324 vivum
1158 3286 1278 3326 eum
1308 3272 1529 3343 recepit,
1563 3280 1617 3326 et
1644 3272 1795 3326 inco-

217 3361 415 3417 lumem
446 3361 657 3417 reduxit
685 3381 699 3417 :
729 3362 997 3432 quomodo
1026 3363 1185 3433 igitur
1207 3378 1311 3418 non
1344 3364 1621 3433 pepercit?
1646 3364 1797 3432 Quod

214 3468 318 3507 non
344 3468 411 3508 ex
433 3452 692 3508 factorum
714 3453 881 3517 exitu,
907 3453 999 3508 sed
1021 3469 1085 3508 ex
1113 3454 1275 3509 animi
1295 3456 1576 3519 sententia,
1605 3456 1795 3527 inquit,

211 3547 277 3601 de
303 3546 569 3616 ejusmodi
599 3547 871 3602 sacriﬁciis
895 3547 1096 3602 soleam
1113 3546 1374 3617 judicare.
1402 3547 1517 3603 Non
1548 3550 1799 3604 mactavit

210 3654 403 3693 manus
429 3680 445 3703 ,
498 3646 554 3692 at
592 3639 837 3693 voluntas
878 3639 1127 3693 mactavit
1159 3655 1171 3692 :
1204 3654 1311 3693 non
1366 3639 1597 3709 gladium
1644 3641 1795 3709 pueri

208 3730 394 3800 jugulo
424 3728 717 3795 immersit,
763 3743 867 3783 non
898 3729 1156 3783 cervicem
1194 3727 1412 3796 incidit;
1454 3728 1547 3784 sed
1585 3738 1666 3784 est
1706 3744 1796 3785 sa-

210 3821 470 3875 criﬁcium
484 3820 642 3874 etiam
656 3821 773 3874 sine
794 3819 1068 3889 sanguine.
1088 3818 1273 3874 Sciunt
1299 3819 1396 3885 illi,
1420 3820 1507 3891 qui
1530 3821 1796 3891 mysteriis

213 3911 401 3965 initiati
444 3918 600 3977 sunt,
634 3909 761 3980 quid
795 3908 1063 3964 dicamus:
1085 3919 1365 3980 pr0pterea
1395 3919 1449 3966 et
1477 3910 1602 3965 illud
1632 3912 1798 3966 sacri-

214 4001 390 4057 ﬁcium
434 4003 552 4057 sine
596 4001 851 4071 Sanguine
881 4001 1173 4071 perfectum
1200 4009 1315 4070 est,
1359 4001 1609 4073 quoniam
1638 4002 1796 4073 hujus

215 4094 379 4163 ﬁgura
409 4108 528 4149 esse
552 4093 757 4148 debuit.
788 4093 950 4149 Vides
986 4095 1040 4149 in
1060 4094 1238 4149 Veteri
1276 4094 1625 4152 Testamento
1658 4097 1795 4154 ima-

213 4184 389 4253 ginem
437 4184 604 4238 multo
630 4193 754 4240 ante
795 4183 1194 4239 adumbratam?
1225 4183 1343 4240 Noli
1390 4186 1598 4243 veritati
1634 4186 1793 4244 ﬁdem

213 4275 498 4345 denegare.

282 4366 338 4421 5.
367 4366 465 4421 llic
502 4366 680 4438 itaque
718 4375 921 4438 martyr
950 4367 1268 4439 (martyrem
1298 4369 1439 4424 enim
1478 4369 1631 4425 nobis
1672 4385 1793 4426 eum

214 4461 349 4516 ratio
377 4460 783 4532 demonstravit)
805 4460 869 4515 ad
891 4470 1169 4516 sexcentas
1195 4470 1395 4517 mortes
1419 4471 1634 4531 paratus
1658 4473 1789 4528 erat,

216 4561 270 4604 et
294 4566 483 4605 omnes
510 4550 628 4605 illas
649 4552 918 4607 voluntate
938 4550 1205 4623 animique
1227 4552 1496 4607 alacritate
1518 4553 1790 4609 toleravit:

214 4648 418 4698 mtenta
443 4655 571 4695 vero
611 4641 844 4711 pericula
875 4641 1135 4711 permulta
1180 4641 1355 4711 reipsa
1386 4657 1597 4713 quoque
1637 4645 1797 4700 susti-

212 4729 349 4783 nuit.
388 4728 521 4783 Nam
566 4740 619 4784 et
644 4746 673 4785 e
703 4730 868 4800 patria
895 4745 1015 4786 eum
1044 4730 1345 4800 ejecerunt,
1377 4740 1535 4802 atque
1572 4733 1623 4788 in
1652 4734 1795 4789 exsi-

217 4821 345 4875 lium
394 4822 734 4891 relegarunt,
790 4822 996 4893 aliaque
1046 4822 1210 4877 multa
1268 4830 1379 4877 tum
1433 4824 1686 4893 temporis
1741 4825 1795 4880 in

216 4914 427 4969 beatum
460 4915 605 4969 illum
634 4916 918 4969 machinati
950 4924 1102 4980 sunt;
1137 4914 1345 4971 tametsi
1383 4915 1524 4986 quod
1564 4916 1640 4971 illi
1674 4916 1796 4985 jure

215 5006 424 5060 crimini
454 5015 743 5072 verterent,
776 4998 908 5061 nihil
950 5006 1228 5073 haberent,
1261 5006 1353 5062 sed
1383 5007 1545 5078 quod,
1576 5008 1793 5064 Paulum

214 5095 481 5152 dicentem
505 5112 628 5152 cum
658 5097 916 5153 audiisset
938 5139 954 5166 ,
985 5097 1257 5153 Colueruut
1286 5108 1334 5153 et
1360 5100 1633 5155 servierunt
1658 5118 1798 5155 crea-

212 5194 342 5239 turae
367 5188 533 5255 potius
561 5204 710 5256 quam
752 5198 963 5242 creatori
1004 5187 1176 5259 (Rom.
1211 5190 1263 5243 1.
1294 5187 1384 5260 25)
1410 5230 1425 5256 ,
1470 5190 1795 5260 impietatem

214 5291 278 5331 ac
304 5279 482 5334 scelus
510 5280 737 5335 evitaret
760 5300 773 5334 :
796 5288 849 5335 at
878 5281 1018 5337 enim
1052 5280 1153 5336 hoc
1189 5282 1400 5351 quidem
1431 5296 1656 5346 corona,
1690 5299 1795 5339 non

215 5368 634 5435 reprehensione
654 5370 871 5441 dignum
897 5380 1031 5427 erat.
1055 5372 1134 5427 Tu
1154 5388 1277 5427 vero
1298 5372 1491 5428 diaboli
1519 5375 1793 5442 malitiam,

214 5473 421 5526 quaeso,
455 5460 745 5529 perpende.
775 5461 906 5516 Nam
936 5463 1056 5532 quia
1092 5478 1196 5518 non
1236 5464 1304 5518 ita
1339 5464 1538 5533 pridem
1569 5481 1797 5536 pagano-

214 5565 332 5602 rum
360 5549 556 5605 bellum
586 5550 762 5606 fuerat
797 5552 1112 5609 exstinctum
1134 5596 1148 5619 ,
1193 5565 1246 5608 et
1287 5570 1315 5608 a
1352 5556 1599 5626 gravibus
1624 5558 1794 5611 conti-

215 5642 437 5713 nuisque
468 5645 965 5718 persequutionibus
993 5647 1147 5718 paulo
1177 5657 1299 5705 ante
1324 5664 1508 5707 omnes
1540 5650 1793 5709 Ecclesia:

1234 230 1301 286 IN
1340 231 1394 287 S.
1436 232 1875 291 EUSTATHIUM
1940 234 2451 293 ANTIOCHENUM.

3406 226 3510 283 ϐοΐ.

1930 351 2288 420 respirarant,
2337 366 2509 422 neque
2550 350 2769 407 multum
2808 349 3087 407 efﬂuxerat
3130 358 3323 422 tempon
3338 352 3412 418 is,
3442 368 3508 408 ex

1929 458 2035 511 quo
2063 443 2257 512 templa
2298 444 2473 498 omnia
2502 442 2677 498 clausa
2703 484 2718 507 ,
2757 442 2941 498 altaria
2981 441 3237 498 exstincta
3268 442 3505 507 fuerant,

1929 542 1981 587 et
2007 531 2306 587 dtemonum
2334 533 2508 589 rabies
2535 533 2710 588 omnis
2740 532 2933 599 deleta,
2962 532 3182 603 haecque
3210 533 3507 602 improbum

1929 622 2227 677 da‘monem
2267 623 2405 679 male
2448 623 2748 690 habebant,
2800 638 2977 692 neque
3020 638 3204 693 pacem
3254 623 3508 678 Ecclesiae.

1926 726 2080 782 φαιιο
2105 714 2282 767 animo
2310 713 2449 769 ferre
2474 723 2712 783 poterat:
2732 715 2855 784 quid
2886 729 3012 785 ergo
3053 714 3217 768 facit?
3240 714 3397 769 Aliud
3429 714 3509 768 in-

1926 801 2030 857 fert
2073 803 2270 858 bellum
2315 803 2582 859 infestum.
2626 804 2759 859 Nam
2802 804 2927 859 illud
2966 804 3177 875 quidem
3226 816 3504 859 externum

1926 892 2044 958 fuit,
2072 892 2175 949 hoc
2200 911 2331 949 vero
2355 895 2660 950 intestinum
2684 915 2697 950 :
2722 898 2841 951 talia
2867 912 3028 966 porro
3050 898 3216 951 multo
3240 897 3505 950 difﬁcilius

1925 995 2291 1055 praecaventur
2309 1030 2323 1057 ,
2355 997 2407 1044 et
2437 987 2589 1044 facile
2610 1003 2704 1043 eos
2729 989 3053 1059 opprimunt,
3081 988 3133 1042 in
3166 1003 3297 1059 quos
3323 987 3503 1042 incur-

1922 1084 2067 1131 runt.

1995 1167 2288 1223 Eustathius
2301 1170 2622 1224 Antiochena:
2637 1180 2739 1223 tum
2755 1168 2995 1224 Ecclesia:
3018 1170 3113 1241 fuit
3134 1171 3414 1239 episcopus.
3434 1200 3505 1211 ——

1923 1256 2021 1312 Illo
2069 1259 2244 1329 itaque
2286 1269 2523 1331 tempore
2563 1262 2853 1317 Ecclesium
2879 1305 2893 1327 ,
2927 1277 3044 1332 qua:
3084 1261 3221 1331 apud
3262 1277 3361 1317 nos
3387 1270 3500 1325 est,

1920 1350 2136 1419 regebat
2179 1350 2365 1405 beatus
2413 1353 2550 1418 iste,
2609 1368 2671 1407 ac
2719 1352 2936 1415 morbus
2977 1362 3194 1407 exortus
3234 1360 3315 1406 est
3353 1350 3503 1421 quasi

1918 1441 2083 1510 pestis
2103 1442 2344 1511 quaedam
2374 1443 2562 1497 infesta
2600 1444 2668 1497 ab
2692 1442 2907 1514 Egypti
2937 1444 3262 1513 regionibus,
3290 1443 3377 1511 qui
3408 1458 3505 1512 per

1919 1530 2080 1585 urbes
2112 1530 2414 1601 interjectas
2458 1542 2727 1602 grassatus
2767 1533 2818 1586 in
2859 1544 3095 1587 nostram
3124 1534 3308 1587 urbem
3338 1533 3505 1600 impe-

1919 1629 2030 1675 tum
2061 1619 2235 1677 facere
2262 1623 2597 1692 properabat.
2640 1625 2709 1677 At
2752 1624 2841 1678 ille
2870 1624 3092 1692 vigilans
3132 1633 3186 1678 et
3231 1632 3501 1688 attentus,

1916 1714 2198 1783 omniaque
2230 1712 2525 1783 praevidens
2548 1731 2666 1785 qua:
2695 1715 3043 1769 imminebant
3063 1759 3076 1776 ,
3104 1718 3355 1784 ingruens
3380 1718 3492 1772 bel-

1916 1804 2025 1858 lum
2058 1803 2272 1859 arcebat
2300 1823 2313 1859 :
2339 1814 2393 1858 et
2436 1812 2703 1874 tamquam
2748 1805 2961 1873 sapiens
3000 1807 3191 1875 aliquis
3221 1807 3456 1861 medicus
3480 1850 3496 1873 ,

1916 1897 2222 1967 priusquam
2254 1898 2471 1953 morbus
2500 1896 2715 1963 urbem,
2746 1898 2796 1953 in
2825 1914 2927 1968 qua
2956 1899 3237 1963 residebat,
3269 1901 3499 1955 invasis-

1915 1997 2028 2053 set,
2062 1991 2448 2045 medicamenta
2479 1991 2856 2061 comparabat,
2889 2007 2952 2046 ac
2991 2007 3194 2046 sacram
3232 1976 3369 2047 hanc
3399 2008 3496 2046 na-

1913 2097 2033 2136 vem
2062 2082 2225 2136 multa
2256 2097 2376 2137 cum
2405 2084 2690 2139 securitate
2715 2082 3061 2153 gubernabat,
3092 2099 3495 2154 quoquoversus

1913 2176 2362 2241 circumcursans,
2389 2184 2579 2231 nautas
2601 2218 2613 2241 ,
2642 2181 2886 2231 vectores
2910 2216 2925 2239 ,
2972 2175 3282 2245 navigantes
3308 2190 3496 2230 omnes

1911 2266 2222 2329 concitans,
2267 2274 2321 2320 et
2362 2281 2553 2321 curans
2596 2275 2654 2319 ut
2698 2265 2977 2335 vigilarent
3020 2274 3073 2320 et
3120 2265 3493 2330 attenderem,

1910 2357 2059 2425 quasi
2085 2356 2194 2426 jam
2224 2356 2536 2412 invaderent
2564 2371 2680 2411 eam
2712 2356 2915 2425 piratae.
2942 2372 3005 2411 ac
3035 2356 3160 2411 fidei
3188 2355 3493 2433 thesaurum

1908 2445 2293 2501 contenderent
2321 2445 2640 2517 deprzedari.
2662 2445 2845 2515 Neque
2865 2461 2994 2501 vero
3020 2446 3104 2501 hic
3126 2455 3326 2501 tantum
3358 2447 3495 2502 hanc

1907 2551 2092 2591 curam
2122 2537 2397 2604 adhibuit,
2444 2536 2539 2592 sed
2581 2536 2635 2592 in
2683 2552 2871 2592 omnes
2907 2546 3089 2607 partes
3133 2537 3375 2592 mittebat
3402 2538 3492 2608 qui

1907 2628 2196 2697 docerent,
2239 2630 2328 2701 qui
2373 2630 2819 2696 cohortarentur,
2858 2631 2947 2700 qui
2992 2631 3355 2701 disputarent,
3402 2632 3492 2701 qui

1907 2721 2152 2778 hostibus
2179 2723 2379 2779 aditum
2408 2739 2620 2778 omnem
2649 2723 3086 2778 intercluderent.
3118 2723 3291 2776 Probe
3324 2723 3491 2793 siqui-

1907 2816 2029 2872 dem
2062 2831 2090 2871 a
2118 2816 2345 2887 Spiritus
2371 2817 2541 2887 gratia
2578 2816 2750 2870 fuerat
2776 2815 2997 2869 edoctus
3016 2856 3030 2877 ,
3070 2814 3323 2873 Ecclesiae
3349 2830 3489 2884 prte-

1905 2909 2076 2964 sulem
2120 2923 2226 2963 non
2268 2906 2335 2963 de
2380 2908 2467 2963 illa
2520 2915 2723 2961 tantum
2770 2905 3055 2961 sollicitum
3091 2919 3211 2960 esse
3253 2904 3487 2973 debere,

1904 3015 2021 3071 qua:
2047 3015 2077 3054 a
2106 3000 2306 3070 Spiritu
2332 3007 2516 3055 sancto
2541 2998 2615 3053 illi
2644 2997 2926 3054 commissa
2954 3004 3036 3052 est
3055 3039 3071 3065 ,
3117 2997 3208 3051 sed
3234 2996 3390 3051 etiam
3421 2996 3490 3052 de

1903 3093 2088 3161 quavis
2139 3092 2192 3147 in
2229 3092 2357 3148 orbe
2395 3100 2655 3146 terrarum
2704 3089 2990 3144 constituta
3026 3106 3038 3142 :
3068 3082 3226 3157 atque
3264 3087 3365 3145 hoc
3402 3087 3490 3143 ille

1902 3183 2069 3238 sacris
2108 3198 2138 3237 e
2176 3182 2423 3253 precibus
2469 3179 2772 3251 colligebat.
2825 3178 2883 3234 Si
2929 3179 3071 3233 enim
3113 3193 3209 3249 pro
3245 3178 3487 3233 universa

1902 3274 2163 3341 Ecclesia,
2193 3274 2386 3345 inquit,
2419 3273 2697 3327 fundendxe
2719 3280 2845 3327 sunt
2868 3286 3072 3341 preces,
3096 3285 3214 3340 quae
3240 3285 3267 3322 a
3297 3269 3489 3325 ﬁnibus

1902 3366 1969 3421 ad
1998 3367 2130 3421 ﬁnes
2157 3381 2326 3437 usque
2350 3365 2580 3436 pertinet
2608 3364 2755 3419 orbis
2783 3373 3045 3419 terrarum
3067 3402 3082 3427 ,
3126 3362 3296 3417 multo
3320 3362 3490 3430 magis

1899 3464 1954 3511 et
1981 3458 2095 3526 ejus
2123 3457 2383 3511 universae
2407 3471 2593 3525 gerere
2613 3470 2794 3510 curam
2824 3462 3054 3523 oportet,
3083 3461 3137 3508 et
3156 3453 3226 3507 de
3242 3452 3488 3507 omnibus

1898 3550 2099 3621 pariter
2127 3530 2246 3607 esse
2269 3550 2576 3610 sollicitum.
2595 3547 2839 3605 omnibus
2869 3545 3165 3616 providere.
3189 3544 3339 3613 Quod
3360 3558 3487 3612 ergo

1900 3642 1951 3695 in
1995 3641 2263 3711 Stephano
2307 3641 2527 3705 accidit,
2575 3640 2625 3694 id
2654 3641 2705 3694 in
2734 3655 2800 3694 eo
2829 3639 2988 3693 etiam
3019 3637 3215 3693 evenit.
3243 3636 3313 3692 Ut
3342 3637 3484 3691 enim

1898 3730 2065 3786 Judaei
2092 3747 2213 3787 cum
2241 3731 2493 3800 Stephani
2526 3730 2799 3800 sapientia;
2827 3745 2931 3782 non
2959 3736 3178 3797 possent
3203 3726 3476 3793 resistere,

1898 3831 2141 3876 sanctum
2173 3822 2320 3877 illum
2352 3820 2659 3891 lapidabant
2682 3839 2695 3874 :
2720 3821 2797 3875 sic
2836 3826 2889 3875 et
2930 3818 3016 3873 isti
3058 3833 3175 3872 cum
3207 3816 3363 3885 hujus
3392 3832 3483 3871 sa-

1899 3914 2110 3984 pientiae
2148 3912 2397 3968 resistere
2440 3928 2544 3966 non
2580 3919 2824 3981 possent,
2871 3925 2933 3964 ac
2975 3910 3173 3963 munita
3201 3916 3486 3965 cernerent

1897 4005 2286 4077 pmpugnacula
2312 4046 2328 4071 ,
2377 4012 2485 4058 tum
2527 4019 2558 4059 e
2597 4003 2814 4058 civitate
2856 4016 3156 4072 prreconem
3190 4000 3480 4070 expellunt.

1897 4098 1967 4153 At
1993 4097 2133 4152 enim
2158 4112 2261 4150 vox
2287 4095 2507 4149 minime
2532 4093 2761 4159 tacebat,
2787 4093 2881 4147 sed
2909 4092 3031 4147 licet
3058 4091 3219 4145 homo
3248 4091 3482 4159 expelle-

1897 4196 2065 4250 retur,
2086 4202 2190 4241 non
2210 4185 2574 4257 expellebatur
2586 4199 2764 4239 sermo
2776 4184 3047 4238 doctrinae.
3064 4183 3192 4238 Nam
3216 4193 3269 4238 et
3289 4183 3483 4239 Paulus

1898 4281 2144 4350 alligatus
2187 4288 2331 4345 erat,
2378 4278 2471 4333 sed
2517 4277 2736 4332 verbum
2784 4276 2876 4331 Dei
2918 4291 3024 4331 non
3060 4284 3176 4331 erat
3212 4275 3481 4345 alligatum

1899 4373 1976 4439 (2.
2006 4371 2142 4426 Tim.
2176 4370 2239 4424 2.
2263 4370 2318 4441 9)
2337 4388 2349 4424 :
2368 4379 2422 4425 et
2464 4370 2549 4425 hic
2580 4384 2796 4439 peregre
2823 4376 2939 4423 erat
2961 4408 2976 4433 ,
2996 4376 3051 4422 et
3092 4367 3333 4422 doctrina
3362 4366 3479 4438 ejus

1899 4464 2036 4533 apud
2066 4478 2164 4519 nos
2192 4471 2326 4518 erat.
2362 4462 2715 4531 Erumpentes
2744 4475 2871 4529 ergo
2900 4459 3182 4529 constipati
3213 4468 3481 4529 tamquam

1898 4557 2164 4613 violentus
2215 4556 2426 4625 quidam
2481 4564 2691 4611 torrens
2750 4552 3007 4624 impetum
3063 4554 3332 4616 fecerunt;
3387 4551 3485 4607 sed

1899 4665 2071 4721 neque
2104 4650 2309 4719 plantas
2349 4649 2657 4714 vulseruut,
2706 4663 2879 4717 neque
2935 4646 3113 4718 fruges
3154 4646 3482 4707 obruerunt,

1899 4756 2071 4811 neque
2092 4750 2296 4810 segetes
2320 4747 2597 4795 vastarunt
2622 4757 2635 4794 :
2663 4748 2767 4793 tam
2797 4739 3008 4809 egregie
3029 4779 3045 4804 ,
3090 4747 3197 4791 tam
3224 4737 3395 4808 perite
3416 4738 3485 4790 ab

1900 4834 2014 4904 ejus
2030 4832 2286 4902 sapientia
2304 4834 2527 4889 excultae
2546 4832 2807 4887 radicibus
2826 4832 2947 4885 ﬁxis
2962 4830 3249 4886 hmrebant.
3269 4830 3488 4885 Verum-

1900 4928 2170 4983 enimvero
2195 4926 2476 4981 dicendum
2506 4925 2658 4979 nobis
2703 4933 2803 4983 est.
2835 4939 2937 4994 qua
2986 4922 3053 4979 de
3098 4938 3256 4977 causa
3289 4922 3495 4992 permio

1901 5017 2032 5074 serit
2056 5016 2199 5071 illum
2233 5016 2371 5070 Deus
2397 5016 2521 5070 hinc
2549 5015 2762 5086 expelli.
2796 5014 3080 5084 Respirare
3106 5022 3342 5083 cmperat
3365 5029 3473 5068 non

1902 5111 1972 5165 ita
2007 5110 2207 5181 pridem
2244 5109 2481 5164 Ecclesia
2508 5153 2522 5175 ,
2554 5125 2729 5179 neque
2759 5109 3081 5165 mediocrem
3113 5110 3209 5179 ipsi
3236 5109 3490 5165 consola-

1904 5203 2098 5258 tionem
2130 5201 2268 5255 illius
2297 5202 2533 5272 regimen
2558 5200 2812 5256 afferebat
2832 5219 2845 5253 :
2867 5201 3099 5272 undique
3119 5201 3261 5255 illam
3284 5201 3489 5255 munie-

1903 5295 2013 5359 bat,
2045 5304 2093 5350 et
2120 5294 2351 5349 hostium
2378 5295 2605 5364 impetus
2632 5295 2996 5365 propulsabat.

1975 5384 2076 5441 Cur
2099 5387 2151 5441 in
2192 5386 2430 5442 exsilium
2471 5387 2601 5440 mitti
2646 5385 2969 5441 Eustathium
3018 5381 3296 5453 permiserit
3324 5379 3484 5435 Deus.

1904 5508 1975 5518 —
2003 5476 2111 5533 Cur
2139 5477 2297 5547 igitur
2344 5487 2426 5533 est
2464 5477 2682 5547 ejectus,
2714 5487 2767 5532 et
2813 5478 2913 5532 hoc
2944 5477 3048 5529 illis
3091 5472 3349 5543 permisit,
3394 5472 3485 5542 qui

1904 5566 2029 5621 hinc
2053 5583 2172 5621 eum
2199 5568 2528 5639 ablegarunt,
2550 5568 2723 5623 Deus?
2738 5583 2893 5636 quam
2914 5563 3126 5619 tandem
3150 5564 3217 5617 ob
3235 5578 3446 5618 causam
3462 5562 3490 5617 ν

1906 5656 2079 5713 Nolite
2109 5666 2285 5714 autem
2312 5658 2581 5726 arbitrari,
2614 5658 2751 5731 quod
2781 5672 2919 5714 nunc
2949 5663 3276 5727 tractamus,
3322 5656 3488 5712 solius
