4080 6196
555 281 660 337 005

556 394 866 464 quaestionis
887 395 1045 466 hujus
1071 411 1188 451 esse
1213 396 1565 462 solutionem;
1596 396 1689 451 sed
1718 397 1830 450 sive
1873 411 1994 450 cum
2042 410 2135 465 pa-

559 486 732 554 ganis,
766 485 877 540 sive
907 502 1028 540 eum
1061 483 1329 539 lueretieis
1356 500 1384 539 a
1409 486 1560 540 vobis
1583 485 1649 539 de
1685 471 1845 540 rebus
1873 484 2136 554 ejusmodi

559 592 734 630 sermo
755 575 864 643 ﬁat,
889 575 956 632 ad
1012 591 1223 629 omnem
1269 575 1577 630 solvendam
1609 576 1957 645 quaestionem
1988 573 2139 629 sulti-

559 671 663 724 ciet
689 670 830 740 quod
860 670 1116 724 dicemus.
1152 669 1293 724 Deus
1320 669 1533 739 quidem
1553 685 1733 723 veram
1762 684 1910 723 suam
1934 677 1986 722 et
2012 683 2142 737 apo-

559 761 800 813 stolicam
829 759 983 813 fidem
1011 761 1065 813 in
1095 760 1277 814 multis
1306 761 1600 830 oppugnari
1641 759 1894 830 permittit
1920 777 1934 825 ;
1964 757 2138 814 hisre—

563 868 650 907 ses
703 862 878 907 autem
917 861 1074 923 atque
1107 853 1474 923 paganismum
1530 867 1714 907 secura
1760 851 2143 922 tranquillitate

563 945 762 1015 perfrui
785 946 930 1000 sinit.
982 947 1117 1014 Quid
1143 946 1254 1000 ita?
1287 947 1352 1002 Ut
1381 947 1590 1002 illorum
1619 945 1833 1017 quidem
1860 945 2144 1000 inﬁrmita-

463 1063 470 1069 -
566 1047 672 1092 tem
697 1038 888 1104 discas,
921 1054 1039 1108 qua:
1081 1054 1202 1092 cum
1233 1039 1451 1092 minime
1479 1037 1814 1105 divexcntur,
1839 1045 2030 1107 sponte
2053 1035 2144 1089 de-

563 1137 872 1195 struantur;
901 1128 1020 1182 fidei
1052 1145 1175 1184 vero
1223 1131 1474 1184 virtutem
1523 1143 1780 1198 agnoscas
1803 1171 1817 1194 ,
1855 1144 1973 1198 quae
2017 1127 2144 1182 dum

563 1229 915 1288 oppugnatur,
947 1235 1130 1274 eorum
1157 1236 1318 1290 opera
1345 1223 1434 1291 qui
1477 1236 1536 1275 se
1583 1221 1656 1274 illi
1686 1229 1960 1290 Opponunt
1987 1235 2148 1290 auge-

566 1319 670 1364 tur.
703 1311 854 1378 Quod
908 1322 1083 1366 autem
1125 1327 1230 1366 non
1269 1327 1388 1367 mea
1419 1310 1621 1365 sithaze
1662 1310 1994 1380 conjectura,
2048 1308 2144 1364 sed

565 1403 800 1456 divinum
833 1419 896 1458 ac
925 1403 990 1458 de
1019 1403 1148 1457 caelo
1173 1403 1448 1472 delapsum
1491 1417 1805 1472 responsum
1827 1443 1839 1466 ,
1869 1400 2147 1455 audiamus

564 1496 688 1565 quid
713 1497 905 1551 Paulus
937 1497 1035 1550 hac
1059 1496 1124 1550 de
1153 1512 1210 1550 re
1235 1495 1376 1549 dicat
1403 1513 1415 1547 :
1447 1511 1566 1548 nam
1599 1502 1653 1548 et
1685 1494 1976 1547 humanum
2021 1491 2146 1560 quid

565 1588 850 1656 aliquando
893 1602 1078 1657 passus
1109 1587 1195 1642 hic
1234 1587 1394 1641 etiam
1441 1593 1560 1640 est:
1589 1586 1714 1640 licet
1762 1585 1904 1638 enim
1955 1583 2146 1638 Paulus

563 1689 736 1745 esset,
787 1689 1019 1734 attamen
1049 1689 1252 1734 naturae
1295 1686 1491 1732 nostra:
1536 1678 1801 1746 particeps
1847 1685 1980 1731 erat.
2009 1675 2146 1742 Quid

563 1786 692 1825 vero
720 1770 846 1825 illud
870 1782 970 1836 est,
1002 1769 1144 1840 quod
1172 1769 1508 1839 est'passus?
1535 1767 1942 1838 Exagitabatur,
1977 1781 2148 1838 oppu-

564 1863 844 1932 gnabatur,
875 1864 1036 1934 virgis
1061 1863 1402 1930 credebatur,
1430 1863 1696 1918 sexcentis
1721 1861 2032 1917 insidiarum
2059 1875 2151 1930 ge—

567 1956 782 2010 neribus
829 1955 1196 2025 appetebatur,
1237 1956 1401 2022 intus,
1453 1953 1605 2020 foris,
1653 1953 1809 2008 abiis
1843 1951 1930 2024 qni
1961 1952 2148 2006 dome-

565 2047 684 2102 stici
713 2062 832 2102 esse
863 2047 1196 2114 videbantur,
1226 2045 1292 2101 ab
1318 2045 1524 2100 alienis.
1566 2044 1670 2100 Sed
1721 2043 1846 2114 quid
1893 2057 2027 2112 Opus
2068 2049 2150 2097 est

565 2153 1008 2206 commemorare,
1028 2146 1252 2208 quantas
1269 2136 1582 2191 afﬂictiones
1610 2136 1677 2190 sit
1703 2133 2025 2205 perpessus?
2049 2133 2151 2186 Fa-

568 2227 760 2298 tigatus
786 2229 962 2298 igitur,
997 2241 1095 2282 nec
1124 2227 1350 2297 amplius
1380 2226 1555 2280 ferens
1588 2233 1664 2280 tot
1693 2226 1922 2279 hostium
1963 2225 2149 2278 incur-

566 2320 766 2384 siones,
799 2319 886 2388 qni
918 2333 1130 2387 semper
1161 2317 1275 2387 ejus
1318 2317 1614 2372 doctrinam
1659 2315 2146 2384 interrumpebant,

568 2411 787 2482 ejusque
833 2411 999 2465 verbo
1025 2409 1475 2476 adversabantur,
1507 2409 1732 2480 supplex
1771 2407 1995 2463 Domino
2027 2422 2150 2478 pro-

567 2503 776 2555 volutus
802 2517 923 2555 eum
950 2501 1264 2567 obtestatur,
1289 2510 1342 2556 et
1372 2500 1464 2565 ait,
1487 2498 1652 2552 Datus
1673 2508 1746 2553 est
1769 2499 1892 2552 mihi
1919 2499 2151 2552 stimulus

567 2593 708 2646 carni
726 2590 935 2664 angelus
967 2590 1197 2657 Satanae,
1241 2599 1295 2644 ut
1339 2607 1416 2644 me
1458 2589 1758 2660 colaphizet.
1800 2587 2019 2658 Propter
2057 2589 2152 2642 hoc

570 2693 644 2734 ter
662 2681 937 2734 Dominum
965 2680 1158 2754 rogavi,
1187 2689 1232 2732 et
1271 2681 1397 2733 dixit
1440 2680 1583 2747 milii,
1627 2679 1822 2749 Sufﬁcit
1857 2679 1945 2732 tibi
1985 2679 2151 2749 gratia

569 2791 680 2827 mea
711 2789 730 2827 :
758 2790 875 2826 nam
895 2773 1052 2826 virtus
1079 2789 1189 2826 mea
1213 2771 1266 2825 in
1291 2772 1586 2840 inﬁrmitate
1615 2772 1874 2846 per/icitur
1898 2770 1974 2842 (2.
2004 2771 2123 2825 Cor.

569 2865 658 2918 4‘2.
693 2865 723 2917 7
747 2864 870 2935 -9).
903 2863 1026 2919 Scio
1079 2863 1324 2934 equidem
1363 2863 1624 2934 quosdam
1670 2863 1909 2932 corporis
1929 2861 2152 2916 inﬁrmi-

571 2965 734 3012 tatem
765 2970 884 3011 esse
928 2955 1198 3022 arbitrari,
1239 2954 1333 3009 sed
1367 2970 1475 3009 non
1503 2963 1584 3008 est
1615 2954 1765 3020 illud,
1797 2969 2015 3024 prorsus
2043 2969 2150 3009 non

569 3058 684 3116 est;
714 3064 898 3104 verum
927 3049 1170 3119 angelum
1201 3047 1414 3103 Satanas
1463 3047 1728 3114 homines,
1769 3048 1860 3118 qui
1897 3047 2150 3103 adversa-

570 3141 782 3208 bantur,
811 3141 1080 3209 appellat:
1105 3139 1228 3194 illud
1246 3141 1411 3208 enim,
1428 3139 1609 3204 Satan,
1633 3154 1736 3194 vox
1762 3147 1845 3194 est
1869 3139 2148 3206 llcbraica;

569 3248 730 3302 porro
771 3232 934 3290 Satan
983 3234 1178 3289 dicitur
1223 3233 1578 3289 adversarius.
1620 3232 1976 3288 Instrumenta
2023 3248 2152 3302 ergo

569 3326 789 3392 diaboli,
818 3335 870 3380 et
897 3339 990 3381 eos
1042 3309 1306 3392 homines,
1336 3325 1425 3396 qui
1466 3324 1516 3380 ei
1565 3323 1906 3392 famulantur,
1935 3324 2152 3394 angelos

569 3419 690 3488 ejus
714 3417 966 3488 appellat.
997 3415 1106 3471 Cur
1132 3417 1313 3486 igitur,
1360 3417 1501 3472 dicet
1529 3417 1739 3488 aliquis,
1786 3417 2023 3471 additum
2046 3425 2148 3483 est,

570 3509 758 3564 carni?
783 3507 917 3574 Quia
943 3523 1068 3562 caro
1097 3507 1480 3578 ﬂagellabatur,
1514 3509 1691 3562 anima
1735 3523 1865 3562 vero
1907 3507 2152 3564 elevaba-

571 3611 658 3654 tur
681 3614 777 3670 spe
802 3599 1098 3654 futurorum
1125 3608 1322 3653 erecta.
1351 3599 1468 3653 Non
1512 3601 1658 3654 enim
1703 3599 1938 3654 animam
1985 3598 2150 3653 attin-

567 3691 747 3762 gebat,
779 3705 879 3745 nec
908 3690 1188 3744 interiores
1213 3689 1565 3760 cogitationes
1610 3691 2002 3762 supplantabat,
2055 3691 2150 3747 sed

568 3784 702 3840 intra
748 3797 962 3838 carnem
991 3782 1352 3838 consistebant
1391 3791 1655 3838 tormenta
1699 3783 2022 3854 bellumque,
2052 3798 2152 3838 nec

569 3875 714 3930 intus
735 3882 978 3943 poterant
997 3882 1296 3944 penetrare.
1327 3873 1588 3943 Quoniam
1616 3875 1775 3946 igitur
1809 3875 1924 3930 haec
1969 3876 2144 3932 conci-

567 3966 810 4035 debatur,
843 3967 956 4022 INBC
985 3966 1372 4038 ﬂagellabatur,
1398 3967 1513 4022 huic
1541 3967 1871 4024 vinciebatur
1898 3967 2152 4038 (animam

567 4062 764 4132 quippe
791 4061 954 4132 ligare
983 4075 1140 4118 nemo
1168 4059 1413 4134 potest),
1463 4061 1662 4116 idcirco
1687 4061 1834 4128 dicit,
1880 4059 2046 4116 Datus
2080 4071 2152 4115 est

566 4154 690 4208 mihi
721 4154 953 4208 stimulus
981 4155 1122 4208 carni
1147 4153 1358 4226 angelus
1405 4155 1634 4222 Satanw,
1666 4165 1719 4208 ut
1757 4172 1836 4208 me
1871 4155 2152 4224 colapliizet

567 4243 777 4314 (lbid.),
805 4246 1144 4311 tentationes,
1176 4245 1509 4312 alilictiones,
1533 4247 1976 4317 persequutiones
1993 4245 2148 4300 innu-

566 4351 684 4390 cns.
714 4335 916 4391 Deinde
937 4337 1062 4406 quid
1087 4337 1110 4389 ?
1139 4335 1360 4407 Propter
1390 4338 1484 4391 hoc
1513 4347 1608 4404 ter,
1654 4337 1844 4408 inquit,
1879 4337 2151 4391 Dominum

567 4426 743 4495 rogavi
772 4442 791 4481 :
815 4425 918 4482 hoc
956 4435 1055 4494 est,
1108 4443 1476 4497 saepenumero
1521 4437 1766 4498 precatus
1795 4443 1933 4496 sum,
1957 4429 2148 4500 inquit,

569 4529 625 4571 ut
673 4533 705 4572 a
738 4518 1115 4593 tentationibus
1159 4521 1438 4588 paululum
1495 4522 1834 4590 respirarem.
1869 4521 1976 4578 Vos
2023 4537 2152 4578 vero

473 4673 478 4678 _
565 4625 741 4665 causre
786 4611 1124 4677 meministis,
1175 4611 1245 4665 ob
1293 4627 1452 4682 quam
1507 4613 1674 4667 Deum
1724 4612 1833 4668 dixi
1883 4613 2152 4668 verberari

566 4717 752 4756 servos
773 4715 901 4757 suos
928 4702 1261 4773 permittere,
1286 4703 1487 4770 vexari,
1521 4703 1724 4758 inlinita
1757 4703 1896 4759 mala
1921 4707 2147 4775 perpeti,

567 4803 623 4847 ut
661 4794 910 4849 virtutem
955 4810 1104 4850 suam
1132 4795 1396 4852 ostendat.
1431 4797 1566 4852 Ecce
1614 4797 1754 4851 enim
1805 4806 1858 4852 et
1908 4797 1994 4852 hic
2029 4813 2151 4853 cum

569 4895 815 4955 precatus
836 4896 996 4953 esset,
1040 4895 1099 4942 ut
1127 4903 1158 4942 a
1181 4903 1240 4943 se
1265 4888 1546 4943 innumera
1578 4888 1716 4942 mala
1753 4887 2068 4945 recederent
2097 4898 2153 4944 et

567 4975 876 5043 adversarii,
907 4993 1011 5033 non
1039 4977 1266 5034 obtinuit
1293 4979 1433 5050 quod
1463 4979 1712 5050 petebat;
1737 4988 1790 5034 et
1815 4995 2028 5035 causam
2056 4981 2152 5036 ad-

567 5064 684 5134 dit,
732 5066 802 5120 ob
846 5082 1002 5137 quam
1053 5084 1160 5124 non
1201 5069 1510 5125 obtinuerit.
1560 5055 1816 5137 Quaenam
1862 5071 2022 5142 igitur
2069 5079 2152 5127 est

567 5159 773 5213 causa?
805 5159 934 5214 nihil
959 5162 1098 5218 enim
1131 5163 1376 5232 prohibet
1421 5181 1605 5220 rursus
1653 5181 1770 5221 eam
1823 5181 2146 5222 memorare.

568 5251 784 5322 Sufﬁcit,
813 5251 1000 5324 inquit,
1036 5254 1122 5308 tibi
1139 5257 1304 5326 gratia
1325 5273 1468 5322 mea;
1495 5257 1652 5310 virtus
1680 5258 1812 5312 enim
1838 5273 1949 5314 mea
1976 5257 2026 5310 in
2067 5257 2149 5311 in-

563 5345 802 5412 ﬁrmitate
819 5353 1097 5416 per/tatur.

641 5437 694 5492 4.
737 5437 900 5493 Vides
943 5438 1143 5493 idcirco
1172 5439 1336 5495 Deum
1365 5441 1671 5511 permittere
1699 5443 1916 5514 angelos
1937 5443 2150 5499 Satanaa

562 5543 754 5583 servos
773 5543 898 5584 suos
909 5545 1175 5600 premere,
1195 5540 1248 5585 et
1261 5542 1508 5586 sexcenta
1526 5532 1626 5586 illis
1644 5534 1852 5604 negotia
1871 5535 2147 5602 exhibere,

567 5626 626 5674 ut
643 5619 806 5689 ipsius
825 5605 991 5679 v'irtus
1007 5623 1298 5694 appareat?
1318 5623 1451 5678 Vere
1468 5638 1694 5692 namque
1714 5625 1825 5680 sive
1841 5641 1962 5682 cum
1985 5641 2150 5698 paga-

563 5713 790 5784 nis,sivc
801 5731 918 5773 cum
935 5717 1142 5786 miseris
1155 5715 1350 5773 Judmis
1371 5715 1791 5788 disseramus,ad
1810 5717 2038 5775 divinam
2055 5721 2147 5775 vir-

1299 281 1356 337 S.
1397 281 1672 338 JOANNIS
1711 279 2184 336 CllRYSOSTOl-ll
2222 277 2538 335 ARCl‘llEl‘.
2581 275 3112 333 CONSTANTINOP.

3715 291 3814 348 sat

2247 402 2409 448 tutem
2423 391 2804 448 ostendendam
2819 394 2920 448 hoc
2937 391 3147 460 sufﬁcit,
3166 393 3307 464 quod
3329 393 3378 448 in
3387 393 3547 449 [initis
3567 399 3818 466 exagitata

2245 483 2402 540 bellis
2427 483 2559 540 ﬁdes
2581 486 2931 554 superaverit,
2962 485 3104 554 quod
3131 485 3382 540 universo
3401 496 3668 552 terrarum
3699 487 3824 542 orbe

2246 585 2594 646 repugnante,
2613 576 2924 646 cunctisque
2947 577 3225 632 duodecim
3245 577 3363 632 illos
3381 577 3626 633 homines
3641 594 3822 648 magna

2248 674 2588 725 contentione
2613 671 3015 740 repellentibus,
3047 670 3292 740 apostoli,
3317 671 3555 740 inquam,
3585 671 3658 725 illi
3678 671 3822 726 brevi

2249 774 2490 834 tempore
2518 764 2682 833 virgis
2703 764 2848 830 cmsi,
2875 763 3068 826 vexati,
3093 763 3371 818 innumera
3415 765 3550 818 mala
3595 766 3824 836 perpessi
3837 795 3850 804 --

2251 869 2413 920 eos,a
2443 855 2632 925 quibus
2679 854 2792 909 hare
2834 853 3215 921 inferebantur,
3265 856 3535 924 potuerint
3579 871 3828 926 prospero

2251 958 2502 998 successu
2529 944 2830 998 devincere.
2866 943 3152 1013 Propterea
3197 944 3410 998 beatum
3438 945 3598 999 etiam
3645 945 3831 999 Eusta-

2255 1032 2422 1088 thium
2455 1035 2506 1088 in
2531 1033 2777 1088 exsilium
2803 1032 2989 1088 abduci
3039 1033 3280 1103 permisit
3327 1034 3488 1101 Deus,
3517 1043 3576 1088 ut
3601 1035 3832 1089 veritatis

2253 1125 2408 1181 nobis
2458 1127 2706 1181 virtutem
2747 1136 2800 1181 et
2855 1127 3225 1181 haereticorum
3273 1126 3684 1182 imbecillitatem
3721 1142 3833 1182 am-

2253 1218 2390 1288 plius
2458 1217 2865 1274 demonstraret.
2955 1218 3134 1289 Itaque
3205 1235 3434 1291 peregre
3509 1220 3832 1291 profecturus

2255 1311 2439 1366 urbem
2485 1312 2696 1381 quidem
2733 1311 3054 1379 dimittebat,
3097 1321 3151 1366 at
3198 1313 3478 1368 caritatem
3527 1314 3580 1367 in
3607 1329 3700 1368 vos
3729 1329 3832 1368 non

2253 1400 2595 1456 dimittebat:
2627 1417 2801 1472 neque
2829 1403 2971 1472 quod
3023 1402 3090 1458 ab
3143 1403 3379 1458 Ecclesia
3431 1403 3831 1472 expellebatur,

2255 1508 2284 1547 a
2327 1495 2570 1564 praesulis
2619 1496 2781 1550 etiam
2827 1511 3068 1562 munere,
3119 1495 3260 1550 vela
3286 1511 3411 1550 cura
3449 1497 3632 1562 vestri,
3681 1511 3836 1566 quam

2254 1585 2512 1654 gerebat,
2561 1585 2793 1640 alienum
2844 1585 3080 1656 seipsum
3123 1585 3360 1658 putabat,
3427 1586 3525 1641 sed
3569 1596 3679 1640 tum
3721 1602 3834 1641 am-

2255 1679 2394 1748 plius
2472 1679 2692 1733 curabat
2759 1688 2814 1734 et
2881 1680 3140 1736 sollicitus
3217 1688 3352 1735 erat.
3429 1679 3557 1734 Ideo
3625 1688 3836 1734 vocatos

2255 1787 2442 1828 omnes
2520 1773 2876 1841 admonebat,
2949 1783 3008 1830 ut
3069 1788 3135 1830 ne
3203 1773 3640 1838 succumberent,
3705 1787 3838 1828 neve

2261 1861 2401 1933 lupis
2469 1863 2768 1932 cederent,
2821 1873 2915 1919 aut
2969 1863 3074 1919 illis
3118 1879 3334 1935 gregem
3383 1863 3700 1934 proderent;
3745 1862 3838 1918 sed

2257 1955 2402 2010 intus
2446 1967 2745 2026 manerent,
2800 1966 2860 2011 ut
2906 1971 2968 2012 os
3019 1957 3123 2012 illis
3176 1957 3533 2022 obstruerent,
3578 1971 3670 2012 eos
3712 1971 3839 2012 con-

2255 2047 2551 2116 vincerent,
2595 2063 2657 2102 ac
2701 2047 3056 2118 simpliciores
3105 2049 3298 2104 fratres
3339 2049 3740 2105 conﬁrmarent.
3775 2049 3840 2103 Et

2255 2153 2383 2193 vero
2427 2149 2571 2193 recte
2611 2139 2758 2193 illum
2802 2139 3094 2210 imperasse
3139 2139 3350 2195 tandem
3389 2142 3564 2195 exitus
3591 2155 3840 2210 compro-

2258 2231 2401 2286 bavit
2447 2248 2460 2284 :
2519 2231 2620 2286 nisi
2676 2233 2818 2288 enim
2867 2241 2979 2286 tum
3032 2231 3085 2286 in
3133 2232 3373 2288 Ecclesia
3431 2232 3838 2300 remansissetis,

2257 2329 2504 2391 corrupta
2566 2336 2691 2392 pars
2751 2321 2923 2392 major
2983 2322 3210 2377 civitatis
3288 2321 3520 2388 fuisset,
3597 2335 3724 2376 oves
3789 2322 3840 2377 in

2257 2411 2473 2468 deserto
2499 2413 2876 2470 devorantibus
2929 2414 3098 2484 lupis;
3139 2429 3324 2470 verum
3369 2415 3508 2470 illius
3547 2429 3746 2480 sermo,
3777 2430 3843 2470 ne

2257 2521 2406 2560 suam
2438 2505 2725 2577 nequitiam
2757 2506 3093 2577 impudenter
3125 2491 3495 2574 exercerent,
3545 2506 3838 2578 impedivit.

2257 2595 2440 2668 Neque
2465 2613 2594 2654 vero
2631 2599 2802 2654 solum
2834 2599 3007 2655 exitus
3047 2599 3100 2654 id
3139 2599 3408 2666 ostendit,
3453 2598 3546 2654 sed
3585 2609 3636 2654 et
3683 2599 3840 2654 Pauli

2258 2688 2419 2744 verba
2455 2705 2468 2742 :
2500 2703 2623 2744 nam
2671 2697 2726 2744 et
2764 2690 2832 2746 ab
2870 2689 2959 2744 illo
2999 2689 3088 2745 hic
3123 2690 3345 2746 edoctus
3383 2690 3461 2744 sic
3499 2689 3842 2746 admonebat.

2259 2777 2396 2846 Quid
2421 2779 2578 2849 igitur
2605 2780 2680 2834 ait
2699 2779 2932 2836 Paulus?
2953 2779 3085 2836 Cum
3114 2781 3240 2836 olim
3267 2781 3492 2835 Romam
3515 2789 3659 2837 esset
3681 2781 3848 2836 abdu-

2257 2870 2461 2926 cendus
2487 2871 2672 2926 ultima
2695 2885 2788 2926 sua
2818 2872 3171 2941 profectione,
3194 2879 3474 2942 postquam
3495 2887 3598 2926 non
3615 2871 3846 2942 amplius

2259 2961 2549 3032 discipulos
2569 2963 2780 3018 visurus
2806 2971 2922 3018 erat
2945 3005 2959 3028 ,
2994 2962 3115 3017 Non
3147 2965 3278 3018 enim
3306 2965 3526 3034 amplius
3561 2965 3739 3018 videbo
3761 2981 3846 3018 vos
3931 3013 3946 3024 ,

2259 3053 2398 3126 (Act.
2425 3053 2514 3109 20.
2539 3053 2654 3124 25),
2683 3054 2852 3124 inquit
2881 3071 2894 3108 :
2925 3054 3026 3109 hoe
3056 3063 3230 3110 autem
3260 3054 3487 3122 dicebat,
3521 3070 3626 3110 non
3657 3065 3716 3109 ut
3743 3055 3847 3111 illis

2258 3145 2499 3200 dolorem
2529 3144 2781 3212 inureret,
2829 3144 2922 3200 sed
2971 3145 3114 3215 quod
3157 3145 3475 3200 conﬁrmare
3497 3145 3619 3200 illos
3639 3145 3844 3200 vellet:

2258 3235 2382 3292 inde
2411 3235 2569 3306 igitur
2587 3236 2922 3306 profecturus
2951 3236 3052 3291 hoc
3085 3245 3236 3307 pacto
3253 3236 3371 3290 illos
3395 3235 3746 3290 conﬁrmabat
3761 3235 3848 3290 di-

2259 3339 2388 3381 cens
2407 3366 2422 3392 ,
2453 3326 2576 3381 Scio
2601 3326 2838 3396 quoniam
2873 3326 3129 3380 intrabunt
3156 3336 3266 3397 post
3299 3327 3652 3380 discessionem
3681 3342 3850 3380 nteant

2260 3416 2368 3486 lupi
2395 3431 2603 3486 graves,
2639 3425 2688 3470 et
2731 3432 2792 3470 ea:
2832 3415 2970 3470 vobis
3007 3417 3132 3488 ipsis
3161 3425 3427 3486 exsurgant
3457 3417 3549 3469 viri
3590 3417 3850 3487 loquentes

2260 3521 2496 3577 perversa
2542 3507 2703 3576 (Ibid.
2731 3523 2780 3561 υ.
2811 3507 2902 3562 29.
2941 3507 3053 3576 50).
3083 3507 3301 3577 Triplex
3335 3507 3534 3562 bellum
3555 3550 3570 3575 ,
3611 3509 3844 3563 ferarum

2259 3607 2470 3666 natura,
2491 3597 2618 3654 belli
2645 3598 2868 3664 saivitia,
2893 3599 3140 3670 quodque
3167 3615 3273 3654 non
3296 3599 3452 3654 alieni
3476 3600 3602 3667 sint,
3628 3600 3722 3654 sed
3751 3601 3852 3656 do-

2258 3689 2491 3757 mestici,
2517 3691 2608 3761 qui
2629 3690 2828 3746 bellum
2851 3691 3107 3757 inferunt,
3131 3691 3357 3762 ideoque
3383 3691 3614 3762 gravius.
3642 3693 3779 3748 Nam
3801 3695 3850 3750 si

2258 3781 2593 3838 extrinsecus
2615 3783 2860 3838 vulneret
2881 3797 2966 3839 me
2987 3783 3272 3853 quispiam,
3293 3793 3385 3838 aut
3407 3783 3602 3839 bellum
3627 3785 3846 3853 inferat,

2259 3873 2416 3930 facile
2455 3875 2600 3930 illum
2631 3883 2818 3946 potero
2849 3891 3140 3946 superare;
3187 3877 3268 3931 sin
3306 3887 3482 3932 autem
3524 3877 3852 3933 intrinsecus

2257 3968 2326 4024 ab
2355 3969 2472 4040 ipso
2502 3984 2726 4040 corpore
2751 3969 2902 4025 ulcus
2927 3970 3148 4035 oriatur,
3191 3979 3376 4024 sanatu
3403 3969 3620 4025 dillieile
3645 3970 3702 4024 lit
3733 3986 3854 4024 ma-

2259 4059 2364 4115 lum
2398 4078 2411 4116 :
2443 4060 2584 4130 quod
2628 4061 2880 4116 nimirum
2933 4070 3058 4116 tunc
3105 4062 3267 4118 etiam
3313 4063 3512 4118 evenit.
3553 4062 3852 4132 Propterea

2259 4151 2511 4208 monebat
2559 4152 2773 4218 dicens,
2825 4154 3080 4209 Attendite
3125 4155 3282 4222 vobis,
3337 4163 3386 4208 et
3427 4156 3657 4209 uniuerso
3702 4157 3856 4226 gregi

2259 4242 2424 4313 (Ibid.
2453 4259 2504 4297 υ.
2531 4243 2625 4316 28)
2659 4262 2672 4300 :
2707 4259 2813 4300 non
2841 4245 3011 4313 dixit,
3053 4246 3335 4302 Derelictis
3359 4247 3546 4302 ovibus
3573 4245 3716 4301 foras
3749 4262 3856 4301 au-

2259 4333 2440 4404 fugite.
2469 4335 2561 4390 llis
2590 4335 2882 4392 instructus
2906 4349 3028 4390 cum
3065 4337 3251 4392 luisset
3276 4337 3462 4392 beatus
3495 4337 3858 4404 Eustathius,

2259 4424 2547 4495 discipulos
2571 4441 2700 4482 suos
2723 4427 3079 4483 admonebat:
3107 4443 3224 4499 quae
3246 4429 3495 4483 nimirum
3519 4429 3736 4498 sapiens
3763 4429 3860 4486 hic

2259 4531 2470 4586 quoque
2511 4531 2572 4572 ac
2601 4531 2893 4588 generosus
2920 4519 3171 4589 magister
3201 4535 3323 4574 eum
3363 4519 3640 4585 audisset,
3681 4535 3862 4589 opere

2259 4619 2562 4662 sermonem
2594 4609 2850 4679 implevit.
2880 4609 3255 4665 lnvadentibus
3275 4609 3432 4680 igitur
3461 4610 3564 4664 illis
3589 4623 3720 4664 oves
3745 4625 3862 4664 non

2258 4698 2516 4766 deseruit,
2558 4701 2768 4756 tametsi
2813 4701 2868 4755 in
2909 4701 3159 4756 thronum
3206 4701 3534 4771 pratfecturte
3581 4715 3692 4756 sua:
3743 4719 3862 4757 non

2259 4791 2611 4858 ascenderat;
2641 4792 2736 4847 sed
2763 4793 2866 4848 hoc
2887 4791 2976 4847 illa
2997 4807 3255 4863 generosa
3275 4801 3329 4847 et
3349 4790 3682 4862 philosophia
3711 4807 3872 4862 pra":—

2258 4891 2405 4936 stans
2450 4883 2626 4936 anima
2673 4898 2780 4938 non
2829 4883 3090 4940 curabat:
3120 4898 3241 4938 nam
3279 4883 3566 4953 praesulem
3611 4882 3872 4938 honores

2258 4977 2467 5032 czeteris
2508 4975 2874 5048 relinquebat;
2921 4977 3132 5032 labores
3171 4983 3350 5031 autem
3397 4975 3682 5046 praesulum
3739 4976 3876 5045 ipse

2257 5068 2584 5136 exantlabat,
2613 5079 2667 5123 ct
2695 5067 2835 5123 intus
2862 5083 2981 5124 cum
3007 5067 3146 5138 lupis
3165 5067 3476 5122 versabatur
3504 5085 3517 5121 :
3543 5067 3672 5121 nihil
3703 5067 3876 5124 enim

2259 5175 2380 5213 cum
2405 5158 2634 5214 ferarum
2665 5157 2850 5214 dentes
2877 5157 3174 5225 laudabant,
3205 5158 3276 5215 ita
3307 5157 3544 5220 solidiori
3570 5157 3676 5212 ﬁde
3707 5173 3876 5228 pra:-

2260 5249 2400 5304 ditus
2427 5257 2563 5316 erat,
2599 5265 2758 5321 quam
2788 5259 2846 5304 ut
2880 5265 3063 5306 eorum
3093 5251 3360 5305 morsibus
3385 5259 3527 5305 esset
3555 5250 3872 5304 obnoxius.

2259 5343 2392 5398 Cum
2422 5344 2580 5415 igitur
2609 5344 2750 5398 intus
2784 5353 3091 5400 versaretur
3114 5384 3128 5410 ,
3159 5354 3213 5399 et
3239 5359 3411 5414 pugna
3436 5383 3451 5410 ,
3484 5359 3586 5413 qua
3613 5357 3746 5398 cum
3793 5358 3878 5397 eo

2260 5435 2762 5507 congrediebantur,
2789 5451 2976 5492 omnes
2999 5436 3119 5490 illos
3146 5437 3446 5502 distineret,
3475 5434 3700 5489 multam
3737 5437 3880 5488 ovi-

2261 5531 2360 5585 bus
2393 5531 2828 5602 tranquillitatem
2869 5530 3232 5600 comparabat.
3269 5529 3454 5600 Neque
3479 5545 3609 5584 vero
3638 5537 3886 5584 tantum

2259 5623 2314 5678 id
2345 5624 2564 5694 agebat,
2598 5634 2656 5678 ut
2697 5639 2881 5680 eorum
2911 5637 3005 5678 ora
3045 5623 3351 5686 obturaret,
3389 5633 3442 5676 et
3480 5620 3894 5691 blasphemias

2260 5715 2553 5784 refellerct;
2583 5717 2674 5774 sed
2707 5717 2845 5788 ipsas
2873 5716 3030 5772 etiam
3053 5729 3179 5772 oves
3201 5713 3521 5771 circumiens
3545 5714 3892 5784 perpende-
