4080 6196
225 256 336 315 003

222 371 414 433 τικοὺς
439 367 629 432 ἄλλους
653 369 781 440 ὑμῖν
807 369 948 441 ὑπὲρ
979 368 1088 423 τῶν
1115 369 1372 424 τοιούτων
1392 372 1609 442 γίνηται
1628 373 1807 440 λόγος,

224 454 412 509 ἱκανὸν
444 453 507 506 τὸ
553 452 929 524 ῥηθησόμενον
970 452 1190 508 ἅπασαν
1224 452 1384 507 λῦσαι
1412 456 1514 527 τὴν
1536 454 1811 528 ἀπορίαν.

233 539 294 593 Ὅ
319 536 453 600 Θεὸς
477 536 576 609 τὴν
601 537 699 607 μὲν
726 538 907 590 πίστιν
942 536 1108 592 αὑτοῦ
1134 538 1231 610 τὴν
1262 538 1437 610 ἀληθῆ
1462 541 1556 593 καὶ
1584 541 1815 593 ἀποστυ-

221 620 382 693 λικὴν
411 622 471 675 ἐν
502 620 723 684 πολλοῖς
752 623 1028 692 συγχωρεῖ
1055 621 1546 692 πολεμεῖσθαι,τάς
1578 622 1633 675 δέ
1661 621 1814 693 αἰρέο

224 723 338 769 σεις
367 704 519 777 [608]
565 704 659 758 καὶ
691 704 781 758 τὸν
831 704 1155 775 ἐλληνισμὸν
1196 705 1423 775 ἀφίησιν
1461 706 1647 770 ἀδείας
1680 707 1815 759 ἀπο-

220 789 430 844 λαύειν.
461 787 527 840 Τί
556 788 759 858 δήποτε
785 805 800 854 ;
832 788 952 840 Ἵνα
990 788 1215 841 ἐκείνων
1257 788 1357 859 μὲν
1401 788 1498 860 τὴν
1528 789 1814 844 ἀσθένειαν

224 871 408 944 μάθῃς
441 871 542 925 οὐκ
587 870 1021 942 ἐνοχλουμένων,
1055 872 1151 924 καὶ
1187 872 1509 943 αὐτομάτως
1545 873 1812 927 καταλυο-

223 956 403 1030 μένων
421 971 435 985 ⁸
472 955 571 1025 τῆς
600 954 657 1007 δὲ
684 954 922 1017 πίστεως
944 954 1043 1026 τὴν
1076 955 1228 1025 ίσχὺν
1253 956 1524 1027 γνωρίσῃς
1546 954 1815 1026 πολεμου-

223 1040 415 1112 μένης,
449 1040 545 1092 καὶ
572 1037 660 1091 διὰ
687 1036 793 1090 τῶν
820 1036 1139 1091 κωλυόντων
1172 1036 1569 1109 αὐξανομένης.
1599 1037 1702 1092 Καὶ
1729 1041 1809 1092 ὅτι

220 1125 321 1177 οὑκ
349 1124 484 1194 ἐμός
516 1124 665 1175 ἐστιν
694 1116 848 1184 οὗτος
875 1119 1202 1191 στοχασμὸς,
1233 1120 1366 1174 ἀλλά
1392 1120 1534 1184 θεῖος
1562 1123 1811 1193 χρησμὸς

219 1206 427 1262 ἄνωθεν
451 1204 712 1275 ἐνεχθεὶς,
748 1202 1074 1273 ἀκούσωμεν
1109 1202 1324 1256 Παύλου
1359 1203 1412 1257 τί
1442 1206 1571 1276 περί
1603 1205 1808 1259 τούτων

220 1288 356 1359 φησί
376 1306 388 1316 ·
420 1288 515 1347 καὶ
542 1286 653 1358 γὰρ
678 1286 850 1340 ἔπαθέ
883 1287 938 1340 τί
961 1303 1091 1339 ποτε
1135 1284 1473 1357 ἀνθρώπινον
1496 1288 1591 1340 καὶ
1620 1282 1804 1352 οὗτος⁸

218 1374 269 1425 εἰ
301 1372 413 1443 γὰρ
451 1370 548 1424 καὶ
577 1370 793 1433 Παῦλος
841 1364 932 1441 ἦν,
959 1367 1098 1423 ἀλλά
1127 1368 1226 1438 τῆς
1248 1368 1541 1440 ήμετέρας
1577 1370 1805 1444 μετέσχε

219 1454 459 1523 φύσεως.
495 1455 561 1507 Τί
591 1454 649 1507 δέ
688 1456 860 1518 ἐστιν,
894 1453 1029 1523 ὅπερ
1050 1449 1299 1517 -έπαθεν;
1340 1451 1646 1517 Ἦλαύνετο,
1680 1455 1805 1506 ἐπο-

217 1539 457 1609 λεμεῖτο,
504 1537 851 1608 ἐμαστίζετο,
887 1536 1101 1607 μυρίοις
1138 1534 1526 1589 ἐπεϐουλεύετο
1557 1537 1800 1608 τρόποις,

216 1622 454 1689 ἔξωθεν,
498 1620 733 1686 ἔσωθεν,
769 1619 875 1672 ὑπὸ
906 1619 1013 1672 τῶν
1055 1616 1358 1671 δοκούντων
1390 1620 1606 1673 οἰκείων
1639 1617 1800 1685 εἶναι,

217 1706 321 1761 ὑπὸ
350 1704 460 1759 τῶν
490 1704 809 1773 ἀλλοτρίων.
840 1702 950 1757 Καὶ
969 1701 1024 1756 τί
1051 1702 1135 1755 δεῖ
1162 1699 1363 1773 λέγειν,
1384 1703 1516 1766 ὅσας
1542 1704 1803 1774 ὑπέμεινε

216 1790 459 1859 θλίψεις;
481 1788 724 1858 Κάμνων
741 1787 941 1851 τοίνυν,
963 1786 1057 1839 καὶ
1080 1782 1276 1855 μηκέτι
1303 1785 1485 1857 φέρων
1517 1786 1806 1860 τάςπροσ-

216 1871 378 1935 ϐολὰς
405 1871 518 1926 τῶν
546 1870 823 1941 πολεμίων
862 1871 949 1922 ἀεὶ
970 1870 1371 1924 διακοπτόντων
1400 1869 1570 1922 αὑτοῦ
1600 1869 1698 1941 τὴν
1720 1870 1803 1923 δι-

213 1957 532 2021 δασκαλίαν,
566 1957 662 2009 καὶ
695 1954 1125 2026 ἐναντιουμένων
1148 1953 1311 2009 αὑτοῦ
1335 1953 1415 2025 τῷ
1442 1953 1606 2024 λόγῳ,
1634 1970 1806 2024 προσ-

214 2040 404 2093 πίπτει
431 2038 511 2109 τῷ
535 2038 804 2110 Δεσπότῃ,
831 2036 925 2091 καὶ
950 2037 1259 2109 παρακαλεῖ
1287 2037 1469 2102 αὑτὸν,
1501 2037 1595 2090 καὶ
1618 2036 1766 2104 λέγει
1785 2051 1799 2065 ⁸

226 2122 431 2189 Ἐδόθη
448 2139 553 2191 μοι
586 2122 831 2189 σκόλοψ
850 2118 924 2189 τῇ
953 2121 1135 2189 σαρκί
1175 2121 1431 2191 ἄγγελος
1450 2117 1667 2185 Σατᾶν,
1702 2119 1803 2173 ἵνα

214 2225 284 2276 με
304 2204 597 2276 κολαφίζῃ
620 2224 634 2238 ⁸
660 2206 813 2274 ὑπὲρ
845 2206 1061 2261 τούτου
1094 2204 1222 2274 τρὶς
1251 2207 1361 2259 τὸν
1379 2205 1602 2274 Κύριον
1616 2220 1801 2273 παρε-

214 2289 467 2352 κάλεσα,
498 2290 598 2343 καὶ
631 2287 838 2358 ετρηκέ
885 2306 987 2358 μοι
1007 2306 1020 2320 ⁸
1055 2290 1237 2358 Ἀρκεῖ
1260 2304 1358 2343 σοι
1458 2288 1632 2357 χάρις
1646 2304 1798 2357 μου·

212 2373 250 2437 ἡ
290 2372 399 2443 γὰρ
442 2372 699 2442 δύναμίς
733 2389 851 2442 μου
892 2372 963 2426 ἐν
995 2370 1278 2439 ἀσθενείᾳ
1307 2371 1657 2426 τελειοῦται.
1689 2372 1800 2427 Καὶ

209 2451 325 2508 οἰδα
359 2455 463 2525 μὲν
492 2456 575 2508 ὅτι
602 2456 745 2515 τινὲς
773 2454 1062 2510 ἀσθένειαν
1093 2452 1232 2510 εἶναι
1278 2455 1561 2526 νομίξουσι
1606 2472 1797 2526 σωμα-

208 2540 365 2610 τικήν
387 2557 401 2570 ·
436 2538 540 2592 οὑκ
580 2537 698 2591 ἐστι
730 2537 1009 2605 δέ-τοῦτο,
1050 2540 1153 2593 οὑκ
1195 2538 1342 2593 ἐστιν
1364 2556 1376 2568 ⁸
1419 2538 1535 2593 ἀλλ’
1567 2538 1798 2607 ἄγγελον

206 2623 384 2675 Σατᾶν
415 2622 544 2684 τοὺς
585 2620 998 2690 ἀντικειμένους
1029 2619 1352 2692 ἀνθρώπους
1377 2620 1533 2673 καλεῖ
1554 2637 1568 2650 ⁸
1597 2621 1657 2673 τὸ
1688 2620 1798 2692 γάρ

204 2706 387 2760 Σατᾶν
407 2705 571 2758 τοῦτο
602 2704 868 2776 Ἐϐραῖκὴ
903 2703 1051 2771 λέξις
1081 2704 1230 2757 ἐστί’
1272 2704 1449 2758 Σατᾶν
1488 2703 1545 2757 δὲ
1578 2704 1606 2757 6
1649 2704 1798 2774 ἀντι-

200 2788 464 2859 κείμενος
509 2788 749 2857 λέγεται.
786 2788 869 2841 Τὰ
912 2784 1005 2842 οὖν
1057 2786 1227 2856 σκεύη
1266 2787 1363 2841 τοῦ
1400 2787 1667 2855 διαϐόλου,
1701 2790 1798 2842 καὶ

210 2875 331 2936 τοὺς
362 2873 565 2944 ἐκείνῳ
585 2871 1034 2961 διακονουμένους
1062 2871 1382 2944 ἀνθρώπους
1408 2873 1671 2943 ἀγγέλους
1700 2874 1797 2927 αὑ-

174 2955 295 3008 -τοῦ
346 2956 527 3011 καλεῖ.
574 2950 771 3010 Διά’τί
796 2950 909 3020 οὖν,
947 2956 1103 3026 φησὶ,
1144 2956 1467 3029 πρόσκειται
1503 2959 1568 3027 τῇ
1602 2957 1793 3029 σαρκί;

136 3026 153 3040 ’
202 3039 327 3093 Ὀτι
373 3042 408 3109 ή
445 3038 588 3111 σὰρξ
620 3038 969 3110 ἐμαστίζετο,
1006 3042 1040 3109 ἡ
1083 3040 1141 3094 δὲ
1174 3026 1322 3111 ψυχὴ
1369 3026 1688 3110 ἐκουφίζετο
1727 3043 1792 3114 τῇ

203 3124 378 3191 ἑλπίδι
399 3123 515 3179 τῶν
542 3123 848 3195 μελλόντων
879 3123 1218 3195 ἐπαιρομένη
1237 3141 1252 3154 ⁸
1291 3123 1413 3177 οὑδέ
1450 3123 1560 3196 γὰρ
1591 3124 1795 3194 ἥπτετο

203 3207 299 3277 τῆς
326 3207 535 3278 ψυχῆς,
572 3207 693 3262 οὑδὲ
727 3206 1051 3271 ὑπεσκέλιζε
1092 3207 1234 3273 ,τοὺς
1280 3205 1428 3260 ἔνδον
1462 3206 1754 3277 λογισμοὺς
1775 3248 1790 3273 ,

201 3290 339 3344 ἀλλά
372 3293 540 3362 μέχρι
569 3291 670 3362 τῆς
696 3289 899 3362 σαρκὸς
926 3291 1169 3363 εἱστήκει
1195 3289 1267 3343 τὰ
1299 3292 1667 3363 μηχανήματα
1696 3291 1793 3344 καὶ

200 3376 229 3426 6
258 3373 502 3445 πόλεμος
524 3414 541 3437 ,
588 3373 724 3427 εἴσω
763 3373 1012 3445 διαϐῆναι
1056 3374 1131 3445 μὴ
1162 3372 1479 3444 δυνάμενος.
1514 3374 1668 3427 Ἐπεὶ
1697 3368 1792 3428 οὖν

198 3455 337 3527 αὕτη
356 3455 639 3527 ἐτέμνετο,
656 3455 793 3526 αὕτη
814 3454 1159 3528 ἐμαστίζετο,
1195 3454 1335 3527 αὕτη
1366 3456 1645 3529 ἐδεσμεῖτο
1671 3457 1792 3528 (ψυ-

199 3539 298 3608 χὴν
316 3537 431 3610 γὰρ
454 3538 615 3609 δῆσαι
636 3537 898 3593 ἀδύνατον
934 3534 1048 3609 ἦν),
1078 3537 1166 3591 διά
1192 3538 1347 3592 τοῦτο
1375 3538 1542 3608 λέγει,
1577 3539 1788 3609 Ἐδόθη

194 3639 295 3691 μοι
319 3623 574 3690 σκόλοψ·
592 3619 669 3691 τῇ
691 3623 875 3691 σαρκί
906 3622 1163 3693 ἄγγελος
1198 3619 1417 3689 Σατᾶν,
1444 3624 1547 3677 ἵνα
1584 3640 1664 3692 με
1692 3641 1793 3678 κο-

195 3702 441 3773 λαφίζῃ,
463 3706 593 3767 τοὺς
618 3721 685 3757 πε
695 3707 980 3777 ιρασμοὺς,
1003 3706 1102 3769 τὰς
1121 3705 1353 3777 θλίψεις,
1371 3706 1498 3771 τοὺς
1516 3707 1791 3778 διωγμοὺς

197 3787 593 3857 αἰνιττόμενος.
614 3783 747 3841 Εἶτα
769 3788 854 3856 τί;
884 3790 1053 3857 ’Υπὲρ
1078 3790 1295 3843 τούτου
1320 3790 1468 3857 τρὶς,
1500 3791 1656 3861 φησὶ,
1680 3790 1790 3845 τὸν

198 3871 427 3938 Κύριον
447 3869 836 3938 παρεκάλεσα
857 3887 871 3904 ⁸
901 3871 1048 3925 τοῦτ’
1077 3871 1220 3935 ἐστι,
1238 3871 1510 3937 Πολλάκις
1535 3873 1787 3944 ἐδεήθην,

198 3953 387 4023 φησὶν,
417 3952 560 4006 ὥστε
602 3951 939 4007 ἀναπνεῦσαι
972 3954 1168 4026 μικρὸν
1197 3956 1261 4007 ἐκ
1289 3951 1398 4008 τῶν
1441 3956 1783 4027 πειρασμῶν.

209 4036 402 4105 Ὑμεῖς
428 4035 486 4088 δὲ
510 4036 790 4107 μέμνησθε
813 4036 915 4108 τῆς
936 4037 1117 4101 αἰτίας
1134 4032 1202 4109 ἧς
1223 4033 1394 4101 εἶπον,
1410 4039 1600 4094 ὅτιδιά
1625 4040 1786 4093 τοῦτο

202 4120 481 4189 συγχωρεῖ
504 4121 534 4171 6
566 4118 700 4183 Θεὸς
729 4122 856 4184 τοὺς
909 4120 1106 4174 ἑαυτοῦ
1138 4121 1359 4185 δούλους
1404 4123 1781 4194 μαστίξεσθαι,

199 4201 525 4254 ἐλαύνεσθαι
550 4241 566 4264 ,
606 4204 779 4273 μυρία
821 4204 1054 4274 πάσχειν
1109 4204 1286 4268 δεινά,
1318 4206 1405 4260 ἵνα
1449 4204 1550 4277 τὴν
1590 4206 1783 4261 ἐαυτοῦ

196 4283 348 4355 δείξῃ
373 4283 628 4355 δύναμιν.
666 4286 797 4340 ’ἰδοὺ
823 4286 933 4358 γὰρ
981 4288 1076 4341 καὶ
1105 4288 1341 4343 ἐνταῦθα
1379 4290 1611 4361 δεηθεὶς,
1644 4278 1783 4346 ὥστε

198 4369 504 4439 ἀποστῆναι
531 4367 697 4423 αὑτοῦ
730 4371 797 4425 τὰ
836 4372 1007 4444 μυρία
1061 4373 1210 4427 δεινά
1256 4374 1351 4429 καὶ
1382 4377 1507 4440 τοὺς
1546 4377 1784 4430 ἀντικει-

198 4452 422 4521 μένους,
452 4452 554 4506 οὑκ
583 4453 818 4525 ἐπέτυχε
846 4455 949 4526 τῆς
982 4457 1254 4528 αἰτήσεως
1273 4474 1287 4490 ⁸
1337 4460 1432 4512 καί⁸
1477 4459 1578 4531 τὴν
1606 4460 1784 4515 αἰτίαν

192 4534 415 4606 τίθησι,
460 4535 527 4588 δι’
557 4536 624 4605 ἢν
662 4537 762 4591 οὐκ
806 4539 1037 4613 ἐπέτυχε
1085 4539 1187 4609 τῆς
1226 4541 1516 4612 αἰτήσεως.
1554 4543 1651 4606 Τίς
1691 4539 1786 4598 οὖν

190 4620 351 4675 ἐστιν
377 4620 412 4691 ή
456 4619 643 4685 αἰτίας
672 4621 824 4674 οὐδὲν
852 4622 961 4693 γὰρ
1006 4622 1204 4676 κωλύει
1229 4623 1402 4678 πάλιν
1439 4624 1611 4696 αὐτῆς
1660 4627 1783 4680 ἐπι-

196 4703 539 4775 μνησθῆναι·
578 4705 771 4773 Ἀρκεῖ
794 4722 914 4771 σοι,
948 4708 1138 4779 φησὶν,
1165 4709 1202 4777 ἠ
1228 4707 1402 4777 χάρις
1417 4727 1537 4779 μου
1556 4726 1571 4741 ⁸
1606 4710 1645 4778 ὴ
1673 4713 1783 4782 γὰρ

193 4786 457 4856 δύναμις
476 4804 599 4857 μου
624 4789 696 4842 ἐν
716 4790 1000 4859 ἀσθενείᾳ
1030 4792 1382 4849 τελειοῦται.

233 4966 280 5019 δ’
288 5006 304 5018 .
321 4962 491 5034 Ὀρᾷς
504 4961 589 5015 ὅτι
613 4961 703 5016 διὰ
717 4960 879 5016 τοῦτο
898 4964 1214 5034 συγχωρεῖό
1224 4961 1357 5028 Θεὸς
1371 4954 1497 5028 τοὺς
1512 4964 1779 5033 ἀγγέλους

186 5052 287 5105 τού
307 5053 530 5108 Σατανᾶ
560 5057 673 5117 τοῖς
701 5053 869 5108 αὑτοῦ
892 5054 1101 5118 δούλοις
1126 5054 1457 5118 ἐπικεῖσθαι,
1488 5056 1582 5110 καὶ
1610 5055 1780 5127 μυρία

186 5141 464 5213 παρέχειν
493 5144 819 5214 πράγματα,
841 5144 932 5198 ἴνα
965 5145 998 5214 ή
1030 5143 1260 5215 δύναμις
1288 5144 1457 5198 αὑτοῦ
1488 5145 1779 5217 διαφαίνη-

180 5252 323 5297 ταις
354 5237 565 5300 Ὄντως
588 5236 700 5307 γὰρ
724 5235 827 5289 κᾶν
863 5233 1001 5307 πρὸς
1022 5235 1311 5307 Ἕλληνας,
1341 5235 1446 5291 κᾶν
1481 5237 1620 5308 πρὸς
1652 5238 1780 5302 τοὺς

182 5326 413 5391 ἀθλίους
467 5328 754 5393 Ἰουδαίους
797 5326 1210 5400 διαλεγώμεθα,
1246 5327 1406 5399 ἀρκεῖ
1444 5328 1605 5383 τοῦτο
1643 5332 1779 5401 ἡμῖν

182 5420 274 5481 εἰς
318 5418 598 5484 ἀπόδειξιν
627 5420 727 5491 τῆς
775 5418 929 5484 θείας
974 5418 1283 5491 δυνάμεως,
1330 5419 1393 5472 τὸ
1439 5419 1526 5473 διὰ
1567 5422 1777 5492 μυρίων

184 5508 343 5580 [609}
378 5509 630 5581 πολέμων
676 5510 773 5582 τὴν
815 5510 998 5565 πίστιν
1041 5510 1438 5582 εἰσενεχθεῖσαν
1483 5513 1777 5584 κρατῆσαι,

182 5601 289 5654 καὶ
335 5601 435 5672 τῆς
480 5604 805 5675 οἰκουμένης
854 5603 1076 5676 ἀπάσης
1132 5603 1630 5677 ἀντιπραττούσης,
1680 5604 1779 5659 καὶ

1244 256 1313 321 IN
1341 257 1398 313 S.
1428 256 1876 316 EUSTATHIUM
1920 259 2436 347 ANTIOCHENUM.

3389 279 3494 336 606

1919 375 2058 444 μετὰ
2077 376 2276 449 πολλῆς
2296 380 2395 449 τῆς
2423 380 2783 453 σφοδρότητος
2807 383 3212 458 ἀπωθουμένων
3241 388 3496 449 ἁπάντων

1912 469 2039 532 τοὺς
2080 469 2287 524 δώδεκα
2316 473 2638 546 ἀνθρώπους
2684 477 2960 542 ἐκείνους,
2997 479 3122 545 τοὺς
3165 480 3498 550 ἀποστόλους

1911 557 2095 628 λέγω,
2128 561 2418 634 δυνηθῆναι
2463 566 2520 617 ἐν
2568 565 2763 637 βραχεῖ
2807 568 2985 642 καιρῷ
3029 572 3494 643 μαστιζομένους,

1911 650 2340 722 ἐλαυνομένους,
2395 656 2564 727 μυρία
2600 658 2909 728 πάσχοντας
2956 661 3135 727 δεινὰ,
3185 663 3294 717 τῶν
3325 667 3496 721 ταῦτα

1911 743 2209 798 ποιούντων
2263 747 2537 817 κρατῆσαι
2586 749 2705 819 μεθ’
2754 752 3061 825 ὑπερϐολῆς
3111 756 3351 828 ἁπάσης.
3394 758 3498 811 Διά

1908 834 2083 888 ταῦτα
2119 835 2213 889 καί⁵
2238 837 2330 890 τὸν
2379 840 2649 910 μακάριον
2684 842 2983 897 Εὑστάθιον
3020 846 3201 916 ἀφῆκε
3233 850 3368 919 πρὸς
3393 848 3494 919 τὴν

1912 925 2210 997 ὑπερορίαν
2243 930 2271 980 6
2306 928 2438 993 Θεὸς
2482 931 2870 1003 ἀπενεχθῆναι,
2913 936 2999 989 ἵνα
3054 938 3320 1007 μειζόνως
3361 941 3493 1010 ἡμῖν

1906 1016 2054 1088 δείξῃ
2082 1018 2177 1070 καὶ
2206 1018 2306 1088 τὴν
2335 1018 2565 1091 δύναμιν
2596 1025 2696 1094 τῆς
2749 1025 3039 1097 ἀληθείας,
3075 1031 3170 1081 καὶ
3208 1030 3315 1083 τῶν
3339 1032 3493 1102 αἰρε-

1906 1108 2074 1161 τικῶν
2102 1109 2200 1179 τὴν
2229 1110 2535 1168 ἀσθένειαν.
2573 1115 2803 1169 Μέλλων
2842 1117 3021 1170 τοίνυν
3052 1118 3189 1188 πρὸς
3214 1120 3312 1191 τὴν
3357 1123 3492 1175 ἀπο-

1905 1200 2106 1270 δημίαν
2134 1201 2374 1270 ἀπιέναι,
2405 1204 2505 1275 τὴν
2541 1205 2640 1275 μὲν
2671 1208 2825 1260 πόλιν
2855 1208 3029 1278 ἠφίει,
3060 1211 3159 1281 τὴν
3188 1211 3243 1264 δὲ
3268 1214 3490 1283 ἀγάπην

1906 1292 2060 1362 ὑμῶν
2093 1295 2192 1348 οὑκ
2215 1297 2365 1365 ἠφίει
2386 1314 2399 1326 ⁸
2433 1297 2551 1350 οὑδὲ
2580 1299 2763 1373 ἐπειδὴ
2799 1300 2895 1373 τῆς
2918 1302 3248 1372 Ἐκκλησίας
3272 1305 3492 1372 ἐξεϐάλ-

1905 1387 2045 1453 λετο,
2088 1391 2182 1442 καὶ
2213 1391 2311 1461 τῆς
2341 1391 2679 1463 προστασίας
2712 1399 2807 1447 καὶ
2834 1394 2934 1463 τῆς
2970 1396 3110 1467 ὑπὲρ
3140 1396 3294 1467 ὑμῶν
3327 1384 3491 1470 x1365-

1907 1482 2097 1552 μονίας
2126 1482 2404 1554 ἀλλότριον
2436 1485 2627 1539 ἑαυτὸν
2668 1482 2808 1539 εἶναι
2836 1487 3107 1559 ἐνόμιζεν,
3135 1490 3269 1544 ἀλλά
3308 1492 3493 1562 μειζό-

1903 1589 2009 1635 νως
2036 1572 2155 1626 τότε
2187 1573 2433 1643 ἐκήδετο,
2463 1576 2556 1628 καὶ
2585 1577 2869 1647 ἐφρόντιζε
2890 1595 2904 1610 ⁸
2928 1581 3024 1634 καὶ
3047 1582 3284 1646 καλέσας
3318 1584 3491 1639 ᾶπαν-

1900 1682 1999 1727 τας
2026 1664 2367 1734 παρεκάλεσε
2396 1666 2470 1738 μὴ
2500 1670 2923 1740 παραχωρῆσαι,
2952 1673 3086 1741 μηδὲ
3109 1674 3351 1728 ἐνδοῦναι
3374 1679 3487 1739 τοῖς

1901 1754 2086 1819 λύκοις
2110 1795 2125 1820 ,
2171 1755 2306 1827 μηδὲ
2346 1756 2640 1828 προδοῦναι
2671 1759 2768 1830 τὴν
2817 1761 3059 1832 ποίμνην
3097 1763 3311 1827 αὑτοῖς,
3349 1764 3486 1818 ἀλλά

1904 1850 2085 1918 μένειν
2119 1846 2267 1900 ἔνδον
2304 1848 2758 1919 ἐπιστομίζοντας
2794 1852 2890 1922 μὲν
2921 1854 3120 1916 αὐτοὺς
3146 1855 3240 1907 καὶ
3275 1854 3485 1925 διελέγ-

1900 1954 2114 2008 χοντας,
2142 1940 2269 2001 τοὺς
2295 1939 2718 2011 ἀκεραιοτέρους
2745 1940 2801 1993 δὲ
2832 1942 2941 1994 τῶν
2978 1943 3223 2014 ἀδελφῶν
3250 1946 3484 2015 ἀσφαλιο

1901 2026 2181 2099 ζομένους.
2206 2029 2319 2083 Καὶ
2343 2030 2424 2083 ὅτι
2456 2030 2638 2094 καλῶς
2671 2032 2949 2101 ἐκέλευσε,
2977 2035 3039 2088 τὸ
3073 2036 3226 2101 τέλος
3249 2036 3482 2104 ἔδειξεν·

1900 2121 1948 2172 εἰ
1988 2118 2097 2191 γὰρ
2129 2119 2205 2191 μὴ
2243 2121 2495 2191 ἐμείνατε
2525 2124 2583 2174 ἐν
2617 2124 2683 2191 τῇ
2723 2123 3020 2195 Ἐκκλησία
3050 2126 3194 2192 τότε,
3231 2126 3291 2179 τὸ
3325 2126 3485 2181 πλέον

1898 2211 1999 2281 τῆς
2026 2211 2235 2275 πόλεως
2258 2208 2327 2283 ἦν
2356 2211 2779 2284 διεφθαρμένον,
2809 2214 2894 2266 ἐπ’
2921 2216 3156 2287 ἐρημίας
3180 2217 3285 2270 τῶν
3304 2217 3485 2273 λύκων

1899 2301 1975 2356 τὰ
1992 2304 2242 2375 πρόϐατα
2271 2303 2559 2360 ἐσθιόντων
2577 2323 2590 2336 ·
2617 2304 2734 2359 ἀλλ’
2759 2307 2968 2360 ἐκείνου
2989 2308 3049 2361 τὸ
3073 2309 3224 2380 ῥῆμα
3246 2309 3483 2364 ἐκώλυσε

1903 2395 2043 2465 μετά
2070 2395 2256 2459 ἀδείας
2285 2398 2484 2460 αὐτοὺς
2528 2397 2626 2467 τὴν
2656 2397 2862 2451 οἰκείαν
2908 2399 3277 2466 ἐπιδείξασθαι
3320 2418 3486 2470 πονη-

1900 2487 2042 2557 ρίαν.
2070 2488 2145 2540 υὺ
2175 2486 2238 2540 τὸ
2263 2487 2417 2551 τέλος
2444 2488 2501 2541 δὲ
2534 2486 2703 2555 ἔδειξε
2740 2489 2920 2560 μόνον,
2947 2488 3085 2542 ἀλλὰ
3118 2490 3213 2544 καί
3246 2491 3313 2544 τά
3337 2491 3484 2544 Παύ-

1896 2576 1989 2631 λου
2022 2579 2272 2651 ῥήματα⁸
2313 2578 2408 2632 καὶ
2435 2578 2546 2649 γὰρ
2577 2572 2732 2642 οὗτος
2771 2580 2901 2651 παρ’
2932 2579 3142 2633 ἐκείνου
3173 2578 3484 2645 παιδευθεὶς

1895 2671 2067 2725 ταῦτα
2090 2670 2348 2742 παρῄνει.
2375 2670 2447 2723 Τί
2484 2665 2578 2725 οὖν
2611 2674 2640 2725 6
2666 2670 2879 2735 Παῦλός
2910 2689 3086 2741 (mea;
3118 2672 3347 2729 Μέλλων
3375 2675 3483 2728 ἀπ-

1894 2761 2124 2832 άγεσθαί
2149 2779 2278 2815 ποτε
2300 2764 2380 2826 εἰς
2402 2762 2502 2831 τὴν
2516 2762 2737 2834 Ῥώμην
2758 2762 2858 2835 τὴν
2883 2764 3122 2836 ἐσχάτην
3147 2764 3478 2836 ἀποδημίαν,

1898 2851 2017 2923 μεθ’
2040 2852 2107 2923 ἣν
2132 2852 2232 2905 οὑκ
2261 2851 2340 2906 ἔτι
2373 2852 2597 2922 ἔμελλεν
2626 2852 2854 2920 ὄψεσθαι
2884 2854 3011 2917 τοὺς
3045 2853 3289 2926 μαθητάς
3309 2871 3324 2884 ⁸
3357 2858 3482 2910 Οὐκ

1892 2942 1979 2995 ἔτι
2006 2940 2120 3011 γὰρ
2166 2938 2323 3011 ὑμᾶς
2364 2941 2607 3011 ὄψομαι,
2642 2943 2775 3014 φησί
2798 2959 2811 2972 ⁸
2838 2941 2998 2997 τοῦτο
3027 2944 3084 2998 δὲ
3124 2943 3330 3014 ἔλεγεν,
3359 2945 3480 3015 οὑχὶ

1891 3032 2172 3103 λυπῆσαι,
2226 3032 2342 3087 ἀλλ’
2390 3034 2798 3103 ἀσφαλίσασθαι
2851 3034 3175 3107 βουλόμενος
3197 3052 3217 3068 ⁸
3264 3037 3479 3108 μέλλων

1890 3123 2070 3178 τοίνυν
2098 3123 2402 3194 ἀποδημεῖν
2450 3125 2684 3193 ἐκεῖθεν,
2716 3124 2860 3179 οὑτω
2908 3142 3027 3190 πως
3067 3127 3267 3192 αὑτοὺς
3301 3130 3479 3199 ἠσφα-

1890 3212 2068 3277 λίζετο
2091 3213 2292 3283 λέγων·
2326 3209 2470 3268 Οἶδα
2502 3214 2593 3268 ὅτι
2613 3214 2766 3285 μετὰ
2799 3214 2915 3283 τὴν
2953 3216 3163 3286 ἄφιξίν
3194 3235 3314 3287 μου
3346 3221 3476 3272 εἰσ-

1892 3306 2251 3360 ελεύσονται
2283 3305 2435 3374 πρὸς
2456 3303 2613 3376 ὑμᾶς
2638 3306 2815 3361 λύκοι
2836 3307 3071 3377 βαρεῖς,
3094 3309 3189 3363 καί
3220 3306 3290 3373 ἐξ
3310 3308 3479 3379 ὑμῶν

1889 3396 2090 3453 αὐτῶν
2156 3395 2607 3465 ἀναστήσονται
2670 3397 2887 3467 ἄνδρες
2948 3400 3290 3466 λαλοῦντες
3357 3400 3478 3455 διε-

1889 3486 2256 3557 στραμμένα.
2272 3487 2546 3558 Τριπλοῦς
2564 3489 2594 3541 6
2608 3486 2866 3558 πόλεμος,
2883 3488 2916 3558 ἡ
2935 3487 3098 3557 φύσις
3117 3488 3226 3543 τῶν
3248 3487 3476 3561 θηρίων,

1889 3577 1923 3647 ή
1947 3576 2251 3647 χαλεπότης
2277 3575 2371 3629 τοῦ
2395 3576 2658 3649 πολέμου,
2681 3577 2759 3631 τὸ.
2768 3575 2844 3650 μὴ
2867 3576 3204 3649 ἀλλοτρίους,
3221 3578 3358 3632 ἀλλά
3382 3581 3477 3632 καὶ

1888 3668 2127 3733 οἰκείους
2156 3665 2300 3722 εἶναι
2333 3669 2462 3732 τοὺς
2487 3667 2891 3738 πολεμοῦντας·
2925 3667 3014 3722 διά
3042 3668 3201 3722 τοῦτο
3226 3668 3477 3740 χαλεπώ-

1886 3777 2081 3831 τερος⁸
2120 3759 2369 3824 εἰκότως.
2417 3759 2518 3814 “Av
2555 3760 2653 3830 μὲν
2681 3759 2792 3831 γὰρ
2826 3759 3029 3827 ἔξωθέν
3066 3761 3135 3831 μέ
3178 3777 3262 3824 τις
3303 3759 3472 3834 βάλλῃ

1887 3854 1984 3906 καὶ
2021 3851 2259 3923 πολεμῇ,
2295 3851 2495 3923 ῥᾳδίως
2525 3850 2692 3906 αὑτοῦ
2722 3853 3106 3924 περιγενέσθαι
3133 3853 3437 3925 δυνήσομαι
3455 3872 3470 3886 ⁸

1888 3941 1953 3996 ἂν
1978 3943 2035 3996 δέ
2062 3941 2272 3996 ἔνδοθεν
2306 3942 2416 3996 ἀπὸ
2447 3942 2543 3996 τοῦ
2577 3943 2829 4015 σώματος
2867 3943 2978 4017 φύῃ
3000 3944 3060 3998 τὸ
3084 3944 3258 4008 ἕλκος,
3286 3945 3477 3999 δυσία-

1886 4051 1978 4089 τον
2008 4033 2217 4102 γίνεται
2245 4033 2306 4087 τὸ
2340 4033 2538 4088 κακόν⁸
2568 4034 2598 4087 ὃ
2627 4034 2691 4104 δὴ
2723 4035 2820 4087 καὶ
2851 4034 2973 4087 τότε
2994 4034 3234 4102 ἐγένετο.
3260 4034 3353 4089 Διὸ
3377 4037 3473 4090 καὶ

1888 4126 2120 4199 παρῄνει
2154 4125 2353 4193 λέγων,
2397 4125 2732 4195 Προσέχετε
2777 4124 3016 4192 ἑαυτοῖς
3050 4126 3147 4179 καὶ
3176 4126 3356 4181 παντί
3392 4126 3474 4192 τῷ

1888 4220 2175 4288 ποιμνίῳ·
2211 4218 2311 4272 οὑκ
2348 4213 2490 4284 εἶπε,
2523 4218 2934 4283 Καταλιπόντες
2964 4218 3032 4273 τὰ
3062 4220 3311 4291 πρόϐατα
3337 4220 3473 4290 φεύ-

1886 4324 2012 4377 γετε
2052 4307 2177 4374 ἔξω.
2205 4307 2392 4361 Ταῦτα
2427 4309 2522 4363 καὶ
2558 4311 2587 4363 6
2624 4300 2897 4380 μακάριος
2936 4308 3235 4374 Εὑστάθιος
3273 4327 3479 4364 πεπαισ

1886 4396 2146 4471 δευμένος
2191 4398 2423 4472 παρῄνει
2466 4403 2579 4463 τοῖς
2614 4400 2813 4455 ἐαυτοῦ
2850 4402 3153 4473 μαθηταῖς·
3186 4401 3332 4475 ἅπερ
3375 4397 3477 4457 οὖν

1888 4492 1982 4546 καὶ
2004 4494 2032 4545 ό
2061 4491 2226 4561 σοφὸς
2254 4488 2410 4556 οὗτος
2453 4493 2550 4547 καὶ
2579 4497 2825 4563 γενναῖος
2856 4494 3175 4558 διδάσκαλος
3207 4495 3471 4563 ἀκούσας,

1886 4582 2033 4656 ἔργῳ
2060 4583 2153 4637 τὸν
2177 4583 2330 4653 λόγον
2364 4584 2702 4656 ἐπλήρωσεν.
2732 4586 3028 4640 Είσιόντων
3054 4586 3186 4655 γοῦν
3221 4588 3471 4650 ἐκείνων,

1885 4677 1985 4730 οὐκ
2014 4676 2197 4748 ἀφῆκε
2221 4676 2292 4731 τὰ
2309 4677 2581 4749 πρόϐατα,
2609 4678 2785 4734 καίτοι
2804 4697 2868 4748 γε
2893 4679 2994 4733 οὐκ
3013 4675 3081 4751 ἦν
3112 4680 3204 4733 ἐπὶ
3229 4680 3319 4734 τὸν
3346 4680 3472 4752 θρό-

1884 4785 1975 4822 νον
2010 4768 2111 4837 τῆς
2142 4768 2320 4839 ἀρχῆς
2355 4768 2626 4822 ἀνελθών⁸
2669 4770 2785 4823 ἀλλ’
2818 4770 2973 4824 οὑδὲν
3005 4769 3166 4823 τοῦτο
3197 4771 3334 4843 πρὸς
3368 4772 3473 4842 τὴν

1883 4858 2138 4929 γενναίαν
2167 4859 2386 4931 ἐκείνην
2425 4861 2519 4914 καὶ
2545 4861 2835 4930 φιλόσοφον
2862 4861 3066 4934 ψυχήν.
3103 4862 3215 4926 Τάς
3239 4862 3341 4934 μὲν
3361 4863 3468 4936 γὰρ

1882 4950 2050 5022 τιμὰς
2087 4950 2197 5004 τῶν
2240 4952 2519 5023 ἀρχόντων
2547 4953 2763 5025 ,ἑτέροις
2803 4954 2977 5023 ἠφίει.
3004 4954 3130 5017 τοὺς
3168 4952 3229 5007 δέ
3272 4954 3470 5019 πόνους

1881 5041 1992 5095 τῶν
2038 5041 2317 5110 ἀρχόντων
2360 5043 2524 5105 αὑτὸς
2558 5044 2872 5115 ὑπέμενεν,
2923 5042 3072 5097 ἔνδον
3118 5044 3321 5115 μεταξὺ
3356 5045 3469 5098 τῶν

1880 5132 2061 5186 λύκων
2093 5132 2457 5203 στρεφόμενος
2476 5149 2492 5165 ⁸
2525 5134 2678 5187 οὐδὲν
2709 5133 2819 5206 γὰρ
2844 5135 3008 5189 αὑτὸν
3038 5136 3092 5189 οἱ
3117 5137 3228 5189 τῶν
3262 5136 3469 5209 θηρίων

1882 5221 2094 5286 ὀδόντες
2121 5221 2409 5290 ἔϐλαπτον,
2430 5222 2606 5287 οὑτως
2629 5225 2986 5297 ἰσχυροτέραν
3010 5226 3194 5280 πίστιν
3218 5222 3332 5297 εἷχε
3356 5226 3468 5279 τῶν

1882 5313 2108 5368 ἐκείνων
2143 5314 2458 5386 δηγμάτων.
2496 5316 2687 5369 Ἐνδον
2724 5316 2906 5371 τοίνυν
2952 5318 3339 5389 στρεφόμενος,
3367 5317 3465 5372 καί

1881 5407 1947 5476 τῇ
1978 5404 2238 5478 γινομένῃ
2271 5406 2407 5477 πρὸς
2438 5406 2601 5461 αὑτὸν
2631 5406 2779 5479 μάχῃ
2824 5407 3034 5471 πάντας
3074 5408 3272 5471 αὐτοὺς
3298 5408 3465 5476 ἀσχοο
3564 5438 3567 5441 -

1882 5494 2011 5558 λῶν,
2032 5495 2235 5566 πολλὴν
2264 5496 2450 5550 ἄδειαν
2477 5499 2590 5560 τοῖς
2614 5497 2909 5569 προϐάτοις
2934 5498 3363 5568 παρεσκεύαζεν.
3386 5496 3465 5549 Οὑ

1883 5585 2040 5640 τοῦτο
2059 5584 2116 5639 δὲ
2143 5587 2302 5657 μόνον
2334 5586 2506 5640 ἐποίει
2534 5588 2861 5660 ἐμφράτοων
2893 5586 3075 5643 αὑτῶν
3096 5585 3163 5639 τὰ
3189 5588 3465 5659 στόματα,
