4080 6196
295 210 400 267 6ηό

294 326 412 387 hat,
443 338 570 378 num
598 324 718 394 quis
746 325 853 381 telo
879 328 1164 397 percussus
1195 327 1398 393 fuisset,
1431 339 1557 384 num
1579 346 1738 402 grave
1770 333 1886 388 rul-

297 433 396 473 nus
423 418 723 487 accepisset
751 459 765 483 ,
794 420 1079 487 statimque
1101 420 1544 476 medicamentum
1579 424 1883 479 adhibebat.

297 508 405 564 Hoc
443 508 571 563 dum
613 508 829 570 faceret.
873 508 939 563 ad
981 525 1160 564 veram
1206 510 1574 569 ﬁdemomnes
1597 516 1883 583 animavit,

293 616 392 656 uec
428 602 577 670 prius
605 601 811 657 destitit
836 644 850 668 ,
884 617 1040 672 quam
1071 603 1163 658 Dei
1195 619 1415 660 munere
1441 612 1600 675 atque
1626 621 1884 663 concessu

296 694 483 747 beatus
508 692 751 747 Meletius
789 693 1040 761 advenit,
1069 696 1157 765 qui
1188 706 1349 751 totam
1378 713 1606 752 massam
1647 701 1881 771 accepit;

294 784 379 836 nic
410 784 714 847 seminavit,
741 784 830 839 ille
850 786 1092 839 messuit.
1117 787 1242 842 Tale
1265 788 1388 857 quid
1410 789 1569 843 etiam
1598 790 1809 861 Moyses
1832 803 1887 847 et

292 878 471 929 Aaron
500 877 878 945 praestiterunt.
906 877 1038 931 Nam
1078 887 1132 933 et
1174 879 1246 932 illi
1278 878 1525 935 fermenti
1553 883 1602 934 in
1639 897 1843 937 morem
1865 924 1880 952 ,

291 966 417 1020 dum
451 968 503 1020 in
539 967 716 1021 medio
744 967 1120 1039 Egyptiorum
1150 979 1491 1025 versarentur
1511 1014 1526 1037 ,
1560 972 1755 1027 multos
1782 970 1883 1028 do-

291 1058 530 1111 mesticae
593 1059 808 1129 pietatis
875 1061 1214 1115 aemulatores
1270 1061 1582 1119 reddebant.
1636 1062 1885 1118 Testatur

292 1150 392 1204 hoc
425 1150 668 1221 Moyses,
709 1151 835 1205 dum
881 1151 1106 1206 multum
1150 1152 1337 1223 vulgus
1363 1154 1721 1224 promiscuum
1760 1170 1881 1210 cum

293 1243 547 1297 lsraelitis
616 1242 691 1296 ait
757 1243 1063 1298 ascendisse
1123 1243 1336 1315 (Exod.
1397 1246 1483 1301 12.
1532 1247 1660 1318 58).
1729 1248 1882 1304 Hunc

293 1333 530 1404 lloysem
583 1333 794 1388 imitans
817 1333 916 1389 iste
936 1376 950 1401 ,
982 1336 1140 1389 etiam
1169 1345 1292 1392 ante
1320 1339 1683 1407 magistratum
1704 1381 1718 1404 ,
1761 1355 1881 1409 qua:

294 1427 637 1494 magistratus
699 1435 856 1480 erant
910 1426 1129 1497 gerebat
1188 1445 1201 1481 :
1247 1428 1507 1498 siquidem
1546 1431 1635 1485 ille
1706 1432 1882 1500 prius-

292 1529 451 1583 quam
490 1515 543 1568 in
586 1515 835 1584 populum
862 1515 1092 1570 delatum
1123 1516 1196 1571 illi
1224 1526 1366 1572 esset
1404 1519 1684 1589 imperium
1707 1562 1721 1586 ,
1770 1521 1879 1575 for~

290 1608 412 1660 liter
458 1606 745 1661 admodum
773 1616 947 1678 atque
989 1624 1249 1678 generose
1290 1611 1580 1666 inferentes
1632 1612 1876 1681 injuriam

289 1696 561 1764 puniebat,
608 1697 855 1767 injuriam
897 1701 1161 1768 patientes
1203 1700 1595 1771 ulciscebatur,
1640 1711 1693 1758 et
1732 1705 1879 1775 regia

1434 213 1497 269 IN
1527 215 1584 271 S.
1629 214 1963 276 ROMANUM
2003 219 2407 283 MARTYREM.
2447 226 2487 285 Ι.

3478 253 3582 309 606

1994 349 2174 393 mensa
2198 380 2213 405 ,
2249 338 2542 398 honoribus
2570 344 3019 423 dignitatibusque
3059 360 3377 428 contemptis
3402 363 3468 416 ad
3488 365 3580 420 lu-

1994 435 2102 481 tum
2129 438 2183 483 et
2210 429 2496 488 lateritium
2522 450 2656 505 Opus
2677 442 2925 497 currebat
2944 486 2958 509 ,
2984 459 3045 499 ac
3072 445 3276 503 deliciis
3305 453 3578 524 omnibus,

1991 520 2349 588 voluptatibus
2396 534 2450 579 et
2493 526 2783 585 honoribus
2825 534 3208 602 praeferendam
3250 520 3581 614 prOpinquo;

1990 623 2108 662 rum
2158 625 2339 667 curam
2384 616 2726 674 existimabat
2755 639 2772 675 :
2801 623 2867 677 ad
2900 642 3053 695 quem
3086 631 3267 685 oculos
3308 632 3409 689 iste
3448 650 3580 691 cou-

1991 708 2203 756 vertcns
2234 705 2572 775 magistratus
2601 724 2788 768 omnes
2814 728 2907 767 sua
2952 716 3002 770 in
3033 722 3284 788 populum
3312 725 3578 781 sollicitu-

1989 788 2114 844 dine
2142 795 2675 868 commonefaciebat,
2708 812 2761 857 et
2799 804 3008 861 labores
3036 810 3273 877 perferre
3296 856 3310 878 ,
3340 817 3579 888 undique

1989 880 2244 948 divexari,
2277 901 2434 955 quam
2468 893 2847 960 tranquillitate
2874 896 2977 951 frui
3005 900 3254 969 malebat,
3289 919 3351 959 ac
3378 880 3573 976 perpe—

1989 980 2106 1028 tuas
2138 975 2189 1031 in
2220 977 2337 1033 dies
2364 980 2664 1038 inimicitias
2686 985 3010 1043 incurrebat.
3041 992 3412 1052 Verumtamen
3437 975 3574 1055 levia

1987 1076 2140 1120 erant
2168 1068 2239 1122 illi
2266 1071 2443 1126 omnia
2475 1088 2488 1125 :
2518 1074 2779 1143 siquidem
2808 1093 2873 1133 ex
2902 1079 2964 1133 iis
2991 1082 3148 1137 rebus
3170 1125 3184 1148 ,
3216 1100 3334 1155 quae
3362 1089 3574 1144 accide-

1986 1157 2145 1227 bant,
2192 1160 2436 1217 idoneam
2465 1168 2848 1224 consolationis
2879 1176 3215 1230 occasionem
3259 1180 3568 1249 arripiebat.

1986 1248 2115 1315 Quae
2165 1265 2283 1305 cum
2322 1254 2393 1308 ita
2441 1257 2546 1310 sint
2570 1300 2585 1323 ,
2635 1258 2744 1314 Deo
2784 1263 2984 1331 gratias
3021 1276 3240 1335 agentes
3267 1248 3573 1328 sanctorum

1986 1340 2209 1397 istorum
2239 1345 2461 1402 virtutes
2510 1350 2813 1419 imitemur,
2862 1365 2919 1410 ut
2948 1362 3253 1416 earumdem
3297 1379 3417 1419 cum
3446 1366 3576 1436 ipsis

1984 1446 2301 1488 coronarum
2333 1439 2615 1509 participes
2651 1458 2771 1498 esse
2800 1448 3069 1505 valeamus
3089 1491 3105 1517 ,
3136 1454 3301 1521 gratia
3333 1464 3387 1509 et
3416 1456 3568 1511 beni-

1984 1523 2181 1592 gnitate
2210 1526 2419 1581 Domini
2452 1533 2619 1585 nostri
2645 1532 2769 1588 Jesu
2796 1535 2994 1593 Christi
3022 1580 3035 1603 ,
3069 1556 3163 1610 per
3192 1559 3351 1611 quem
3375 1554 3428 1599 et
3453 1562 3573 1602 cum

1984 1629 2088 1682 quo
2114 1615 2256 1670 Patri
2282 1634 2489 1689 unaque
2509 1634 2694 1677 sancto
2720 1624 2936 1695 Spiritui
2966 1630 3131 1699 gloria
3148 1674 3163 1699 ,
3194 1634 3364 1689 honor
3384 1644 3439 1691 et
3472 1638 3573 1692 im-

1984 1708 2187 1777 perium
2215 1709 2267 1764 in
2298 1713 2488 1767 saecula
2518 1716 2857 1773 smculorum.
2892 1722 3084 1778 Amen.
3420 1710 3423 1711 ν

320 1944 3551 1985 “mm

1708 2245 2148 2307 ADMONITIO.

294 2491 535 2547 secunda
569 2488 878 2544 dicendum.
908 2487 1061 2543 Licet
1086 2486 1234 2542 enim
1261 2485 1380 2540 haec
1406 2483 1570 2538 verba
1600 2482 1704 2538 sub
1732 2483 1894 2536 [intem
1927 2482 2207 2536 homilire:
2252 2480 2544 2536 Voluissem
2571 2482 2811 2553 equidem
2846 2481 2904 2534 in
2925 2482 3082 2552 hujus
3114 2486 3371 2556 martyris
3401 2502 3565 2557 argu-

295 2613 467 2657 mento
500 2604 853 2658 exsultantem
884 2603 1178 2657 orationem
1206 2602 1275 2655 ad
1312 2600 1471 2671 ﬁnem
1495 2615 1658 2667 usque
1686 2598 1942 2653 deducere
1968 2613 1988 2652 :
2015 2608 2070 2653 at
2102 2598 2241 2667 justi
2272 2599 2433 2668 spatii
2466 2608 2667 2667 tempus
2695 2599 2926 2665 advenit,
2950 2608 3002 2654 et
3033 2580 3095 2653 ut
3126 2600 3276 2673 [6H]
3307 2603 3563 2656 sileamus

292 2720 557 2779 hortatur.
592 2721 736 2776 Nam
761 2732 809 2776 et
839 2722 977 2776 vobis
1008 2720 1077 2774 ad
1110 2719 1398 2774 utilitatem
1427 2720 1539 2773 hac
1574 2717 1717 2771 dicta
1745 2717 2031 2787 sufficiunt,
2060 2727 2107 2771 et
2142 2716 2436 2770 necessaria
2465 2724 2588 2769 sunt
2622 2714 2806 2769 Patris
2831 2715 3172 2784 documenta,
3201 2728 3257 2770 ut
3287 2719 3431 2772 dicta
3465 2719 3565 2773 illa
3608 2798 3611 2799 ν

291 2842 657 2913 perficiantur.
700 2837 868 2901 Licet,
901 2836 1145 2907 inquam,
1177 2836 1292 2891 haec
1341 2833 1508 2890 verba
1541 2831 1862 2887 Flavianum
1896 2830 2215 2901 episcopum
2263 2845 2387 2885 mox
2442 2829 2899 2885 conciouaturum
2946 2831 3211 2899 indicent,
3246 2842 3305 2887 ut
3348 2831 3404 2886 in
3435 2831 3560 2886 aliis

294 2956 678 3029 Chrysostomi
723 2954 966 3009 homiliis
999 2968 1109 3007 non
1141 2949 1518 3020 infrequenter
1548 2945 2063 3011 animadvertimus,
2114 2958 2486 3021 magnumque
2536 2942 2664 2998 hinc
2705 2944 3060 3017 γνησιότητος
3098 2945 3364 3001 indicium
3416 2947 3560 3003 sumi

291 3086 453 3144 posse
488 3070 756 3132 videatur,
805 3075 1044 3121 attamen
1097 3063 1225 3136 styli
1284 3076 1456 3134 genus
1487 3069 1595 3115 tam
1623 3059 1876 3115 absiiuile
1906 3058 2123 3114 videtur
2157 3058 2279 3112 aliis
2323 3056 2704 3129 Chrysostomi
2762 3061 3140 3127 orationibus,
3179 3061 3271 3115 vix
3304 3069 3365 3115 ut
3412 3062 3562 3117 credi

290 3188 469 3259 possit
500 3187 645 3241 hanc
676 3199 796 3240 esse
824 3181 882 3239 S.
914 3181 1153 3238 doctoris
1190 3180 1496 3235 homiliam.
1524 3176 1720 3233 Omnia
1750 3178 1838 3233 hic
1868 3177 2040 3249 tropis
2069 3174 2671 3247 exclamationibusque
2703 3176 3036 3243 redundant,
3066 3186 3121 3233 et
3170 3180 3359 3236 nescio
3400 3197 3567 3251 quam

297 3302 748 3376 peregrinitatem
785 3300 954 3366 olent,
982 3298 1027 3354 si
1060 3312 1183 3353 cum
1210 3296 1644 3367 praecedentibus
1681 3305 1735 3350 et
1763 3293 2123 3364 sequentibus
2164 3289 2527 3346 concionibus
2568 3298 2979 3360 comparentur.
3009 3288 3190 3356 Quare
3231 3292 3560 3348 crediderim

287 3424 476 3495 potius
503 3435 626 3477 esse
663 3419 951 3490 cujusdam
983 3417 1282 3488 presbyteri
1317 3414 1664 3480 Autiocheni,
1712 3415 1805 3485 qui
1841 3412 1945 3470 sub
1986 3411 2253 3468 Flaviano
2298 3409 2541 3464 alternas
2584 3424 2707 3464 cum
2754 3408 3153 3479 Chrysostomo
3194 3410 3565 3467 conciouandi

292 3543 480 3605 partes
511 3538 713 3602 ageret.

364 3675 751 3747 lnterpretatio
806 3673 998 3730 Latina
1037 3672 1229 3743 primae
1269 3671 1507 3726 homdia:
1539 3679 1624 3726 est
1666 3668 1862 3724 incerti
1896 3665 2206 3739 cujusdam,
2258 3662 2517 3720 secunda:
2570 3678 2696 3720 vero
2751 3662 3045 3720 Frontonis
3099 3663 3317 3731 Ducazi;
3379 3665 3572 3723 amhas

291 3791 503 3859 aliquot
528 3793 580 3845 in
612 3791 747 3846 locis
774 3789 1213 3845 emendavimus.

280 4036 3346 4067 W

1405 4170 2261 4280 LAUDATIO
2334 4173 2401 4279 1

1426 4394 1647 4438 sucu
1689 4393 2009 4438 MARTYBIS
2038 4393 2281 4439 nouam
2339 4384 2439 4455 (a).

1747 4545 2106 4603 οοωοο

362 4691 416 4744 1.
458 4686 571 4741 Nos
606 4700 780 4738 sumus
816 4680 1103 4749 Martyrum
1144 4671 1395 4740 membra,
1426 4671 1527 4725 imo
1565 4668 1773 4725 Christi.
1802 4696 1874 4708 —

288 4782 499 4836 Rursus
526 4786 815 4846 martyrum
847 4770 1102 4827 memoria
1125 4808 1141 4835 ,
1173 4776 1227 4822 et
1264 4779 1449 4821 rursus
1478 4762 1592 4817 dies
1632 4761 1796 4817 festus
1825 4768 1879 4816 et

286 4871 575 4928 celebritas
598 4864 904 4938 spiritualis.
932 4861 1265 4917 Laborarunt
1292 4856 1387 4922 illi,
1408 4863 1462 4909 et
1482 4868 1578 4908 nos
1601 4852 1874 4907 laetamur:

289 4966 638 5021 decertaruut
675 4960 789 5025 illi,
818 4966 873 5013 ct
910 4971 1007 5010 nos
1035 4954 1364 5010 exsultamus
1392 4968 1406 5005 :
1438 4949 1648 5003 illorum
1680 4954 1762 5001 est
1784 4959 1878 4999 co-

293 5070 429 5110 rona
463 5061 521 5107 et
544 5049 841 5105 communis
870 5046 1035 5117 gloria
1062 5085 1076 5109 ,
1107 5046 1215 5098 imo
1240 5041 1414 5112 potius
1442 5039 1601 5093 totius
1629 5035 1881 5091 Ecclesia:

290 5146 487 5218 gloria.
520 5143 587 5198 Et
613 5140 897 5213 quomodo,
926 5138 1067 5191 dicet
1094 5134 1375 5207 quispiam.
1404 5140 1585 5202 posset
1607 5129 1707 5184 hoc
1732 5127 1882 5183 fieri?

292 5236 431 5305 Quia
470 5242 649 5305 partes
690 5242 743 5287 et
782 5229 1021 5285 membra
1062 5234 1241 5280 nostra
1275 5232 1399 5279 sunt
1426 5230 1686 5292 martyres
1719 5238 1732 5275 :
1764 5219 1884 5273 Sire

294 5336 467 5380 autem
512 5324 700 5395 patitur
740 5332 899 5375 unum
942 5316 1253 5382 membrum,
1299 5314 1671 5384 compatiuntur
1715 5311 1883 5366 omnia

356 5440 440 5502 (ιι)
468 5436 649 5490 eam
669 5446 778 5485 cum
798 5433 942 5485 codd.
969 5439 1119 5495 aegg.
1150 5428 1269 5480 I959
1295 5433 1348 5478 et
1369 5422 1506 5479 2w.

1983 4669 2206 4724 membra
2236 4685 2254 4724 :
2277 4669 2379 4723 sive
2404 4668 2720 4740 gloriﬁcatur
2744 4683 2901 4722 unum
2931 4667 3226 4731 membrum,
3255 4665 3574 4744 congaudent

1984 4763 2154 4816 omnia
2181 4762 2401 4815 membra
2435 4762 2455 4833 (
2478 4762 2529 4815 l.
2554 4760 2673 4816 Cor.
2708 4760 2793 4814 12.
2820 4759 2891 4814 26
2906 4757 2949 4829 ).
2976 4758 3147 4828 Caput
3174 4767 3459 4813 coronatur
3476 4798 3492 4821 .
3521 4767 3577 4811 et

1984 4852 2247 4921 reliquum
2290 4866 2483 4923 corpus
2529 4852 2758 4907 exsultat
2789 4870 2802 4905 :
2833 4864 2971 4906 unus
3008 4858 3090 4905 est
3131 4849 3301 4905 victor
3340 4849 3392 4903 in
3438 4848 3579 4902 ludis

1984 4943 2307 5017 Olympicis,
2336 4954 2389 5001 et
2420 4954 2561 5001 totus
2595 4946 2789 5016 gaudet
2818 4943 3046 5014 populus
3067 4984 3081 5008 ,
3111 4943 3425 5015 magnisque
3451 4956 3579 4997 eum

1986 5035 2230 5093 laudibus
2251 5037 2466 5106 excipit.
2491 5036 2546 5093 Si
2568 5046 2745 5091 autem
2773 5036 2824 5090 in
2853 5034 3144 5108 Olympicis
3168 5033 3577 5093 certaminibus.

1985 5130 2075 5200 qui
2102 5129 2233 5184 nihil
2257 5129 2325 5185 ad
2356 5130 2476 5184 illos
2499 5128 2723 5184 sudores
2747 5128 3122 5193 contulerunt,
3152 5135 3298 5182 tanta
3329 5124 3575 5179 fruuntur
3630 5142 3639 5149 ο

1987 5222 2295 5292 voluptate:
2325 5221 2493 5275 multo
2533 5220 2701 5291 magis
2735 5219 2835 5275 hoc
2873 5218 2966 5275 flet
2998 5220 3052 5274 in
3089 5217 3305 5275 athletis
3342 5213 3580 5285 pietatis.

1986 5311 2096 5367 Nos
2136 5310 2300 5382 pedes
2345 5326 2561 5377 sumus,
2602 5320 2865 5382 martyres
2902 5320 3079 5365 autem
3115 5316 3291 5377 caput.
3322 5304 3427 5360 Sed
3469 5318 3575 5357 non

1990 5415 2166 5479 potest
2202 5415 2361 5477 caput
2402 5406 2579 5463 dicere
2617 5404 2871 5478 pedibus,
2905 5401 3078 5461 Ves'ri
3128 5413 3237 5455 non
3282 5411 3414 5468 egeo
3452 5392 3573 5467 (ιιι.
