4080 6196
485 292 586 348 607

485 421 531 458 υ.
562 400 678 474 21).
705 399 944 457 Gloriosa
976 405 1096 453 sunt
1126 397 1384 459 membra,
1415 394 1505 448 sed
1545 392 1728 462 gloria:
1754 387 2064 444 excellentia

487 510 592 547 non
621 492 788 545 aliena
821 491 904 542 illa
936 487 1059 540 facit
1087 501 1116 538 a
1146 484 1516 554 conjunctione
1537 524 1552 546 ,
1581 497 1696 550 qua:
1727 489 1808 533 est
1832 493 1952 532 cum
1979 491 2066 531 re-

489 583 644 652 liquis
681 582 914 651 partibus
938 579 954 608 ¹
985 594 999 630 :
1033 586 1156 630 tunc
1185 575 1326 628 enim
1363 573 1496 626 ﬁunt
1533 571 1762 624 nmxime
1801 568 2028 638 gloriosa
2051 607 2068 632 ,

490 672 700 740 quando
725 686 842 725 eam
867 710 878 732 ,
911 683 1028 737 quae
1057 667 1330 720 nobiscum
1357 673 1440 719 est
1463 703 1482 728 ,
1512 660 1938 729 coniunctionem
1967 672 2071 712 non

493 763 800 832 abruperint
830 777 846 814 :
879 775 999 813 nam
1045 758 1229 810 oculus
1267 769 1475 824 quoque
1499 795 1514 820 ,
1553 753 1674 806 licet
1716 750 1920 818 reliquo
1966 757 2074 802 toto

495 867 718 921 corpore
740 852 809 904 sit
833 847 1176 917 splendidior,
1201 861 1350 900 suam
1378 855 1500 896 tunc
1523 842 1744 912 gloriam
1773 847 2072 902 conservat,

494 942 702 1011 quando
741 955 768 992 a
809 939 1014 1008 reliquo
1057 950 1284 1004 corpore
1327 949 1434 988 non
1470 931 1816 986 abscinditur.
1857 930 1922 982 Et
1951 927 2074 996 quid

495 1034 562 1088 de
590 1031 908 1101 martyribus
939 1029 1096 1082 dico?
1133 1028 1188 1083 Si
1224 1026 1365 1080 enim
1409 1025 1663 1078 Dominus
1705 1023 1941 1090 ipsorum
1980 1033 2079 1072 no-

497 1135 663 1178 stram
692 1133 848 1192 caput
875 1123 984 1176 ﬁeri
1019 1136 1123 1175 non
1161 1118 1404 1184 erubuit,
1441 1117 1606 1170 multo
1643 1114 1809 1184 magis
1834 1112 1934 1181 ipsi
1959 1124 2078 1164 esse

499 1225 678 1270 nostra
705 1215 940 1268 membra
969 1228 1070 1266 non
1097 1211 1418 1265 erubescunt
1447 1227 1461 1264 :
1491 1207 1684 1261 habent
1710 1205 1850 1260 enim
1877 1203 2080 1256 radica-

502 1317 605 1359 tam
632 1307 901 1359 caritatem
929 1322 941 1358 :
968 1304 1102 1356 solet
1133 1311 1309 1354 autem
1337 1299 1528 1354 caritas
1557 1313 1618 1352 ea
1639 1339 1653 1362 ,
1679 1313 1798 1366 qua:
1825 1304 1948 1350 sunt
1972 1294 2081 1348 dis-

495 1396 674 1466 jnncta
695 1437 710 1462 ,
751 1397 1075 1466 conjungere
1116 1403 1169 1448 et
1191 1393 1461 1462 colligare
1481 1433 1496 1456 ,
1535 1405 1704 1460 neque
1730 1389 1796 1442 de
1827 1387 2080 1456 dignitate

500 1488 786 1542 admodum
818 1496 1059 1541 accurate
1085 1484 1322 1554 inquirit.
1353 1483 1499 1537 Sicut
1523 1497 1648 1550 ergo
1682 1481 1778 1550 ipsi
1809 1480 2078 1548 peccanti-

502 1581 598 1633 bus
628 1580 778 1633 nobis
803 1578 986 1632 dolore
1013 1577 1168 1630 simul
1199 1573 1520 1638 afﬁciuntur,
1551 1574 1618 1626 ita
1649 1588 1746 1624 nos
1773 1571 1929 1625 etiam
1959 1585 2078 1624 cum

501 1677 580 1726 eis
627 1671 676 1724 in
717 1682 858 1724 recte
905 1669 1054 1722 factis
1091 1683 1274 1721 eorum
1319 1666 1578 1720 laetamur.
1619 1663 1707 1718 Sic
1735 1663 1892 1717 etiam
1925 1661 2082 1731 jussit

503 1763 696 1816 Paulus
721 1761 950 1831 gaudere
979 1775 1096 1812 cum
1125 1757 1496 1828 gaudentibus,
1527 1765 1581 1810 et
1607 1755 1734 1810 ﬁere
1759 1769 1878 1808 cum
1909 1753 2083 1807 flenti-

502 1853 600 1906 bus
629 1853 804 1922 (Rom.
839 1850 925 1905 12.
965 1851 1066 1920 l5).
1115 1849 1219 1904 Sed
1263 1848 1390 1902 ﬁere
1429 1848 1640 1917 quidem
1675 1861 1794 1900 cum
1835 1845 2082 1900 ﬂentibus

505 1945 658 1998 facile
688 1952 786 2006 est,
823 1942 1051 2011 gaudere
1076 1951 1250 1994 autem
1277 1955 1394 1994 cum
1426 1939 1773 2008 gaudentibus
1801 1953 1907 1990 non
1935 1936 2083 1989 facile

503 2035 785 2089 admodum
815 2051 827 2087 :
851 2033 1057 2088 facilius
1078 2034 1217 2087 enim
1245 2047 1363 2085 cum
1392 2031 1474 2093 iis,
1499 2030 1588 2098 qui
1617 2031 1670 2082 in
1695 2025 2082 2084 calamitatibus

503 2137 647 2192 sunt,
675 2127 936 2189 dolemus,
964 2140 1120 2194 quam
1148 2139 1267 2177 cutn
1299 2123 1383 2186 iis,
1414 2122 1602 2190 quibus
1629 2129 1750 2173 sunt
1781 2134 1866 2172 res
1896 2133 2085 2172 secun-

504 2218 618 2280 dae,
649 2217 956 2286 gaudemus.
989 2215 1118 2268 Nam
1151 2215 1255 2267 illic
1283 2213 1494 2281 quidem
1525 2213 1633 2280 ipsa
1657 2209 1968 2263 calamitatis
1991 2223 2082 2260 na-

506 2319 620 2362 tura
645 2315 817 2376 potest
845 2307 927 2360 vel
953 2305 1178 2374 lapidem
1203 2302 1416 2358 flectere
1437 2303 1498 2354 ad
1523 2301 2040 2354 commiseraticnem
2065 2315 2080 2352 :

503 2397 590 2450 hic
627 2407 804 2450 autem
831 2397 884 2449 in
914 2395 1073 2449 rebus
1111 2395 1381 2464 prosperis
1423 2392 1618 2446 invidia
1655 2401 1709 2445 et
1747 2391 1879 2444 livor
1917 2405 2040 2445 eum
2065 2430 2079 2455 ,

501 2491 588 2559 qui
621 2505 722 2543 non
761 2489 916 2543 valde
947 2487 1346 2558 philosophatur
1369 2528 1383 2550 ,
1416 2499 1518 2539 non
1558 2485 1684 2538 sinit
1713 2483 1850 2538 effici
1877 2484 2080 2538 socium

511 2580 805 2648 voluptatis.
833 2579 960 2632 Nam
988 2577 1429 2648 quemadmodum
1457 2577 1646 2629 caritas
1668 2589 1751 2640 ea,
1777 2590 1894 2644 qua:
1913 2574 2081 2628 divisa

501 2682 645 2734 sunt,
674 2671 950 2738 conjungit
973 2679 1026 2724 et
1051 2669 1264 2738 colligat
1291 2684 1304 2720 :
1331 2667 1410 2720 sic
1437 2666 1595 2720 etiam
1627 2664 1822 2719 invidia
1849 2679 1934 2732 ea,
1964 2679 2083 2734 quze

503 2764 644 2816 unita
675 2772 798 2818 sunt
816 2805 830 2828 ,
859 2762 1062 2816 dividit.
1087 2760 1472 2828 Quamobrem,
1497 2773 1592 2814 oro
1621 2773 1714 2814 vos
1735 2799 1749 2822 ,
1777 2757 2082 2814 Studeamus

499 2852 732 2921 gaudere
761 2867 880 2906 cum
921 2850 1003 2914 iis,
1032 2851 1119 2920 qui
1151 2859 1296 2904 recte
1325 2865 1436 2903 rem
1467 2856 1675 2918 gerunt,
1711 2855 1767 2900 ut
1796 2847 2024 2900 animam
2051 2861 2080 2900 a

500 2941 668 2995 livore
708 2951 865 3010 atque
903 2939 1099 2995 invidia
1139 2954 1492 3010 expurgemus
1527 2957 1540 2992 :
1573 2937 1702 2991 nihil
1747 2938 1887 2992 enim
1931 2951 2082 3006 teque

501 3032 747 3087 morbum
785 3032 927 3088 hunc
965 3049 1177 3103 gravem
1209 3043 1502 3102 curatuque
1527 3031 1796 3086 difficilem
1826 3030 2078 3098 expellit,

499 3133 659 3194 atque
689 3141 810 3180 cum
847 3125 912 3178 lis
935 3167 950 3190 ,
977 3125 1066 3194 qui
1107 3125 1297 3178 vivunt
1324 3124 1374 3176 in
1405 3123 1634 3188 virtute,
1663 3121 1914 3192 gaudere.
1942 3119 2080 3176 Audi

500 3213 675 3284 itaque
698 3230 854 3282 quam
879 3229 1117 3268 summus
1139 3214 1194 3268 in
1219 3213 1302 3268 his
1323 3214 1557 3283 utrisque
1581 3213 1650 3266 sit
1677 3211 1870 3266 Paulus
1894 3228 1906 3264 :
1934 3209 2077 3278 Quis,

499 3303 688 3373 inquit,
717 3305 1022 3373 inﬁrmatur,
1053 3316 1098 3359 et
1129 3323 1217 3375 ego
1259 3322 1359 3359 non
1389 3305 1656 3373 inﬁrmor?
1682 3303 1794 3374 quis
1821 3302 2078 3357 scandali-

495 3403 661 3462 zatur,
689 3405 734 3448 et
760 3411 849 3464 ego
884 3411 984 3448 non
1009 3411 1129 3448 uror
1154 3395 1233 3466 (2.
1260 3395 1375 3450 Cor.
1407 3395 1493 3448 11.
1525 3393 1660 3466 29)?
1689 3394 1801 3447 Non
1831 3393 1982 3454 dixit,
2014 3391 2079 3446 Et

497 3499 600 3554 ego
637 3485 879 3540 molestia
909 3501 1013 3539 non
1050 3483 1256 3540 afﬁcior
1285 3503 1298 3538 :
1329 3485 1444 3551 sed,
1477 3485 1588 3555 Ego
1617 3501 1718 3538 non
1751 3501 1892 3550 uror,
1923 3483 2074 3548 dixit,

497 3575 684 3630 urendi
721 3576 882 3629 verbo
925 3589 1189 3629 summum
1229 3575 1382 3629 nobis
1413 3575 1650 3628 dolorem
1681 3574 1864 3628 volens
1893 3581 2076 3627 osten-

495 3667 639 3722 dere.
680 3669 740 3722 Et
785 3683 968 3722 rursus
1004 3667 1070 3721 ad
1113 3668 1248 3720 alios
1289 3668 1530 3720 scribens
1568 3665 1723 3728 dicit,
1767 3665 1892 3719 Sine
1937 3663 2078 3717 nobis

491 3760 786 3829 regnavistis
811 3775 829 3812 :
849 3769 892 3812 et
913 3761 1106 3812 utinam
1131 3759 1500 3831 regnavissetis,
1525 3769 1578 3812 ut
1599 3775 1688 3812 nos
1708 3775 1902 3830 quoque
1925 3755 2078 3810 simul

492 3851 743 3902 vobiscum
769 3867 1090 3920 regnaremus
1119 3851 1194 3922 (l.
1233 3851 1348 3904 Cor.
1383 3851 1433 3904 4.
1463 3849 1551 3919 8).
1585 3851 1650 3903 ΕΙ.
1680 3863 1892 3914 rursus,
1923 3848 2076 3902 Nunc

491 3941 698 3994 vivimus
719 3981 734 4007 ,
763 3943 804 3994 si
833 3956 919 3994 vos
945 3943 1086 3996 statis
1111 3942 1164 3995 in
1195 3941 1411 3995 Domino
1446 3941 1521 4010 (Ι.
1553 3941 1725 3995 Thess.
1759 3941 1810 3995 ὅ.
1841 3940 1916 4014 8).
1947 3942 2076 3995 Vide

492 4042 817 4101 quantopere
863 4033 1145 4098 studebat,
1179 4042 1237 4086 ut
1269 4049 1355 4088 res
1385 4032 1604 4086 fratrum
1647 4041 1791 4087 recte
1820 4047 1878 4086 se
1909 4032 2074 4086 habe-

491 4133 646 4182 rent.
677 4125 765 4179 oui
811 4139 906 4178 nec
947 4139 1004 4180 se
1049 4126 1226 4180 vivere
1265 4124 1480 4196 quidem
1519 4124 1886 4191 existimabat,
1921 4124 1962 4177 si
2001 4123 2074 4178 illi

489 4215 622 4268 salvi
651 4230 754 4268 non
784 4225 983 4270 essent.
1321 4283 1340 4290 _
2029 4283 2032 4290 Ι

562 4305 758 4359 Caritas
776 4307 883 4359 sine
903 4307 1143 4376 martyrio
1173 4283 1404 4376 prodeat;
1427 4307 1720 4377 martyrium
1740 4307 1847 4360 sine
1869 4307 2074 4360 caritate

487 4411 589 4447 non
631 4395 850 4464 prodest.
905 4397 1136 4450 Romano
1179 4399 1352 4466 lingua
1390 4408 1679 4466 amputatur
1719 4414 1736 4450 :
1771 4399 1969 4468 quare?
2001 4428 2074 4437 —

487 4484 658 4540 Homo
685 4485 774 4556 qui
813 4486 879 4540 ad
923 4487 1134 4540 tertium
1159 4489 1347 4541 caelum
1379 4497 1559 4555 raptus
1588 4489 1794 4553 fuerat,
1827 4497 1984 4558 atque
2015 4489 2068 4542 in

489 4578 790 4646 paradisum
828 4577 1034 4632 delatus
1059 4620 1074 4644 ,
1101 4586 1154 4632 et
1183 4579 1270 4646 qui
1311 4579 1682 4648 mysteriorum
1727 4578 2068 4634 inefl'abilium

486 4669 749 4737 particeps
777 4667 968 4732 fuerat,
1001 4677 1303 4738 tantamque
1327 4667 1464 4736 apud
1495 4668 1659 4722 Deum
1689 4668 1931 4722 fiduciam
1960 4669 2070 4725 fue-

487 4769 570 4812 rat
599 4767 916 4829 assequutus
939 4801 954 4825 ,
987 4759 1200 4813 illorum
1231 4759 1488 4813 bonorum
1529 4773 1743 4814 sensum
1775 4775 1880 4813 non
1911 4759 2068 4814 valde

485 4849 798 4918 accipiebat,
827 4849 927 4905 nisi
954 4849 1113 4904 etiam
1141 4849 1333 4905 fratres
1359 4865 1536 4905 secum
1563 4852 1740 4906 salvos
1765 4865 1883 4906 esse
1909 4851 2068 4906 vidis-

484 4949 584 4994 set.
615 4940 828 4995 Sciebat
855 4941 1028 5006 enim,
1064 4940 1218 5011 plane
1261 4941 1496 5004 sciebat,
1529 4941 1750 4995 caritate
1789 4943 1917 4996 nihil
1947 4957 2067 4998 esse

482 5031 675 5102 majus,
709 5033 837 5088 nihil
871 5035 968 5103 ipsi
1003 5051 1096 5102 par
1123 5049 1274 5100 esse;
1307 5049 1406 5088 nec
1431 5034 1603 5103 ipsum
1628 5034 1840 5103 quidem
1867 5043 2068 5106 marty-

483 5125 618 5179 rium
645 5167 658 5189 ,
690 5125 830 5194 quod
857 5136 1015 5194 caput
1039 5125 1274 5180 omnium
1302 5133 1384 5180 est
1409 5125 1690 5181 bonorum.
1719 5125 1834 5193 Quo
1857 5141 1986 5181 vero
2012 5127 2064 5181 id

483 5216 696 5270 laudent
727 5215 886 5271 modo
910 5257 926 5282 ,
953 5217 1031 5271 sic
1065 5215 1231 5270 disce.
1277 5217 1406 5270 Nam
1443 5219 1634 5270 caritas
1661 5217 1872 5287 quidem
1901 5220 2062 5271 etiam

480 5311 682 5379 absque
723 5309 978 5381 martyrio
1002 5307 1200 5363 Christi
1235 5309 1520 5380 discipulos
1557 5312 1677 5365 facit
1709 5329 1721 5366 :
1749 5312 2091 5381 martyrium'

480 5411 656 5456 autem
700 5402 816 5456 sine
855 5403 1074 5457 caritate
1111 5399 1286 5456 facere
1325 5403 1378 5456 id
1415 5418 1522 5457 non
1561 5412 1751 5473 potest.
1783 5401 2058 5458 Undenam

483 5491 585 5545 hoc
631 5492 754 5546 sciri
803 5491 1014 5563 potest?
1053 5494 1134 5547 Ab
1180 5495 1307 5564 ipsis
1347 5493 1543 5548 Christi
1589 5495 1766 5549 verbis
1801 5511 1815 5546 :
1851 5495 2058 5550 dicebat

479 5583 624 5636 enim
663 5583 932 5656 discipulis
963 5601 978 5639 :
1005 5584 1071 5640 In
1108 5587 1202 5640 hoc
1229 5599 1522 5660 cognoscent
1550 5605 1718 5644 omnes
1743 5588 1877 5659 quod
1903 5589 2028 5644 disci
2039 5617 2058 5630 -

543 5695 564 5728 ι
599 5703 726 5748 Unus
753 5705 868 5762 Reg.
895 5709 998 5758 Ms.
1021 5703 1262 5756 membris.

1230 282 1286 339 S.
1326 279 1600 337 JOANNIS
1635 271 2106 332 CHRYSOSTOMI
2147 271 2460 328 ARCIHEP.
2501 271 3038 329 CONSTANTINOP.

3645 272 3750 326 603

2178 385 2290 454 puti
2317 383 2416 438 mei
2442 384 2590 451 estis,
2615 385 2660 438 si
2689 401 2771 438 vos
2799 384 3007 437 invicem
3031 381 3256 452 diligatis
3277 380 3296 451 (
3317 381 3471 436 Joan.
3503 383 3590 438 13.
3619 385 3688 439 55
3707 385 3752 458 ).

2176 477 2315 530 Ecce
2339 478 2532 531 caritas
2561 477 2678 532 sine
2713 476 2966 546 martyrio
2991 474 3280 542 discipulos
3311 474 3454 526 facit.
3485 474 3635 540 Quod
3661 490 3754 530 au-

2179 576 2283 622 tem
2327 567 2634 638 martyrium
2679 568 2796 622 sine
2837 567 3058 620 caritate
3103 579 3207 618 non
3245 564 3423 640 solum
3470 565 3758 632 discipulos

2177 675 2282 712 non
2311 657 2488 723 faciat,
2519 658 2612 712 sed
2643 673 2740 710 nec
2769 657 2932 725 prosit
2961 656 3174 726 quidem
3205 655 3440 724 patienti,
3471 657 3591 710 audi
3617 657 3756 710 Pau-

2180 752 2286 804 lum
2313 751 2574 805 dicentem
2607 769 2620 805 :
2649 749 2709 804 Si
2745 750 2997 804 tradidero
3025 766 3208 818 corpus
3245 765 3410 802 meum
3429 791 3444 812 ,
3471 759 3524 802 ut
3547 750 3754 802 combu-

2179 857 2264 894 rar
2283 881 2299 906 ,
2329 843 2587 895 caritatem
2625 852 2790 894 autem
2827 858 2929 894 non
2956 839 3173 894 habuero
3193 882 3207 906 ,
3240 840 3368 894 nihil
3407 841 3529 892 milii
3557 842 3757 910 prodest

2183 935 2257 1006 (l.
2285 933 2404 987 Cor.
2437 935 2520 988 13.
2549 934 2627 1006 5).
3337 977 3344 980 _

2251 1026 2304 1078 2.
2333 1025 2620 1092 Propterea
2649 1033 2888 1080 sanctum
2915 1024 3057 1080 hunc
3085 1025 3314 1080 maxime
3339 1025 3520 1095 diligo,
3545 1026 3630 1094 qui
3661 1040 3760 1079 nos

2183 1117 2340 1170 hodie
2365 1117 2732 1186 congregavit.
2771 1115 2980 1170 beatum
3019 1116 3230 1185 inquam
3265 1117 3560 1174 Romanum
3581 1156 3596 1182 ,
3623 1131 3758 1185 quo-

2184 1209 2326 1262 niam
2351 1223 2467 1263 cum
2501 1209 2752 1277 martyrio
2789 1221 3032 1274 magnam
3059 1222 3267 1276 quoque
3296 1207 3348 1262 in
3378 1208 3642 1263 Christum
3666 1223 3760 1262 ca-

2185 1302 2390 1354 ritatem
2415 1297 2646 1354 ostendit
2670 1315 2684 1353 :
2708 1298 3050 1368 quamobrem
3077 1298 3124 1352 ei
3149 1313 3358 1368 quoque
3381 1307 3562 1352 sancta
3585 1299 3760 1369 lingua

2185 1390 2282 1444 fuit
2304 1397 2588 1458 amputata.
2619 1388 2828 1442 Etenim
2861 1389 2960 1443 hoc
2983 1403 3192 1458 quoque
3215 1391 3517 1444 examinare
3543 1407 3636 1460 par
3655 1401 3759 1459 est,

2186 1495 2411 1550 quanam
2443 1479 2509 1533 de
2537 1494 2692 1546 causa
2721 1495 2824 1532 non
2864 1477 2930 1532 ad
2969 1480 3068 1532 alia
3099 1479 3276 1547 utique
3307 1490 3602 1548 tormenta,
3629 1498 3758 1551 snp-

2187 1573 2341 1643 plicia
2371 1587 2424 1626 et
2452 1572 2713 1626 cruciatus
2743 1571 2984 1627 diabolus
3011 1587 3132 1626 eum
3169 1573 3480 1640 deduxerit,
3521 1575 3612 1630 sed
3655 1576 3762 1630 lin-

2186 1680 2338 1734 guam
2369 1664 2418 1718 ei
2447 1662 2748 1718 absciderit.
2778 1663 2892 1717 Non
2933 1665 3073 1717 enim
3119 1663 3219 1719 hoc
3259 1675 3454 1720 temere
3485 1667 3603 1721 fecit
3623 1709 3637 1730 ,
3667 1668 3764 1724 sed

2187 1755 2416 1809 maxima
2439 1770 2558 1808 cum
2585 1754 2784 1808 malitia
2815 1771 2828 1806 :
2859 1770 2980 1808 nam
3009 1755 3194 1808 callida
3217 1764 3270 1810 et
3291 1756 3524 1811 maleﬁca
3545 1767 3626 1812 est
3650 1757 3764 1814 haec

2186 1845 2354 1900 bestia
2375 1887 2390 1912 ,
2418 1845 2655 1914 nihilque
2681 1861 2784 1898 non
2815 1844 2940 1900 facit
2965 1856 3017 1900 et
3043 1857 3221 1901 movet
3249 1847 3502 1903 adversus
3529 1859 3764 1907 nostram

2185 1937 2431 1990 salutem.
2469 1945 2586 2006 Age
2625 1950 2752 2006 ergo
2781 1937 3142 1991 examinemus
3165 1979 3177 2001 ,
3209 1953 3302 1992 cur
3333 1939 3398 1992 ad
3439 1940 3626 2009 lingua:
3651 1943 3762 2008 ejus

2186 2027 2604 2100 amputationem
2647 2029 2902 2096 processit
2930 2048 2942 2082 :
2973 2045 3156 2084 verum
3195 2031 3347 2098 paulo
3376 2031 3532 2087 altius
3567 2033 3764 2102 repeti-

2189 2128 2294 2173 tam
2324 2121 2620 2174 orationem
2653 2118 2988 2172 instituamus
3021 2139 3036 2178 :
3065 2121 3142 2175 sic
3167 2123 3306 2175 enim
3339 2123 3565 2178 sciemus
3591 2133 3642 2176 et
3673 2124 3764 2180 Dei

2187 2210 2606 2280 benignitatem,
2657 2220 2710 2263 et
2757 2213 3004 2280 martyris
3055 2213 3382 2266 tolerantiam
3411 2255 3424 2274 ,
3473 2223 3524 2267 et
3571 2215 3765 2271 diaboli

2187 2301 2565 2371 malignitatem
2595 2319 2607 2355 :
2643 2309 2696 2353 et
2727 2315 2846 2354 cum
2885 2301 2976 2356 Dei
3005 2303 3216 2370 quidem
3250 2303 3586 2359 didicerimus
3611 2306 3796 2360 benio.

2185 2393 2472 2462 gnitatem,
2506 2392 2735 2449 Domino
2770 2393 2965 2460 gratias
3005 2407 3258 2462 agemus;
3304 2397 3547 2466 martyris
3585 2408 3764 2454 autem

2187 2485 2392 2552 cognita
2441 2485 2690 2553 patientia
2741 2497 3050 2536 conservum
3102 2485 3456 2551 imitabimur;
3505 2488 3764 2544 intellecta

2185 2591 2314 2630 vero
2348 2577 2538 2631 diaboli
2585 2578 2783 2632 malitia
2823 2575 3042 2632 omnino
3077 2576 3437 2632 aversabimur
3469 2581 3762 2638 inimicum.

2187 2667 2472 2736 Propterea
2509 2669 2650 2724 enim
2693 2670 2832 2726 Deus
2871 2667 2990 2740 ejus
3031 2663 3476 2724 machinationum
3521 2674 3764 2730 notitiam

2187 2758 2329 2812 dedit
2358 2760 2530 2824 nobis,
2557 2771 2614 2815 ut
2636 2775 2756 2816 eum
2785 2763 2950 2832 magis
2977 2758 3103 2818 odio
3131 2760 3405 2828 habentes,
3435 2760 3637 2817 facilius
3675 2779 3768 2820 su-

2187 2865 2448 2918 percmus.
2501 2851 2650 2916 Quod
2694 2851 2835 2906 enim
2881 2854 3127 2924 cognosci
3171 2852 3374 2925 possint
3418 2855 3766 2918 cogitationes

2185 2943 2320 3011 ejus,
2344 2941 2462 2998 audi
2489 2945 2610 3013 quid
2637 2945 2778 2999 dicat
2805 2945 2998 3001 Paulus
3023 2947 3090 3002 de
3113 2963 3197 3014 eo,
3221 2949 3306 3018 qui
3337 2943 3624 3002 fornicatus
3647 2945 3768 3000 fue.

2185 3045 2266 3089 rat
2297 3053 2310 3087 :
2339 3037 2404 3089 ad
2435 3034 2740 3091 Corinthios
2767 3039 2908 3091 enim
2937 3039 3175 3093 scribens
3201 3041 3278 3094 sic
3311 3041 3383 3094 ait
3411 3057 3425 3093 :
3455 3037 3763 3110 Con/innate

2183 3119 2234 3172 in
2263 3123 2428 3188 ipsum
2453 3121 2712 3174 caritatem
2730 3161 2744 3185 ,
2775 3129 2826 3174 ut
2861 3139 2960 3178 non
2987 3123 3434 3184 circumveniamur
3455 3141 3487 3178 α
3513 3125 3711 3180 Salaria
3739 3143 3761 3180 :

2184 3227 2281 3266 non
2307 3213 2440 3265 enim
2474 3213 2800 3282 cogitationes
2827 3213 2935 3283 ejus
2971 3215 3260 3286 ignoramus
3291 3217 3373 3288 (9..
3403 3217 3520 3271 Cor.
3549 3217 3602 3270 2.
3631 3217 3684 3272 8.
3715 3229 3762 3270 et

2184 3301 2210 3355 1
2227 3302 2292 3372 l).
2317 3301 2569 3370 Quianam
2591 3313 2672 3357 est
2695 3319 2822 3374 ergo
2843 3321 3020 3371 causa,
3047 3317 3262 3376 propter
3279 3323 3434 3376 quam
3456 3308 3502 3362 ei
3527 3307 3758 3377 linguam

2182 3394 2508 3461 amputavit?
2541 3393 2826 3450 Concedite
2865 3405 2921 3450 ut
2961 3413 3072 3451 rem
3113 3399 3266 3468 paulo
3304 3398 3459 3452 altius
3499 3407 3756 3467 repetam.

2181 3482 2354 3538 Grave
2379 3485 2575 3540 bellum
2605 3485 2704 3540 fuit
2731 3487 3014 3557 aliquando
3049 3489 3303 3544 adversus
3333 3489 3596 3544 Ecclesias
3617 3491 3766 3544 exci-

2183 3584 2382 3644 tatum,
2425 3593 2530 3631 non
2569 3577 2812 3633 barbaris
2854 3579 3110 3634 adversus
3155 3581 3396 3635 civitates
3433 3581 3764 3640 incursiones

2181 3665 2495 3722 facientibus
2516 3710 2530 3732 ,
2563 3683 2664 3724 nec
2691 3661 2811 3724 ullis
2835 3671 3146 3740 alienigenis
3167 3713 3181 3734 ,
3209 3672 3304 3726 sed
3339 3673 3403 3726 iis
3422 3714 3434 3734 .
3461 3674 3548 3741 qui
3579 3683 3764 3727 nostro

2181 3757 2303 3813 huic
2333 3759 2594 3814 terrarum
2637 3761 2752 3814 orbi
2797 3775 3026 3830 praeesse
3063 3761 3406 3826 videbantur,
3439 3763 3722 3817 itumanius
3743 3806 3760 3830 ,

2181 3867 2338 3921 quam
2372 3853 2576 3922 tyranni
2607 3853 2846 3922 quilibet,
2875 3854 3220 3908 tractantibus
3247 3870 3357 3918 eos,
3391 3855 3482 3924 qui
3523 3857 3762 3926 ipsorum

2180 3943 2404 4012 imperio
2427 3943 2697 4012 parebant.
2722 3944 2836 3999 Non
2863 3945 3002 4000 enim
3029 3946 3200 4000 solum
3229 3947 3464 4013 libertas,
3491 3958 3542 4002 et
3569 3951 3760 4026 patria,

2179 4045 2230 4089 et
2260 4037 2517 4104 pecuniae,
2551 4047 2603 4091 et
2632 4053 2866 4108 praesens
2895 4039 3000 4092 vita
3033 4049 3154 4094 tunc
3185 4041 3234 4093 in
3266 4041 3553 4109 periculum
3582 4043 3764 4096 venie-

2177 4129 2300 4193 bat;
2334 4128 2426 4182 sed
2467 4145 2687 4199 regnum
2715 4131 2965 4186 caelorum
2987 4172 3001 4196 ,
3032 4143 3084 4186 et
3122 4125 3255 4186 bona
3291 4123 3408 4202 qua:
3445 4134 3604 4204 justis
3639 4147 3764 4190 sunt

2177 4221 2407 4289 reposita
2428 4263 2440 4285 ,
2468 4223 2680 4291 vitaque
2709 4221 3022 4278 immortalis
3059 4235 3113 4280 et
3151 4226 3342 4280 Christi
3369 4229 3654 4284 confessio.
3685 4231 3763 4284 Ac

2179 4325 2347 4366 novus
2371 4329 2580 4384 quoque
2607 4316 2922 4384 captivitatis
2949 4316 3137 4370 modus
3162 4319 3487 4387 excogitatas
3507 4330 3591 4374 est
3615 4339 3627 4372 :
3654 4337 3760 4375 non

2177 4407 2318 4459 enim
2349 4421 2411 4459 ex
2439 4422 2520 4470 ea,
2552 4423 2668 4476 qua:
2691 4407 2776 4462 hic
2801 4417 2900 4474 est,
2929 4408 3140 4462 civitate
3169 4410 3523 4477 expellebant,
3551 4413 3646 4466 sed
3672 4429 3762 4467 su-

2175 4514 2338 4568 perna
2368 4499 2682 4563 Jerusalem,
2707 4515 2823 4569 qua:
2849 4511 2929 4554 est
2957 4501 3144 4564 libera,
3175 4502 3380 4570 privare
3405 4505 3762 4574 conabantur,

2174 4599 2228 4643 et
2258 4606 2687 4660 unumquemque
2715 4577 3045 4645 in'altaribus
3073 4594 3303 4648 animam
3335 4595 3634 4651 sacriﬁcare
3663 4613 3762 4652 co-

2172 4681 2388 4750 gebant,
2411 4697 2474 4736 ac
2497 4696 2648 4736 suum
2677 4681 2958 4738 Dominum
2981 4685 3245 4754 abjurare,
3269 4701 3432 4756 seque
3453 4687 3760 4744 daemonum

2174 4773 2437 4842 tyrannidi
2467 4773 2759 4841 subjicere,
2791 4785 2844 4828 et
2885 4777 3211 4844 perniciosos
3242 4779 3760 4848 salutisque‘nostrze

2172 4865 2355 4921 hostes
2381 4867 2654 4923 daamones
2683 4870 2860 4924 colere
2879 4912 2893 4935 ,
2927 4871 3066 4939 quod
3095 4871 3238 4926 mille
3264 4873 3522 4928 mortibus
3547 4881 3603 4928 et
3625 4891 3764 4944 qua-

2171 4959 2250 5012 vis
2275 4959 2516 5028 gchenna
2545 4960 2755 5030 gravius
2779 4971 2830 5016 et
2857 4961 3240 5017 intolerabilius
3263 4971 3539 5033 generosis
3562 4966 3764 5020 animis

2171 5061 2224 5106 et
2243 5051 2440 5107 Christi
2467 5053 2768 5107 amantibus
2795 5061 2928 5107 crat.
2959 5053 3106 5109 Tunc
3133 5055 3380 5109 nimirum
3407 5098 3421 5120 ,
3449 5071 3570 5111 cum
3599 5059 3758 5112 multi

2169 5145 2666 5212 submergerentnr,
2699 5154 2752 5200 et
2787 5145 2979 5200 fluctus
3017 5147 3068 5200 in
3105 5147 3270 5201 altum
3305 5149 3652 5215 tollerentur,
3695 5166 3762 5206 ac

2169 5236 2382 5306 plurimi
2413 5236 2742 5306 naufragium
2776 5237 3038 5302 facerent,
3075 5239 3260 5293 beatus
3286 5239 3371 5294 hic
3393 5239 3672 5295 Romanus
3705 5243 3762 5297 in

2168 5329 2399 5382 medium
2431 5343 2613 5382 eorum
2649 5329 2968 5397 procedens,
3011 5343 3115 5382 non
3157 5331 3332 5384 statim
3360 5331 3766 5399 consideravit,

2165 5437 2272 5491 quo
2310 5437 2368 5476 se
2411 5421 2569 5475 modo
2611 5421 2858 5490 periculis
2897 5421 3290 5496 traderet;.sed
3327 5437 3420 5478 eos
3450 5424 3632 5493 prius,
3668 5426 3767 5494 qui

2165 5523 2308 5568 metu
2339 5512 2566 5582 perculsi
2593 5513 2896 5567 ceciderant
2916 5556 2930 5578 ,
2957 5515 3043 5582 qui
3075 5514 3297 5568 salutem
3329 5529 3479 5569 suam
3509 5516 3768 5585 prodide-

2164 5613 2304 5670 rant,
2331 5603 2562 5672 collegit,
2594 5605 2866 5668 animavit,
2895 5615 2952 5658 ut
2977 5607 3217 5676 praelium
3246 5607 3603 5662 instaurarcnt
3627 5610 3774 5665 cile-

2171 5698 2258 5762 cit,
2288 5709 2383 5751 eos
2409 5695 2641 5766 quidem,
2674 5697 2762 5766 qui
2794 5696 2926 5766 lapsi
2966 5705 3138 5765 erant,
3169 5691 3380 5770 erigens
3437 5713 3530 5754 eos
3555 5709 3770 5767 autem,
