4080 6196
305 309 417 366 607

307 423 537 491 Ἐνδοξα
564 423 634 478 τὰ
665 423 822 496 μέλη,
848 423 963 478 ἀλλ’
1003 426 1036 496 ή
1070 424 1312 498 ὑπεροχή
1342 427 1440 498 τῆς
1471 427 1628 498 δόξης
1657 431 1716 482 οὐ
1747 432 1890 483 ποιεῖ

229 527 246 534 “
308 512 406 581 τῆς
454 507 566 581 πρὸ
611 508 680 562 τά
728 507 892 561 λοιπά
929 509 1073 581 μέρη
1099 522 1124 550 α
1171 512 1466 581 συναφείας
1500 513 1888 584 ἀλλοτρίωσιν·

299 595 476 667 ταύτῃ
509 593 622 664 γάρ
653 593 889 664 μάλιστα
930 593 1115 660 ἔνδοξα
1153 594 1399 662 γίνεται,
1447 596 1576 650 ὃταν
1599 598 1702 668 τὴν
1756 597 1892 669 πρὸς

304 681 452 752 ἡμᾶς
491 679 788 746 συνάφειαν
828 676 904 748 μὴ
922 676 1350 751 διακρούσηται·
1384 680 1506 732 ἐπεὶ
1547 679 1642 733 καὶ
1673 680 1878 750 ὀφθαλ-

307 764 428 835 μδς,
460 762 559 816 τοῦ
609 761 799 816 λοιποῦ
837 762 1040 824 παντὸς
1071 762 1324 832 σώματος
1363 762 1747 836 λαμπρότερος
1789 765 1886 831 ὢν,

305 850 427 902 τότε
459 847 561 918 τὴν
590 847 798 900 οἰκείαν
827 847 1076 918 διατηρεῖ
1102 847 1278 914 δόξαν,
1303 849 1432 901 ὅταν
1462 847 1537 919 μὴ
1562 847 1657 901 τοῦ
1698 848 1888 903 λοιποῦ

292 930 559 1022 ί(ἕρμα-τος
593 928 986 1022 ἀποσχιίξηταιἶ
1022 931 1131 1022 ιξαὶ
1158 931 1210 1022 τί
1236 931 1380 1022 λέγω
1404 931 1885 1022 περὶ-μαρτύρωη

299 1013 368 1081 Εἰ
397 1016 560 1087 γάρδ
609 1014 883 1085 Δεσπότης
927 1013 1108 1068 αὐτῶν
1136 1015 1236 1068 οὐκ
1275 1017 1588 1088 ἐπῃσχύνθη
1633 1019 1886 1086 γενέσθαι

307 1101 463 1172 ήμῶν
503 1098 737 1168 κεφαλὴ,
772 1097 952 1168 πολλῷ
982 1093 1183 1169 μᾶλλον
1209 1099 1364 1153 αὐτοὶ
1391 1100 1530 1171 μέλη
1559 1103 1717 1172 ήμῶν
1747 1097 1887 1156 εἶναι

300 1185 400 1237 οὐκ
443 1180 902 1252 ἐπαισχύνονται·
935 1183 1156 1254 ἀγάπην
1190 1182 1298 1254 γάρ
1326 1181 1542 1254 ἔχουσιν
1584 1185 1888 1257 ἐρριζωμέ-

300 1287 420 1339 νην,
452 1269 486 1339 ή
520 1266 576 1320 δὲ
606 1266 798 1336 ἀγάπη
839 1265 908 1319 τά
949 1264 1274 1336 διεστηκότα
1327 1267 1619 1321 συνάπτειν
1645 1269 1739 1322 καὶ
1768 1286 1888 1323 συν-

298 1352 410 1405 δεῖν
441 1349 626 1412 εἴωθε,
657 1349 755 1403 καὶ
798 1350 925 1420 περί
959 1349 1058 1419 τῆς
1090 1348 1247 1415 ἀξίας
1275 1348 1378 1402 οὐκ
1419 1350 1880 1421 ἀκριϐολογεῖται.

300 1434 514 1504 Ὠσπερ
545 1428 638 1487 οῦν
666 1431 819 1486 αὐτοὶ
846 1430 1205 1500 συναλγοῦσιν
1223 1431 1381 1502 ήμῶν
1403 1435 1517 1497 τοῖς
1549 1434 1768 1506 ἀμαρτή
1779 1453 1884 1504 μα-

302 1534 408 1581 σιν,
435 1515 612 1578 οῦτως
639 1514 802 1585 ἡμεῖς
845 1513 1216 1585 συγχαίρομεν
1252 1515 1432 1568 αὐτῶν
1473 1518 1584 1580 τοῖς
1617 1518 1886 1588 κατορθώ-

301 1616 484 1670 μασιν.
545 1597 701 1651 Οῦτω
749 1597 846 1650 καὶ
897 1597 1110 1662 Παῦλος
1157 1599 1412 1652 ἐκέλευσε
1458 1602 1633 1652 ποιεῖν
1672 1599 1879 1670 λέγων,

297 1683 526 1753 Χαίρειν
549 1681 689 1753 μετά
715 1681 1036 1752 χαιρόντων,
1053 1680 1380 1736 καὶ-κλαίειν
1405 1682 1542 1754 μετά
1563 1683 1876 1738 κλαιόντων.

307 1766 468 1819 Ἀλλά
495 1765 557 1818 τὸ
585 1765 685 1834 μὲν
713 1764 922 1818 κλαίειν
959 1765 1098 1835 μετά
1124 1764 1422 1821 κλαιόντων
1447 1765 1689 1832 εὔκολον,
1725 1768 1785 1822 τὸ
1822 1767 1881 1821 δὲ

292 1851 508 1922 χαίρειν
540 1847 681 1920 μετά
711 1847 1012 1919 χαιρόντων
1038 1849 1098 1902 οὐ
1133 1848 1341 1921 σφόδρα
1369 1849 1550 1922 ῥᾴδιον
1570 1868 1583 1881 ·
1616 1853 1746 1923 ῥᾷον
1770 1851 1880 1925 γὰρ

293 1939 405 2000 τοῖς
439 1935 500 1987 ἐν
531 1935 845 2004 συμφοραῖς
873 1928 992 1986 οὖσι
1025 1933 1418 2006 συναλγοῦμεν,
1451 1935 1484 2007 ἢ
1523 1937 1636 2000 τοῖς
1673 1935 1881 1991 εὐδοκι-

296 2019 456 2090 μοῦσι
489 2015 850 2089 συνηδόμεθα.
893 2016 1043 2071 Ἐκεῖ
1069 2017 1169 2088 μὲν
1195 2017 1306 2090 γάρ
1330 2017 1469 2090 αὐτὴ
1495 2019 1595 2090 τῆς
1623 2017 1652 2058 δ
1680 2037 1880 2092 συμφο-

298 2105 394 2176 ρᾶς
439 2103 474 2174 ἡ
518 2100 680 2171 φύσις
721 2102 815 2154 καὶ
838 2100 932 2153 τὸν
963 2101 1112 2156 λίθον
1163 2101 1324 2173 ίκανὴ
1362 2101 1500 2174 πρὸς
1534 2104 1878 2174 συμπάθειαν

294 2185 606 2256 ἐπικάμψαι
627 2202 642 2216 ·
678 2182 909 2238 ἐνταῦθα
941 2183 998 2237 δέ
1033 2185 1126 2237 ἐπὶ
1159 2184 1262 2255 τῆς
1292 2184 1599 2257 εὐπραγίας
1621 2189 1650 2239 6
1686 2186 1880 2255 φθόνος

293 2272 384 2324 καὶ
446 2272 482 2337 ἡ
533 2265 804 2340 βασκανία
876 2267 970 2321 τὸν
1033 2267 1110 2339 μὴ
1189 2268 1395 2340 σφόδρα
1468 2267 1616 2341 [612]
1666 2271 1881 2340 φιλοσο.

294 2355 495 2422 φοῦντα
541 2355 643 2408 οὐκ
686 2353 880 2423 ἀφίησι
910 2352 1165 2420 γενέσθαι
1213 2352 1468 2406 κοινωνὸν
1507 2353 1608 2424 τῆς
1659 2355 1875 2425 ήδονῆς.

293 2439 506 2510 Ὠσπερ
535 2438 646 2510 γάρ
677 2439 715 2509 ή
734 2436 922 2507 ἀγάπη
944 2435 1014 2488 τά
1040 2435 1348 2510 διῃρημένα
1375 2437 1599 2505 συνάγει
1625 2439 1720 2492 καὶ
1748 2455 1876 2494 συν-

291 2521 386 2585 δεῖ,
415 2520 594 2584 οῦτως
619 2527 653 2590 η
686 2519 958 2590 βασκανία
985 2517 1056 2572 τά
1081 2519 1337 2591 ἡνωμένα
1358 2519 1682 2591 διαιρεῖ.Διὸ
1701 2538 1879 2594 παρα-

291 2605 456 2669 καλῶ,
488 2604 876 2675 μελετήσωμεν
905 2604 1219 2675 συγχαίρειν
1241 2606 1352 2668 τοῖς
1377 2604 1772 2676 εὐδοκιμοῦσιν,
1790 2609 1877 2663 ἵνα

291 2688 383 2739 καὶ
417 2685 617 2755 φθόνου
645 2684 738 2737 καὶ
774 2683 1076 2754 βασκανίας
1102 2683 1200 2754 τὴν
1235 2683 1412 2756 ψυχὴν
1443 2684 1871 2759 ἐκκαθάρωμεν·

288 2770 437 2823 οὐδὲν
457 2768 567 2839 γάρ
586 2766 759 2831 οὕτως
780 2766 1077 2821 ἀπελαύνει
1103 2766 1164 2820 τὸ
1191 2767 1406 2837 νόσημα
1437 2766 1596 2822 τοῦτο
1626 2768 1687 2822 τὺ
1714 2771 1876 2840 χαλε-

287 2853 389 2905 πδν
430 2851 530 2906 καὶ
562 2851 848 2915 δυσίατον,
888 2850 966 2914 ὡς
1002 2850 1064 2903 τὸ
1097 2849 1422 2922 συνήδεσθαι
1461 2854 1574 2914 τοῖς
1607 2853 1666 2904 ἐν
1704 2853 1872 2926 ἀρετῇ

287 2934 521 3006 βιοῦσιν.
552 2935 820 2988 Ἀκουσον
848 2933 980 3004 γοῦν
1018 2933 1136 2998 πῶς
1167 2935 1196 2988 6
1243 2933 1454 2998 Παῦλος
1487 2935 1544 2988 ἐν
1595 2936 1873 3009 ἑκατέροις

285 3019 498 3084 τούτοις
525 3019 674 3071 ἐστὶν
707 3018 876 3090 ἄκρος
899 3035 914 3050 ·
948 3018 1064 3084 Τίς,
1107 3017 1294 3087 φησὶν,
1324 3017 1588 3085 ἀσθενεῖ,
1627 3020 1727 3073 καὶ
1762 3023 1874 3075 οὐκ

283 3100 558 3165 ἀσθενῶ;
588 3102 681 3168 τίς
714 3100 1194 3164 σκανδαλίζεται,
1232 3099 1333 3154 καὶ
1356 3103 1467 3154 οὐκ
1497 3101 1613 3171 ἐγὼ
1651 3103 1874 3171 πυροῦ-

283 3201 424 3255 mu;
467 3187 585 3238 Οὐκ
621 3181 764 3248 εἷπε,
811 3185 906 3238 καὶ
940 3184 1040 3238 οὐκ
1083 3182 1193 3254 ἐγὼ
1237 3183 1537 3256 λυποῦμαι,
1577 3184 1714 3252 ἀλλ’,
1758 3190 1871 3242 οὐκ

282 3269 397 3339 ἐγὼ
427 3269 751 3338 πυροῦμαι,
788 3270 853 3340 τῇ
889 3267 1254 3339 προσηγορίᾳ,
1292 3266 1391 3337 τῆς
1434 3267 1736 3339 πυρώσεως
1773 3271 1873 3342 τὴν

282 3355 541 3407 ἐπίτασιν
572 3353 670 3423 τῆς
707 3352 901 3423 ὀδύνης
948 3353 1080 3422 ἡμῖν
1130 3351 1483 3422 παραστῆσαι
1525 3351 1869 3425 βουλόμενος.

283 3441 395 3493 Καὶ
430 3435 590 3491 πάλιν
619 3435 826 3508 ἑτέροις
854 3435 1103 3506 γράφων,
1147 3433 1334 3502 Χωρὶς
1361 3434 1533 3502 ήμῶν
1561 3436 1873 3492 ἐϐωιλεύ-

280 3538 453 3588 aute,
495 3519 690 3592 φησίν·
743 3519 842 3572 καὶ
901 3517 1126 3587 ὄφελόν
1167 3534 1234 3587 γε
1262 3517 1732 3584 ἐϐασιλεύσατε,
1773 3524 1873 3577 ἵνα

281 3605 380 3658 καὶ
431 3603 604 3673 ἡμεῖς
646 3600 788 3672 ὑμῖν
838 3601 1458 3669 συμϐασιλεύσωμεν·
1517 3602 1610 3655 καὶ
1669 3605 1832 3660 πάλιν
1854 3622 1869 3637 ·

281 3689 414 3744 Νῦν
442 3686 648 3756 ζῶμεν,
691 3686 806 3740 ἐὰν
850 3683 1020 3754 ὑμεῖς
1057 3682 1326 3751 στήκητε
1366 3684 1436 3737 ἐν
1479 3689 1690 3754 Κυρίῳ.
1731 3691 1872 3760 Ὅρα

282 3772 403 3836 πῶς
435 3771 904 3841 περισπούδαστος
931 3765 1001 3840 ἧν
1041 3767 1190 3839 αὐτῷ
1234 3766 1342 3820 τῶν
1373 3767 1618 3839 ἀδελφῶν
1659 3774 1692 3843 ἡ
1725 3773 1873 3826 εὐδο-

281 3857 532 3928 κίμησις,
577 3855 638 3919 ὃς
671 3852 798 3908 οὐτε
841 3851 940 3924 ζῇν
973 3851 1224 3924 ἐνόμιζεν
1251 3892 1267 3919 ,
1309 3851 1534 3906 ἐκείνων
1583 3855 1658 3927 μὴ
1703 3856 1871 3921 σωζο-

284 3942 486 4014 μένων.

353 4091 675 4163 Ἀνθρωπος
709 4091 789 4152 είς
829 4088 1013 4160 τρίτον
1065 4086 1337 4159 ἀρπαγεὶς
1375 4088 1628 4159 οὐρανὸν,
1664 4089 1758 4143 καὶ
1792 4091 1871 4153 είς

283 4177 613 4248 παράδεισον
650 4173 1006 4244 ἀπενεχθεὶς,
1047 4172 1142 4226 καὶ
1183 4172 1498 4242 μυστηρίων
1537 4175 1870 4244 κοινωνήσας

281 4262 633 4332 ἀπορρήτων,
671 4259 764 4311 καὶ
789 4254 1058 4326 τοσαύτης
1091 4254 1228 4326 πρὸς
1261 4254 1352 4307 τὸν
1387 4254 1521 4308 Θεὸν
1555 4255 1871 4321 ἀπολαύσας

283 4343 625 4417 παρρησίας,
668 4343 729 4394 οὐ
781 4340 988 4410 σφόδρα
1025 4337 1278 4408 αἴσθησιν
1329 4337 1553 4391 ἐκείνων
1596 4339 1868 4410 ἐλάμϐανε

281 4430 389 4482 τῶν
420 4428 666 4498 ἀγαθῶν,
696 4429 743 4480 εἰ
772 4427 848 4497 μὴ
883 4425 978 4478 καὶ
1003 4425 1128 4486 τοὺς
1160 4422 1424 4492 ἀδελφοὺς
1457 4418 1564 4476 εἶδε
1596 4425 1694 4478 σὺν
1721 4423 1869 4495 αὐτῷ

280 4512 731 4582 διασωζομένους.
780 4504 903 4562 υἷδε
959 4507 1088 4577 γὰρ,
1135 4501 1244 4560 οῐδε
1281 4506 1496 4576 σαφῶς,
1528 4507 1610 4560 ὅτι
1647 4509 1868 4581 ἀγάπης

279 4601 431 4654 οὐδὲν
454 4598 579 4653 οὔτε
616 4597 798 4668 μεῖζον
821 4594 943 4648 οὐτε
985 4596 1100 4648 ἴσον
1133 4593 1302 4654 ἐστὶν,
1332 4592 1452 4646 οὐδὲ
1487 4592 1618 4646 αὐτὸ
1640 4593 1702 4646 τὸ
1728 4611 1868 4666 μαρ-

278 4685 486 4755 τύριον,
524 4683 552 4736 ὃ
597 4684 818 4737 πάντων
848 4681 965 4732 ἐστὶ
1011 4677 1306 4746 κεφάλαιον
1339 4676 1446 4730 τῶν
1477 4677 1696 4746 ἀγαθῶν
1718 4695 1731 4709 ο
1773 4681 1868 4734 καὶ

279 4770 416 4832 πῶς,
443 4771 698 4823 ἄκουσον.
737 4765 950 4835 Ἀγάπη
987 4762 1085 4833 μὲν
1119 4761 1228 4832 γάρ
1249 4762 1342 4814 καὶ
1371 4761 1540 4832 χωρὶς
1567 4764 1866 4833 μαρτυρίου

280 4855 423 4907 ποιεῖ
449 4849 700 4921 μαθητάς
722 4847 814 4901 τοῦ
841 4846 1097 4918 Χριστοῦ,
1126 4844 1423 4915 μαρτύριον
1447 4843 1503 4897 δὲ
1535 4845 1703 4915 χωρὶς
1726 4847 1867 4913 ἀγά..

279 4952 385 5005 πης
421 4937 525 4987 οὐκ
563 4935 628 4987 ἂν
663 4933 902 5002 ἰσχύσειε
937 4930 1096 4983 τοῦτο
1124 4929 1480 5000 ἐργάσασθαι.
1511 4929 1680 4982 Πόθεν
1712 4931 1870 4984 τοῦτο

275 5017 472 5088 δῆλον;
515 5017 636 5069 Ἀπ’
671 5015 851 5069 αὐτῶν
878 5013 989 5066 τῶν
1010 5011 1106 5065 τοῦ
1137 5010 1376 5082 Χριστοῦ
1412 5012 1701 5083 ῥημάτων·
1733 5015 1868 5085 πρὸς

275 5101 382 5172 γάρ
436 5097 561 5163 τοὺς
601 5098 848 5169 μαθητὰς
899 5097 1116 5164 ἔλεγεν·
1156 5096 1257 5148 Ἐν
1298 5096 1489 5160 τούτῳ
1535 5095 1867 5165 γνώσονται

275 5183 521 5252 πάντες.
547 5184 633 5237 ὅτι
656 5181 921 5252 μαθηταί
937 5181 1054 5249 μού
1074 5180 1234 5242 ἐστε,
1257 5177 1366 5230 ἐὰν
1395 5178 1663 5248 ἀγαπᾶτε
1684 5181 1866 5247 ἀλλή.

273 5271 449 5333 λους.
485 5267 616 5320 Ἰδοὺ
651 5267 840 5336 ἀγάπη
870 5268 1041 5336 χωρὶς
1076 5262 1378 5334 μαρτυρίου
1417 5263 1664 5334 μαθητὰς
1699 5269 1864 5320 ποιεῖ.

337 5455 363 5483 ⁸
387 5454 525 5503 Unus
557 5455 683 5518 Reg,
711 5469 802 5505 ms.
825 5455 896 5518 ,τὰ
937 5453 1081 5501 λοιπὰ
1125 5451 1262 5518 μέλη.
1305 5449 1418 5518 ΔΜοι
1452 5451 1695 5518 S_a_\'il.__el
1735 5469 1864 5502 unus

272 5530 388 5565 ms.
420 5519 574 5581 Begu
597 5514 746 5581 ταύτῃ
784 5517 873 5580 γὰρ
914 5517 1136 5579 μάλιστα,
1164 5514 1577 5581 Morel._et_.a|iu§
1602 5514 1721 5581 ίξρις.
1746 5518 1864 5565 ταῦ-

270 5579 479 5643 ταγγάρ.
507 5573 924 5643 ῖῆιοτθΙῘῃέιυίσ
963 5584 1073 5638 poat
1123 5585 1242 5624 ante
1287 5573 1373 5620 τοῦ
1413 5573 1581 5623 λοιποῦ
1623 5577 1774 5628 habet
1821 5581 1860 5627 εἰ

269 5641 526 5714 καμῃὺού
549 5642 694 5714 (least
727 5645 775 5714 ig
801 5644 1012 5714 ceteriy.
1043 5700 1066 5711 ,ν
1137 5702 1156 5714 _
1231 5697 1265 5714 7_
1319 5696 1410 5714 At
1538 5697 1560 5709 η

332 5697 368 5743 Ιι⁷
385 5697 524 5750 L'nus
560 5703 681 5764 Reg.
717 5703 824 5750 οὖσι
848 5700 1110 5760 συναλγεῖν,
1132 5702 1162 5756 ἢ
1191 5697 1289 5752 τοῖς
1313 5697 1617 5761 εὐδοκιμοῦσι
1658 5703 1859 5759 συνήδε-

265 5765 391 5824 σθαι,
413 5766 458 5812 τί
489 5766 694 5824 δήποτε;
720 5767 792 5812 ὄτι
815 5765 909 5812 ἐκεῖ
931 5765 1014 5824 μὲν
1046 5764 1165 5816 αὕτη
1187 5765 1286 5818 τῆς.

583 5863 853 5920 ιἰτηοι..
903 5859 1021 5920 Gn.
1070 5857 1136 5918 L.

1381 305 1448 363 1N
1483 305 1545 363 S.
1589 306 1930 364 ROMANUM
1969 306 2376 367 MARTYREM.
2421 314 2458 368 1.

3467 325 3573 384 608

2007 430 2129 482 ’Ότι
2163 431 2217 484 δὲ
2253 431 2552 505 μαρτύριον
2591 436 2758 506 χωρὶς
2788 436 3009 507 ἀγάπης
3041 438 3102 490 οὐ
3132 438 3292 509 μόνον
3327 439 3572 512 μαθητάς

1994 514 2056 567 οὐ
2083 519 2244 580 ποιεῖ,
2268 516 2382 569 ἀλλ’
2405 517 2524 569 οὐδέ
2551 517 2752 585 ὠφελεῖ
2775 536 2826 571 τι
2846 520 2935 572 τὸν
2957 521 3317 591 ὑπομένοντα,
3344 524 3575 581 ἄκουσον

1994 596 2210 651 Παύλου
2247 597 2494 668 λέγοντος
2518 615 2532 628 ·
2571 600 2706 654 Ἐὰν
2732 602 2978 670 παραδῶ
3011 603 3076 656 τὸ
3110 603 3281 674 σῶμὰ
3307 624 3448 676 μου,
3474 607 3576 662 ἵνα

1991 689 2419 762 καυθήσωμαι,
2471 692 2714 762 ἀγάπην
2762 693 2831 746 δὲ
2876 695 2962 764 μὴ
3017 695 3156 766 ἔχω,
3199 698 3382 755 οὐδὲν
3422 699 3574 770 ὠφε-

1987 773 2229 843 λοῦμαι.

2063 857 2130 927 β’.
2153 858 2254 911 Διά
2271 857 2429 911 τοῦτο
2453 857 2686 928 μάλιστα
2710 859 2799 912 τὸν
2826 860 2980 929 ἆγιον
2998 861 3185 916 τοῦτον
3212 863 3350 932 φιλῶ
3365 865 3456 918 τὸν
3473 867 3572 936 σή-

1993 957 2161 1011 μερον
2179 944 2327 1012 ἡμᾶς
2350 944 2747 1012 συναγαγόντα,
2764 945 2854 997 τὸν
2880 947 3146 1016 μακάριον
3171 947 3469 1018 Ῥωμανὸν,
3488 951 3570 1004 ὃτι

1992 1025 2131 1094 μετά
2166 1025 2260 1078 τοῦ
2291 1027 2591 1097 μαρτυρίου
2619 1027 2819 1098 πολλὴν
2846 1029 2943 1100 τὴν
2974 1029 3194 1100 ἀγάπην
3228 1032 3564 1097 ἐπεδείξατο,

1986 1108 2067 1161 διὸ
2093 1111 2187 1162 καὶ
2213 1110 2312 1180 τὴν
2345 1110 2593 1179 γλῶτταν
2627 1112 2950 1179 ἐξεκόπτετο
2975 1114 3072 1184 τὴν
3105 1115 3289 1183 ἀγίαν.
3325 1118 3434 1170 Καὶ
3459 1119 3571 1189 γάρ

1987 1194 2254 1248 καὶτοῦτο
2285 1193 2433 1260 ἄξιον
2463 1196 2803 1260 ἐξετάσαι,τί
2831 1197 3032 1268 δήποτε
3067 1200 3166 1252 οὐκ
3193 1201 3285 1253 ἐπὶ
3303 1201 3570 1270 βασάνους

1987 1281 2082 1333 καὶ
2103 1281 2351 1344 κολάσεις
2390 1283 2481 1334 καὶ
2518 1283 2788 1352 τιμωρίας
2814 1283 3022 1353 ἤγαγεν
3055 1284 3218 1337 αὐτὸν
3255 1287 3283 1338 6
3303 1286 3568 1354 διάϐολος,

1986 1363 2125 1417 ἀλλά
2179 1365 2278 1436 τὴν
2324 1365 2571 1432 γλῶτταν
2631 1367 2930 1436 ἀπέτεμεν·
2970 1367 3031 1419 οὐ
3089 1367 3200 1438 γὰρ
3238 1368 3362 1439 είκῆ
3415 1369 3569 1424 τοῦτο

1985 1448 2262 1518 ἐποίησεν,
2288 1447 2423 1500 ἀλλὰ
2455 1447 2591 1519 μετά
2640 1449 2845 1518 πολλῆς
2887 1451 2986 1522 τῆς
3016 1452 3302 1523 πονηρίας·
3334 1454 3428 1506 καὶ
3459 1453 3569 1526 γὰρ

1985 1532 2293 1603 κακουργόν
2317 1535 2433 1586 ἐστι
2455 1533 2516 1585 τὸ
2550 1532 2764 1604 θηρίον,
2804 1534 2896 1588 καὶ
2924 1536 3105 1590 πάντα
3132 1537 3271 1590 κατὰ
3297 1538 3396 1606 τῆς
3431 1540 3568 1608 ήμε-

1982 1616 2149 1687 τέρας
2195 1617 2471 1688 σωτηρίας
2501 1619 2953 1688 πραγματεύεται
2986 1620 3080 1672 καὶ
3117 1624 3275 1675 κινεῖ.
3305 1621 3440 1693 Φέρε
3474 1619 3568 1676 οὖν

1985 1699 2360 1770 ἐξετάσωμεν,
2413 1699 2466 1752 τί
2500 1700 2701 1770 δήποτε
2738 1702 2830 1753 ἐπὶ
2867 1701 2966 1772 τὴν
2997 1703 3235 1774 ἐκκοπὴν
3258 1705 3356 1776 τῆς
3395 1705 3568 1774 γλῶτ-

1983 1800 2083 1854 της
2118 1783 2389 1855 ἐχώρησε,
2425 1784 2624 1856 μικρὸν
2653 1783 2783 1852 γοῦν
2813 1785 3072 1855 ἀνωτέρω
3111 1786 3202 1840 τὸν
3234 1786 3392 1856 λόγον
3425 1790 3566 1858 ἀγα·

1981 1869 2190 1937 γόντες·
2215 1867 2358 1921 οὕτω
2384 1867 2495 1939 γάρ
2525 1868 2787 1939 εἰσόμεθα
2817 1868 2910 1922 καὶ
2944 1869 3044 1939 τὴν
3075 1871 3170 1923 τοῦ
3205 1871 3338 1925 Θεοῦ
3372 1872 3563 1941 φιλαν-
3625 1872 3632 1888 ¹

1983 1951 2250 2022 θρωπίαν,
2285 1953 2380 2006 καὶ
2403 1951 2502 2024 τὴν
2534 1950 2626 2006 τοῦ
2673 1953 2950 2024 μάρτυρος
2993 1954 3290 2026 ὑπομονὴν,
3325 1956 3419 2010 καὶ
3463 1957 3565 2029 τὴν

1978 2035 2074 2089 τοῦ
2108 2034 2357 2090 διαϐόλου
2377 2036 2735 2106 κακουργίαν·
2767 2035 2862 2089 καὶ
2883 2035 2982 2106 τὴν
3007 2037 3104 2108 μὲν
3139 2037 3234 2090 τοῦ
3269 2037 3405 2092 Θεοῦ
3441 2039 3566 2108 φιλ-

1980 2118 2306 2190 ανθρωπίαν
2347 2119 2612 2190 μαθόντες
2677 2119 3144 2190 εὐχαριστήσομεν
3178 2120 3257 2191 τῷ
3293 2123 3562 2194 Δεσπότῃ,

1981 2203 2080 2275 τὴν
2113 2204 2170 2257 δὲ
2200 2203 2294 2257 τοῦ
2337 2205 2615 2276 μάρτυρος
2653 2203 2929 2274 ὑπομονὴν
2964 2205 3183 2271 γνόντες
3213 2206 3565 2277 μιμησόμεθα

1976 2288 2072 2344 τὸν
2097 2288 2399 2352 σύνδουλον,
2434 2288 2532 2360 τὴν
2560 2289 2618 2342 δέ
2640 2287 2735 2342 τοῦ
2757 2287 3002 2341 διαϐόλου
3031 2290 3369 2361 κακουργίαν
3393 2307 3566 2344 κατα-

1981 2371 2267 2443 μαθόντες,
2317 2371 2860 2444 ἀποστραφησόμεθα
2924 2371 3016 2426 τὸν
3053 2371 3268 2443 ἐχθρόν.
3319 2373 3418 2427 Διά
3452 2374 3565 2444 γὰρ

1974 2455 2136 2510 τοῦτο
2153 2458 2288 2528 ἡμῖν
2322 2455 2523 2510 ἔδωκεν
2549 2458 2578 2509 6
2606 2455 2741 2520 θεὸς
2765 2454 2964 2509 εἰδέναι
2980 2455 3148 2510 αὐτοῦ
3165 2455 3264 2519 τὰς
3293 2458 3562 2528 μηχανὰς,

1975 2539 2064 2594 ῐνα
2098 2539 2362 2610 μειζόνως
2414 2538 2578 2592 αὐτὸν
2610 2540 2950 2610 μισήσαντες
2997 2537 3146 2611 [615]
3195 2539 3565 2612 εὐκολώτερον

1973 2624 2138 2679 αὐτοῦ
2165 2623 2602 2695 περιγενώμεθα.
2637 2624 2760 2677 Ὀτι
2789 2624 2898 2696 γάρ
2923 2623 3144 2676 δυνατὸν
3173 2624 3369 2679 είδέναι
3397 2625 3561 2680 αὐτοῦ

1974 2707 2046 2762 τά
2064 2709 2334 2780 νοήματα,
2377 2707 2606 2760 ἄκουσον
2634 2707 2686 2759 τί
2719 2723 2883 2777 φησιν
2903 2709 2930 2760 6
2958 2705 3168 2770 Παῦλος
3191 2707 3320 2780 περὶ
3345 2709 3440 2762 τοῦ
3466 2725 3564 2765 πε-

1975 2791 2356 2866 πορνευκότος·
2401 2791 2712 2863 Κορινθίοις
2760 2790 2870 2862 γάρ
2901 2792 3236 2848 ἐπιστέλλων
3273 2793 3416 2848 οὕτω
3443 2795 3562 2860 πώς

1974 2893 2128 2949 φησι·
2151 2875 2471 2945 Κυρώσατε
2501 2878 2585 2941 εἰς
2609 2875 2796 2928 αὺτὸν
2816 2875 3077 2945 ἀγάπην,
3112 2876 3307 2946 ἵναμὴ
3341 2881 3561 2933 πλεον-

1972 2960 2310 3029 εκτηθῶμεν
2335 2959 2451 3014 ὑπὸ
2473 2959 2580 3012 τοῦ
2606 2955 2860 3012 Σατανᾶ·
2879 2960 2951 3011 οὺ
2969 2959 3077 3027 γὰρ
3100 2960 3285 3014 αὐτοῦ
3318 2959 3390 3014 τὰ
3414 2962 3558 3031 νοή-

1967 3062 2128 3115 ματα
2159 3043 2513 3113 ἀγνοοῦμεν.
2546 3043 2643 3105 Τίς
2675 3039 2768 3096 οῦν
2802 3043 2835 3113 ἡ
2864 3043 3034 3106 αίτία,
3065 3043 3131 3096 δι’
3161 3045 3228 3114 ἢν
3259 3044 3358 3115 τὴν
3380 3044 3558 3112 γλῶτ-

1971 3148 2069 3183 ταν
2094 3128 2353 3197 ἐξέκοψε;
2386 3127 2596 3198 Μικρὸν
2636 3125 2844 3180 ἀνωθεν
2873 3125 3179 3196 ἀνάσχεσθέ
3205 3143 3306 3196 μου
3336 3127 3559 3198 διηγου-

1975 3213 2156 3284 μένου.
2184 3211 2426 3282 Πόλεμος
2459 3209 2820 3282 ἀνερριπίσθπ
2847 3210 2976 3262 ποτέ
3013 3209 3154 3262 κατά
3186 3209 3293 3263 τῶν
3329 3211 3558 3284 Ἐκκλη-

1973 3295 2106 3349 σιῶν
2157 3295 2415 3366 χαλεπὸς,
2466 3293 2588 3363 οὐχὶ
2646 3290 2936 3364 βαρϐάρων
2990 3293 3406 3364 ἐπιδραμόντων
3459 3296 3559 3362 τάς

1972 3381 2178 3445 πόλεις,
2209 3381 2331 3435 οὐδὲ
2357 3376 2661 3446 ἀλλογενῶν
2676 3394 2859 3441 τινων,
2883 3376 2998 3430 ἀλλ’
3017 3378 3196 3432 αὐτῶν
3211 3378 3318 3433 τῶν
3337 3380 3559 3436 δοκοῦν⁴

1969 3485 2078 3520 των
2106 3465 2437 3538 προεστάναι
2460 3463 2559 3533 τῆς
2589 3461 2713 3514 καθ’
2736 3463 2768 3532 ή
2780 3463 2887 3531 μᾶς
2920 3463 3266 3533 οἰκουμένης,
3303 3465 3396 3517 καὶ
3419 3463 3558 3536 βαρ-

1971 3550 2178 3622 ϐάρων,
2212 3549 2308 3603 καὶ
2337 3546 2631 3617 πολεμίων,
2664 3546 2758 3599 καὶ
2809 3545 3090 3614 τυράννων
3124 3547 3381 3600 ἀπάντων
3412 3549 3557 3618 ἀπηο

1970 3634 2222 3705 νέστερον
2249 3633 2345 3686 καὶ
2363 3631 2642 3702 ὠμότερον
2658 3629 3016 3699 κεχρημένων
3040 3632 3152 3693 τοῖς
3181 3630 3462 3701 ὑπηκόοις.
3478 3630 3556 3683 Οὐ

1969 3726 2078 3796 γάρ
2115 3725 2258 3795 ὑπὲρ
2306 3723 2640 3794 ἐλευθερίας,
2672 3723 2766 3775 καὶ
2798 3721 3079 3792 πατρίδος,
3103 3722 3196 3775 καὶ
3229 3723 3553 3792 χρημάτων,

1969 3815 2180 3884 καὶτῆς
2204 3815 2486 3886 παρούσης
2512 3814 2659 3884 ζωῆς
2681 3813 2710 3864 ό
2736 3811 2981 3874 κίνδυνος
3000 3808 3067 3883 ἦν
3095 3813 3239 3880 τότε,
3270 3813 3384 3866 ἀλλ’
3413 3813 3554 3885 ὑπὲρ

1972 3908 2251 3979 βασιλείας
2287 3905 2555 3978 οὐρανῶν,
2611 3903 2840 3959 καὶτῶν
2896 3905 3278 3974 ἀποκειμένων
3311 3905 3552 3970 ἀγαθῶν,

1971 4001 2112 4071 ὑπὲρ
2139 3999 2407 4053 ἀθανάτου
2467 3996 2634 4067 ζωῆς,
2685 3995 2823 4066 ὑπὲρ
2877 3995 3168 4066 ὁμολογίας
3199 3996 3297 4066 τῆς
3349 3996 3430 4058 είς
3461 3993 3552 4048 τὸν

1969 4092 2224 4164 Χριστόν.
2279 4089 2392 4144 Καὶ
2438 4089 2625 4151 καινός
2682 4105 2767 4151 τις
2833 4086 3212 4157 αἰχμαλωσίας
3277 4087 3552 4140 ἐπενοεῖτο

1968 4189 2192 4259 τρόπος·
2224 4185 2286 4238 οὐ
2323 4183 2433 4254 γάρ
2457 4181 2556 4252 τῆς
2587 4179 2820 4235 ἐνταῦθα
2846 4179 3056 4244 πόλεως
3081 4179 3387 4245 ἐξέϐαλλον,
3415 4179 3552 4235 ἀλλά

1965 4277 2064 4348 τῆς
2090 4277 2201 4332 ἀνω
2249 4271 2604 4344 Ἰερουσαλὴμ
2629 4271 2728 4341 τῆς
2749 4269 3042 4341 ἐλευθέρας
3071 4268 3390 4340 ἐπεχείρουν
3415 4270 3550 4322 ἀπο-

1970 4371 2200 4440 στερεῖν,
2253 4366 2357 4420 καὶ
2377 4364 2475 4436 τὴν
2513 4362 2692 4433 ψυχὴν
2723 4362 2952 4415 ἕκαστον
2983 4360 3272 4416 καταθύειν
3303 4361 3550 4431 ἠνάγκα-

1967 4464 2060 4528 ζον
2112 4463 2204 4514 ἐπὶ
2240 4461 2350 4514 τῶν
2399 4459 2615 4530 βωμῶν,
2657 4459 2750 4512 καὶ
2803 4457 2894 4511 τὸν
2930 4457 3129 4510 οίκεῖον
3164 4454 3440 4526 Δεσπότην
3463 4455 3549 4522 ἐξ-

1967 4555 2253 4626 όμνυσθαι,
2273 4553 2367 4607 καὶ
2380 4555 2447 4623 τῇ
2478 4551 2587 4603 τῶν
2600 4549 2870 4619 δαιμόνων
2891 4547 3224 4618 ὑποκύπτειν
3251 4546 3547 4618 τυραννίδι,

1969 4648 2062 4702 καὶ
2094 4649 2221 4710 τοὺς
2271 4644 2557 4716 λυμεῶνας
2603 4642 2695 4695 καὶ
2735 4641 2964 4712 ἐχθροὺς
3011 4639 3112 4708 τῆς
3147 4639 3421 4712 σωτηρίας
3445 4638 3548 4708 τῆς

1967 4739 2242 4811 ἡμετέρας
2259 4736 2582 4809 θεραπεύειν
2607 4735 2888 4804 δαίμονας·
2906 4733 2934 4785 δ
2961 4733 3169 4803 μυρίων
3195 4731 3439 4785 θανάτων
3454 4731 3547 4784 καὶ

1967 4833 2150 4904 πάσης
2185 4832 2408 4902 γεέννης
2459 4827 2840 4899 χαλεπώτερον
2893 4821 2961 4898 ἧν
3013 4826 3107 4880 καὶ
3147 4826 3546 4897 ἀφορητότερον

1965 4929 2086 4989 ταῖς
2136 4925 2500 4995 φιλοχρίστοις
2539 4923 2756 4993 ψυχαῖς.
2801 4921 2935 4973 Τότε
2972 4919 3036 4991 δὴ
3068 4918 3279 4972 πολλῶν
3307 4918 3543 4992 ὐποϐρυ-

1965 5019 2098 5088 χίων
2145 5017 2467 5088 γινομένων,
2502 5015 2596 5068 καὶ
2649 5014 2740 5068 τοῦ
2789 5013 3056 5084 χειμῶνος
3109 5012 3424 5083 αἰρομένου,
3451 5011 3546 5065 καὶ

1967 5109 2178 5164 πολλῶν
2214 5107 2618 5176 ναυαγούντων,
2676 5108 2705 5160 6
2757 5107 3027 5178 μακάριος
3078 5099 3234 5169 οὗτος
3269 5103 3544 5175 Ῥωμανὸς

1965 5199 2253 5274 παρελθὼν
2292 5202 2370 5263 είς
2419 5200 2615 5271 μέσους
2658 5200 2759 5253 οὐκ
2803 5199 3107 5269 ἐσκόπησεν
3139 5196 3361 5260 εὐθέως,
3397 5197 3542 5258 ὅπως

1964 5294 2156 5348 ἐαυτὸν
2214 5293 2380 5363 ἐπιδῷ
2439 5296 2552 5356 τοῖς
2597 5291 2884 5356 κινδύνοις,
2925 5291 3062 5345 ἀλλά
3111 5291 3372 5361 πρότερον
3418 5289 3542 5352 τοὺς

1963 5388 2175 5460 πεφοϐη
2185 5387 2398 5457 μένους,
2426 5387 2550 5449 τοὺς
2579 5385 3060 5447 ἀναπεπτωκότας,
3079 5382 3202 5443 τοὺς
3227 5379 3324 5450 τὴν
3339 5377 3540 5432 οἰκείαν

1964 5482 2256 5553 προδόντας
2290 5480 2563 5550 σωτηρίαν
2604 5480 2824 5550 συνῆγε,
2865 5473 3299 5548 παρεθάρρυνεν,
3330 5471 3538 5540 ’ἀναμαο

1963 5570 2221 5642 χέσασθαι
2247 5569 2646 5643 παρεσκεύαζε,
2672 5570 2799 5632 τοὺς
2835 5567 2932 5639 μὲν
2955 5564 3365 5627 καταπεσόντας
3383 5563 3537 5634 ἀνορ-

1961 5666 2091 5728 θῶν,
2138 5665 2264 5726 τοὺς
2313 5663 2369 5716 δέ
2416 5660 2658 5725 ἑστῶτας
2711 5657 3144 5728 ἀσφαλιζόμενος
3199 5657 3406 5730 εὐχαῖς,
3449 5653 3538 5706 καὶ

1967 5755 2344 5822 παραινέσεσι,
2395 5753 2487 5808 καὶ
2529 5752 2877 5823 συμϐουλαῖς,
2910 5749 3036 5814 περὶ
3083 5748 3192 5804 τῶν
3222 5747 3539 5814 μελλόντων,

3105 5847 3178 5909 13
