4080 6196
499 307 603 366 609

493 423 620 492 περὶ
667 417 774 470 τῶν
833 413 1112 485 παρόντων
1149 409 1491 492 πραγμάτων
1523 407 1696 492 πολλά
1725 405 2067 492 φιλοσοφῶν,

495 491 704 563 δεικνὺς
739 498 798 552 τὸ
836 499 1170 567 πρόσκαιρον
1193 493 1423 555 τούτων,
1449 491 1510 544 τὸ
1533 491 1778 560 διηνεκὲς
1825 491 2068 554 ἐκείνων,

492 583 784 644 ἀντιτιθεὶς
816 592 843 620 ⁸
873 582 984 642 τοῖς
1010 575 1272 638 πόνοιςτά
1290 573 1645 636 ἕπαθλα,ταῖς
1679 572 1928 642 βασάνοις
1947 571 2073 633 τοὺς

492 667 810 737 στεφάνους,
842 665 961 726 ταῖς
1012 659 1267 730 ἀλγηδόσι
1319 659 1386 712 τά
1447 657 1674 730 βραϐεῖα
1709 657 1758 722 δ,
1807 656 2073 709 διδάσκων

494 751 575 814 τίς
602 751 698 820 μὲν
726 750 758 817 ἡ
783 747 1033 817 παροῦσα
1075 744 1208 815 ζωὴ,
1251 743 1332 807 τίς
1361 743 1418 795 δέ
1457 745 1490 812 ἡ
1537 741 1824 812 μέλλουσα,
1855 741 1948 793 καὶ
1977 739 2076 792 πόα

501 851 590 886 σον
623 831 890 900 ἑκατέρας
925 829 985 880 τὸ
1036 827 1218 898 μέσον,
1269 827 1362 878 καὶ
1404 826 1485 878 δτι
1535 825 1751 887 πάντως
1787 823 2075 876 ἀποθανεῖν

498 917 731 985 ἀνάγκη·
759 914 862 967 κάν
909 911 1016 983 γάρ
1065 913 1139 982 μὴ
1172 910 1346 980 τούτῳ
1371 910 1447 980 τῷ
1474 910 1659 980 τρόπῳ
1685 907 2074 978 καταλύσωμεν

496 1001 592 1071 τὴν
627 997 792 1070 ζωὴν,
824 997 900 1068 τῷ
927 995 1079 1065 νόμῳ
1119 995 1216 1065 τῆς
1261 993 1475 1063 φύσεως
1505 993 1722 1055 πάντως
1771 989 2074 1058 ἀναγκαζό-

504 1100 653 1154 μενοι
683 1081 879 1152 μικρὸν
905 1079 1034 1147 γοῦν
1077 1077 1306 1148 ὓστερον
1341 1077 1450 1130 τῶν
1481 1076 1747 1146 σωμάτων
1771 1073 2076 1144 ἀποστησό-

504 1166 644 1238 μεθα
675 1164 902 1218 τούτων.
923 1161 1106 1215 Ταῦτα
1134 1161 1197 1232 δὴ
1229 1161 1320 1214 καὶ
1341 1162 1408 1214 τά
1435 1159 1644 1218 τούτοις
1663 1159 1878 1212 ἐοικότα
1896 1169 1916 1195 "-
1939 1174 2076 1226 παρ-

495 1249 659 1304 αινῶν
706 1247 997 1318 ἀνώρθωσε
1047 1245 1144 1307 τάς
1208 1244 1543 1314 παρειμένας
1582 1245 1791 1312 χεῖρας,
1824 1241 2076 1311 ἐστήριξε

497 1333 563 1386 τά
599 1330 1030 1403 παραλελυμένα
1061 1329 1286 1396 γόνατα,
1320 1327 1446 1388 τοὺς
1471 1325 1714 1394 φυγάδας
1739 1326 2074 1394 ἐπανήγαγε,

495 1417 594 1486 τὴν
623 1415 826 1468 δειλίαν
863 1413 1106 1478 ἐξέϐαλε,
1138 1413 1238 1484 τὴν
1285 1410 1526 1478 ἀγωνίαν
1560 1407 1830 1477 ἀπήλασε,
1875 1407 2076 1475 θάρσος

497 1499 774 1568 ἐνέθηκεν,
793 1497 912 1549 ἀντὶ
939 1494 1133 1547 δειλῶν
1162 1493 1476 1562 προθύμους
1505 1490 1781 1559 ἐποίησεν,
1811 1489 1930 1542 ἀντὶ
1959 1489 2079 1558 δορ-

497 1581 676 1634 κάδων
734 1578 829 1631 καὶ
883 1577 1101 1645 ἐλάφων
1165 1576 1384 1636 λέοντας
1443 1571 1822 1642 ἀπειργάσατο
1877 1571 2079 1639 πολλῆς

498 1663 757 1724 πνέοντας
790 1661 891 1730 τῆς
941 1661 1147 1729 ἰσχύος,
1186 1656 1553 1727 συνεκρότησε
1603 1653 1696 1708 τοῦ
1733 1653 1969 1724 Χριστοῦ
2017 1653 2078 1704 τὸ

499 1744 879 1816 στρατόπεδον,
905 1743 1000 1813 τὴν
1031 1739 1298 1810 αἰσχύνην
1323 1739 1423 1807 τὴν
1439 1739 1566 1808 παρ’
1593 1738 1724 1808 ἡμῖν
1757 1739 1836 1799 εἰς
1859 1736 1954 1799 τὰς
1973 1735 2078 1788 τῶν

499 1827 773 1897 πολεμίων
809 1825 1114 1896 μετήνεγκε
1151 1822 1178 1860 ιι
1219 1821 1482 1890 κεφαλάς.
1527 1819 1671 1873 Ἰδὼν
1701 1819 1878 1872 τοίνυν
1905 1823 1934 1872 ὁ
1963 1819 2077 1872 διά-

499 1911 652 1972 ϐολος
671 1909 872 1979 ἀθρόαν
893 1906 1196 1978 μεταϐολὴν
1231 1903 1627 1974 γεγενημένην,
1667 1903 1762 1955 καὶ
1793 1903 1919 1963 τοὺς
1955 1901 2077 1972 χθὲς

499 1995 595 2046 καὶ
629 1991 820 2062 πρῴην
853 1989 1156 2052 δεδοικότας
1189 1987 1352 2041 αὐτὸν
1379 1987 1475 2039 καὶ
1513 1987 1838 2056 τρέμοντας,
1865 1985 1959 2038 νῦν
1979 2003 2078 2038 κα-

497 2075 838 2145 ταγελῶντας
873 2072 1024 2145 [614]
1047 2072 1211 2126 αὐτοῦ
1239 2071 1334 2125 καὶ
1363 2068 1843 2140 κατατολμῶντας,
1877 2071 2081 2121 ἐπαπο-

503 2160 799 2229 δυομένους
817 2159 932 2220 τοῖς
957 2155 1244 2218 κινδύνοις,
1281 2153 1660 2224 ἐπιπηδῶντας
1681 2154 1792 2214 τοῖς
1819 2151 2080 2222 κολαστη-

501 2243 658 2312 ρίοις,
685 2241 778 2294 καὶ
801 2241 963 2308 γνοὺς
995 2239 1088 2290 τὸν
1115 2239 1307 2300 αἴτιον,
1343 2236 1556 2299 πάντας
1587 2237 1766 2303 ἀφεὶς,
1787 2237 1906 2288 κατ’
1937 2235 2082 2287 ἐκεῖ·

499 2343 590 2378 νου
625 2325 810 2378 λοιπὸν
845 2323 1103 2374 ἔπνευσεν
1130 2320 1270 2384 ὅλος,
1301 2320 1484 2373 πᾶσαν
1511 2319 1612 2390 τὴν
1651 2317 1882 2388 δύναμιν
1916 2317 2081 2370 αὑτοῦ

498 2409 594 2462 κα)⁵
622 2407 720 2476 τήν
750 2404 945 2475 μανίαν
965 2404 1106 2456 κατὰ
1127 2403 1227 2470 τῆς
1258 2401 1535 2472 μακαρίας
1565 2400 1767 2469 ταύτης
1793 2399 1956 2452 κινῶν
1993 2417 2082 2452 κε-

501 2489 697 2558 φαλῆς.
733 2487 837 2540 Καὶ
871 2486 923 2538 τί
942 2487 1116 2550 ποιεῖς
1144 2485 1408 2537 Σκοπεῖτε
1441 2483 1542 2553 τὴν
1567 2482 1924 2554 κακουργίαν.
1969 2483 2082 2534 Οὐκ

497 2575 704 2644 ήγαγεν
735 2571 899 2644 αὐτὸν
931 2570 1022 2622 ἐπί
1055 2567 1343 2638 βασάνους,
1373 2567 1472 2620 ούκ
1499 2567 1771 2638 ἀπέτεμεν
1789 2568 1952 2621 αὑτοῦ
1983 2569 2082 2637 τήν

499 2655 764 2725 κεφαλήν·
807 2649 1012 2716 ἐδίδαξε
1047 2651 1156 2723 γάρ
1181 2650 1342 2704 αὑτὸν
1377 2653 1407 2704 ό
1440 2650 1728 2722 παρελθὼν
1753 2652 1967 2722 χρόνος,
2000 2653 2082 2704 δτι

499 2739 679 2792 πάντα
709 2735 885 2790 ταῦτα
917 2737 1038 2806 είκῆ
1083 2735 1179 2788 καὶ
1211 2735 1387 2805 μάτην
1415 2734 1642 2802 ἐγίνετο.
1669 2733 1751 2788 Οὐ
1779 2735 1886 2806 γὰρ
1924 2735 2084 2805 μόνον

499 2824 598 2876 οὐκ
630 2820 854 2886 ἐνέκοψε
883 2817 990 2872 τῶν
1021 2817 1462 2871 πεπιστευκότων
1481 2817 1580 2888 τὴν
1603 2817 1928 2888 προθυμίαν,
1947 2819 2082 2872 ἀλλά

498 2907 594 2958 καὶ
633 2904 876 2958 ἐπέτεινε
913 2901 1095 2966 πλέον,
1119 2901 1215 2954 κα.)⁵
1239 2901 1412 2970 μείζω
1441 2900 1533 2952 καὶ
1555 2898 1891 2972 θερμοτέραν
1915 2901 2086 2974 αὐτὴν

499 2989 778 3058 ἐποίησεν.
838 2984 1152 3054 ’Δνθρακας
1203 2983 1568 3054 ὑπεστόρεσα,
1616 2985 1800 3052 φησὶν,
1839 2987 1886 3038 οί
1923 2985 1979 3038 δέ
2006 2986 2083 3050 ὡς

501 3073 595 3124 ἐπὶ
628 3069 756 3144 ῥόδα
791 3080 813 3109 ε
851 3068 1090 3140 ἔτρεχον·
1117 3066 1228 3138 πῦρ
1279 3067 1480 3138 ἀνῆψα,
1512 3065 1638 3119 οἱδέ
1671 3066 1746 3130 ὼς
1785 3069 1864 3130 είς
1902 3069 2094 3139 πηγὰς¹

501 3155 708 3208 ὑδάτων
735 3151 959 3225 ψυχρῶν
977 3152 1200 3215 ἑαυτοὺς
1221 3149 1472 3221 ἔρριψαν·
1505 3149 1778 3216 κατέξανα
1797 3151 1895 3215 τάς
1917 3153 2083 3206 πλευ-

504 3238 626 3312 ρὰς,
669 3238 764 3290 καὶ
795 3235 1016 3306 βαθείας
1056 3235 1317 3304 ἀνέτεμον
1353 3231 1616 3302 αὔλακας,
1652 3235 1748 3288 καὶ
1771 3237 2084 3306 κατήγαγον

505 3323 716 3394 ῥύακας
765 3319 1027 3390 αἱμάτων,
1057 3320 1106 3371 οἱ
1137 3318 1192 3370 δὲ
1233 3318 1308 3378 ὡς
1337 3319 1545 3389 χρυσίῳ
1589 3318 1853 3374 πάντοθεν
1891 3323 2084 3391 περιρ-

503 3408 771 3478 ῥεόμενοι,
797 3404 970 3465 οὕτως
999 3401 1453 3465 ἐκαλλωπίζοντο·
1488 3403 1600 3464 τοῖς
1645 3405 1910 3474 κρημνοῖς
1940 3404 2086 3476 ἕρῤι-

427 3523 452 3564 ηε.
500 3492 602 3560 qm,
637 3489 731 3542 καὶ
759 3488 838 3550 είς
897 3485 1134 3553 πέλαγος
1173 3485 1559 3550 κατεπόντισα,
1605 3486 1654 3536 οί
1691 3485 1748 3537 δὲ
1779 3487 1878 3556 οὐχ
1907 3487 1980 3550 ώς
2005 3491 2084 3551 εἰς

505 3575 664 3645 βυθὸν
693 3569 1134 3634 καταϐαίνοντες,
1159 3567 1272 3621 ἀλλ’
1291 3569 1366 3632 ὡς
1389 3571 1469 3634 εἰς
1491 3568 1656 3622 αὐτὸν
1705 3569 2086 3636 ἀναϐαίνοντες

503 3657 592 3710 τὸν
623 3653 869 3726 οὐρανὸν,
905 3651 1045 3705 οὕτω
1075 3651 1336 3706 διέκειντο
1359 3651 1704 3722 σκιρτῶντες,
1737 3653 1830 3705 καὶ
1861 3653 2084 3722 ἀγαλλό-

505 3757 678 3810 μενοι,
714 3738 807 3792 καὶ
826 3736 1016 3806 ῶσπερ
1061 3736 1120 3788 ἐν
1153 3736 1278 3806 ἱερᾷ
1309 3738 1502 3805 πομπῇ
1545 3734 1882 3806 χορεύοντες,
1911 3739 2004 3791 καὶ
2029 3740 2084 3791 ἐν

501 3822 727 3892 λειμῶνι
781 3821 1066 3882 παίζοντες
1095 3817 1322 3889 χλοερῷ,
1344 3817 1488 3870 οὓτω
1534 3819 1632 3881 τάς
1663 3819 1931 3889 τιμωρίας
1959 3821 2088 3874 ἒκα-

503 3923 627 3970 στος
657 3901 927 3976 ἥρπαζον,
955 3902 1053 3972 οὐχ
1083 3902 1158 3965 ὼς
1189 3901 1482 3972 τιμωρίας,
1517 3900 1630 3954 ἀλλ’
1665 3902 1740 3965 ὼς
1772 3901 1905 3974 ἄνθη
1945 3903 2084 3974 λαμ-

503 3990 752 4052 ϐάνοντες
775 3985 986 4058 ἐαρινὰ,
1030 3985 1124 4038 καὶ
1157 3983 1611 4053 στεφανούμενοι,
1654 3983 1748 4036 καὶ
1775 3987 1840 4056 τῇ
1872 3986 1972 4056 τῆς
2011 3989 2086 4040 οί-

501 4073 654 4136 κείας
703 4068 1011 4141 προθυμίας
1063 4067 1335 4138 ὑπερϐολῇ
1394 4066 1494 4129 τάς
1555 4069 1694 4138 ἐμὰς
1750 4069 2086 4138 προέφθανον

500 4155 788 4226 τιμωρίας.
827 4153 890 4206 Τί
919 4151 1097 4206 τοίνυν
1126 4151 1192 4204 ἂν
1219 4150 1304 4222 εῖη
1339 4150 1634 4221 πρακτέον,
1679 4151 1872 4222 φησίν;
1927 4153 2085 4206 Ἀπο-

500 4237 651 4306 τέμω
679 4236 869 4288 τούτου
889 4234 985 4305 τὴν
1015 4233 1291 4305 κεφαλήν;
1330 4231 1471 4284 Ἀλλ’
1499 4233 1636 4304 ὅπερ
1655 4232 1890 4303 εὔχεται,
1929 4234 2084 4288 τοῦτο

501 4321 730 4388 γίνεται,
757 4321 850 4373 καὶ
884 4317 1102 4389 μείζονα
1123 4316 1490 4388 λαμϐάνουσιν
1520 4317 1569 4368 οί
1614 4317 1852 4388 μαθηταὶ
1867 4318 1965 4389 τὴν
1996 4320 2084 4372 διὰ

500 4403 610 4456 τῶν
643 4402 818 4472 ἔργων
851 4401 1190 4471 παραίνεσιν·
1221 4397 1441 4468 καὶγὰρ
1470 4399 1794 4470 παρῄνεσεν,
1827 4401 1906 4452 δτι
1948 4419 2084 4472 μαρ-

501 4485 680 4557 τύρων
705 4485 932 4546 θάνατος
971 4483 1071 4535 οὐκ
1109 4481 1226 4534 ἐστι
1279 4480 1532 4547 θάνατος,
1575 4481 1710 4534 ἀλλά
1755 4482 1868 4554 ζωὴ
1909 4484 2083 4554 πέρας

501 4571 602 4622 οὐκ
627 4567 844 4638 ἔχουσα,
865 4567 962 4620 καὶ
991 4565 1224 4636 μάλιστά
1259 4581 1322 4632 γε
1343 4565 1482 4635 ὑπὲρ
1521 4565 1724 4634 ταύτης
1748 4567 1924 4620 πάντα
1953 4569 2084 4622 ὑπο-

506 4653 686 4722 μένειν
718 4651 844 4723 χρὴ,
897 4651 993 4710 καὶ
1024 4649 1106 4702 ὅτι
1153 4649 1235 4701 δεῖ
1278 4649 1636 4716 καταφρονεῖν
1674 4647 1948 4719 τελευτῆς.
1987 4653 2081 4704 Ἂν

499 4735 682 4789 τοίνυν
712 4735 971 4804 ἀποτέμω
1011 4733 1113 4803 τὴν
1164 4731 1430 4802 κεφαλὴν,
1459 4732 1554 4784 καὶ⁵
1596 4732 1856 4798 γενναίως
1883 4733 2082 4808 ἐνέγκῃ

499 4819 564 4872 τὸ
595 4815 826 4888 συμϐάν,
865 4816 954 4870 διὰ
1021 4815 1133 4868 τῶν
1167 4815 1350 4886 ἔργων
1377 4814 1574 4876 αὐτοὺς
1598 4814 1876 4868 παιδεύσει
1917 4817 2082 4886 σαφέ-

505 4918 718 4971 στερον.
744 4901 826 4954 ὅτι
847 4899 990 4952 οὕτω
1021 4899 1254 4953 θανάτου
1293 4897 1373 4950 δεῖ
1411 4901 1787 4968 καταφρονεῖν,
1815 4901 1909 4952 καὶ
1944 4900 2080 4970 μᾶλ-

501 4984 593 5036 λον
616 4981 791 5036 αὑτῶν
816 4981 1115 5055 ἀνορθώσει
1144 4981 1213 5034 τὰ
1230 4982 1575 5052 φρονήματα,
1601 4981 1695 5034 καὶ
1733 4981 1950 5035 πλείονα
1979 4985 2079 5036 αὑ-

499 5069 612 5129 τοῖς
638 5065 931 5137 ἐμπνεύσει
955 5065 972 5105 τ
1009 5066 1342 5137 τελευτήσας
1375 5066 1474 5135 τὴν
1499 5064 1823 5136 προθυμίαν.
1840 5067 1937 5121 Διά
1960 5068 2080 5121 τοῦ·

501 5167 561 5204 το
591 5151 691 5221 τὴν
741 5149 992 5218 γλῶτταν
1033 5152 1328 5221 ἀπέτεμεν,
1362 5150 1448 5203 ἵνα
1476 5149 1939 5222 ἀποστερηθέντες
1978 5154 2078 5220 τῆς

503 5235 705 5307 φωνῆς,
733 5227 800 5306 ἦς
831 5235 1107 5304 ἀπήλαυον
1146 5237 1194 5286 οἱ
1229 5233 1324 5286 τοῦ
1357 5233 1634 5303 μάρτυρος
1677 5233 1935 5306 μαθηταὶ,
1983 5239 2078 5290 καὶ

502 5318 602 5388 τῆς
631 5315 940 5389 συμϐουλῆς
969 5317 1310 5383 ἐκπεσόντες,
1338 5315 1544 5386 καὶτῆς
1565 5317 1932 5386 παραινέσεως
1959 5321 2080 5390 ἐρη·

561 5450 579 5472 ⁸
605 5451 687 5500 Sic
718 5453 766 5501 in
789 5454 1026 5514 prmsenli
1049 5453 1418 5502 rescribendum
1443 5449 1557 5510 fuit,
1583 5457 1749 5500 contra
1787 5452 1954 5501 Monll‘.
1992 5457 2075 5514 qui

501 5513 758 5576 in_a9risto
781 5513 984 5576 {egebat
1006 5517 1215 5571 ἀντιθείς.
1241 5515 1376 5564 Enn.

559 5573 587 5639 lg
617 5574 753 5639 Upins
777 5573 898 5639 Ιζρέ.
923 5576 1024 5632 ταῖς
1043 5577 1258 5639 πληγαῖς.

566 5636 590 5700 ξ
611 5636 706 5700 ΑΙίί
728 5636 911 5700 τούτοις
931 5639 1090 5700 ὅμοια.

563 5693 588 5732 ἆ
617 5694 752 5744 Unus
773 5697 908 5766 Illeg.
947 5693 1044 5766 τῶν
1083 5699 1300 5748 ἐναντίων
1347 5699 1618 5761 μετήνεγκε.
1661 5695 1778 5747 Ibid.
1827 5699 1973 5750 Savil.
2003 5701 2072 5766 _in
2123 5693 2128 5700 ’

498 5757 1230 5868 πετιηιιτιιξικεὼιάέεγιιιά

565 5831 578 5839 ’
610 5831 743 5866 unus
777 5831 899 5879 neg.
922 5831 986 5874 ως
1005 5831 1079 5867 επι
1101 5831 1268 5880 πηγάς.

565 5875 588 5917 ί
618 5878 754 5928 Unus
771 5877 896 5940 Reg.
917 5879 1074 5936 αὐτοῖς
1099 5881 1292 5939 ἐνθήσει

1202 299 1257 352 S.
1291 293 1575 352 JOANNIS
1611 289 2098 350 CHRYSOSTOMI
2141 289 2460 347 ARCHIEP.
2504 287 3050 347 CONSTANTINOP.

3654 283 3758 346 διο

2185 406 2476 476 μωθέντες,
2507 405 2796 476 δειλότεροι
2831 405 3116 473 γένωνται,
3143 401 3238 456 καὶ
3261 403 3394 474 πρὸς
3419 403 3516 474 τήν
3563 417 3670 476 προ
3681 403 3758 454 τέο

2181 506 2280 558 ραν
2317 489 2552 557 ἀγωνίαν
2581 487 2971 552 ἐπανέλθωσιν,
3007 487 3108 540 ούκ
3158 486 3373 556 ἔχοντες
3408 487 3498 540 τὸν
3530 485 3740 540 ἐπαλείο

2179 589 2366 640 φοντα,
2398 572 2514 624 οὐδὲ
2540 571 2629 624 τὸν
2653 569 2981 640 διεγείροντα
2997 571 3090 623 καὶ
3125 569 3539 634 καθοπλίζοντα.

2249 662 2318 722 γ’.
2353 654 2457 708 Καλ⁵
2493 655 2684 708 σκόπει
2723 670 2810 724 μοι
2836 653 2936 722 τὴν
2975 653 3330 724 κακουργίαν.
3375 654 3620 726 Ἡρώδης
3648 657 3744 726 μὲν

2179 738 2420 807 ἀπέτεμε
2441 737 2537 806 τὴν
2563 737 2801 807 κεφαλήν
2838 736 3107 790 Ἰωάννου·
3143 731 3296 798 οὗτος
3315 736 3369 788 δέ
3387 735 3509 806 οὐχὶ
3539 739 3640 808 τήν
3669 753 3750 790 κει

2181 821 2375 890 φαλὴν,
2426 819 2560 874 ἀλλά
2611 821 2710 891 τὴν
2753 819 2996 886 γλῶτταν
3049 820 3237 890 μόνην.
3285 819 3350 871 Τί
3389 819 3616 890 δήποτε;
3657 819 3754 872 Διά
3823 819 3830 858 έ

2181 903 2380 973 πολλὴν
2415 903 2748 974 κακουργίαν
2779 902 2871 954 καὶ
2913 903 3229 968 σκαιότητα.
3259 901 3354 954 Ἂν
3375 902 3633 972 ἀποτέμω
3655 903 3756 970 τὴν

2182 987 2443 1058 κεφαλὴν,
2483 987 2634 1056 φησὶ,
2662 987 2756 1040 καὶ
2789 987 3054 1058 ἀποθάνῃ,
3087 985 3445 1039 ἀπελεύσεται
3482 986 3580 1056 οὐχ
3613 985 3755 1057 ὁρῶν

2181 1072 2278 1142 τὴν
2307 1071 2578 1124 ἀπώλειαν
2592 1072 2698 1122 τῶν
2721 1071 2914 1124 ἐαυτοῦ
2934 1070 3196 1139 ἀδελφῶν·
3227 1069 3336 1138 ἐγὼ
3359 1069 3414 1122 δέ
3446 1069 3607 1123 αὐτὸν
3633 1067 3756 1139 βού-

2182 1154 2342 1224 λομαι
2385 1153 2578 1222 στῆσαι
2609 1153 2859 1224 μάρτυρα
2896 1154 3002 1206 τῶν
3027 1152 3334 1222 πτωμάτων
3355 1152 3450 1204 καὶ
3485 1153 3584 1221 τῆς
3620 1167 3756 1221 συμ-

2184 1241 2355 1309 φορᾶς
2377 1237 2486 1291 τῶν
2519 1239 2732 1290 οἰκείων
2768 1237 3135 1306 στρατιωτῶν,
3169 1238 3257 1298 ἵν’,
3299 1237 3404 1289 ὑπὸ
3431 1235 3536 1306 τῆς
3561 1233 3758 1302 ὀδύνης

2183 1324 2416 1392 ἆγχηται
2439 1322 2872 1384 καταπίπτοντας
2894 1323 2990 1391 μὲν
3012 1321 3170 1392 ὁρῶν,
3189 1323 3346 1391 χεῖρα
3365 1319 3418 1372 δέ
3441 1321 3652 1389 ὀρέγειν
3680 1321 3756 1388 μὴ

2183 1406 2498 1476 δυνάμενος,
2547 1405 2642 1458 καὶ
2695 1405 2755 1458 τὸ
2799 1404 3196 1474 συμϐουλεῦσαι
3251 1403 3424 1455 ταῦτα
3471 1403 3613 1472 άπερ
3663 1405 3758 1455 καὶ

2181 1491 2452 1562 ’πρότερον
2483 1490 2584 1542 ούκ
2623 1489 2783 1559 ἔχων,
2830 1488 2930 1559 τῆς
2982 1489 3164 1558 φωνῆς
3207 1487 3345 1559 μετά
3378 1487 3478 1557 τῆς
3511 1486 3756 1556 γλώττης

2186 1575 2530 1644 ἐκκοπείσης.

2271 1659 2452 1712 ⁸Αλλ’ό
2473 1660 2496 1698 ε
2525 1657 2886 1727 δρασσόμενος
2902 1656 3024 1720 τοὺς
3041 1657 3234 1724 σοφοὺς
3263 1655 3322 1708 ἐν
3350 1657 3416 1725 τῇ
3451 1652 3757 1722 πανουργία

2141 1775 2144 1780 -
2185 1743 2384 1804 αὐτῶν,
2412 1741 2472 1794 τδ
2505 1741 2747 1812 σόφισμα
2769 1740 2924 1792 τοῦτο
2952 1741 3028 1802 είς
3067 1739 3163 1808 τήν
3196 1739 3404 1792 ἐκείνου
3431 1735 3756 1807 περιέτρεψε

2185 1825 2448 1894 κεφαλὴν,
2479 1823 2573 1876 καὶ
2599 1824 2658 1876 οὐ
2691 1824 2850 1894 μόνον
2892 1822 3196 1893 συμϐουλῆς
3230 1822 3329 1874 οὐκ
3361 1818 3754 1888 ἀπεστέρησεν,

2187 1909 2323 1962 ἀλλὰ
2347 1910 2442 1961 καὶ
2475 1907 2715 1970 πλείονος
2746 1907 2942 1966 αὐτοὺς
2973 1907 3226 1974 ἐποίησεν
3251 1903 3552 1958 ἀπολαῦσαι
3573 1919 3758 1972 παραι-

2187 1995 2406 2056 νέσεως,
2445 1991 2538 2044 καὶ
2575 1990 3097 2060 πνευματικωτέρας
3129 1987 3276 2058 [615]
3303 1988 3590 2058 μετασχεῖν
3611 1985 3758 2036 διδα-

2190 2077 2432 2138 σκαλίας.
2467 2075 2804 2146 Ἐπειδὴγάρ
2822 2073 3284 2144 τοῦτοέκράτησε,
3309 2069 3546 2123 καλεῖται
3575 2067 3764 2120 λοιπὸν

2187 2161 2280 2214 ἐπὶ
2308 2159 2405 2230 τὴν
2429 2160 2598 2229 τομὴν
2616 2162 2643 2212 ὁ
2674 2159 2875 2228 ἰατρὸς,
2899 2157 2992 2211 καὶ
3005 2159 3194 2228 δήμιος
3215 2155 3335 2210 ἀντί¹
3363 2152 3545 2222 ἰατροῦ
3578 2153 3758 2220 γίγνε-

2187 2262 2298 2306 ται,
2333 2243 2454 2312 οὐχὶ
2478 2243 2540 2296 τὺ
2576 2243 2863 2312 νενοσηκὸς
2900 2241 3280 2312 διορθούμενος
3316 2238 3496 2308 μέλος,
3529 2237 3664 2290 ἀλλά
3701 2237 3762 2288 τὸ

2189 2329 2429 2396 ὑγιαῖνον
2479 2325 2827 2396 διαφθείρων·
2865 2325 2956 2377 καὶ
2982 2323 3079 2394 τήν
3107 2323 3352 2391 γλῶτταν
3403 2320 3621 2388 ἐξελὼν.
3661 2320 3762 2372 οὐκ

2191 2411 2406 2480 ἴσχυσεν
2441 2409 2577 2478 αὐτῇ
2625 2407 2924 2472 συνεξελεῖν
2957 2408 3050 2460 καὶ
3087 2407 3184 2476 τὴν
3219 2407 3420 2476 φωνήν·
3459 2403 3632 2474 ἀλλ’ἠ
3665 2402 3764 2473 μὲν

2193 2495 2290 2562 τῆς
2315 2492 2514 2562 σαρκὸς
2544 2491 2866 2557 ἐξεκόπτετο
2884 2489 3115 2557 γλῶττα,
3149 2491 3181 2559 ἡ
3208 2488 3262 2540 δέ
3297 2489 3394 2556 τῆς
3423 2489 3643 2558 χάριτος
3671 2489 3762 2554 ἐφ-

2195 2577 2382 2628 ίπτατο
2413 2574 2490 2644 τῷ
2521 2575 2746 2644 στόματι
2772 2572 2866 2625 τοῦ
2901 2572 3188 2642 μακαρίου·
3221 2572 3313 2623 καὶ
3333 2574 3364 2641 ή
3385 2571 3479 2642 μὲν
3507 2569 3668 2638 φύσις
3706 2567 3764 2620 τὸ

2191 2663 2390 2712 οἰκεῖον
2409 2657 2555 2725 ήφίει
2585 2656 2764 2726 μέλος,
2790 2655 2881 2708 τοῦ
2914 2655 3129 2724 σιδήρου
3147 2653 3303 2708 τοῦτο
3330 2651 3766 2719 καταναγκάζον-

2189 2761 2309 2806 τος,
2347 2744 2379 2812 ἡ
2424 2741 2478 2793 δὲ
2528 2741 2685 2810 χάρις
2733 2741 3094 2796 συνεκπεσεῖν
3121 2739 3258 2810 αὐτῇ
3305 2739 3399 2807 τὴν
3436 2735 3619 2806 φωνὴν
3665 2735 3766 2786 οὐκ

2189 2828 2396 2880 εἴασεν·
2437 2823 2556 2876 ὅθεν
2597 2821 2784 2874 λοιπὸν
2833 2822 3352 2892 πνευματικωτέρας
3393 2819 3674 2890 ἀπήλαυον
3713 2817 3764 2870 οἱ

2195 2909 2434 2982 μαθηταὶ
2469 2905 2831 2968 διδασκαλίας,
2866 2906 2964 2958 οὐκ
2996 2907 3310 2977 ἀνθρωπίνῃ
3340 2907 3488 2976 φωνῇ
3508 2904 3764 2972 καθάπερ

2188 2995 2257 3048 τά
2298 2991 2536 3062 πρότερα
2563 2987 2871 3052 ἀκούοντες,
2895 2988 3028 3041 ἀλλά
3051 2989 3167 3060 θείᾳ
3185 2989 3312 3053 τινὶ,
3341 2991 3432 3042 καὶ
3466 3003 3765 3056 πνευματι-

2191 3078 2282 3146 κῇ,
2315 3078 2408 3128 καὶ
2441 3072 2645 3143 μείζονι
2671 3073 2768 3141 τῆς
2801 3070 3014 3141 φύσεως
3029 3073 3125 3143 τῆς
3145 3070 3434 3142 ἡμετέρας·
3459 3068 3765 3132 καὶπάντες

2193 3159 2530 3228 συνέτρεχον,
2563 3154 2768 3208 ἀνωθεν
2797 3155 3038 3223 ἄγγελοι,
3057 3154 3298 3209 κάτωθεν
3324 3153 3418 3208 ἄνθ
3427 3169 3616 3224 ρωποι,
3635 3152 3764 3208 ἔκα-

2194 3259 2314 3305 στος
2341 3241 2509 3311 χωρὶς
2545 3238 2793 3308 γλώττης
2841 3238 3015 3307 στόμα
3057 3238 3184 3291 ἰδεῖν
3227 3235 3642 3307 ἐπιθυμοῦντες,
3668 3237 3764 3288 καὶ

2191 3323 2417 3378 ἀκοῦσαι
2463 3319 2832 3392 φθεγγομένου
2885 3319 3076 3383 οὕτως.
3125 3321 3234 3374 Καὶ
3271 3321 3378 3391 γάρ
3422 3315 3489 3390 ἦν
3533 3319 3700 3380 ὅντως
3731 3317 3762 3358 Β

2193 3405 2501 3476 θαυμαστὸν
2527 3405 2620 3457 καὶ
2650 3403 2946 3474 παράδοξον
2987 3403 3160 3474 στόμα
3186 3403 3312 3458 ἄνευ
3337 3403 3580 3473 γλώττης
3599 3403 3764 3472 φθεγο

2191 3491 2438 3560 γόμενον,
2478 3487 2677 3558 πολλὴν
2729 3489 2826 3558 μὲν
2877 3487 2954 3557 τῷ
2997 3487 3230 3558 διαϐόλῳ
3277 3489 3440 3558 φέρον
3477 3487 3760 3557 αἰσχύνην,

2193 3573 2392 3643 πολλὴν
2419 3573 2476 3625 δὲ
2513 3572 2590 3642 τῷ
2610 3571 2848 3644 μάρτυρι
2873 3571 3049 3637 δόξαν,
3091 3572 3332 3642 μεγάλην
3357 3573 3414 3624 δέ
3440 3575 3550 3634 τοῖς
3583 3571 3762 3640 μαθη-

2191 3660 2311 3720 ταῖς
2345 3655 2693 3726 παράκλησιν
2723 3655 2816 3709 καὶ
2869 3655 3140 3724 ὑπομονῆς
3193 3654 3464 3708 ὑπόθεσιν.
3507 3655 3617 3707 Καὶ
3655 3653 3764 3726 γὰρ

2192 3743 2312 3804 ἔθος
2331 3741 2410 3811 τῷ
2433 3741 2553 3810 Θεῷ
2577 3738 2822 3792 τοιοῦτον
2849 3737 3053 3792 ἀνωθεν
3075 3739 3168 3791 καὶ
3211 3738 3270 3803 ἐξ
3301 3741 3493 3810 ἀρχῆς,
3533 3739 3676 3810 άπερ
3697 3737 3763 3792 ἂν

2195 3824 2318 3879 καθ’
2345 3823 2504 3896 ἡμῶν
2533 3825 2560 3876 ό
2593 3822 2839 3885 διάϐολος
2889 3821 3054 3892 ράψῃ,
3090 3821 3264 3875 ταῦτα
3302 3823 3382 3886 είς
3417 3823 3515 3890 τὴν
3549 3822 3763 3874 ἐκείνου

2189 3911 2412 3981 τρέπειν
2452 3909 2713 3977 κεφαλὴν,
2739 3907 2832 3961 καὶ
2861 3907 3000 3978 ὑπὲρ
3026 3907 3122 3977 τῆς
3139 3906 3412 3978 ἡμετέρας
3433 3908 3764 3962 κατασκευά-

2193 3995 2304 4059 ζειν
2339 3994 2628 4064 σωτηρίας.
2670 3992 2870 4045 Σκόπει
2897 3991 2973 4044 δέ·
3009 3991 3258 4056 ἐξέϐαλεν
3292 3993 3496 4054 ἐκεῖνος
3531 3989 3624 4050 τοῦ
3655 4009 3764 4045 πα-

2197 4079 2438 4149 ραδείσου
2465 4077 2555 4130 τὸν
2581 4077 2678 4131 ἀνθ
2689 4093 2888 4147 ρωπον,
2917 4077 3009 4128 καὶ
3042 4075 3274 4144 ἀνέῳξεν
3301 4075 3449 4145 αὐτῷ
3479 4075 3570 4127 τὸν
3597 4075 3762 4146 οὐραο

2191 4162 2278 4216 νὺν
2307 4163 2336 4213 ὁ
2373 4161 2522 4222 Θεός·
2548 4160 2823 4231 ἀπήλασεν
2855 4159 3016 4212 αὐτὸν
3044 4159 3247 4222 ἐκεῖνος
3265 4159 3363 4228 τῆς
3392 4158 3564 4228 ἀρχῆς
3583 4158 3680 4228 τῆς
3707 4160 3763 4210 ἐν

2191 4249 2255 4316 τῇ
2291 4249 2383 4316 γῇ,
2413 4245 2507 4298 καὶ
2533 4243 2730 4297 ἔδωκεν
2756 4243 2905 4314 αὐτῷ
2932 4243 3030 4312 τὴν
3079 4241 3353 4311 βασιλείαν
3391 4243 3500 4294 τῶν
3521 4243 3762 4311 ούρανῶν

2190 4331 2218 4382 ό
2247 4328 2397 4394 Θεὸς,
2425 4329 2518 4380 καὶ
2556 4329 2615 4380 ἐν
2659 4326 2736 4397 τῷ
2764 4325 2938 4398 θρόνῳ
2954 4325 3030 4394 τῷ
3061 4325 3321 4394 βασιλικῷ
3349 4326 3448 4395 τὴν
3478 4324 3638 4394 φύσιν
3675 4327 3760 4378 ἐν·

2195 4411 2376 4480 ίδρυσε
2427 4409 2527 4490 τῂν
2564 4411 2860 4480 ἡμετέραν.
2924 4407 3108 4470 Οὕτως
3159 4408 3245 4461 ἀεὶ
3291 4408 3509 4476 μείζονα
3547 4407 3764 4490 δίδωσιν
3837 4409 3856 4442 ‘-

2189 4491 2391 4558 ἀγαθὰ,
2419 4486 2493 4544 ὧν
2517 4493 2545 4544 ὁ
2581 4491 2825 4554 διάϐολος
2857 4491 3180 4561 ἀποστερεῖν
3205 4492 3488 4562 ἐπιχειρεῖ.
3517 4493 3672 4544 Ποιεῖ
3705 4489 3764 4544 δέ

2191 4575 2373 4640 τοῦτο,
2426 4575 2632 4628 ἐκεῖνόν
2677 4592 2735 4628 τε
2773 4575 3130 4646 ὀκνηρότερον
3166 4577 3224 4628 ἐν
3277 4578 3398 4639 ταῖς
3449 4574 3573 4628 καθ’
3605 4573 3766 4645 ἡμῶν

2189 4658 2610 4720 κατασκευάζων
2641 4659 2655 4698 ί
2694 4657 3024 4721 ἐπιϐουλαῖς,
3049 4659 3196 4728 ἡμᾶς
3221 4657 3278 4710 δὲ
3303 4658 3572 4710 παιδεύων
3599 4657 3764 4728 μηδέ-

2193 4757 2322 4793 ποτε
2343 4741 2505 4794 αὑτοῦ
2535 4740 2910 4794 δεδοικέναιτά
2939 4741 3150 4811 μηχανή
3163 4757 3324 4810 ματα·
3345 4741 3371 4792 ὂ
3385 4741 3556 4811 δήκαὶ
3571 4741 3764 4795 ἐνταῦ-

2191 4825 2259 4878 θα
2287 4825 2507 4892 γέγονεν
2531 4824 2624 4877 ἐπὶ⁵
2663 4823 2755 4876 τοῦ
2796 4825 3086 4900 μάρτυρος.
3119 4817 3222 4886 1'H;
3251 4823 3358 4896 γάρ
3391 4824 3762 4895 προσεδόκησα

2189 4910 2372 4978 φωνῆς
2400 4909 2795 4978 ἀποστερήσειν
2825 4909 3008 4968 αὐτὸν,
3047 4907 3224 4977 πολλῷ
3269 4910 3494 4979 μείζονα
3526 4912 3620 4963 καὶ
3669 4927 3761 4964 σε-

2192 4991 2454 5060 μνοτέραν
2478 4991 2626 5060 αὐτῷ
2643 4991 3132 5061 ἐχαρίσατοόθεός.
3155 4991 3229 5044 Οὐ
3257 4991 3364 5062 γάρ
3393 4988 3458 5063 ἦν
3482 4992 3593 5045 ἴσον
3621 4993 3764 5062 μετά

2187 5073 2429 5145 γλώττης
2469 5073 2817 5143 φθέγγεσθαι,
2837 5075 2929 5127 καὶ
2967 5075 3134 5146 χωρὶς
3153 5075 3416 5146 γλώττης·
3452 5077 3511 5130 τὸ
3531 5077 3628 5146 μὲν
3651 5079 3764 5150 γάρ

2186 5156 2478 5210 ἀκόλουθον
2507 5151 2594 5228 ἦν,
2628 5157 2721 5209 καὶ
2760 5157 2940 5210 κοινὸν
2971 5156 3164 5220 ἀπασι,
3190 5158 3251 5211 τὸ
3273 5158 3329 5210 δέ
3353 5159 3491 5232 ὑπὲρ
3517 5161 3616 5231 τὴν
3661 5160 3762 5228 φά.

2189 5257 2294 5306 σιν,
2329 5241 2422 5294 καὶ
2479 5239 2644 5293 αὑτοῦ
2685 5240 2816 5293 ῖδιον
2849 5240 3065 5308 ἐγένετο
3102 5241 3286 5310 μόνου.
3343 5243 3534 5296 Καίτοι
3573 5246 3668 5297 καὶ
3711 5247 3764 5299 εί

2183 5323 2398 5390 ἄφωνος
2431 5322 2559 5392 ἔστη
2596 5322 2732 5392 μετὰ
2767 5321 2864 5392 τὴν
2897 5323 2994 5392 τῆς
3023 5323 3268 5394 γλώττης
3297 5327 3534 5397 ἐκκοπὴν
3555 5328 3583 5379 ὁ
3619 5328 3763 5397 μάρ-

2181 5423 2298 5468 τυς,
2339 5405 2432 5458 καὶ
2463 5405 2635 5468 οὕτως
2687 5405 2832 5476 αὐτῷ
2873 5405 2942 5458 τά
2977 5405 3084 5459 τῶν
3130 5409 3351 5475 ἀγώνων
3403 5411 3757 5482 πεπλήρωτο,

2183 5489 2318 5540 καὶὸ
2347 5488 2608 5557 στέφανος
2631 5488 2950 5558 ἀπήρτιστο·
2982 5485 3120 5559 ἧττα
3142 5489 3249 5560 γάρ
3276 5491 3505 5562 μεγίστη
3539 5495 3631 5546 καὶ
3657 5511 3760 5548 σα-

2183 5571 2290 5642 φής
2317 5571 2595 5638 ἀπόδειξις
2629 5567 2697 5642 ἦν
2720 5571 2778 5624 τὸ
2806 5571 2904 5642 τὴν
2937 5571 3183 5640 γλῶτταν
3215 5576 3418 5644 τεμεῖν.
3452 5576 3516 5628 Εἰ
3539 5577 3648 5648 γὰρ
3680 5577 3762 5649 μὴ

2243 5707 2269 5744 8
2291 5703 2424 5753 Idem
2449 5705 2574 5772 Reg.
2595 5711 2753 5772 φωνῆς
2767 5705 2949 5772 καὶτῆς
2969 5707 3192 5768 γλώσσης
3217 5709 3550 5772 ἀποστερηθεὶς
3579 5711 3760 5772 ἀφήσει

2180 5771 2338 5828 πᾶσαν
2363 5769 2592 5828 μηχανήν.
2605 5765 2613 5768 ⁷
2627 5765 2754 5815 Ἀλλ’
2779 5768 2824 5814 ὁ.

2239 5827 2265 5890 h
2289 5827 2370 5890 Sic
2393 5827 2593 5890 c'Savil.
2619 5833 2672 5876 et
2697 5829 2786 5876 im.
2813 5834 3102 5890 correctum.
3131 5830 3300 5884 Manu.
3324 5833 3490 5890 οὕτως.
3517 5830 3658 5882 Enn.

2237 5889 2256 5928 ι
2288 5889 2419 5937 Idem
2453 5889 2572 5952 Reg.
2599 5889 2988 5958 καταναγκάζων.
