4080 6196
332 303 436 362 609

334 427 423 497 qui
451 424 686 494 stabant,
712 425 1037 482 confirmans
1065 425 1328 497 precibus,
1358 427 1835 494 exhortationibus,
1865 437 1919 483 et

333 518 607 583 consiliis;
629 519 697 575 de
724 519 935 587 futuris,
959 528 1013 575 et
1037 521 1106 576 de
1136 521 1482 591 praesentibus
1509 521 1670 576 rebus
1696 522 1917 576 multum

333 609 718 681 philosopharis
739 652 756 678 ,
789 611 1078 667 ostendens
1124 611 1218 666 bas
1261 612 1326 666 ad
1372 621 1579 682 tempus
1611 627 1730 668 esse
1752 652 1768 678 ,
1803 614 1918 668 illas

330 711 512 756 autem
544 711 862 772 perpetuas;
892 702 1112 772 praemia
1142 702 1409 758 laboribus
1437 717 1730 772 opponens,
1763 719 1920 758 coro-

332 808 428 847 nas
467 793 780 858 tormentis,
827 793 1012 849 bravia
1055 793 1402 860 doloribus‘;
1434 794 1633 850 docens
1673 810 1916 863 qurenam

332 886 403 940 sit
433 886 538 940 vita
568 901 802 955 praesens
822 923 839 952 ,
865 902 1108 957 quamam
1140 885 1342 953 futura,
1373 896 1428 942 et
1465 887 1602 942 inter
1641 896 1917 957 utramque

319 954 587 1044 quantum
616 976 826 1032 intersit
849 1019 864 1044 ,
882 954 952 1032 ﬁet
976 977 1118 1046 quod
1149 978 1285 1032 mori
1313 978 1530 1034 omnino
1557 979 1627 1033 sit
1656 994 1873 1034 necesse
1898 996 1912 1044 ;

334 1075 385 1121 et
411 1067 456 1122 si
482 1081 590 1122 non
615 1069 717 1122 hoc
753 1067 915 1122 modo
942 1069 1104 1122 vitam
1144 1068 1434 1124 ﬁnierimus
1457 1109 1473 1134 ,
1505 1069 1722 1124 omnino
1748 1071 1914 1124 coacti

333 1160 450 1230 lege
475 1169 676 1215 natura:
703 1161 859 1230 paulo
884 1170 1004 1231 post
1025 1162 1093 1216 ab
1118 1161 1201 1217 his
1224 1163 1537 1233 corporibus
1557 1163 1908 1218 discedemus.

337 1251 430 1307 llis
463 1260 519 1306 et
558 1251 818 1306 similibus
863 1251 1325 1308 exhortationibus
1364 1253 1550 1309 beatus
1594 1255 1683 1309 ille
1727 1269 1913 1309 manus

332 1343 584 1399 remissas
610 1345 812 1408 erexit,
844 1354 898 1399 et
924 1360 1092 1415 genua
1122 1345 1378 1400 dissoluta
1406 1345 1707 1413 roboravit,
1735 1347 1913 1417 fugiti-

333 1449 426 1489 vos
449 1434 679 1500 reduxit,
703 1443 900 1490 metum
924 1436 1146 1504 expulit,
1174 1451 1426 1506 angorem
1455 1439 1648 1508 exegit,
1677 1439 1909 1494 animum

331 1526 409 1581 eis
437 1526 677 1590 addidit;
711 1541 808 1595 pro
848 1527 1044 1582 timidis
1084 1527 1311 1583 audaces
1340 1537 1392 1583 et
1424 1529 1748 1585 confidentes
1781 1530 1910 1585 effe-

332 1617 438 1682 cit;
485 1633 582 1686 pro
621 1617 829 1687 capreis
866 1627 921 1672 et
953 1618 1128 1672 cervis
1168 1620 1354 1674 leones
1393 1620 1622 1675 reddidit
1665 1637 1908 1692 magnam

331 1707 436 1760 vim
469 1708 769 1776 spirantes;
803 1704 999 1764 Christi
1036 1712 1329 1765 exercitum
1368 1711 1617 1767 instruxit
1639 1731 1654 1779 ;
1676 1715 1911 1782 ignomi-

332 1800 470 1853 niam
498 1808 732 1855 nostram
760 1801 812 1855 in
835 1801 1066 1856 hostium
1086 1801 1258 1872 capita
1278 1804 1542 1858 convertit
1561 1805 1603 1854 ³.
1626 1804 1757 1859 Cum
1783 1821 1910 1875 ergo

332 1899 531 1944 tantam
576 1900 796 1960 repente
835 1887 1029 1950 factam
1071 1890 1238 1948 fuisse
1273 1889 1521 1948 diabolus
1562 1895 1908 1951 mutationem

329 1983 578 2048 vidisset,
608 1991 660 2038 et
697 1984 785 2054 qui
829 1984 1209 2040 nudiustertius
1233 2001 1359 2044 eum
1393 1985 1649 2041 timebant
1685 1998 1740 2043 et
1775 2003 1906 2042 con-

331 2074 708 2129 tremiscebant
730 2115 744 2138 ,
777 2075 949 2146 ipsum
991 2075 1213 2131 irridere
1247 2086 1302 2131 et
1340 2076 1591 2132 audacter
1617 2078 1681 2140 in.
1698 2093 1820 2133 eum
1849 2093 1908 2134 se

327 2179 513 2233 gerere
533 2207 547 2229 ,
577 2165 832 2221 adeuntes
861 2167 1094 2237 pericula
1115 2207 1128 2232 ,
1157 2168 1499 2238 prosilientes
1523 2170 1590 2225 ad
1620 2171 1904 2240 supplicia;

325 2265 380 2310 ct
411 2271 533 2310 cum
573 2266 844 2313 auctorem
875 2259 1246 2329 cognovisset,
1276 2260 1512 2317 dimissis
1539 2263 1783 2329 omnibus
1807 2304 1822 2326 ,
1854 2263 1907 2317 in

326 2347 472 2402 illum
511 2349 763 2420 deinceps
792 2359 931 2406 totus
966 2352 1235 2415 incubuit,
1266 2367 1588 2424 onmemque
1621 2354 1726 2408 vim
1757 2369 1906 2409 suam

326 2449 379 2493 et
415 2439 679 2496 insaniam
720 2441 974 2498 adversus
1014 2443 1224 2498 beatum
1269 2444 1372 2500 hoc
1409 2446 1806 2516 caput'ell’udit.
1842 2447 1910 2502 Et

326 2530 452 2600 quid
494 2531 651 2586 facit?
676 2532 1020 2589 Considerate
1058 2535 1332 2590 malitiam.
1370 2536 1486 2591 Non
1527 2553 1647 2591 eum
1687 2537 1754 2592 ad
1796 2547 1908 2593 tor-

325 2629 505 2676 menta
532 2621 705 2690 duxit,
730 2639 836 2680 non
866 2624 982 2695 ejus
1009 2635 1166 2695 caput
1192 2626 1418 2682 abscidit
1445 2645 1459 2680 :
1486 2627 1600 2684 hazc
1625 2627 1768 2683 enim
1795 2643 1909 2683 om-

326 2713 411 2767 nia
440 2723 645 2769 temere
678 2714 842 2771 fuisse
868 2716 1007 2771 facta
1046 2718 1373 2787 praeteritum
1399 2734 1521 2774 eum
1547 2729 1752 2790 tempus
1777 2720 1909 2774 edo-

293 2804 454 2874 ‘cuit.
493 2804 610 2859 Non
652 2807 826 2862 solum
863 2809 1008 2863 enim
1047 2809 1207 2863 animi
1246 2810 1574 2866 alacritatem
1609 2827 1792 2866 eorum
1820 2813 1910 2883 qui

326 2895 664 2952 crediderant
708 2915 815 2954 non
857 2901 1133 2968 cohibuit,
1181 2903 1278 2959 sed
1320 2905 1480 2960 etiam
1522 2907 1690 2975 magis
1728 2907 1904 2974 auxit,

327 3002 554 3060 eamque
574 2992 831 3061 majorem
852 3009 914 3049 ac
930 2995 1382 3054 vehementiorem
1404 2998 1596 3054 en‘ecit.
1615 2999 1906 3064 Carbones,

327 3082 533 3153 inquit,
564 3085 967 3143 substernebam
992 3129 1008 3156 ,
1038 3090 1112 3144 illi
1151 3099 1329 3146 autem
1369 3101 1638 3162 tamquam
1669 3093 1732 3148 ad
1762 3106 1911 3148 rosas

329 3175 617 3230 currebant
643 3194 657 3230 :
687 3177 861 3248 ignem
889 3181 1277 3247 accendebam,
1303 3182 1382 3237 illi
1411 3198 1538 3238 vero
1566 3192 1830 3255 tamquam
1856 3185 1909 3240 in

331 3265 502 3322 fontes
539 3268 846 3339 frigidarum
878 3288 1133 3343 aquarum
1170 3276 1376 3345 seipsos
1414 3277 1761 3347 projiciebant
1789 3297 1802 3333 :
1830 3279 1911 3334 la-

332 3366 444 3411 tera
485 3359 788 3428 caedebam,
819 3364 1111 3432 profundos
1141 3366 1192 3419 in
1222 3368 1299 3421 eis
1327 3367 1504 3423 sulcos
1541 3367 1829 3435 faciebant,
1859 3378 1915 3424 ct

332 3447 474 3503 rivos
500 3453 774 3521 sanguinis
793 3453 1120 3510 deducebam
1145 3472 1160 3522 ;
1191 3457 1263 3511 illi
1288 3467 1466 3514 autem
1492 3467 1758 3530 tamquam
1783 3475 1914 3515 auro

331 3541 476 3595 omni
501 3558 566 3596 ex
594 3553 744 3612 parte
772 3545 1202 3605 circumﬂuentes
1229 3551 1594 3620 gloriabantur
1620 3570 1632 3606 :
1660 3567 1756 3623 per
1779 3568 1916 3622 prae-

331 3631 510 3702 cipitia
550 3634 812 3704 jaciebam
857 3649 911 3695 et
948 3641 1001 3696 in
1040 3658 1190 3698 mare
1223 3643 1632 3714 demergebam,
1673 3645 1748 3700 illi
1788 3661 1915 3701 vero

331 3739 436 3778 non
469 3736 737 3799 tamquam
768 3730 820 3785 in
860 3733 1176 3802 profundum
1200 3735 1614 3802 descendentes,
1642 3737 1736 3793 sed
1775 3745 1916 3792 tam-

329 3833 487 3887 quam
514 3821 566 3875 in
594 3823 764 3892 ipsum
793 3825 983 3881 caelum
1011 3828 1362 3885 ascendentes
1381 3871 1394 3896 ,
1429 3830 1500 3885 ita
1526 3830 1699 3886 aﬂ'ecti
1725 3839 1876 3886 erant
1896 3873 1911 3896 ,

329 3913 637 3970 exsilientes
678 3924 733 3971 et
771 3919 1134 3984 exsultantes,
1164 3929 1218 3976 et
1257 3922 1403 3977 velut
1440 3923 1493 3977 in
1533 3936 1683 3978 sacra
1723 3937 1916 3992 pompa

328 4004 554 4061 choreas
581 4007 860 4077 ducentes,
889 4018 944 4066 et
970 4011 1023 4066 in
1050 4013 1200 4068 viridi
1232 4023 1386 4083 prato
1415 4015 1660 4070 ludentes
1684 4032 1698 4070 :
1729 4016 1801 4070 ita
1826 4031 1916 4070 ar-

328 4097 559 4169 ripiebat
579 4102 943 4174 unusquisque
971 4106 1256 4174 cruciatus,
1281 4122 1387 4161 non
1416 4115 1685 4178 tamquam
1710 4108 1918 4162 crucia-

331 4199 416 4243 tus
437 4232 452 4254 ,
490 4189 586 4246 sed
623 4199 890 4264 tamquam
929 4210 1122 4252 vernos
1158 4195 1319 4252 ﬂores
1343 4208 1621 4268 carpentes
1643 4239 1658 4263 ,
1689 4213 1916 4269 seseque

330 4291 669 4348 coronantes,
695 4285 884 4355 insigni
905 4287 1066 4342 animi
1088 4289 1168 4343 sui
1189 4289 1460 4345 alacritate
1479 4290 1746 4346 cruciatus
1767 4305 1916 4345 meos

332 4376 746 4442 praeveniebant.
773 4377 910 4445 Quid
940 4394 1086 4450 ergo,
1120 4380 1310 4450 inquit,
1337 4381 1597 4450 agendum
1627 4397 1771 4436 nunc
1797 4381 1916 4435 fue-

333 4467 437 4520 rit?
479 4466 876 4524 Abscindamne
917 4481 1075 4540 caput
1113 4471 1270 4541 ejus?
1313 4471 1418 4526 Sed
1461 4471 1514 4527 id
1551 4472 1642 4528 ille
1684 4472 1738 4526 in
1779 4473 1918 4528 votis

332 4559 512 4626 habet,
541 4571 594 4617 et
625 4577 721 4632 per
746 4578 906 4632 opera
939 4564 1179 4634 discipuli
1206 4566 1460 4634 majorem
1490 4564 1915 4620 adhortationem

330 4657 598 4726 accipiunt
628 4675 644 4713 :
676 4671 771 4712 eos
799 4657 994 4727 quippe
1032 4657 1307 4712 admonuit
1353 4667 1644 4729 martyrum
1688 4667 1915 4713 mortem

329 4763 436 4802 non
477 4762 597 4803 esse
640 4756 901 4813 mortem,
942 4748 1044 4804 sed
1070 4749 1229 4802 vitam
1277 4747 1381 4802 fine
1416 4756 1689 4803 carentem
1720 4766 1734 4802 :
1760 4757 1919 4817 atque

329 4839 488 4908 hujus
518 4839 750 4894 maxime
774 4854 931 4895 causa
955 4841 1131 4894 omnia
1157 4853 1277 4894 esse
1307 4838 1598 4902 toleranda,
1623 4837 1919 4908 despicien-

327 4933 564 5002 dumque
605 4947 726 4988 esse
761 4933 1060 5000 decessum.
1093 4933 1149 4988 Si
1181 4948 1307 5003 ergo
1333 4941 1492 5002 caput
1518 4932 1796 4987 abscidere
1821 4973 1835 4997 ,
1865 4941 1920 4987 et

330 5025 382 5079 id
412 5027 501 5081 ille
532 5025 742 5081 fortiter
767 5025 968 5090 tulerit,
996 5025 1140 5096 ipsos
1167 5026 1402 5095 apertius
1428 5041 1520 5094 per
1547 5024 1682 5079 facta
1710 5023 1922 5079 docebit

329 5118 408 5172 sic
437 5127 688 5188 Oportere
713 5126 936 5172 mortem
961 5117 1253 5187 despicere,
1278 5124 1332 5171 et
1356 5131 1538 5171 eorum
1571 5114 1785 5185 spiritus
1809 5130 1920 5168 ma-

327 5214 410 5282 gis
438 5215 628 5284 eriget,
651 5213 834 5283 eisque
857 5221 1098 5268 mortuus
1124 5212 1376 5281 majorem
1401 5209 1561 5264 animi
1590 5209 1915 5264 alacritatem

331 5305 631 5375 inspirabit.
660 5304 943 5372 Propterea
970 5303 1201 5373 linguam
1226 5301 1533 5371 amputavit,
1559 5307 1618 5354 ut
1640 5313 1787 5364 voce,
1816 5314 1919 5367 qua

331 5395 668 5463 fruebantur,
696 5397 888 5468 privati
915 5395 1163 5466 martyris
1194 5393 1459 5464 discipuli,
1491 5401 1545 5447 et
1572 5392 1794 5448 Consilio
1822 5390 1919 5445 de-

327 5490 499 5543 stituti
517 5531 533 5557 ,
562 5499 721 5560 atqpe
749 5488 1110 5543 admonitione
1148 5486 1334 5556 privati
1359 5525 1373 5549 ,
1409 5483 1696 5538 timidiores
1725 5481 1919 5538 evade-

325 5591 488 5645 rent,
537 5589 594 5637 et
630 5580 698 5635 ad
737 5581 970 5651 priorem
999 5593 1252 5649 angorem
1287 5586 1341 5632 et
1368 5575 1752 5631 dubitationem
1795 5572 1918 5628 red-

397 5732 412 5761 ι
451 5735 582 5776 Ciuis
602 5731 739 5786 Reg,
761 5718 918 5786 plagita

395 5793 414 5823 ι
448 5771 585 5844 ςέξξῑ,
610 5787 659 5837 tu
669 5771 828 5847 3.513.,
845 5771 902 5830 ’ῐη
921 5778 1124 5831 hostium
1144 5775 1402 5843 phalanges
1425 5771 1670 5862 convertit.
1921 5849 1943 5886 ὦ

1437 310 1503 368 ΙΝ
1530 311 1587 369 S.
1631 310 1962 368 ROMANUM
2005 311 2404 372 MARTYREM.
2446 316 2488 372 1.

2439 231 2480 250 θ’

3502 321 3596 378 610

2024 427 2182 498 irent,
2200 445 2319 487 cum
2359 447 2466 486 non
2504 430 2792 496 haberent,
2824 433 2912 503 qui
2957 433 3034 491 eis
3072 433 3306 491 animum
3346 437 3599 504 adderet,

2024 535 2195 591 neque
2219 521 2308 591 qui
2336 524 2590 578 excitaret
2613 533 2668 579 et
2692 535 2942 580 armaret.

2093 613 2148 665 3.
2186 612 2474 668 Considera
2511 627 2688 670 autem
2719 615 2844 670 mihi
2886 617 3084 672 diaboli
3126 619 3399 678 malitiam.
3431 621 3601 676 lleroo

2023 701 2118 756 des
2151 703 2362 772 quidem
2401 704 2622 761 Joannis
2656 715 2812 776 eaput
2853 707 3076 763 abscidit
3109 726 3123 762 :
3153 710 3238 766 hic
3278 721 3452 767 autem
3495 730 3600 768 non

2023 801 2200 859 caput,
2231 792 2325 847 sed
2357 793 2585 864 linguam
2609 796 2801 849 solum.
2830 798 3042 865 Quare?
3068 799 3184 854 Prae
3211 802 3372 855 nimia
3401 804 3603 858 scilicet

2023 882 2222 936 malitia
2250 893 2298 936 et
2329 886 2693 952 perversitate.
2721 887 2775 942 Si
2803 888 3080 944 abscidero
3119 900 3297 960 caput,
3331 892 3519 962 inquit,
3548 903 3603 948 et

2023 983 2262 1027 mortuus
2303 974 2480 1042 fuerit,
2523 976 2743 1031 fratrum
2788 979 3056 1033 interitum
3101 996 3208 1035 non
3237 983 3422 1038 videns
3450 1000 3600 1038 rece-

2021 1061 2142 1127 det;
2167 1072 2222 1117 at
2250 1079 2348 1134 ego
2373 1066 2518 1120 illum
2550 1068 2774 1122 militum
2806 1084 3021 1124 suorum
3065 1072 3270 1140 lapsum
3301 1081 3356 1128 et
3383 1075 3598 1129 calami.

2022 1156 2144 1210 tatis
2177 1165 2363 1212 testem
2391 1173 2510 1213 esse
2535 1159 2677 1225 volo,
2720 1169 2776 1214 ut
2819 1161 3002 1216 dolore
3046 1175 3316 1228 enecetur,
3347 1164 3475 1219 dum
3521 1167 3598 1220 la-

2018 1246 2204 1302 bentes
2237 1249 2448 1318 quidem
2477 1252 2666 1316 cernit,
2695 1252 2786 1306 sed
2815 1253 3088 1322 porrigere
3123 1268 3335 1308 manum
3366 1271 3472 1310 non
3498 1273 3598 1326 po-

2021 1346 2143 1404 test,
2175 1354 2345 1409 neque
2373 1355 2435 1394 ea
2463 1356 2578 1410 quae
2604 1342 2748 1410 prius
2778 1352 2953 1411 potest
2980 1344 3282 1412 consulere,
3309 1356 3519 1403 exsecta
3547 1350 3596 1405 ei

2016 1429 2174 1484 simul
2203 1446 2333 1486 voce
2361 1447 2482 1486 cum
2511 1433 2709 1504 lingua.

2087 1522 2349 1578 Romanus
2376 1535 2635 1596 amputata
2657 1527 2832 1597 lingua
2852 1529 3090 1596 loquitur.
3108 1558 3180 1570 -
3199 1529 3302 1585 Scd
3333 1531 3420 1601 qui
3449 1547 3595 1586 com-

2015 1615 2296 1683 prehendit
2322 1615 2589 1684 sapientes
2624 1616 2675 1670 in
2703 1618 2895 1672 astutia
2920 1633 3104 1674 eorum
3133 1620 3208 1693 (l.
3241 1620 3357 1675 Cor.
3393 1623 3446 1677 5.
3480 1624 3592 1693 19),

2014 1704 2286 1760 inventum
2314 1706 2417 1760 hoc
2461 1708 2511 1761 in
2540 1709 2655 1777 ejus
2689 1717 2846 1777 caput
2878 1711 3141 1764 convertit
3169 1729 3181 1764 :
3215 1726 3387 1782 neque
3421 1714 3592 1766 solum

2011 1811 2106 1852 eos
2132 1798 2354 1853 consilio
2378 1813 2484 1853 non
2515 1800 2760 1869 privavit,
2789 1800 2884 1856 sed
2914 1802 3074 1856 etiam
3105 1812 3161 1857 ut
3183 1804 3371 1873 majori
3393 1804 3591 1859 adhor-

2014 1891 2212 1945 tatione
2253 1891 2577 1960 fruerentur,
2621 1892 2817 1961 effecit,
2863 1894 3136 1964 magisque
3177 1896 3463 1965 Spiritualis
3497 1897 3594 1952 do-

2011 1984 2196 2038 ctrina:
2228 1985 2510 2054 participes
2549 1994 2750 2041 essent.
2785 1984 2918 2039 Nam
2945 2000 3066 2041 cum
3107 1985 3208 2040 hoc
3252 1987 3590 2052 obtinuisset,

2011 2081 2231 2126 vocatur
2257 2072 2325 2128 de
2359 2083 2553 2128 caetero
2582 2074 2820 2129 medicus
2848 2076 2914 2129 ad
2952 2075 3262 2143 sectionem,
3312 2087 3368 2132 et
3407 2077 3467 2132 fit
3496 2094 3592 2148 pro

2012 2165 2218 2220 medico
2246 2167 2512 2231 carnifex;
2546 2182 2648 2222 non
2691 2167 2745 2222 id
2781 2169 3077 2238 corrigens,
3109 2169 3250 2240 quod
3295 2170 3482 2224 morbo
3511 2171 3592 2224 la-

2011 2255 2252 2324 borabat,
2295 2259 2613 2326 membrum,
2652 2260 2747 2315 sed
2786 2261 2929 2331 quod
2964 2270 3080 2316 erat
3117 2277 3303 2318 sanum
3345 2277 3592 2318 corrum-

2012 2363 2171 2418 pens;
2191 2358 2244 2404 et
2266 2363 2386 2404 cum
2409 2351 2637 2421 linguam
2665 2353 2974 2419 exemisset,
3000 2353 3156 2408 simul
3173 2368 3291 2408 cum
3321 2369 3381 2408 ea
3402 2369 3590 2409 vocem

2011 2439 2246 2495 eximere
2283 2441 2501 2495 minime
2541 2441 2710 2510 potuit
2738 2457 2751 2496 :
2780 2441 2876 2496 sed
2924 2442 3101 2496 carnis
3153 2443 3366 2513 quidem
3416 2444 3592 2514 lingua

2011 2529 2109 2586 fuit
2141 2532 2367 2598 abscisa,
2397 2534 2572 2604 lingua
2603 2545 2780 2590 autem
2804 2535 2996 2590 divinae
3025 2536 3209 2605 gratiae
3239 2536 3304 2591 ad
3327 2536 3466 2592 beati
3484 2529 3596 2592 Ro-

2011 2624 2155 2678 mani
2181 2639 2240 2679 os
2271 2625 2571 2690 advolavit;
2593 2635 2646 2680 et
2671 2635 2854 2680 natura
2873 2625 3084 2696 quidem
3115 2627 3410 2681 membrum
3437 2643 3592 2682 suum

2012 2717 2157 2772 ferro
2185 2717 2237 2771 id
2268 2726 2490 2787 cogente
2518 2718 2714 2784 amisit,
2745 2717 2836 2771 Dei
2859 2727 3036 2772 autem
3065 2717 3232 2786 gratia
3257 2732 3379 2772 cum
3405 2733 3466 2772 ea
3500 2736 3595 2774 ex-

2011 2807 2191 2862 cidere
2216 2823 2400 2863 vocem
2431 2823 2537 2862 non
2567 2808 2688 2862 sivit
2717 2825 2730 2860 :
2762 2806 2903 2862 unde
2932 2808 3091 2863 etiam
3119 2807 3185 2862 de
3209 2817 3404 2864 castero
3433 2809 3598 2864 disci-

2013 2900 2119 2970 puli
2168 2901 2335 2971 magis
2383 2900 2645 2970 spirituali
2697 2899 2936 2955 doctrina
2983 2899 3313 2968 fruebantur,
3345 2916 3451 2956 non
3489 2901 3594 2956 hu-

2015 3009 2170 3049 mana
2207 3009 2358 3060 voce,
2404 2993 2701 3065 cujusmodi
2746 2995 2914 3066 prius,
2943 2994 3103 3049 verba
3156 2994 3454 3063 audientes,
3499 2996 3592 3052 sed

2015 3087 2188 3142 divina
2220 3088 2447 3159 quadam
2475 3097 2530 3143 et
2570 3089 2816 3158 Spiritali,
2862 3096 2916 3144 et
2937 3104 3054 3158 qua:
3084 3098 3326 3143 naturam
3357 3099 3594 3145 nostram

2016 3179 2303 3247 superabat
2333 3194 2346 3232 :
2375 3187 2429 3233 et
2463 3179 2853 3234 concurrebant
2888 3193 3098 3246 omnes,
3139 3194 3370 3250 superne
3398 3181 3592 3251 angeli,

2017 3268 2220 3324 inferne
2258 3271 2520 3334 homines,
2570 3271 2931 3340 unusquisque
2965 3286 3026 3325 os
3053 3272 3169 3326 sine
3212 3272 3390 3343 lingua
3416 3273 3599 3330 videre

2016 3362 2311 3432 cupientes,
2343 3370 2398 3417 et
2422 3362 2605 3417 audire
2632 3361 2711 3417 sic
2748 3363 3074 3433 loquentem.
3103 3364 3230 3419 Erat
3250 3364 3393 3420 enim
3415 3380 3600 3421 revera

2020 3453 2334 3510 admirabile
2380 3464 2436 3511 et
2472 3464 2666 3525 praeter
2703 3455 3028 3526 opinionem,
3074 3472 3135 3512 os
3169 3458 3370 3528 absque
3415 3458 3594 3530 lingua

2017 3543 2178 3600 verba
2209 3544 2425 3612 faciens,
2457 3545 2669 3601 diabolo
2695 3546 2909 3617 quidem
2936 3563 3185 3618 magnum
3217 3548 3446 3603 dedecus
3471 3549 3601 3606 atre-

2019 3651 2167 3701 rens,
2222 3637 2443 3709 martyri
2492 3646 2670 3692 autem
2712 3638 2979 3708 ingentem
3034 3640 3281 3708 gloriam,
3327 3639 3602 3709 discipulis

2020 3741 2152 3781 vero
2181 3727 2462 3796 plurimam
2496 3729 2997 3784 consolationem—ct
3020 3729 3286 3798 patientia:
3314 3745 3599 3801 argumen-

2021 3827 2152 3873 tum.
2188 3819 2287 3874 Hic
2325 3821 2468 3875 enim
2511 3820 2622 3875 Deo
2646 3832 2781 3875 mos
2807 3829 2889 3875 est
2926 3818 3130 3888 jamdiu
3165 3829 3219 3874 et
3260 3834 3290 3873 a
3321 3821 3600 3890 principio,

2020 3923 2368 3980 quaicumque
2410 3919 2592 3965 contra
2621 3925 2718 3965 nos
2744 3909 2985 3964 diabolus
3019 3911 3422 3979 consarcinarit,
3455 3927 3515 3967 ea
3545 3912 3599 3966 in

2020 4010 2178 4070 caput
2201 4000 2340 4056 illius
2365 4011 2681 4056 convertere
2705 4040 2720 4064 ,
2762 4008 2819 4054 et
2856 3999 2922 4054 ad
2949 4000 3176 4055 salutem
3211 4010 3448 4056 nostram
3479 4004 3602 4057 red-

2021 4089 2186 4160 igere.
2209 4089 2334 4145 Mihi
2359 4098 2536 4146 autem
2561 4090 2662 4145 hoc
2693 4090 2970 4145 considera
2998 4107 3012 4144 :
3037 4090 3125 4144 ille
3147 4090 3414 4147 hominem
3444 4108 3475 4148 e
3506 4109 3602 4164 pa-

2020 4180 2200 4236 radiso
2229 4181 2402 4250 ejecit,
2430 4191 2484 4235 et
2510 4181 2649 4236 Deus
2679 4181 2754 4234 illi
2782 4180 2970 4235 cadum
3019 4182 3226 4251 aperuit
3253 4200 3266 4236 :
3300 4183 3388 4238 ille
3427 4184 3600 4254 ipsum

2022 4272 2224 4343 expulit
2259 4287 2326 4328 ex
2365 4273 2588 4343 imperio
2629 4282 2864 4339 terreno,
2898 4273 3038 4328 Deus
3066 4283 3244 4328 autem
3290 4289 3512 4346 regnum
3553 4277 3604 4333 ei

2022 4367 2273 4422 cazlorum
2299 4365 2464 4432 dedit,
2496 4375 2550 4422 et
2587 4366 2640 4420 in
2673 4365 2868 4421 throno
2910 4367 3059 4437 regio
3090 4375 3333 4421 naturam
3360 4378 3601 4425 nostram

2021 4460 2321 4516 collocavit.
2392 4459 2480 4515 Sic
2525 4459 2666 4515 dona
2707 4474 2922 4530 semper
2960 4457 3166 4528 majora
3205 4458 3344 4514 Deus
3385 4460 3449 4515 iis
3491 4463 3604 4527 dat,

2023 4550 2214 4622 quibus
2239 4551 2482 4607 diabolus
2508 4550 2750 4606 homines
2772 4551 2980 4620 privare
3009 4559 3253 4605 conatur.
3283 4550 3395 4607 Hoc
3421 4561 3601 4608 autem

2023 4645 2169 4712 facit,
2203 4645 2351 4700 illum
2383 4645 2595 4715 quidem
2627 4643 2910 4699 tardiorem
2951 4643 3017 4699 ad
3043 4643 3308 4715 parandas
3345 4643 3497 4699 nobis
3522 4644 3607 4698 in—

2023 4737 2187 4791 sidias
2217 4735 2464 4799 reddens,
2518 4750 2618 4790 nos
2657 4750 2784 4789 vero
2809 4734 3009 4790 docens
3038 4749 3325 4805 numquam
3354 4734 3470 4803 ejus
3496 4750 3611 4789 ma-

2023 4827 2359 4882 chinationes
2388 4825 2646 4881 timendas
2672 4841 2790 4880 esse
2815 4843 2827 4878 :
2861 4823 3002 4895 quod
3044 4824 3257 4894 quidem
3297 4824 3494 4880 factum
3521 4835 3610 4880 est

2024 4923 2182 4978 etiam
2215 4921 2266 4974 in
2316 4929 2571 4991 martyre.
2627 4918 2740 4987 Qua
2783 4919 2924 4972 enim
2962 4932 3019 4972 se
3050 4932 3172 4972 eum
3209 4931 3340 4972 voce
3367 4918 3608 4988 privatu-

2024 5029 2140 5069 rum
2171 5013 2414 5066 diabolus
2437 5010 2776 5077 existimavit,
2821 5009 2988 5064 multo
3014 5009 3268 5079 majorem
3300 5018 3356 5064 et
3385 5010 3608 5080 pracla-

2025 5109 2222 5162 riorem
2261 5105 2311 5160 ei
2345 5105 2485 5160 Deus
2512 5103 2731 5172 largitus
2767 5110 2869 5157 est.
2899 5099 3013 5157 Non
3041 5101 3184 5156 enim
3225 5109 3342 5156 erat
3369 5100 3608 5170 ejusdem

2025 5200 2306 5267 momenti,
2348 5214 2470 5255 cum
2516 5197 2693 5268 lingua
2737 5195 2923 5266 loqui,
2972 5203 3027 5250 et
3069 5194 3186 5251 sine
3242 5195 3420 5265 lingua
3449 5212 3461 5247 :
3488 5209 3609 5247 nam

2025 5292 2154 5349 illud
2179 5290 2392 5362 quidem
2419 5301 2754 5356 consequens
2790 5293 2845 5340 et
2883 5299 3168 5340 commune
3204 5283 3472 5346 omnibus,
3503 5282 3608 5338 hoc

2025 5396 2202 5442 autem
2237 5398 2396 5454 supra
2429 5366 2672 5436 naturam
2702 5387 2838 5443 erat,
2875 5388 2928 5434 et
2954 5377 3226 5448 proprium
3263 5375 3379 5444 ejus
3420 5373 3608 5429 solius.

2025 5481 2354 5550 Quamquam
2399 5475 2608 5532 etiamsi
2655 5483 2775 5545 post
2811 5473 3003 5544 lingua:
3038 5469 3390 5525 abscisioncm
3431 5478 3612 5521 mutus

2027 5579 2231 5642 martyr
2267 5569 2476 5634 fuisset,
2506 5567 2585 5622 sic
2612 5579 2824 5636 quoque
2850 5563 3122 5632 impletum
3152 5560 3220 5616 ab
3247 5574 3312 5616 eo
3337 5568 3608 5614 certamen

2028 5662 2235 5727 fuisset,
2265 5661 2422 5730 eique
2446 5668 2627 5730 parata
2661 5664 2802 5711 esset
2846 5666 3039 5708 corona
3073 5670 3086 5706 :
3119 5667 3239 5706 nam
3272 5649 3410 5723 quod
3440 5651 3611 5704 victus

2031 5765 2192 5821 esset,
2223 5754 2510 5808 maximum
2537 5758 2654 5804 crat
2691 5757 2743 5804 ct
2769 5754 3010 5816 apertum
3046 5752 3435 5814 argumentum,
3467 5740 3609 5810 quod
