4080 6196
435 404 530 459 611

436 517 666 587 linguam
711 524 1058 586 amputasset.
1106 515 1161 570 Si
1201 512 1343 568 enim
1374 512 1605 583 linguam
1632 509 1879 582 martyris
1906 523 2011 564 non

441 607 689 672 timebas,
722 622 754 661 ο
780 608 1039 663 scelerate
1078 615 1131 662 et
1164 604 1489 673 exsecrande
1516 604 1743 669 diabole,
1776 618 1871 658 cur
1894 617 2011 657 eam

437 700 749 756 abscidisti?
787 715 884 755 cur
911 699 1328 753 decertationum
1373 706 1742 766 argumentum
1787 710 1892 750 non
1919 693 2006 749 di-

440 794 650 858 misisti,
684 792 779 848 sed
804 790 1031 846 stadium
1058 789 1327 845 occlusisti
1344 789 1367 843 “.7
1387 786 1845 856 Quemadmodum
1870 785 2014 840 enim

440 884 483 939 si
518 884 638 952 quis
663 882 807 936 omni
855 882 1203 937 certaminum
1243 894 1441 951 genere
1481 879 1795 944 luctaturus,
1822 875 2017 931 deinde

442 974 619 1042 plagas
652 973 945 1041 accepisset
985 970 1247 1041 ingentes,
1286 978 1340 1025 et
1387 984 1507 1024 cum
1551 967 1745 1023 deinde
1788 965 2017 1037 amplius

443 1066 692 1120 resistere
719 1080 824 1119 non
850 1064 1071 1131 valeret,
1105 1077 1295 1119 manus
1332 1062 1572 1119 abscindi
1595 1059 1901 1115 adversario
1925 1058 2014 1126 ju-

442 1158 611 1224 beret,
647 1172 874 1226 eumque
910 1157 990 1212 sic
1035 1163 1355 1226 percuteret,
1397 1169 1502 1210 non
1529 1154 1637 1223 jam
1677 1152 1779 1206 alia
1826 1150 2018 1220 proba-

444 1253 586 1305 tione
624 1264 759 1320 opus
798 1259 941 1305 esset
977 1248 1044 1303 ad
1076 1246 1464 1303 decernendam
1507 1245 1780 1300 victoriam
1824 1242 1896 1306 ei,
1932 1240 2017 1294 cui

442 1339 666 1395 fuissent
703 1356 894 1396 manus
921 1341 1179 1396 abscisae:
1209 1340 1279 1394 ita
1319 1339 1476 1393 etiam
1503 1336 1556 1391 in
1599 1346 1831 1405 martyre
1859 1347 2017 1401 aper-

446 1433 713 1486 tissimum
771 1432 1007 1486 omnium
1065 1440 1434 1501 argumentum
1486 1427 1721 1482 victoria:
1765 1423 2019 1478 adversus

443 1524 708 1579 diabolum
733 1524 831 1578 fuit
855 1525 1046 1595 linguae
1069 1525 1232 1592 ipsius
1254 1520 1567 1591 amputatio.
1595 1518 1726 1573 Nam
1748 1517 1850 1572 etsi
1877 1529 2021 1568 mor-

445 1616 567 1668 talis
595 1624 708 1668 crat
750 1615 946 1684 lingua,
978 1615 1099 1683 quia
1133 1622 1307 1667 tamen
1350 1626 1411 1665 ea
1439 1609 1658 1664 vulnera
1698 1603 2018 1660 immortalia

445 1705 658 1759 diabolo
684 1706 893 1773 inﬂixit,
918 1712 1193 1774 propterea
1218 1703 1269 1757 in
1298 1702 1441 1755 illam
1463 1701 1603 1755 virus
1621 1713 1775 1753 suum
1797 1694 2017 1760 efﬂavit,

445 1796 544 1851 sibi
571 1796 781 1865 quidem
826 1796 999 1864 majus
1027 1795 1261 1850 dedecus
1303 1793 1553 1858 aﬂerens,
1585 1788 1803 1859 martyri
1840 1795 2018 1840 autem

443 1903 695 1944 coronam
737 1886 1149 1957 splendidiorem
1190 1884 1438 1940 reddens.
1476 1883 1545 1938 Ut
1587 1881 1730 1936 enim
1780 1877 2035 1933 mirabile

454 1990 535 2033 est
565 1980 829 2033 °arborem
880 1979 995 2032 sine
1042 1976 1220 2031 radice
1265 1974 1481 2040 intueri,
1526 1988 1591 2028 ac
1639 1971 1856 2026 ﬂuvium
1904 1968 2020 2022 sine

444 2072 592 2129 fonte
618 2089 631 2125 :
655 2072 733 2125 sic
754 2070 913 2125 etiam
942 2083 1126 2123 vocem
1155 2067 1271 2122 sine
1297 2067 1492 2135 lingua.

512 2167 568 2220 4.
608 2164 794 2219 Contra
836 2180 942 2230 eos,
974 2162 1060 2232 qui
1100 2174 1369 2232 corporum
1406 2157 1750 2212 resurrectioni
1787 2169 1889 2207 non
1912 2168 2022 2206 cre-

444 2258 588 2310 dunt.
610 2285 682 2295 —
708 2253 806 2309 Ubi
844 2269 984 2307 nunc
1013 2260 1157 2315 sunt.
1185 2250 1273 2321 qui
1316 2262 1599 2318 corporum
1642 2240 2019 2301 resurrecrioni

446 2362 550 2401 non
587 2344 847 2400 credunt?
893 2344 1030 2399 Ecce
1071 2358 1174 2397 vox
1217 2347 1427 2395 mortua
1468 2346 1569 2402 est,
1619 2346 1672 2392 et
1709 2336 2021 2391 revixitzet

444 2450 552 2492 uno
597 2443 868 2488 momento
917 2431 1167 2500 temporis
1208 2439 1430 2500 utraque
1474 2426 1610 2481 facta
1652 2432 1793 2481 sunt.
1825 2425 2020 2493 Quam-

444 2542 602 2597 quam
634 2524 732 2581 ltoc
760 2524 914 2594 longe
944 2524 1113 2592 majus
1153 2529 1255 2589 est,
1284 2536 1442 2591 quam
1467 2533 1753 2588 corporum
1779 2530 2018 2571 resurre-

448 2617 554 2672 ctio
585 2633 598 2668 :
627 2625 748 2669 nam
770 2612 877 2669 illic
897 2612 1110 2682 quidem
1141 2621 1327 2666 natura
1344 2624 1629 2679 corporum
1655 2617 1737 2663 est
1758 2607 2018 2676 subjecta,

448 2707 765 2779 compositio
788 2716 962 2760 autem
999 2703 1169 2759 solum
1197 2713 1279 2758 est
1301 2701 1556 2756 dissoluta
1582 2718 1595 2753 :
1624 2700 1710 2753 hic
1748 2713 1876 2752 vero
1901 2697 2021 2752 sub-

444 2802 606 2854 latum
637 2799 734 2853 fuit
758 2798 901 2854 vocis
934 2796 1105 2867 ipsum
1136 2794 1532 2849 fundamentum
1553 2833 1571 2859 ,
1601 2790 1694 2846 sed
1730 2799 1904 2845 tamen
1957 2803 2019 2843 ea

444 2890 769 2961 splendidior
793 2902 976 2943 rursus
1009 2896 1091 2943 est
1118 2885 1272 2940 facta.
1301 2884 1589 2941 Enimvero
1618 2882 1662 2936 si
1701 2896 1733 2935 a
1765 2881 1888 2935 tibia
1920 2880 2020 2934 liu-

440 2984 589 3054 gulas
614 2980 915 3045 abstuleris,
938 2977 1123 3033 inutile
1145 2977 1394 3045 deinceps
1413 2974 1555 3044 jacet
1575 2973 2015 3036 instrumentum;

439 3088 625 3129 verum
673 3087 777 3125 non
812 3070 889 3126 sic
931 3069 1056 3124 tibia
1094 3066 1401 3137 spiritualis,
1442 3064 1539 3120 sed
1580 3063 1791 3119 tametsi
1838 3062 2016 3132 lingua

442 3166 666 3235 privata,
698 3179 803 3217 non
832 3163 1005 3218 solum
1034 3169 1178 3217 muta
1206 3174 1314 3214 non
1340 3165 1476 3226 erat,
1525 3156 1619 3213 sed
1643 3156 1804 3211 etiam
1832 3153 2021 3210 modu-

442 3257 601 3311 latius
627 3264 680 3310 et
708 3256 876 3325 magis
907 3254 1188 3325 mysticum
1218 3267 1451 3318 carmen,
1484 3258 1539 3306 et
1569 3249 1758 3319 majori
1778 3263 1899 3304 cum
1924 3246 2020 3303 ad-

441 3347 723 3403 miratione
744 3344 1036 3399 emittebat.
1069 3344 1272 3398 Rursus
1302 3342 1461 3398 etiam
1492 3342 1543 3395 in
1583 3341 1788 3395 cithara
1829 3339 1873 3393 si
1899 3338 2017 3408 quis

441 3439 703 3507 plectrum
726 3436 896 3490 solum
923 3435 1196 3504 eripuerit,
1219 3434 1421 3489 otiosus
1445 3432 1667 3497 artifex,
1685 3446 1771 3485 ars
1792 3430 2016 3496 inutilis,

443 3538 500 3583 et
521 3529 676 3585 inane
724 3526 1175 3589 instrumentum;
1211 3523 1299 3577 hic
1337 3531 1515 3578 autem
1557 3521 1689 3576 nihil
1732 3521 2014 3591 ejusmodi,

440 3620 536 3675 sed
560 3620 882 3675 contrarium
905 3617 1143 3672 omnino.
1172 3616 1245 3671 Os
1273 3615 1416 3672 enim
1445 3623 1561 3670 erat
1586 3615 1808 3682 cithara,
1841 3614 2016 3684 lingua

440 3712 726 3782 plectrum,
759 3709 951 3765 artifex
971 3709 1169 3777 anima,
1207 3722 1295 3763 ars
1328 3723 1454 3762 vero
1482 3706 1748 3763 confessio
1778 3725 1790 3760 :
1815 3706 2017 3777 plectro

440 3813 620 3858 tamen
649 3802 845 3866 ablato,
893 3801 1071 3870 lingua
1114 3801 1350 3871 inquam,
1396 3815 1569 3870 neque
1607 3800 1816 3865 artifex,
1844 3813 2017 3869 neque

439 3908 549 3960 ars,
600 3907 772 3963 neque
814 3892 1223 3947 instrumentum
1261 3891 1447 3946 inutile
1475 3891 1667 3959 evasit,
1704 3890 1797 3945 sed
1837 3891 2016 3945 omnia

434 3987 689 4042 virtutem
720 4000 869 4039 suam
894 3984 1259 4040 ostenderunt.
1290 3984 1421 4052 Quis
1450 3983 1564 4039 haec
1591 3983 1748 4039 fecit?
1777 3985 1895 4055 quis
1923 3985 2016 4039 ad-

436 4075 698 4130 mirabilia
729 4075 844 4130 htcc
868 4074 1098 4131 ostendit
1122 4089 1345 4144 quaeque
1377 4088 1587 4128 omnem
1614 4083 1865 4144 superant
1893 4074 2014 4143 opi-

437 4166 685 4221 nionem?
716 4167 858 4221 Deus
881 4167 970 4236 qui
996 4165 1144 4220 solus
1184 4163 1447 4220 mirabilia
1490 4162 1639 4228 facit,
1668 4164 1736 4219 de
1758 4178 1863 4233 quo
1888 4164 2015 4219 dicit

442 4257 643 4312 David:
676 4256 892 4311 Domine
914 4254 1156 4309 Dominus
1194 4266 1387 4322 noster,
1422 4272 1575 4325 quam
1608 4254 1903 4309 admirabile
1943 4264 2014 4308 est

437 4368 617 4405 nomen
648 4359 789 4402 tuum
815 4350 867 4402 in
891 4350 1121 4402 universa
1147 4349 1312 4403 terra!
1338 4350 1575 4417 quoniam
1593 4349 1782 4402 elevata
1810 4358 1879 4401 est
1907 4365 2015 4399 ma-

437 4439 731 4513 gniﬁcentia
754 4447 843 4493 tua
864 4454 1018 4509 super
1041 4438 1191 4493 calas
1217 4454 1236 4493 :
1260 4454 1324 4494 ea:
1351 4456 1438 4493 ore
1462 4439 1731 4510 infantium
1752 4448 1798 4491 et
1822 4439 2013 4493 lacteno

437 4537 562 4588 riunt
604 4532 854 4604 perfecisti
900 4531 1099 4586 laudem
1134 4528 1306 4602 (Paul.
1353 4529 1410 4585 8.
1459 4530 1515 4584 2.
1554 4529 1631 4601 5).
1675 4532 1848 4600 Atque
1888 4540 2012 4584 tunc

432 4623 649 4695 quidem
675 4637 741 4678 ex
770 4636 864 4679 ore
897 4621 1174 4677 infantium
1212 4629 1269 4677 et
1306 4621 1635 4689 lactentium,
1668 4635 1807 4676 nunc
1833 4630 2009 4675 autem

1107 397 1161 454 S.
1202 393 1476 451 JOANNIS
1509 388 1974 449 CllRYSOSTOMl
2015 384 2324 444 ARCHIEP.
2350 379 2890 441 'CONSTA'N'I‘INOP.

3590 366 3696 423 fil2

2118 522 2185 562 ex
2229 520 2324 560 ore
2363 504 2652 574 elinguium
2676 519 2689 556 :
2715 510 2838 555 tunc
2879 506 3065 554 natura
3110 494 3416 559 immatura,
3453 508 3594 552 nunc
3632 508 3703 549 os

2120 597 2295 665 lingua
2322 609 2582 649 vacuum:
2615 602 2740 646 tunc
2766 599 2879 645 erat
2901 589 2952 643 in
2990 586 3167 658 pueris
3201 585 3377 639 mollis
3395 582 3565 640 radix.
3602 587 3698 642 sed

2120 688 2322 742 fructus
2366 684 2666 755 perfectus;
2705 682 2792 736 hic
2842 688 3018 734 autem
3062 686 3118 732 et
3158 677 3271 746 ipsa
3317 673 3468 727 radix
3519 670 3694 726 ablata

2120 788 2263 844 erat,
2312 786 2365 833 et
2415 777 2616 832 fructus
2661 772 2936 845 generatio
2989 785 3095 824 non
3132 764 3521 839 prohibebatur
3562 780 3577 817 :
3614 772 3697 816 est

2120 872 2263 928 enim
2311 886 2415 925 vox
2469 870 2662 938 linguae
2701 866 2925 920 fructus.
2974 863 3113 918 Sunt
3157 874 3344 914 revera
3396 854 3699 925 posteriora

2107 962 2386 1034 prioribus
2414 959 2755 1019 mirabiliora.
2785 955 3030 1018 Etenim,
3060 967 3127 1006 ne
3165 949 3247 1004 his
3286 948 3444 1001 fidem
3472 960 3577 997 non
3604 940 3696 993 ad-

2124 1053 2370 1119 hibeatis,
2401 1051 2486 1105 illa
2516 1058 2795 1120 propterea
2833 1051 3241 1115 praecesserunt,
3282 1050 3340 1095 ut
3376 1038 3429 1093 in
3459 1037 3543 1090 his
3588 1047 3697 1089 non

2104 1145 2519 1209 conturbemur,
2560 1157 2680 1197 cum
2725 1140 2781 1194 in
2824 1140 2929 1193 illis
2969 1135 3130 1190 fuerit
3160 1135 3368 1187 animus
3404 1137 3699 1183 assuetus:

2123 1236 2243 1292 ideo
2286 1237 2400 1289 hinc
2427 1240 2745 1296 evenerunt,
2779 1241 2837 1286 ut
2886 1230 2975 1284 illa
3001 1242 3121 1297 quae
3159 1225 3324 1279 latent
3365 1231 3419 1276 et
3454 1230 3577 1274 sunt
3606 1232 3701 1271 ve-

2125 1337 2256 1391 tera,
2288 1342 2351 1380 ex
2393 1324 2687 1378 manifestis
2725 1334 2779 1376 et
2806 1323 2870 1375 iis
2904 1335 3023 1390 quae
3051 1325 3177 1373 sunt
3208 1330 3395 1370 recens
3421 1313 3551 1366 facta
3579 1326 3700 1364 cre-

2122 1417 2335 1471 dantur.
2369 1415 2459 1470 Sic
2490 1413 2775 1485 aliquando
2800 1413 3029 1466 Aaronis
3071 1422 3281 1479 quoque
3319 1407 3466 1475 virga
3495 1403 3695 1467 ﬂoruit,

2122 1510 2259 1563 sicut
2298 1522 2438 1562 nunc
2478 1522 2539 1561 es
2569 1504 2821 1575 martyris
2869 1501 3205 1572 germinavit.
3244 1496 3349 1552 Sed
3376 1508 3603 1565 quanam
3629 1492 3698 1546 de

2124 1615 2280 1655 causa
2324 1600 2470 1669 virga
2520 1607 2645 1653 tunc
2698 1596 2925 1650 Aaronis
2978 1590 3293 1663 germinavit
3340 1586 3526 1657 (Num.
3581 1584 3699 1654 l7)?

2124 1690 2384 1757 Quoniam
2415 1687 2667 1743 sacerdos
2710 1683 3047 1740 contumeliis
3074 1679 3421 1735 afficiebatur.
3458 1676 3713 1743 Quanam

2123 1791 2297 1837 autem
2324 1782 2390 1836 de
2433 1794 2761 1835 causavvnunc
2799 1792 2861 1831 os
2890 1774 3137 1845 martyris
3174 1769 3524 1841 germinavit?
3555 1765 3698 1833 Quo-

2124 1875 2264 1928 niam
2304 1871 2632 1942 blasphemia
2673 1877 2726 1924 et
2753 1866 3049 1923 maledictis
3076 1860 3441 1919 incessebatur
3467 1870 3693 1925 magnus

2124 1964 2365 2020 Pontifex
2383 1963 2535 2018 Jesus
2554 1960 2817 2016 Christus.
2846 1956 2979 2012 Vide
3000 1969 3127 2025 ergo
3145 1960 3338 2024 quanta
3360 1950 3431 2004 sit
3456 1945 3696 2001 miraculi

2106 2054 2368 2126 cognatio
2409 2061 2464 2107 et
2501 2050 2833 2107 excellentia.
2876 2044 3328 2116 Quemadmodum
3372 2040 3516 2095 enim
3551 2038 3699 2106 virga

2124 2150 2214 2203 illa
2246 2163 2351 2201 non
2376 2146 2521 2200 unita
2557 2143 2743 2208 radici,
2772 2155 2871 2196 nec
2900 2156 2965 2194 ex
2997 2148 3135 2192 terra
3158 2135 3372 2190 trahens
3395 2131 3696 2190 humorem.

2124 2242 2216 2296 Sed
2264 2241 2404 2294 illius
2453 2252 2613 2292 succo
2663 2235 2875 2306 penitus
2914 2232 3151 2301 privata,
3192 2241 3256 2282 ac
3299 2223 3506 2295 perdita
3550 2218 3699 2274 vitali

2124 2332 2485 2402 frugiferaque
2524 2330 2742 2393 virtute,
2787 2333 3005 2396 repente
3048 2321 3281 2375 fructum
3322 2314 3595 2371 ostendit:
3623 2311 3701 2365 ita

2124 2425 2372 2479 nimirum
2404 2423 2490 2477 hic
2506 2434 2720 2491 quoque
2746 2433 2854 2472 vox
2883 2415 3061 2471 radice
3087 2412 3289 2482 privata
3318 2415 3374 2463 et
3400 2406 3508 2461 vim
3530 2418 3596 2459 ex
3617 2402 3697 2455 in-

2122 2526 2418 2574 strumento
2438 2530 2543 2570 non
2582 2513 2804 2574 habens,
2836 2511 2891 2567 in
2913 2509 3055 2563 sicco
3076 2515 3130 2560 et
3155 2502 3322 2559 sterili
3354 2514 3449 2555 ore
3478 2502 3701 2566 repente

2118 2610 2458 2680 germinavit.
2502 2607 2563 2660 ln
2610 2606 2712 2659 hoc
2750 2602 2962 2672 quidem
2990 2596 3259 2667 cognatio,
3292 2593 3343 2647 in
3372 2590 3477 2645 alio
3518 2595 3701 2641 autem

2120 2710 2208 2756 est
2233 2699 2548 2755 excellentia
2579 2714 2592 2749 :
2622 2695 2759 2749 inter
2791 2702 3072 2760 utrumque
3098 2687 3238 2742 enim
3284 2683 3510 2738 fructum
3559 2676 3701 2731 mul-

2108 2802 2234 2847 ztum
2264 2791 2501 2844 interest.
2530 2786 2660 2842 Nam
2707 2786 2799 2839 ille
2833 2783 3046 2854 quidem
3080 2777 3289 2834 sensilis
3318 2781 3449 2838 erat,
3495 2771 3579 2824 hic
3606 2783 3701 2822 au-

2112 2893 2231 2939 tem
2260 2881 2569 2953 spiritualis,
2601 2888 2655 2933 et
2682 2879 2825 2948 ipsos
2861 2875 3021 2931 cmlos
3066 2869 3314 2941 aperiens
3337 2867 3409 2931 ei,
3438 2863 3525 2935 qui
3573 2872 3703 2916 tunc

2110 2987 2241 3029 eam
2270 2951 2456 3026 vocem
2496 2969 2755 3025 ediderat.
2787 2966 2892 3021 Pro
2931 2964 3015 3017 his
3052 2959 3297 3015 omnibus
3326 2951 3544 3025 martyri
3572 2965 3693 3021 gra-

2122 3064 2374 3129 tulemur,
2408 3064 2572 3117 Deum
2598 3059 2974 3131 glorificamus,
3009 3054 3097 3124 qui
3128 3051 3243 3105 huic
3267 3048 3393 3103 facit
3420 3042 3697 3106 miracula,

2121 3158 2393 3214 imitemur
2432 3154 2675 3210 conservi
2724 3151 3050 3222 patientiam,
3093 3145 3289 3216 gratias
3332 3154 3548 3211 agamus
3593 3138 3702 3191 Do-

2122 3249 2268 3305 mino
2304 3262 2400 3316 pro
2425 3247 2591 3317 gratia
2621 3264 2634 3299 :
2661 3260 2726 3299 ex
2759 3244 2824 3298 iis
2852 3256 2970 3312 qua:
2998 3239 3136 3295 dicta
3178 3245 3321 3301 sunt,
3349 3231 3700 3311 sufficientem

2122 3342 2176 3397 in
2215 3340 2594 3397 tentationibus
2636 3333 3053 3393 consolationem
3094 3328 3437 3398 accipiamus,
3482 3330 3536 3378 et
3582 3321 3693 3386 Dei,

2120 3436 2209 3505 qui
2235 3450 2334 3488 nos
2360 3432 2502 3500 fecit,
2534 3429 2821 3501 potentiam
2843 3436 2897 3482 et
2920 3438 3101 3490 curam
3129 3420 3452 3476 admirantes
3477 3430 3540 3469 ac
3566 3428 3698 3484 pro-

2120 3526 2429 3591 videntiam,
2474 3523 2651 3578 omnia
2678 3535 2797 3591 qua:
2842 3532 2906 3573 ex
2941 3516 3094 3570 nobis
3136 3519 3263 3567 sunt
3300 3508 3603 3573 al'feramus,
3639 3512 3704 3559 et

2119 3632 2237 3690 quae
2262 3633 2329 3673 ex
2370 3631 2435 3671 eo
2479 3623 2622 3680 sunt,
2673 3610 2888 3667 omnino
2916 3612 3328 3675 consequentur.
3356 3598 3479 3656 Sive
3524 3594 3703 3650 homi-

2120 3726 2236 3776 nes,
2268 3710 2384 3763 sive
2420 3706 2709 3770 dazmones,
2739 3703 2850 3757 sive
2878 3700 2993 3770 ipse
3019 3695 3260 3753 diabolus
3288 3692 3571 3746 adversum
3598 3700 3701 3740 nos

2119 3802 2422 3872 depugnet,
2463 3797 2596 3852 nihil
2641 3793 2914 3867 proficient
2963 3790 3037 3857 ii,
3082 3787 3170 3858 qui
3220 3799 3320 3839 nos
3350 3784 3699 3872 Oppuguant:

2108 3869 2285 3948 modo
2303 3900 2602 3963 promptum
2631 3893 2869 3940 nostrum
2890 3880 3052 3935 animi
3075 3876 3304 3933 studium
3331 3869 3697 3930 ostendamus,

2115 3994 2173 4041 et
2196 4000 2314 4055 qua:
2352 3998 2382 4036 a
2417 3956 2572 4036 nobis
2597 3977 2771 4032 afferri
2802 3980 3031 4046 oportet,
3071 3968 3248 4025 omnia
3272 3964 3574 4020 aﬂ'eramus.
3605 3956 3700 4013 Sic

2117 4050 2261 4134 enim
2290 4084 2343 4131 et
2369 4074 2455 4129 hic
2484 4074 2576 4128 Dei
2609 4069 2861 4125 auxilium
2897 4063 3250 4127 attrabemus,
3295 4069 3349 4114 et
3382 4058 3434 4111 in
3475 4054 3583 4108 vita
3610 4050 3698 4106 fu-

2118 4177 2234 4223 tura
2263 4180 2451 4235 magna
2473 4162 2642 4234 gloria
2667 4170 2721 4216 et
2741 4159 2910 4213 salute
2932 4154 3268 4228 perfruentur
3297 4167 3308 4202 :
3338 4161 3496 4218 quam
3534 4142 3695 4198 nobis

2117 4233 2633 4325 omnibus—consequi
2660 4253 2832 4317 detur,
2862 4249 3031 4324 gratia
3059 4256 3112 4300 et
3139 4242 3465 4312 benignitate
3486 4233 3696 4291 Domini

2118 4352 2284 4407 nostri
2309 4351 2435 4405 Jesu
2460 4346 2679 4413 Christi,
2710 4360 2829 4399 cum
2855 4357 2961 4412 quo
2996 4339 3137 4393 Patri
3162 4335 3319 4390 simul
3347 4348 3467 4387 cum
3492 4328 3695 4400 Spiritu

2117 4451 2300 4499 sancto
2327 4443 2512 4511 gloria,
2544 4439 2714 4494 honor
2739 4444 2793 4492 et
2819 4435 3120 4505 imperium,
3160 4430 3213 4484 in
3242 4425 3438 4483 secula
3473 4421 3699 4479 saeculo-

2112 4551 2256 4593 rum.
2284 4536 2476 4590 Amen.

432 4738 3673 4777 _________________________________________________________————

788 4832 1002 4939 DE
1081 4833 1509 4940 mare
1517 4834 1718 4939 T0
1778 4830 2015 4939 ΜΛ

2145 4834 2247 4936 Τ
2262 4828 2561 4944 ΥΒΕ
2635 4827 2736 4941 Ii
2753 4817 3334 4933 ΟΜΑΝΟ.

1897 5038 2299 5073 MM

1025 5175 1216 5215 ORATIO
1254 5176 1289 5218 tt
1318 5161 1413 5231 (α).

502 5255 557 5309 l.
600 5249 885 5322 Martyrum
934 5254 1415 5307 commemorationis
1463 5251 1680 5305 utilitas.
1724 5248 2006 5318 Descriptio

422 5345 824 5415 persequutionis
850 5343 1178 5400 similitudine
1200 5361 1233 5398 a
1255 5346 1382 5399 mari
1400 5357 1620 5418 sumpta.
1648 5376 1719 5384 —
1742 5345 2007 5400 Palmstrae

430 5435 643 5505 quidem
673 5437 986 5505 corporibus
1014 5438 1175 5493 robur
1214 5453 1277 5494 ac
1316 5440 1557 5510 peritiam
1588 5438 1851 5493 athletica:
1876 5436 2006 5491 artis

428 5530 727 5599 acquirunt,
767 5541 1055 5603 martyrum
1085 5546 1212 5588 vero
1249 5533 1779 5589 commemorationes
1803 5532 2007 5585 animas

429 5620 686 5678 adversus
715 5623 1014 5679 daemonum
1050 5634 1193 5680 artes
1218 5633 1447 5693 armant,
1490 5634 1545 5681 et
1581 5632 1764 5679 contra
1794 5623 1915 5679 illos
1940 5623 2005 5677 ad

434 5712 626 5765 lactant
651 5712 947 5769 instituunt.
980 5716 1111 5769 Dum
1158 5716 1298 5769 enim
1333 5716 1471 5773 vires
1499 5713 1773 5771 atltlcticas
1801 5724 1851 5770 ct
1876 5729 2005 5769 con-

495 5803 569 5866 (a)
600 5805 773 5855 Collata
796 5819 903 5853 cum
928 5814 1007 5855 Ms.
1034 5808 1178 5872 Regio
1195 5806 1335 5857 231st.

2119 5156 2316 5207 tinuam
2346 5167 2464 5205 cum
2488 5151 2667 5220 ﬂagris
2702 5148 2894 5203 luctam
2927 5147 3134 5217 publice
3162 5143 3407 5215 produnt,
3442 5140 3697 5211 pietatem

2116 5244 2333 5297 audacia
2378 5243 2747 5307 corroborant,
2776 5248 2829 5294 et
2862 5240 2913 5293 in
2944 5238 3269 5293 cruciatuutn
3302 5230 3699 5287 narrationibus

2116 5346 2381 5405 tamquam
2411 5336 2463 5389 in
2491 5334 2673 5388 stadiis
2696 5330 3009 5404 quibusdam
3033 5338 3253 5382 stratum
3283 5341 3312 5377 a
3340 5322 3528 5395 quovis
3553 5334 3699 5374 mar-

2116 5438 2232 5498 tyre
2276 5426 2595 5482 curriculum
2625 5432 2946 5497 proponunt.
2980 5421 3122 5475 Talis
3151 5428 3233 5474 est
3275 5415 3524 5488 martyris
3554 5414 3695 5484 ejus,

2115 5518 2205 5589 qui
2230 5518 2388 5572 hodie
2430 5526 2713 5571 coronatus
2740 5526 2844 5581 est,
2874 5510 3334 5569 commemoratio.
3380 5508 3509 5575 Quis
3548 5508 3695 5561 enim

2115 5611 2168 5664 in
2198 5609 2364 5664 stadia
2405 5606 2661 5663 adversus
2703 5605 2968 5661 diabolum
3014 5602 3267 5656 audacter
3294 5613 3400 5653 non
3429 5597 3693 5667 prosiliat,

2115 5719 2235 5759 cum
2265 5706 2492 5757 animam
2520 5716 2668 5756 suam
2694 5700 2941 5768 martyris
2975 5693 3354 5751 certaminibus
3379 5686 3691 5749 instituerit,

2124 5812 2279 5869 quem
2307 5804 2383 5849 tot
2408 5793 2759 5865 periculorum
2790 5786 3069 5847 multitudo
3094 5801 3197 5843 non
3228 5779 3529 5841 concussit?
3556 5780 3693 5838 Tum
