4080 6196
337 362 534 432 ἐςοϐοῦ
558 357 653 430 τὴν
683 357 950 428 γλῶτταν,
998 355 1045 415 ὦ
1091 363 1252 434 μιαρὲ
1285 363 1379 417 καὶ
1422 363 1735 434 παμμίαρε,
1768 360 1911 423 τίνος

331 449 519 502 ἕνεκεν
553 443 724 515 αὐτὴν
754 444 1057 516 ἀπέτεμες;
1086 446 1229 511 τίνος
1254 448 1438 502 ἕνεκεν
1455 449 1789 518 ούκιάφῆκας
1805 447 1916 500 τῶν

330 527 732 598 παλαισμάτων
761 527 863 598 τὴν
884 528 1162 593 ὑπόθεσιν,
1205 530 1320 583 ἀλλ’
1349 532 1678 594 ἀπέκλεισας
1707 531 1768 582 τὸ
1787 531 1916 584 στά-

330 613 474 676 διονς
514 612 727 683 Ὠσπερ
767 610 834 664 ἂν
863 612 917 664 εί
945 629 1028 676 τις
1059 613 1492 684 παγκρατιάζειν
1533 614 1763 684 μέλλων,
1795 608 1915 666 εἶτα

330 695 552 767 πληγὰς
572 693 811 762 ἀφάτους
827 694 1036 758 λαϐὼν,
1057 696 1162 749 καὶ
1187 697 1259 767 μὴ
1288 697 1587 766 δυνάμενος
1600 694 1918 764 ἀντιστῆναι

327 778 537 842 λοιπὸν,
577 777 886 831 κελεύσειεν
922 781 1224 849 ἐκκοπῆναι
1252 779 1346 833 τοῦ
1376 778 1780 848 ἀνταγωνιστοῦ
1815 779 1915 842 τὰς

331 865 545 933 χεῖρας,
580 862 675 914 καὶ
713 861 888 923 οὕτως
913 862 1077 914 αὐτὸν
1099 862 1271 927 παίοι,
1309 864 1369 916 ού
1401 864 1561 936 χρεία
1589 862 1772 916 λοιπὸν
1807 861 1916 914 ἐτέ·

336 962 440 1016 ρας
471 944 800 1010 ἀποδείξεως
823 943 959 1014 πρὸς
987 944 1047 996 τὸ
1070 945 1169 1015 τὴν
1198 947 1353 1017 νίκην
1381 947 1460 1016 τῷ
1479 945 1578 1010 τὰς
1611 949 1800 1016 χεῖρας
1826 945 1926 998 ἐκ*

331 1026 556 1081 κοπέντι
581 1025 941 1096 ψηφίσασθαν
967 1027 1110 1081 οὕτω
1142 1029 1204 1099 δὴ
1241 1027 1387 1102 [616]
1419 1030 1514 1083 καὶ
1543 1031 1636 1083 ἐπὶ
1657 1029 1750 1082 τοῦ
1777 1029 1915 1100 μάρ-

328 1128 494 1184 τυρος
544 1111 863 1182 σαφεστέρα·
913 1112 1128 1165 πάντων
1174 1113 1444 1180 ἀπόδειξις
1471 1115 1510 1185 ἡ
1548 1115 1645 1184 τῆς
1669 1113 1914 1184 γλώττης

329 1196 542 1266 ἐκκοπὴ
582 1195 774 1263 γέγονε
799 1194 899 1264 τῆς
925 1194 1067 1247 κατά
1100 1195 1191 1248 τοῦ
1224 1196 1468 1250 διαϐόλου
1505 1195 1678 1266 νίκης.
1714 1195 1775 1248 Εἰ
1807 1197 1914 1266 γὰρ

321 1280 425 1332 ,καὶ
447 1277 616 1348 θνητὴ
657 1272 725 1348 ἦν
751 1277 783 1347 ἡ
809 1276 1045 1344 γλῶττα,
1090 1278 1203 1330 ἀλλ’
1253 1279 1438 1350 ἐπειδὴ
1479 1279 1721 1333 ἀθάνατα
1747 1280 1915 1351 τραύ-

333 1379 480 1431 ματα
525 1361 725 1414 δέδωκε
777 1359 856 1430 τῷ
894 1359 1145 1430 διαϐόλῳ,
1189 1361 1277 1416 διά
1322 1362 1480 1417 τοῦτο
1534 1363 1656 1416 κατ’
1697 1364 1912 1431 ἐκείνης

329 1446 593 1498 ἔπνευσεν
622 1442 760 1507 δλος,
793 1443 985 1496 ἐαυτὸν
1025 1443 1123 1513 μέν
1162 1445 1242 1507 είς
1277 1443 1499 1515 μείζονα
1528 1445 1800 1497 καθιστῶν
1823 1447 1912 1498 αί-

327 1528 556 1599 σχύνην.
579 1526 657 1596 τῷ
691 1526 746 1579 δὲ
785 1526 1024 1596 μάρτυρι
1057 1527 1438 1599 λαμπρότερον
1477 1527 1646 1580 ποιῶν
1678 1527 1768 1579 τὸν
1796 1527 1913 1579 στέ-

327 1629 519 1680 φανον.
564 1610 773 1680 Ὠσπερ
801 1609 911 1681 γάρ
967 1610 1276 1680 θαυμαστὸν
1309 1611 1477 1682 χωρὶς
1513 1609 1668 1682 ῥίζης
1697 1610 1913 1681 δένδρον

331 1698 481 1756 ἰδεῖν,
531 1695 627 1748 καὶ
675 1695 845 1765 χωρὶς
885 1694 1068 1764 πηγῆς
1119 1694 1384 1764 ποταμόν·
1419 1693 1563 1748 οὕτω
1603 1695 1694 1748 καὶ
1745 1693 1913 1764 χωρὶς

328 1779 578 1850 γλώττης
607 1779 812 1849 φωνήν.

399 1862 464 1916 δ’.
495 1862 608 1916 Ποῦ
627 1860 722 1914 νῦν
739 1863 937 1915 εἰσινοὶ
962 1864 1028 1933 τῇ
1065 1862 1172 1916 τῶν
1189 1862 1458 1932 σωμάτων
1484 1862 1774 1916 ἀναστάσει
1801 1861 1916 1914 δια-

329 1948 684 2011 πιστοῦντες·;
738 1945 930 2015 Ἰδοῦή
977 1946 1129 2016 φωνὴ
1161 1947 1254 1999 καὶ
1287 1946 1523 2000 ἀπέθανε
1562 1948 1655 1999 καὶ
1691 1946 1911 2016 ἀνέστη,

329 2030 424 2084 καὶ
446 2030 504 2080 ἐν
525 2030 624 2099 μιᾷ
651 2025 847 2098 καιροῦ
881 2030 1021 2098 ῥοπῇ
1052 2028 1224 2082 ταῦτα
1245 2029 1528 2099 ἀμφότερα
1563 2028 1916 2097 γέγονε.Καί-

329 2129 410 2165 τοι
443 2111 604 2165 τοῦτο
632 2111 733 2182 τῆς
760 2109 868 2162 τῶν
907 2111 1178 2181 σωμάτων
1209 2111 1559 2174 ἀναστάσεως
1589 2111 1766 2182 πολλῷ
1802 2115 1916 2179 μεῖ-

327 2197 422 2261 ζόν
456 2197 624 2250 ἐστιν’
659 2197 787 2248 ἐκεῖ·
810 2195 909 2266 μὲν
945 2195 1055 2265 γὰρ
1089 2195 1124 2264 ἡ
1159 2195 1320 2263 φύσις
1344 2194 1452 2248 τῶν
1497 2195 1763 2264 σωμάτων
1784 2194 1916 2249 ὑπό-

330 2298 529 2343 κειται,
565 2281 598 2351 ἠ
635 2278 886 2343 σύνθεσις
927 2279 985 2332 δέ
1021 2278 1328 2331 διαλέλυται
1377 2279 1555 2350 μόνον·
1603 2279 1834 2334 ἐνταῦθα
1859 2281 1914 2334 δὲ

329 2365 469 2435 αύτη
500 2365 532 2434 ἡ
558 2362 816 2426 ὑπόθεσις
837 2362 939 2431 τῆς
969 2362 1156 2430 φωνῆς
1189 2361 1448 2432 ἀνῄρητο,
1473 2361 1753 2432 ἀλλ’δμως
1787 2361 1918 2432 λαμ-

331 2447 588 2516 προτέρα.
607 2445 771 2498 πάλιν
806 2444 1075 2513 ἐγίγνετο.
1108 2443 1300 2497 Καίτοι
1339 2461 1402 2512 γε
1435 2443 1597 2498 αὐλοῦ
1624 2444 1724 2507 τάς
1746 2445 1918 2512 γλωτο

331 2533 481 2594 τίδας
504 2531 572 2584 ἀν
595 2529 821 2600 ἀφέλῃς,
867 2529 1139 2600 ἄχρηστον
1164 2528 1350 2582 λοιπὸν
1379 2532 1554 2582 κεῖται
1573 2529 1635 2582 τὸ
1665 2529 1915 2600 ὄργανον·

329 2616 447 2671 ἀλλ’
471 2615 571 2686 οὐχ
604 2613 779 2676 οὓτως
804 2615 834 2667 6
856 2613 1018 2677 αὐλὸς
1055 2614 1085 2666 6
1117 2614 1506 2684 πνευματικὸς,
1541 2613 1676 2667 ἀλλά
1706 2613 1800 2667 καὶ
1821 2613 1920 2682 τὴν

331 2698 578 2768 γλῶτταν
611 2695 930 2766 ἀφαιρεθεὶς
961 2696 1022 2748 ού
1069 2695 1226 2766 μόνον
1280 2696 1381 2748 οὐκ
1429 2692 1496 2766 ἦν
1524 2694 1758 2764 ἄφωνος,
1785 2693 1920 2747 ἀλλά

333 2783 430 2836 καὶ
457 2779 860 2851 ἐμμελέστερον
891 2779 987 2831 καὶ
1025 2778 1429 2849 μυστικώτερον
1447 2778 1595 2847 ἠφίει
1629 2771 1807 2847 μέλος,
1826 2777 1919 2829 καὶ

337 2865 477 2936 μετά
507 2865 752 2926 πλείονος
781 2863 880 2932 τῆς
933 2861 1264 2932 ἐκπλήξεως.
1308 2862 1418 2914 Καὶ
1451 2862 1544 2914 ἐπὶ
1591 2860 1820 2931 κιθάρας
1864 2860 1922 2912 δὲ

335 2951 523 3010 πάλιν,
554 2949 620 3002 ἂν
658 2947 718 3000 τὸ
750 2945 1027 3016 πλῆκτρόν
1058 2963 1142 3008 τις
1172 2945 1457 3017 ἐξαρπάσῃ
1491 2944 1670 3015 μόνον,
1699 2944 1868 3016 ἀργὸς
1893 2945 1922 2996 6

331 3034 610 3104 τεχνίτης,
651 3034 923 3102 ἄχρηστος
949 3031 982 3101 ἡ
1011 3029 1192 3100 τέχνη,
1224 3030 1450 3098 μάταιον
1478 3029 1538 3081 τὸ
1565 3028 1793 3099 ὄργανον
1837 3027 1924 3097 γί-

333 3133 548 3186 γνεταν
581 3115 813 3168 ἐνταῦθα
861 3114 920 3167 δέ
962 3113 1115 3166 ούδέν
1158 3114 1417 3178 τοιοῦτον,
1447 3112 1581 3165 ἀλλά
1615 3112 1921 3165 τούναντίον

334 3203 502 3257 ἅπαν.
551 3201 661 3253 Καὶ
683 3198 792 3269 γὰρ
838 3195 905 3270 ῆν
934 3197 1133 3269 κιθάρα
1160 3197 1220 3251 τὸ
1249 3197 1442 3268 στόμα,
1472 3193 1536 3264 ἦν
1559 3196 1832 3266 πλῆκτρον
1885 3198 1937 3266 ἡ,

333 3286 576 3354 γλῶττα,
605 3281 852 3351 τεχνίτης
887 3280 948 3333 δὲ
980 3281 1013 3350 ἡ
1043 3280 1210 3350 ψυχὴ,
1253 3281 1344 3333 καὶ
1381 3279 1543 3350 τέχνη
1581 3280 1613 3348 ἠ
1641 3279 1937 3349 ὁμολογίαν

336 3371 451 3424 ἀλλ’
478 3370 629 3438 ὅμως
656 3365 1052 3436 ἀφαιρεθέντος
1093 3364 1192 3417 τοῦ
1219 3363 1519 3432 πλήκτρου,
1548 3362 1650 3430 τῆς
1671 3361 1925 3432 γλώσσης

335 3453 502 3520 λέγω.
536 3450 660 3504 οῦτε
691 3452 718 3503 ὁ
739 3449 1010 3518 τεχνίτης.
1034 3446 1156 3499 οὔτε
1187 3448 1220 3515 ἡ
1243 3446 1428 3516 τέχνην
1449 3444 1573 3497 οὔτε
1601 3445 1662 3497 τὸ
1691 3445 1922 3514 δργανον

336 3537 612 3605 ἄχρηστον
642 3533 885 3600 γέγονεν,
911 3530 1051 3583 ἀλλά
1096 3530 1274 3582 πάντα
1301 3529 1402 3598 τὴν
1439 3527 1646 3581 οίκείαν
1692 3527 1923 3598 δύναμιν

336 3619 709 3673 ἐπεδείκνυτο.
751 3616 846 3678 Τίς
878 3614 1051 3666 ταῦτα
1083 3613 1341 3682 ἐποίησε;
1377 3611 1461 3672 τίς
1484 3610 1654 3664 ταῦτα
1683 3609 1924 3676 ἐπέδειξε

337 3702 408 3756 τὰ
432 3698 724 3771 Θαυμαστὰ
759 3699 850 3752 καὶ
874 3695 1182 3768 παράδοξα;
1227 3696 1283 3746 ὐ
1309 3694 1438 3757 Θεὸς
1465 3694 1493 3745 6
1522 3692 1690 3745 ποιῶν
1711 3692 1925 3762 θαυμά-

342 3802 435 3839 σια
474 3785 654 3854 μόνος,
682 3783 808 3852 περί
827 3774 890 3833 οὗ
925 3797 1086 3850 φησιν
1127 3781 1154 3831 6
1203 3777 1384 3840 Δαυῒδ,
1430 3777 1606 3844 Κύριε
1638 3779 1670 3829 ό
1708 3777 1923 3843 Κύριος

342 3867 535 3937 ἡμῶν,
589 3865 669 3930 ὡς
715 3863 1063 3934 θαυμαστόν
1091 3861 1156 3914 τὸ
1195 3861 1526 3928 ὕνομιίσου
1556 3859 1624 3911 ἐν
1654 3857 1821 3926 πάσῃ
1849 3857 1924 3926 τῇ

344 3951 440 4021 γῇο
479 3949 568 4002 ὅτι
599 3947 829 4015 ἐπήρθη
877 3948 916 4015 ἠ
959 3940 1437 4014 μεγαλοπρέπειά
1486 3957 1602 3994 σου
1650 3940 1924 4006 ὑπεράνω

341 4034 461 4088 τῶν
483 4029 774 4099 οἰφανῶν·
813 4029 880 4082 ἐκ
921 4030 1219 4096 στόματος
1254 4024 1487 4092 νηπίων
1518 4023 1615 4076 καί
1648 4021 1924 4088 θηλαζόν-

341 4133 460 4169 των
487 4111 825 4178 κατηρτίσω
880 4108 1070 4164 αἶνον.
1099 4109 1232 4162 Τότε
1287 4107 1385 4178 μὲν
1435 4101 1528 4159 οὖν
1558 4107 1622 4158 ἐκ
1652 4101 1920 4172 στόματος

342 4195 555 4266 νηπίων
583 4195 678 4248 καὶ
709 4193 1070 4264 θηλαζόντων,
1099 4192 1190 4246 νῦν
1217 4191 1274 4244 δὲ
1305 4193 1368 4244 ἐκ
1403 4189 1670 4258 στόματος
1705 4187 1917 4256 ἀγλώτ-

363 4487 664 4498 ——..—___.~.a—
689 4493 826 4498 -_..__.__

1409 249 1474 304 IN
1515 250 1571 305 S.
1613 244 1960 304 ROMANUM
1999 241 2509 300 MARTYREM..IL

3474 251 3581 307 612

2016 360 2281 412 των-τότε
2310 361 2466 430 φύσις
2501 362 2693 430 άωρῖςν
2725 358 2820 411 νῦν
2847 359 2902 412 δὲ
2932 359 3106 430 στόμα
3139 361 3363 434 ἔρημον·
3401 369 3583 446 ἁπαλὴ

2014 442 2187 526 τότεη
2215 444 2340 516 ῥίζα
2373 446 2465 498 ἐπὶ
2489 444 2596 497 τῶν
2615 441 2818 495 παίδων
2850 439 2938 514 ἦν,
2969 445 3082 498 ἀλλ’
3110 449 3140 500 ό
3167 450 3376 520 καρπὸς
3402 439 3584 526 ἀπηρζ

2015 524 2286 595 τισμένος’
2317 527 2551 581 ἐνταῦθα
2575 526 2631 579 δὲ
2660 526 2753 578 καὶ
2782 526 2919 597 αὑτὴ
2960 529 2992 599 ή
3027 528 3154 600 ῥίζα
3197 531 3452 606 ἀνῄρητο,
3492 524 3588 592 καὶ

2016 609 2163 693 ήγτοῦ
2195 609 2408 680 καρποῦ
2465 611 2679 679 γένεσις
2731 610 2832 663 οὐκ
2884 612 3169 667 ἐκωλύετο·
3219 619 3431 688 καρπὸς
3477 621 3589 693 γὰρ

2015 692 2260 764 γλώττης
2285 696 2459 766 φωνή.
2494 695 2921 765 Θαυμαστότερα
2934 695 3002 749 τά
3024 696 3226 770 ὕστερα
3254 701 3362 754 τῶν
3392 692 3590 775 προτέ-

2020 793 2148 846 ρων.
2208 779 2318 832 Καὶ
2355 778 2464 851 γὰρ
2494 778 2580 831 ἴνα
2612 778 2785 832 ταῦτα
2839 780 2912 850 μὴ
2943 780 3261 852 ἀπιστῆται,
3303 784 3391 839 διά
3427 785 3590 842 τοῦτο

2015 859 2199 913 ἐκεῖνα
2248 861 2613 931 προέδραμεν,
2662 862 2748 916 ἴνα
2775 863 2832 915 ἐν
2864 861 3072 928 τούτοις
3099 865 3174 936 μὴ
3209 867 3586 941 θορυϐὡμεθα,

2014 942 2114 1011 τῆς
2160 943 2396 1006 διανοίας
2433 943 2592 1014 ἡμῶν
2632 944 2692 997 ἐν
2743 945 2971 1005 ἐκείνοις
3017 949 3430 1019 προεθισθείσης
3487 953 3590 1009 Διά

2015 1024 2194 1088 τοῦτο,
2212 1025 2384 1079 ταῦτα
2413 1028 2748 1099 ἀπήντησεν,
2779 1029 2864 1084 ἴνα
2887 1030 3068 1082 ἐκεῖνα
3097 1032 3164 1086 τά
3186 1033 3362 1106 ἀφανῆ
3395 1035 3489 1089 καὶ
3519 1036 3589 1091 τά

2017 1107 2222 1162 παλαιά
2242 1108 2348 1161 ἀπὸ
2376 1109 2484 1163 τῶν
2526 1110 2772 1182 φανερῶν
2817 1111 2910 1164 καὶ
2940 1115 3133 1168 νεωστὶ
3166 1119 3467 1188 γενομένων
3499 1137 3590 1174 πι-

2019 1191 2294 1261 στεύηται.
2322 1191 2482 1248 Οὖτω
2508 1193 2638 1245 ποτὲ
2669 1193 2763 1246 καὶ
2786 1196 2818 1264 ἡ
2848 1194 3042 1264 ῥάϐδος
3091 1198 3300 1267 Ἀαρὼν
3327 1202 3590 1275 ἐϐλάστη-

2018 1291 2126 1338 σεν,
2152 1275 2340 1348 ὥσπερ
2379 1276 2680 1346 ἐϐλάστησε
2711 1276 2776 1330 τὸ
2811 1278 2986 1348 στόμα
3020 1280 3112 1334 τοῦ
3156 1280 3426 1352 μάρτυρος
3471 1285 3586 1342 νῦν.

2029 1359 2187 1412 Ἀλλά
2213 1359 2358 1423 τίνος
2381 1359 2566 1414 ἕνεκεν
2597 1359 2932 1431 ἐϐλάστησεν
2953 1364 2984 1432 ἡ
3005 1363 3198 1433 ῥάϐδος
3227 1364 3432 1439 ’Δαρὼν
3445 1369 3588 1435 τότες

2027 1442 2248 1514 Ἐπειδὴ
2299 1444 2330 1495 ὁ
2360 1445 2538 1515 ἱερεὺς
2583 1445 2898 1515 ἡτιμάζετο.
2935 1448 3091 1511 Τίνος
3116 1448 3172 1501 δὲ
3205 1450 3386 1504 ἕνεκεν
3435 1452 3593 1506 ἐϐλά-

2017 1541 2179 1596 στησε
2213 1525 2309 1578 νῦν
2341 1525 2404 1578 τὸ
2436 1525 2608 1596 στόμα
2640 1527 2736 1580 τοῦ
2770 1529 3076 1600 μάρτυρος;
3128 1531 3346 1602 Ἐπειδὴ
3373 1534 3592 1604 όμέγας

2013 1609 2304 1692 ἀρχιερεὺς
2357 1609 2759 1680 ἐϐλασφημεῖτο
2821 1613 3030 1683 Ἰησοῦς
3072 1615 3101 1667 6
3151 1616 3407 1688 Χριστός.
3449 1620 3592 1692 Ὅρα

2015 1692 2163 1776 πόση
2212 1691 2304 1745 τοῦ
2354 1692 2632 1776 θαύματος
2685 1695 2788 1748 καὶ
2837 1696 3122 1764 συγγένεια
3176 1700 3269 1754 καί¹
3322 1691 3586 1776 ὑπεροχή.

2014 1773 2279 1846 Καθάπερ
2313 1774 2421 1846 γάρ
2451 1776 2633 1846 ἐκείνη
2659 1779 2691 1847 ἡ
2729 1777 2921 1848 ῥάϐδος
2937 1779 3034 1848 οὐχ
3060 1781 3309 1853 ἡνωμένη
3329 1773 3473 1857 ῥίζῃ,
3498 1773 3593 1840 οὖ-

2013 1857 2070 1911 δὲ
2093 1858 2326 1912 ἕλκουσα
2344 1859 2458 1940 ,τὰς
2483 1861 2592 1914 ἀπὸ
2612 1861 2710 1932 τῆς
2740 1861 2845 1932 γῆς
2871 1863 3101 1928 νοτίδας,
3123 1865 3240 1919 ἀλλ’
3272 1866 3475 1940 ἔρημος
3491 1871 3591 1938 τῆς

2014 1943 2278 2014 χορηγίας
2305 1938 2439 1998 οὖσα
2461 1944 2561 2014 τῆς
2586 1944 2817 2008 ἐκεῖθεν,
2843 1947 2936 1999 καὶ
2962 1947 3057 2019 τὴν
3088 1938 3426 2021 καρπογόνον
3451 1955 3590 2008 ἀπο-

2015 2026 2216 2079 λέσασα
2249 2038 2273 2067 α
2295 2026 2539 2097 δύναμιν,
2577 2027 2837 2100 ἐξαίφνης
2864 2031 3073 2099 καρπὸν
3102 2031 3319 2097 ἔδειξεν·
3362 2035 3504 2090 οὕτω
3525 2037 3591 2108 δὴ

2016 2111 2112 2162 καὶ
2149 2109 2382 2163 ἐνταῦθα
2409 2109 2557 2182 [617]
2588 2113 2620 2181 ή
2653 2111 2804 2183 φωνὴ
2833 2113 2932 2182 τῆς
2949 2112 3103 2185 ῥίζης
3133 2117 3591 2188 ἀποστερηθεῖσα,

2017 2193 2111 2246 καὶ
2142 2193 2241 2264 τὴν
2270 2193 2334 2245 ἐκ
2373 2192 2466 2246 τοῦ
2495 2194 2730 2264 ὀργάνου
2774 2194 3006 2265 δύναμιν
3041 2197 3140 2250 ούκ
3172 2197 3392 2269 ἔχουσα,
3423 2201 3482 2254 ἐν
3506 2202 3594 2273 ξη-

2019 2275 2098 2347 ρῷ
2127 2277 2217 2329 καὶ
2240 2277 2417 2348 ἀγόνῳ
2447 2277 2672 2348 στόματι
2691 2277 2947 2349 ἐξαίφνης
2968 2278 3318 2352 ἐϐλάστησεν.
3368 2285 3454 2338 Ἐν
3474 2285 3598 2340 τούς·

2016 2375 2092 2428 τῳ
2123 2359 2220 2429 μὲν
2251 2361 2283 2430 ή
2320 2359 2631 2428 συγγένεια,
2666 2361 2723 2412 ἐν
2773 2361 2944 2433 ἑτέρῳ
2983 2361 3040 2414 δὲ
3079 2365 3111 2434 ἡ
3160 2365 3422 2438 ὑπεροχίγ
3458 2367 3592 2423 πολὺ

2017 2443 2126 2514 γάρ
2149 2442 2408 2514 ἐκατέρου
2439 2441 2533 2494 τοῦ
2555 2442 2768 2512 καρποῦ
2810 2442 2869 2496 τὸ
2917 2445 3098 2514 μέσον.
3141 2445 3199 2499 Ὅ
3230 2449 3327 2518 μὲν
3364 2450 3473 2521 γάρ
3505 2451 3593 2504 αἰ-

2021 2525 2217 2598 σθητὸς
2261 2521 2351 2597 ἦν,
2390 2528 2418 2579 6
2479 2526 2546 2578 δὲ’
2584 2527 2973 2596 πνευματικὸς,
3037 2530 3128 2582 καὶ
3177 2532 3303 2596 τοὺς
3333 2534 3597 2605 οὐρανοὺς

2020 2608 2247 2676 ἀνοίγων
2270 2608 2466 2670 αὐτοὺς
2484 2608 2563 2679 τῷ
2578 2609 2678 2679 τὴν
2702 2610 2884 2682 φωνὴν
2896 2611 3098 2682 ταύτην
3117 2613 3434 2668 ἀποτεκόντι
3449 2618 3592 2672 τότε.

2031 2691 2202 2760 ’Υπὲρ
2230 2689 2295 2761 δὴ
2318 2689 2524 2744 τούτων
2555 2691 2812 2746 ἁπάντων
2837 2693 3222 2763 συγχαίρωμεν
3237 2695 3316 2764 τῷ
3334 2697 3596 2768 μάρτυρι,

2021 2771 2340 2842 δοξάζωμεν
2369 2773 2458 2825 τὸν
2485 2772 2661 2826 ταῦτα
2687 2773 3204 2846 θαυματουργοῦντα
3234 2775 3388 2844 Θεὸν,
3427 2795 3599 2848 μιμη-

2029 2854 2249 2924 σὼμεθα
2273 2854 2370 2926 τὴν
2389 2854 2668 2926 ὑπομονὴν
2699 2857 2794 2910 τοῦ
2843 2857 3146 2922 συνδούλου,
3183 2861 3590 2933 εὐχαριστήσω-

2029 2954 2128 3008 μεν
2160 2937 2300 3009 ὑπὲρ
2351 2937 2450 3008 τῆς
2476 2939 2697 3008 χάριτος
2721 2937 2798 3008 τῷ
2823 2940 3084 3010 Δεσπότῃ,
3117 2941 3370 3012 λάϐωμεν
3399 2944 3463 2996 ἐκ
3485 2939 3598 2997 τῶν

2024 3021 2329 3093 εἰρημένων
2384 3020 2575 3091 ἱκανὴν
2637 3022 2696 3075 ἐν
2732 3024 2845 3083 τοῖς
2878 3027 3201 3094 πειρασμοῖς
3229 3025 3595 3096 παράκλησιν,

2024 3106 2120 3159 καὶ
2146 3105 2243 3176 τὴν
2269 3104 2498 3174 δύναμιν
2523 3104 2616 3157 τοῦ
2649 3108 3010 3176 πεποιηκότος
3037 3109 3183 3179 ἡμᾶς
3216 3109 3352 3163 Θεοῦ
3387 3113 3482 3164 καὶ
3498 3105 3600 3178 τὴν

2026 3187 2351 3257 κηδεμονίαν
2392 3187 2856 3254 καταπλαγέντες,
2916 3189 2984 3242 τά
3013 3193 3142 3262 παρ’
3185 3192 3393 3245 ἑαυτῶν
3422 3188 3603 3245 πάντα
3660 3250 3662 3252 _

2024 3272 2388 3342 εἰσφέρωμεν,
2420 3272 2516 3324 καὶ
2542 3271 2610 3324 τά
2641 3272 2772 3342 παρ’
2809 3272 2975 3325 αὑτοῦ
3006 3274 3220 3338 πάντως
3245 3275 3454 3344 ἕψεται.
3479 3277 3599 3330 Κᾶν

2025 3355 2322 3425 ἂνθρωποι,
2350 3353 2452 3406 κάν
2482 3354 2754 3425 δαίμονες,
2803 3356 2906 3409 κᾶν
2936 3359 3099 3421 αὐτὸς
3123 3358 3153 3410 ὁ
3183 3358 3429 3423 διάϐολος
3464 3363 3599 3431 ἡμῖν

2027 3437 2296 3508 πυκτεύῃ,
2347 3436 2508 3488 πλέον
2539 3437 2690 3491 οὐδὲν
2733 3438 2887 3493 ἔσται
2915 3443 3030 3503 τοῖς
3068 3440 3392 3510 πολεμοῦσιν
3445 3444 3599 3513 ἡμῖν·

2029 3521 2186 3592 μόνον
2221 3521 2288 3575 ἂν
2324 3522 2423 3591 τὴν
2468 3521 2672 3576 οἰκείαν
2698 3522 3094 3594 ἐπιδειξώμεθα
3135 3523 3466 3595 προθυμίαν,
3509 3527 3601 3580 καὶ

2023 3608 2126 3660 ὅσα
2143 3607 2270 3678 παρ’
2295 3605 2453 3676 ἡμῶν
2470 3606 2839 3676 εἰσενεχθῆναι
2856 3609 2961 3678 χρὴ
2983 3607 3158 3662 πάντα
3177 3609 3596 3679 εἰσενέγκωμεν.

2026 3688 2183 3744 Οῦτω
2214 3689 2323 3760 γάρ
2369 3691 2468 3760 τὴν
2497 3690 2650 3760 παρά
2694 3690 2786 3743 τοῦ
2826 3691 2960 3744 Θεοῦ
2994 3691 3165 3763 ῥοπὴν
3185 3693 3599 3763 ἐπισπασόμεθα

2025 3772 2276 3836 ἐνταῦθα,
2311 3773 2406 3826 καὶ
2432 3772 2572 3826 κατὰ
2605 3772 2701 3843 τὴν
2734 3773 3030 3844 μέλλουσαν
3060 3774 3205 3844 ζωὴν
3250 3774 3449 3845 πολλῆς
3471 3777 3602 3829 ἀπο-

2025 3855 2295 3924 λαύσομεν
2359 3855 2516 3926 δόξης
2549 3855 2642 3907 καὶ
2682 3856 2976 3927 σωτηρίας
3027 3852 3095 3927 ἦς
3133 3857 3344 3926 γένοιτο
3390 3860 3599 3922 πάντας

2027 3937 2173 4008 ἡμᾶς
2202 3939 2499 4006 ἐπιτυχεῖν,
2535 3938 2716 4007 χάριτι
2749 3939 2842 3990 καὶ⁸
2869 3937 3244 4010 φιλανθρωπία
3263 3939 3360 3992 τοῦ
3395 3940 3597 4009 Κυρίου

2025 4019 2183 4089 ἡμῶν
2228 4019 2401 4088 Ἰησοῦ
2435 4018 2694 4090 Χριστοῦ,
2728 4019 2847 4088 μεθ’
2898 4016 2958 4074 οὗ
2993 4020 3071 4090 τῷ
3126 4022 3322 4092 Πατρί,
3363 4022 3478 4093 ἅμα
3519 4023 3601 4093 τῷ

2029 4105 2167 4173 ἁγίῳ
2192 4102 2487 4172 Πνεύματι,
2517 4102 2665 4168 δόξα,
2693 4102 2825 4174 τιμὴ
2855 4105 2948 4156 καὶ
2970 4105 3189 4174 κράτος,
3209 4106 3288 4168 είς
3315 4106 3440 4168 τοὺς
3468 4107 3600 4159 αἰῶ-

2025 4205 2120 4251 νας
2148 4187 2253 4240 τῶν
2283 4184 2513 4239 αἰώνων.
2564 4185 2754 4255 Ἀμήν.

990 4735 1160 4824 ΕΙΣ
1197 4734 1422 4818 TON
1460 4730 1799 4817 APION
1848 4732 1919 4817 Μ

2022 4714 2356 4816 ΡΤΥΡᾹ
2400 4726 2983 4818 ΡΩΜΛΝΟΝ..

994 5120 1184 5189 Λόγος
1210 5119 1292 5183 .3"-

418 5207 836 5279 α’.11αλαῖστραι
853 5204 952 5276 μέν
967 5202 1213 5274 σώμασιν
1227 5200 1476 5273 ἀνδρείαν
1487 5199 1818 5272 χαρίζονται,
1836 5197 1929 5251 καὶ

347 5292 547 5362 τέχνης
598 5288 900 5360 ἀθλητικῆς
931 5287 1260 5358 ἐπιστήμαςο
1303 5284 1592 5356 μαρτύρων
1626 5283 1680 5336 δέ
1719 5282 1929 5352 μνῆμαι

351 5377 471 5438 ταῖς
506 5374 617 5427 τῶν
645 5372 914 5440 δαιμόνων
943 5369 1043 5433 τὰς
1067 5370 1241 5439 ψυχὰς
1283 5365 1659 5428 ἀνθοπλίζουσι
1687 5365 1926 5434 τέχναις,

350 5459 449 5512 καὶ
494 5457 630 5527 πρὸς
687 5455 786 5519 τὰς
838 5454 960 5508 κατ’
1011 5453 1238 5506 ἐκείνων
1289 5447 1693 5520 παιδοτριϐοῦσι
1731 5446 1922 5510 λαϐάς.

349 5540 458 5593 Τὸν
515 5541 625 5611 γάρ
682 5537 971 5608 ἀθλητικὸν
1015 5534 1435 5606 δημοσιεύουσαι
1491 5531 1642 5604 τόνον
1689 5531 1784 5583 καὶ
1830 5531 1930 5601 τὴν

350 5623 631 5678 ἀνένδοτον
658 5621 793 5692 πρός
833 5619 931 5683 τάς
963 5619 1233 5689 μάστιγας
1268 5616 1463 5686 πάλην,
1510 5613 1809 5685 ἐγείρουσιν
1849 5617 1928 5678 είς

2035 5111 2237 5184 θάρσος
2267 5111 2367 5186 τὴν
2401 5115 2706 5180 εὐσέϐειαν,
2736 5115 2926 5188 ὥσπερ
2950 5117 3010 5170 ἐν
3035 5116 3321 5188 σκάμμασι
3348 5115 3472 5181 ταῖς
3499 5117 3608 5170 τῶν

2034 5193 2222 5248 παθῶν
2260 5195 2576 5267 διηγήσεσιν
2620 5201 2723 5254 ὑπὸ
2773 5200 3054 5272 μάρτυρος
3091 5199 3290 5263 παντὸς
3312 5199 3608 5268 τεταμένον

2033 5277 2575 5348 προθεῖσαίδίαυλον.
2612 5284 2851 5353 Τοιαύτη
2881 5285 2914 5355 ὴ
2939 5283 3034 5336 τοῦ
3058 5285 3298 5354 σήμερον
3327 5297 3606 5348 στεφανω-

2031 5361 2218 5426 θέντος
2250 5363 2480 5435 ἀθλητοῦ
2530 5368 2738 5439 μνήμη.
2765 5368 2863 5432 Τίς
2893 5367 3001 5439 γάρ
3029 5367 3129 5420 οὐκ
3159 5365 3225 5419 ἂν
3252 5363 3320 5416 τά
3353 5361 3495 5416 κατά
3513 5362 3608 5415 τοῦ

2031 5445 2278 5499 διαϐόλου
2311 5448 2602 5520 θαρῥήσειε
2625 5453 2927 5522 σκάμματα
2958 5453 3070 5514 τοῖς
3089 5449 3182 5502 τοῦ
3213 5449 3486 5519 μάρτυρος
3509 5446 3609 5516 τὴν

2033 5529 2211 5601 ψυχὴν
2243 5532 2668 5605 παιδοτριϐήσας
2691 5537 3084 5606 παλαίσμασιν,
3111 5533 3170 5586 ὃν
3203 5530 3469 5585 τοσούτων
3493 5546 3608 5582 κινο

2035 5615 2276 5670 δύνωνού
2298 5617 2580 5672 κατέσεισε
2611 5621 2839 5691 πλῆθος;
2866 5616 3041 5675 Πολλῇ
3073 5616 3182 5689 γάρ
3209 5634 3290 5680 τις
3323 5614 3399 5685 τῷ
3424 5613 3611 5684 κόσμῳ
