4080 6196
495 303 600 360 615

493 427 594 496 τῆς
625 422 882 488 ἀσεϐείας
905 425 1024 480 τότε
1050 428 1304 498 τυραννὶς
1335 431 1644 499 ἐνωρχεῖτο,
1679 430 1772 483 καὶ
1795 430 2074 483 θάλασσαν

493 512 559 563 ἐκ
589 507 766 579 βυθῶν
797 509 1048 580 ἐμιμεῖτο
1065 510 1350 580 σειομένην
1369 514 1398 564 6
1428 512 1562 582 βίος,
1585 513 1678 566 καὶ
1689 513 1782 566 τοῦ
1805 513 2075 580 πελάγους

491 595 574 658 είς
603 593 702 664 τὴν
734 594 840 664 γῆν
893 593 950 646 αί
986 593 1272 665 τρικυμίαι
1311 595 1669 666 μετέστησαν,
1725 597 1819 648 καὶ
1847 595 2073 666 σφοδρὸν

489 677 551 731 τὸ
581 677 681 747 τῆς
714 675 996 738 εὐσεϐείας
1035 676 1243 745 σκάφος
1271 677 1589 740 δυσσεϐείας
1609 679 1919 750 περιήντλει
1947 679 2075 732 κλυ-

489 760 700 824 δώνιον,
723 762 780 812 ἐν
811 751 856 827 ᾧ
877 759 1062 812 πολλοὶ
1077 759 1178 829 μὲν
1199 761 1387 830 νεκροὶ
1419 762 1696 832 πανταχοῦ
1721 761 2069 832 κυϐερνῆται,

491 843 702 899 ναυτῶν
730 843 786 896 δέ
821 843 922 896 οὐκ
951 842 1134 910 ὀλίγος
1153 843 1388 914 ἀριθμὸς
1421 847 1774 917 ὑποϐρύχιος·
1811 845 1987 900 πάντα
2015 845 2072 897 δὲ

486 924 556 999 ἦν
584 927 764 995 φόϐων
793 925 1008 997 πικρῶν
1044 927 1140 979 καὶ
1183 927 1460 994 ναυαγίων
1493 929 1794 999 ἀνάμεστα.
1843 930 2071 982 Ἔπνεον

491 1010 732 1081 βασιλεῖς
761 1008 1076 1078 καταιγίδος
1117 1009 1499 1080 σφοδρότερον,
1539 1011 1778 1083 φοϐερὰς
1815 1011 2071 1082 τύραννοι

484 1093 782 1165 τρικυμίας
829 1095 1060 1166 ἐπῆγον,
1111 1093 1388 1164 ἀρχόντων
1432 1096 1822 1167 συγκεκίνηντο
1868 1095 2068 1166 θρόνοι,

485 1176 738 1240 δικασταὶ
767 1177 866 1246 τὴν
900 1179 978 1239 είς
1009 1177 1242 1247 Χριστὸν
1270 1179 1565 1248 ἐκήρυττον
1583 1181 1836 1249 ἄρνησιν,
1867 1177 2072 1248 πικράς

486 1260 777 1330 νομοθέται
794 1259 1066 1331 τιμωρίας
1087 1258 1368 1328 ἡπείλουν,
1403 1261 1540 1332 πρὸς
1561 1261 1660 1324 τάς
1677 1261 1784 1316 τῶν
1803 1262 2070 1331 δαιμόνων

483 1345 678 1415 ἄνδρες
709 1344 898 1407 θυσίας
953 1343 1285 1414 ἡρπάζοντο,
1326 1345 1462 1416 πρὸς
1499 1345 1597 1415 τὴν
1635 1345 1743 1398 τῶν
1781 1344 1930 1416 [618]
1962 1343 2069 1414 βω-

489 1427 605 1498 μῶν
627 1427 868 1480 εῖλκοντο
887 1425 1170 1496 βδελυρίαν
1191 1431 1467 1494 γυναῖκες·
1496 1429 1756 1498 ἐσύροντο
1783 1429 1918 1499 πρὸς
1939 1427 2070 1480 ταύ-

482 1529 584 1584 την
610 1513 706 1566 καὶ
737 1511 992 1583 παρθένοι
1015 1513 1114 1584 τὴν
1143 1512 1367 1576 λύσσαν,
1393 1513 1593 1580 φυγαῖς
1621 1513 1783 1583 ἱερεῖς
1813 1513 1907 1566 καὶ
1933 1529 2070 1582 σφα-

481 1599 608 1664 γαῖς
635 1596 1002 1667 παρεδίδοντο,
1028 1597 1137 1649 τῶν
1165 1596 1324 1667 ἱερῶν
1357 1595 1652 1665 ἠλαύνοντο
1674 1599 1723 1650 οί
1759 1597 1939 1650 πιστοὶ
1971 1613 2069 1664 πε-

486 1678 732 1750 ριϐόλων.
753 1679 898 1750 Πρδς
929 1679 1264 1750 τηλικαύτην
1297 1679 1325 1731 ὁ
1365 1681 1578 1749 μάρτυς
1602 1678 1930 1744 ἐξωπλίζετο
1961 1677 2068 1748 μά-

479 1779 604 1832 χην,
635 1762 730 1816 καὶ
755 1761 1031 1826 τοσούτοις
1057 1764 1156 1834 τὴν
1181 1761 1408 1834 γνώμην
1433 1761 1700 1825 κινδύνοις
1732 1761 2066 1832 ἀνθίστησιν,

480 1846 671 1916 ὥσπερ
718 1845 841 1900 τινά
877 1845 1218 1916 σκιαμαχίαν
1264 1845 1438 1914 γελῶν
1475 1845 1575 1916 τὴν
1610 1844 1932 1915 παράταξιν,
1977 1847 2068 1900 καὶ

477 1930 730 2002 καθάπερ
763 1931 821 1982 ἐν
859 1931 1182 2002 σκάμμασιν
1221 1930 1342 1984 ἀντὶ
1371 1930 1576 1994 κόνεως
1605 1933 1672 2000 τῇ
1706 1930 1890 1984 πίστει
1941 1931 2068 1994 τοὺς

476 2015 737 2078 δικαστάς
768 2015 1164 2081 καταπάσσων,
1185 2013 1330 2068 οὓτω
1361 2013 1460 2084 τὴν
1489 2012 1584 2067 τοῦ
1615 2014 1734 2066 τότε
1759 2013 2068 2078 δικάζοντος

474 2095 794 2170 ἀνερῥίπιζε
833 2111 862 2139 ει
889 2096 1137 2168 γνώμην,
1179 2097 1378 2170 δρόμον
1425 2096 1574 2167 αὐτῷ
1619 2096 1761 2150 κατά
1799 2099 1899 2168 τῆς
1942 2099 2064 2151 Ἐκ-

476 2181 708 2253 κλησίας
765 2180 1140 2251 μελετώμενον
1194 2181 1418 2250 στήσας.
1449 2179 1540 2232 Διὸ
1575 2179 1639 2250 δὴ
1672 2179 1811 2249 πρὸς
1846 2179 2066 2234 κόλασιν

472 2265 640 2330 ὀξέως
669 2266 698 2318 6
727 2265 974 2332 γενναῖος
1013 2263 1354 2333 ἀνήρπαστο,
1391 2261 1486 2316 καὶ
1511 2261 1702 2314 πολλαὶ
1744 2262 1844 2333 μὲν
1893 2279 2064 2334 προσ-

475 2349 672 2416 ήγοντο
701 2345 982 2417 τιμωριῶν
1017 2343 1304 2398 ποικιλίαν
1341 2347 1370 2398 6
1427 2343 1636 2414 μάρτυς
1667 2344 1724 2397 δὲ
1761 2344 2064 2416 προσεῴκει

475 2429 701 2500 κιθάρα,
730 2427 812 2498 τῷ
836 2427 945 2480 τῶν
978 2427 1230 2498 βασάνων
1257 2427 1518 2497 πλήκτρῳ
1553 2427 1690 2497 πρὸς
1708 2426 1942 2496 φθόγγον
1977 2445 2063 2481 κι-

473 2511 756 2583 νούμενος·
792 2511 1109 2582 συνέτριϐον
1139 2510 1200 2563 τὸ
1233 2509 1394 2580 σῶμα
1427 2511 1453 2550 δ
1497 2509 1854 2580 περιστάντες
1887 2513 1937 2564 οἱ
1967 2509 2062 2582 δή-

477 2615 612 2670 μιοι,
643 2597 774 2662 ὁδε,
815 2597 892 2660 ὡς
920 2595 1120 2667 χαλκός
1171 2613 1275 2658 τις,
1321 2594 1420 2663 τῆς
1471 2593 1752 2658 εὐσεϐείας
1789 2595 1850 2648 τὸ
1905 2597 2062 2666 μέλος

473 2681 674 2753 ὑπήχει
701 2679 1053 2753 κρουόμενος·
1087 2678 1404 2750 κρεμῶντες
1427 2679 1519 2730 ἐπὶ
1542 2677 1698 2741 ξύλου
1724 2677 2061 2744 κατέξαινον,

472 2766 504 2816 6
531 2765 588 2819 δὲ
613 2764 690 2828 ὡς
714 2764 933 2834 δένδρον
960 2762 1107 2832 ζωῆς
1134 2761 1197 2814 τδ
1225 2761 1380 2825 ξύλον
1393 2758 1687 2830 ἠσπάζετο·
1718 2760 1793 2824 ὡς
1823 2761 2063 2832 πλευράς

471 2848 568 2900 τοῦ
595 2847 803 2902 δικαίου
829 2845 929 2910 τάς
957 2843 1191 2917 παρειὰς
1212 2843 1627 2916 διεσπάραττον,
1663 2845 1690 2898 6
1705 2843 1762 2897 δὲ
1786 2843 1860 2909 ὡς
1883 2845 2064 2898 πλείο-

473 2949 541 2984 να
571 2929 814 3001 στόματα
833 2927 1126 3000 λαμϐάνων
1176 2927 1559 2999 ἐρῤητόρευεν,
1595 2927 1690 2979 καὶ
1728 2927 1900 2997 καινῷ
1931 2945 2064 2982 κατ-

471 3015 676 3084 ῄσχυνε
707 3013 799 3067 τὸν
821 3013 1114 3068 ἀντίπαλον
1145 3011 1422 3082 πτώματι.

557 3098 645 3160 Ὠς
667 3096 778 3168 γάρ
809 3091 916 3150 εἶδε
944 3097 1035 3150 τὸν
1059 3095 1321 3166 δικαστὴν
1353 3096 1489 3167 πρὸς
1509 3095 1610 3167 τὴν
1643 3097 1754 3150 τῶν
1788 3097 2060 3166 δαιμόνων

475 3179 710 3251 σπουδὴν
735 3179 895 3233 αὐτόν
917 3179 1148 3232 ἐκκαλού
1159 3196 1336 3249 μενον,
1373 3180 1514 3232 αίτεῖ
1543 3179 1741 3250 βρέφος
1769 3179 1829 3244 ἐξ
1855 3181 2062 3253 ἀγορᾶς

472 3263 730 3334 ἀχθῆναι,
759 3263 834 3326 ὡς
868 3263 1044 3315 ἐκεῖνο
1071 3261 1178 3314 τῶν
1217 3261 1568 3332 ζητουμένων
1601 3263 1752 3335 παρά
1775 3261 1867 3316 τοῦ
1902 3264 2060 3316 δικα-

473 3344 604 3398 στοῦ
639 3344 834 3416 κριτὴν
855 3343 1234 3415 ποιησόμενος·
1259 3345 1353 3397 καὶ
1377 3345 1736 3416 προσαχθέντι
1763 3345 1839 3416 τῷ
1869 3345 2058 3417 βρέφει

469 3427 570 3498 τὴν
597 3445 660 3480 πε
673 3428 724 3499 ρὶ
775 3426 884 3480 τῶν
935 3427 1309 3498 προκειμένων
1337 3428 1611 3498 προσῆγεν
1639 3427 1924 3500 ἐρώτησιν.
1954 3429 2026 3482 Τέ
2043 3459 2059 3470 -

471 3529 619 3577 κνον,
651 3510 806 3580 φησὶ,
840 3509 1046 3564 δίκαιόν
1077 3511 1193 3563 ἐστι
1223 3509 1315 3562 τὸν
1337 3509 1470 3564 Θεὸν
1503 3512 1898 3582 προσκυνεῖν,ἢ
1933 3512 2059 3575 τοὺς

470 3595 629 3658 θεοὺς
659 3595 783 3659 τοὺς
839 3593 1163 3664 λεγομένους
1209 3593 1314 3645 ὑπὸ
1341 3593 1582 3659 τούτων;
1625 3595 1796 3664 Πολλὴ
1830 3595 1930 3664 τῆς
1963 3595 2057 3648 τοῦ

473 3679 753 3749 μάρτυρος
789 3678 1030 3747 σοφίαςὴ
1061 3677 1366 3747 περιουσία·
1399 3676 1491 3729 τοῦ
1513 3677 1770 3730 δικαστοῦ
1799 3677 2058 3748 δικαστὴν

470 3762 534 3814 τὸ
563 3761 774 3814 παιδίον
800 3759 1032 3824 καθίζει·
1068 3761 1130 3812 τὸ
1181 3759 1238 3812 δέ
1273 3759 1412 3830 ὑπὲρ
1457 3760 1554 3812 τοῦ
1585 3759 1820 3831 Χριστοῦ
1847 3762 2058 3831 ταχέως

471 3847 792 3916 ἀπεφήνατο
819 3845 1020 3914 ψῆφον,
1053 3843 1139 3896 ἵνα
1175 3843 1359 3914 δειχθῇ
1385 3845 1480 3896 καὶ
1515 3845 1705 3898 παιδία
1732 3843 2057 3898 δυσσεϐούν-

469 3947 578 3982 των
625 3927 896 3981 δικαστῶν
929 3925 1289 3996 συνετωτερα,
1341 3927 1542 3997 μᾶλλον
1584 3926 1642 3979 δέ
1686 3928 1772 3980 ἵνα
1804 3931 1945 3998 φανῇ
1981 3929 2055 4000 μὴ

473 4013 634 4083 μόνον
667 4012 878 4084 μάρτυς
931 4012 959 4064 6
997 4012 1224 4082 μάρτυς,
1271 4009 1408 4063 ἀλλά
1449 4011 1542 4063 καὶ
1583 4011 1876 4082 μαρτύρων
1909 4013 2055 4065 ἀλεί-

472 4112 633 4165 πτης.
667 4093 800 4148 Οὐδὲ
823 4093 982 4148 τοῦτο
1009 4093 1064 4146 δὲ
1087 4094 1237 4163 ὅμως
1259 4094 1358 4164 τὴν
1385 4092 1706 4164 δικαστικὴν
1732 4094 2054 4147 ὑπεσκέλισε

469 4177 694 4241 λύσσαν,
745 4176 859 4228 ἀλλ’
889 4176 1051 4239 εὐθὺς
1077 4177 1184 4247 ςέπὶ
1215 4175 1374 4242 ξύλου
1431 4176 1570 4246 μετὰ
1621 4177 1716 4230 τοῦ
1763 4175 1996 4246 βρέφους
2027 4179 2056 4230 ό

475 4261 684 4329 μάρτυς
721 4259 1018 4330 ἡρπάζετο,
1051 4260 1145 4312 καὶ
1172 4259 1272 4330 τὴν
1309 4259 1404 4312 τοῦ
1433 4259 1588 4324 ξύλου
1611 4259 1833 4312 κόλασιν
1864 4259 2054 4330 εἱρκτὴ

469 4343 764 4414 διεδέχετο,
800 4344 1062 4412 κάκείνην
1114 4343 1294 4412 ψῆφος
1352 4343 1602 4406 ποικίλας
1642 4347 1754 4406 τοῖς
1795 4343 2055 4415 ἀθληταῖς

468 4426 570 4489 τάς
591 4425 860 4496 τιμωρίας
892 4425 1210 4497 μερίζουσαο
1229 4425 1290 4479 τὸ
1318 4427 1415 4496 μὲν
1435 4426 1545 4497 γάρ
1577 4425 1774 4498 βρέφος
1819 4425 2052 4497 θανάτῳ,

467 4509 560 4562 τὸν
584 4507 640 4561 δὲ
686 4509 940 4579 μάρτυρα
966 4511 1032 4579 τῇ
1061 4509 1158 4578 τῆς
1186 4507 1433 4579 γλώττης
1462 4510 1670 4580 ἐκτομῇ
1705 4508 2053 4564 κατεδίκασε.

469 4593 566 4655 Τίς
585 4591 785 4662 τρόπον
826 4591 1059 4662 κρίσεως
1083 4589 1324 4644 τοιοῦτον
1365 4592 1602 4662 ἀκήκοε;
1633 4591 1952 4663 μαστίζουσι
1977 4591 2054 4644 δι-

468 4674 670 4728 κασταὶ
703 4673 1050 4740 καταδίκους,
1100 4672 1136 4726 ἃ
1191 4674 1470 4728 συνίσασιν
1505 4675 1738 4737 ἐαυτοῖς,
1771 4673 2054 4744 ὁμολογεῖν

468 4757 888 4827 ἀναγκάζοντες,
921 4758 1171 4830 ἐκτέμνει
1218 4759 1276 4812 δὲ
1323 4758 1420 4830 τὴν
1465 4757 1713 4826 γλῶσσαν
1741 4757 1770 4808 6
1793 4758 1893 4828 τῆς
1919 4759 2052 4810 ἀσε-

468 4843 621 4907 ϐειας
643 4843 859 4916 κριτὴς,
883 4842 922 4897 ἃ.
951 4842 1187 4896 σύνοιδεν
1227 4841 1401 4912 ἐαυτῷ
1436 4843 1592 4912 σιγᾷν
1625 4839 1964 4912 βιαζόμενος.
1987 4842 2052 4894 Ὢ

465 4925 642 4980 δεινοῦ
671 4927 1028 4997 κακοτεχνίας
1061 4927 1392 4998 εὑρήματος.
1421 4924 1748 4994 Φρονοῦσαν,
1785 4925 1940 4996 φησὶ,
1982 4925 2050 4978 τά

465 5011 559 5064 τοῦ
589 5013 634 5064 Χ
644 5011 943 5083 ριστοῦιτὴν
965 5009 1144 5082 ψυχὴν
1169 5009 1269 5063 οὐκ
1301 5008 1589 5079 ἐξέστησα,
1621 5008 1724 5063 κᾶν
1747 5006 1846 5080 τήν
1865 5008 2050 5062 λαλοῦ-

467 5113 564 5148 σαν
599 5095 742 5166 ὐπέρ
781 5093 1018 5168 Χριστοῦ
1071 5093 1312 5164 διακάψω
1361 5091 1624 5160 γλῶτταν.
1658 5091 1950 5162 Ἐκκοψον,
2001 5086 2047 5146 ὧ

463 5179 718 5252 τύραννε,
745 5178 1016 5248 γλῶσσαν,
1045 5179 1146 5232 ἵνα·
1163 5177 1340 5251 μάθῃς
1361 5177 1460 5249 τὴν
1477 5175 1635 5246 φύσιν
1655 5175 1750 5230 καὶ
1765 5175 2046 5244 ἄγλωσσον

463 5263 604 5335 ὑπὲρ
631 5262 866 5336 Χριστοῦ
898 5262 1317 5334 ρητορεύουσαν·
1341 5259 1641 5330 ἐκκόλαψον
1667 5257 1764 5330 τὴν
1793 5258 2046 5328 γλῶσσαν

461 5347 555 5400 τοῦ
583 5346 868 5418 στόματος,
895 5346 984 5402 ἵνα
1007 5344 1184 5417 μάθῃς
1210 5344 1387 5415 ἀληθῆ
1411 5343 1502 5399 τὸν
1517 5342 1588 5396 τά
1601 5341 1915 5413 χαρίσματα
1935 5339 2044 5392 τῶν

461 5429 721 5498 γλωσσῶν
755 5431 1144 5501 ὑποσχόμενον.
1169 5429 1242 5484 Τὸ
1279 5430 1378 5500 μὲν
1411 5427 1520 5499 γὰρ
1543 5427 1642 5497 τῆς
1671 5425 1926 5496 γλώσσης
1951 5423 2042 5489 ἐξ·

461 5513 944 5585 έκοψενθδργανον,
995 5516 1024 5568 ό
1061 5513 1218 5582 λόγος
1271 5513 1330 5566 δὲ
1381 5510 1606 5581 ἐξώρμα
1664 5507 2040 5578 σφοδρότερον,

523 5715 549 5744 ⁸
571 5713 703 5762 Idem
737 5715 864 5764 Rea.
891 5715 1192 5764 ἀπελάσασα.

519 5774 721 5852 ινῇδᾶνίι.
742 5783 792 5827 et
816 5771 940 5835 Reg.
965 5777 1212 5859 τδστόμά,
1228 5773 1494 5856 61959146
1515 5771 1677 5852 σίιῖξμετιἒ

1207 311 1264 367 S.
1303 311 1591 367 JOANNIS
1623 310 2114 367 CHRYSOSTOMI
2153 310 2474 368 ARCHIEP.
2514 309 3062 368 CONSTANTINOP.

3653 317 3759 370 οη

2177 430 2365 501 ὥσπερ
2397 432 2650 500 ἐμποδίου
2689 432 2834 494 τινὸς
2881 430 3300 501 ἀπηλλαγμένος
3345 433 3441 503 τῆς
3487 433 3758 505 γλώττης·

2175 519 2352 592 θέαμα
2369 521 2516 594 [619]
2545 523 2730 576 καινὸν
2755 523 2848 575 καὶ
2865 523 3186 594 παράδοξον·
3209 524 3464 594 σάρκινός
3485 525 3761 596 σαρκίνοις

2175 615 2430 686 ἀσάρκως
2463 611 2850 684 φθεγγόμενος.
2884 614 3100 684 Πρέπον
3129 614 3237 684 ἄρα
3267 614 3347 686 τῷ
3396 616 3636 686 μάρτυρι
3663 617 3760 668 τοῦ

2175 707 2453 777 προφήτου
2507 705 2568 758 τὸ
2621 704 2800 775 μέλος·
2871 704 3180 773 Ἐπλήσθη
3221 703 3414 774 χαρᾶς
3471 705 3538 759 τὸ
3567 709 3762 774 στόμα

2173 797 2362 865 ἡμῶν,
2391 797 2489 850 καὶ
2511 799 2548 864 ἡ
2567 795 2822 866 γλῶσσα
2847 796 3016 866 ἡμῶν
3035 779 3476 865 ἀγαλλιάσεως·
3497 799 3758 870 ,ἐπλήσθη

2173 891 2232 944 τὸ
2269 890 2441 960 στόμα
2469 891 2664 960 χαρᾶς,
2699 890 2884 944 καινὸν
2915 888 3062 959 θῦμα
3095 889 3171 960 τῷ
3191 891 3415 961 Χριστῷ
3455 893 3760 962 προσκομίο

2174 999 2274 1034 σαν
2303 981 2398 1052 τὴν
2415 981 2686 1048 γλῶσσαν⁶
2717 981 2874 1051 ἔσχεν
2892 983 2926 1052 ἡ
2947 981 3167 1050 γλῶσσα
3185 981 3385 1054 πολλὴν
3409 983 3755 1051 ἀγαλλίασιν,

2173 1073 2478 1144 πρόδρομος
2508 1073 2719 1144 μάρτυς
2753 1071 2979 1140 ὀφθεῖσα
3023 1071 3116 1124 τοῦ
3153 1073 3452 1144 μάρτυρος.
3479 1075 3543 1124 ’Ὠ
3579 1073 3758 1142 γλώσ-

2173 1179 2272 1232 σης
2304 1162 2440 1232 πρὸς
2465 1163 2592 1224 τοὺς
2619 1160 2730 1213 τῶν
2755 1160 3048 1232 μαρτύρων
3072 1160 3277 1232 δήμους
3295 1163 3392 1232 τὴν
3413 1162 3592 1232 ψυχὴν
3623 1180 3758 1235 προ-

2171 1251 2462 1323 λαϐούσης”
2521 1251 2566 1304 ὣ
2627 1251 2895 1322 στόματος
2955 1251 3332 1323 κρυπτόμενον
3394 1254 3760 1324 γεννήσαντος

2175 1345 2448 1416 μάρτυρα·
2485 1344 2530 1396 ὣ
2577 1341 2830 1414 γλώσσης
2881 1343 3267 1414 θυσιαστήριον
3317 1344 3668 1416 κτησαμένης
3695 1346 3759 1397 τὸ

2175 1435 2365 1508 στόμα·
2397 1433 2722 1505 ὣστόματος
2747 1436 2942 1506 ἱερεῖον
2973 1434 3317 1504 κτησαμένου
3357 1435 3456 1504 τὴν
3479 1435 3756 1502 γλῶσσαν

2171 1524 2296 1579 ναὸν
2321 1524 2458 1596 έχων
2489 1525 2786 1596 ἐλελήθεις,
2815 1519 2862 1579 ὦ
2887 1528 3124 1594 γενναῖε,
3157 1525 3219 1578 τὸ
3249 1527 3449 1597 στόμα,
3473 1527 3600 1579 ναὸν
3625 1528 3682 1578 ἐν
3713 1519 3758 1594 ᾧ

2169 1615 2268 1686 τὴν
2291 1615 2551 1687 σύναιμον
2569 1616 2820 1686 γλῶσσαν
2841 1626 2863 1656 ο
2883 1617 3182 1688 παράδοξον
3199 1617 3410 1687 ἀμνάδα
3427 1615 3754 1681 κατέθυσας.

2243 1727 2411 1799 β⁹.Τίς
2425 1728 2530 1800 ἄρα
2549 1745 2642 1781 σου
2658 1727 2755 1792 τάς
2771 1727 2972 1800 ἀρετάς
2983 1727 3147 1793 ἀξίως
3165 1729 3526 1798 στεφανώσειε
3545 1731 3751 1801 ρήτωρς

2174 1821 2406 1884 Ἔλαϐες
2443 1819 2595 1892 παρά
2645 1820 2744 1892 τῆς
2785 1819 3000 1889 φύσεως
3054 1820 3327 1890 γλῶσσαν,
3369 1823 3434 1874 σύ
3485 1821 3544 1874 δέ
3577 1821 3752 1892 αὐτὴν

2170 1911 2465 1984 ἐξέθρεψας
2491 1911 2765 1982 μάρτυρα·
2781 1910 2971 1974 ἔλαϐες
2997 1911 3171 1982 στόμα
3195 1911 3560 1983 φυλακτήριον
3578 1911 3758 1979 γλώσ-

2171 2020 2291 2074 σης,
2329 2003 2393 2055 σὺ
2428 2001 2486 2055 δέ
2517 2005 2583 2074 τῇ
2611 2000 2831 2074 γλώσσῃ
2871 1999 2930 2054 τδ
2962 2001 3135 2072 στόμα
3177 2001 3361 2072 βωμὸν
3409 2001 3752 2054 κατεσκεύα-

2171 2111 2289 2160 σαςο
2321 2095 2512 2159 ἔλαϐες
2541 2096 2619 2158 είς
2653 2095 2714 2148 τὸ
2745 2093 3077 2164 φθέγγεσθαι
3108 2094 3404 2168 πλῆκτρον,
3441 2095 3504 2148 σύ
3534 2095 3592 2146 δέ
3620 2095 3758 2147 αὐτὸ

2167 2186 2494 2257 τεμνόμενον
2529 2185 2766 2254 άσταχυν
2798 2185 3096 2249 ἀνέδειξας·
3133 2184 3326 2248 ἔλαϐες
3362 2183 3615 2252 γλῶσσαν
3655 2187 3756 2256 ρη-

2171 2280 2352 2350 μάτων
2393 2278 2659 2342 διάκονον,
2711 2277 2775 2329 σὺ
2826 2277 2883 2330 δὲ
2929 2277 3097 2348 αὐτὴν
3139 2277 3366 2347 ἄμωμον
3413 2277 3490 2347 τῷ
3531 2277 3756 2348 Χριστῷ

2167 2369 2470 2433 κατέθυσας
2501 2369 2790 2442 πρόϐατον.
2823 2368 2942 2422 Τίνι
2969 2385 3064 2421 σου
3081 2369 3180 2439 τὴν
3199 2368 3452 2436 γλῶσσαν
3465 2369 3758 2440 πρεπούσῃ

2167 2462 2513 2534 προσηγορίᾳ
2545 2463 2799 2532 τιμήσω;
2837 2460 2976 2530 ποίῳ
3021 2477 3116 2513 σου
3149 2461 3414 2531 κοσμήσω
3447 2461 3547 2531 τὴν
3571 2461 3754 2528 γλῶσ-

2169 2572 2267 2608 σαν
2311 2555 2568 2625 ὀνόματις
2607 2554 2894 2625 Προσῆγον
2917 2554 3091 2626 ταύτῃ
3139 2551 3231 2606 τὸν
3281 2553 3499 2624 σίδηρον
3541 2553 3755 2624 δήμιοι,

2166 2648 2199 2718 ὴ
2226 2647 2282 2700 δέ
2315 2646 2456 2700 κατά
2477 2648 2566 2700 τὸν
2583 2645 2868 2717 δεδεμένον
2907 2646 3095 2699 Ἰσαὰκ
3123 2646 3223 2699 οὐκ
3253 2645 3498 2715 ἐσκίρτα,
3519 2646 3636 2698 ἀλλ’
3675 2646 3754 2708 ὡς

2165 2735 2223 2786 ἐν
2251 2732 2417 2804 βωμῷ
2449 2735 2672 2806 κειμένη
2702 2733 2780 2804 τῷ
2827 2735 3056 2806 στόματι
3083 2734 3180 2806 τὴν
3213 2734 3424 2806 πληγὴν
3454 2735 3549 2787 σὺν
3583 2736 3754 2807 ἡδονῇ

2166 2825 2542 2895 προσεδέχετο,
2591 2825 2917 2879 διδάσκουσα
2957 2825 3064 2879 τῶν
3099 2825 3402 2898 ἀνθρώπων
3438 2827 3539 2890 τάς
3569 2827 3752 2895 γλώσ-

2167 2933 2284 2982 σας,
2317 2917 2394 2979 ὡς
2421 2918 2480 2970 οὐ
2522 2917 2855 2987 φθέγγεσθαι
2895 2917 3052 2988 μόνον
3091 2916 3179 2971 διά
3201 2916 3457 2989 Χριστὸν,
3485 2917 3619 2970 ἀλλά
3659 2919 3756 2970 καὶ

2167 3009 2495 3078 σφάττεσθαι
2518 3009 2615 3062 δεῖ.
2641 3010 2752 3079 Τῆς
2774 3009 2868 3062 τοῦ
2899 3009 3237 3082 πατριάρχου
3257 3009 3446 3073 θυσίας
3469 3011 3749 3081 ⁴ἥρπασας,

2163 3103 2399 3170 γενναῖε,
2431 3100 2490 3153 τὸ
2523 3100 2824 3172 φιλότιμον,
2865 3101 3153 3172 μονογενὲς
3185 3101 3472 3173 βλάστημα
3501 3101 3753 3172 γλώττης

2164 3194 2285 3247 ἀντὶ
2311 3193 2504 3246 τέκνου
2537 3193 2858 3264 μονογενοῦς
2889 3195 3286 3266 προσκομίσας.
3308 3195 3503 3257 Καλῶς
3532 3195 3640 3265 ἄρα
3667 3211 3752 3248 σοι

2161 3283 2420 3354 δευτέραν
2446 3286 2474 3336 ὁ
2503 3283 2736 3354 Χριστὸς
2775 3283 3136 3352 ἀντεφύτευσε
3161 3283 3411 3352 γλῶσσαν
3435 3299 3450 3312 ·
3485 3278 3610 3355 εὗρε
3635 3285 3746 3356 γάρ

2161 3373 2366 3442 ἀγαθόν
2413 3391 2471 3426 σε
2531 3375 2629 3444 τῆς
2685 3375 2956 3447 προτέρας
3003 3375 3279 3446 γεωργόνο
3311 3376 3488 3440 καλῶς
3521 3394 3603 3428 σοι
3649 3378 3750 3447 τὴν

2161 3467 2401 3538 άσαρκον
2459 3467 2752 3538 ἐχαρίσατο
2807 3467 3109 3535 γλῶσσαν”·
3157 3467 3433 3540 ἀγγελικῷ
3481 3471 3590 3540 γάρ
3647 3473 3750 3524 οὐκ

2159 3557 2366 3628 ἔπρεπε
2389 3559 2699 3630 φρονήματι
2727 3558 2983 3630 σάρκινος
3000 3574 3013 3588 ·
3039 3557 3221 3621 καλῶς
3242 3575 3325 3612 σοι
3345 3559 3442 3630 τὴν
3459 3561 3559 3629 τῆς
3579 3559 3754 3627 γλώσ-

2162 3667 2260 3720 σης
2285 3651 2630 3721 ἀντιμισθίαν
2654 3651 2952 3704 ἀπέδωκεν.
2980 3649 3262 3722 Ἕχρησάς
3291 3668 3381 3703 σου
3403 3651 3480 3720 τῷ
3500 3653 3750 3724 Δεσπότῃ

2161 3743 2295 3814 πρὸς
2329 3743 2520 3796 θυσίαν
2551 3744 2649 3814 τὴν
2678 3744 2952 3812 γλῶσσαν,
2980 3745 3008 3796 ὁ
3036 3745 3093 3796 δέ
3123 3743 3260 3814 αὐτῇ
3292 3744 3426 3816 πρὸς
3456 3746 3746 3816 ῥητορείαν

2161 3834 2344 3904 φωνὴν
2373 3833 2714 3886 άντεδάνεισε
2735 3851 2747 3864 ο
2777 3834 2870 3888 καὶ
2901 3835 3092 3904 γέγονε
3122 3836 3221 3906 τῆς
3249 3834 3499 3906 γλώσσης
3527 3839 3622 3889 καὶ
3649 3837 3745 3890 τοῦ

2159 3925 2396 3995 Χριστοῦ
2433 3925 2567 3996 πρὸς
2601 3925 2862 3996 ἀλλήλους
2897 3925 3270 3996 συνάλλαγμα,
3306 3927 3405 3998 τῆς
3437 3929 3534 3998 μὲν
3569 3929 3748 3996 γλώσ-

2161 4033 2260 4088 σης
2291 4019 2429 4088 ὑπὲρ
2458 4018 2696 4088 Χριστοῦ
2726 4019 3085 4090 τεμνομένης,
3115 4019 3208 4072 τοῦ
3239 4020 3475 4076 Χριστοῦ
3507 4022 3564 4076 δέ
3603 4023 3744 4096 ὑπὲρ

2157 4111 2258 4179 τῆς
2288 4109 2538 4179 γλώσσης
2581 4109 2871 4172 λαλοῦντος
2884 4151 2900 4170 ,

2227 4223 2337 4278 Ποῦ
2371 4223 2465 4278 νῦν
2497 4227 2629 4294 ἡμῖν
2651 4223 3004 4287 Μακεδόνιος,
3037 4225 3065 4277 6
3089 4221 3168 4294 τῷ
3195 4223 3448 4276 δεδωκότι
3487 4224 3548 4276 τὸ
3583 4225 3744 4296 χάρι-

2159 4333 2270 4386 σμα
2302 4315 2412 4370 τῶν
2443 4315 2702 4386 γλωσσῶν
2743 4315 3088 4386 Παρακλήτῳ
3147 4315 3484 4386 μαχόμενος;
3520 4317 3641 4369 Ὅτι
3685 4317 3742 4370 δὲ

2155 4407 2217 4459 οὐ
2260 4405 2526 4476 ψεύδομαι
2571 4408 2638 4476 τῇ
2676 4404 2770 4458 τοῦ
2815 4405 3174 4476 Παρακλήτου
3228 4407 3440 4477 θεότητι
3483 4407 3578 4470 τάς
3633 4409 3742 4462 τῶν

2157 4497 2510 4569 χαρισμάτων
2540 4497 2750 4568 δωρεάς
2785 4497 3126 4567 περιάπτων,
3166 4498 3374 4569 μάρτυς
3405 4499 3534 4568 ἡμῖν
3573 4502 3600 4551 ὁ
3636 4518 3744 4568 μα-

2157 4585 2345 4657 κάριος
2391 4585 2602 4648 Παῦλος
2629 4588 2658 4638 6
2693 4585 2789 4638 νῦν
2821 4585 2956 4656 πρὸς
3001 4587 3100 4656 τὴν
3145 4588 3416 4658 ὑμετέραν
3451 4587 3742 4660 φιληκοΐαν

2156 4675 2294 4747 βοῶν
2316 4693 2327 4705 ·
2356 4675 2561 4730 Πάντα
2589 4676 2777 4730 ταῦτα
2799 4676 3026 4746 ἐνεργεῖ
3057 4671 3126 4730 Ei;
3157 4679 3254 4731 καὶ
3297 4678 3359 4730 τὸ
3382 4679 3526 4733 αὐτὸ
3555 4681 3742 4734 Πνεῦ-

2147 4787 2254 4838 μα,
2302 4768 2570 4837 διαιροῦν
2597 4769 2718 4836 ἰδίᾳ
2759 4767 3014 4832 ἑκάστῳ,
3051 4767 3246 4834 καθὼς
3271 4770 3580 4833 βούλεται.
3621 4775 3738 4826 Κα-

2153 4857 2261 4920 θὼς
2287 4857 2556 4926 βούλεταί,
2581 4857 2766 4928 φησὶν,
2791 4859 2850 4910 οὺ
2877 4857 3060 4920 καθὼς
3083 4860 3450 4913 ὲπιτάττεται.
3487 4861 3626 4913 ’Λλλ’
3651 4863 3740 4916 ἵνα

2155 4949 2228 5020 μή
2265 4967 2414 5012 τινας
2448 4949 2585 5019 πρὸς
2612 4948 2823 5012 τούτοις
2851 4947 3132 5011 ἐπιθέντες
3165 4949 3480 5020 προσθήκας
3502 4951 3580 5021 τῷ
3603 4952 3740 5021 πλή-

2151 5041 2232 5094 θει
2284 5041 2384 5111 τὴν
2421 5039 2696 5111 ὑμετέραν
2754 5037 3165 5110 καταχώσωμεν
3219 5041 3473 5112 μνήμην,
3529 5043 3738 5113 ταύτην

2147 5127 2313 5185 οὖσαν
2373 5130 2602 5202 ἰσχυρὰν
2647 5131 2747 5202 τὴν
2797 5133 2981 5202 φωνὴν
3031 5132 3172 5202 ὑπὲρ
3223 5131 3318 5185 τοῦ
3371 5133 3739 5206 Παρακλήτου

2152 5222 2490 5292 μεμνημένοι
2528 5221 2702 5287 οὕτως
2741 5222 2990 5276 ἐντεῦθεν
3033 5223 3359 5294 ἐξέλθωμεν,
3393 5225 3604 5294 μεγάλα
3641 5224 3744 5292 μὲν

2147 5313 2264 5367 κατ’
2313 5314 2536 5368 ἐκείνων
2573 5315 2926 5390 φρονοῦντες,
2977 5317 3445 5384 συγγινώσκοντες
3493 5317 3551 5370 δέ
3599 5315 3744 5376 τέως

2204 5713 2227 5742 ⁸
2255 5710 2428 5760 Morel.
2453 5716 2506 5760 cl
2527 5711 2676 5760 Savil.
2706 5712 2755 5759 in
2777 5723 2933 5773 marg.
2957 5711 3042 5766 τήν
3063 5707 3290 5771 σύναιμον
3311 5711 3554 5770 γλῶσσαν.
3573 5709 3713 5760 Savil
3727 5746 3740 5758 .

2145 5771 2366 5844 iu}t_:uxtu_
2383 5775 2466 5830 τήν
2499 5775 2586 5832 σήν
2609 5774 2720 5836 ἡμῖν
2741 5771 2983 5844 γλῶσσαν.
2999 5773 3118 5834 Reg.
3145 5774 3228 5830 τήν
3251 5773 3335 5821 σὺν
3354 5773 3468 5835 ἡμῖν
3485 5775 3532 5836 γ)
3543 5776 3738 5824 ὧσσαν.
