4080 6196
288 289 396 353 613

284 413 428 465 enim
468 407 656 479 ingens
688 406 932 478 qumdam
965 406 1161 462 mundo
1205 406 1492 476 impietatis
1532 407 1770 480 tyrannis
1798 408 1878 460 in-

289 501 546 569 sultabat,
573 498 642 554 ab
673 498 782 553 imo
802 509 1126 553 commotum
1160 513 1306 553 mare
1334 499 1436 552 vita
1461 498 1733 553 hominum
1759 497 1881 551 imi-

287 592 524 657 tabatur,
575 590 859 645 decumani
906 590 1081 660 pelagi
1127 589 1321 644 fluctus
1371 591 1421 644 in
1464 598 1661 645 terram
1701 591 1885 644 volve-

289 681 502 749 bantur,
533 681 930 753 vehemensque
976 683 1264 753 impietatis
1291 683 1520 753 procella
1563 683 1736 736 navim
1770 683 1883 751 pie-

287 774 414 829 tatis
464 774 726 829 obruebat
753 790 774 828 ε’
798 774 948 828 multi
993 774 1210 845 quidem
1265 774 1458 845 ubique
1499 773 1884 844 gubernatores

286 867 672 931 moriebantur,
701 883 807 922 non
843 868 1069 939 exiguus
1105 877 1284 922 autem
1311 877 1593 922 nautarum
1627 883 1883 922 numerus

286 958 750 1028 submergebatur,
781 962 960 1015 omnia
1002 959 1134 1014 diris
1175 960 1470 1016 terroribus
1507 973 1570 1014 ac
1597 959 1884 1030 naufragiis

292 1049 681 1105 redundabant.
716 1050 886 1121 Reges
916 1052 1149 1121 procella
1176 1050 1545 1106 vehementius
1587 1051 1880 1122 spirabant,

286 1140 556 1196 terribiles
585 1140 779 1199 fluctus
808 1143 1165 1198 immittebant
1191 1143 1419 1213 tyranni,
1449 1143 1731 1199 tribunalia
1767 1161 1882 1197 ma-

283 1234 604 1301 gistratuum
653 1233 1162 1298 commovebantur,
1230 1234 1428 1290 Christi
1475 1237 1882 1306 ahnegatiouem

279 1323 490 1392 judices
532 1324 980 1395 promulgabant;
1023 1327 1214 1381 acerba
1255 1328 1514 1397 supplicia
1553 1329 1884 1397 legislatores

285 1416 646 1481 minabantur,
677 1416 754 1471 ad'
775 1417 1074 1472 daemonum
1100 1420 1358 1473 sacriﬁcia
1386 1420 1876 1490 virirapiebantur,

286 1505 352 1559 ad
377 1506 622 1562 altarium
651 1509 1104 1564 abominationem
1135 1511 1386 1566 mulieres
1410 1512 1786 1578 trahebantur;
1817 1513 1881 1566 ad

288 1596 423 1654 hanc
449 1616 662 1671 quoque
694 1602 956 1656 insaniam
986 1603 1218 1674 virgines
1257 1603 1735 1674 compellebantnr,
1778 1619 1876 1659 ex-

285 1691 416 1746 siliis
453 1693 764 1749 sacerdotes
807 1709 871 1750 ac
915 1695 1150 1751 cmdihns
1194 1695 1594 1763 addicebantur,
1640 1712 1671 1752 e
1715 1699 1881 1752 sacris

283 1787 451 1856 septis
478 1784 665 1842 fideles
704 1788 1071 1856 ejiciebantur.
1117 1789 1343 1844 Tantam
1374 1789 1441 1844 ad
1471 1805 1701 1860 pugnam
1735 1807 1878 1846 mar-

287 1889 368 1947 tyr
396 1881 727 1947 armabatur,
763 1880 1027 1951 tantisque
1067 1880 1322 1951 periculis
1360 1882 1595 1935 animum
1641 1896 1880 1951 oppone-

286 1969 405 2035 bat;
451 1969 765 2025 conflictum
812 1971 962 2026 illum
1005 1980 1278 2041 tamquam
1315 1981 1582 2028 certamen
1613 1972 1879 2042 quoddam

289 2061 575 2118 umbratile
623 2062 922 2129 deridebat,
970 2073 1026 2119 et
1055 2064 1278 2134 perinde
1322 2066 1472 2135 quasi
1504 2067 1555 2120 in
1591 2076 1880 2121 scammate

285 2153 525 2223 pulveris
571 2153 690 2208 loco
725 2155 995 2225 principes
1034 2154 1140 2209 ﬁde
1177 2155 1436 2218 calcaret,
1481 2155 1560 2209 sic
1607 2155 1722 2224 ejus
1765 2157 1880 2209 ani-

285 2261 450 2309 mum,
477 2247 568 2316 qui
599 2256 710 2300 tum
729 2247 988 2316 judicium
1035 2248 1340 2314 exercebat,
1371 2249 1674 2318 exagitavit,
1718 2258 1880 2319 atque

283 2336 541 2391 adversus
569 2337 862 2391 Ecclesiam
907 2338 1267 2392 incursionem
1298 2337 1470 2393 facere
1492 2348 1768 2407 parantem
1794 2355 1882 2393 rc-

289 2430 538 2485 frenavit.
567 2429 926 2497 Quamobrem
960 2428 1025 2485 ad
1056 2429 1374 2500 supplicium
1405 2430 1582 2484 subito
1608 2431 1690 2484 vir
1713 2445 1878 2500 gene-

284 2534 439 2576 rosus
467 2520 722 2591 abreptus
747 2531 849 2588 est,
883 2521 1134 2592 variaque
1160 2536 1438 2592 pinnarum
1467 2535 1665 2591 genera
1694 2522 1882 2576 admo-

284 2613 585 2678 vebantur;
618 2621 820 2684 martyr
847 2621 1029 2669 autem
1050 2610 1268 2668 citharte
1295 2613 1485 2669 similis
1501 2623 1634 2681 erat,
1658 2613 1784 2669 dum
1812 2614 1878 2668 ad

283 2719 474 2758 sonum
503 2703 770 2758 edendum
796 2705 1126 2760 crnciatunm
1153 2705 1356 2774 plectro
1385 2715 1733 2778 moveretur:
1757 2721 1882 2760 cor-

286 2795 413 2862 pus‘
457 2793 867 2848 circumstantes
919 2794 1199 2850 carniﬁces
1243 2794 1412 2866 plagis
1440 2795 1874 2864 contundebaut,

284 2887 398 2956 ipse
426 2901 556 2941 vero
583 2895 851 2957 tamquam
892 2903 1092 2942 aereum
1125 2888 1390 2957 quoddam
1421 2897 1732 2960 tympanum
1764 2889 1881 2958 pie-

284 2980 407 3032 tatis
450 2993 672 3032 carmen
724 2979 965 3048 pulsatus
1012 2979 1322 3035 succinebat
1353 2998 1365 3034 :
1395 2980 1787 3050 suspendentes
1826 2983 1882 3036 in

285 3071 518 3140 equuleo
547 3071 870 3138 lacerabant,
906 3071 995 3126 ille
1029 3087 1157 3126 vero
1184 3083 1451 3143 tamquam
1479 3073 1602 3128 vitae
1631 3075 1887 3131 arborem

285 3164 572 3234 cquuleum
630 3163 1030 3234 amplexabatur
1077 3183 1090 3218 :
1136 3165 1271 3219 sicut
1327 3167 1490 3221 latera
1535 3167 1677 3235 justi'
1715 3183 1879 3237 genas

285 3258 635 3327 dilaniabant,
668 3259 757 3314 ille
785 3274 931 3327 vero,
955 3260 1104 3330 quasi
1126 3259 1278 3330 plura
1307 3269 1415 3314 tum
1448 3276 1540 3314 ora
1566 3263 1875 3332 recepisset,

284 3352 583 3406 orationem
635 3351 883 3419 habebat,
917 3366 1160 3422 novoque
1199 3351 1348 3422 lapsu
1380 3351 1639 3420 pudorem
1683 3352 1876 3408 adver-

284 3445 427 3498 sario
457 3443 784 3512 imponebat.

359 3533 598 3586 Mirabile
624 3549 918 3605 responsum
943 3533 1152 3603 infantis
1173 3549 1203 3608 a_
1230 3531 1458 3604 Martyre
1486 3535 1884 3604 interrogati.—

284 3623 416 3679 Cum
444 3625 587 3679 enim
619 3639 678 3679 se
706 3640 734 3678 a
756 3623 934 3694 judice
958 3625 1022 3678 ad
1050 3624 1353 3678 daemonum
1377 3624 1576 3678 cultum
1605 3628 1880 3694 provocari

289 3717 528 3782 videret,
561 3715 816 3770 infantem
859 3731 888 3769 e
936 3714 1052 3769 foro
1081 3715 1202 3769 duci
1238 3717 1504 3785 postulat,
1538 3726 1595 3770 ut
1625 3733 1744 3772 eum
1768 3761 1782 3784 ,
1815 3719 1882 3774 de

289 3810 480 3879 quibus
509 3809 668 3863 rebus
694 3823 722 3862 a
746 3807 926 3877 judice
958 3809 1402 3877 interrogabatur,
1428 3809 1659 3878 judicem
1693 3810 1878 3878 faciat;

289 3909 342 3954 ct
365 3899 603 3954 adducto
626 3898 811 3952 infanti
842 3897 912 3953 de
952 3899 1045 3962 iis,
1078 3915 1196 3969 qua:
1237 3899 1594 3968 agitabantur,
1628 3903 1881 3969 quaestio-

290 4009 411 4048 nem
444 3993 720 4063 proponit.
768 3991 904 4058 Fili,
950 3993 1154 4062 inquit,
1198 3992 1470 4062 justumnc
1500 4001 1614 4059 est,
1662 4003 1718 4048 ut
1746 3994 1882 4049 Dens

291 4085 581 4147 adoretur;
605 4099 671 4136 an
698 4091 753 4137 ut
782 4083 841 4148 ii,
865 4083 952 4152 qui
975 4084 1041 4137 ab
1071 4084 1183 4137 istis
1205 4083 1276 4136 dii
1302 4083 1672 4153 appellantur?
1697 4084 1881 4155 Magna

295 4176 451 4244 plane
479 4173 759 4244 sapientia:
784 4177 1034 4245 martyris
1072 4175 1387 4229 excellentia
1409 4175 1630 4244 :judicis
1648 4175 1881 4246 judicem

294 4266 547 4321 infantem
578 4267 854 4322 constituit
883 4284 895 4319 :
928 4277 981 4321 at
1006 4267 1094 4322 ille
1123 4268 1379 4321 continuo
1405 4268 1697 4322 secundum
1723 4268 1882 4323 Chri-

293 4370 432 4412 stum
462 4359 614 4412 litem
644 4358 809 4426 dedit,
840 4369 896 4413 ut
922 4359 1082 4430 impie
1104 4374 1163 4413 se
1185 4359 1492 4429 gerentibus
1509 4359 1775 4429 judicibus
1797 4361 1882 4416 vel

293 4451 519 4506 infantes
551 4452 903 4520 sapientiores
931 4452 1346 4507 ostenderentur
1368 4453 1513 4518 ;'imo
1542 4468 1671 4507 vero
1697 4461 1751 4507 ut
1776 4469 1880 4509 non

294 4542 453 4596 modo
481 4551 684 4613 martyr
711 4551 991 4612 appareret
1017 4553 1236 4614 martyr,
1270 4543 1362 4596 sed
1395 4543 1554 4598 etiam
1586 4555 1880 4616 martyrum

293 4635 528 4688 monitor
571 4650 633 4689 ac
676 4636 946 4706 magister.
991 4633 1371 4690 Verumtamen
1413 4651 1481 4691 ne
1521 4635 1624 4690 hoc
1665 4637 1882 4705 quidem

290 4727 489 4795 jndicis
533 4728 740 4783 rabiem
781 4728 1149 4791 labefactavit;
1183 4729 1275 4782 sed
1308 4729 1356 4782 in
1388 4729 1670 4798 equnienm
1702 4731 1884 4784 statim

294 4835 414 4871 cum
445 4817 650 4872 infante
678 4827 882 4890 martyr
912 4817 1292 4887 abripiebatnr,
1331 4820 1648 4889 equuleique
1687 4821 1884 4889 suppli-

294 4911 378 4965 cio
405 4926 594 4966 carcer
638 4912 988 4979 succedebat,
1031 4920 1086 4966 et
1128 4912 1198 4965 illi
1247 4913 1534 4978 sententia,
1565 4929 1690 4982 quze'
1711 4915 1884 4970 varias

291 5002 510 5055 athletis
538 5016 722 5071 pcenas
745 5002 1014 5058 dividebat
1039 5021 1051 5056 :
1078 5018 1198 5056 nam
1227 5002 1478 5058 infantem
1504 5003 1715 5072 quidem
1741 5020 1886 5058 mor-

295 5107 363 5154 te,
393 5103 687 5166 martyrem
717 5103 892 5149 autem
926 5095 1116 5164 lingua:
1143 5096 1410 5150 excisione
1437 5095 1729 5150 damnavit.
1755 5097 1884 5164 Quis

297 5185 452 5239 talem
481 5185 665 5256 judicii
696 5188 908 5242 modum
937 5188 1171 5242 audivit?
1201 5204 1317 5242 reos
1340 5188 1546 5258 judices
1578 5190 1752 5259 flagris
1781 5205 1886 5244 cac-

295 5275 448 5341 dunt,
478 5286 535 5329 ut
564 5291 649 5339 ea,
679 5292 902 5346 quorum
936 5278 1036 5331 sibi
1065 5289 1186 5333 sunt
1215 5280 1448 5344 conscii,
1480 5279 1630 5333 fateri
1656 5292 1880 5350 cogant:

294 5375 347 5417 at
377 5365 665 5436 impietatis
705 5367 867 5434 judex
912 5369 1143 5439 linguam
1184 5370 1412 5435 excidit,
1445 5381 1501 5424 ιιι
1531 5387 1591 5426 ea
1613 5413 1627 5435 ,
1657 5387 1882 5442 quorum

295 5457 392 5508 sibi
425 5458 673 5513 conscius
702 5469 813 5525 est,
845 5469 1023 5515 tacere
1053 5463 1360 5530 compellat.
1388 5460 1431 5516 Ο
1460 5463 1690 5517 immane
1729 5463 1882 5517 mali-

292 5564 412 5618 gnrr:
439 5550 568 5603 artis
597 5551 902 5607 inventum!
941 5552 1207 5617 Animam,
1242 5553 1429 5622 inquit,
1459 5569 1518 5607 ea
1545 5568 1662 5624 qua:
1684 5552 1882 5609 Christi

294 5649 419 5697 sunt
456 5641 749 5706 sapientem
795 5643 860 5697 de
900 5652 1038 5699 statu
1085 5660 1188 5699 non
1235 5644 1442 5715 dejcci;
1484 5655 1535 5701 at
1581 5645 1882 5717 loquentem

359 5753 378 5784 ³
409 5753 549 5802 savii.
579 5762 782 5819 cthcg,
806 5768 872 5806 os.

1429 291 1493 348 ΙΝ
1531 290 1591 350 S.
1635 285 1982 347 ROMANUM‘
2039 285 2446 344 ΜᾹΠΤΥΙΣΕΜ.
2481 289 2545 345 ll'.

3487 287 3591 342 ιῑιι

1997 405 2183 459 saltem
2207 421 2302 475 pro
2323 405 2537 461 Christo
2561 405 2792 475 linguam
2823 405 3084 462 excidam.
3110 407 3306 467 Excide
3329 409 3578 479 linguam,

1993 509 2026 548 o
2060 505 2284 566 tyranne
2309 537 2324 563 ,
2355 505 2410 551 ut
2438 504 2680 549 naturam
2711 497 2872 551 etiam
2920 498 3184 567 elinguem
3235 515 3330 570 pro
3373 500 3586 555 Christo

1993 585 2332 656 eloquentem
2366 603 2484 644 esse
2512 603 2804 658 cognoscas
2830 607 2842 641 :
2873 590 3051 645 evelle
3095 591 3328 662 linguam
3358 608 3424 648 ex
3455 607 3580 656 ore,

1991 685 2046 728 ut
2071 690 2192 730 eum
2215 719 2230 744 ,
2262 679 2353 748 qui
2381 680 2520 734 dona
2551 688 2854 752 tmguarum
2879 690 2960 735 est
3001 681 3266 750 pollicitus
3292 725 3306 750 ,
3343 698 3585 740 veracetn

1989 779 2112 822 esse
2134 782 2445 838 cognoscas.
2472 771 2680 826 Etenim
2703 769 2905 840 linguae
2923 771 3136 842 quidem
3170 774 3582 830 instrumentum

1992 856 2229 924 excidit,
2281 868 2336 913 at
2391 875 2570 916 sermo
2617 860 2991 919 vehementius
3043 866 3358 935 erumpebat
3413 866 3589 937 lingua

1993 955 2260 1016 tamquam
2308 951 2689 1020 impedimento
2741 953 2973 1022 quodam
3022 953 3278 1010 liberatus
3329 975 3342 1012 :
3383 951 3586 1012 'novuni

1989 1052 2118 1092 sane
2147 1042 2510 1109 spectaculum
2541 1060 2602 1098 ac
2627 1047 2966 1115 stupendum,
3000 1046 3161 1102 homo
3181 1063 3247 1101 ex
3273 1063 3433 1104 carne
3451 1064 3586 1104 con-

1989 1139 2136 1184 stans
2166 1148 2230 1186 εχ
2261 1147 2422 1189 carne
2453 1139 2823 1192 constantibus
2851 1141 2966 1194 sine
2987 1155 3147 1197 carne
3168 1141 3330 1198 verba
3355 1142 3574 1200 faciens.

1988 1221 2248 1277 Convenit-
2275 1225 2453 1294 itaque
2484 1228 2704 1298 martyri
2732 1230 3008 1298 propheta:
3037 1247 3275 1301 carmen,
3308 1231 3576 1304 Repletum

1987 1323 2057 1368 est
2101 1317 2287 1385 gaudio
2334 1335 2391 1372 os
2435 1329 2696 1384 nostrum,
2739 1333 2784 1376 et
2823 1323 2999 1394 lingua
3039 1336 3212 1379 nostra
3253 1327 3586 1385 exsultatione

1991 1406 2160 1478 (Psal.
2192 1409 2315 1465 125.
2345 1411 2400 1483 2)
2433 1413 2746 1481 :repletum
2773 1426 2853 1469 est
2879 1417 3072 1486 gaudio
3099 1432 3179 1483 os,
3203 1419 3345 1489 quod
3366 1419 3582 1477 Christo

1987 1501 2218 1571 linguam
2262 1519 2453 1558 novam
2491 1506 2763 1561 victimam
2795 1509 3055 1564 oilerebat
3081 1528 3093 1565 :
3125 1517 3320 1582 magna
3349 1522 3462 1568 tttm
3491 1529 3581 1569 ex-

1986 1593 2273 1650 sultatione
2302 1607 2548 1667 correpta
2575 1610 2692 1654 erat
2723 1601 2922 1671 lingua,
2956 1617 3076 1672 qua:
3114 1606 3305 1673 prmvia
3335 1608 3582 1679 martyris

1988 1696 2190 1757 martyr
2211 1698 2293 1742 est
2322 1690 2451 1744 visa.
2481 1690 2525 1745 Ο
2546 1690 2800 1762 linguam,
2831 1709 2949 1764 qua:
2972 1695 3038 1749 ad
3066 1705 3360 1769 martyrum
3384 1707 3584 1755 turmas

1985 1777 2215 1832 animam
2261 1780 2432 1849 ipsam
2464 1785 2752 1852 praevenit!
2787 1799 2820 1840 o
2848 1801 2930 1853 os,
2961 1786 3101 1857 quod
3129 1791 3395 1845 occultum
3440 1771 3585 1847 mare

1988 1875 2156 1937 tyrem
2185 1871 2399 1938 genuit!
2433 1886 2466 1926 ο
2489 1872 2747 1943 linguam,
2775 1876 2860 1930 cui
2887 1893 2986 1946 pro
3012 1878 3166 1933 altari
3189 1893 3249 1934 os
3279 1879 3411 1936 fuit!
3442 1897 3474 1937 ο
3497 1899 3578 1951 os,

1988 1957 2072 2011 cui
2100 1974 2194 2028 pro
2217 1961 2429 2016 victima
2459 1953 2636 2035 lingua
2663 1965 2789 2021 fuit!
2818 1968 3202 2036 nesciebamus,
3233 1987 3266 2028 ο
3289 1989 3577 2044 generose,

1986 2052 2242 2121 templum
2267 2052 2464 2111 habere
2488 2065 2537 2112 te
2557 2073 2618 2113 os
2649 2068 2828 2126 tuum;
2859 2064 3134 2133 templum,
3156 2066 3335 2136 inquo
3355 2083 3582 2124 consan-

1982 2143 2231 2212 guineam
2264 2145 2494 2216 linguam
2519 2150 2816 2206 mirabilem
2847 2168 3036 2222 agnam
3071 2161 3334 2213 mactasti.

2053 2234 2108 2288 2.
2161 2236 2292 2304 Quis
2337 2238 2500 2308 igitur
2543 2242 2767 2298 virtutes
2817 2255 2933 2300 tuas
2979 2256 3161 2303 orator
3201 2265 3296 2319 pro
3325 2251 3580 2323 dignitate

1984 2322 2230 2380 laudibus
2261 2333 2934 2404 prosequatur?~Linguam
2962 2339 3213 2409 accepisti
3239 2357 3268 2396 a
3295 2322 3503 2408 natura,
3526 2355 3581 2400 at

1986 2421 2040 2466 ιιι
2073 2428 2191 2468 eam
2218 2428 2509 2488 martyrem
2539 2420 2777 2476 educasti
2805 2441 2816 2478 :
2844 2427 3093 2496 accepisti
3135 2443 3195 2484 os
3215 2471 3228 2493 ,
3276 2432 3580 2490 munimen-

1987 2514 2095 2558 tum
2131 2505 2322 2577 linguze
2343 2550 2358 2575 ,
2395 2518 2447 2564 tu
2477 2520 2654 2566 autem
2686 2529 2748 2568 os
2779 2516 2968 2586 linguae
2999 2520 3167 2576 altare
3193 2521 3413 2578 effecisti
3445 2543 3457 2578 :
3491 2541 3580 2582 ac-

1983 2600 2169 2668 cepisti
2219 2602 2479 2670 plectrum
2527 2605 2593 2658 ad
2642 2607 2998 2678 loquendum,
3053 2615 3396 2671 at'excisum
3452 2618 3582 2675 illud

1984 2693 2184 2760 spicam
2232 2695 2453 2750 effecisti
2487 2714 2501 2750 :
2529 2698 2763 2768 linguam
2794 2703 3074 2759 verborum
3104 2705 3584 2766 adtninistram-ac-

1981 2783 2205 2852 cepisti,
2251 2794 2306 2838 at
2350 2794 2403 2840 tu
2448 2787 2592 2842 illam
2623 2789 2836 2846 Christo
2879 2795 3136 2862 pecudem
3186 2798 3576 2858 immaculatam

1984 2872 2288 2929 immolasti.
2337 2876 2453 2943 Qua
2505 2879 2720 2934 tandem
2768 2882 2999 2953 linguam
3045 2896 3186 2942 tuam
3239 2893 3579 2949 convenienti

1983 2965 2338 3034 appellatione
2381 2966 2689 3025 decorabo?
2738 2987 2845 3043 quo
2891 2977 3106 3032 nomine
3151 2979 3381 3050 linguam
3433 2992 3577 3041 tuam

1984 3061 2294 3115 exornabo?
2324 3063 2699 3121 Admovebaut
2734 3069 2782 3122 ei
2812 3069 3010 3126 ferrum
3041 3076 3321 3132 carnifices
3343 3121 3357 3146 ,
3395 3091 3450 3135 at
3492 3083 3576 3138 illa

1984 3153 2144 3209 vincti
2172 3155 2320 3212 lsaac
2348 3157 2400 3210 in
2433 3174 2638 3214 morem
2668 3175 2778 3216 non
2802 3165 3092 3233 resiliebat,
3125 3170 3217 3223 sed
3245 3173 3293 3224 in
3321 3186 3414 3227 ore
3439 3182 3578 3229 tam-

1986 3261 2141 3316 quam
2175 3249 2237 3301 in
2256 3249 2410 3304 altari
2451 3251 2639 3320 jacens
2675 3269 2796 3310 cum
2842 3256 3112 3328 voluptate
3153 3262 3345 3318 vulnus
3385 3281 3577 3337 eXSpe-

1985 3339 2194 3406 ctabat,
2243 3356 2307 3396 ac
2358 3342 2564 3414 linguas
2604 3345 2877 3402 hominum
2925 3365 3029 3406 non
3061 3368 3156 3422 pro
3186 3354 3399 3412 Christo
3437 3361 3579 3430 loqui

1989 3439 2192 3486 tantum
2220 3444 2489 3502 oportere,
2515 3435 2608 3492 sed
2631 3437 2763 3492 cmdi
2787 3440 2946 3494 etiam
2980 3442 3222 3500 docebat.
3252 3448 3578 3507 Patriarcha:

1987 3524 2228 3580 sacrificii
2273 3528 2704 3600 :emulationem,
2756 3547 2788 3587 ο
2831 3550 3120 3604 generose,
3163 3542 3403 3609 rapuisti,
3451 3544 3577 3600 dum

1986 3617 2316 3687 unigenitum
2357 3619 2549 3690 lingua:
2584 3637 2801 3692 germen
2833 3639 2932 3694 pro
2964 3629 3232 3698 unigenito
3263 3631 3398 3687 Filio
3413 3636 3573 3690 obtu-

1987 3705 2092 3760 listi
2123 3706 2272 3778 (Ceu.
2301 3707 2428 3779 22).
2458 3711 2624 3769 Recte
2652 3713 2831 3782 itaque
2863 3716 2956 3770 tibi
2988 3717 3208 3772 alteram
3240 3720 3474 3792 linguam
3501 3729 3579 3780 vi-

1987 3798 2165 3852 cissim
2207 3797 2454 3854 Christus
2484 3801 2710 3869 insevit;
2750 3805 2947 3860 bonum
2985 3809 3182 3879 quippe
3214 3821 3270 3866 te
3289 3815 3578 3883 agricolam

1988 3889 2180 3957 prioris
2209 3889 2408 3944 invenit
2435 3910 2448 3946 :
2477 3902 2624 3948 recte
2654 3895 2884 3965 linguam
2932 3913 3038 3952 non
3079 3916 3327 3959 eameam
3353 3915 3438 3961 est
3472 3910 3578 3965 lar-

1987 3981 2155 4050 gitus;
2183 3983 2481 4051 angelicum
2502 3985 2642 4038 enim
2669 3987 2831 4041 animi
2859 3988 3105 4044 allectum
3132 4007 3325 4051 carnea
3351 4014 3458 4053 non
3483 4002 3579 4057 de-

1988 4072 2142 4126 cebat
2171 4091 2184 4127 :
2217 4082 2363 4128 recte
2401 4075 2593 4144 lingua:
2643 4076 2733 4130 tibi
2780 4082 3264 4139 remunerationem
3307 4093 3573 4158 rependit.

1990 4165 2070 4219 Ad
2102 4165 2423 4220 sacriﬁcium
2462 4167 2700 4238 linguam
2729 4169 2954 4225 Domino
2989 4177 3370 4247 commodasti,
3402 4193 3456 4237 at
3491 4184 3577 4240 il!e

1991 4257 2219 4312 vicissim
2245 4273 2428 4313 vocem
2451 4257 2518 4312 ad
2538 4259 2894 4329 eloquentiam
2922 4261 3202 4320 foeneravit
3228 4286 3242 4321 :
3270 4269 3469 4328 factum
3497 4288 3580 4332 εει

1990 4349 2254 4420 quoddam
2288 4351 2482 4420 lingua:
2506 4360 2666 4422 atque
2686 4351 2886 4409 Christi
2919 4356 3058 4412 inter
3086 4373 3146 4415 se
3173 4369 3574 4438 commercium,

1990 4443 2113 4498 dum
2156 4459 2250 4536 pro
2276 4444 2487 4499 Christo
2515 4446 2726 4515 quidem
2758 4447 2932 4518 lingua
2963 4452 3243 4525 exciditur,
3271 4472 3370 4528 pro
3399 4461 3582 4536 lingua

1991 4551 2120 4592 vero
2143 4535 2389 4591 Christus
2415 4537 2677 4608 loquitur.

2061 4629 2128 4683 In
2158 4629 2511 4683 Maccdonium
2540 4631 2806 4696 inve/titur,
2830 4635 2916 4703 qui
2936 4634 3160 4704 Spiritus
3185 4640 3244 4696 S.
3269 4645 3584 4705 divinitatem.

1990 4722 2221 4794 negabat.
2251 4721 2452 4792 Confert
2477 4722 2571 4776 Itoc
2595 4723 2895 4778 miraculum
2923 4743 3036 4780 cum
3065 4731 3209 4788 rubo.
3235 4764 3290 4773 -—
3320 4735 3416 4792 Ubi
3439 4756 3582 4798 nunc

1990 4825 2071 4871 est
2092 4815 2243 4869 nobis
2270 4813 2630 4881 Macedonius,
2662 4814 2751 4884 qui
2784 4815 3074 4884 Paracleto,
3104 4835 3132 4874 a
3155 4838 3260 4891 quo
3281 4823 3578 4898 linguarum

1991 4908 2188 4963 donum
2219 4907 2466 4961 collatum
2490 4917 2590 4972 est,
2625 4906 2824 4962 bellum
2850 4907 3048 4963 infert?
3072 4909 3252 4982 Neque
3279 4931 3405 4973 vero
3428 4937 3576 4980 incn-

1995 5003 2078 5056 tiri
2126 5017 2241 5067 me,
2270 5000 2397 5054 dum
2437 4999 2817 5055 charismatum
2847 5001 2984 5056 dona
3023 5003 3281 5063 Paracleti
3311 5011 3580 5075 divinitati

1992 5095 2243 5159 attrihno,
2280 5095 2428 5149 testis
2455 5095 2608 5150 nobis
2637 5104 2718 5148 est
2743 5095 2930 5150 beatus
2958 5097 3183 5168 Paulus,
3221 5105 3310 5173 qui
3341 5119 3574 5167 vestrum

1993 5187 2238 5242 audiendi
2285 5186 2519 5239 studium
2549 5201 2711 5239 -nunc
2757 5186 2839 5240 his
2886 5189 3104 5245 vocibus
3150 5207 3374 5265 occupat
3405 5219 3418 5255 ;
3451 5202 3575 5258 Ηωε

1993 5279 2164 5334 omnia
2190 5286 2429 5346 operatur
2454 5293 2583 5331 unus
2612 5286 2760 5346 atque
2787 5278 2924 5331 idem
2948 5279 3191 5350 Spiritus,
3223 5287 3446 5344 dividens
3471 5297 3576 5347 εἱλισ

1994 5375 2126 5446 gulis
2156 5381 2304 5444 prout
2329 5373 2432 5425 vult
2461 5372 2537 5442 (l.
2569 5371 2687 5425 Cor.
2714 5371 2800 5426 l2.
2833 5373 2919 5443 Η)
2947 5393 2958 5427 :
2989 5374 3152 5428 Prout
3181 5377 3321 5442 vult,
3364 5381 3536 5453 inquit
3563 5429 3576 5451 ,

1997 5483 2124 5535 non,
2153 5465 2574 5535 Proutjubetur.
2607 5465 2800 5520 Verum
2829 5481 2896 5522 ne
2923 5467 2966 5521 si
2997 5468 3130 5521 forte
3155 5470 3397 5536 quaedam
3425 5476 3577 5533 addi-

1998 5569 2228 5615 tamenta
2273 5559 2356 5613 his
2395 5556 2711 5624 fecerimus,
2743 5558 2901 5611 nimia
2933 5558 3084 5627 copia
3117 5567 3350 5615 vestram
3383 5580 3581 5620 menin-

1996 5654 2125 5706 riatn
2172 5651 2489 5716 obruamus,
2533 5649 2692 5720 lmjns
2731 5648 2864 5704 certi
2903 5646 3147 5720 firmique
3188 5667 3282 5722 pro
3308 5652 3584 5713 l’aracleto

2002 5746 2098 5804 loci
2127 5759 2393 5842 memores
2419 5739 2541 5797 hinc
2572 5741 2894 5798 excedamus
2915 5780 2928 5806 ,
2957 5747 3009 5794 et
3033 5755 3254 5813 magnos
3283 5745 3502 5815 spiritus
3531 5753 3581 5807 in
