4080 6196
494 231 597 290 615

487 364 582 405 eos
605 357 905 413 sumentes;
935 347 1029 403 scd
1071 347 1176 401 illis
1207 346 1507 402 errantibus
1536 344 1746 399 interim
1784 345 2070 415 ignoscen-

495 451 597 509 ωε,
620 440 885 497 Paracleti
910 439 1251 496 divinitatem
1278 437 1582 491 adoremus.
1608 438 1685 491 Ac
1709 434 1835 490 tuba
1859 435 2072 506 quidem

495 536 809 609 prophetica
840 534 1003 588 totius
1032 530 1178 588 orbis
1205 532 1257 585 in
1279 529 1549 586 Christum
1575 544 1893 585 consensum
1935 545 2075 599 pra:-

488 630 739 687 uuntians
756 627 986 692 dicebat,
1018 625 1152 691 Quia
1176 624 1454 695 intelligent
1474 641 1572 687 me,
1592 641 1622 677 a
1637 640 1789 694 parvo
1813 640 2006 686 eorum,
2027 631 2075 677 et

487 737 642 793 usque
667 720 736 773 ad
756 735 992 789 magnum
1012 733 1184 773 eorum
1210 715 1268 791 (Ι
1271 734 1345 772 er.
1375 717 1465 772 51.
1489 716 1606 784 54),
1632 717 1698 778 Et
1719 716 1880 772 omnia
1902 716 2075 787 lingua

485 812 807 881 ron/itelritur
833 810 941 864 Deo
970 826 1082 863 vero
1114 808 1288 882 (Rom.
1320 808 1407 864 14.
1436 810 1493 863 Η
1512 809 1549 877 ).
1576 808 1643 863 Et
1671 809 1927 878 propheta
1951 807 2073 877 qui.

483 905 635 967 dem,
682 911 741 957 ut
768 901 907 968 dixi,
950 900 1183 971 linguam
1230 915 1444 955 omnem
1489 899 1809 971 cognitionis
1850 900 1941 954 Dei
1973 900 2073 956 reti

482 993 786 1059 concludit,
814 1008 914 1047 nos
940 1007 1067 1048 vero
1092 991 1350 1047 hodierno
1375 991 1461 1047 die
1484 990 1645 1045 etiam
1671 990 1933 1061 elinguem
1961 1005 2072 1044 ora-

489 1088 689 1143 tionem
723 1086 903 1156 pietati
936 1087 1358 1157 patroeinantem
1384 1085 1665 1141 audiemus
1703 1104 1717 1141 :
1757 1086 1901 1141 velut
1929 1088 2070 1141 enim

483 1179 689 1235 cithara
720 1180 963 1251 quaedam
1009 1178 1212 1249 plectro
1239 1178 1495 1234 destituta
1520 1180 1831 1234 Creatorem
1864 1178 2071 1233 collau~

481 1269 594 1324 dat.
616 1270 767 1325 Dicat
799 1270 959 1340 igitur
986 1277 1041 1323 et
1071 1270 1255 1328 beatus
1281 1269 1554 1325 Romanus
1579 1289 1591 1323 :
1620 1269 1820 1341 Lingua
1845 1287 1957 1325 mea
1979 1288 2069 1329 ca-

480 1360 649 1419 lamus
667 1360 843 1416 scriba:
860 1360 1092 1415 velociter
1110 1360 1370 1415 scribentis
1393 1359 1563 1431 (Psal.
1582 1360 1671 1415 44.
1702 1358 1761 1431 1)
1783 1378 1795 1413 :
1824 1376 2067 1431 quaenam

482 1455 695 1525 lingua?
716 1453 833 1508 Non
875 1468 937 1508 ea
968 1468 1125 1523 quam
1166 1452 1366 1508 ferrum
1395 1452 1610 1523 eripuit,
1641 1452 1735 1507 scd
1762 1469 1918 1523 quam
1948 1453 2069 1524 Spi-

480 1546 615 1600 ritus
642 1545 812 1616 gratia
844 1543 1099 1601 fabricata
1126 1553 1250 1609 est;
1282 1544 1457 1614 lingua
1490 1545 1686 1613 quippe
1711 1545 1893 1601 avulsa
1912 1588 1925 1612 ,
1948 1546 2068 1615 Spi-

481 1640 617 1693 ritus
651 1639 818 1709 gratia
862 1638 914 1691 in
958 1638 1075 1707 ejus
1118 1636 1294 1692 locum
1322 1645 1405 1692 est
1442 1636 1681 1693 suﬂ‘ecta.
1714 1638 1989 1695 llahebant
2013 1650 2068 1697 et

482 1730 690 1801 linguas
720 1729 981 1800 apostoli,
1013 1729 1107 1785 sed
1142 1739 1198 1783 ut
1224 1730 1494 1799 operantis
1520 1731 1691 1785 virtus
1718 1731 2063 1800 indicaretur,

477 1820 643 1875 lutum
686 1820 974 1883 otiabatur,
1010 1829 1065 1875 et
1092 1821 1229 1892 ignis
1250 1820 1481 1876 crclestis
1518 1821 1853 1892 loquebatur.
1888 1824 2063 1881 Habe-

472 1913 562 1969 bat
593 1922 647 1968 et
675 1913 901 1969 Mosaica
932 1913 1202 1986 Scriptura
1228 1914 1303 1968 rei
1324 1914 1604 1984 imaginem
1628 1931 1745 1986 quae
1766 1918 2079 1989 orationem,

472 2005 685 2060 excedit
712 2022 727 2059 :
754 2005 919 2060 rubus
946 2005 1087 2060 enim
1130 2005 1268 2074 apud
1300 2006 1445 2060 illum
1476 2013 1531 2061 ct
1556 2007 1692 2078 ignis
1728 2007 1822 2063 fuit
1855 2007 2060 2083 (Exod.

470 2098 529 2153 5.
559 2096 720 2168 init.).
763 2098 1101 2167 Apostolicus
1144 2099 1278 2169 ignis
1313 2100 1705 2169 praedicationis
1742 2105 2063 2174 evangelica:

472 2202 637 2242 voces
666 2187 717 2241 in
747 2188 880 2243 rubo
908 2188 1280 2261 pratﬁgurahat
1301 2232 1314 2256 ,
1348 2205 1411 2246 ac
1434 2206 1620 2246 vocem
1651 2193 1729 2248 rei
1759 2194 2062 2251 inanimatae

472 2277 732 2347 impertit,
763 2287 823 2332 ut
856 2279 936 2345 ei,
968 2295 1089 2334 cum
1122 2281 1352 2350 tetigerit
1390 2283 1619 2337 animata
1667 2284 2015 2343 instrumenta
2041 2328 2059 2354 ,

471 2370 767 2423 credatur:
800 2371 845 2425 si
891 2371 1035 2426 enim
1076 2387 1189 2426 rem
1233 2374 1577 2429 inanimatam
1622 2386 1899 2435 contactus
1925 2381 2060 2451 ignis

468 2462 708 2516 vocalem
736 2462 1001 2531 reddidit,
1035 2479 1211 2519 nonne
1240 2465 1446 2532 debuit,
1478 2482 1600 2522 cum
1630 2469 1835 2526 ratione
1864 2473 2060 2541 prtedi-

468 2559 551 2607 tas
579 2553 783 2607 animas
808 2554 1119 2624 replevisset
1138 2597 1155 2622 ,
1186 2571 1250 2611 ex
1281 2566 1526 2612 contactu
1573 2574 1790 2615 carmen
1837 2566 2059 2620 concin-

469 2661 601 2701 num
629 2645 917 2702 admodum
949 2648 1281 2716 personare?
1302 2650 1411 2705 llac
1441 2652 1599 2705 etiam
1628 2654 1795 2723 gratia
1833 2656 2061 2713 celebris

467 2737 556 2793 hic
582 2737 859 2794 Romanus
884 2738 1112 2794 donatus
1137 2748 1288 2809 erat,
1316 2742 1406 2812 qui
1451 2753 1668 2798 exsecta
1698 2745 1876 2816 lingua
1897 2786 1911 2810 ,
1945 2748 2059 2803 cla-

464 2831 594 2886 riori
626 2846 757 2887 voce
789 2842 1071 2904 tyrannum
1100 2834 1374 2904 arguebat.
1410 2834 1598 2906 Neque
1629 2853 1759 2893 vero
1801 2848 2059 2911 tyrannus

467 2923 578 2976 ullo
609 2929 763 2992 pacto
793 2923 1027 2994 linguam
1056 2925 1304 2980 excidere
1336 2937 1710 2995 preperasset,
1738 2930 1839 2985 nisi
1871 2948 2057 3003 reprc-

465 3012 785 3070 heusionum
815 3014 1015 3072 ﬂuenta
1045 3017 1446 3074 reformidassct
1467 3061 1484 3087 ,
1513 3020 1617 3077 nisi
1643 3037 1766 3078 eum
1798 3026 2059 3093 praedica-

464 3108 623 3163 tionis
654 3107 919 3180 Evangelii
953 3117 1163 3166 torrens
1190 3113 1669 3183 perterrefeeisset,
1697 3117 1798 3172 nisi
1826 3133 2056 3190 evange-

461 3198 579 3255 lica:
608 3198 800 3256 ﬂuctus
843 3202 1162 3269 eloquentia
1211 3219 1270 3260 se
1314 3202 1607 3261 fracturum
1653 3217 1906 3278 putasset.
1949 3211 2053 3266 Sed

461 3291 603 3347 unde
632 3293 923 3348 necessitas
954 3301 1179 3365 tyranno
1208 3296 1366 3352 fuerit
1395 3296 1598 3353 facinus
1637 3300 1777 3355 istud
1798 3302 2056 3370 audendi,

459 3382 759 3439 videamus.

531 3474 585 3530 5.
618 3472 753 3529 Cum
783 3473 1116 3532 dtemonibus
1145 3477 1340 3548 impius
1361 3480 1647 3547 aliquando
1673 3484 2051 3553 sacriﬁcasset,

458 3575 514 3623 et
544 3567 688 3622 fumo
715 3567 1005 3639 nidoreque
1032 3570 1268 3641 repletus
1292 3580 1461 3638 esset,
1491 3581 1544 3627 et
1573 3573 1858 3645 impietatis
1880 3579 2047 3647 guttis

458 3660 787 3731 inquinatus,
816 3662 1085 3716 curriculo
1110 3662 1177 3717 ad
1207 3663 1484 3718 ecclesiam
1516 3667 1774 3735 pergebat
1792 3709 1807 3733 ,
1837 3684 1900 3723 ac
1929 3671 2049 3724 stil-

458 3752 657 3807 lantem
688 3753 942 3822 sanguine
968 3767 1080 3821 pne
1108 3768 1166 3807 se
1192 3752 1369 3809 ferens
1404 3757 1631 3811 securim
1652 3796 1669 3822 ,
1714 3757 2048 3816 incruentum

455 3845 623 3900 altare
661 3844 727 3899 ad
776 3845 1037 3900 nefarium
1078 3847 1394 3902 sacriﬁcium
1440 3849 1797 3919 perquirebat.
1830 3855 1901 3908 At
1939 3870 2045 3910 non

456 3934 609 3990 latuit
646 3943 933 4007 martyrem
982 3936 1196 4007 tyranni
1241 3937 1436 3993 rabies.
1479 3937 1662 4009 Itaque
1702 3957 1822 3996 cum
1869 3944 2047 4000 subito

454 4027 707 4083 cxsiliens
733 4026 1016 4096 prodiisset
1042 4026 1096 4081 in
1127 4028 1468 4096 vestibulum,
1489 4028 1599 4099 jam
1626 4031 1918 4088 irruentem
1948 4036 2048 4090 im-

453 4116 665 4187 pietatis
717 4117 1114 4173 inundationem
1164 4128 1380 4175 coercet
1426 4136 1440 4174 :
1494 4129 1548 4176 et
1593 4123 2043 4192 quemadmodum

453 4207 623 4262 solcrs
668 4206 990 4278 gubernator
1028 4208 1153 4263 dum
1202 4210 1254 4264 in
1300 4224 1512 4279 proram
1557 4212 1813 4282 impetum
1842 4216 2044 4275 faciens

457 4314 603 4353 mare
630 4298 913 4369 conspicit,
940 4300 1092 4355 otiari
1124 4302 1324 4372 nequit,
1357 4302 1452 4357 sed
1481 4305 1658 4361 navim
1689 4314 1850 4361 totam
1877 4311 2039 4366 celeri

456 4391 591 4462 pede
617 4391 897 4460 percurrit,
924 4399 976 4445 et
1001 4392 1358 4462 gubernaculo
1383 4396 1597 4464 puppim
1621 4398 1826 4468 erigens
1849 4401 2040 4457 obver-

455 4496 569 4535 sam
600 4480 848 4535 ﬂuetibus
878 4482 1069 4551 navigii
1101 4483 1289 4538 faciem
1318 4487 1557 4556 opponit,
1589 4488 1786 4559 illoque
1813 4493 1952 4561 quod
1986 4494 2037 4550 in

454 4574 691 4644 periculo
720 4574 1032 4629 versabatur
1058 4574 1111 4629 in
1149 4575 1378 4633 sublime
1406 4579 1615 4636 sublato
1638 4623 1654 4647 ,
1686 4584 1918 4639 medium
1946 4586 2040 4642 de-

448 4680 732 4720 cumanum
779 4665 997 4720 ﬂuctum
1040 4666 1270 4721 difﬁndit
1289 4710 1309 4734 ,
1333 4679 1385 4723 et
1414 4680 1528 4726 arte
1554 4672 1780 4741 quadam
1810 4676 2035 4732 tumefa-

446 4767 591 4812 ctum
636 4757 851 4828 pelagus
894 4757 1100 4812 sulcat:
1132 4758 1234 4813 hoc
1276 4768 1329 4814 et
1365 4760 1549 4816 beatus
1578 4762 1851 4819 Romanus
1891 4768 2033 4823 fecit.

447 4850 765 4905 ldololatria:
792 4850 927 4905 mari
953 4849 1309 4920 hlasphemias
1336 4853 1602 4923 mugiente
1626 4894 1639 4918 ,
1669 4864 1827 4926 atque
1847 4858 2035 4915 adver-

444 4957 537 4996 sus
561 4942 979 4998 ecclesiasticam
1007 4943 1182 4998 navim
1211 4942 1420 5000 furente
1437 4986 1452 5011 ,
1482 4962 1802 5018 spumasque
1821 4953 2035 5020 sangui-

446 5033 529 5087 nis
548 5033 599 5088 i=n
618 5047 738 5088 aras
761 5042 1059 5099 eructante,
1078 5036 1224 5090 solus
1239 5035 1493 5093 adversus
1519 5038 1792 5096 insaniens
1812 5044 2032 5116 pelagus

444 5135 710 5193 armatur,
746 5124 1059 5196 penitusque
1102 5126 1338 5182 subverti
1381 5130 1625 5201 cymbam
1666 5131 1872 5202 videns,
1902 5137 2030 5191 dur-

444 5217 693 5273 tuicntem
727 5217 777 5271 in
806 5217 925 5271 navi
958 5217 1239 5273 Dominum
1267 5223 1655 5292 expergefacit,
1688 5238 1878 5281 somno
1914 5227 2034 5281 lon-

439 5307 767 5377 ganimitatis
805 5308 1036 5379 SOpitum
1065 5310 1280 5386 excitat.
1305 5310 1596 5367 Contrariis
1626 5324 1902 5370 ventorum
1932 5316 2031 5371 ﬂa-

438 5399 581 5455 tibus
625 5400 978 5472 procellisque
1024 5400 1290 5456 turbatum
1339 5417 1487 5458 mare
1532 5406 1829 5474 conspicit,
1871 5416 1926 5462 et
1972 5409 2027 5464 in

437 5490 676 5559 periequ
725 5491 1055 5547 versantium
1109 5491 1273 5547 verba
1324 5491 1699 5563 discipulorum
1759 5509 1975 5567 usurpat
2004 5540 2020 5563 ,

404 5586 405 5589 “
442 5579 757 5651 Prteceptor,
781 5584 944 5650 salva,
976 5584 1200 5655 perimus
1228 5583 1379 5655 (Luc.
1412 5585 1465 5641 8.
1493 5585 1585 5659 24)
1613 5605 1627 5640 :
1660 5588 1843 5659 pirata:
1869 5606 2020 5663 cym-

440 5679 557 5730 bam
588 5675 982 5744 circumsident,
1016 5676 1126 5747 lupi
1156 5677 1294 5734 ovile
1319 5678 1749 5749 circumvallant,
1782 5682 2018 5742 latrones

1214 228 1268 283 S.
1310 227 1585 283 JOANNIS
1622 224 2092 282 CIIRYSOSTOMI
2133 226 2446 283 ARCHIEP.
2491 228 3023 285 CONSTANTINOP.

3666 231 3770 284 6ῐῦ

2186 344 2471 399 thalamum
2512 355 2657 399 tuum
2706 346 3039 415 perfodiunt,
3073 347 3356 404 atlultcrini
3384 353 3590 409 susurri
3623 365 3771 409 tuam

2177 451 2429 508 sponsam
2459 436 2871 504 circumsonant,
2903 438 3093 493 iterum
3120 440 3349 510 paradisi
3382 444 3637 512 parietem
3663 462 3770 501 ser-

2178 545 2311 602 pens
2338 530 2600 601 effringit;
2648 531 2902 586 Ecclesia:
2938 531 3339 589 fundamentum
3380 544 3525 605 petra
3566 552 3768 592 conen-

2180 625 2308 677 titur
2336 639 2350 675 :
2382 637 2443 676 ac
2472 630 2524 676 tu
2551 621 2620 678 de
2647 622 2779 677 etelo
2809 622 3170 694 cvangelicam
3201 625 3488 679 anchoratn
3524 629 3723 697 prttjiCt‘
3750 673 3761 685 ,

2175 732 2239 772 ac
2282 726 2483 787 petram
2527 716 2777 786 agitatam
2819 715 3042 771 obﬁrma
3072 734 3087 771 :
3116 715 3431 789 Prwcepter,
3476 721 3635 783 salua,
3677 740 3761 792 pc-

2175 825 2356 863 rimus.

2248 902 2473 957 Romani
2507 903 2576 955 ad
2620 910 2891 972 tyrannum
2922 900 3105 954 oratio.
3125 929 3198 941 —
3218 898 3515 956 Commune
3557 903 3764 971 pericu-

2174 997 2281 1051 lum
2306 995 2555 1065 martyris
2583 995 2818 1047 animum
2845 992 3069 1058 dividit,
3114 1002 3168 1047 et
3205 992 3271 1046 ad
3316 993 3597 1049 Dominum
3639 1008 3762 1047 cum

2172 1087 2364 1145 ﬁducia
2392 1088 2553 1143 verba
2599 1085 2755 1149 facit,
2786 1094 2946 1157 atque
2982 1085 3236 1140 adversus
3268 1093 3547 1156 tyrannum
3594 1084 3763 1139 ﬂuen-

2172 1189 2279 1235 tem
2320 1180 2552 1249 linguam
2598 1177 2812 1232 emittit.
2860 1176 3029 1241 Siste,
3078 1175 3277 1246 inquit,
3316 1174 3571 1229 furiesum
3618 1174 3761 1229 hunc

2170 1286 2407 1337 cursum,
2456 1285 2492 1324 ο
2543 1277 2768 1341 tyranne
2813 1285 2827 1321 :
2876 1266 3250 1322 imbecillitatis
3298 1276 3400 1320 tua:
3457 1281 3761 1320 mensuram

2167 1378 2427 1435 agnosce,
2466 1361 2701 1418 cruciﬁxi
2738 1340 2998 1415 lerminos
3045 1373 3325 1425 reverere,
3376 1358 3588 1412 termini
3632 1373 3763 1413 vero

2168 1454 2429 1521 cruciﬁxi,
2454 1470 2563 1509 non
2605 1452 2845 1508 ecclesiae
2888 1451 3149 1521 parietes,
3189 1449 3283 1505 sed
3317 1449 3461 1505 orbis
3496 1460 3763 1505 terrarum

2166 1556 2292 1601 sunt
2322 1545 2454 1601 ﬁnes
2482 1562 2495 1599 :
2526 1544 2719 1599 furoris
2748 1542 3024 1613 caliginem
3063 1551 3252 1597 excute
3271 1583 3287 1609 ,
3318 1542 3528 1611 respice
3563 1541 3615 1596 in
3645 1552 3759 1596 ter-

2167 1654 2302 1702 ram,
2331 1644 2386 1693 et
2408 1646 2611 1692 naturae
2631 1644 2734 1690 tua:
2756 1635 3171 1690 imbecillitatem
3199 1632 3480 1689 considera
3507 1634 3767 1703 :suspice

2168 1733 2220 1787 in
2243 1731 2454 1797 earlum,
2484 1745 2546 1785 ac
2572 1728 2985 1799 magnitudinem
3012 1728 3133 1783 belli
3157 1726 3457 1798 perpende;
3486 1727 3757 1781 inﬁrmum

2165 1822 2469 1877 daemonum
2509 1821 2762 1876 auxilium
2802 1831 3123 1882 contemne;
3164 1819 3526 1873 animadverte
3554 1818 3763 1873 dmmo-

2165 1930 2263 1970 nes
2291 1930 2450 1970 cruce
2475 1928 2756 1983 percussos
2789 1923 2839 1968 te
2867 1927 3084 1967 suorum
3118 1912 3365 1966 altarium
3398 1919 3756 1982 prepttgnato-

2163 2022 2277 2063 rem
2318 2006 2629 2062 obtendere.
2659 2004 2766 2061 Cur
2809 2020 2871 2060 ea
2910 2020 3029 2076 quae
3060 2012 3332 2073 nequeunt
3373 2000 3756 2072 comprehendi

2164 2098 2546 2169 persequeris?
2587 2112 2683 2152 cur
2726 2097 2777 2151 in
2818 2111 2996 2151 acrem
3021 2094 3311 2166 jacularis‘l
3340 2110 3465 2149 num
3491 2095 3632 2150 enim
3665 2110 3758 2165 pa-

2166 2188 2388 2244 rietibus
2430 2189 2568 2244 Deus
2604 2187 3097 2244 circumscribitur?
3128 2186 3642 2255 incircumscriptum
3671 2193 3756 2240 est

2162 2296 2359 2335 numen
2392 2280 2421 2334 ε’
2441 2296 2567 2334 num
2598 2280 2742 2335 enim
2771 2279 2941 2334 oculis
2970 2279 3231 2334 Dominus
3267 2288 3452 2332 noster
3485 2277 3738 2348 conspici-

2164 2374 2285 2429 tur?
2316 2374 2595 2429 invisibilis
2622 2374 2763 2429 enim
2790 2382 2873 2429 est
2902 2376 3133 2429 essentia
3177 2381 3232 2428 et
3272 2371 3515 2427 informis
3546 2390 3561 2425 :
3592 2387 3761 2442 porro

2162 2467 2457 2522 secundum
2503 2466 2887 2521 humanitatem
2919 2474 2973 2521 et
3000 2465 3248 2536 pingitur,
3279 2473 3332 2520 et
3361 2464 3587 2519 videtur.
3614 2463 3755 2518 Num

2160 2559 2301 2613 enim
2350 2559 2578 2628 lapidem
2622 2567 2677 2614 et
2721 2560 2919 2629 lignum
2963 2557 3265 2611 inhabitans
3291 2556 3426 2612 bove
3455 2571 3517 2610 ac
3548 2555 3757 2626 pecude

2161 2650 2552 2721 providentiam
2582 2650 2798 2705 vendit?
2828 2666 2955 2703 num
2981 2649 3123 2704 enim
3162 2646 3329 2703 altare
3357 2648 3408 2702 in
3437 2647 3553 2717 ejus
3582 2646 3754 2716 pactis

2159 2744 2303 2800 velut
2347 2744 2680 2799 iutervcntor
2708 2740 3039 2813 requiritur?
3068 2741 3140 2796 Ea
3176 2749 3386 2795 tuorum
3427 2750 3510 2794 est
3544 2739 3754 2793 daemo-

2160 2851 2285 2891 num
2312 2833 2498 2905 gulosa
2531 2834 2856 2891 mendicatio
2881 2852 2896 2888 :
2920 2834 3178 2889 Dominus
3206 2847 3377 2897 meus,
3404 2833 3490 2887 vel
3510 2831 3751 2884 universi

2158 2929 2335 2998 potius
2361 2927 2646 2993 Dominus,
2671 2926 2914 2984 Christus
2941 2925 3126 2981 incolit
3150 2925 3334 2979 czelum
3358 2966 3372 2990 ,
3399 2940 3462 2979 ac
3488 2923 3753 2978 mundum

2156 3018 2441 3090 gubernat,
2465 3028 2521 3075 et
2540 3019 2860 3074 sacriﬁcium
2887 3027 2970 3074 est
2994 3018 3068 3073 illi
3096 3018 3293 3083 anima,
3325 3033 3445 3088 quze
3472 3016 3539 3071 ad
3571 3016 3753 3087 ipsum

2157 3111 2344 3166 oculos
2368 3125 2579 3165 sursum
2611 3110 2841 3166 reﬂectit
2868 3128 2883 3166 :
2915 3125 3053 3165 unus
3080 3109 3155 3164 illi
3181 3110 3332 3165 cibus
3356 3118 3439 3165 cst
3461 3110 3605 3164 salus
3627 3124 3754 3164 ere-

2156 3200 2419 3257 dentium.
2453 3202 2646 3257 Desine
2676 3218 2822 3257 arma
2853 3202 3110 3257 adversus
3147 3201 3443 3257 Ecclesiam
3483 3216 3744 3256 movere:

2156 3294 2208 3348 in
2237 3295 2393 3349 terris
2422 3304 2504 3351 est
2529 3310 2661 3365 grex
2681 3336 2697 3361 ,
2742 3303 2797 3349 et
2838 3302 3022 3365 pastor
3064 3294 3116 3348 in
3159 3293 3305 3348 cretis
3330 3311 3345 3348 :
3372 3294 3423 3348 in
3458 3302 3593 3347 terra
3619 3301 3747 3347 sunt

2156 3386 2423 3454 palmites,
2459 3395 2513 3441 et
2540 3387 2663 3440 vitis
2688 3387 2739 3440 in
2766 3386 2900 3440 caelo
2930 3403 2943 3439 :
2972 3385 3017 3439 si
3047 3385 3293 3455 palmites
3322 3384 3556 3450 excidas,
3580 3384 3742 3438 vitem

2153 3476 2494 3545 multiplicas.
2532 3476 2735 3533 Cruore
2781 3492 2971 3532 manus
3019 3486 3123 3532 tum
3167 3476 3497 3542 redundant,
3536 3476 3751 3546 gladius

2154 3579 2277 3625 tuus
2307 3570 2576 3623 brutarutn
2609 3570 2901 3625 hostiarum
2926 3570 3182 3640 sanguine
3210 3570 3409 3623 tinctus
3432 3578 3513 3623 est
3536 3586 3549 3620 :
3580 3582 3750 3637 parce

2152 3662 2445 3732 pecudibus
2488 3663 2897 3729 innocentibus,
2933 3673 2989 3718 et
3026 3663 3076 3716 in
3104 3678 3203 3717 nos
3224 3704 3236 3727 ,
3270 3663 3356 3731 qui
3389 3660 3743 3730 reprehendi-

2151 3769 2272 3811 mus
2295 3796 2308 3818 ,
2353 3755 2550 3809 ferrum
2596 3765 2847 3810 converte
2875 3772 2889 3808 :
2924 3770 3082 3824 parce
3124 3754 3419 3809 tacentibus
3449 3753 3659 3819 bestiis,
3683 3761 3741 3807 et

2150 3862 2249 3902 nos
2277 3848 2364 3918 qui
2410 3863 2755 3915 accusamus,
2803 3848 3063 3903 interﬁce.
3092 3847 3205 3901 Non
3237 3848 3377 3902 enim
3420 3845 3488 3899 ita
3535 3845 3742 3901 ferrum

2150 3939 2555 4006 homicidarum,
2584 3949 2638 3994 ut
2666 3941 2891 3995 securim
2920 3940 3298 3995 inservientem
3324 3939 3580 3994 altaribus
3609 3954 3739 4007 pcr-

2147 4032 2372 4086 timcsco
2397 4049 2409 4084 :
2442 4030 2825 4085 homicidarum
2860 4031 3056 4087 ferrum
3086 4047 3278 4101 corpus
3308 4031 3503 4095 laniat,
3531 4029 3741 4085 securis

2145 4122 2394 4176 altarium
2448 4122 2677 4175 animam
2721 4122 2911 4176 occidit
2945 4139 2959 4176 :
2992 4120 3375 4176 homicidarum
3426 4119 3625 4176 ferrum
3678 4119 3733 4173 id

2144 4213 2286 4283 quod
2314 4213 2644 4268 sacriﬁcatur
2671 4222 2895 4280 mactat,
2941 4223 2995 4267 at
3042 4214 3247 4268 securis
3294 4212 3536 4266 altarium
3582 4220 3635 4265 et
3678 4210 3733 4264 id

2142 4304 2283 4376 quod
2313 4305 2657 4370 sacriﬁcatur,
2683 4315 2736 4360 ct
2762 4320 2884 4360 eum
2905 4305 2995 4375 qui
3026 4305 3310 4371 sacriﬁcat,
3334 4304 3489 4359 simul
3518 4303 3684 4373 perdit
3710 4319 3730 4356 :

2144 4402 2404 4455 cervicem
2433 4409 2640 4465 trunca,
2673 4416 2772 4455 nec
2798 4414 2944 4453 aram
2977 4399 3305 4454 commacula
3341 4417 3355 4453 :
3385 4399 3547 4452 habes
3571 4394 3729 4450 victi-

2142 4508 2283 4546 mam
2311 4493 2660 4547 voluntariam
2682 4533 2696 4553 .
2726 4508 2821 4546 cur
2849 4491 3113 4559 captivum
3146 4503 3353 4545 taurum
3389 4490 3608 4559 colligas
3636 4504 3726 4543 re-

2139 4584 2463 4639 luctantem?
2479 4585 2532 4638 Si
2556 4593 2723 4638 macta
2734 4600 2790 4638 re
2809 4584 3102 4646 desideras,
3129 4584 3184 4636 in
3202 4582 3444 4637 ecclesia:
3466 4581 3733 4636 vestibulo

2140 4678 2349 4733 ratione
2377 4677 2648 4747 prteditam
2682 4678 2906 4733 hostiam
2935 4686 3127 4731 macta.

2208 4768 2417 4840 Lingua'
2437 4770 2684 4824 exciditur
2709 4769 3050 4824 Romano.—-
3069 4768 3184 4823 Non
3229 4767 3346 4822 tulit
3384 4765 3725 4819 immodicam

2137 4860 2347 4915 dicendi
2387 4861 2685 4916 libertatem
2714 4861 2964 4932 martyris
2995 4869 3282 4932 tyrannus,
3321 4858 3413 4913 sed
3442 4873 3472 4912 e
3501 4857 3726 4926 vestigio

2134 4966 2167 5004 a
2189 4951 2366 5022 lingua
2395 4951 2711 5006 sacriﬁcium
2736 4951 3018 5006 inchoavit.
3045 4950 3297 5019 Linguam
3322 4949 3480 5018 igitur
3503 4948 3724 5013 excidit,

2135 5059 2241 5099 non
2281 5044 2425 5114 quod
2448 5060 2565 5099 eam
2593 5046 2750 5099 vellet
2774 5044 3009 5099 avulsam
3030 5085 3044 5107 .
3078 5042 3170 5099 sed
3204 5052 3259 5096 ut
3285 5042 3553 5112 Evangelii
3585 5057 3727 5111 pra:-

2133 5134 2450 5190 dicationcm
2479 5144 2846 5206 Oppugnaret:
2876 5151 2980 5189 non
3010 5144 3117 5189 tam
3164 5133 3302 5206 quod
3333 5134 3559 5202 prtecmii
3591 5132 3728 5187 invi-

2131 5225 2303 5293 deret,
2338 5242 2495 5297 quam
2527 5226 2667 5296 quod
2699 5226 2891 5280 invidia
2924 5226 2978 5280 in
3003 5241 3124 5279 eum
3144 5266 3157 5290 ,
3192 5226 3278 5294 qui
3310 5224 3718 5293 prtedicahatnr,

2129 5316 2360 5372 arderet.
2403 5317 2508 5372 Sed
2558 5317 2657 5385 Qui
2708 5317 3086 5387 comprehcndit
3132 5317 3380 5386 sapientes
3428 5317 3482 5369 in
3535 5316 3723 5369 astutia

2128 5425 2301 5463 eorum
2332 5410 2425 5479 (li.
2458 5406 2574 5464 Cor.
2606 5409 2657 5464 5.
2692 5406 2795 5478 19)
2826 5448 2840 5473 ,
2866 5408 3103 5462 excisum
3133 5406 3274 5462 vocis
3305 5406 3726 5460 instrumentum

2127 5518 2158 5560 e
2183 5503 2316 5558 caelo
2347 5502 2602 5566 restituit,
2632 5500 2882 5556 invisibili
2911 5500 3293 5556 elaudicantcm
3322 5515 3513 5554 sonum
3546 5499 3730 5569 lingua

2124 5595 2377 5663 suﬂ'ulcit,
2400 5609 2588 5649 vocem
2607 5593 2798 5663 elingui
2818 5593 3057 5663 largitur,
3081 5602 3133 5646 et
3149 5592 3471 5647 creationem
3493 5590 3732 5645 hominis

2131 5687 2304 5755 reipsa
2334 5697 2561 5756 tyranno
2588 5684 2937 5740 demonstrat.
2969 5682 3037 5738 Et
3061 5682 3508 5755 quemadmodum
3533 5690 3728 5755 puteo-
