4080 6196
379 257 483 314 613

376 377 565 438 αὐτοῖς
595 373 990 448 πλανωμένοις,
1022 379 1112 437 καὶ
1141 382 1239 454 τὴν
1259 385 1351 439 τοῦ
1386 389 1744 463 Παρακλήτου
1779 410 1949 465 προσ-

373 458 670 522 κυνοῦντες
693 459 941 547 θεότητα.
995 464 1060 517 Ἦ
1104 465 1202 536 μὲν
1237 465 1330 522 οὖν
1361 458 1672 547 προφητικῆ
1715 458 1948 545 σάλπιγξ

369 546 474 616 τὴν
510 545 896 616 οίκουμενικὴν
938 547 1018 610 είς
1055 549 1287 620 Χριστὸν
1320 545 1768 626 προσημαίνοὺσα
1811 577 1949 630 συμ-

373 630 581 698 φωνίαν
607 627 812 697 ἔλεγεν,
849 631 978 684 Ὅτι
1011 632 1331 700 είδήσουσί
1353 657 1449 709 με,
1485 644 1670 713 φησὶν,
1700 644 1817 697 ἀπὸ
1853 627 1949 712 μι-

373 713 520 781 κροῦ
549 714 748 766 αὐτῶν
786 713 885 766 καὶ
913 715 1024 780 ἕως
1058 721 1326 788 μεγάλου
1368 725 1586 787 αὐτῶν,
1627 725 1736 779 Καὶ
1779 725 1946 780 πᾶσα

371 795 625 865 γλῶσσα
673 796 1179 867 ἐξομολογήσεται
1220 803 1298 868 τῷ
1335 806 1456 872 Θεῷ
1487 805 1639 879 [620]
1679 807 1758 873 τῷ
1795 809 1945 878 ἀλη-

371 879 532 945 θινῷ.
561 880 670 934 Καὶ
703 882 732 932 6
759 881 857 950 μὲν
884 885 1189 956 προφήτης,
1222 888 1298 951 ὡς
1333 889 1489 963 ἔφην,
1519 891 1734 946 ἃπασαν
1767 892 1944 961 γλῶσ-

372 981 470 1017 σαν
501 963 580 1034 τῷ
602 965 702 1034 τῆς
748 964 1078 1034 θεογνωσίας
1111 972 1409 1042 περικλείει
1436 975 1656 1047 δικτύῳ·
1693 977 1854 1046 ἡμεῖς
1883 977 1942 1030 δὲ

371 1049 606 1118 σήμερον
639 1047 733 1100 κα)⁵
782 1047 1059 1117 ἀγλώττου
1100 1053 1326 1122 ῥήτορος
1355 1057 1696 1129 ἀκουσόμεθα
1739 1063 1805 1130 τῇ
1848 1061 1939 1112 εὐ-

369 1131 555 1202 σεϐείᾳ
607 1132 1059 1204 συνηγοροῦντος·
1091 1136 1253 1189 οἱονεὶ
1291 1139 1400 1210 γάρ
1445 1158 1528 1204 τις
1563 1141 1764 1213 κιθάρα
1799 1142 1938 1214 πλῆ-

366 1232 531 1287 κτρον
555 1215 654 1268 οὐκ
686 1214 881 1284 ἔχουσα
914 1215 1003 1270 τὸν
1042 1217 1372 1290 δημιουργὸν
1415 1225 1670 1295 εὐφημεῖ.
1716 1226 1937 1294 Λεγέτω

363 1300 544 1353 τοίνυν
581 1299 676 1352 καὶ
719 1301 749 1353 6
788 1300 1058 1373 μακάριος
1093 1303 1370 1375 Ῥωμανός
1391 1322 1406 1336 ·
1448 1305 1518 1362 Ἠ
1542 1307 1795 1376 γλῶσσά
1813 1327 1935 1376 μου

363 1381 634 1451 κάλαμος
670 1385 1050 1451 γραμματέως
1097 1384 1458 1456 ὀξυγράφου.
1500 1391 1636 1444 Ποία
1676 1391 1932 1460 γλῶσσα;

362 1478 476 1548 Οὐχ
503 1477 570 1549 ἢν
597 1480 626 1531 6
661 1478 880 1550 σίδηρος
912 1480 1149 1549 ἀφεῖλεν,
1175 1481 1289 1535 ἀλλ’
1331 1484 1397 1556 ἢν
1428 1485 1461 1556 ἡ
1495 1485 1588 1539 τοῦ
1619 1486 1934 1558 Πνεύματος

361 1561 522 1632 χάρις
571 1559 902 1630 ἐχάλκευσε·
943 1563 1043 1634 τῆς
1079 1563 1330 1636 γλώσσης
1372 1567 1478 1639 γὰρ
1533 1568 1857 1641 συληθείσης
1897 1572 1930 1642 ἡ

356 1644 452 1697 τοῦ
476 1645 794 1715 Πνεύματος
821 1646 980 1718 χάρις
1007 1649 1354 1722 ἀντεισήχθη.
1389 1647 1548 1722 Εἶχον
1586 1654 1679 1706 καὶ
1709 1654 1759 1706 οἱ
1793 1655 1930 1709 ἀπό-

361 1727 535 1780 στολοι
568 1726 840 1794 γλώσσας,
881 1729 995 1783 ἀλλ’
1043 1730 1130 1784 ἵνα
1160 1732 1342 1804 δειχθῇ
1384 1734 1478 1787 τοῦ
1515 1736 1861 1806 ἐνεργοῦντος
1892 1741 1924 1809 ὴ

353 1811 604 1881 δύναμις,
636 1811 667 1863 6
715 1810 885 1893 πηλὸς
928 1813 1118 1884 ἦργει,
1162 1817 1256 1871 καὶ
1311 1817 1372 1872 16
1417 1817 1528 1890 πῦρ
1574 1821 1633 1874 16
1679 1821 1927 1893 οὐράνιον

355 1895 671 1964 ἐφθέγγετο.
723 1891 854 1966 Εἶχε
888 1897 982 1950 καὶ
1034 1900 1066 1969 ἠ
1115 1900 1383 1973 Μωσαῖκὴ
1419 1903 1610 1976 Γραφὴ
1647 1891 1759 1958 τοῦ
1785 1907 1928 1979 ὐπέρ

351 1977 508 2046 λόγον
537 1977 861 2050 πράγματος
883 1979 982 2050 τὴν
1008 1981 1188 2036 είκόνα
1207 1996 1221 2011 ⁶
1252 1983 1411 2054 βάτος
1442 1987 1550 2058 γάρ
1579 1991 1706 2060 παρ’
1733 1977 1925 2061 ἐκείνω

349 2058 608 2144 καὶπῦρ.
634 2060 741 2115 Καὶ
772 2061 833 2115 16
861 2064 1217 2120 ἀποστολικὸν
1245 2067 1358 2138 πῦρ
1385 2069 1485 2133 τάς
1513 2070 1608 2124 τοῦ
1636 2058 1926 2144 κηρύγμαξ

347 2161 440 2208 τος
468 2143 654 2214 φωνὰς
682 2145 774 2197 ἐπὶ
802 2145 905 2216 τῆς
935 2146 1097 2216 βάτου
1142 2149 1472 2220 προετύπου,
1506 2154 1600 2207 καὶ
1635 2155 1815 2227 φωνὴν
1847 2156 1924 2228 τῷ

344 2227 541 2298 ἀψύχῳ
583 2225 898 2298 χαρίζεται,
943 2229 1030 2282 ἵνα
1061 2231 1170 2286 τῶν
1209 2232 1468 2304 ἐμψύχων
1505 2225 1924 2308 ὀργάνων-ἀψάζ

346 2328 509 2381 μενον
541 2312 824 2383 πιστευθῇ.
860 2313 924 2366 Εἰ
947 2313 1055 2386 γὰρ
1091 2314 1152 2367 16
1179 2317 1382 2387 ἄψυχον
1411 2321 1443 2389 ἡ
1480 2319 1592 2392 ἁφὴ
1624 2321 1718 2375 τοῦ
1751 2323 1921 2393 πυρὸς

339 2394 597 2465 ἓμφωνον
624 2396 1019 2466 ἀπειργάσατο,
1049 2397 1166 2462 πῶς
1207 2401 1309 2453 οὐκ
1352 2400 1577 2472 ἔμελλεν
1611 2405 1920 2476 ἀναπλῆσαί

342 2494 446 2530 που
467 2477 646 2548 ψυχὰς
666 2478 888 2545 λογικὰς
907 2479 972 2532 δι’
999 2481 1140 2550 ἀφῆς
1162 2481 1221 2535 16
1244 2486 1608 2556 παναρμόνιον
1628 2489 1922 2560 ἀνακρούε-

343 2560 469 2614 σθαι
495 2561 689 2631 μέλος;
726 2561 942 2633 Ταύτης
963 2566 1190 2634 μετέσχε
1209 2566 1310 2636 τῆς
1331 2569 1551 2640 χάριτος
1579 2573 1671 2625 καὶ
1705 2575 1918 2645 Ῥωμα-

339 2641 429 2706 νδς
455 2646 484 2696 ὁ
525 2644 802 2727 ἀοίδιμος,
823 2645 917 2698 καὶ
951 2645 1047 2716 τὴν
1071 2647 1316 2716 γλῶτταν
1359 2651 1694 2724 ἀποτμηθεὶς
1721 2641 1915 2727 τρανο-

336 2726 485 2797 τέρῳ
515 2725 735 2796 φθόγγῳ
760 2726 850 2779 τὸν
879 2727 1138 2800 τύραννον
1171 2730 1418 2802 ἡλεγχεν.
1450 2737 1564 2789 Οὐκ
1595 2736 1660 2790 ἀν
1691 2725 1917 2802 δὲνὸλως

336 2809 367 2859 6
391 2807 654 2890 τύραννος
705 2808 798 2861 ἐπὶ
836 2809 936 2880 τὴν
980 2810 1078 2881 τῆς
1107 2812 1352 2885 γλώττης
1381 2815 1614 2888 ἔδραμεν
1653 2821 1911 2890 ἐκτομὴν,

336 2891 387 2944 εί
415 2891 494 2961 μὴ
525 2889 635 2943 τῶν
675 2892 911 2962 ἐλέγχων
939 2895 1178 2967 ἐφοϐήθη
1213 2897 1282 2951 τά
1321 2898 1586 2970 ῥεύματα,
1618 2904 1666 2955 εί
1715 2889 1796 2975 μὴί
1823 2905 1914 2959 τὸν

335 2973 676 3057 χειμάρρουν
724 2975 820 3027 τοῦ
870 2977 1226 3048 κηρύγματος
1267 2983 1606 3056 κατεπλάγη,
1638 2987 1686 3039 εί
1723 2973 1796 3057 μή
1843 2988 1913 3041 τὰ

334 3053 560 3124 κύματα
587 3055 684 3126 τῆς
706 3057 1066 3132 εὐαγγελικῆς
1105 3064 1392 3134 ῥητορείας
1430 3053 1679 3138 στορέσαι
1709 3053 1912 3125 ὐπέλα-

333 3137 446 3191 ϐεν.
474 3138 616 3190 Ἀλλ’
643 3138 862 3208 ἴδωμεν,
884 3141 1007 3197 ὅθεν
1033 3144 1062 3196 6
1090 3144 1352 3216 τύραννος
1381 3150 1460 3211 είς
1483 3137 1728 3223 ἀνάγκην
1755 3153 1912 3225 ἔρχε-

331 3238 423 3274 ται
449 3221 552 3292 τῆς
580 3222 842 3294 ταιαύτης
864 3225 1090 3297 τόλμης.

399 3345 473 3407 γ’.
503 3340 731 3411 Δαίμοσί
755 3359 884 3395 ποτε
910 3343 1420 3417 θύσαςόδυσσεϐὴς,
1453 3349 1546 3402 καί⁸
1573 3353 1780 3407 καπνοῦ
1811 3357 1906 3409 καὶ

326 3423 559 3492 κνίσσης
607 3423 892 3489 ἀνάπλεως
932 3426 1188 3496 γεγονὼς,
1227 3430 1320 3481 καὶ
1365 3433 1484 3493 ταῖς
1539 3435 1760 3504 σταγόσι
1805 3438 1906 3514 τῆς

327 3505 588 3569 ἀσεϐείας
629 3507 1056 3594 μεμολυσμένος,
1098 3510 1371 3594 δρομαίως
1416 3515 1508 3567 ἐπὶ
1549 3517 1648 3587 τὴν
1700 3505 1903 3594 ἐκκλη-

328 3587 450 3642 σίαν
489 3588 706 3660 ἐχώρει,
753 3590 848 3644 καὶ⁵
876 3590 970 3643 16v
1009 3593 1327 3662 ᾑμαγμένον
1377 3596 1767 3668 ἐπιφερόμενος
1807 3587 1905 3656 πέσε

325 3670 510 3734 λεκυν,
544 3673 606 3724 16
636 3673 972 3742 ἀναίμακτον
1005 3673 1386 3747 θυσιαστήριον
1418 3680 1553 3748 πρὸς
1589 3683 1902 3754 ἱερουργίαν

321 3753 584 3824 ἀθέμιτον
611 3755 886 3826 ἐπεζήτει.
925 3755 1063 3808 Ἀλλ’
1088 3759 1189 3810 οὐκ
1227 3759 1416 3814 ἔλαθεν
1450 3764 1482 3833 ἡ
1516 3765 1611 3818 τοῦ
1636 3753 1899 3838 τυράννου

321 3836 489 3890 λύττα
516 3838 605 3890 16v
637 3838 913 3910 μάρτυρα.
949 3839 1168 3903 Εὐθέως
1195 3841 1324 3910 γοῦν
1369 3843 1684 3917 ἐκπηδήσας
1709 3836 1793 3914 είς
1830 3852 1898 3904 τά

319 3919 654 3990 προπύλαια,
707 3921 1016 3991 φερομένην
1079 3922 1178 3993 ἤδη
1217 3924 1317 3994 τῆς
1365 3926 1619 3992 ἀσεϐείας
1647 3931 1745 4002 τὴν
1776 3936 1896 3988 ἐπί-

319 4004 508 4056 κλυσιν
545 4004 888 4058 ἀναστέλλει·
926 4007 1019 4060 καὶ⁹
1046 4007 1295 4079 καθάπερ
1328 4027 1411 4074 τις
1451 4013 1755 4086 εὐμήχανος
1799 4037 1894 4073 κυο

317 4086 585 4157 δερνήτης
775 4088 1045 4173 θάλατταν
1089 4091 1301 4161 βλέπων
1347 4095 1488 4149 κατὰ
1523 4099 1621 4169 τῆς
1668 4100 1895 4173 πρώρας

317 4170 746 4241 ἐπιφερομένην,
775 4172 1002 4243 ἠρεμεῖν
1035 4174 1135 4226 οὐκ
1172 4175 1454 4246 ἀνέχεται,
1485 4178 1622 4234 ἀλλά
1650 4170 1721 4237 τὺ-
1759 4170 1892 4241 σκά-

317 4268 416 4320 φος
453 4252 574 4306 ὅλον
603 4253 792 4324 κούφῳ
821 4254 940 4338 ποδὶ
963 4255 1254 4329 διατρέχει,
1286 4261 1380 4314 καὶ
1401 4261 1490 4315 διὰ
1511 4265 1604 4318 τοῦ
1631 4269 1889 4338 πηδαλίου

313 4335 415 4405 τὴν
437 4335 696 4406 πρύμναν
735 4337 974 4409 ἐγείρας,
1001 4339 1180 4409 ἵστησι
1213 4341 1274 4395 16
1300 4343 1484 4398 πλοῖον
1509 4350 1621 4413 τοῖς
1649 4335 1890 4422 κύμασιν

310 4418 751 4488 ἀντιπρόσωπον,
775 4423 870 4474 καὶ
898 4423 1320 4510 μετεωρίσαςᾉτὸ
1351 4429 1681 4498 κινδυνεῦον,
1716 4418 1894 4510 μέσην

305 4501 584 4572 διασχίζει
611 4505 712 4589 την
737 4506 1054 4589 τρικυμίαν,
1080 4508 1178 4561 καὶ
1199 4508 1361 4582 τέχνῃ
1393 4514 1498 4566 τινὶ
1526 4514 1587 4568 16
1611 4501 1890 4589 κυρτωθέν

304 4584 550 4652 ⁸πέλαγος
586 4587 868 4673 αὐλακίζει
891 4606 907 4620 ·
1123 4591 1219 4644 καὶ
1249 4593 1277 4644 6
1313 4595 1581 4666 μακάριος
1611 4584 1888 4673 Ῥωμανδς

308 4667 559 4740 ἐποίησε.
579 4669 693 4738 Τῆς
714 4671 997 4757 είδωλ-ικῆς
1018 4672 1288 4745 θαλάττης
1309 4675 1605 4750 βλάσφημα
1628 4667 1886 4757 μνέωμέζ
1977 4734 1982 4742 ,

309 4767 427 4820 νης.
467 4752 563 4803 καὶ
609 4753 750 4807 κατά
781 4754 874 4808 τοῦ
921 4757 1375 4826 ἐκκλησιαστικοῦ
1411 4752 1652 4833 σκάφους
1683 4752 1885 4824 λυττώ-

307 4848 430 4902 σης,
451 4836 546 4888 καὶ
562 4835 636 4904 ἀφ
646 4835 735 4905 ρδν
756 4839 811 4890 αί
819 4837 1004 4907 μάτων
1021 4839 1165 4926 κατά
1182 4841 1291 4895 τῶν
1311 4842 1715 4920 θυσιαστηρίων
1733 4852 1886 4926 ἐρευ-

302 4915 567 4987 γομένης,
594 4919 754 4989 μόνος
784 4921 1166 5012 ἀνθοπλίζεται
1193 4927 1256 4995 τῇ
1291 4915 1593 5012 μαινομένῇ
1621 4915 1878 5012 θαλάττῃ,

301 4999 401 5050 καὶ
432 5001 512 5062 είς
547 5002 713 5071 ἀκρον
744 5003 884 5088 ὀρῶν
913 5005 975 5059 16
998 5006 1202 5074 σκάφος
1225 4999 1614 5083 σφαλλόμενον,
1647 4999 1881 5088 ἀφυπνῖξ

303 5080 385 5143 ζει
411 5083 506 5135 τὸν
553 5087 612 5137 έν
645 5085 724 5156 τῷ
759 5087 929 5158 πλοίῳ
977 5091 1275 5163 Δεσπότην,
1304 5080 1597 5165 ἀφυπνίζει
1633 5080 1878 5161 δέἀύτὸν

304 5167 393 5220 τὸν
431 5167 533 5237 τῆς
562 5169 959 5240 ,μακροθυμίας
999 5171 1164 5226 ὕπνον
1204 5177 1550 5236 καθεύδοντα.
1586 5184 1782 5241 Βλέπει
1816 5189 1877 5243 16

299 5248 537 5317 πέλαγος
564 5254 684 5315 ταῖς
723 5253 1058 5320 ἀντιπνοίαις
1088 5259 1504 5331 χειμαζόμενον,
1539 5266 1630 5319 καὶ
1663 5269 1731 5323 τὰ
1767 5270 1874 5326 τῶν

299 5331 716 5417 κινδυνευόντων
765 5337 1024 5408 μαθητῶν
1069 5340 1363 5410 φθέγγεται
1411 5347 1665 5417 ῥήματα·
1718 5352 1873 5407 Ἐπι-

295 5414 510 5479 auita,
552 5416 794 5484 σῶσον,
833 5422 1251 5492 ἀπολλύμεθα·
1289 5414 1545 5498 πειραταὶ
1579 5432 1638 5484 16
1668 5435 1875 5505 σκάφος

301 5501 828 5571 περιστοιχίζονται.
880 5504 1032 5560 λύκοι
1080 5507 1426 5582 πολιορκοῦσι
1482 5513 1544 5567 16
1587 5501 1868 5587 ποίμνιον,

299 5583 491 5650 λῃσταὶ
532 5585 633 5655 τὴν
673 5588 923 5641 παστάδα
961 5592 1062 5673 τὴν
1097 5591 1196 5663 σὴν
1227 5593 1596 5664 διορύττουσι,
1648 5583 1872 5673 μοιχικά

297 5663 448 5738 I621]
471 5667 781 5740 συρίγματα
804 5671 904 5743 τὴν
923 5671 1019 5744 σὴν
1046 5673 1264 5746 νύμφην
1293 5663 1814 5750 περικτυπεῖίπάλιν
1838 5693 1866 5744 6

1397 273 1464 329 IN
1505 274 1562 330 S.
1594 271 1936 332 ROMANI}!!!
1975 276 2394 339 MARTYREM.
2432 283 2495 339 Π.

3517 313 3620 370 θΙθ

2052 395 2174 463 ὄφις
2201 403 2528 472 τοιχωρυχεῖ
2561 404 2655 457 τὸν
2693 409 3018 477 παράδεισον
3039 429 3052 444 ⁶
3091 418 3128 470 όν
3156 419 3255 489 τῆς
3295 424 3618 500 Ἐκκλησίας

2051 486 2296 558 θεμέλιος
2317 496 2349 564 ἡ
2387 495 2561 567 πέτρα
2588 499 2870 555 σαλεύεται
2891 520 2906 534 ·
2930 505 3047 560 ἀλλ’
3067 509 3128 574 ἐξ
3148 486 3378 583 οὐρανοῦ
3404 486 3500 591 τὴν
3530 486 3620 579 εὐζ-

2049 581 2344 655 αγγελικὴν
2391 586 2637 660 ἄγκυραν
2673 591 2845 661 ῥῖψον,
2873 596 2968 649 καὶ
2996 599 3096 670 τὴν
3129 581 3333 676 πέτραν
3368 581 3620 684 στηριξον

2048 675 2332 746 σειομένην
2350 694 2363 707 ·
2398 679 2732 750 Ἐπιστάτα,
2755 684 2980 750 σῶσον.
3002 675 3406 768 ἀπολλύμεθα.
3427 675 3482 758 ’ὁ
3499 725 3621 762 κοισ

2045 763 2134 828 νὸς
2165 765 2408 831 κίνδυνος
2439 770 2649 841 μερίζει
2682 775 2773 829 τὸν
2802 779 3073 852 μάρτυρα,
3103 789 3196 841 καὶ
3234 763 3370 862 πρὸς
3399 795 3488 849 τὸν
3514 802 3616 854 Δε-

2046 855 2250 926 σπότην
2281 861 2750 932 παρῥησιάζεται·
2775 870 3040 945 ἐπαφίησι
3083 855 3310 948 ῥέουσαν
3348 855 3491 943 κατὰ
3515 893 3618 946 τοῦ

2042 946 2308 1047 τυράννου
2345 949 2443 1020 τὴν
2472 953 2736 1055 γλῶτταν,
2777 961 2994 1032 στῆσεν,
3035 946 3226 1036 λέγων,
3271 975 3362 1030 τὸν
3391 982 3617 1055 ἐμμανῆι

2040 1033 2231 1092 τοῦτον
2246 1041 2464 1112 δρόμον,
2479 1039 2524 1098 ῶ
2545 1047 2794 1117 τύραννε·
2814 1054 3075 1123 ἐπίγνωθι
3091 1033 3190 1131 τῆς
3208 1033 3307 1136 σῆς
3327 1033 3610 1139 ἀσθενείας

2040 1127 2108 1181 τά
2123 1130 2316 1203 μέτρα,
2333 1134 2611 1208 αὶδέσθητι
2626 1140 2718 1194 τοῦ
2737 1127 3473 1228 σταυρωθέντοςτοὺςόρους·
3493 1127 3613 1232 ὃροί

2037 1219 2093 1272 δὲ
2113 1222 2205 1274 τοῦ
2232 1226 2635 1297 σταυρωθέντος
2661 1231 2720 1283 οὐ
2741 1233 2841 1303 τῆς
2875 1237 3168 1310 ἐκκλησίας
3199 1246 3248 1297 οί
3270 1219 3611 1320 τοῖχοι,ἀλλά

2034 1313 2133 1383 τῆς
2173 1317 2496 1390 οίκουμένης
2535 1319 2603 1373 τὰ
2639 1323 2879 1394 πέρατα·
2930 1327 3251 1398 ἀποτίναξαι
3440 1313 3614 1415 ἀχλὺν

2035 1401 2131 1470 τῆς
2158 1405 2373 1474 μανίας·
2401 1407 2593 1477 βλέψον
2625 1413 2705 1474 είς
2736 1413 2858 1485 γῆν,
2910 1419 3005 1471 καὶ
3031 1419 3093 1472 τὸ
3127 1423 3228 1494 τῆς
3263 1401 3610 1507 φύσεωςῧτῆς.

2035 1496 2136 1565 σῆς
2166 1496 2390 1560 ἀσθενὲς
2419 1499 2777 1573 ἐνθυμήθητι·
2805 1507 3106 1581 ἀνάϐλεψον
3133 1517 3212 1579 είς
3236 1518 3327 1573 τὸν
3355 1496 3600 1594 οὐρανὸν,

2031 1591 2125 1644 καὶ
2154 1589 2250 1644 τοῦ
2285 1591 2524 1663 πολέμου
2551 1595 2614 1647 16
2650 1598 2880 1666 μέγεθος
2926 1602 3162 1672 λόγισαι·
3195 1611 3304 1667 τῶν
3331 1589 3608 1687 δαιμόνων

2029 1681 2128 1752 τὴν
2160 1682 2362 1754 ἀσθενῆ
2389 1684 2682 1740 διάπτυσον
2724 1695 3056 1765 συμμαχίαν·
3091 1700 3383 1773 σκόπησον,
3414 1681 3496 1760 ότι
3522 1712 3603 1782 τῷ

2031 1774 2248 1846 σταυρῴ
2296 1777 2641 1850 πεπληγότες
2681 1785 2729 1835 οί
2767 1783 3019 1855 δαίμονές
3051 1807 3108 1842 σε
3147 1797 3458 1870 προστάτην
3488 1774 3597 1855 τῶν

2030 1866 2231 1939 βωμῶν
2260 1869 2367 1923 τῶν
2391 1871 2606 1925 οἰκείων
2639 1875 3050 1944 προϐάλλονται.
3071 1881 3134 1932 Τί
3157 1883 3371 1952 διώκεις
3391 1866 3599 1947 ἀκατά-

2025 1961 2238 2033 ληπτα;
2262 1963 2315 2015 τί
2347 1964 2587 2030 τοξεύεις
2613 1967 2929 2040 ἀπέραντα;
2963 1973 3036 2044 μὴ
3073 1975 3181 2046 γάρ
3203 1980 3403 2051 τοίχοις
3423 1985 3598 2052 όΘεὸς

2023 2055 2424 2128 περιγράφεται
2445 2073 2460 2122 ;
2483 2057 2896 2132 ἀπερίγραπτον
2910 2064 2970 2116 τὸ
2987 2064 3148 2120 θεῖον·
3172 2069 3246 2140 μὴ
3271 2071 3377 2143 γὰρ
3397 2074 3596 2144 ὀφθαλ.

2023 2147 2146 2215 μοῖς
2185 2147 2213 2199 ὁ
2243 2147 2509 2218 ἡμέτερος
2545 2152 2823 2224 Δεσπότης
2872 2155 3097 2226 ὁρᾶται;
3133 2161 3447 2236 ἀθεώρητος
3485 2173 3595 2244 γάρ

2021 2240 2139 2292 ἐστι
2171 2241 2265 2294 καὶ
2290 2241 2528 2307 ἀνείδεος
2557 2246 2624 2315 τῇ
2663 2246 2822 2318 οὐσίᾳ
2841 2287 2856 2312 ,
2903 2250 3045 2303 κατὰ
3073 2252 3129 2305 δὲ
3167 2255 3227 2308 τὸ
3254 2240 3593 2329 ἀνθρώπινον

2018 2329 2290 2398 γράφεται
2324 2331 2418 2384 καὶ
2447 2333 2659 2402 ὁρᾶται.
2695 2335 2786 2405 Μὴ
2827 2337 2935 2409 γάρ
2959 2339 3104 2394 λίθον
3131 2346 3223 2398 καὶ
3248 2345 3404 2412 ξύλον
3433 2353 3595 2419 οίκεῖ,

2018 2423 2347 2502 πιπράσκων
2372 2426 2492 2478 ἀντὶ
2515 2425 2634 2496 βοὸς
2660 2427 2754 2480 καὶ
2779 2432 3050 2499 προϐάτου
3073 2436 3172 2506 τὴν
3199 2440 3485 2511 πρόνοιαν;
3515 2447 3592 2519 μὴ

2016 2514 2127 2585 γάρ
2182 2515 2364 2585 βωμὸς
2418 2521 2530 2581 τοῖς
2569 2520 3011 2592 συναλλάγμασιν
3068 2528 3234 2582 αὐτοῦ
3280 2514 3595 2605 μεσιτεύειξ

2013 2607 2163 2677 Αὕτη
2199 2607 2306 2660 τῶν
2355 2609 2464 2663 σῶν
2499 2610 2768 2681 δαιμόνων
2812 2616 2844 2685 ἡ
2899 2615 3077 2686 λίχνος
3126 2625 3518 2697 προσαίτησις·
3561 2633 3592 2684 ὁ

2014 2692 2145 2762 ἐμὸς
2169 2695 2463 2766 Δεσπότης,
2497 2698 2698 2766 μᾶλλον
2729 2700 2785 2753 δέ
2804 2704 2830 2754 ὁ
2848 2704 2958 2758 τῶν
2979 2706 3114 2760 ὅλων
3138 2692 3433 2787 Δεσπότης,
3456 2720 3592 2791 Χρι-

2015 2784 2141 2847 στὸς
2175 2786 2404 2857 οὐρανὸν
2431 2791 2590 2854 οίκεῖ,
2643 2792 2737 2844 καὶ
2788 2794 2990 2865 κόσμον
3034 2801 3258 2872 ἡνιοχεῖ,
3303 2784 3396 2861 καὶ
3428 2784 3589 2868 θυσία

2011 2873 2184 2946 τούτῳ
2205 2874 2354 2948 ψυχὴ
2372 2877 2505 2947 πρὸς
2525 2880 2687 2933 αὐτὸν
2709 2882 3056 2952 ἀνανεύουσα,
3077 2892 3173 2958 μία
3192 2895 3365 2968 τούτῳ
3389 2902 3587 2972 τροφὴ,

2011 2965 2118 3022 τῶν
2144 2969 2506 3023 πιστευόντων
2528 2974 2791 3044 σωτηρία.
2819 2977 3032 3033 Παῦσαι
3061 2983 3201 3036 κατά
3224 2987 3322 3058 τῆς
3358 2991 3586 3064 Ἐκκλη-

2011 3059 2132 3119 σίας
2176 3057 2246 3112 τὰ
2287 3057 2426 3112 ὅπλα
2475 3060 2676 3114 κινῶν·
2729 3065 2825 3118 ἐπὶ
2868 3067 2973 3138 γῆς
3027 3070 3088 3122 16
3109 3057 3395 3146 ποίμνιον,
3427 3057 3586 3136 καί.υό

2008 3149 2314 3219 ποιμαίνων
2349 3152 2407 3203 ἐν
2436 3152 2671 3225 οὐρανῷ·
2708 3157 2801 3209 ἐπὶ
2829 3159 2931 3230 γῆς
2953 3161 3009 3214 αἱ
3029 3162 3379 3235 κληματίδες,
3409 3174 3503 3226 καὶ
3524 3177 3583 3229 ἐν

2007 3237 2222 3310 οὐρανῷ
2252 3241 2284 3310 ἡ
2320 3241 2583 3310 ἄμπελος·
2623 3244 2690 3298 ἂν
2718 3245 2775 3299 δὲ
2811 3249 3047 3324 ἐκτέμῃς
3073 3254 3171 3319 τὰς
3208 3258 3580 3330 κληματίδας,

2009 3329 2466 3397 πολυπλασιάζεις
2514 3333 2610 3404 τὴν
2657 3337 2922 3406 ἄμπελον.
2964 3343 3179 3416 Λύθρου
3222 3329 3486 3421 γέμουσιν
3523 3360 3580 3411 αἱ

2005 3422 2187 3492 χεῖρές
2211 3441 2325 3490 σου,
2351 3426 2412 3479 τὸ
2447 3426 2599 3497 ξίφος
2623 3428 2684 3481 16
2723 3430 2814 3483 σὺν
2851 3433 2960 3486 ἀπὸ
2991 3435 3249 3507 θυμάτων
3279 3445 3426 3499 ἐστὶν
3458 3450 3582 3501 ἀλόο

2003 3532 2138 3583 γων·
2173 3519 2356 3588 φεῖσαι
2385 3519 2493 3572 τῶν
2517 3522 2776 3577 ἀναιτίων
2807 3525 3160 3600 θρεμμάτων,
3190 3538 3282 3588 καὶ
3311 3539 3440 3608 ἡμῖν
3467 3548 3581 3607 τοῖς

2003 3606 2317 3678 ἐλέγχουσιν
2343 3608 2554 3679 ἐπαφες
2580 3612 2675 3666 16v
2699 3614 2938 3686 σίδηρον·
2977 3623 3156 3688 φεῖσαι
3187 3624 3296 3677 τῶν
3328 3631 3578 3683 σιωπών-

1999 3715 2106 3754 των
2123 3699 2354 3768 ἀλόγων,
2369 3700 2464 3754 καὶ
2483 3703 2514 3772 ἠ
2525 3703 2630 3770 μᾶς
2641 3704 2765 3768 τοὺς
2782 3710 3222 3780 κατηγοροῦντας
3239 3715 3572 3786 ἀπόσφαττε.

1999 3792 2076 3844 Οὐ
2120 3793 2229 3864 γὰρ
2259 3792 2401 3850 οὕτω
2454 3794 2728 3866 φοϐοῦ-μαι
2757 3799 2848 3853 τὸν
2875 3801 3202 3873 ἀνδροφόνον
3232 3808 3466 3881 σίδηρον,
3501 3815 3573 3879 ὡς

1996 3883 2089 3936 16v
2136 3883 2440 3955 ἐπιϐώμιον
2486 3886 2749 3940 πέλεκυν·
2808 3889 2837 3940 6
2875 3892 3198 3963 ἀνδροφόνος
3245 3901 3462 3972 σίδηρος
3513 3906 3578 3957 16

2001 3975 2160 4047 σῶμα
2189 3976 2605 4048 διασπαράττει,
2631 3980 2661 4030 ό
2684 3980 2984 4052 ἐπιϐώμιος
3015 3986 3246 4052 πέλεκυς
3271 3992 3370 4061 τὴν
3397 3994 3554 4066 ψυχὴν

1996 4068 2230 4138 ἀναιρεῖ·
2252 4069 2281 4120 6
2301 4067 2626 4142 ἀνδροφόνος
2643 4071 2758 4142 σίδη
2769 4089 2857 4143 ρος
2878 4074 2938 4126 τὸ
2967 4076 3227 4148 θυόμενον
3257 4089 3546 4154 κατασφάτ

1995 4174 2100 4222 τει,
2131 4159 2162 4210 ό
2181 4157 2236 4210 δὲ
2269 4157 2573 4229 ἐπιϐώμιος
2611 4161 2848 4227 πέλεκυς
2867 4165 2960 4218 καὶ
2987 4166 3048 4219 16
3066 4167 3329 4241 θυόμενον
3356 4175 3449 4226 καὶ
3478 4178 3569 4231 τὸν

1999 4244 2192 4300 θύοντα
2226 4248 2604 4303 συναπόλλυσι.
2629 4251 2776 4322 Τέμε
2806 4252 2895 4305 τὸν
2928 4254 3128 4325 αὐχένα
3165 4257 3255 4311 τὸν
3285 4261 3416 4332 ἐμὸν
3435 4304 3447 4324 ,
3477 4266 3572 4322 καὶ

1999 4339 2075 4410 μὴ
2102 4338 2335 4411 μολύνῃς
2379 4339 2780 4414 θυσιαστήριον·
2834 4343 2980 4415 ἔχεις
3027 4348 3448 4407 αὐτοκέλευστον
3494 4358 3572 4413 is.

1998 4435 2159 4502 ρεῖον,
2200 4432 2254 4485 τί
2301 4431 2394 4486 τὸν
2439 4432 2723 4506 δεσμώτην
2763 4438 2961 4508 ταῦρον
2995 4440 3322 4498 ἀνανεύοντα
3360 4463 3570 4518 συμπο-

1990 4519 2186 4590 δίζειςς
2227 4521 2293 4576 Et
2313 4522 2462 4578 θύειν
2493 4525 2815 4596 ἐπιθυμεῖς,
2863 4529 2922 4580 ἐν
2969 4531 3081 4594 τοῖς
3118 4531 3220 4601 τῆς
3269 4534 3567 4608 ἐκκλησίας

1991 4612 2287 4684 προθύροις
2316 4613 2412 4667 θύε
2444 4613 2660 4684 λογικὸν
2691 4618 2909 4687 ίερεῖον.

2057 4770 2134 4824 Οὐ
2159 4771 2315 4845 φέρει
2351 4774 2451 4844 τὴν
2477 4775 2714 4846 ἄμετρον
2753 4780 2784 4832 ό
2813 4779 3077 4852 τύραννος
3107 4791 3422 4861 παρρησίαν
3465 4797 3562 4850 τοῦ

1988 4861 2286 4934 μάρτυρος,
2320 4863 2434 4918 ἀλλ’
2458 4865 2620 4928 εὐθὺς
2659 4867 2770 4921 ἀπὸ
2799 4869 2899 4940 τῆς
2927 4872 3174 4948 γλώττης
3195 4881 3290 4934 τοῦ
3322 4884 3561 4956 θύματος

1985 4953 2229 5024 ἄρχεται.
2275 4955 2560 5026 Ἐκτέμνει
2591 4957 2770 5012 τοίνυν
2790 4961 2887 5033 τὴν
2919 4964 3187 5038 γλῶτταν,
3221 4974 3320 5028 οὐκ
3352 4978 3562 5034 ἀνελεῖν

1985 5045 2326 5117 βουλόμενος,
2349 5047 2485 5102 ἀλλά
2505 5048 2582 5120 τῷ
2602 5051 2918 5124 κηρύγματι
2939 5059 3210 5132 πολεμῶν·
3230 5067 3291 5121 οὐ
3309 5071 3558 5127 τοσοῦτον

1982 5140 2061 5210 τῷ
2093 5142 2296 5211 κήρυκι
2322 5141 2552 5210 φθονῶν,
2571 5143 2691 5197 ὅσον
2717 5144 2793 5214 τῷ
2817 5153 3206 5226 κηρυττομένῳ
3229 5156 3558 5231 βασκαίνων,

1983 5231 2126 5284 Ἀλλ’
2154 5232 2217 5285 '0
2240 5232 2656 5303 δρασσόμενος
2683 5236 2821 5302 τοὺς
2844 5242 3078 5308 σοφοὺς
3104 5245 3173 5299 ἐν
3195 5247 3270 5316 τῇ
3300 5266 3560 5320 amr-cvp-

1981 5323 2079 5393 γίᾳ
2110 5323 2327 5389 αὐτῶν,
2365 5325 2425 5378 16
2474 5325 2748 5398 ἐκτμηθὲν
2785 5328 3018 5401 ὄργανον
3047 5335 3146 5404 τῆς
3173 5339 3355 5407 φωνῆς
3384 5339 3443 5404 ἐξ
3467 5345 3527 5394 οὐ
3561 5375 3574 5398 .-

1981 5415 2144 5486 ρανοῦ
2178 5417 2493 5483 ἀποδίδωσι,
2518 5420 2612 5473 καὶ
2641 5421 2859 5494 ἀοράτῳ
2883 5425 3093 5498 γλώττῃ
3124 5429 3216 5482 τὸν
3245 5432 3554 5500 χωλεύοντα

1979 5505 2213 5574 φθόγγον
2245 5506 2614 5577 ὐποστηρίζει,
2645 5511 2739 5564 καὶ
2773 5511 3054 5582 χαρίζεται
3078 5514 3153 5585 τῷ
3179 5516 3438 5592 ἀγλώττῳ
3456 5523 3556 5595 τὴν

1978 5594 2181 5664 φωνὴν,
2208 5594 2352 5667 ἔργῳ
2371 5596 2470 5667 τὴν
2499 5597 2847 5670 ἀνθρωπίνην
2885 5601 3248 5672 δημιουργίαν
3279 5594 3557 5666 ἐνδεικνύι.

1983 5698 2143 5750 μενος
2171 5683 2248 5755 τῷ
2291 5686 2556 5759 τυράννῳ.
2593 5687 2701 5743 Καὶ
2740 5688 2989 5760 καθάπερ
3031 5691 3082 5744 οί
3116 5694 3426 5771 φρεωρύχοι
3452 5698 3554 5765 τὰς
