4080 6196
252 290 354 351 ὓὶἾ

261 428 375 469 rum
408 409 648 465 fossores
676 404 802 461 dum
832 401 1082 458 fodiendo
1107 412 1269 456 venas
1289 395 1566 466 aperiunt,
1597 391 1854 458 efﬁciunt,

263 516 318 560 ut
348 503 538 561 laxiori
563 509 741 558 meatu
769 499 1008 555 ferantur
1026 512 1178 568 aquae
1202 513 1216 550 :
1245 495 1321 550 sic
1341 502 1396 549 et
1424 502 1701 564 tyrannus,
1729 490 1857 544 dum

265 599 455 668 linguae
480 593 718 650 radicem
749 592 890 648 ferro
921 589 1186 662 perfodit,
1232 584 1724 643 vehementioribus
1770 600 1860 640 re-

265 689 683 762 prehensionum
713 685 972 742 scatebris
1006 683 1348 739 obruebatur.
1382 680 1679 736 Voluissem
1705 680 1859 750 equi-

263 784 382 835 dem
413 781 466 835 in
495 779 660 847 hujus
698 777 952 849 martyris
992 782 1306 846 argumento
1343 774 1699 829 exsultantem
1735 789 1859 828 ora-

267 875 462 928 tionem
494 871 563 927 ad
594 870 754 933 finem
782 884 951 940 usque
971 869 1235 925 deducere
1268 888 1281 924 :
1313 879 1366 923 at
1386 868 1516 939 justi
1544 867 1696 937 Spatii
1727 877 1861 924 tem-

265 980 361 1033 pus
391 962 649 1031 advenit,
682 970 737 1017 et
779 971 837 1018 ut
873 961 1124 1017 sileamus
1154 961 1400 1016 hortatur
1429 980 1443 1014 :
1475 976 1600 1015 nam
1630 969 1683 1015 et
1710 959 1864 1015 vobis

265 1055 329 1109 ad
359 1055 646 1111 utilitatem
672 1053 788 1110 haec
823 1053 966 1110 dicta
991 1052 1300 1122 sufficiunt,
1331 1061 1386 1110 et
1411 1054 1711 1110 necessaria
1737 1061 1865 1109 sunt

1299 1279 1472 1289 ...ι-...μ

300 1293 2568 1321 W

1507 275 1596 332 DE
1635 268 2062 328 MACCABASIS.
2104 264 2140 320 l.

3439 261 3542 316 618

1962 382 2128 454 patris
2154 378 2228 451 (a)
2255 377 2602 443 documenta,
2653 385 2709 431 ut
2737 377 2874 433 dicta
2916 378 3002 432 illa
3043 377 3400 448 perficiantur.
3439 383 3546 437 Nos

1959 491 2088 531 vero
2116 484 2170 529 et
2199 489 2283 540 ea,
2313 487 2432 542 qua:
2458 471 2597 526 dicta
2649 479 2805 536 sunt,
2838 471 3110 526 memoria:
3151 471 3270 527 sinu
3309 474 3536 542 compte»

1961 577 2167 624 ctamur
2189 609 2203 632 ,
2231 575 2284 621 et
2310 567 2373 621 iis
2405 581 2524 636 qum
2552 563 2775 619 dicenda
2804 573 2928 618 sunt
2965 564 3156 618 animae
3181 565 3358 621 sulcos
3382 570 3549 636 expli-

1962 675 2165 725 cemus,
2192 673 2254 713 ac
2279 673 2441 728 super
2464 657 2639 711 omnia
2666 655 3042 710 miraculorum
3074 655 3376 713 effectorem
3397 659 3552 714 Chri-

1963 749 2448 812 stum'adoremus;
2481 748 2729 818 quoniam
2769 747 2871 817 ipsi
2914 747 3082 818 glo'ria
3124 763 3247 805 cum
3293 749 3451 804 Patre
3489 765 3555 804 ae

1965 842 2301 897 sanctissimo
2329 841 2548 910 Spiritu,
2579 855 2719 896 nunc
2741 850 2796 896 et
2825 855 3056 910 semper,
3076 840 3200 896 etin
3225 842 3420 899 saacuta
3449 861 3553 900 sa:-

1967 933 2230 989 culorum.
2261 934 2453 988 Amen.

2037 1067 2110 1131 (a)
2145 1073 2215 1116 De
2235 1065 2456 1117 Flaviano
2470 1065 2701 1130 loquitur.

2575 1271 3545 1302 πει

1729 1601 2083 1663 MONITUM
2094 1645 2108 1657 .

293 1850 685 1924 peregrinum:
721 1847 846 1921 styli
877 1862 1048 1918 genus
1092 1844 1386 1915 strigosum
1431 1851 1532 1909 est,
1557 1840 1742 1896 omnia
1778 1852 1878 1893 ceu
1912 1837 1968 1891 in
1995 1845 2312 1891 transcursu
2353 1832 2651 1896 dicuntur;
2691 1844 2867 1899 neque
2901 1837 3080 1884 tamen
3121 1843 3237 1883 eam
3267 1827 3386 1883 loco
3424 1841 3546 1879 mo-

280 1969 513 2025 vendam
553 1979 677 2022 esse
723 1963 949 2034 putavi:
987 1961 1124 2018 satis
1153 1959 1302 2015 enim
1340 1957 1446 2014 erit
1486 1954 1806 2025 scrupulum
1855 1951 2152 2014 indicasse,
2185 1963 2253 2004 ne
2291 1948 2411 2017 quis
2462 1963 2584 2002 eam
2637 1955 2697 2001 ut
2749 1955 2960 2001 certum
2995 1944 3054 2000 S.
3086 1945 3328 2000 doctoris
3370 1947 3538 2001 fetum

281 2089 501 2144 habeat.
525 2063 527 2065 1
551 2084 693 2140 Huic
719 2082 1043 2154 subjicimus
1086 2079 1451 2151 fragmentum
1483 2074 1760 2147 quoddam
1801 2071 1861 2128 S.
1897 2069 2125 2126 Joannis
2155 2067 2537 2138 Chrysostomi
2581 2065 2636 2120 in
2686 2064 3018 2121 Maccabaeos
3045 2080 3079 2123 a
3108 2063 3317 2120 Joanne
3349 2064 3547 2120 Dama-

287 2216 453 2260 sceno
475 2200 700 2255 allatum
725 2197 820 2251 lib.
849 2211 907 2251 ιιι
935 2195 1004 2250 de
1031 2192 1385 2262 Imaginibus,
1410 2189 1557 2262 quod
1592 2188 1649 2242 in
1671 2186 1822 2241 nulla
1856 2186 2018 2240 trium
2049 2182 2404 2238 homiliarum
2435 2180 2695 2236 occurrit.

350 2311 552 2367 Prima
602 2310 656 2364 in
703 2306 1038 2362 Maccabaeos
1079 2303 1320 2358 homiliae
1365 2300 1876 2370 lnterpretationem
1930 2297 2180 2353 Latinam
2228 2294 2421 2350 incerti
2473 2293 2765 2364 cujusdam
2820 2292 2963 2360 viri,
3015 2301 3202 2362 utpote
3251 2310 3544 2365 παραφρα-

287 2423 487 2487 στικῶς
509 2421 857 2486 adornatam,
881 2416 1194 2489 rejecimus,
1214 2428 1521 2484 novamque
1553 2410 1888 2484 paravimus.
1922 2397 2187 2466 Secundae
2212 2415 2266 2463 et
2295 2405 2468 2462 tertiae
2496 2406 2876 2477 lnterpretatio
2904 2415 2989 2463 est
3015 2405 3305 2462 Frontonis
3340 2404 3541 2462 Ducaai.

1875 2849 3466 2879 ______________________________

1189 2979 1304 3052 IN
1355 2971 1822 3052 SANCTOS
1875 2974 2580 3069 MACCABZEOS,

1566 3147 1649 3190 ΒΤ
1692 3144 1758 3188 IN
1800 3145 2076 3191 MATER”
2118 3145 2364 3195 EORUH.

1730 3275 2155 3320 -ωθθαοεωο-

854 3433 1073 3475 ιιοιιιιιΑ
1111 3431 1127 3470 ι
1160 3411 1259 3485 (ιι).

358 3519 409 3576 1.
455 3517 742 3589 Martyrum
785 3528 900 3567 ossa
943 3507 1252 3564 darmonibus
1298 3503 1558 3558 terribilia.
1603 3531 1675 3542 —
1707 3500 1876 3569 Quam

275 3604 531 3682 speciosa
559 3607 714 3664 nobis
736 3614 790 3662 et
814 3606 934 3660 lmta
963 3601 1147 3656 civitas
1172 3599 1186 3652 !
1215 3613 1372 3668 quam
1395 3603 1508 3652 toto
1537 3609 1678 3650 anno
1703 3595 1879 3665 splen-

287 3704 466 3758 didior
503 3702 620 3754 harc
656 3697 802 3752 dies!
849 3709 954 3748 non
994 3693 1106 3746 sole
1133 3690 1151 3722 ¹
1193 3687 1448 3742 clariores
1472 3727 1488 3752 ,
1533 3699 1692 3755 quam
1731 3698 1881 3738 more

288 3793 449 3848 solito
473 3832 488 3856 ,
521 3789 702 3844 radios
730 3787 784 3841 in
820 3794 1015 3839 terram
1053 3778 1361 3836 et'fundente
1383 3817 1398 3842 ,
1441 3773 1536 3830 sed
1574 3781 1880 3828 sanctorum

293 3892 588 3954 martyrum
617 3880 734 3933 luce
763 3877 880 3946 plus
905 3917 920 3942 ,
953 3888 1109 3944 quam
1139 3870 1344 3940 fulgur,
1376 3876 1540 3922 totam
1565 3861 1719 3921 nobis
1747 3864 1882 3918 civi-

297 3987 462 4031 tatem
489 3971 774 4028 irradiante
803 3987 817 4023 :
860 3965 1126 4022 sexcentis
1157 3965 1297 4018 enim
1327 3960 1530 4015 solibus
1557 3956 1887 4028 Splendidio-

291 4084 383 4126 res
406 4068 463 4122 hi
494 4073 660 4132 sunt,
701 4077 765 4117 ac
806 4057 1012 4131 magnis
1050 4053 1398 4111 luminaribus
1442 4052 1713 4108 clariores.
1749 4049 1885 4104 Pro-

295 4173 416 4232 pter
444 4161 568 4215 illos
597 4156 757 4211 hodie
781 4163 922 4210 terra
947 4150 1185 4207 ornatior
1209 4155 1330 4214 est,
1368 4161 1526 4214 quam
1566 4144 1738 4214 ipsum
1781 4157 1888 4197 cte-

295 4257 426 4310 lum.
461 4251 544 4307 Ne
570 4249 699 4305 mihi
725 4247 998 4319 pulverem
1025 4243 1172 4298 dicas
1195 4255 1309 4307 ,-ne
1336 4237 1465 4294 mihi
1486 4236 1718 4292 cinerem
1749 4233 1892 4305 cogi-

302 4356 383 4400 tes
407 4385 422 4409 ,
449 4341 538 4397 vel
564 4354 684 4395 ossa
713 4348 952 4407 tempore
984 4339 1300 4402 consumpta
1343 4344 1358 4383 ε
1410 4327 1503 4383 sed
1549 4326 1670 4381 fidei
1709 4324 1893 4380 oculos

243 4415 254 4448 τ
303 4435 496 4506 aperi,
527 4442 582 4489 et
609 4431 730 4486 vide
772 4427 1097 4484 assidentem
1138 4423 1268 4494 ipsis
1310 4420 1407 4476 Dei
1443 4419 1693 4474 virtutem
1718 4458 1734 4483 ,
1782 4431 1896 4471 am-

299 4529 542 4584 hientem
572 4525 719 4594 ipsos
755 4519 987 4592 Spiritus
1027 4513 1252 4587 gratiam
1278 4553 1294 4580 ,
1333 4509 1708 4568 circumfusam
1736 4507 1894 4562 caele-

303 4621 406 4674 stis
434 4615 649 4674 luminis
671 4613 917 4685 gloriam.
943 4607 1060 4664 Non
1087 4606 1221 4661 tales
1250 4620 1316 4660 ex
1344 4603 1506 4660 solari
1531 4601 1661 4657 orbe
1694 4600 1749 4654 in
1787 4609 1898 4653 ter-

299 4725 423 4766 ram
452 4709 766 4763 emittuntur
801 4701 978 4768 radii,
1019 4698 1203 4770 quales
1243 4710 1310 4751 ex
1345 4693 1547 4750 sanctis
1586 4689 1900 4764 corporibus

303 4801 649 4872 prosilientes
673 4794 910 4866 fulgores
945 4789 1142 4846 diaboli
1168 4787 1352 4844 oculos
1381 4791 1672 4842 excmcant.
1699 4783 1900 4850 Quem-

301 4889 596 4948 admodum
623 4887 764 4943 enim
808 4882 1118 4957 prmdonum
1153 4880 1318 4935 duces
1341 4918 1358 4946 ,
1401 4887 1494 4933 aut
1534 4875 1900 4948 sepulcrorum

301 4984 598 5040 etl‘ossores
622 5021 640 5047 ,
689 4977 779 5033 ubi
832 4975 1015 5030 vident
1059 4970 1401 5042 imperatoria
1443 4983 1591 5023 arma
1630 4967 1859 5037 iacentia
1883 5003 1899 5031 ,

301 5075 532 5131 loricam
559 5112 574 5139 ,
628 5070 876 5142 clypeum
901 5108 917 5134 ,
965 5065 1168 5136 galeam
1193 5105 1208 5130 ,
1254 5077 1386 5118 auro
1441 5069 1552 5115 tota
1602 5057 1855 5130 fulgentia
1881 5097 1902 5128 ,

299 5167 492 5221 statim
517 5161 798 5226 resiliunt,
831 5170 1189 5229 magnumque
1217 5152 1550 5223 suspicantes
1577 5150 1866 5222 perieulum
1884 5189 1902 5216 ,

301 5270 489 5326 neque
514 5249 772 5309 accedere
800 5263 974 5318 neque
1005 5261 1068 5302 ea
1105 5245 1414 5316 contingere
1455 5242 1694 5298 audent:
1735 5242 1813 5296 sic
1852 5249 1907 5296 et

298 5348 590 5401 (Immunes
617 5357 743 5398 vere
781 5341 1090 5412 prmdonum
1123 5337 1287 5392 duces
1310 5335 1686 5405 ,‘ubicumque
1725 5333 1908 5388 vident

301 5448 610 5508 martyrum
636 5447 861 5504 corpora
884 5428 1152 5502 iacentia,
1197 5427 1373 5482 statim
1417 5425 1623 5496 fugiunt
1668 5439 1731 5479 ac
1774 5423 1908 5478 resi-

381 5551 396 5581 ¹
429 5541 628 5598 ἰιιὶιίιιιιι
650 5547 722 5596 sic
732 5542 886 5609 effert
906 5539 1048 5609 savii.
1073 5541 1122 5609 in
1141 5553 1315 5609 marg,
1336 5548 1485 5609 Qimm
1507 5537 1722 5609 speciosa
1745 5535 1909 5609 cheir-

301 5609 621 5673 nrmfulggts
644 5607 880 5658 hodierna
903 5603 1042 5673 dies_!
1073 5604 1170 5654 imo
1203 5601 1381 5652 σίτοιο
1415 5601 1541 5651 anno
1585 5601 1907 5664 splendidior.

300 5662 627 5734 εικεὲιάὶωον
643 5676 820 5734 autem,
845 5681 938 5719 non
955 5666 1071 5725 sole,
1097 5673 1194 5734 etc.

386 5735 460 5798 (a)
491 5731 790 5785 contulimus
811 5724 919 5782 cum
940 5724 1234 5792 MSSJicKiiS
1255 5724 1378 5776 25ιῦ
1403 5732 1452 5776 et
1474 5725 1534 5775 Ἃ
1545 5725 1614 5774 t7.

1981 3412 2134 3467 liunt.
2174 3411 2293 3468 Non
2322 3415 2463 3470 enim
2505 3415 2560 3471 in
2599 3418 2876 3472 mortalem
2910 3429 3150 3475 naturam
3180 3437 3362 3478 eorum
3404 3424 3573 3495 respi-

1984 3505 2173 3573 ciunt,
2221 3506 2315 3562 sed
2362 3508 2415 3562 in
2459 3522 2710 3566 arcanam
2752 3509 2985 3578 Christi,
3039 3515 3128 3584 qui
3176 3515 3261 3570 illa
3310 3519 3574 3586 gestavit,

1987 3595 2318 3668 dignitatem.
2353 3600 2479 3656 Haec
2508 3602 2706 3674 quippe
2729 3619 2875 3659 arma
2905 3621 3010 3660 non
3040 3607 3257 3677 angelus
3282 3650 3296 3674 ,
3339 3623 3444 3662 non
3487 3624 3574 3664 ar-

1987 3689 2276 3760 changelus
2302 3733 2316 3757 ,
2365 3708 2472 3748 non
2511 3694 2614 3749 alia
2643 3697 2904 3768 quaapiam
2941 3707 3123 3753 creata
3163 3700 3331 3754 virtus
3371 3701 3576 3767 induit,

1990 3779 2089 3834 sed
2139 3781 2254 3850 ipse
2309 3784 2618 3854 angelorum
2675 3787 2950 3842 Dominus.
3006 3791 3084 3844 Ae
3133 3791 3579 3860 quemadmodum

1991 3871 2190 3928 Paulus
2211 3874 2478 3930 clamabat
2504 3877 2689 3966 diceps
2721 3897 2735 3932 :
2766 3879 2847 3932 Λιι
2876 3882 3269 3950 experimentum
3307 3885 3416 3953 ejus
3441 3899 3580 3952 quato

1991 3964 2102 4018 ritis
2126 4005 2140 4028 ,
2169 3966 2255 4036 qui
2282 3967 2334 4020 in
2364 3983 2444 4021 me
2467 3964 2721 4039 loquitur,
2753 3970 2941 4025 Christi
2972 3970 3048 4044 (2.
3077 3972 3193 4027 Cor.
3227 3975 3312 4028 l5.
3342 3975 3376 4030 5
3398 3973 3417 4046 )
3437 3974 3464 4027 Υ
3507 3976 3582 4032 sic

1994 4064 2050 4110 et
2078 4056 2162 4111 isti
2192 4067 2414 4128 possunt
2440 4059 2674 4115 clamare
2700 4076 2764 4116 ac
2791 4061 2970 4117 dicere
2993 4105 3008 4130 ,
3051 4065 3132 4118 An
3162 4065 3583 4134 experimentum

1994 4147 2230 4217 quaeritis
2251 4148 2369 4218 ejus
2393 4190 2407 4216 ,
2430 4150 2518 4220 qui
2547 4149 2598 4204 in
2621 4151 2774 4206 nobis
2795 4154 3017 4208 certavit
3042 4197 3056 4221 ,
3079 4155 3274 4209 Christi
3297 4157 3320 4210 ?
3347 4156 3584 4213 Pretiosa

1997 4240 2140 4294 enim
2167 4249 2290 4295 sunt
2313 4256 2536 4312 corpora
2557 4283 2572 4309 ,
2594 4244 2714 4314 quia
2737 4244 2918 4316 plagas
2943 4262 3038 4316 pro
3065 4247 3290 4302 Domino
3316 4263 3412 4303 suo
3437 4263 3587 4304 acce-

1998 4339 2233 4402 perunt,
2263 4333 2385 4404 quia
2413 4334 2660 4404 stigmata
2691 4345 2909 4407 propter
2932 4338 3202 4395 Christum
3240 4350 3467 4410 gestant.
3513 4343 3589 4398 Ac

2000 4422 2138 4478 sicut
2163 4439 2360 4479 corona
2391 4425 2731 4496 imperatoria
2760 4429 2922 4484 variis
2949 4431 3142 4500 lapillis
3171 4431 3406 4503 undique
3431 4432 3591 4488 deco-

2001 4524 2116 4568 rata
2143 4513 2381 4586 fulgores
2406 4518 2582 4575 varios
2610 4520 2805 4574 emittit
2829 4563 2843 4588 ,
2874 4522 2943 4575 ita
2973 4531 3027 4576 et
3055 4531 3358 4579 sanctorum
3387 4534 3590 4597 marty-

2001 4619 2121 4659 rum
2146 4619 2374 4676 corpora
2400 4649 2416 4674 ,
2445 4609 2596 4678 quasi
2629 4609 2822 4679 lapillis
2848 4612 3094 4680 pretiosis
3117 4655 3132 4679 ,
3165 4615 3472 4669 vulneribus
3495 4629 3594 4686 pro

2003 4693 2217 4750 Christo
2251 4697 2514 4767 susceptis
2543 4697 2792 4754 distincta
2821 4741 2836 4767 ,
2864 4701 3008 4755 omni
3038 4701 3381 4772 imperatorio
3405 4703 3593 4760 diade-

2006 4794 2148 4842 mate
2192 4789 2507 4858 pretiosiora
2554 4799 2606 4845 et
2653 4792 3039 4849 venerabiliora
3087 4795 3354 4852 videntur.
3414 4797 3594 4856 Exteri

2007 4877 2220 4947 quidem
2275 4879 2610 4950 agonothetaa
2653 4883 2948 4938 certamina
3000 4891 3424 4956 constituentes,
3479 4905 3595 4947 rem

2008 4967 2294 5024 admodum
2323 4971 2668 5040 spectabilem
2698 4989 2820 5030 esse
2849 4984 3075 5046 putant,
3103 4994 3224 5034 cum
3259 4980 3483 5051 juvenes
3508 4999 3597 5039 ro-

2008 5058 2296 5131 bustosque
2334 5061 2563 5119 athletas
2597 5065 2650 5119 in
2686 5075 2975 5122 scammata
3019 5077 3074 5124 et
3110 5073 3402 5128 certamina
3447 5075 3608 5129 indu-

2009 5161 2137 5207 cunt
2163 5192 2178 5218 ,
2217 5151 2289 5207 ita
2316 5161 2375 5208 ut
2399 5153 2484 5209 vel
2512 5164 2795 5226 antequam
2822 5160 3113 5214 certamina
3153 5163 3471 5233 incipiantur
3490 5206 3505 5227 ,
3535 5180 3601 5219 ex.

2010 5245 2147 5300 bona
2169 5247 2530 5302 membrorum
2557 5247 2867 5306 habitudine
2889 5249 2941 5305 in
2964 5251 3370 5309 admirationem
3395 5265 3573 5324 specta
3591 5293 3616 5306 ..

2012 5347 2157 5395 tores
2183 5350 2468 5395 moveant:
2500 5340 2588 5397 hic
2614 5358 2742 5399 vero
2767 5359 2873 5398 non
2913 5344 2983 5399 ita
3019 5360 3078 5401 se
3109 5361 3198 5401 res
3223 5346 3418 5411 habet,
3451 5347 3544 5401 sed
3591 5373 3616 5405 ι’

2011 5431 2280 5486 contrario
2323 5432 2521 5486 omnia.
2550 5434 2789 5504 Agonem
2830 5435 2974 5490 enim
3016 5450 3322 5506 proponens
3359 5436 3486 5490 Clll‘l
3514 5451 3598 5496 stt;

2013 5536 2118 5577 non
2147 5523 2305 5578 talem
2337 5522 2548 5594 qualem
2579 5524 2692 5593 illi,
2719 5524 2814 5580 sed
2854 5523 3178 5579 horrendum
3216 5533 3273 5581 et
3315 5523 3507 5580 formid
3541 5544 3602 5582 an:

2014 5614 2139 5669 dum
2173 5632 2184 5668 :
2227 5616 2422 5688 quippe
2465 5630 2572 5670 non
2614 5615 2891 5672 hominum
2935 5615 3192 5671 adversus
3237 5616 3479 5674 homines
3522 5638 3554 5678 e
3590 5639 3634 5675 δ.

2016 5710 2153 5766 lucta
2178 5747 2194 5777 ,
2218 5707 2312 5764 sed
2335 5709 2610 5767 hominum
2633 5709 2890 5768 adversus
2906 5708 3176 5806 dcemopes
3196 5720 3466 5769 certamen
3486 5722 3568 5769 est
