4080 6196
492 302 593 357 πη

492 418 653 470 talem
678 452 694 476 ,
723 411 936 477 inquam
958 444 983 467 ,
1003 412 1227 469 agonem
1260 391 1409 445 nobis
1454 394 1754 455 proponens
1776 419 1793 442 ,

497 464 1061 561 'roh'ustosque
1104 486 1333 540 athletas
1386 478 1452 531 ad
1494 471 1781 529 certamina
1829 464 2068 527 induxit,

496 595 595 652 sed
618 584 1040 648 adolescentulos
1061 621 1077 645 ,
1105 592 1169 632 ac
1194 589 1315 630 cum
1358 570 1463 625 illis
1492 579 1672 621 senem
1719 561 2028 615 Eleazarum
2050 594 2067 619 ,

500 682 733 753 itemque
771 676 1044 735 mulierem
1073 667 1303 724 vetulam
1326 704 1343 728 ,
1371 655 1783 715 adolescentium
1824 656 2069 749 matrem.

500 777 635 845 Quid
649 738 764 827 -hoc
794 770 948 839 igitur
968 764 1091 819 est?
1117 758 1427 814 inutilemne
1454 759 1661 805 :etatem
1690 743 1756 798 ad
1785 738 2070 845 certamina

502 832 554 923 et
582 832 867 920 scammala
898 854 1089 912 ducis?
1114 850 1231 921 quis
1267 844 1467 901 audivit
1508 851 1756 907 umquam
1794 832 2071 888 mulierem

502 961 552 1011 in
583 918 726 1010 tanta
765 956 1037 1005 senectute
1065 918 1446 998 concertasse?
1488 931 1655 985 Nemo
1696 924 1896 981 audivit
1926 940 1940 976 :
1979 918 2075 975 sed

495 1065 635 1119 ego,
685 1045 897 1115 inquit,
948 1040 1093 1095 illam
1135 1049 1249 1090 rem
1299 1024 1701 1085 incredibilem,
1748 1032 1985 1119 novam,-
2022 1020 2077 1066 et

500 1108 785 1208 numquam
815 1130 1038 1187 antehae
1056 1126 1311 1188 auditam,
1355 1120 1483 1188 ipsis
1502 1114 1752 1185 operibus
1772 1108 2077 1164 credibilem

499 1201 711 1284 faciam.
740 1223 855 1279 Non
886 1221 1029 1276 enim
1056 1219 1101 1272 is
1120 1211 1434 1285 agonotheta
1459 1223 1574 1261 sum
1602 1220 1701 1273 ego
1724 1245 1741 1269 ,
1761 1201 1850 1272 qui
1872 1209 2080 1253 certan-

499 1321 632 1373 tium
673 1314 851 1369 virtuti
888 1310 1065 1366 omnia
1106 1304 1473 1362 committam;
1517 1296 1611 1351 sed
1649 1294 1835 1347 adsum
1864 1331 1880 1355 ,
1920 1301 2077 1356 opem

503 1412 616 1465 fcro
642 1418 963 1473 manumque
989 1398 1200 1454 athletis
1227 1395 1361 1449 meis
1390 1390 1601 1461 porrigo
1624 1428 1639 1449 ,
1670 1395 1724 1439 et
1758 1383 1836 1436 rei
1868 1381 1936 1433 ab
1976 1378 2080 1433 illis

502 1491 711 1556 fortiter
735 1470 899 1568 gesta:
927 1506 1046 1563 pars
1072 1488 1300 1543 maxima
1339 1498 1408 1537 ex
1446 1476 1737 1551 patrocinio
1773 1489 1893 1528 meo
1922 1470 2083 1540 proﬁ-

503 1593 737 1649 ciscitur.

577 1683 754 1739 Gratia
786 1679 1040 1747 Martyres
1064 1674 1217 1742 fortes
1247 1662 1655 1739 efﬁcit.—Cum
1687 1660 1863 1727 itaque
1887 1652 2083 1747 videris

507 1776 781 1831 mulierem
814 1745 1129 1823 trementem
1156 1804 1171 1829 ,
1205 1758 1457 1818 vetulam,
1486 1753 1674 1809 baculo
1715 1756 1961 1819 egentem
1988 1786 2002 1807 ,
2032 1745 2081 1797 in

502 1876 773 1922 certamen
822 1863 1114 1931 ingressam
1140 1897 1156 1921 ,
1195 1851 1401 1924 tyranni
1443 1848 1676 1903 furorem
1710 1850 2081 1913 prosternere,

506 1961 846 2027 incorporeas
877 1952 1103 2005 virtutes
1132 1958 1384 2017 superare
1412 1983 1427 2007 ,
1470 1938 1736 1996 diabolum
1784 1934 1934 1988 facile
1969 1932 2086 1985 viu-

506 2025 672 2113 cere,
718 2047 939 2115 ejusque
988 2041 1151 2096 robur
1201 2045 1417 2091 strenue
1468 2028 1753 2085 admodum
1806 2025 2086 2094 frangere,

508 2140 841 2213 agouotheta:
893 2135 1114 2206 gratiam
1178 2128 1487 2191 admirare,
1549 2120 1742 2175 Christi
1803 2124 2089 2185 conspecta

510 2206 708 2289 virtute
748 2230 1081 2297 obstupesce.
1148 2221 1263 2276 Non
1306 2215 1597 2273 secundum
1635 2226 1846 2267 carnem
1888 2206 2089 2261 robusti

512 2333 637 2380 sunt
658 2320 874 2376 athleta:
898 2360 913 2384 ,
940 2316 1034 2371 sed
1060 2311 1351 2368 secundum
1382 2307 1537 2362 ﬁdem
1568 2324 1582 2359 :
1616 2303 1820 2359 inﬁrma
1846 2310 1921 2356 est
1952 2301 2097 2368 ipso-

511 2432 628 2471 rum
658 2422 844 2467 natura
869 2450 885 2477 ,
912 2407 1007 2463 sed
1038 2415 1225 2474 potens
1250 2410 1331 2458 est
1352 2442 1368 2466 ,
1396 2414 1513 2470 qua)
1540 2397 1686 2465 ungit
1715 2410 1808 2449 eos
1833 2437 1848 2458 ,
1876 2393 2040 2463 gratia
2075 2408 2090 2445 :

513 2507 686 2561 soluta
716 2511 838 2557 sunt
864 2506 1137 2554 senectute
1160 2506 1379 2562 corpora
1404 2532 1421 2557 ,
1446 2489 1538 2543 sed
1564 2486 1795 2542 roborati
1822 2492 1945 2538 sunt
1973 2482 2095 2536 ani-

517 2596 589 2650 mi
612 2593 819 2665 pictatis
840 2604 1044 2646 amore.
1073 2587 1185 2641 Non
1214 2595 1295 2639 est
1315 2581 1582 2637 sensibilis
1603 2592 1771 2649 pugna
1802 2594 1815 2629 :
1849 2591 1916 2630 ne
1938 2575 2096 2643 igitur

516 2686 743 2740 athletas
768 2682 1098 2737 extrinsecus
1123 2676 1429 2731 consideres
1451 2714 1466 2738 ,
1490 2670 1583 2726 sed
1611 2668 1889 2724 ratiocinio
1908 2681 2095 2720 eorum

518 2777 681 2831 animi
709 2774 871 2829 robur
896 2772 1038 2828 intus
1065 2767 1333 2840 perpende
1357 2783 1371 2832 ;
1403 2763 1680 2821 considera
1714 2761 1947 2830 ipsorum
1975 2758 2101 2812 ﬁdei

516 2866 879 2923 fortitudinem
904 2905 919 2929 ,
951 2872 1007 2917 ut
1034 2862 1239 2917 ediscas
1283 2873 1402 2913 eum
1430 2898 1443 2921 ,
1483 2856 1572 2926 qui
1612 2869 1732 2908 cum
1770 2851 2098 2906 dzemonibus

516 2967 713 3029 pugnet
735 2998 751 3024 ,
780 2970 885 3010 non
907 2955 1122 3009 robusto
1142 2950 1383 3020 corporis
1400 2947 1582 3002 habitu
1602 2954 1657 3000 et
1676 2946 1817 2999 mole
1837 2944 2095 3013 indigere,

519 3064 696 3120 neque
725 3055 882 3103 aetate
905 3044 1089 3101 ﬂorida
1117 3060 1131 3109 ;
1161 3041 1253 3097 sed
1283 3041 1380 3096 etsi
1420 3037 1703 3093 admodum
1741 3036 1951 3106 juvenis
1990 3034 2098 3101 sit,

518 3140 615 3195 etsi
638 3141 856 3193 decursa
877 3137 983 3207 jam
1007 3142 1161 3189 :etatc
1184 3176 1199 3199 ,
1227 3134 1271 3187 si
1295 3133 1473 3186 animo
1493 3144 1754 3201 generoso
1772 3128 2101 3198 robusteque

522 3229 773 3300 prmditus
828 3228 934 3293 sit,
984 3225 1114 3279 nihil
1168 3223 1345 3279 damni
1393 3222 1460 3277 ab
1503 3230 1659 3276 :etate
1708 3222 1759 3276 in
1808 3218 2100 3276 certamine

521 3324 783 3392 accipere.

589 3416 645 3471 2.
686 3412 888 3484 Ecquid
931 3412 1049 3467 dico
1091 3425 1269 3464 senem
1313 3417 1369 3464 et
1404 3408 1653 3477 juvenem
1682 3448 1698 3474 ,
1741 3405 1953 3475 quando
1981 3420 2101 3457 mu-

520 3508 685 3564 lieres
738 3505 865 3576 ipsa:
912 3505 1025 3557 luce
1063 3504 1351 3556 certamina
1397 3500 1664 3563 inierunt,
1707 3496 2101 3567 splendidisque

521 3595 733 3653 coronis
762 3593 1019 3648 redimita:
1047 3590 1211 3646 sunt?
1255 3590 1386 3644 Nam
1432 3598 1650 3643 externa
1688 3588 1899 3658 quidem
1934 3595 2106 3641 certa-

522 3689 663 3742 mina
716 3694 923 3739 :ctatem
951 3724 965 3746 ,
1008 3692 1247 3735 naturam
1292 3690 1345 3735 et
1372 3679 1681 3751 dignitatem
1730 3678 2060 3749 exquirentia
2088 3720 2103 3744 ,

520 3779 691 3835 servis
719 3820 734 3845 ,
766 3775 1074 3830 mulieribus
1099 3816 1112 3838 ,
1153 3772 1370 3828 senibus
1394 3813 1409 3837 ,
1456 3770 1867 3825 adolescentulis
1904 3768 2103 3821 aditum

528 3870 885 3927 intcrcludunt
908 3886 921 3933 ;
955 3868 1041 3922 hic
1066 3882 1194 3921 vero
1221 3865 1434 3920 cuilibet
1462 3863 1750 3920 conditioni
1777 3905 1791 3927 ,
1818 3862 1958 3916 :etati
1988 3861 2103 3915 cui-

526 3963 690 4025 libet,
722 3960 928 4031 utrique
964 3957 1113 4013 sexui
1153 3956 1420 4031 theatrum,
1462 3969 1653 4025 magna
1696 3953 1816 4008 data
1862 3953 2105 4009 libertate

528 4053 760 4123 aperitur
782 4092 796 4114 ,
829 4060 887 4105 ut
914 4057 967 4104 et
996 4047 1365 4103 liberalitatem
1406 4054 1461 4100 et
1497 4044 1903 4100 inenarrabilcm
1936 4044 2106 4097 virtu-

528 4152 633 4198 tem
664 4141 779 4211 ejus
802 4182 817 4205 ,
849 4142 937 4211 qui
964 4151 1235 4195 certamen
1264 4137 1526 4202 instituit,
1546 4135 1751 4194 ediscas
1772 4178 1786 4201 ,
1809 4144 1863 4193 et
1890 4143 2107 4207 aposto-

533 4234 691 4288 licum
738 4232 864 4287 illud
916 4232 1112 4287 dictum
1168 4230 1416 4300 Operibus
1464 4228 1832 4284 conﬁrmatum
1880 4227 2105 4282 videas:

536 4324 668 4392 Quia
688 4324 839 4377 virtus
860 4325 969 4393 ejus
990 4324 1039 4375 in
1061 4322 1354 4391 inﬁrmitate
1381 4320 1637 4391 perﬁcitur
1661 4318 1735 4391 (2.
1759 4318 1875 4374 Cor.
1903 4317 1989 4375 12.
2010 4318 2042 4374 9

530 4412 751 4481 Quando
788 4414 928 4469 enim
963 4412 1109 4481 pueri
1135 4420 1188 4467 et
1225 4425 1380 4467 senes
1419 4425 1577 4481 supra
1616 4418 1857 4464 naturam
1903 4409 2109 4464 fortiter

530 4512 733 4577 agunt,
765 4503 855 4558 Dei
889 4502 938 4555 in
967 4500 1094 4570 ipsis
1120 4499 1390 4570 operantis
1409 4501 1577 4571 gratia
1597 4500 1872 4571 splendide
1893 4515 2110 4571 prorsus

531 4596 946 4651 demonstratur.

604 4685 787 4739 Matris
836 4682 1239 4739 Maccabworum
1279 4682 1456 4738 virtus.
1485 4712 1555 4725 ——
1580 4682 1651 4743 Ut
1692 4692 1867 4741 autem
1905 4685 2113 4745 ediscas

534 4777 679 4833 illam
709 4780 1027 4834 exteriorem
1057 4775 1377 4833 athletarum
1400 4775 1764 4833 inﬁrmitatem
1791 4777 1935 4849 ipsos
1958 4793 2116 4834 coro-

535 4886 658 4925 nam
694 4877 1024 4941 reportantes
1057 4868 1445 4940 splendidiores
1492 4868 1718 4926 reddere
1741 4911 1757 4937 ,
1808 4885 1906 4941 age
1930 4913 1944 4940 ,
1983 4885 2114 4929 sene

532 4962 816 5033 puerisque
843 4961 1076 5016 dimissis
1101 5003 1115 5028 ,
1150 4960 1492 5015 infirmiorem
1524 4961 1629 5020 illis
1658 4962 1932 5018 mulierem
1960 4971 2113 5018 vetuo

535 5056 642 5110 lam
669 5095 685 5120 ,
714 5062 915 5123 septem
946 5053 1172 5107 ﬁliorum
1202 5062 1427 5109 matrem
1458 5094 1472 5119 ,
1515 5054 1567 5108 in
1604 5054 1838 5111 medium
1880 5055 2115 5111 adduca-

537 5158 654 5198 mus
682 5161 696 5199 :
725 5158 846 5197 nam
880 5154 1061 5213 partus
1088 5144 1302 5199 labores
1328 5161 1430 5199 non
1458 5146 1573 5204 leve
1598 5147 2030 5218 impedimentum
2063 5149 2115 5207 in

536 5237 619 5291 his
642 5235 1020 5291 certaminibus
1046 5235 1290 5291 all‘erunt.
1334 5237 1469 5304 Quid
1504 5254 1629 5310 ergo
1668 5241 1812 5310 prius
1847 5241 1898 5296 in
1928 5256 1991 5296 ea
2018 5240 2117 5297 ad—

535 5329 834 5384 miremur?
856 5328 1285 5384 inﬁrmitatemne
1307 5341 1509 5387 naturae
1534 5372 1549 5398 ,
1573 5348 1638 5388 an
1663 5343 1965 5403 provectam
1991 5344 2119 5390 mta-

535 5415 641 5475 tem
668 5462 683 5488 ,
713 5436 779 5474 an
806 5432 1060 5476 maternze
1084 5422 1564 5479 commiseratiouis
1588 5439 1805 5480 sensum
1838 5425 2119 5497 fragilem?

538 5511 556 5583 [
584 5513 751 5568 Mater
789 5516 931 5569 enim
960 5525 1075 5569 erat
1102 5532 1116 5569 :
1149 5515 1289 5572 unde
1317 5513 1470 5573 facile
1495 5534 1613 5573 eam
1644 5520 1901 5590 potuisset
1926 5519 1977 5573 iu
2007 5530 2119 5576 tor-

537 5606 727 5659 mentis
774 5606 1038 5663 viscerum
1091 5622 1308 5663 suorum
1354 5610 1565 5664 vincere
1619 5621 1858 5666 materna
1909 5611 2117 5681 pietas,

537 5695 637 5752 nisi
665 5695 857 5751 divinae
880 5699 1089 5768 pietatis
1114 5700 1270 5759 altior
1291 5701 1454 5757 virtus
1474 5700 1607 5757 virili
1636 5700 1739 5758 ﬁde
1768 5702 1906 5760 anile
1934 5714 2117 5776 pectus

1230 281 1287 338 S.
1326 272 1603 335 JOANNIS
1637 256 2110 324 CHRYSOSTOII
2143 254 2458 311 ARClllEP.
2498 244 3027 307 COXSTANTIXOP.

3660 238 3767 289 εἶῗο

2178 375 2408 419 armaret
2432 368 2507 436 (a)
2602 362 2784 431 Magna
2810 359 3067 429 siquidem
3092 356 3209 409 hzcc
3236 364 3359 407 sunt
3380 351 3770 421 impedimenta

2178 460 2243 512 ad
2278 468 2435 512 tantm
2465 454 2731 526 patientize
2756 466 2990 507 cursum.
3017 447 3132 518 Ego
3160 459 3288 501 vero
3314 444 3456 498 aliud
3489 442 3776 512 proferen-

2176 550 2302 605 dum
2331 548 2501 602 habeo
2526 544 2608 600 his
2629 544 2799 613 majus
2823 584 2838 605 ,
2877 555 2983 611 quo
3021 549 3075 594 et
3116 538 3357 592 mulieris
3396 535 3768 591 fortitudinem

2178 650 2231 695 et
2253 639 2449 693 diaboli
2476 636 2737 690 vafritiem
2772 643 2935 687 totam
2964 631 3257 685 videamus.
3282 627 3565 694 Quodnam
3596 628 3725 681 illud
3748 627 3793 680 ἲ

2178 730 2556 785 Animadverte
2582 725 2806 795 improbi
2833 722 3089 777 dzemonis
3117 721 3407 790 nequitiam
3441 737 3455 773 :
3485 735 3594 773 non
3624 720 3791 788 prio-v

2180 838 2291 877 rem
2324 822 2465 876 illam
2493 820 2652 874 traxit
2681 819 2731 872 iu
2762 825 3047 871 scammata
3072 856 3089 881 ,
3116 814 3213 868 sed
3245 823 3369 884 post
3396 814 3533 867 ﬁlios
3559 814 3624 865 ad
3654 829 3791 868 cer-

2182 912 2377 966 tamina
2407 911 2575 964 duxit.
2608 907 2825 975 Quare?
2864 906 2933 961 Ut
2970 914 3252 975 postquam
3291 912 3496 972 septem
3536 903 3797 956 ﬁliorum

2182 1003 2501 1057 cruciatibus
2545 1001 2660 1070 ejus
2705 1000 2937 1053 animum
2991 996 3137 1067 prius
3181 996 3503 1065 dejecisset,
3546 997 3783 1064 ejusque

2184 1096 2379 1151 mentis
2406 1095 2707 1149 ﬁrmitatem
2737 1092 3083 1147 emollivisset
3109 1133 3124 1156 ,
3168 1104 3351 1144 rerum
3390 1089 3603 1143 illarum
3647 1103 3782 1157 spe-

2182 1189 2389 1242 ctaculo
2420 1188 2565 1255 prius
2592 1186 2871 1253 absumpta
2902 1181 3213 1237 fortitudine
3242 1182 3295 1235 in
3326 1181 3603 1250 suppliciis
3631 1180 3789 1234 filio-

2184 1295 2301 1335 rum
2324 1320 2338 1341 ,
2362 1277 2619 1331 infirmior
2637 1280 2850 1330 demum
2871 1272 3233 1327 factafacilius
3253 1272 3545 1341 expugnari
3570 1280 3781 1340 posset.

2184 1372 2261 1427 Ne
2298 1369 2604 1425 consideres
2649 1368 2767 1422 illos
2811 1366 3087 1435 excepisse
3134 1375 3399 1418 tormenta
3426 1404 3442 1429 ,
3470 1363 3566 1417 sed
3595 1373 3795 1417 tecum»

2185 1470 2370 1531 reputa
2403 1462 2546 1514 illam
2573 1460 2637 1512 ad
2666 1457 2903 1529 singulos
2930 1456 3204 1527 graviores
3232 1456 3416 1510 tulisse
3444 1454 3661 1509 dolores
3685 1495 3701 1521 ,
3726 1463 3801 1509 et

2187 1554 2239 1607 in
2270 1553 2490 1623 singulis
2519 1568 2703 1605 eorum
2733 1551 3034 1604 confessam
3060 1563 3201 1603 esse.
3245 1547 3506 1615 Quodque
3548 1547 3809 1600 dicimus.

2189 1645 2355 1714 probe
2403 1651 2597 1696 norunt
2634 1650 2894 1711 quotquot
2931 1640 3185 1694 mulieres
3212 1647 3393 1707 paruis
3432 1637 3649 1692 dolores
3688 1652 3807 1693 ex-

2189 1745 2354 1804 perla:
2380 1744 2503 1789 sunt
2528 1774 2544 1798 ,
2574 1743 2627 1786 et
2654 1742 2851 1786 matres
2880 1739 3185 1785 evaserunt.
3228 1731 3381 1798 Smpe
3407 1746 3639 1801 namque
3666 1745 3792 1783 ma-

2193 1838 2275 1882 ter
2300 1827 2433 1881 febri
2463 1836 2779 1880 mstuantem
2811 1824 2977 1877 lilium
3006 1824 3190 1878 videns
3213 1864 3229 1888 ,
3258 1823 3391 1877 nihil
3434 1838 3541 1878 non
3581 1824 3811 1878 doloris

2191 1922 2540 1991 amplectatur
2564 1962 2579 1985 ,
2612 1929 2669 1973 ut
2694 1934 2759 1973 ex
2787 1919 2877 1972 illo
2902 1932 3129 1988 corpore
3158 1916 3489 1987 :egritudinis
3520 1918 3695 1988 ignem
3730 1917 3790 1970 in

2193 2030 2251 2069 se
2280 2013 2564 2068 transferat

2196 2107 2428 2177 propriis
2450 2106 2601 2159 malis
2627 2104 3069 2158 intoleraliiliores
3088 2102 3414 2156 existimant.
3439 2102 3590 2169 Quod
3613 2105 3660 2155 si
3690 2102 3801 2158 hoc

2195 2214 2378 2253 verum
2404 2207 2487 2253 est
2509 2239 2526 2263 ,
2573 2207 2630 2251 ut
2656 2206 2740 2251 est
2766 2196 3000 2266 profecto
3021 2211 3206 2249 verum
3231 2237 3246 2259 ,
3277 2195 3328 2248 in
3356 2195 3631 2265 suppliciis
3659 2196 3803 2250 ﬁlio-

2196 2307 2315 2347 rum
2347 2290 2562 2361 gravius
2588 2305 2748 2358 quam
2792 2288 2891 2357 ipsi
2935 2288 3025 2340 filii
3064 2286 3400 2341 cruciabatur
3442 2296 3611 2343 mater
3636 2328 3653 2351 ,
3684 2304 3803 2341 ma-

2192 2385 2385 2455 jusque
2415 2384 2467 2437 iu
2497 2392 2667 2435 matre
2694 2381 3004 2452 martyrium
3029 2388 3143 2433 erat
3167 2421 3181 2443 ,
3213 2394 3372 2449 quam
3401 2378 3452 2432 in
3484 2378 3628 2432 ﬁliis.
3660 2378 3801 2433 Nam

2198 2478 2243 2531 si
2279 2476 2361 2531 vel
2400 2473 2557 2528 unius
2594 2474 2683 2526 ﬁlii
2732 2472 2949 2526 morbus
2990 2471 3267 2524 nuntiatus
3302 2482 3542 2523 materna
3588 2471 3817 2524 viscera

2199 2569 2376 2623 turbat
2399 2610 2413 2633 ,
2442 2584 2545 2621 non
2570 2581 2677 2619 uno
2703 2566 2872 2618 solum
2898 2564 3006 2616 ﬁlio
3030 2603 3056 2628 ,.
3076 2562 3168 2616 sed
3197 2571 3343 2615 tanto
3372 2561 3600 2614 ﬁliorum
3630 2563 3811 2616 inter-

2200 2658 2340 2714 fecto
2365 2658 2532 2713 choro
2558 2700 2573 2724 ,
2598 2672 2717 2712 eum
2746 2671 2849 2709 non
2871 2655 3057 2709 auditu
3084 2654 3199 2707 solo
3224 2696 3249 2716 ν
3268 2654 3360 2707 sed
3385 2654 3500 2706 visu
3525 2654 3804 2707 cruciatus

2204 2751 2505 2821 perciperet
2532 2789 2557 2814 ν
2578 2747 2704 2818 quid
2734 2762 2838 2800 non
2876 2761 3031 2816 passa
3073 2744 3274 2799 fuerit?
3304 2745 3573 2814 quomodo
3602 2746 3808 2800 mentis

2202 2854 2423 2905 compos
2447 2854 2566 2894 esse
2592 2837 2860 2907 potuerit,
2902 2851 3023 2889 cum
3060 2836 3296 2905 singulos
3334 2835 3539 2890 videret
3574 2837 3815 2892 diversis

2202 2941 2257 2985 et
2299 2930 2581 2987 horrendis
2626 2929 2897 2999 suppliciis
2943 2929 3194 2999 paulatim
3240 2929 3491 2982 occisos?
3531 2929 3807 2997 quomodo

2204 3040 2310 3081 non
2340 3026 2514 3094 erupit
2541 3040 2572 3078 e
2596 3038 2821 3092 corpore
2844 3023 3019 3076 anima
3041 3021 3069 3074 ἲ
3086 3021 3354 3091 quomodo
3386 3036 3491 3075 nou
3521 3036 3592 3075 ex
3625 3023 3815 3090 primo

2203 3130 2420 3190 aspectu
2449 3120 2501 3172 in
2528 3132 2715 3187 rogum
2748 3116 2933 3170 insiliit
2956 3157 2971 3180 ,
3004 3123 3061 3168 ut
3099 3129 3158 3168 se
3203 3130 3231 3166 a
3263 3114 3468 3184 reliquo
3496 3116 3809 3183 spectaculo

2206 3212 2501 3267 liberaret?
2528 3208 2644 3262 Etsi
2664 3208 2805 3262 enim
2837 3206 3310 3276 philosophahatur
3335 3248 3350 3270 ,
3378 3214 3433 3259 at
3457 3217 3629 3261 mater
3650 3216 3804 3272 erat;

2206 3304 2305 3360 etsi
2338 3302 2583 3372 religiosa
2618 3308 2733 3354 erat
2755 3340 2772 3365 ,
2800 3307 2855 3352 at
2874 3314 3035 3353 carne
3062 3298 3421 3358 induebatur;
3465 3298 3566 3352 etsi
3609 3298 3813 3352 alacris

2206 3402 2342 3459 erat,
2402 3402 2457 3447 at
2497 3391 2776 3446 muliebris
2823 3400 2943 3444 erat
2986 3405 3190 3454 sexus;
3222 3390 3321 3443 etsi
3370 3389 3547 3443 studio
3591 3390 3808 3458 pietatis

2215 3484 2490 3548 fervebat,
2538 3482 2633 3538 sed
2673 3491 2919 3553 partuum
2952 3481 3161 3535 vinculo
3200 3479 3556 3535 detinebatur.
3586 3480 3720 3535 Nam
3760 3484 3805 3536 si

2209 3592 2307 3631 nos
2331 3618 2346 3643 ,
2376 3576 2473 3631 viri
2503 3588 2624 3628 cum
2649 3574 2817 3628 simus
2842 3613 2859 3639 ,
2888 3588 3038 3626 reum
3066 3572 3310 3626 videntes
3336 3587 3432 3641 per
3469 3570 3644 3625 forum
3674 3572 3762 3642 agi
3790 3614 3806 3638 ,

2210 3670 2387 3726 funem
2435 3669 2487 3722 in
2531 3682 2625 3722 ore
2675 3665 2962 3720 habentem
2989 3707 3003 3728 ,
3055 3663 3115 3718 in
3158 3664 3578 3733 barathrumque
3625 3664 3765 3717 trahi
3792 3706 3811 3728 ,

2210 3760 2418 3815 etiamsi
2460 3759 2601 3814 nulla
2636 3773 2756 3813 cum
2783 3772 2847 3812 eo
2872 3756 3104 3811 amicitia
3129 3754 3299 3825 juncti
3325 3796 3339 3819 ,
3372 3753 3473 3808 hoc
3497 3758 3809 3824 spectaculo

2210 3853 2503 3923 frangimur
2523 3892 2539 3918 ,
2569 3852 2671 3907 etsi
2700 3850 2948 3905 idoneum
2976 3849 3043 3903 ad
3074 3848 3374 3903 leniendam
3401 3849 3818 3904 miserationem

2211 3946 2458 4002 solatium
2528 3944 2863 4010 habeamus,
2918 3941 3155 3997 damnati
3215 3956 3407 4010 nempe
3465 3941 3805 4012 nequitiam:

2210 4047 2467 4109 quantum
2512 4037 2597 4091 illa
2627 4050 2782 4107 passa
2810 4035 3012 4099 fuerit,
3045 4048 3164 4103 quae
3191 4048 3298 4087 non
3333 4049 3483 4087 reum
3513 4049 3677 4087 unum
3708 4034 3812 4089 ab-

2215 4129 2336 4183 duci
2366 4127 2610 4191 videret,
2661 4126 2754 4181 sed
2795 4125 2954 4180 simul
2989 4139 3201 4195 unaque
3238 4122 3326 4178 die
3371 4132 3578 4194 septem
3620 4123 3765 4179 ﬁlios
3794 4166 3811 4189 ,

2214 4236 2323 4277 non
2356 4220 2520 4277 celeri
2552 4228 2724 4275 morte
2748 4260 2763 4285 ,
2803 4217 2899 4285 sed
2928 4217 3087 4271 variis
3126 4215 3399 4287 suppliciis
3438 4216 3650 4271 caesos?
3694 4215 3814 4271 Etsi
3852 4215 3863 4281 T-

2213 4314 2355 4368 enim
2384 4311 2592 4381 lapidea
2624 4310 2809 4364 fuisset
2835 4350 2851 4378 ,
2878 4309 2981 4365 etsi
3011 4309 3216 4364 viscera
3246 4306 3523 4362 habuisset
3548 4306 3813 4363 adaman-

2216 4404 2323 4459 tina
2350 4444 2365 4469 ,
2397 4418 2575 4458 annon
2605 4402 2813 4457 turbata
2858 4400 3089 4469 fuisset,
3115 4415 3295 4455 annon
3321 4399 3592 4470 quidpiam
3620 4414 3814 4454 eorum

2217 4514 2374 4569 passa
2401 4506 2545 4553 esset
2572 4538 2586 4563 ,
2619 4496 2796 4568 qualia
2824 4505 2877 4551 et
2902 4496 3179 4551 mulierem
3210 4504 3268 4551 et
3304 4504 3531 4549 matrem
3562 4493 3675 4563 pati
3718 4508 3819 4563 par

2215 4589 2372 4647 erat?
2400 4588 2587 4659 Cogita
2621 4587 2751 4641 mihi
2796 4593 3051 4659 quantum
3088 4584 3418 4640 admiremur
3454 4585 3823 4657 patriarcham

2216 4681 2490 4741 Abraham
2519 4722 2535 4747 ,
2565 4681 2657 4752 qui
2692 4679 2858 4735 ﬁlium
2907 4694 3062 4737 suum
3091 4720 3107 4745 ,
3153 4686 3213 4733 ut
3253 4677 3468 4732 oderret
3491 4718 3507 4742 ,
3547 4676 3719 4732 vinxit
3759 4689 3821 4733 et

2219 4774 2376 4831 altari
2424 4773 2675 4843 imposuit
2721 4789 2734 4826 :
2783 4780 2839 4827 et
2882 4778 3009 4825 tunc
3056 4769 3223 4839 probe
3268 4769 3569 4839 eomperies
3614 4778 3824 4840 quanta

2218 4867 2381 4924 fuerit
2416 4867 2656 4924 mulieris
2688 4862 2965 4920 fortitudo.
3008 4864 3054 4919 0
3090 4862 3495 4918 acerbissimum
3522 4902 3540 4929 ,
3567 4862 3825 4933 idemque

2220 4963 2596 5019 suavissimum
2626 4961 3032 5033 spectaculum!
3060 4959 3463 5021 acerbissimum
3491 4959 3713 5029 quidem
3755 4959 3827 5014 ob

2221 5072 2442 5127 rerum,
2496 5073 2616 5127 qua:
2678 5058 3004 5128 agebantur,
3076 5064 3367 5119 naturam;
3437 5053 3828 5108 suavissimum

2220 5166 2350 5208 vero
2386 5151 2457 5207 ob
2490 5151 2737 5207 affectum
2778 5150 3031 5205 videntis.
3075 5148 3195 5203 Non
3239 5148 3383 5204 enim
3424 5147 3512 5202 illa
3562 5145 3826 5203 ﬂuentem

2220 5248 2533 5318 sanguinem
2565 5246 2924 5315 respiciebat,
2955 5244 3050 5300 sed
3082 5258 3312 5300 coronas
3348 5242 3568 5312 justitiae
3592 5250 3828 5295 contex-

2224 5343 2345 5401 tas;
2374 5350 2481 5389 non
2508 5334 2813 5389 intuebatur
2841 5331 3088 5388 confossa
3115 5330 3285 5385 latera
3306 5368 3325 5395 ,
3369 5328 3463 5385 sed
3506 5336 3706 5382 mlerna
3743 5337 3830 5380 ta-

2225 5427 2510 5484 bernacula
2560 5434 2903 5491 constructa;
2966 5439 3074 5481 non
3137 5421 3352 5477 videbat
3409 5420 3836 5475 circumstantes

2249 5652 2258 5661 .
2291 5589 2362 5661 (ᾳ)
2395 5597 2508 5648 Quae
2523 5588 2713 5661 uncinis
2734 5585 3038 5661 clauduntur,
3050 5584 3109 5661 in
3134 5580 3278 5661 nullo
3288 5587 3481 5661 ρι’-ξιξ..
3492 5573 3830 5661 913ιᾲἱᾷωὲ

2226 5640 2379 5761 Licinii,
2407 5640 2677 5763 eivempllari
2702 5650 2961 5708 habentur,
2984 5645 3076 5697 sed
3118 5658 3182 5696 ex
3221 5640 3382 5717 veteri
3417 5640 3835 5702 interpretatian

2264 5726 2432 5776 esump
2457 5727 2484 5762 a
2508 5727 2598 5764 sun
2624 5746 2639 5763 .

3712 5815 3799 5828 ..υ-ον

3554 5826 3697 5838 ‘m‘i'

2608 2031 2621 2065 :
2662 2012 2729 2065 ita
2780 2026 2970 2079 nempe
3004 2020 3200 2064 matres
3247 2010 3478 2063 ﬁliorum
3522 2024 3811 2063 :erumnas

3845 4122 3863 4281 ἒ

3849 4289 3864 4403 ἓ

3853 4407 3863 4449 i

3848 5798 3875 5815 Α
