4080 6196
491 305 587 360 62-!

482 427 660 486 νίους·
725 421 823 492 οὑχ
867 421 1013 492 ἐώρα
1065 421 1431 492 περιεστῶτας
1469 423 1722 494 δημίους⁸,
1757 425 1870 478 ἀλλ’
1904 423 2050 496 ἑώρα

482 499 814 563 κυκλοῦντας
843 498 1126 566 ἀγγέλους·
1155 496 1444 551 ἐπελάθετο
1493 501 1598 552 τῶν
1658 501 1885 566 ὠδίνων,
1923 519 2054 554 κατι

481 580 749 652 εφρόνησε
777 577 876 644 τῆς
907 574 1120 643 φύσεως
1149 583 1194 638 ³,
1235 575 1478 647 ὑπερεῖδε
1513 577 1612 646 τῆς
1649 577 1880 648 ήλικίας·
1925 595 2055 632 κατ-

482 660 746 731 εφρόνησε
777 655 1009 724 φύσεως,
1031 653 1352 724 πράγματος
1383 655 1726 726 τυραννικοῦ,
1755 657 1986 726 φύσεως,
2017 657 2054 728 ἢ

485 743 581 794 καὶ
602 738 710 789 τῶν
737 734 940 804 Θηρίων
969 736 1192 802 κρατεῖν
1215 732 1396 786 εἴωθε.
1419 735 1598 789 Πολλά
1617 737 1749 804 γοῦν
1784 737 1892 790 τῶν
1937 735 2055 788 δυσ-

485 815 705 872 αλὼτων
747 811 950 882 θηρίων
973 809 1145 872 οὑτως
1193 811 1503 878 ἁλίσκεται,
1543 813 1632 866 διὰ
1678 815 1776 885 τὴν
1827 814 1962 884 πρὸς
1987 812 2058 866 τὰ

486 893 671 946 παιδία
713 889 1052 960 συμπάθειαν
1080 889 1178 959 τῆς
1200 889 1406 952 οἰκείας
1427 889 1726 959 ἀλογοῦντα
1761 892 2053 962 σωτηρίας,

485 972 582 1024 καὶ
613 969 936 1038 ἀφυλάκτως
983 967 1063 1029 είς
1110 967 1210 1030 τὰς
1255 966 1364 1020 τῶν
1415 967 1665 1040 θηρατῶν
1715 969 2056 1040 ἐμπίπτοντα

487 1051 694 1119 χεῖρας·
727 1045 822 1100 καὶ
873 1045 1024 1098 οὐδέν
1065 1045 1179 1098 ἐστι
1216 1043 1353 1108 ζῶον
1403 1045 1574 1110 οὑτως
1622 1047 1874 1113 ἀσθενὲς,
1923 1047 1951 1100 ὃ
1983 1047 2057 1118 μὴ

487 1124 849 1196 ὑπερασπίζοι
879 1122 987 1174 τῶν
1011 1123 1267 1190 ἐγγόνων·
1296 1123 1446 1176 οὐδὲν
1477 1123 1648 1188 οὑτως
1678 1126 1906 1195 ἥμερον,
1927 1125 1954 1176 ὃ
1983 1126 2056 1196 μὴ

486 1205 595 1257 τῶν
635 1201 860 1256 παιδίων
887 1199 1307 1270 ἀφαιρουμένων
1339 1201 1726 1272 παροξύνηται.
1761 1203 1899 1255 Ἀλλ’
1919 1201 2054 1271 αὕτη

489 1284 583 1337 καὶ
605 1283 702 1352 τὴν
727 1281 816 1335 διὰ
841 1281 946 1334 τῶν
974 1280 1208 1347 λογικῶν
1239 1276 1388 1349 [6⁸26]
1410 1279 1709 1348 ἀνθρώπων
1731 1282 1824 1334 καὶ
1851 1281 1950 1352 τὴν
1971 1281 2058 1334 διὰ

489 1363 600 1414 τῶν
623 1361 832 1428 ἀλόγων
861 1359 1016 1424 ζώων
1051 1359 1361 1428 τεταμένην
1393 1360 1490 1430 τῆς
1525 1359 1740 1427 φύσεως
1770 1361 2059 1430 τυραννίδα

491 1439 780 1493 κατέλυσε·
809 1440 900 1490 καὶ
951 1438 1010 1490 οὑ
1051 1439 1207 1506 μόνον
1242 1438 1342 1489 οὑκ
1391 1438 1697 1508 ἐπεπήδησε
1741 1441 1806 1508 τῇ
1847 1439 2057 1510 κεφαλῇ

491 1517 584 1570 τού
623 1517 921 1585 τυράννου,
965 1515 1088 1567 οὐδὲ
1129 1514 1491 1584 διεσπάραξεν
1543 1515 1706 1568 αὑτοῦ
1760 1518 1858 1586 τὴν
1901 1517 2057 1587 ὄψιν,

491 1595 672 1665 ὁρῶσα
689 1596 812 1656 τοὺς
831 1593 1100 1663 σκύμνους
1117 1593 1202 1645 δια
1211 1610 1492 1664 σπαρασσο
1499 1594 1712 1664 μένους,
1731 1594 1866 1648 ἀλλὰ
1879 1596 2064 1650 τοσαύο

492 1691 590 1742 την
613 1673 924 1738 ἐπεδείξατο
942 1671 1260 1740 φιλοσοφίας
1284 1672 1608 1744 ὑπερϐολὴν,
1637 1673 1712 1736 ῶς
1739 1675 1833 1726 καὶ
1855 1692 2066 1744 προπα-

495 1751 856 1822 ρασκευάζειν
886 1750 1036 1820 αύτῷ
1079 1751 1176 1820 τήν
1209 1751 1575 1822 ἀπάνθρωπον
1604 1753 1808 1821 θοίνην,
1837 1754 1930 1807 καὶ
1955 1755 2062 1808 τῶν

495 1835 774 1902 προτέρων
793 1831 870 1884 ἔτι
889 1831 1284 1900 κολαζομένων,
1303 1832 1428 1894 τοὺς
1448 1831 1905 1902 ὑπολειπομένους
1929 1834 2064 1905 πρὸς

495 1912 592 1982 τήν
623 1911 728 1962 τῶν
759 1909 936 1962 αὑτῶν
975 1912 1170 1980 πεῖραν
1199 1908 1438 1977 ἀλείφειν
1469 1909 1676 1964 δεινῶν.

563 2001 632 2062 γ’.
652 1995 1021 2048 ’Λκουέτωσαν
1041 1993 1274 2063 μητέρες
1289 1992 1459 2046 ταῦτα
1473 2035 1483 2056 ,
1499 1993 1840 2064 ζηλούτωσαν
1859 1994 1955 2066 τὴν
1973 1997 2066 2049 ἀν-

495 2074 678 2143 δρείαν
703 2073 803 2142 τῆς
839 2071 1092 2140 γυναικὸς
1112 2110 1126 2134 ,
1157 2071 1255 2141 τὴν
1291 2071 1418 2142 περὶ
1447 2070 1516 2123 τά
1551 2071 1750 2140 ἔγγονα
1783 2074 2067 2142 φιλοστορ-

497 2153 622 2220 γίαν
641 2169 654 2182 ·
687 2153 826 2205 οὕτω
849 2151 1201 2221 τρεφέτωσαν
1231 2152 1299 2203 τὰ
1322 2151 1508 2205 παιδία
1530 2168 1543 2182 ·
1571 2151 1630 2204 οὑ
1663 2152 1770 2223 γὰρ
1800 2154 1860 2204 τὸ
1888 2156 2066 2206 τεκεῖν

501 2231 726 2302 μητρὸς,
767 2229 922 2282 τοῦτο
947 2229 1052 2298 γὰρ
1080 2230 1178 2299 τῆς
1205 2229 1439 2297 φύσεως,
1473 2229 1606 2283 ἀλλά
1631 2230 1692 2282 τὸ
1726 2230 1919 2302 θρέψαι
1965 2247 2069 2302 μη·

497 2308 656 2378 τρὸς,
685 2306 841 2359 τοῦτο
880 2307 988 2376 γὰρ
1017 2307 1116 2374 τῆς
1149 2306 1546 2376 προαιρέσεως.
1583 2309 1690 2360 Καὶ
1729 2309 1815 2361 ἵνα
1853 2309 2030 2379 μάθῃς
2051 2347 2065 2373 ,

497 2387 578 2438 ὅτι
603 2386 663 2436 ού
689 2385 748 2436 τὸ
767 2386 946 2436 τεκεῖν
969 2385 1112 2434 ποιεῖ
1140 2383 1370 2452 μητέρα,
1394 2383 1528 2435 ἀλλά
1557 2386 1617 2446 τὸ
1639 2385 1836 2458 θρέψαι
1867 2387 2065 2452 καλῶς,

497 2464 728 2518 ἄκουσον
759 2461 852 2514 τοῦ
885 2460 1096 2512 Παύλου
1131 2461 1522 2528 στεφανοῦντος
1553 2463 1651 2533 τὴν
1685 2466 1858 2534 χήραν
1892 2466 1950 2517 οὑ
1983 2466 2070 2518 διὰ

499 2540 590 2594 τὸν
618 2541 795 2606 τόκον,
825 2538 961 2594 ἀλλά
988 2539 1074 2590 διὰ
1109 2538 1206 2608 τὴν
1239 2539 1444 2610 τροφὴν
1469 2541 1576 2594 τῶν
1609 2543 1856 2594 παιδίων.
1889 2545 2069 2596 Εἰπὼν

499 2619 636 2690 γὰρ,
677 2619 838 2686 Xr'ma
881 2616 1296 2684 καταλεγέσθω
1327 2617 1413 2687 μὴ
1453 2619 1707 2672 ἔλαττον
1745 2620 1896 2674 ἐτῶν
1934 2622 2072 2690 ἐξή-

499 2715 684 2754 κοντα
713 2697 1008 2767 γεγονυῖα,
1038 2696 1107 2748 ἐν
1135 2695 1329 2764 ἔργοις
1359 2697 1566 2762 καλοῖς
1593 2699 2070 2766 μαρτυρουμένη,

499 2777 560 2830 τὸ
595 2777 886 2846 κεφάλαιον
925 2775 1032 2828 τῶν
1077 2774 1296 2842 ἀγαθῶν
1335 2773 1512 2846 ἔργων
1555 2777 1858 2846 ἐπήγαγεν.
1905 2778 1969 2830 Τί
2015 2778 2072 2831 δὲ

501 2855 657 2910 τοῦτό
687 2857 870 2920 ἐστιν;
908 2857 978 2906 El
1013 2853 1506 2920 ἐτεκνοτρόφησε,
1545 2855 1710 2924 φησίν
1729 2872 1742 2886 ·
1769 2857 1870 2909 οὑκ
1897 2853 2068 2920 εἶπεν,

501 2937 550 2986 εἰ
575 2933 1011 3004 ἐτεκνοποίησεν,
1041 2929 1177 2995 ἀλλ’,
1202 2931 1268 2982 El
1298 2931 1832 3002 ἐτεκνοτρόφησεν.
1853 2936 2074 3006 Ἐννοή-

503 3028 688 3082 σωμεν
723 3012 901 3064 τοίνυν
933 3011 984 3063 τί
1021 3009 1250 3079 πάσχειν
1295 3009 1442 3073 εἰκὸς
1471 3009 1568 3081 τὴν
1619 3015 1872 3080 γυναῖκα,
1915 3015 1969 3066 εί
2009 3029 2074 3081 γε

505 3095 737 3157 γυναῖκα
766 3091 847 3143 δεῖ
881 3087 1050 3160 αὑτὴν
1090 3087 1307 3154 καλεῖν,
1341 3087 1554 3159 ὁρῶσαν
1583 3089 1881 3154 δακτύλους
1915 3093 2076 3145 σπαί-

506 3187 699 3240 ροντας
751 3171 843 3222 ἐπὶ
885 3167 994 3220 τῶν
1035 3165 1342 3236 ἀνθράκων,
1404 3167 1644 3238 κεφαλὴν
1689 3169 2073 3240 ἐξαλλομένην,

508 3249 732 3320 σιδηρᾶν
760 3250 919 3318 χεῖρα
935 3244 1365 3315 ἐπιϐαλλομένην
1388 3245 1576 3316 ἐτέρου
1603 3247 1817 3301 παιδίου
1841 3250 2074 3319 κεφαλῇ,

506 3329 602 3380 καὶ
626 3329 723 3398 τὴν
749 3327 910 3396 δορὰν
937 3323 1336 3394 ἀποσύρουσαν,
1361 3325 1454 3378 καὶ
1483 3326 1573 3378 τὸν
1599 3327 1772 3381 ταῦτα
1801 3329 2077 3398 πάσχοντα

509 3407 719 3460 ἐστῶτα
742 3407 820 3458 ἐτι
844 3405 937 3458 καὶ
961 3403 1359 3473 διαλεγόμενον.
1387 3403 1509 3465 Πῶς
1536 3403 1691 3477 διῆρε
1722 3407 1929 3476 στόμα;
1963 3409 2080 3472 πῶς

510 3486 726 3555 ἐκίνησε
761 3483 1042 3551 γλῶτταν;
1095 3480 1212 3542 πῶς
1255 3481 1354 3532 οὑκ
1399 3481 1616 3553 ἀπέπτη
1660 3483 1759 3554 τῆς
1801 3487 2004 3556 σαρκὸς
2045 3489 2078 3557 ή

507 3565 687 3636 ψυχῆς
723 3563 879 3626 Πῶς,
917 3557 1028 3628 ἐγὼ
1069 3557 1232 3626 λέγω.
1275 3559 1384 3626 Ούχ
1433 3557 1579 3630 ἐώρα
1627 3561 1761 3631 πρὸς
1805 3565 1903 3634 τὴν
1951 3565 2076 3634 γῆν,

511 3647 646 3700 ἀλλά
687 3644 824 3714 πρὸς
867 3641 935 3694 τά
976 3638 1239 3710 μέλλοντα
1281 3638 1723 3708 παρεσκευάζετο
1771 3641 1985 3696 πάντα·
2022 3643 2081 3696 ἒν

511 3725 766 3778 ἐδεδοίκει
803 3721 994 3792 μόνον,
1036 3717 1108 3790 μὴ
1142 3715 1394 3786 φείσηται
1430 3719 1523 3770 καὶ
1555 3720 1941 3793 προκαταλύσῃ
1991 3724 2081 3778 τὸν

511 3805 698 3873 ἀγῶνα
725 3804 753 3854 ὀ
779 3801 1067 3872 τύραννος,
1112 3797 1186 3868 μὴ
1213 3795 1466 3869 διασχίσῃ
1499 3797 1588 3850 τὸν
1622 3798 1780 3870 χορὸν
1807 3801 1916 3853 τῶν
1955 3819 2082 3856 παι-

511 3885 662 3944 δίων,
698 3881 771 3952 μὴ
818 3877 1041 3950 μείνωσί
1071 3892 1214 3938 τινες
1240 3875 1631 3943 ἀστεφάνωτοι.
1677 3877 1786 3930 Καὶ
1815 3878 1896 3931 ὅτι
1925 3879 2082 3933 τοῦτο

513 3962 788 4028 ἐδεδοίκει,
817 3961 908 4014 τὸν
937 3958 1164 4028 ἔσχατον
1187 3957 1468 4026 μονονουχὶ
1492 3959 1610 4020 ταῖς
1640 3959 1795 4030 χερσὶ
1820 3959 2078 4028 λαϐοῦσα,

513 4043 683 4106 οὕτως
715 4044 795 4106 εἰς
840 4039 928 4092 τὸν
967 4035 1169 4106 λέϐητα
1213 4033 1436 4104 ἐνῆκεν,
1473 4035 1593 4088 ἀντὶ
1638 4036 1835 4106 χειρῶν
1866 4041 1929 4108 τῇ
1975 4039 2083 4096 τῶν

515 4122 689 4190 λόγων
723 4119 859 4190 πρὸς
891 4116 1053 4171 αὑτὸν
1088 4115 1410 4186 χρησαμένη
1443 4115 1782 4186 παρακλήσει
1817 4117 1912 4171 καὶ
1945 4135 2085 4189 συμ-

517 4201 703 4271 ϐουλῇ.
744 4199 934 4268 Ἡμεῖς
967 4197 1067 4248 οὑκ
1093 4193 1363 4262 ἀκούομεν
1391 4195 1558 4266 χωρὶς
1583 4194 1874 4265 ἀλγηδόνος
1895 4199 1962 4251 τὰ
1988 4199 2086 4252 ἀλ..

513 4281 705 4350 λότρια
734 4277 881 4330 κακὰ
905 4318 919 4342 ,
965 4273 1190 4344 κάκείνη
1242 4273 1650 4350 ἔϐλεπεγχωρὶς
1697 4275 1986 4346 ἀλγηδόνος
2017 4279 2086 4331 τά

515 4349 710 4410 οἰκεῖα.
757 4353 940 4408 Ταῦτα
987 4351 1062 4421 μὴ
1107 4350 1294 4413 ἁπλῶς
1337 4349 1641 4420 ἀκούωμεν,
1695 4353 1810 4406 ἀλλ’
1858 4355 2088 4421 ἕκαστος

513 4435 622 4488 τῶν
661 4433 944 4505 ἀκροατῶν
987 4429 1212 4482 ἐπὶτῶν
1246 4429 1462 4480 οἰκείων
1489 4430 1918 4498 ἀναλαμϐανέτω
1957 4453 2086 4489 παι-

513 4515 642 4568 δίων
689 4512 906 4566 ἃπασαν
953 4506 1155 4575 ταύτην
1198 4507 1296 4576 τὴν
1344 4507 1652 4576 τραγῳδίαν
1682 4525 1696 4538 ·
1731 4511 2088 4568 ὑποτυπούτω

515 4594 614 4664 τὴν
639 4591 762 4660 ὄψιν
787 4592 884 4660 τὴν
907 4587 1268 4656 ποθουμένην,
1287 4585 1380 4636 καὶ
1409 4585 1476 4636 τά
1499 4587 1726 4653 φίλτατα
1752 4590 2087 4661 ὑπογράφων

518 4671 698 4741 ἐαυτῷ
721 4711 734 4735 ,
783 4672 867 4722 ἐπ’
897 4665 1076 4721 αὐτῶν
1113 4665 1576 4744 ἀναζωγραφείτω
1615 4668 1787 4722 ταῦτα
1821 4670 1888 4722 τὰ
1915 4673 2083 4744 πάθη,

517 4751 612 4804 καὶ
649 4751 768 4804 τότε
794 4749 998 4802 εἴσεται
1031 4743 1212 4806 καλῶς
1239 4744 1346 4796 τῶν
1377 4743 1683 4820 λεγομένων
1707 4749 1804 4818 τὴν
1835 4743 2081 4820 δύναμιν·

519 4830 718 4903 μᾶλλον
744 4827 798 4882 δὲ
834 4827 954 4882 οὑδὲ
980 4825 1152 4887 οὑτως
1171 4842 1183 4856 ·
1215 4824 1282 4877 τά
1322 4825 1430 4894 γὰρ
1459 4825 1556 4894 τῆς
1582 4826 1792 4894 φύσεως
1829 4829 1972 4901 πάθη
2002 4831 2088 4884 λό-

515 4929 610 4980 γος
639 4911 736 4980 μὲν
775 4907 949 4968 οὐδεὶς
1000 4903 1342 4976 παραστῆσαι
1374 4903 1681 4974 δυνήσεται,
1717 4911 1881 4977 πεῖρα
1922 4909 1977 4962 δὲ
2009 4911 2087 4963 δι-

514 4990 702 5043 δάσκει
751 4987 910 5057 μόνη.
941 4984 1209 5051 Εὑκαιρον
1241 4983 1376 5052 πρὸς
1415 4983 1628 5056 ἐκείνην
1657 4987 1830 5040 εἰπεῖν
1867 4989 1928 5042 τὸ
1955 5007 2088 5062 προ-

517 5065 745 5136 φητικὸν
779 5067 955 5116 ἐκεῖνο
980 5063 1116 5132 μετά
1141 5063 1230 5114 τὸν
1268 5063 1529 5130 στέφανον
1557 5063 1663 5117 τῶν
1695 5065 1834 5119 ἐτττά
1861 5068 2086 5123 παίδων·

515 5145 600 5199 Σὺ
638 5143 706 5196 δὲ
751 5143 891 5196 ὡσεὶ
926 5143 1100 5195 ἐλαία
1137 5141 1518 5210 κατάκαρπος
1563 5145 1634 5197 ἐν
1679 5145 1759 5210 τῷ
1803 5148 1945 5214 οἴκῳ
1981 5151 2089 5204 τοῦ

517 5224 686 5278 Θεοῦ.
727 5224 848 5275 Ἐπὶ
881 5222 982 5292 μὲν
1019 5218 1114 5274 οὖν
1153 5222 1262 5275 τῶν
1311 5223 1695 5292 Ὀλυμπιακῶν
1722 5227 1966 5296 ἀγώνων,
2003 5249 2088 5300 χι-

515 5304 646 5357 λίων
681 5301 943 5364 πολλάκις
989 5300 1337 5354 εἰσελθόντων
1371 5302 1642 5372 ἀθλητῶν,
1683 5309 1762 5368 εἰς
1805 5307 1900 5360 ἕνα
1942 5325 2090 5380 περι.

518 5383 726 5436 ίσταται
787 5381 946 5451 μόνον
994 5383 1022 5434 ὁ
1076 5381 1368 5449 στέφανος·
1422 5382 1656 5436 ἐνταῦθα
1697 5385 1754 5437 δέ
1797 5386 1907 5439 ἀπὸ
1949 5387 2090 5440 ἐπτά

515 5461 764 5530 ἀθλητῶν
799 5461 938 5514 ἐπτά
971 5464 1285 5529 στεφανῖται
1323 5463 1597 5530 γεγόνασι.
1633 5463 1798 5516 Ποίαν
1824 5464 1966 5534 ἔχεις
2000 5484 2089 5536 μοι

515 5538 685 5603 δεῖξαι
717 5539 899 5610 χώραν
926 5538 1098 5602 οὕτως
1137 5538 1396 5610 εὑφορον;
1429 5542 1584 5594 ποίαν
1611 5541 1774 5611 νηδὺν
1802 5543 1973 5608 οὕτως
1999 5545 2090 5598 εὑ-

516 5635 712 5682 τοκον;
747 5621 906 5682 ποίας
945 5618 1200 5680 τοιαύτας
1244 5619 1470 5686 ὼδίνας;
1516 5621 1579 5672 Ἦ
1612 5623 1792 5692 μήτηρ
1817 5623 1926 5676 τῶν
1959 5625 2090 5680 υἱῶν

519 5693 805 5770 Ζεϐεδαίου
849 5695 1160 5749 ἀποστόλων
1198 5696 1414 5759 ἐγένετο
1451 5698 1656 5770 μήτηρ,
1691 5700 1826 5755 ἀλλά
1853 5701 1948 5755 δύο
1996 5701 2092 5770 μό-

583 5781 602 5802 ⁶
625 5769 763 5820 Idem
793 5775 912 5838 Reg.
934 5781 1018 5834 τῆς
1040 5782 1272 5838 κυήσεως.

1175 307 1230 362 S.
1274 307 1558 364 JOANNIS
1593 299 2074 366 CHRYSOSTOMI
2113 307 2432 364 ARCIIIEP.
2473 297 3017 364 CONSTANTINOP:

3623 305 3734 364 622

2158 443 2266 480 νων
2287 443 2300 458 ·
2331 425 2472 480 ἐπτά
2509 424 2566 478 δὲ
2597 425 2882 495 μάρτυρας
2911 424 3011 476 οὐκ
3035 417 3151 476 οἶδα
3183 423 3311 494 μίαν
3339 421 3736 490 ἐξενεγκοῦσαν

2155 511 2422 582 γαστέρα,
2459 509 2549 562 καὶ
2575 509 2745 579 αὑτὴν
2779 507 2939 561 πάλιν
2971 507 3362 578 προστεθεῖσαν
3392 508 3596 571 αὐτοῖς,
3628 507 3734 560 οὑκ

2155 596 2213 646 ἐν
2263 593 2549 665 προσθήκῃ
2597 595 2726 664 μιᾶς
2763 592 3037 662 μάρτυρος
3081 591 3262 661 μόνον,
3295 590 3408 644 ἀλλ’
3451 588 3736 658 ἐν’πολλῷ

2159 679 2441 732 πλειόνων.
2483 679 2546 733 Οί
2597 677 2698 747 μὲν
2737 676 2888 748 [6‘27]
2917 677 3026 746 γάρ
3059 675 3249 738 παῖδες
3277 675 3419 728 ἑπτὰ
3455 675 3736 746 μάρτυρες

2155 759 2297 834 ἦσαν
2335 762 2492 832 μόνον
2511 775 2524 789 ·
2557 760 2618 813 τὸ
2649 760 2706 814 δὲ
2734 760 2894 831 σῶμα
2923 762 3024 830 τῆς
3055 758 3260 829 μητρὸς
3301 757 3482 812 αὑτῶν
3507 775 3739 828 προστε-

2161 845 2251 898 θέν
2295 844 2452 915 σῶμα
2483 844 2582 914 μὲν
2610 839 2676 913 ἦν
2721 843 2800 908 ἓν,
2855 842 3146 913 μαρτύρων
3189 841 3245 894 δέ
3273 841 3354 906 δὶς
3383 840 3520 894 ἐπτά
3545 841 3738 912 χώραν

2160 929 2421 998 ἐπλήρου,
2446 929 2528 980 ὅτι
2551 944 2610 980 τε
2641 925 2763 980 καθ’
2789 926 3018 980 ἕκαστον
3039 923 3219 978 αὑτῶν
3247 923 3618 996 ἐμαρτύρησε,
3639 925 3740 976 καὶ

2159 1013 2242 1065 ὅτι
2275 1011 2560 1075 κάκείνους
2587 1011 2862 1074 τοιούτους
2895 1010 3220 1080 εἰργάσατο,
3261 1007 3588 1080 Ἐκκλησίαν
3612 1008 3738 1060 ὁλό-

2159 1095 2361 1166 κληρον
2398 1095 2690 1166 μαρτύρων
2737 1097 2871 1164 ἡμῖν
2913 1094 3297 1164 ἀποκυήσασα.
3336 1091 3504 1144 Ἐπτά
3539 1089 3740 1154 παῖδας

2159 1179 2338 1242 ῶδινε,
2371 1179 2466 1232 καὶ
2494 1177 2683 1232 οὐδένα
2706 1177 2862 1230 ῶδινε
2893 1180 2961 1248 τῇ
2993 1179 3086 1248 γῇ,
3123 1175 3258 1230 ἁλλά
3293 1176 3502 1238 πάντας
3532 1175 3608 1245 τῷ
3647 1175 3744 1226 οὑ-

2165 1261 2346 1332 ρανῷ,
2387 1261 2586 1331 μᾶλλον
2611 1261 2667 1313 δὲ
2708 1259 2785 1329 τῷ
2823 1259 3032 1324 βασιλεῖ
3063 1258 3170 1312 τῶν
3211 1257 3478 1328 οὖρανῶν,
3519 1258 3599 1319 εἰς
3637 1257 3741 1326 τὴν

2165 1341 2466 1412 μέλλουσαν
2511 1343 2708 1408 αὑτοὺς
2754 1342 3000 1405 ἅπαντας
3042 1340 3404 1412 ἀποκυήσασα
3450 1339 3614 1410 ζωήν.
3681 1337 3744 1391 Ὀ

2165 1427 2262 1496 μὲν
2291 1421 2384 1478 οὖν
2409 1423 2652 1488 διάϐολος
2677 1426 2910 1494 ἐσχάτην
2943 1423 3113 1496 αὑτὴν
3143 1421 3244 1495 ἦγε
3276 1423 3410 1495 πρὸς
3446 1423 3514 1476 τὰ
3543 1419 3748 1476 παλαί-

2165 1526 2348 1578 σματα
2373 1508 2461 1562 διὰ
2495 1509 2592 1579 τὴν
2629 1508 2830 1570 αἰτίαν,
2870 1509 2936 1578 ἢν
2967 1507 3135 1579 ἔφθην
3173 1505 3364 1572 εἰπὼν,
3403 1507 3488 1559 ἵνα
3521 1505 3619 1575 τῆς
3651 1504 3748 1556 δυ-

2163 1594 2384 1662 νάμεως
2411 1593 2546 1664 αὑτῇ
2578 1592 3056 1662 προαναλωθείσης
3091 1594 3148 1646 ἐν
3177 1595 3243 1662 τῇ
3279 1591 3481 1662 θεωρίᾳ
3513 1590 3620 1642 τῶν
3653 1589 3750 1658 βα-

2167 1677 2366 1740 σάνων,
2397 1677 2721 1747 εὐχείρωτος
2749 1677 2974 1747 γένηται
3008 1677 3212 1746 ἐσχάτη
3239 1675 3501 1744 δεχομένη
3529 1673 3618 1726 τὸν
3647 1674 3748 1724 ἀν-

2163 1761 2408 1815 τίπαλον.
2445 1762 2506 1814 Εἰ
2545 1761 2652 1832 γὰρ
2695 1755 2834 1830 αἷμα
2876 1760 3134 1822 πολλάκις
3174 1759 3408 1830 ὁρῶντες
3437 1755 3748 1827 καταρρέον

2164 1843 2442 1914 ἄνθρωποι
2485 1844 2786 1897 κατέπεσον
2837 1843 3352 1912 ὁλιγοψυχήσαντες,
3404 1841 3498 1894 καὶ
3545 1838 3750 1908 πολλῆς

2166 1927 2463 1999 ἐδεήθησαν
2495 1926 2900 1997 πραγματείας,
2923 1927 3064 1980 ὥστε
3089 1928 3190 1998 τὴν
3213 1925 3360 1996 ζωὴν
3383 1923 3748 1978 ἐκλείπουσαν

2166 2011 2348 2073 αὑτοῖς
2400 2011 2493 2064 καὶ
2535 2011 2630 2063 τοῦ
2681 2009 2934 2080 σώματος
2984 2009 3370 2080 ἀφιπταμένην
3417 2010 3516 2078 τὴν
3565 2005 3748 2076 ψυχὴν

2167 2097 2562 2164 ἐπαναγαγεῖν·
2623 2095 2906 2158 τοσούτους
2953 2094 3136 2165 ἐκείνη
3186 2094 3417 2163 αἵματος
3471 2091 3752 2161 βλέπουσα

2171 2180 2381 2250 ῥύακας
2418 2181 2516 2233 οὑκ
2547 2179 2605 2244 ἐξ
2645 2178 2930 2249 ἀλλοτρίας
2951 2217 2966 2242 ,
2998 2178 3112 2230 ἀλλ’
3145 2179 3208 2230 ἐκ
3237 2179 3336 2246 τῆς
3373 2175 3482 2228 τῶν
3513 2173 3748 2228 παιδίων

2171 2262 2370 2334 σαρκὸς
2415 2262 2838 2334 καταρῤέοντας,
2869 2262 2920 2313 τί
2965 2261 3064 2314 οὑκ
3111 2259 3178 2314 ἂν
3213 2259 3541 2330 ὑπέμεινεν;
3579 2256 3750 2309 πόσον

2169 2347 2268 2400 οὑκ
2297 2345 2362 2399 ἂν
2386 2345 2606 2409 ἐδέξατο
2635 2345 2863 2415 θόρυϐον
2895 2348 2959 2416 τῇ
2995 2344 3174 2415 ψυχῇ;
3215 2345 3272 2396 '0
3310 2343 3408 2414 μὲν
3441 2337 3534 2395 οὖν
3565 2339 3755 2394 διάϐο-

2170 2426 2278 2491 λος.
2308 2429 2444 2500 ὅπερ
2479 2427 2650 2499 ἔφθην
2687 2427 2876 2491 εἰπὼν,
2908 2427 2996 2480 διὰ
3025 2426 3184 2482 τοῦτο
3219 2425 3355 2497 μετά
3395 2426 3522 2488 τοὺς
3551 2421 3756 2484 παῖδας

2171 2511 2341 2580 αὑτὴν
2372 2511 2464 2563 ἐπὶ
2493 2513 2617 2573 τοὺς
2638 2510 2854 2579 ἀγῶνας
2881 2511 3152 2575 εἵλκυσεν,
3183 2509 3322 2562 ὥστε
3347 2503 3756 2576 ἀσθενεστέραν

2171 2594 2506 2664 ἐργάσασθαι
2527 2610 2540 2625 ·
2571 2595 2788 2662 ἐγένετο
2808 2594 2864 2647 δὲ
2894 2593 3200 2646 τούναντίον
3221 2609 3234 2623 ·
3269 2593 3465 2663 μᾶλλον
3485 2591 3596 2660 γάρ
3617 2589 3760 2659 θαρο

2175 2679 2342 2748 ροὖσα
2373 2679 2506 2749 πρὸς
2542 2681 2668 2741 τοὺς
2699 2679 2916 2745 ἀγῶνας
2955 2678 3174 2749 ἤρχετο.
3207 2678 3365 2740 Τίνος
3405 2677 3614 2738 ἕνεκεν,
3655 2673 3760 2725 καὶ

2172 2761 2263 2815 διὰ
2293 2762 2378 2830 τί;
2419 2763 2540 2816 Ὅτι
2583 2764 2682 2816 οὐκ
2721 2763 2978 2816 ἐδεδοίκει
3014 2763 3220 2826 λοιπὸν,
3262 2761 3382 2814 οὑδέ
3431 2757 3760 2830 ἐφρόντιζεν

2175 2847 2318 2918 ὑπέρ
2347 2864 2507 2900 τινων
2549 2845 2782 2899 ἐνταῦθα
2824 2845 3384 2918 καταλιμπανομένων
3433 2845 3568 2914 αὑτῇ
3619 2859 3756 2895 παι·-

2173 2930 2338 2994 δίων,
2394 2933 2467 3000 μή
2517 2947 2646 2983 ποτε
2699 2929 3272 2999 καταμαλακισθέντες
3329 2925 3756 2998 ἀποστερηθῶσι

2175 3014 2280 3068 τῶν
2314 3015 2590 3082 στεφάνων
2611 3031 2625 3044 ·
2659 3013 2795 3066 ἀλλὰ
2825 3014 3033 3075 πάντας
3059 3013 3256 3075 αὑτοὺς
3287 3011 3475 3080 ὥσπερ
3509 3011 3588 3072 εἰς
3615 3009 3758 3062 ἀσυ-

2175 3097 2266 3150 λον
2309 3096 2617 3167 ἀποθεμένη
2649 3098 2874 3167 ταμεῖον
2902 3095 2992 3148 τὸν
3031 3096 3280 3167 οὑρανδν,
3317 3095 3409 3148 καὶ
3451 3094 3586 3164 πρὸς
3621 3092 3758 3156 τοὺς

2177 3180 2289 3234 ἄνω
2335 3180 2598 3249 πέμψασα
2647 3179 2942 3247 στεφάνους
2991 3179 3084 3230 καὶ
3125 3178 3196 3231 τὰ
3252 3179 3483 3246 ἀκίνητα
3531 3175 3756 3244 ἀγαθὰ,

2181 3261 2458 3333 θαρροῦσα
2493 3261 2829 3316 ἐπαπεδύετο
2860 3261 2997 3332 μετά
3027 3261 3231 3331 πολλῆς
3259 3263 3355 3332 τῆς
3386 3259 3578 3330 ἡδονῆς
3599 3275 3612 3289 ·
3656 3261 3758 3314 καὶ

2182 3347 2431 3418 καθάπερ
2453 3347 2698 3417 στεφάνῳ
2721 3347 2828 3400 τινὶ
2851 3347 2942 3400 τὸν
2963 3345 3400 3416 τιμαλφέστατον
3425 3343 3591 3408 λίθον,
3609 3340 3756 3412 αὕτη

2181 3429 2279 3500 τὴν
2312 3429 2486 3500 σάρκα
2523 3429 2618 3499 τὴν
2651 3429 2852 3500 ἑαυτῆς
2884 3429 2961 3500 τῷ
2993 3427 3138 3500 χορῷ
3167 3427 3276 3482 τῶν
3319 3428 3546 3482 παιδίων
3593 3428 3762 3497 ἐναρ-

2185 3512 2400 3580 μόσασα
2452 3512 2587 3584 πρὸς
2639 3513 2728 3564 τὸν
2774 3511 3108 3582 ποθούμενον
3153 3513 3360 3581 Ἰησοῦν
3407 3510 3758 3580 ἀπεδήμησε,

2186 3595 2447 3666 μεγίστην
2493 3598 2626 3666 ἡμῖν
2666 3593 3040 3648 καταλιποῦσα
3085 3597 3428 3666 παράκλησιν
3470 3594 3566 3647 καὶ
3618 3609 3766 3662 συμ-

2184 3677 2402 3749 ϐουλὴν,
2433 3680 2530 3750 τὴν
2555 3680 2642 3732 διά
2675 3679 2783 3732 τῶν
2825 3679 3000 3750 ἔργων
3041 3679 3384 3750 παραίνεσιν,
3413 3677 3554 3731 ὥστε
3583 3678 3765 3747 ὲρῤω-

2187 3763 2320 3834 μένῃ
2356 3765 2501 3834 ψυχῇ
2531 3765 2624 3816 καὶ
2655 3762 2846 3834 ὑψηλῷ
2872 3762 2948 3833 τῷ
2982 3765 3288 3834 φρονήματι
3333 3765 3548 3816 πάντων
3581 3777 3764 3814 κατα-

2183 3847 2386 3917 τολμᾷν
2417 3847 2524 3900 τῶν
2561 3847 2770 3900 δεινῶν.
2805 3847 2901 3911 Τίς
2937 3847 3047 3918 γὰρ
3083 3849 3224 3919 ἀνὴρ
3245 3889 3260 3914 ,
3293 3849 3416 3901 ποία
3464 3847 3603 3916 γυνὴ
3626 3889 3638 3910 ,
3673 3844 3768 3908 τίς

2185 3931 2531 4002 πρεσϐύτης,
2571 3935 2720 3994 ποῖος
2745 3931 2862 3995 νέος
2904 3931 3232 4004 συγγνώμης
3269 3933 3517 3999 τεύξεται
3548 3931 3764 3994 λοιπὸν,

2185 4010 2220 4082 ἢ
2250 4011 2543 4078 ἀπολογίαν
2574 4011 2684 4075 ἔξει
2717 4009 2968 4074 δεδοικὼς
2997 4011 3084 4064 διὰ
3115 4013 3204 4064 τὸν
3225 4012 3461 4081 Χριστὸν
3484 4009 3768 4078 ἐπαγομέ-

2185 4115 2310 4162 νους
2339 4098 2486 4169 αὑτῷ
2516 4097 2793 4161 κινδύνους
2811 4139 2826 4162 ,
2871 4099 2998 4151 ὅταν
3027 4098 3163 4170 γυνὴ
3187 4140 3202 4165 ,
3251 4099 3340 4155 καὶ
3381 4097 3731 4170 γεγηρακυῖα
3749 4133 3768 4154 ι.

2188 4181 2282 4234 καὶ
2325 4182 2593 4234 τοσούτων
2635 4181 2842 4234 παίδων
2876 4183 3078 4252 μήτηρ,
3125 4183 3217 4236 καὶ
3261 4182 3368 4253 πρὸ
3400 4182 3498 4252 τῆς
3539 4181 3770 4250 χάριτος

2189 4269 2571 4340 ἀγωνισαμένη
2593 4309 2606 4332 ,
2660 4268 3059 4338 κεκλεισμένων
3101 4269 3182 4322 ἔτι
3225 4271 3334 4324 τῶν
3381 4269 3477 4322 τοῦ
3527 4268 3768 4321 θανάτου

2191 4353 2397 4417 πυλῶν,
2428 4351 2581 4406 οὔπω
2603 4353 2699 4422 τῆς
2725 4351 2996 4422 ἁμαρτίας
3029 4353 3366 4425 σϐεσθείσης,
3387 4353 3510 4406 οὐδὲ
3535 4350 3630 4404 τοῦ
3661 4349 3772 4402 θα-

2189 4437 2348 4490 νάτου
2370 4435 2883 4504 καταγωνισθέντος,
2913 4437 3052 4506 μετά
3075 4437 3344 4508 τοσαύτης
3371 4435 3680 4508 προθυμίας
3705 4451 3774 4486 τε

2191 4521 2286 4574 καὶ
2327 4521 2576 4592 ἀνδρείας
2608 4520 2872 4582 τοσαύτας
2901 4521 3158 4590 φαίνηται
3191 4522 3279 4576 διὰ
3323 4522 3412 4574 τὸν
3451 4519 3584 4574 Θεὸν
3623 4519 3774 4572 ὑπο-

2193 4603 2430 4672 μένουσα
2467 4603 2770 4674 τιμωρίας;
2825 4601 3012 4655 Ταῦτα
3057 4604 3114 4656 δὲ
3164 4604 3342 4658 πάντα
3393 4602 3772 4672 λογισάμενοι,

2191 4683 2286 4735 καὶ
2315 4687 2570 4751 γυναῖκες
2607 4684 2700 4735 καὶ
2728 4685 2941 4754 ἄνδρες,
2967 4685 3060 4736 καὶ
3089 4683 3198 4736 νέοι
3221 4685 3315 4737 καί⁵
3339 4683 3616 4753 γέροντες,
3639 4683 3776 4746 τοὺς

2191 4761 2407 4829 ἀγῶνας
2437 4763 2527 4814 καὶ
2551 4761 2620 4814 τά
2654 4761 3006 4834 παλαίσματα
3030 4761 3218 4834 ὥσπερ
3246 4765 3339 4816 ἐπὶ
3366 4762 3590 4823 πίνακός
3621 4777 3776 4823 τινος

2189 4847 2287 4916 τῆς
2311 4847 2534 4922 καρδίας
2559 4846 2716 4916 ήμῶν
2745 4846 3188 4919 ἀπογράψαντες,
3207 4847 3432 4917 διηνεκῆ
3455 4844 3774 4916 συμϐουλὴν

2191 4931 2326 5004 πρὸς
2357 4931 2456 5002 τὴν
2495 4930 2602 4984 τῶν
2634 4930 2821 4984 δεινῶν
2861 4931 3162 5002 ὑπεροψίαν
3189 4933 3288 5001 τήν
3322 4931 3535 4999 ἐκείνης
3567 4945 3778 4998 καρτε-

2195 5017 2316 5088 ρίαν
2350 5015 2562 5086 εχωμεν
2593 5016 3022 5086 ἐναποκειμένην
3051 5015 3206 5088 ἡμῶν
3232 5019 3297 5088 τῇ
3335 5015 3482 5086 ψυχῇ
3505 5055 3521 5082 ,
3553 5014 3644 5067 ἵνα
3683 5015 3777 5066 ἐν·

2191 5102 2366 5156 ταῦθα
2407 5102 2777 5172 μιμησάμενοι
2805 5101 2904 5171 τὴν
2929 5102 3130 5172 ἀρετὴν
3163 5101 3271 5154 τῶν
3315 5101 3486 5168 ἁγίων
3531 5097 3774 5163 τούτων,
3837 5093 3854 5099 ’

2191 5187 2354 5240 κάκεῖ
2381 5187 2488 5238 τῶν
2531 5185 2810 5253 στεφάνων
2840 5185 3157 5256 δυνηθῶμεν
3194 5187 3378 5246 αὑτοῖς
3415 5182 3778 5252 κοινωνῆσαι,

2190 5274 2321 5342 ὅσην
2348 5271 2404 5322 ἐν
2432 5273 2546 5332 τοῖς
2572 5268 2835 5332 κινδύνοις
2865 5270 3182 5340 φιλοσοφίαν
3221 5268 3588 5335 ἐπεδείξαντο,
3641 5283 3778 5318 τοσ-

2191 5357 2362 5427 αύτην
2390 5356 2448 5408 ἐν
2481 5357 2592 5418 τοῖς
2632 5354 2846 5422 ἀλόγοις
2873 5354 3102 5409 πάθεσιν
3131 5356 3294 5426 ἡμεῖς
3321 5352 3618 5424 καρτερίαν
3649 5352 3781 5404 ἐπι-

2190 5439 2552 5511 δεικνύμενοι,
2591 5437 2770 5508 θυμῶ,
2797 5439 2892 5492 καὶ
2920 5439 3188 5510 ἐπιθυμίᾳ
3215 5438 3537 5510 χρημάτων,
3577 5436 3780 5504 σωμά-

2189 5545 2320 5590 των,
2371 5525 2530 5596 δόξης
2576 5523 2739 5594 κενῆς
2759 5563 2774 5587 ,
2828 5523 2922 5577 καὶ
2971 5523 3080 5577 τῶν
3129 5523 3305 5577 ἀλλων
3349 5521 3458 5576 τῶν
3509 5517 3780 5574 τοιούτων

2191 5613 2467 5668 ἁπάντων.
2510 5612 2573 5666 El
2605 5609 2713 5681 γάρ
2741 5611 2842 5681 τῆς
2877 5609 3084 5664 τούτων
3115 5607 3542 5683 περιγενοίμεθα
3569 5607 3778 5676 φλογος

2193 5697 2444 5768 καθάπερ
2503 5697 2700 5750 ἐκεῖνοι
2771 5694 2862 5749 τοῦ
2923 5694 3130 5767 πυρὸς,
3187 5691 3530 5767 δυνησόμεθα
3575 5690 3779 5762 στῆναι

3731 5811 3804 5838 τὼ
