4080 6196
285 307 381 364 62f
1125 392 1128 394 γ
1605 310 1694 366 ne
1731 309 2160 369 MACCABEIS.
2201 312 2240 368 ι.

283 415 570 475 carniﬁces
591 460 609 488 ,
638 416 737 476 sed
760 418 1172 492 circumpositos
1190 419 1408 493 angelos
1437 438 1453 477 :
1477 420 1640 478 oblita
1666 433 1749 479 est
1776 423 1876 480 do-

3472 315 3578 373 62?.

1987 434 2194 496 septem
2214 425 2456 481 coronati
2479 424 2812 496 prodierunt.
2840 426 3010 496 Quem
3036 427 3167 483 mihi
3188 441 3372 498 agrum
3393 438 3576 485 osten-

285 514 430 568 iores
477 521 664 582 partus
687 551 706 578 ,
743 512 1068 583 contempsit
1110 522 1355 568 naturam
1385 513 1424 581 ’,
1474 513 1717 586 despexit
1753 528 1881 572 aeta-

285 611 392 655 tem
424 617 438 655 :
468 601 713 672 despexit
740 642 755 666 ,
779 602 994 672 inquam
1021 644 1036 668 ,
1068 611 1310 658 naturam
1335 645 1352 672 ,
1381 619 1498 660 rem
1521 607 1876 676 tyrannicam;

283 703 530 747 naturam
552 733 567 758 ,
597 708 719 763 quae
747 694 834 748 vel
868 693 1008 748 feras
1056 695 1198 764 ipsas
1237 694 1450 750 vincere
1496 696 1652 752 solet.
1703 697 1880 754 Multae

283 797 520 852 namque
545 792 705 853 captu
732 783 1060 840 difficiliores
1089 784 1216 840 fera:
1250 785 1330 842 sic
1363 801 1547 844 amore
1573 795 1627 843 et
1654 790 1879 845 eorumi-

285 877 556 930 seratione
587 891 712 946 erga
742 877 945 947 prolem
973 879 1260 949 capiuntur
1279 921 1294 946 ,
1322 895 1470 936 suam
1500 897 1608 938 non
1633 896 1880 944 curantes

285 966 514 1020 salutem
539 1007 557 1031 ,
591 967 688 1022 sed
728 968 942 1024 incaute
978 969 1030 1023 in
1067 979 1376 1027 venatorum
1415 988 1605 1029 manus
1643 976 1881 1033 inciden-

286 1069 369 1115 tes
401 1077 417 1114 :
449 1061 762 1132 nullumque
791 1069 872 1116 est
896 1063 1095 1118 animal
1137 1064 1210 1119 ita
1249 1064 1518 1121 infirmum
1542 1107 1560 1134 ,
1590 1077 1646 1122 ut
1673 1071 1878 1139 prolem

286 1167 392 1206 non
422 1151 709 1218 defendat;
762 1154 964 1209 nullum
1010 1155 1084 1209 ita
1129 1167 1462 1212 mansuetum
1489 1199 1504 1225 ,
1531 1168 1590 1214 ut
1628 1161 1735 1216 fetu
1782 1179 1879 1218 suo

288 1243 536 1298 orbatum
582 1261 689 1298 non
739 1245 994 1300 irritetur.
1027 1247 1222 1302 Verum
1269 1249 1356 1303 illa
1390 1252 1721 1321 tyrannidem
1767 1261 1878 1309 tum

286 1351 384 1405 per
426 1336 772 1392 rationabiles
821 1337 1106 1407 homines,
1148 1348 1259 1394 tum
1305 1357 1400 1412 per
1436 1342 1590 1398 bruta
1629 1346 1877 1403 animalia

286 1429 552 1484 intensam
579 1428 823 1485 dissolvit
868 1447 884 1482 ε
916 1447 1088 1502 neque
1117 1434 1291 1488 solum
1321 1451 1427 1490 non
1457 1436 1676 1494 insilivit
1702 1440 1756 1494 in
1787 1456 1876 1495 ca-

289 1531 381 1587 put
409 1523 653 1593 tyranni,
701 1531 874 1594 neque
903 1526 1062 1582 modo
1090 1527 1278 1582 faciem
1309 1528 1426 1600 ejus
1454 1546 1560 1585 non
1588 1531 1874 1602 laceravit,

286 1614 590 1686 discerptos
633 1617 820 1672 videns
867 1621 1108 1688 catulos,
1147 1620 1243 1677 scd
1283 1630 1480 1678 tantam
1528 1626 1878 1697 philosophiae

286 1707 705 1777 magnitudinem
736 1707 1014 1772 exhibuit,
1045 1719 1104 1764 ut
1133 1711 1394 1768 immanes
1422 1713 1523 1785 ipsi
1549 1714 1715 1787 dapes
1743 1733 1880 1786 prae-

288 1808 500 1867 pararet
525 1817 539 1853 :
562 1815 626 1854 ac
645 1799 770 1855 dum
789 1801 998 1871 priores
1016 1801 1191 1858 adhuc
1211 1805 1580 1861 cruciarentur
1599 1849 1614 1872 ,
1646 1809 1879 1880 reliquos

287 1891 352 1944 ad
380 1891 766 1961 suppliciorum
795 1894 1220 1963 experimentum
1248 1897 1554 1966 inuugeret.

358 1983 411 2036 3.
443 1982 672 2036 Audiant
692 1992 911 2051 matres,
936 1985 1176 2040 mulieris
1197 1987 1470 2043 imitentur
1490 1989 1873 2062 fortitudinem,

287 2073 559 2143 prolisque
579 2089 818 2130 amorem
843 2093 859 2130 :
887 2077 964 2131 sic
994 2076 1134 2132 ﬁlios
1158 2080 1416 2134 nutriant.
1445 2080 1560 2136 Non
1589 2085 1729 2138 enim
1755 2101 1875 2139 mu-

287 2163 437 2220 lieris
464 2176 547 2219 est
577 2181 796 2235 parere,
828 2167 880 2221 id
926 2183 1116 2238 nempe
1142 2177 1224 2224 est
1261 2180 1494 2238 naturzn;
1525 2173 1618 2227 sed
1648 2174 1878 2232 educare

285 2259 474 2313 matris
503 2269 606 2324 est,
649 2257 701 2313 id
733 2275 962 2330 namque
991 2271 1074 2316 est
1103 2261 1409 2316 voluntatis.
1441 2261 1509 2319 Ut
1535 2280 1666 2320 vero
1705 2267 1878 2323 discas

284 2366 392 2405 non
417 2367 481 2405 ex
514 2359 667 2422 partu
702 2363 925 2407 matrem
962 2354 1100 2419 fieri,
1144 2355 1239 2410 sed
1267 2371 1333 2410 ex
1373 2356 1688 2416 educatione
1714 2361 1874 2430 bona,

285 2445 408 2500 audi
436 2445 682 2514 Paulum,
711 2446 920 2501 viduam
966 2457 1314 2504 coronantem
1338 2491 1352 2515 ,
1387 2465 1491 2505 non
1537 2452 1605 2507 ob
1633 2463 1838 2523 partum
1859 2497 1874 2522 ,

285 2536 380 2591 sed
410 2537 482 2592 ob
530 2537 901 2594 educationem
941 2539 1228 2595 liberorum
1261 2557 1275 2591 :
1304 2556 1423 2596 cum
1451 2542 1594 2597 enim
1621 2545 1874 2612 dixisset,

294 2627 464 2682 Vidua
493 2629 712 2698 eligatur
759 2647 860 2685 non
908 2632 1074 2686 minus
1116 2649 1366 2686 annorum
1404 2637 1691 2705 sexaginta,
1736 2641 1877 2692 testi-

287 2720 520 2773 monium
551 2719 736 2775 habens
766 2722 817 2775 in
857 2721 1087 2790 operibus
1121 2722 1263 2776 bouis
1293 2723 1369 2796 (1.
1411 2723 1540 2778 Tim.
1575 2727 1629 2781 5.
1660 2727 1712 2782 9.
1732 2729 1839 2799 '10)
1859 2771 1874 2792 ,

284 2811 553 2866 bonorum
582 2813 819 2867 omnium
851 2823 1008 2883 caput
1035 2813 1238 2868 addidit
1270 2831 1285 2868 :
1311 2815 1576 2884 quodnam
1614 2818 1786 2872 illud?
1816 2819 1879 2875 Si

282 2901 420 2969 ﬁlios
449 2903 696 2972 educavit,
720 2903 922 2974 inquit;
951 2919 1055 2958 non
1084 2904 1236 2971 dixit,
1261 2903 1316 2959 Si
1339 2904 1478 2960 ﬁlios
1499 2909 1735 2976 peperit;
1759 2909 1873 2975 sed,

284 2991 346 3044 Si
372 2993 511 3062 filios
536 2994 785 3048 educavit.
815 2993 1121 3066 Cogitemus
1155 3011 1298 3065 ergo,
1329 2995 1456 3067 quid
1491 2998 1777 3055 verisimile
1803 3001 1874 3055 sit

284 3099 495 3154 passam
518 3085 678 3142 fuisse
696 3088 992 3154 mulierem,
1011 3089 1055 3144 si
1078 3097 1252 3143 tamen
1267 3089 1544 3145 mulierem
1564 3091 1684 3146 licet
1700 3093 1878 3162 appel-

281 3178 424 3244 lare,
482 3193 605 3233 cum
651 3179 854 3235 videret
896 3180 1090 3250 digitos
1151 3196 1312 3250 super
1365 3183 1546 3251 prunis
1602 3185 1870 3254 palpitan-

285 3280 388 3334 tes,
421 3282 583 3342 caput
611 3273 884 3338 exsiliens,
916 3273 1144 3328 ferream
1171 3289 1388 3330 manum
1421 3275 1687 3344 injectam,
1716 3277 1875 3346 capiti

281 3365 507 3419 alterius
534 3382 566 3420 e
607 3366 730 3420 ﬁliis
762 3366 957 3436 pellem
987 3365 1300 3431 detractam,
1339 3375 1395 3421 et
1435 3382 1554 3422 eum
1577 3409 1591 3434 ,
1623 3369 1712 3438 qui
1751 3370 1874 3424 talia

281 3471 477 3524 passus
501 3466 679 3524 esset,
709 3457 882 3513 adhuc
910 3467 1138 3513 stantem
1161 3469 1214 3514 et
1241 3459 1566 3528 loquentem.
1597 3460 1874 3528 Quomodo

281 3562 344 3602 os
365 3551 614 3619 aperuit?
643 3551 911 3621 quomodo
950 3552 1182 3622 linguam
1222 3552 1428 3607 movit?
1461 3553 1727 3623 quomodo
1765 3569 1874 3610 non

282 3641 464 3695 anima
499 3658 530 3697 e
556 3657 782 3713 corpore
810 3643 1076 3699 evolavit?
1121 3643 1175 3697 ld
1221 3644 1491 3715 quomodo
1538 3643 1732 3700 factum
1780 3648 1871 3712 sit,

282 3747 384 3803 ego
412 3733 610 3789 dicam.
643 3734 757 3789 Non
784 3735 1103 3806 respiciebat
1132 3740 1184 3790 lu
1215 3745 1408 3791 terram
1430 3778 1445 3804 ,
1475 3736 1570 3792 sed
1600 3736 1668 3792 ad
1698 3737 1871 3804 futura

282 3825 463 3879 omnia
489 3827 887 3896 przeparabatur
916 3845 930 3881 :
962 3842 1126 3882 unum
1168 3827 1537 3884 tantummodo
1567 3831 1870 3898 metuebat,

283 3933 348 3973 ne
379 3929 630 3990 parceret
671 3929 727 3975 ct
755 3920 900 3989 prius
947 3935 1170 3991 agonem
1211 3919 1446 3976 solveret
1484 3929 1772 3992 tyrannus,
1804 3939 1874 3980 ne

281 4009 511 4065 chorum
559 4011 787 4066 ﬁliorum
830 4011 1190 4083 disjungerct,
1238 4028 1343 4070 neu
1377 4012 1591 4082 quidam
1623 4014 1740 4071 sine
1778 4031 1873 4070 co-

283 4103 432 4157 ronis
473 4111 774 4158 manerent.
817 4103 1074 4174 Quodque
1114 4102 1244 4158 illud
1277 4103 1490 4160 timeret
1526 4103 1652 4160 hinc
1698 4106 1872 4176 palam

283 4203 383 4258 est,
417 4191 565 4261 quod
609 4201 938 4262 postremum
969 4194 1118 4264 quasi
1171 4193 1416 4250 manibus
1453 4205 1759 4266 correptum
1792 4199 1874 4252 in-

276 4282 470 4348 iecerit
511 4284 566 4337 in
600 4283 853 4350 lebetem,
895 4300 992 4354 pro
1035 4284 1282 4340 manibus
1313 4285 1600 4341 verborum
1641 4303 1736 4344 usa
1773 4287 1872 4344 ad-

280 4374 590 4430 hortatione
619 4383 778 4445 atque
804 4376 1048 4432 consilio.
1091 4375 1200 4432 Nos
1229 4377 1402 4432 aliena
1437 4376 1577 4431 mala
1621 4391 1727 4432 non
1757 4378 1874 4435 sine

281 4469 471 4524 dolore
503 4470 753 4525 audimus
781 4489 794 4525 :
827 4469 920 4525 illa
946 4485 1072 4525 vero
1112 4471 1326 4540 propria
1367 4470 1506 4525 mala
1535 4470 1653 4526 sine
1687 4471 1874 4528 dolore

278 4562 519 4618 videbat.
551 4562 677 4618 litae
705 4578 774 4618 ne
801 4563 993 4618 frustra
1033 4562 1344 4628 audiamus,
1374 4563 1470 4620 sed
1510 4565 1703 4635 singuli
1721 4565 1872 4620 audi-

280 4664 457 4711 tarum
488 4664 652 4710 totam
684 4655 825 4711 hanc
854 4655 1166 4727 tragtediam
1194 4655 1262 4712 de
1289 4656 1414 4711 filiis
1437 4657 1548 4711 suis
1576 4657 1870 4726 accipiant;

278 4752 570 4807 amabilem
615 4753 718 4808 sibi
761 4753 966 4806 vultum
1012 4750 1300 4824 efﬁngant,
1345 4759 1400 4806 et
1441 4751 1540 4807 sibi
1581 4751 1872 4806 liberorum

279 4844 594 4899 carissimos
646 4852 1125 4914 reprzesentantes,
1182 4845 1234 4898 in
1286 4843 1393 4897 illis
1454 4841 1554 4896 bos
1609 4842 1873 4897 cruciatus

282 4937 460 4992 inesse
496 4936 598 4992 sibi
635 4933 924 5008 depingant
945 4980 959 5002 ,
992 4947 1047 4993 et
1072 4947 1198 4992 tunc
1227 4937 1447 5008 pulchre
1474 4936 1737 4991 dictorum
1767 4937 1872 4992 vim

282 5029 570 5096 noverint;
599 5029 705 5084 imo
730 5045 860 5085 vero
890 5047 957 5086 ne
992 5030 1064 5086 ita
1090 5029 1303 5101 quidem
1336 5029 1601 5093 noverint,
1631 5031 1750 5098 quia
1781 5045 1875 5082 ua-

283 5121 482 5175 tnrales
507 5137 775 5176 :erumnas
805 5122 981 5176 nullus
1005 5137 1182 5176 sermo
1209 5122 1483 5177 declarare
1516 5122 1708 5191 poterit
1737 5139 1749 5174 :
1783 5137 1875 5177 ex-

282 5213 540 5282 perientia
562 5213 673 5268 sola
709 5213 886 5270 docet.
911 5216 1218 5285 Opportune
1243 5214 1318 5268 illi
1340 5213 1568 5278 dicatur,
1595 5222 1872 5283 postquam

279 5313 488 5372 septem
518 5304 636 5372 ejus
665 5304 759 5359 ﬁlii
799 5320 1052 5360 coronam
1096 5305 1274 5373 adepti
1313 5314 1457 5369 sunt,
1509 5305 1872 5373 propheticum

285 5394 459 5448 illud:
505 5392 586 5447 Tu
632 5405 800 5448 autem
843 5397 971 5449 sicut
1009 5395 1142 5449 oliva
1184 5394 1448 5467 fructifera
1493 5395 1545 5447 in
1590 5394 1738 5447 domo
1778 5393 1875 5448 Dei

280 5485 455 5552 πρωί.
487 5487 580 5542 5|.
605 5487 717 5558 l0).
745 5487 876 5543 Nam
910 5489 963 5542 in
989 5487 1278 5560 Olympicis
1319 5488 1532 5558 quidem
1570 5487 1876 5542 certamini-

282 5579 400 5643 bus,
437 5591 719 5651 postquam
766 5582 909 5636 mille
937 5582 1160 5652 ingressi
1208 5591 1332 5636 sunt
1375 5581 1611 5647 athlettc,
1647 5581 1736 5634 uni
1763 5589 1874 5634 tau-

282 5681 391 5726 tum
421 5689 622 5728 corona
673 5674 964 5730 tribuitur:
1015 5677 1101 5732 hic
1145 5691 1272 5733 vero
1312 5692 1377 5731 ex
1418 5684 1620 5747 septem
1660 5673 1874 5729 athletis

346 5789 363 5820 ι
401 5789 534 5838 Idem
557 5796 695 5851 tte-3.,
719 5790 1106 5854 praegnationem.

1984 517 2082 572 das
2110 518 2182 572 ita
2224 517 2494 574 feracem?
2524 535 2682 588 quem
2721 530 2930 576 uterum
2980 520 3049 573 ita
3097 519 3414 574 fecundum?
3439 537 3568 590 quos

1984 619 2171 680 partus
2196 611 2440 666 similes?
2465 613 2634 667 Mater
2665 613 2893 667 ﬁliorum
2935 610 3179 666 Zebedaei
3211 611 3572 679 apostolorum

1983 709 2155 756 mater
2179 701 2298 766 fuit,
2331 702 2425 757 sed
2453 703 2677 757 duorum
2711 713 2914 758 tantum
2942 720 2956 757 :
2988 711 3193 774 septem
3222 711 3400 757 autem
3432 717 3574 757 mar-

1985 800 2130 863 tyres
2174 802 2385 850 uterum
2433 811 2596 849 unum
2645 795 2830 851 tulisse
2859 810 2963 850 non
3007 795 3162 860 novi,
3195 810 3419 865 quorum
3451 795 3565 864 ipsa

1983 895 2156 940 mater
2185 886 2252 940 iis
2279 887 2516 958 martyrii
2563 888 2707 942 socia
2738 887 2919 953 fuerit,
2965 903 3139 957 neque
3189 897 3437 958 tanquam
3466 902 3568 941 una

1983 975 2159 1030 solum
2186 987 2392 1048 martyr
2418 977 2599 1032 addita
2635 979 2808 1044 fuerit,
2843 978 2938 1034 sed
2967 979 3083 1033 vice
3107 978 3418 1033 multorum.
3447 978 3570 1033 Filii

1984 1082 2214 1137 namque
2240 1078 2444 1138 septem
2478 1078 2683 1123 tantum
2724 1080 2988 1140 martyres
3019 1079 3192 1133 erant,
3223 1083 3416 1138 corpus
3441 1083 3570 1121 νθῐο

1983 1158 2171 1211 matris
2196 1158 2326 1227 ipsis
2353 1159 2622 1228 adjectum
2656 1175 2818 1213 unum
2848 1168 3051 1213 tantum
3079 1173 3275 1228 corpus
3303 1164 3438 1223 erat,
3472 1156 3567 1210 sed

1982 1247 2066 1302 his
2093 1257 2300 1319 septem
2345 1261 2640 1321 martyrum
2691 1252 2867 1306 locum
2914 1250 3190 1320 implebat,
3215 1251 3338 1320 quia
3374 1249 3427 1304 in
3456 1249 3568 1302 sin-

1982 1342 2121 1410 gulis
2147 1356 2332 1396 eorum
2361 1344 2676 1415 martyrium
2705 1344 2888 1407 subiit,
2917 1353 2971 1398 et
2991 1344 3112 1414 quia
3139 1343 3261 1397 illos
3285 1342 3417 1397 tales
3444 1341 3567 1396 red-

1983 1432 2136 1486 didit.
2171 1433 2466 1489 Eeclesiam
2517 1435 2669 1489 nobis
2705 1444 2997 1507 martyrum
3044 1435 3300 1505 integram
3336 1434 3564 1503 peperit.

1982 1525 2194 1595 Septem
2221 1529 2427 1597 peperit
2455 1529 2594 1584 ﬁlios
2613 1571 2626 1594 ,
2659 1528 2756 1583 sed
2788 1530 2987 1584 nullum
3016 1540 3189 1596 terrae,
3220 1544 3409 1583 omnes
3429 1528 3566 1582 caelo

1983 1620 2212 1688 peperit,
2245 1621 2352 1675 imo
2378 1622 2556 1691 potius
2582 1623 2693 1692 regi
2721 1623 2976 1677 cariorem
2994 1666 3009 1690 ,
3041 1624 3159 1678 illos
3187 1637 3377 1678 omnes
3403 1622 3453 1675 in
3480 1619 3563 1674 fu-

1985 1720 2158 1764 turam
2201 1713 2356 1766 enixa
2387 1714 2569 1767 vitam.
2607 1714 2857 1769 Diabolus
2885 1730 3012 1784 ergo
3047 1716 3192 1769 illam
3239 1723 3564 1782 postremam

1984 1802 2036 1856 iu
2067 1803 2359 1858 certamina
2389 1803 2538 1858 duxit
2573 1806 2642 1859 ob
2666 1821 2879 1859 causam
2910 1821 3066 1875 supra
3094 1814 3440 1859 memoratam
3463 1845 3477 1867 ,
3507 1812 3565 1858 ut

1982 1892 2176 1947 virtute
2202 1896 2317 1963 ejus
2347 1895 2398 1948 in
2423 1895 2750 1950 cruciatuum
2782 1897 3086 1966 speetaculo
3111 1904 3444 1965 Consumpta.
3471 1911 3566 1950 ex-

1983 1992 2215 2053 pugnatu
2242 1983 2414 2040 facilis
2455 1993 2601 2040 esset
2629 2000 2749 2040 cum
2791 1987 2971 2041 ultima
3013 1987 3374 2042 adversarium
3417 1987 3564 2040 exci-

1983 2083 2153 2142 peret.
2199 2074 2334 2129 Nam
2370 2077 2414 2130 si
2447 2077 2759 2148 plerumque
2802 2079 3047 2134 homines
3086 2080 3396 2149 sanguinem
3437 2093 3562 2148 pro-

1984 2163 2237 2221 fluentem
2264 2167 2506 2224 videntes
2543 2170 2710 2224 animi
2739 2170 3027 2241 deliquium
3061 2172 3199 2240 passi
3225 2180 3382 2236 sunt,
3425 2172 3565 2224 mul-

1983 2265 2141 2329 taque
2167 2261 2441 2316 curatione
2468 2278 2603 2332 opus
2625 2263 2940 2329 habuerunt,
2965 2273 3023 2318 ut
3041 2265 3146 2319 vita
3172 2265 3281 2334 jam
3312 2264 3566 2319 deficiens

1984 2359 2039 2405 et
2063 2353 2238 2408 anima
2272 2370 2394 2408 mox
2433 2357 2708 2411 avolatura
2751 2366 3092 2412 revocaretur
3121 2376 3134 2411 :
3168 2367 3244 2412 tot
3274 2358 3357 2412 illa
3381 2359 3566 2412 videns

1982 2444 2255 2514 sanguinis
2285 2447 2450 2512 rivos,
2479 2464 2584 2502 nou
2613 2464 2674 2502 ex
2707 2449 2900 2510 aliena.
2934 2449 3026 2504 sed
3054 2465 3122 2504 ex
3156 2450 3380 2504 filiorum
3408 2464 3569 2503 carne

1984 2545 2261 2591 manantes
2282 2577 2296 2600 ,
2327 2538 2453 2608 quid
2483 2554 2586 2594 non
2617 2539 2903 2593 sustinuit?
2929 2556 3084 2610 quam
3116 2541 3568 2610 perturbationem

1985 2641 2090 2679 non
2119 2628 2297 2682 animo
2331 2631 2602 2699 suscepit?
2651 2631 2900 2686 Diabolus
2946 2632 3144 2701 itaque,
3187 2641 3244 2686 ut
3287 2633 3416 2696 dixi,
3448 2632 3571 2686 ideo

1983 2715 2128 2770 illam
2157 2727 2278 2787 post
2312 2719 2447 2774 ﬁlios
2472 2721 2524 2774 iu
2564 2722 2855 2777 certamina
2905 2723 3094 2788 traxit,
3125 2731 3182 2776 ut
3220 2722 3567 2778 inﬁrmiorem

1984 2808 2265 2874 redderet;
2299 2812 2393 2866 sed
2441 2823 2626 2868 contra
2668 2814 2858 2868 accidit
2892 2831 2904 2866 :
2936 2796 3128 2882 majori
3164 2814 3306 2868 enim
3350 2829 3468 2868 cum
3500 2815 3568 2866 fi-

1981 2899 2136 2955 ducia
2163 2903 2454 2957 certamina
2475 2904 2624 2958 adiit.
2654 2903 2759 2959 Cur
2784 2913 2839 2959 et
2857 2920 2959 2974 qua
2992 2905 3058 2959 de
3083 2906 3280 2960 causa?
3305 2905 3436 2973 Quia
3453 2899 3565 2962 non

1983 2991 2205 3047 timebat
2231 2993 2387 3057 ultra,
2417 3010 2518 3050 nec
2545 2995 2766 3050 sollicita
2792 3004 2909 3051 crat
2927 2995 2993 3051 de
3022 2995 3144 3050 ﬁliis
3169 2996 3480 3066 quibusdam
3509 2999 3565 3051 in

1984 3083 2084 3139 hac
2115 3084 2218 3139 vita
2241 3085 2458 3152 relictis,
2487 3103 2554 3143 ne
2576 3089 2796 3143 emolliti
2824 3089 3037 3144 coronis
3073 3090 3437 3159 privarentur;
3468 3091 3566 3145 sed

1982 3176 2104 3232 illos
2149 3193 2354 3246 omnes,
2387 3194 2483 3234 ceu
2524 3181 2576 3234 in
2613 3189 2782 3235 tutum
2828 3181 3092 3251 quoddam
3132 3182 3560 3252 receptaculum,

1982 3266 2034 3321 in
2067 3269 2254 3322 caelum
2295 3269 2604 3339 deportatos
2645 3271 2847 3326 habens
2869 3312 2884 3337 ,
2912 3282 2966 3328 et
2994 3272 3059 3326 ad
3086 3286 3345 3342 supernas
3369 3273 3565 3327 missos

1981 3374 2210 3414 coronas
2235 3361 2480 3432 bonaque
2520 3361 2900 3429 imtnntabilia,
2932 3363 3097 3418 multa
3133 3379 3257 3418 cum
3295 3364 3482 3418 fiducia
3508 3358 3563 3417 et'

1979 3453 2251 3524 voluptate
2278 3464 2548 3511 certamen
2577 3455 2728 3521 adiit,
2756 3465 2811 3510 et
2847 3471 2944 3510 ceu
2985 3455 3213 3525 lapidem
3240 3455 3562 3525 pretiosissio

1980 3563 2126 3603 mum
2153 3563 2366 3604 coronae
2395 3548 2626 3619 cuipiam
2647 3591 2661 3613 ,
2689 3563 2905 3603 carnem
2941 3563 3091 3603 suam
3127 3547 3294 3603 choro
3333 3546 3563 3602 ﬁliorum

1978 3641 2264 3711 adaptatis,
2297 3641 2365 3695 ad
2391 3640 2752 3696 desideratum
2797 3638 2979 3694 Jesum
3021 3637 3254 3708 profecta
3296 3644 3400 3701 est,
3444 3651 3560 3689 ma-

1978 3750 2140 3806 gnum
2170 3735 2323 3789 nobis
2347 3733 2653 3805 relinquens
2677 3731 2925 3789 solatium
2951 3740 3007 3786 et
3030 3729 3341 3794 consilium,
3368 3743 3562 3798 nempe

1978 3828 2404 3884 adhortationem
2451 3828 2702 3900 operibus
2741 3825 2967 3890 factam,
3013 3832 3072 3878 ut
3119 3822 3242 3877 forti
3283 3821 3462 3876 animo
3507 3830 3560 3876 et

1979 3919 2193 3976 sublimi
2243 3935 2403 3975 sensu
2457 3933 2724 3974 :crumnas
2775 3932 2962 3972 omnes
3011 3915 3238 3970 ﬁdenter
3285 3914 3557 3993 adeamus.

1978 4012 2109 4082 Quis
2133 4013 2275 4068 enim
2299 4013 2382 4066 vir
2400 4053 2416 4078 ,
2443 4027 2563 4082 qu:e
2591 4010 2800 4074 mulier,
2831 4009 2950 4079 quis
2986 4021 3177 4070 senex,
3205 4005 3323 4076 quis
3345 4004 3562 4075 juvenis

1979 4105 2188 4160 veniam
2227 4112 2617 4173 consequetur,
2646 4110 2740 4155 aut
2762 4099 3006 4156 excusari
3046 4097 3272 4169 poterit,
3299 4097 3346 4152 si
3382 4096 3560 4151 oblata

1979 4198 2079 4253 sibi
2107 4212 2202 4266 pro
2225 4196 2442 4251 Christo
2483 4193 2724 4265 pericula
2755 4191 3100 4259 reformidet,
3129 4190 3342 4261 quando
3368 4189 3561 4244 mulier

1978 4294 2177 4358 vetula,
2201 4300 2258 4347 et
2280 4301 2358 4346 tot
2383 4290 2610 4344 ﬁliorum
2636 4297 2828 4354 mater,
2860 4296 2984 4341 ante
3010 4285 3231 4356 gratiam
3254 4283 3556 4348 decertans,

1978 4387 2172 4442 clausis
2197 4385 2372 4440 adhuc
2411 4383 2598 4437 mortis
2631 4380 2839 4450 januis,
2867 4379 3106 4434 nondum
3139 4377 3402 4433 exstincto
3430 4391 3558 4446 pec-

1979 4487 2129 4543 cato,
2161 4491 2333 4547 neque
2357 4474 2621 4530 debellata
2649 4480 2841 4538 morte,
2872 4487 2991 4526 cum
3023 4481 3164 4525 tanta
3201 4469 3474 4524 alacritate
3505 4476 3560 4522 et

1980 4569 2287 4626 fortitudine
2327 4577 2407 4624 tot
2451 4577 2668 4638 propter
2714 4565 2882 4619 Deum
2935 4562 3190 4633 supplicia
3244 4559 3561 4616 sustinuisse

1979 4664 2252 4722 cernitur?
2284 4663 2412 4718 Ilaec
2451 4677 2613 4732 porro
2651 4657 2829 4714 omnia
2855 4659 3149 4728 cogitantes
3171 4697 3186 4723 ,
3218 4665 3272 4710 et
3309 4655 3563 4710 mulieres

1979 4768 2032 4814 et
2057 4757 2176 4824 viri,
2207 4767 2261 4812 et
2295 4757 2520 4826 juvenes
2549 4761 2604 4808 ct
2645 4766 2832 4817 senes,
2861 4763 3058 4819 agones
3100 4755 3153 4803 et
3193 4747 3482 4802 certamina
3507 4746 3561 4800 in

1978 4852 2140 4908 corde
2185 4858 2388 4914 nostro,
2418 4863 2515 4903 ceu
2555 4846 2607 4900 in
2644 4844 2818 4899 tabula
2861 4840 3111 4912 quadam,
3160 4839 3559 4904 describentes,

1982 4959 2219 5015 perennc
2245 4942 2527 4997 consilium
2555 4939 2619 4993 ad
2647 4938 2907 4992 malorum
2934 4941 3296 5001 contemptum
3323 4931 3440 5000 ejus
3468 4945 3562 5000 pa-

1981 5037 2221 5091 tientiam
2263 5035 2315 5088 iu
2361 5033 2540 5087 anima
2582 5040 2762 5089 nostra
2799 5027 3088 5096 repositam
3137 5024 3466 5079 habeamus:
3508 5033 3566 5076 ut

1982 5128 2069 5182 hic
2093 5136 2396 5181 sanctorum
2442 5124 2630 5178 horum
2661 5121 2908 5174 virtutem
2949 5117 3159 5180 imitati,
3208 5116 3315 5170 illic
3341 5129 3563 5169 corona-

1981 5239 2098 5277 rum
2135 5229 2412 5275 consortes
2444 5218 2572 5286 ipsis
2600 5229 2719 5271 esse
2747 5213 3046 5276 valeamus;
3077 5220 3326 5280 quantam
3364 5209 3434 5262 illi
3467 5223 3565 5276 pe-

1981 5314 2164 5370 riculis
2207 5308 2594 5381 philosophiam
2626 5307 3013 5366 exhibueruut,
3040 5313 3234 5357 tantam
3275 5309 3329 5354 cl
3373 5313 3470 5353 nos
3510 5299 3562 5352 in

1980 5407 2228 5462 absurdis
2270 5404 2548 5459 affectibus
2593 5401 2899 5472 patientiam
2940 5395 3424 5462 continentiamque
3463 5390 3564 5445 de-

1982 5508 2365 5564 monstrantes,
2397 5498 2447 5551 in
2499 5496 2597 5559 ira,
2628 5495 2678 5549 in
2712 5488 3141 5561 concupiscentia
3179 5485 3523 5555 pecuniarum
3545 5522 3562 5548 ,

1981 5605 2300 5661 corporum,
2329 5603 2479 5642 vana:
2519 5587 2700 5656 gloriae
2721 5625 2736 5646 ,
2779 5584 3109 5647 aliorumque
3138 5576 3372 5629 omnium
3419 5574 3566 5626 siini~

1982 5684 2132 5738 liutu.
2175 5681 2305 5736 Nam
2351 5680 2396 5734 si
2441 5678 2632 5734 horum
2661 5675 2966 5739 flammam,
2992 5665 3438 5739 quemadmodum
3491 5662 3561 5715 illi

1986 5779 2195 5849 ignem,
2242 5787 2590 5844 superemus,
2648 5782 2812 5841 prope
2860 5767 3004 5838 ipsos
3050 5771 3195 5818 stare
3240 5761 3562 5834 poterimus,
