4080 6196
442 368 549 423 6'33
1182 374 1238 429 S.
1280 372 1557 430 JOANNlS
1595 372 2064 431 CllliYSOSTOMI
2102 373 2424 431 ARCIIIEP.
2463 372 3000 431 CONSTANTINOP.

431 504 731 561 eorumque
775 487 984 547 ﬁducia:
1033 488 1321 561 participes
1378 502 1543 543 esse:
1595 503 1753 558 quam
1809 488 2023 559 assequi

438 584 595 641 nobis
636 582 890 641 omnibus
916 583 1222 653 contingat,
1263 582 1432 652 gratia
1460 589 1520 637 et
1550 581 1876 652 benignitate
1920 581 2027 635 Do-

441 675 571 732 mini
599 675 767 730 nostri
792 674 918 730 Jesu
943 673 1170 737 Christi,
1208 686 1303 743 per
1331 688 1489 743 quem
1508 682 1709 727 etcum
1740 686 1847 742 quo
1880 669 2025 726 Patri

3612 376 3719 431 ϐἓό

2127 488 2295 559 gloria
2325 504 2427 544 una
2456 504 2577 544 cum
2606 498 2793 544 sancto
2817 488 3036 560 Spiritu,
3071 502 3211 543 uunc
3235 495 3289 543 et
3315 500 3553 557 semper,
3580 494 3637 543 et
3665 487 3722 543 in

2134 582 2329 640 sarcula
2349 582 2688 640 surculorum.
2712 584 2908 638 Amen.

439 792 3725 822 Μ

1415 896 1528 969 IN
1575 848 2036 970 SANCTOS
2074 891 2757 967 MAGCABJEOS.

1745 1049 2436 1091 «09°..—

1112 1190 1333 1235 ιιοκιιιι
1370 1190 1426 1230 ll.

531 1359 584 1417 l.
613 1357 803 1415 Gratus
832 1364 907 1411 est
936 1354 1250 1427 Ilartgn'bus
1290 1362 1500 1409 conatus
1540 1361 1727 1408 noster.
1753 1381 1827 1394 -—
1848 1351 2048 1408 Omnes

461 1450 677 1523 quidem
712 1458 773 1505 ut
796 1457 1011 1504 sanctos
1054 1456 1319 1519 martyres
1362 1461 1465 1499 una
1514 1445 1692 1515 lingua
1737 1444 2045 1509 laudemus,

467 1544 579 1599 fieri
618 1542 839 1612 nequit;
871 1540 968 1595 sed
1016 1540 1176 1594 etiam
1221 1538 1265 1591 si
1294 1547 1547 1593 sexcenta
1585 1537 1741 1591 nobis
1782 1552 1876 1592 ora
1926 1538 2051 1591 toti-

463 1639 694 1706 demque
722 1637 919 1706 linguas
954 1639 1334 1704 suppeterent,
1363 1647 1545 1702 parem
1590 1642 1766 1687 tamen
1810 1631 2052 1687 laudibus

463 1729 765 1787 orationem
811 1744 918 1783 non
959 1727 1319 1782 aﬁ'erremus:
1365 1727 1614 1796 idemque
1653 1726 1784 1780 mihi
1826 1725 2049 1790 accidit,

464 1836 587 1876 cum
617 1829 822 1889 septem
845 1828 1140 1889 martyrum
1164 1819 1418 1888 praeclara
1446 1817 1582 1873 facta
1603 1827 1882 1883 contueor,
1912 1818 2054 1887 quod

466 1926 633 1966 avaro
655 1910 886 1981 cuipiam
928 1909 1168 1976 homini,
1193 1909 1287 1980 qui
1325 1908 1459 1964 fonti
1496 1910 1730 1965 assideat
1765 1924 1898 1963 auro
1936 1922 2054 1962 ma-

467 2002 639 2070 nanti,
666 2002 719 2056 in
745 2017 851 2072 quo
889 2011 1094 2072 septem
1141 2002 1251 2057 sint
1277 2001 1422 2070 tubi,
1458 2018 1521 2056 ac
1562 2010 1731 2057 totum
1772 2001 2057 2057 exhaurire

466 2106 725 2162 conetur,
781 2094 876 2150 sed
930 2095 1102 2150 multo
1157 2095 1524 2166 immensoque
1578 2095 1759 2150 labore
1814 2096 2058 2165 impenso

472 2188 659 2259 majori
705 2196 854 2258 parte
879 2187 1135 2243 derelicta
1177 2187 1415 2243 recedat.
1444 2185 1668 2241 Foutem
1708 2185 1848 2240 enim
1885 2199 2057 2255 quan-

473 2280 667 2333 tumvis
712 2279 1059 2345 exliauseris,
1109 2294 1235 2350 pars
1288 2279 1458 2348 major
1498 2288 1675 2332 tamen
1719 2278 2057 2347 relinquitur.

473 2370 610 2437 Quid
640 2370 839 2441 igitur?
863 2385 932 2425 an
960 2372 1081 2440 quia
1112 2386 1209 2440 pro
1235 2370 1491 2440 dignitate
1518 2369 1699 2440 largiri
1731 2384 1837 2424 non
1865 2383 2062 2440 possu-

476 2478 615 2530 mus,
658 2463 1121 2518 conticescemus?
1162 2462 1378 2517 Minime
1416 2477 1585 2517 vero:
1614 2471 1879 2531 martyres
1917 2460 2062 2516 enim

473 2565 632 2623 sunt,
660 2558 749 2629 qui
773 2557 911 2612 dona
939 2556 1270 2628 suscipiunt,
1298 2564 1353 2611 et
1374 2556 1427 2610 in
1462 2556 1664 2626 judicio
1700 2555 1769 2610 de
1799 2554 2062 2625 ejusmodi

477 2649 761 2721 largitione
810 2650 1031 2706 ferendo
1074 2666 1230 2705 suum
1272 2649 1555 2704 Dominum
1595 2649 1892 2704 imitantur.
1926 2646 2064 2716 Quid

476 2742 638 2812 igitur
678 2741 769 2797 ille
826 2741 987 2797 facit?
1034 2741 1169 2797 Cum
1215 2741 1357 2797 dona
1401 2740 1666 2811 quispiam
1721 2741 1912 2807 offert,
1957 2754 2064 2794 non

479 2832 672 2889 oblatae
698 2832 777 2889 rei
808 2833 1253 2904 magnitudinem,
1281 2832 1376 2889 sed
1401 2834 1730 2889 alacritatem
1760 2832 1925 2887 animi
1950 2832 2067 2902 ejus

479 2924 567 2992 qui
596 2924 853 2979 obtulerit
872 2924 1152 2979 attendens
1184 2925 1460 2996 prtemium
1487 2925 1793 2979 admetitur.
1823 2924 1912 2978 Sic
1939 2938 2067 2993 erga

480 3014 694 3070 viduam
723 3015 865 3069 illam
894 3030 954 3071 se
978 3016 1144 3087 gessit
1178 3035 1191 3071 :
1222 3016 1357 3071 duos
1384 3016 1574 3071 obolos
1621 3015 1836 3071 demisit
1876 3014 2070 3071 mulier

483 3106 631 3179 (Luc.
660 3107 751 3164 21.
780 3108 967 3180 2-4),
998 3118 1051 3164 et
1090 3110 1222 3177 illis,
1262 3111 1350 3181 qui
1396 3110 1561 3164 multa
1586 3108 1934 3175 demiserant,
1974 3122 2072 3161 an-

483 3202 642 3255 telata
668 3210 788 3258 est:
820 3217 924 3258 non
955 3203 1095 3258 enim
1124 3203 1362 3274 pecuniae
1388 3202 1728 3273 paucitatem,
1770 3200 1865 3256 sed
1905 3198 2070 3254 animi

486 3293 937 3363 magniﬁcentiam
998 3296 1234 3364 respexit
1280 3295 1464 3350 Deus:
1509 3294 1650 3350 oboli
1689 3294 1796 3349 duo
1851 3291 2072 3363 pecunia

489 3380 701 3463 (Μαι),
729 3386 823 3440 sed
851 3386 1065 3441 talentis
1090 3387 1207 3441 auri
1244 3386 1515 3442 sexcentis
1557 3386 1841 3455 pretiosior
1862 3384 2074 3439 animus

484 3493 620 3540 erat.
650 3480 917 3536 Audacter
954 3480 1115 3549 igitur
1141 3480 1207 3535 ad
1235 3478 1554 3534 laudandum
1584 3476 1989 3549 aggrediamur,
2020 3485 2077 3531 et

492 3575 635 3647 quod
666 3574 780 3629 heri
808 3574 1035 3645 egimus,
1065 3572 1117 3627 id
1162 3587 1303 3626 nunc
1326 3572 1507 3637 etiam,
1536 3572 1581 3625 si
1611 3572 1802 3641 placet,
1833 3584 2072 3640 agamus.

491 3669 614 3725 lleri
642 3666 909 3738 siquidem
940 3666 992 3720 in
1020 3665 1189 3719 solius
1218 3664 1402 3719 matris
1432 3663 1618 3719 laudes
1653 3677 1959 3719 sermonem
1990 3670 2074 3717 to—

489 3771 601 3815 tum
629 3759 1005 3830 impendimus,
1030 3756 1172 3828 quod
1200 3772 1228 3810 a
1262 3756 1419 3811 nobis
1444 3754 1641 3810 factum
1667 3764 1767 3818 est,
1798 3768 1903 3808 non
1933 3752 2078 3823 quod

490 3866 608 3907 eam
638 3867 667 3907 a
716 3851 944 3905 ﬁliorum
992 3852 1159 3905 choro
1202 3848 1435 3904 avellere
1472 3846 1829 3913 Studeremus,
1876 3845 1973 3902 sed
2021 3853 2081 3901 ut

492 3946 713 4003 tutiores
738 3946 892 4001 nobis
915 3944 1128 4000 divitias
1152 3942 1497 3999 redderemus
1522 3959 1536 3996 :
1561 3941 1704 4013 quod
1730 3941 1912 4012 utique
1937 3954 2081 3996 nunc

491 4054 705 4111 quoque
746 4050 1102 4110 praestemus:
1159 4050 1267 4092 uno
1310 4035 1538 4091 ﬁliorum
1585 4034 1851 4100 abducto,
1899 4031 1968 4089 de
2012 4046 2080 4088 eo

494 4147 659 4201 pauca
687 4130 928 4185 dicamus
957 4147 972 4184 :
1003 4128 1294 4185 verendum
1322 4136 1405 4182 est
1432 4127 1578 4182 enim
1610 4141 1676 4181 ne
1704 4133 1908 4196 septem
1934 4138 2079 4178 mar-

493 4233 669 4295 tyrum
684 4224 864 4278 laudes
884 4239 982 4279 ceu
999 4232 1203 4292 septem
1227 4220 1439 4275 ﬁumina
1457 4219 1739 4276 confertim
1759 4216 2082 4275 continentia

494 4334 804 4375 sermonem
845 4318 1000 4372 nobis
1038 4317 1299 4371 inundent
1320 4324 1377 4371 et
1404 4316 1655 4370 obruant.
1702 4312 1879 4368 Unum
1922 4311 2083 4380 igitur

496 4427 561 4467 cx
585 4410 875 4483 juvenibus
902 4424 1236 4466 assumamus
1256 4451 1269 4476 ,
1300 4425 1405 4463 non
1435 4418 1611 4465 tamen
1640 4416 1699 4462 ut
1736 4407 1877 4461 hunc
1906 4405 2082 4475 ipsum

497 4522 527 4559 a
555 4506 723 4560 choro
765 4506 986 4558 fratrum
1020 4501 1426 4567 abstrahamus,
1454 4500 1549 4555 sed
1588 4508 1650 4555 ut
1687 4498 1940 4553 leviorem
1971 4512 2087 4551 sar-

498 4598 675 4654 ciuam
711 4603 950 4651 nostram
998 4592 1285 4649 reddamus
1333 4611 1346 4647 :
1396 4591 1658 4663 siquidem
1714 4605 1823 4645 uno
1870 4587 2086 4643 laudato

498 4688 799 4745 communis
826 4696 880 4742 et
905 4686 1025 4741 aliis
1049 4685 1155 4741 erit
1176 4699 1396 4750 corona,
1420 4682 1848 4755 quandoquidem
1873 4696 2089 4737 eorum-

500 4781 623 4836 dcm
667 4788 947 4835 consortes
982 4778 1335 4835 certaminum
1380 4777 1594 4832 fuerunt
1619 4790 1826 4831 omnes.
1872 4774 1978 4831 Sed
2008 4774 2089 4829 in-

502 4882 652 4944 geret
676 4887 735 4928 se
761 4872 915 4928 nobis
950 4872 1108 4943 plane
1139 4871 1297 4927 hodie
1329 4884 1541 4940 quoque
1570 4877 1760 4935 mater,
1790 4869 1914 4923 licet
1943 4868 2086 4921 illam

504 4981 610 5020 non
641 4966 965 5035 attingamus
989 4981 1002 5016 :
1033 4963 1253 5018 omnino
1288 4962 1431 5017 enim
1460 4962 1601 5016 illam
1630 4962 1797 5016 series
1825 4961 2090 5015 sermonis

504 5056 755 5123 attrahet,
787 5071 886 5111 nec
928 5056 1178 5111 deserere
1216 5068 1412 5125 pueros
1456 5054 1649 5120 poterit
1678 5070 1690 5106 :
1721 5067 1843 5108 nam
1890 5068 2008 5122 qua:
2036 5051 2090 5106 iu

504 5152 889 5208 certaminibus
915 5165 945 5204 a
975 5149 1160 5205 liberis
1186 5149 1298 5205 suis
1331 5164 1436 5204 non
1459 5147 1736 5214 discessit,
1764 5161 1864 5201 nec
1892 5146 1946 5201 in
1976 5145 2093 5200 lau-

506 5246 660 5301 dibus
683 5261 743 5301 se
761 5244 830 5299 ab
859 5244 939 5299 eis
963 5243 1224 5323 sejunget.

578 5337 831 5393 Postremi
869 5353 934 5391 ea;
981 5336 1219 5406 fratribus
1245 5334 1493 5389 laudatio.
1522 5362 1595 5374 —
1621 5331 1917 5399 Quemnam
1965 5343 2094 5399 ergo

504 5449 571 5488 ex
600 5440 803 5504 septem
839 5430 1057 5485 athletis
1085 5429 1246 5484 vultis
1266 5426 1645 5483 assumamus?
1672 5441 1796 5480 num
1827 5424 2057 5493 primum
2075 5464 2089 5488 ,

506 5524 589 5578 vel
620 5522 935 5590 secundum,
962 5523 1046 5577 vel
1068 5523 1305 5587 tertium,
1332 5520 1414 5575 vel
1437 5516 1804 5591 postremum?
1828 5514 1939 5570 lmo
1969 5530 2096 5570 vero

511 5614 692 5669 nullus
727 5615 869 5670 inter
907 5630 1002 5671 eos
1029 5622 1114 5671 est
1159 5622 1463 5683 postremus
1496 5627 1511 5664 :
1555 5610 1753 5665 chorus
1796 5608 1938 5663 enim
1988 5616 2093 5672 est,

509 5705 665 5764 chori
686 5722 814 5762 vero
838 5723 1009 5778 neque
1038 5707 1358 5778 principium
1383 5717 1556 5775 neque
1582 5703 1701 5757 ﬁnis
1726 5711 1977 5772 apparet;
2004 5700 2096 5755 sed

512 5814 571 5859 ut
589 5802 778 5858 melius
799 5800 1164 5870 designemus,
1188 5814 1348 5870 quem
1369 5796 1670 5865 laudamus,
1693 5796 1922 5851 dicimus
1941 5802 2098 5848 :ctale

2152 1183 2523 1245 postremum:
2570 1182 2698 1227 sunt
2739 1171 2883 1227 enim
2925 1184 3177 1241 germana
3221 1168 3520 1238 similiaque
3556 1178 3704 1223 certa

2152 1269 2317 1333 mina,
2346 1275 2402 1320 et
2428 1274 2657 1334 cognata
2688 1265 2826 1319 inter
2862 1277 2921 1318 se
2962 1272 3107 1317 recte
3138 1261 3270 1316 facta
3298 1277 3311 1313 :
3341 1260 3427 1315 ubi
3468 1276 3596 1315 vero
3636 1276 3738 1315 co-

2149 1360 2332 1428 gnatio
2356 1368 2502 1412 recte
2530 1355 2788 1411 factorum
2822 1363 2907 1410 est
2927 1395 2941 1419 ,
2974 1369 3079 1408 non
3108 1354 3177 1408 ibi
3205 1353 3405 1422 primus
3433 1360 3515 1407 est
3531 1361 3623 1406 aut
3648 1367 3740 1407 se-

2151 1449 2380 1504 cundus.
2444 1451 2792 1504 Assuniamus
2852 1448 3011 1518 igitur
3070 1456 3230 1502 mtate
3297 1456 3625 1517 postremum
3683 1456 3743 1502 et

2156 1541 2522 1613 magnitudine
2570 1540 2734 1594 animi
2779 1555 3041 1607 coccvum,
3088 1554 3188 1594 nec
3234 1539 3487 1594 fratribus
3536 1547 3743 1593 tantum

2156 1650 2429 1701 comvum,
2460 1634 2555 1691 sed
2584 1634 2682 1703 ipsi
2714 1634 2875 1689 etiam
2905 1633 3040 1687 seni.
3073 1632 3232 1687 Solus
3259 1647 3327 1687 ex
3355 1630 3611 1686 fratribus
3654 1631 3745 1686 hic

2156 1729 2365 1784 solutus
2384 1728 2451 1783 ad
2484 1734 2749 1781 tormenta
2770 1725 3064 1781 ducebatur
3087 1741 3101 1779 :
3130 1740 3235 1779 non
3258 1726 3399 1779 enim
3428 1725 3747 1779 carniﬁcum

2158 1836 2350 1876 manus
2398 1820 2762 1890 exspectavit,
2806 1816 2900 1872 sed
2944 1817 3157 1871 illorum
3211 1815 3579 1870 crudelitatem
3624 1812 3746 1868 ala-

2158 1914 2350 1969 critate
2396 1912 2561 1966 animi
2607 1910 2897 1982 praevenit,
2945 1919 3002 1965 et
3048 1909 3254 1964 solutus
3303 1908 3613 1963 ducebatur.
3665 1905 3749 1962 Ac

2160 2007 2386 2062 fratrum
2418 2005 2633 2075 quidem
2664 2004 2866 2059 nullum
2913 2002 3098 2057 habuit
3133 2009 3484 2072 spectatorem
3516 2016 3532 2053 :
3560 2012 3748 2053 omnes

2164 2098 2307 2154 enim
2327 2097 2537 2152 fuerant
2561 2096 2671 2167 jam
2696 2104 2868 2151 morte
2889 2094 3115 2159 sublati;
3141 2092 3235 2149 sed
3264 2091 3571 2162 praeclarius
3595 2090 3753 2145 thea-

2162 2198 2327 2257 trum,
2379 2205 2537 2260 quam
2582 2188 2799 2253 fratres,
2846 2186 3033 2242 habuit
3076 2184 3263 2240 oculos
3307 2184 3513 2238 matris.
3559 2180 3755 2237 Nonne

2164 2283 2407 2338 dicebam
2435 2281 2609 2347 vobis,
2643 2279 2783 2350 quod
2813 2280 2936 2333 licet
2956 2293 3061 2332 non
3089 2276 3428 2331 studentibus
3446 2273 3600 2328 nobis
3625 2288 3753 2326 om-

2166 2376 2295 2429 nino
2342 2389 2463 2429 sese
2503 2373 2663 2427 etiam
2710 2381 2884 2426 mater
2921 2370 3164 2440 ingeret?
3210 2367 3352 2422 Ecce
3398 2366 3539 2420 illam
3582 2364 3757 2419 series

2166 2467 2433 2522 sermonis
2477 2465 2791 2520 introduxit.
2836 2463 2947 2518 lloc
2988 2477 3115 2517 vero
3144 2460 3411 2515 theatrum
3438 2457 3572 2513 adeo
3613 2472 3761 2527 pras-

2166 2559 2370 2614 clarum
2397 2566 2589 2614 eratet
2611 2572 2885 2627 magnum,
2915 2564 2974 2609 ut
3002 2555 3175 2624 ipsum
3194 2551 3503 2621 angelorum
3525 2557 3758 2614 castum,

2170 2653 2281 2707 imo
2324 2668 2453 2706 vero
2507 2650 2698 2705 fratres
2742 2657 3073 2716 spectatores
3119 2644 3372 2707 haberet,
3421 2656 3527 2696 nou
3563 2639 3676 2710 jam
3727 2653 3765 2693 e

2171 2756 2334 2809 terra,
2358 2742 2452 2798 sed
2473 2759 2503 2797 e
2519 2742 2682 2797 caelis.
2702 2739 2955 2796 Coronati
2972 2738 3215 2805 enim,ut
3239 2736 3290 2791 iu
3323 2733 3614 2806 Olympicis
3637 2746 3767 2785 cer-

2172 2834 2459 2892 taminibus
2496 2832 2726 2903 judices,
2755 2829 3137 2893 considebant,
3166 2841 3270 2883 non
3300 2835 3357 2880 ut
3396 2822 3763 2880 certaminum

2167 2929 2369 3001 judicio
2396 2934 2709 2997 praeessent,
2730 2938 2916 2978 verum
2938 2930 2997 2976 ut
3020 2921 3274 2976 victorem
3302 2916 3367 2971 ad
3392 2913 3762 2984 accipiendam

2172 3036 2428 3079 coronam
2473 3020 2779 3075 incitarent.
2810 3016 2997 3071 Stabat
3037 3014 3195 3084 igitur
3233 3011 3467 3073 solutus,
3499 3020 3554 3061 et
3579 3005 3762 3075 philo-

2175 3116 2379 3185 sOphice
2406 3114 2562 3183 plena
2608 3111 2883 3180 proferens
2925 3107 3129 3164 verba:
3162 3101 3425 3173 siquidem
3473 3110 3763 3169 tyrannum

2175 3209 2421 3265 studebat
2449 3206 2518 3261 ad
2558 3205 2811 3276 pietatem
2848 3216 2997 3256 suam
3039 3197 3351 3260 traducere;
3378 3209 3499 3249 cum
3540 3205 3667 3246 vero
3708 3188 3763 3243 id

2176 3302 2397 3360 minime
2412 3299 2690 3371 potuisset,
2718 3295 2858 3366 quod
2880 3307 3095 3349 suarum
3116 3291 3343 3361 partium
3370 3294 3489 3342 erat
3506 3284 3765 3352 deinceps

2178 3394 2445 3467 praxstitit,
2474 3390 2735 3461 supplicio
2761 3389 2994 3458 seipsum
3023 3382 3289 3453 exposuit.
3318 3382 3491 3449 Atque
3528 3375 3620 3430 ille
3646 3374 3768 3442 qui-

2178 3466 2300 3545 dem
2322 3502 2442 3542 cum
2464 3484 2636 3540 mtatis
2656 3482 2824 3553 gratia
2849 3477 3225 3540 miserabatur,
3248 3473 3333 3527 hic
3346 3485 3473 3527 vero
3492 3468 3639 3523 illum
3658 3466 3767 3520 im-

2180 3581 2394 3653 pietatis
2419 3592 2579 3634 causa
2605 3575 2875 3637 deﬂebat;
2906 3588 3013 3627 non
3044 3568 3187 3625 enim
3214 3567 3399 3621 eadem
3430 3561 3646 3633 respicit
3679 3572 3769 3631 ty-

2180 3688 2381 3730 rannus
2430 3678 2487 3726 et
2524 3677 2766 3739 martyr:
2810 3681 2931 3720 nam
2978 3663 3190 3731 utrique
3227 3668 3351 3713 sunt
3384 3655 3544 3711 iidem
3588 3653 3765 3716 oculi,

2184 3782 2369 3822 verum
2409 3763 2618 3829 carnis,
2649 3759 2770 3815 fidei
2808 3773 2938 3815 vero
2985 3755 3127 3810 oculi
3166 3769 3271 3808 non
3318 3750 3507 3813 iidem;
3536 3746 3632 3801 sed
3674 3745 3770 3798 ille

2182 3859 2401 3931 quidem
2443 3863 2763 3927 prmsentem
2811 3853 2975 3906 vitam
3016 3846 3364 3917 respiciebat,
3395 3842 3480 3896 hic
3507 3854 3635 3895 vero
3678 3852 3772 3892 ne-

2184 3950 2443 4021 spiciebat
2472 3947 2726 4011 futuram,
2760 3943 2829 3999 ad
2854 3958 3013 4014 quam
3049 3948 3166 3995 erat
3200 3937 3506 3993 evolaturus
3530 3948 3547 3987 :
3575 3942 3771 4002 tyran-

2184 4058 2287 4099 nus
2317 4040 2533 4113 quidem
2560 4038 2860 4109 sartagines
2888 4033 3122 4096 videbat,
3152 4039 3208 4084 at
3234 4028 3533 4100 gehennam
3562 4032 3775 4094 martyr

2187 4135 2425 4202 videbat,
2460 4134 2512 4186 in
2542 4146 2702 4200 quam
2733 4143 2791 4182 se
2817 4126 3109 4195 injecturus
3134 4131 3250 4177 erat
3277 4129 3552 4191 tyrannus.

2256 4228 2465 4299 Confert
2494 4223 2893 4279 Maccabarorum
2931 4234 3086 4273 unum
3112 4232 3226 4270 cum
3254 4213 3423 4268 Isaac.
3449 4241 3521 4251 —
3539 4206 3689 4299 Quod
3725 4206 3775 4261 si

2188 4323 2334 4377 Isaac
2359 4298 2653 4381 laudamus,
2683 4313 2823 4385 quod
2865 4327 2894 4365 a
2935 4320 3085 4381 patre
3123 4308 3331 4361 vinctus
3359 4311 3414 4358 et
3441 4298 3775 4369 compeditos

2188 4416 2255 4471 ab
2280 4412 2433 4468 altari
2478 4425 2582 4464 non
2620 4404 2903 4462 recesserit
2951 4401 3153 4474 (Cenes.
3198 4394 3312 4469 2‘2),
3355 4407 3452 4448 nec
3498 4392 3777 4445 admotum

2190 4522 2414 4563 cernens
2431 4503 2660 4574 gladium
2684 4496 2948 4561 resilierit,
2968 4494 3133 4548 multo
3150 4490 3234 4545 hic
3254 4487 3454 4557 tequius
3481 4482 3783 4539 laudandus

2190 4611 2292 4665 est,
2322 4614 2427 4670 quo
2455 4599 2663 4651 vinctus
2690 4609 2794 4647 non
2824 4592 2912 4655 sit,
2950 4601 3123 4657 neque
3164 4582 3493 4638 vinculorum
3538 4574 3781 4630 necessi-

2193 4703 2299 4749 tate
2324 4666 2626 4761 iudiguerit,
2668 4699 2840 4754 neque
2866 4682 3173 4736 carnificum
3205 4687 3393 4729 manus
3433 4666 3781 4738 exspectarit,

2194 4785 2288 4841 sed
2324 4757 2559 4853 ipse'sibi
2584 4788 2638 4834 et
2664 4777 2911 4837 victimae,
2944 4780 2998 4827 et
3022 4766 3331 4830 sacerdotis,
3370 4771 3425 4818 et
3451 4759 3637 4815 altaris
3660 4757 3786 4811 loco

2196 4851 2373 4934 fuerit.
2402 4875 2531 4930 Cum
2580 4871 2720 4926 enim
2767 4866 3118 4935 undequaque
3158 4851 3640 4924 circumspexisset,
3684 4862 3787 4902 nec

2196 4971 2361 5027 ullum
2390 4984 2455 5023 ex
2488 4963 2737 5021 fratribus
2779 4959 2967 5014 adesse
3008 4954 3246 5015 vidisset,
3279 4945 3622 5004 conturbatus
3648 4948 3735 4994 est
3769 4956 3783 4990 :

2199 5076 2255 5123 ut
2282 5070 2589 5137 properaret
2610 5060 2856 5117 incitatus
2880 5061 2981 5118 est,
3010 5060 3064 5106 et
3082 5055 3472 5116 assequcretur,
3505 5054 3569 5093 nc
3588 5052 3618 5090 a
3647 5050 3789 5105 pra:-

2198 5133 2343 5217 claro
2370 5133 2461 5213 illo
2492 5155 2657 5210 choro
2696 5155 3052 5220 separaretur.
3094 5141 3218 5196 Ideo
3256 5133 3561 5191 carniﬁcum
3596 5141 3792 5183 manus

2201 5271 2306 5312 non
2328 5247 2652 5321 exspectavit
2680 5262 2693 5297 :
2723 5218 2979 5313 siquidem
3008 5232 3217 5308 tyranni
3242 5225 3578 5286 clementiam
3610 5218 3793 5274 refor-

2202 5314 2456 5411 midabat,
2510 5358 2577 5397 ne
2625 5339 2760 5394 forte
2800 5336 2963 5405 ipsius
3009 5329 3257 5384 misertus
3310 5335 3431 5375 eum
3474 5330 3503 5370 a
3532 5314 3797 5411 societate

2202 5406 2727 5497 fratrum'avellerct
2780 5446 2795 5482 :
2846 5433 3123 5496 propterea
3177 5413 3505 5487 praeveniens
3550 5406 3797 5497 seipsum

2204 5532 2423 5589 immani
2470 5528 2608 5583 illius
2659 5494 2971 5577 humanitati
3018 5508 3309 5585 prmripuit.
3368 5499 3576 5557 Etenim
3620 5494 3798 5589 multa

2205 5634 2388 5685 erant,
2429 5635 2550 5690 qua:
2605 5627 2886 5689 tyrannum
2932 5616 3149 5677 possent
3199 5598 3469 5656 inflectere
3498 5608 3527 5690 ε.
3539 5584 3803 5660 juvenilis

2207 5729 2357 5781 mtas,
2377 5683 2467 5768 tot
2494 5683 2714 5766 fratrum
2746 5702 3085 5774 supplicium.
3112 5692 3254 5767 quod
3282 5689 3366 5745 vel
3409 5685 3475 5740 ad
3506 5683 3668 5737 feram
3701 5693 3808 5732 ex-

2211 5807 2505 5865 satiandum
2539 5808 2717 5874 posset
2743 5795 3008 5861 sufﬁcere,
3034 5785 3243 5844 tametsi
3284 5782 3373 5838 ille
3402 5784 3666 5833 saturatos
3690 5783 3801 5825 uua
