4080 6196
509 359 611 410 ιεξε
687 349 690 356 ’

507 472 606 540 τῆς
637 466 861 538 μητρὶς,
893 465 952 520 τό
986 468 1150 537 μηδὲν
1183 468 1331 538 αύτῷ
1362 469 1614 539 γενέσθαι
1645 469 1804 524 πλέον
1843 469 1950 523 ἀπὸ
1982 471 2080 540 τῆς

509 553 782 614 κολάσεως
815 550 922 604 τῶν
955 550 1357 620 προλαϐόντων.

583 634 734 708 [630]
763 635 827 706 β’.
848 635 1033 688 Ταῦτα
1069 634 1246 688 πάντα
1263 636 1520 706 ἐννοήσας
1539 637 1567 690 ό
1594 635 1807 699 νεανίας
1827 635 2080 689 ἐνέϐαλεν

507 721 700 772 ἐαυτον
727 721 806 782 είς
836 719 1124 790 τιμωρίαν,
1161 719 1254 787 ἀφ’
1283 715 1350 790 ἧς
1381 719 1662 790 διαφυγεῖν
1693 719 1791 772 οὐκ
1821 721 1966 786 ἐνῆν,
1989 719 2083 772 καὶ

507 801 584 864 ὡς
625 803 704 864 είς
750 800 929 871 πηγὴν
975 801 1232 870 ναμάτων
1263 801 1506 872 ψυχρῶν,
1536 801 1708 864 οῦτως
1737 803 1816 862 είς
1844 803 1970 864 τοὺς
2001 799 2085 852 λέ-

509 883 680 954 ϐητας
707 883 990 946 ἐκυϐίστα,
1007 883 1229 956 λουτρὸν
1253 884 1452 948 αὐτοὺς
1473 883 1614 937 θεῖον
1635 885 1730 938 καὶ
1753 883 2034 953 βάπτισμα
2055 895 2081 924 ι

509 967 762 1038 νομίζων.
793 967 1056 1037 Καθάπερ
1084 967 1192 1038 γάρ
1217 966 1494 1038 ἄνθρωποι
1521 967 1842 1038 φλεγόμενοι
1879 968 1958 1030 είς
1989 965 2082 1018 εὖ·

511 1067 670 1122 ριπον
707 1049 929 1120 ψυχρῶν
961 1049 1166 1104 ὑδάτων
1197 1051 1426 1114 ἑαυτοὺς
1453 1051 1700 1120 ἀφιᾶσιν,
1733 1049 1906 1112 οῦτως
1943 1051 2085 1102 ἐκεῖ·

510 1150 598 1198 νος
623 1133 972 1202 ἐκκαιόμενος
1003 1135 1068 1204 τῇ
1105 1134 1212 1186 τῶν
1252 1133 1492 1202 ἀδελφῶν
1531 1132 1792 1203 ἐπιθυμίᾳ
1827 1132 1961 1204 πρὸς
1985 1131 2084 1202 τὴν

508 1216 780 1286 τιμωρίαν
805 1216 1016 1286 ἐκείνην
1045 1217 1254 1286 ἀφῆκεν
1285 1216 1498 1270 ἐαυτὸν.

583 1300 900 1369 Ηροσήγαγε
931 1299 986 1350 δὲ
1019 1299 1111 1352 καὶ
1147 1301 1178 1368 ή
1207 1299 1390 1370 μήτηρ
1420 1299 1784 1369 παράκλησιν,
1815 1297 1915 1349 ούκ
1939 1295 2085 1348 ἐπει-

507 1379 572 1450 δὴ
599 1381 995 1452 παρακλήσεως
1016 1381 1221 1444 ὲκείνος
1249 1382 1439 1444 ἐδεῖτο,
1469 1381 1582 1434 ἀλλ’
1609 1381 1696 1434 ἵνα
1723 1379 1900 1451 μάθῃς
1921 1379 2084 1432 πάλιν

475 1485 480 1492 ’
509 1465 570 1515 τὸ
611 1463 838 1536 στερρὸν
871 1465 968 1534 τῆς
1013 1464 1271 1532 γυναικός
1295 1481 1306 1494 ·
1347 1465 1434 1517 ἐπ’
1469 1463 1644 1517 οὐδενὶ
1675 1463 1786 1534 γάρ
1807 1461 1917 1514 τῶν
1947 1461 2086 1514 ἐπτά

509 1547 714 1600 παίδων
752 1547 918 1600 ἔπαθε
945 1548 1010 1600 τά
1047 1549 1315 1619 μητέρων,
1355 1547 1554 1618 μᾶλλον
1579 1547 1635 1600 δέ
1663 1548 1745 1616 ἐφ’
1777 1547 1992 1618 ἑκάστῳ
2017 1545 2087 1599 τά

511 1631 762 1702 μητέρων
788 1631 986 1684 ἔπαθεν
1005 1646 1019 1660 ⁸
1049 1632 1110 1684 ού
1144 1631 1252 1702 γὰρ
1285 1626 1405 1684 εἶπε
1443 1631 1578 1700 πρὸς
1609 1631 1810 1701 ἐαυτήν
1828 1649 1840 1661 ·
1861 1629 1924 1682 Τί
1953 1646 2084 1684 ποτε

505 1712 666 1764 τοῦτό
712 1714 897 1780 ἐστιν;
932 1713 1282 1784 ἀνήρπασταί
1320 1731 1410 1784 μοι
1447 1712 1556 1766 τῶν
1589 1712 1794 1766 παίδων
1831 1715 1859 1766 ό
1885 1711 2046 1783 χορός
2067 1727 2081 1742 ·

507 1787 662 1858 οὗτος
698 1796 1078 1849 ὑπολέλειπται
1113 1798 1300 1866 μόνος·
1345 1798 1403 1848 ἐν
1435 1795 1614 1866 τούτῳ
1643 1812 1733 1865 μοι
1785 1791 2084 1848 κινδυνεύει

507 1878 576 1931 τὰ
603 1879 700 1948 τῆς
729 1880 984 1943 ἀπαιδίας
1003 1896 1016 1909 ·
1045 1880 1129 1942 τίς
1161 1897 1229 1950 με
1268 1881 1642 1952 γηροκομήσει
1674 1877 1880 1942 λοιπὸν,
1907 1877 1973 1930 ἂν
1995 1869 2086 1929 οὗ-

505 1979 596 2026 τος
624 1962 870 2034 ἀπέλθῃς
919 1965 980 2016 οὐ
1013 1964 1122 2034 γάρ
1159 1965 1316 2036 ήρκει
1359 1981 1449 2034 μοι
1477 1964 1605 2026 τοὺς
1643 1963 1860 2034 ἡμίσεις
1901 1978 2082 2032 παρα-

509 2046 725 2114 στῆσαι,
753 2049 801 2100 εί
821 2048 878 2100 δὲ
913 2047 986 2118 μὴ
1021 2048 1147 2111 τοῦς
1177 2047 1414 2118 ἡμίσεις,
1445 2046 1543 2110 τάς
1573 2045 1666 2099 δύο
1691 2045 1915 2118 μοίρας;
1946 2043 2082 2097 ἀλλά

507 2132 724 2185 καὶτὸν
753 2131 1210 2202 ὑπολελειμμένον
1255 2149 1346 2203 μοι
1397 2133 1556 2201 μόνον
1602 2133 1681 2194 είς
1729 2129 2082 2200 παραμυθίαν

505 2213 602 2267 τοῦ
628 2216 831 2286 γήρως,
869 2216 961 2268 καὶ
992 2215 1153 2269 αὐτὸν
1183 2213 1432 2268 ἐπιδώσω
1459 2213 1648 2278 πάλιν;
1681 2211 1844 2265 Ούδέν
1877 2209 2082 2266 τούτων

506 2299 605 2352 οὐκ
637 2296 810 2362 εἶπεν,
858 2300 956 2351 οὐκ
1004 2299 1317 2368 ἐνενόησεν,
1354 2298 1492 2352 ἀλλά
1529 2296 1781 2366 καθάπερ
1817 2294 1974 2365 χερσὶ
2013 2296 2080 2366 τῇ

507 2381 848 2452 παρακλήσει
877 2382 983 2435 τῶν
1007 2382 1180 2448 λόγων
1216 2381 1468 2452 ἐπάρασα
1497 2379 1748 2434 ἐνέϐαλεν
1777 2380 1856 2442 είς
1881 2378 1973 2432 τὸν
1995 2378 2084 2430 λέ-

506 2463 648 2534 ϐητα
682 2465 772 2516 τὸν
805 2463 916 2517 υἱὸν
937 2503 950 2528 ,
985 2465 1280 2530 δοξάζουσα
1311 2465 1400 2516 τὸν
1433 2463 1564 2518 Θεὸν
1585 2505 1599 2526 ,
1635 2465 1717 2516 ὅτι
1751 2462 1870 2515 ὅλον
1909 2461 2082 2531 αὐτῆς

505 2545 597 2601 τον
628 2546 838 2618 καρπὸν
872 2548 970 2618 τῆς
1001 2547 1238 2619 γαστρὸς
1269 2547 1506 2614 ἐδέξατο,
1551 2549 1646 2601 καὶ
1676 2547 1866 2601 οὐδένα
1892 2546 2084 2599 ἀπεδο-

505 2630 760 2700 κίμασεν,
789 2631 904 2686 ἀλλ’
927 2631 1216 2704 ὀλόκληρον
1244 2633 1304 2685 τὸ
1333 2631 1544 2702 δένδρον
1577 2631 1877 2702 ἐτρύγησεν
1897 2647 1910 2659 ·
1939 2629 2082 2684 ὥστε

507 2713 724 2788 θαρρῶν
758 2715 824 2768 ἂν
867 2715 1098 2787 εἴποιμι,
1145 2719 1224 2771 δτι
1267 2715 1487 2786 μείζονα
1529 2713 1668 2786 αῦτη
1717 2713 1824 2766 τῶν
1874 2712 2081 2766 παίδων

505 2797 722 2852 ιπαθεν.
767 2797 1028 2863 Ἐκείνοις
1061 2801 1159 2868 μὲν
1185 2798 1292 2870 γὰρ
1322 2799 1379 2852 τὸ
1409 2799 1540 2852 πολὺ
1569 2798 1668 2866 τῆς
1709 2795 1900 2866 ὀδύνης
1926 2795 2018 2848 καὶ
2044 2797 2078 2866 ή

504 2880 829 2950 λειποψυχία
851 2881 1032 2934 λοιπὸν
1057 2881 1410 2950 ὑπετέμνετο,
1437 2879 1575 2950 αῦτη
1611 2879 1666 2933 δὲ
1700 2878 1940 2949 ἀκεραίῳ
1967 2877 2082 2930 δια-

505 2965 628 3034 νοία
656 2964 750 3016 καὶ
779 2965 1073 3036 ἀκραιφνεῖ
1101 2963 1292 3036 γνώμῃ
1323 2963 1654 3036 τρανοτέραν
1673 2961 1948 3032 ἐλάμϐανε
1969 2959 2078 3012 τῶν

505 3047 804 3117 γινομένων
835 3048 935 3117 τὴν
970 3047 1218 3118 αἴσθησιν
1253 3045 1338 3100 διὰ
1366 3047 1462 3117 τὴν
1498 3045 1679 3116 φύσιν.
1713 3047 1821 3098 Καὶ
1842 3041 1910 3116 ἧν
1951 3043 2078 3098 ίδεῖν

505 3129 762 3200 τριπλοῦν
794 3130 922 3201 πῦρ,
940 3131 1076 3202 ὅπερ
1100 3131 1328 3184 ἔκαυσεν
1357 3131 1384 3182 ό
1409 3129 1668 3199 τύραννος
1695 3129 1921 3192 ἐκεῖνος,
1940 3129 2080 3198 ὅπερ

505 3213 791 3284 ἀνέφλεξεν
821 3217 852 3286 ή
882 3215 1062 3284 φύσις,
1094 3217 1230 3288 ὅπερ
1262 3214 1428 3284 ἐξῆψε
1464 3217 1523 3268 τὸ
1557 3213 1780 3283 Πνεῦμα
1809 3213 1870 3266 τὸ
1901 3213 2076 3280 ἅγιον.

505 3299 581 3354 οὐ
621 3295 876 3368 τοιαύτην
923 3298 1094 3368 ἀνῆψε
1133 3301 1362 3369 κάμινον
1394 3301 1421 3352 ὁ
1455 3296 1792 3360 Βαϐυλώνιος
1816 3296 2078 3366 τύραννος

506 3383 728 3444 ἐκεῖνος,
761 3381 875 3432 οἵαν
905 3380 1078 3448 ἀνῆψε
1111 3384 1178 3451 τῇ
1209 3381 1376 3450 μητρὶ
1404 3380 1631 3447 κάμινον
1651 3381 1679 3432 ὀ
1699 3378 1958 3450 τύραννος
1985 3371 2076 3430 οὗ·

504 3481 627 3526 τος·
673 3466 790 3516 ἐκεῖ
825 3463 922 3532 μὲν
957 3465 1067 3533 γὰρ
1102 3467 1134 3533 ἠ
1171 3464 1342 3534 τροφὴ
1391 3463 1484 3516 τοῦ
1522 3461 1690 3534 πυρὸς
1735 3462 1936 3530 νάφθα,
1985 3461 2080 3514 καὶ

505 3551 695 3611 πίσσα,
726 3547 819 3599 καί¹
851 3545 1118 3600 στύππιον
1138 3547 1186 3610 δ,
1214 3547 1308 3598 καὶ
1333 3546 1602 3616 κληματ“ις
1625 3541 1691 3616 ἦν
1719 3561 1730 3574 ·
1765 3544 1998 3598 ἐνταῦθα
2020 3543 2078 3598 δέ

504 3629 686 3700 φύσις,
721 3628 904 3690 ὠδῖνες
928 3667 942 3690 ,
976 3627 1348 3700 φιλοστοργία,
1379 3626 1583 3680 παίδων
1614 3627 1921 3696 συμφωνία.
1965 3625 2078 3696 Ούχ

504 3711 674 3775 οὕτως
705 3710 1084 3783 ἐτηγανίζοντο
1124 3713 1319 3763 ἐκεῖνοι
1354 3711 1446 3774 ἐπὶ
1473 3709 1566 3762 τοῦ
1603 3708 1772 3780 πυρὸς
1811 3709 2073 3780 κείμενοι,

503 3795 578 3858 ὠς
623 3795 974 3864 ἐτηγανίζετο
1019 3794 1156 3864 αῦτη
1205 3793 1292 3847 διά
1341 3794 1438 3866 τὴν
1487 3791 1898 3866 φιλοστοργίαν·
1962 3791 2076 3845 ἀλλ’

504 3879 723 3950 ἐκράτει
744 3879 830 3931 διὰ
855 3878 952 3948 τὴν
975 3878 1276 3942 εὐσέϐειαν,
1296 3877 1388 3932 καὶ
1413 3877 1574 3948 φύσις
1603 3877 1838 3948 ἐμάχετο
1867 3877 2073 3949 χάριτι,

507 3965 598 4018 καὶ
636 3965 670 4034 ἡ
697 3963 820 4034 νίκη
853 3962 952 4032 τῆς
986 3957 1330 4034 χάριτος
1374 3961 1624 4015 εὐσέϐεια
1666 3961 1868 4018 ὠδίνων
1919 3977 2074 4032 περι⁸

504 4049 739 4118 ἐγένετο,
767 4047 860 4100 καὶ
891 4045 1000 4117 πῦρ
1033 4047 1253 4115 ἐκράτει
1280 4046 1468 4118 πυρὸς,
1500 4046 1560 4100 τὸ
1587 4045 1952 4115 πνευματικὸν
1982 4043 2074 4097 τοῦ

503 4129 765 4196 φυσικοῦ,
801 4129 894 4182 καὶ
924 4127 1018 4181 τοῦ
1051 4129 1202 4200 παρά
1236 4129 1332 4198 τῆς
1361 4129 1641 4198 ὠμότητος
1677 4126 1771 4180 τοῦ
1809 4127 2073 4196 τυράννου

502 4213 812 4284 καυθέντος.
863 4213 973 4266 Καὶ
1008 4199 1257 4284 καθάπερ
1299 4212 1558 4266 θαλαττία
1597 4212 1771 4281 πέτρα
1805 4211 2072 4282 δεχομένη

501 4298 760 4366 κυμάτων
783 4283 1106 4366 προσϐολάς.
1127 4283 1262 4367 αύτῆ
1299 4297 1395 4366 μὲν
1421 4295 1677 4366 ἀκίνητος
1703 4295 1874 4364 μένει,
1891 4296 2074 4346 ἐκεῖνα

500 4379 556 4432 δέ
587 4381 664 4442 είς
694 4377 866 4449 ἀφρὸν
887 4375 1176 4431 διαλύουσα
1201 4377 1450 4446 ἀφανίζει
1475 4377 1672 4447 ῥαδίως
1695 4395 1706 4407 ·
1726 4376 1870 4430 οὓτω
1893 4376 1958 4446 δὴ
1983 4377 2075 4430 καὶ

501 4463 534 4532 ή
561 4461 756 4534 καρδία
789 4463 888 4530 τῆς
921 4461 1180 4528 γυναικὸς
1213 4459 1456 4528 ἐκείνης,
1484 4457 1672 4529 ὥσπερ
1700 4475 1784 4522 τις
1813 4458 2075 4512 θαλαττία

501 4547 676 4615 πέτρα
703 4543 930 4614 κύματα
948 4541 1212 4610 δεχομένη
1241 4543 1338 4604 τὰς
1379 4540 1682 4612 προσϐολάς
1707 4541 1816 4594 τῶν
1844 4539 2066 4606 ὀδυνῶν,

501 4629 638 4698 αὑτὴ
672 4627 770 4697 μὲν
794 4625 1050 4695 ἀκίνητος
1081 4623 1240 4693 ἔμενε
1262 4663 1276 4688 ,
1307 4623 1403 4687 τάς
1435 4623 1491 4676 δὲ
1519 4623 1826 4694 προσϐολάς
1854 4625 2070 4689 ἐκείνας

502 4710 712 4782 στερρῷ
773 4707 868 4762 καὶ
926 4707 1238 4775 φιλοσοφίας
1284 4707 1507 4776 γέμοντι
1559 4705 1736 4760 διέλυε
1787 4706 2068 4776 λογισμῷ·

501 4795 862 4864 ἐφιλοτιμεῖτο
881 4791 1052 4856 δεῖξαι
1077 4789 1155 4860 τῷ
1179 4791 1446 4862 τυράννῳ,
1473 4791 1555 4844 ὅτι
1579 4789 1748 4854 ὄντως
1772 4795 1953 4862 μήτηρ
1975 4791 2073 4844 αύ-

563 4889 590 4954 _‘
612 4889 734 4954 ᾔρει
761 4895 813 4935 et
831 4884 1198 4954 δέρει-λουτρὸν
1217 4883 1338 4954 θεῖον
1369 4884 1518 4954 ἐκεῖνο
1547 4883 1602 4932 τὸ
1627 4883 1894 4954 βάπτιρμαι

563 4950 594 4991 h
617 4951 668 4998 In
689 4947 841 5009 ἵησι-ε.
873 4947 1016 5008 Regii
1039 4947 1128 4994 ms;
1162 4953 1357 4996 nolalur
1375 4947 1606 4994 στίππυσν
1631 4947 1740 5008 (sic)
1763 4947 1960 4994 ἐνταῦθα
1983 4961 2072 4993 καο

499 5012 648 5060 λείται
663 5012 718 5058 τὸ
742 5011 837 5058 ἐλαι
845 5011 1062 5058 όαοκκον.

1190 361 1243 412 S.
1283 359 1567 414 JOANNIS
1605 359 1692 412 CH
1705 357 2071 414 ιιγδοδτοΜ

2187 358 2455 414 RCIHEP.
2497 356 3032 414 (ὈΝΒΤᾹΝΤΙΝΟΡ.

3645 355 3748 409 6Ξῦ

2182 471 2292 526 τῶν
2323 473 2497 534 ἐστιν,
2532 469 2696 533 ὅντως
2733 471 2929 522 ἐκεῖνοι
2975 471 3186 540 γνήσιοι
3223 467 3406 531 παῖδες
3455 469 3622 539 αὐτῆς
3643 512 3656 534 ,
3689 471 3752 526 οὗ

2181 554 2272 608 διά
2297 554 2396 625 τὴν
2427 552 2746 622 συγγένειαν
2777 551 2874 622 τῆς
2905 551 3142 620 φύσεως,
3161 551 3298 606 ἀλλά
3327 551 3415 604 διὰ
3438 550 3535 621 τὴν
3563 569 3756 608 κοινω-

2183 641 2300 694 νίαν
2323 640 2420 708 τῆς
2449 637 2651 708 ἀρετῆς
2671 653 2682 666 ·
2715 637 2814 689 οῦκ
2842 637 3086 706 ἐνόμιζεν
3110 637 3240 707 όρᾷν
3269 635 3587 688 κολαστικὸν
3617 635 3752 706 πῦρ,

2183 721 2318 774 ἀλλά
2351 720 2620 790 γαμήλιον
2647 718 2924 789 λαμπάδα.
2953 721 3064 788 Οὐχ
3093 719 3236 771 οὕτω
3269 719 3450 788 μήτηρ
3471 718 3754 788 κοσμοῦσα

2187 803 2381 866 παῖδας
2410 803 2490 865 είς
2519 801 2694 870 γάμον
2735 801 3082 869 εὐφραίνεται
3104 841 3118 862 ,
3151 799 3226 864 ὠς
3253 800 3434 870 ἐκείνη
3463 800 3756 872 κολαζομέ-

2185 903 2308 950 νους
2339 885 2610 955 βλέπουσα
2647 882 2798 956 [651]
2841 883 3060 953 ἔχαιρε·
3100 885 3194 937 καὶ
3236 883 3488 952 καθάπερ
3531 883 3618 937 τὸν
3655 885 3756 952 μὲν

2187 970 2344 1040 στολῇ
2385 967 2785 1038 περιϐάλλουσα
2815 969 3078 1038 νυμφικῇ,
3104 965 3182 1036 τῷ
3206 966 3260 1019 δὲ
3295 967 3592 1034 στεφάνους
3626 965 3756 1018 πλέ-

2185 1067 2376 1113 κουσα,
2404 1049 2482 1120 τῷ
2509 1050 2566 1103 δέ
2598 1049 2874 1112 παστάδας
2909 1051 3104 1102 ἱστᾶσα
3133 1049 3458 1118 γαμηλίους,
3498 1049 3638 1104 οὕτω
3665 1049 3756 1104 τὸν

2189 1133 2288 1203 μὲν
2311 1133 2402 1186 ἐπὶ
2417 1134 2542 1192 τοὺς
2561 1131 2814 1204 λέϐητας,
2842 1132 2932 1186 τὸν
2955 1123 3126 1186 δὲ’ἐπὶ
3152 1134 3220 1184 τά
3239 1133 3450 1204 τήγανα
3471 1132 3756 1202 τρέχοντα,

2183 1218 2274 1270 τὸν
2303 1217 2358 1270 δέ
2389 1216 2485 1286 τὴν
2517 1217 2758 1288 κεφαλὴν
2790 1216 3228 1288 ἀποτεμνόμενον
3261 1215 3443 1286 ὁρῶσα
3469 1215 3752 1284 ἠγάλλετο.

2185 1299 2288 1352 Καὶ
2313 1295 2380 1368 ἦν
2408 1299 2587 1351 πάντα
2616 1295 2824 1352 καπνοῦ
2847 1300 2940 1351 καὶ
2962 1300 3184 1367 κνίσσης
3213 1297 3404 1368 μεστὰ,
3425 1299 3516 1350 καὶ
3541 1297 3626 1350 διά
3647 1298 3758 1349 τῶν

2185 1381 2552 1452 αἰσθητηρίων
2592 1383 2845 1434 ἀπάντων
2879 1381 2979 1451 τὴν
3019 1384 3212 1450 πεῖραν
3243 1380 3455 1449 ἐδέχετο
3483 1379 3588 1432 τῶν
3629 1381 3760 1432 παί-

2185 1467 2310 1528 δων,
2340 1465 2433 1517 διὰ
2461 1464 2568 1516 τῶν
2597 1464 2892 1534 ὀφθαλμῶν
2929 1463 3132 1534 ὁρῶσα,
3171 1463 3258 1516 διὰ
3303 1464 3400 1532 τῆς
3445 1464 3610 1532 ἀκοῆς
3647 1463 3762 1514 τῶν

2187 1549 2455 1620 φιλτάτων
2506 1548 2778 1602 ἀκούουσα
2835 1549 3126 1617 ῥημάτων,
3188 1547 3325 1615 αὐτῇ
3377 1549 3440 1617 τῇ
3505 1549 3610 1616 ῥινὶ
3665 1547 3762 1599 τὸν

2185 1635 2390 1690 καπνὸν
2429 1633 2692 1704 δεχομένη
2729 1632 2838 1684 τῶν
2869 1631 3090 1702 σαρκῶν
3129 1631 3220 1684 τὸν
3254 1630 3384 1700 ήδὺν
3423 1631 3627 1682 ἐκεῖνον
3661 1631 3762 1682 καὶ

2187 1717 2358 1788 άηδῆ·
2392 1717 2530 1786 ἀηδῆ
2565 1715 2660 1786 μὲν
2689 1717 2802 1776 τοῖς
2831 1714 3108 1786 ἀπίστοῑς,
3135 1713 3214 1784 τῷ
3243 1711 3362 1782 Θεῷ
3391 1711 3448 1764 δὲ
3485 1712 3578 1766 καὶ
3617 1713 3762 1782 αὐτῇ

2185 1801 2404 1854 πάντων
2433 1801 2647 1870 ³ἥδιστον
2670 1813 2683 1826 ·
2711 1799 2802 1852 τὸν
2835 1797 3040 1850 καπνὸν
3067 1799 3272 1850 ἐκεῖνον
3293 1796 3353 1858 ὃς
3379 1796 3466 1848 τὸν
3495 1795 3594 1865 μὲν
3619 1795 3764 1862 ἀέρα

2187 1886 2441 1952 ἐθόλωσε,
2476 1885 2574 1955 τὴν
2607 1883 2664 1936 δὲ
2685 1883 2921 1936 διάνοιαν
2945 1882 3044 1952 τῆς
3067 1880 3322 1949 γυναικὸς
3347 1881 3446 1934 οὐκ
3469 1879 3756 1932 ἐθόλωσεν·

2185 1970 2427 2040 εἱστήκει
2445 1968 2551 2038 γάρ
2570 1966 2791 2036 ἀκλινὴς
2821 1967 2914 2018 καί
2929 1967 3033 2018 ἀπε
3043 1966 3324 2036 ρίτρεπτος
3345 1961 3758 2034 ἐγκαρτεροῦσα

2185 2053 2319 2106 πάσι
2341 2055 2451 2114 τοῖς
2480 2049 2805 2120 γινομένοις.
2853 2048 2993 2102 Ἀλλ’
3029 2047 3147 2119 ὥρα
3179 2047 3366 2102 λοιπὸν
3403 2045 3762 2100 καταπαῦσαι

2184 2135 2274 2188 τὸν
2307 2134 2486 2203 λόγον,
2515 2133 2654 2186 ὥστε
2683 2133 2944 2186 πλειόνων
2973 2131 3168 2194 αὐτοὺς
3193 2129 3496 2186 ἀπολαῦσαι
3527 2129 3634 2184 τῶν
3659 2131 3760 2196 ἐγ-

2185 2218 2409 2288 κωμίων
2441 2215 2594 2287 παρὰ
2623 2214 2700 2285 τῷ
2733 2213 2898 2285 κοινῷ
2925 2215 3254 2287 διδασκάλῳ.

2255 2339 2470 2410 Ταύτην
2500 2337 2874 2409 μιμείσθωσαν
2903 2335 3136 2407 πατέρες
3155 2377 3168 2400 ,
3207 2335 3552 2407 ζηλούτωσαν
3591 2331 3760 2406 μητέ-

2187 2444 2296 2498 ρες,
2330 2427 2422 2479 καὶ
2443 2427 2717 2492 γυναῖκες,
2753 2420 2842 2475 καὶ
2898 2421 3104 2493 ἄνδρες,
3139 2423 3196 2473 ἐν
3225 2420 3488 2492 παρθενίᾳ
3531 2419 3760 2484 ζῶντες,

2186 2513 2278 2564 καὶ
2309 2511 2546 2570 σάκκους
2567 2525 2632 2560 πε
2643 2505 2859 2578 ριϐεϐλη
2870 2506 3037 2576 μένοι,
3059 2505 3149 2557 καὶ
3175 2503 3329 2556 κλοιά
3357 2522 3422 2557 πε
3434 2505 3768 2575 ρικείμενοι·’

2182 2596 2316 2648 ὅπου
2347 2593 2456 2664 γάρ
2491 2591 2556 2644 ἂν
2587 2589 2911 2660 ἀφικώμεθα
2950 2587 3365 2658 σκληραγωγίας
3394 2605 3452 2639 τε
3483 2589 3575 2639 καὶ
3606 2586 3762 2654 φιλο-

2184 2677 2394 2746 σοφίας,
2427 2673 2724 2746 προφθάνει
2748 2672 2844 2744 τὴν
2865 2672 3160 2743 καρτερίαν
3185 2670 3338 2741 ἡμῶν
3369 2669 3467 2739 τῆς
3497 2668 3762 2737 γυναικὸς

2183 2762 2216 2830 ὴ
2244 2757 2547 2828 φιλοσοφία.
2589 2757 2794 2826 Μηδεὶς
2831 2755 3007 2808 τοίνυν
3047 2754 3153 2806 τῶν
3191 2755 3268 2816 είς
3301 2753 3466 2820 ἄκρον
3495 2751 3764 2822 ἐληλακό-

2179 2861 2287 2896 των
2314 2841 2564 2911 ἀνδρείας
2601 2840 2696 2892 καὶ
2721 2838 3014 2910 καρτερίας
3051 2837 3266 2901 ἀνάξιον
3311 2831 3448 2888 εἶναι
3489 2834 3764 2904 νομιζέτω

2179 2927 2278 2997 τὴν
2305 2928 2536 2994 γυναῖκα
2557 2925 2654 2994 τὴν
2677 2925 3048 2993 γεγηρακυῖαν
3075 2919 3389 2973 διδάσκαλον
3423 2919 3564 2988 ἔχειν
3585 2935 3600 2948 ·
3637 2919 3762 2970 ἀλλ’

2181 3008 2464 3078 εύξώμεθα
2489 3009 2638 3076 κοινῇ
2671 3007 2887 3068 πάντες,
2913 3005 3006 3060 καὶ
3027 3007 3074 3057 οἱ
3105 3004 3204 3068 τὰς
3245 3003 3425 3063 πόλεις
3455 3001 3760 3064 οἰκοῦντες,

2179 3093 2274 3147 καὶ
2301 3093 2350 3144 οἱ
2377 3094 2494 3154 ταῖς
2532 3091 2784 3162 ἐρημίαις
2817 3089 3236 3158 ἐνδιαιτώμενοι,
3273 3087 3361 3140 καὶ
3385 3088 3432 3139 οἱ
3459 3085 3762 3156 παρθενίαν

2177 3175 2492 3237 ἀσκοῦντες,
2523 3175 2614 3227 καὶ
2646 3175 2693 3226 οἱ
2727 3175 2784 3226 ἐν
2811 3173 2972 3242 γάμῳ
3003 3170 3182 3240 σεμνῷ
3217 3169 3632 3240 διαλάμποντες,
3661 3173 3762 3224 καὶ

2177 3262 2226 3312 οί
2246 3259 2352 3312 τῶν
2381 3259 2662 3329 παρόντων
2693 3257 3067 3328 ὑπερορῶντες
3098 3255 3366 3318 ἁπάντων,
3387 3257 3482 3308 καὶ
3511 3257 3570 3308 τὸ
3595 3255 3760 3326 σῶμα

2180 3341 2612 3413 σταυρώσαντες,
2635 3339 2926 3410 δυνηθῆναι
2951 3339 3040 3390 τὸν
3067 3337 3226 3390 αὐτὸν
3249 3338 3384 3407 αὐτῇ
3402 3337 3597 3407 δρόμον
3629 3338 3762 3412 ἀρά-

2181 3441 2328 3494 μενοι
2362 3424 2458 3494 τῆς
2497 3425 2664 3493 αὐτῆς
2690 3424 2824 3493 αὐτῇ
2861 3419 3258 3490 καταξιωθῆναι
3287 3419 3619 3491 παρρησίας,
3661 3422 3760 3473 καὶ

2176 3507 2342 3575 ἐγγυς
2377 3507 2548 3576 αὐτῆς
2581 3509 2768 3577 στῆναι
2799 3506 2936 3558 κατα
2965 3505 3062 3574 τὴν
3089 3505 3299 3574 ἡμέραν
3327 3503 3542 3570 ἐκείνην
3567 3502 3758 3572 εὐχαῖς

2177 3591 2344 3660 αὐτῆς
2371 3591 2468 3660 τῆς
2511 3590 2690 3658 ἁγίας,
2723 3589 2818 3642 καὶ
2844 3587 2950 3640 τῶν
2979 3588 3146 3656 αὐτῆς
3181 3587 3402 3652 παίδων,
3423 3586 3517 3638 καὶ
3542 3586 3633 3638 τοῦ
3662 3587 3757 3640 τὶν

2176 3673 2336 3745 χορὸν
2365 3672 2543 3725 αὐτῶν
2605 3671 3050 3742 συμπληροῦντος
3097 3668 3416 3739 Ἐλεαζάρου
3449 3669 3542 3722 τοῦ
3571 3669 3752 3738 μεγά-

2177 3755 2268 3808 λου
2296 3757 2388 3809 καὶ
2415 3754 2662 3824 γενναίου
2691 3755 2940 3824 γέροντος
2971 3755 3062 3806 καὶ
3089 3752 3263 3823 ψυχήν
3294 3755 3646 3823 ἀδαμάντινον
3689 3757 3748 3806 ἐν

2175 3842 2288 3902 τοῖς
2343 3838 2536 3900 δεινοῖς
2587 3837 2980 3906 ἐνδειξαμένου.
3018 3838 3369 3907 Δυνησόμεθα
3400 3838 3454 3890 δὲ
3507 3839 3570 3890 ἂν
3615 3841 3760 3907 μετά

2173 3923 2282 3976 τῶν
2315 3923 2484 3991 ἁγίων
2531 3921 2710 3975 αὐτῶν
2737 3921 2910 3992 εὐχῶν
2952 3919 3042 3972 καὶ
3079 3921 3146 3972 τά
3180 3923 3304 3991 παρ’
3337 3921 3542 3974 ἑαυτῶν
3575 3917 3762 3969 πάντα

2175 4007 2538 4076 είσφέρωμεν,
2573 4004 2677 4074 προ
2712 4003 2822 4056 τῶν
2845 4003 3094 4072 πολέμων
3119 4004 3211 4056 καὶ
3242 4003 3348 4055 τῶν
3385 4003 3572 4057 δεινῶν
3595 4003 3654 4054 ἐν
3677 4000 3764 4070 τῷ

2177 4089 2352 4161 καιρῷ
2373 4089 2474 4158 τῆς
2499 4090 2720 4159 είρήνης
2761 4085 2867 4138 τῶν
2903 4087 2960 4138 ἐν
3011 4089 3140 4156 ἡμῖν
3177 4086 3506 4156 κρατοῦντες
3541 4089 3756 4150 παθῶν,

2173 4173 2242 4225 τά
2273 4172 2484 4226 ἄτακτα
2511 4173 2608 4241 τῆς
2659 4171 2860 4243 σαρκὸς
2909 4170 3332 4240 περικόπτοντες
3382 4173 3758 4241 σκιρτήματα,

2178 4254 2586 4320 ύπωπιάζοντες
2625 4254 2720 4306 καὶ
2757 4252 3224 4320 δουλαγωγοῦντες
3267 4253 3326 4304 τὸ
3369 4253 3542 4324 σῶμα.
3599 4255 3760 4308 Οῦτω

2175 4339 2282 4411 γάρ
2309 4339 2374 4391 ἀν
2406 4355 2464 4390 τε
2499 4339 2556 4389 ἐν
2579 4337 2771 4407 εἰρήνῃ
2793 4335 3087 4404 διάγωμεν,
3113 4335 3398 4406 λαμπροὺς
3425 4337 3614 4406 ἕξομεν
3643 4337 3758 4387 ub;

2175 4420 2492 4490 γυμνασίων
2521 4419 2648 4481 τοὺς
2703 4418 3038 4486 στεφάνους·
3075 4417 3139 4470 ἄν
3188 4435 3247 4469 τε
3289 4417 3382 4469 τὸν
3434 4419 3596 4471 αὐτὸν
3623 4421 3762 4490 ήμῖν

2176 4503 2364 4572 ἀγῶνα
2377 4503 2474 4555 άνύ
2485 4519 2571 4556 σαι
2595 4502 2725 4574 δοκῇ
2747 4502 2826 4572 τῷ
2855 4501 3222 4572 φιλανθρώπῳ
3249 4502 3386 4572 Θεῷ,
3411 4519 3762 4575 παρεςκευπ,

2178 4585 2365 4656 σμένοι
2397 4585 2534 4655 πρὸς
2556 4585 2624 4638 τὰ
2655 4585 3012 4654 παλαίσματα
3037 4585 3259 4654 ἥξομεν,
3305 4586 3396 4638 καὶ
3437 4587 3545 4639 τῶν
3592 4585 3766 4660 ούρα-

2176 4668 2302 4720 νίων
2321 4666 2718 4736 ἐπιτευξόμεθα
2739 4666 2962 4736 ἀγαθῶν
2981 4683 2994 4696 ·
3029 4661 3104 4720 ὧν
3133 4668 3344 4736 γένοιτο
3371 4669 3578 4732 πάντας
3605 4673 3766 4739 ἡμᾶς

2177 4753 2474 4820 ἐπιτυχεῖν,
2515 4751 2700 4822 χάριτι
2717 4753 2812 4805 καὶ
2837 4750 3216 4822 φιλανθρωπία
3241 4751 3334 4804 τοῦ
3357 4753 3566 4824 Κυρίου
3597 4753 3764 4824 ήμῶν

2190 4832 2364 4902 Ἰησοῦ
2397 4832 2654 4902 Χριστοῦ,
2687 4833 2750 4886 δι’
2785 4826 2848 4886 οὗ
2901 4833 2995 4886 καὶ
3033 4833 3152 4902 μεθ’
3191 4827 3252 4887 οὗ
3281 4833 3358 4904 τῷ
3389 4835 3582 4904 Πατρὶ,
3639 4841 3764 4904 αμα

2177 4915 2254 4984 τῷ
2293 4915 2432 4985 ἀγίῳ
2459 4915 2752 4986 Πνεύματι,
2791 4916 2937 4980 δόξα,
2961 4918 3096 4988 τιμὴ
3125 4919 3220 4971 καὶ
3257 4919 3454 4989 κράτος
3507 4922 3588 4984 εἰς
3633 4917 3772 4983 τοὺς

2179 4999 2380 5062 αἰῶνας
2411 4998 2520 5052 τῶν
2549 4999 2780 5054 αίώνων.
2827 5001 3018 5072 Ἀμήν.

1221 5311 1391 5408 ΕΙΣ
1446 5309 1736 5395 ΤΟΥΣ
1773 5309 2181 5396 ΑΓΙΟΥΣ
2219 5311 3044 5399 ΜΑΚΚΑΒΑΙΟΥΣ.

1129 5607 1353 5676 nulla
1389 5613 1458 5678 τ’.

578 5687 686 5738 Καὶ
711 5689 820 5751 τοῖς
855 5689 1120 5761 μάρτυσιν
1147 5691 1287 5761 ὀρῶν
1317 5691 1414 5762 τὴν
1441 5691 1548 5744 τῶν
1589 5691 1766 5762 ἔργων
1796 5693 2072 5764 εὐφημίαν

504 5767 878 5840 ὀφειλομένην,
905 5775 998 5824 καὶ
1025 5775 1090 5826 τὸ
1107 5774 1308 5844 πλῆθος
1337 5775 1668 5846 στενοχωρού
1677 5793 1834 5848 μενον
1857 5777 2069 5848 βλέπων

2179 5607 2328 5682 [σοι]
2349 5611 2508 5666 ὀκνῶ.
2541 5611 2768 5678 Ούκοῦν,
2790 5614 2839 5667 εἰ
2863 5614 3031 5676 δοκεῖ,
3070 5611 3164 5684 τήν
3188 5613 3534 5668 διδασκαλίαν
3557 5625 3580 5654 ο
3612 5615 3762 5682 πῃδς

2216 5729 2264 5806 κ’
2293 5729 2644 5806 ηεξ.“βλέπων.
2687 5734 2785 5792 Τὴν
2809 5733 3114 5784 διδασκαλίαν
3149 5733 3288 5782 ὀκνῶ.
3335 5729 3584 5782 Οὖκοῦνιί
3617 5729 3764 5780 ὅστιιῖ

2179 5794 2260 5850 τήν
2277 5794 2356 5854 μὲν
2378 5794 2562 5842 διδασκ.
