4080 6196
249 320 336 374 625

250 430 589 498 e.~t;canities
630 430 836 495 matris,
866 428 1114 498 quodque
1156 427 1568 498 praecedentium
1609 428 1813 498 suppli-

250 524 370 578 cium
399 521 525 576 nihil
553 521 886 591 profecisset.

308 613 354 668 ε.
387 613 509 668 llmc
545 612 724 666 omnia
757 627 938 666 secum
972 619 1150 666 mente
1177 624 1398 666 versans
1422 609 1734 666 adolescens
1762 612 1812 667 in

251 707 543 778 supplicium
570 706 805 775 scipsum
849 706 1086 771 imtuisit,
1115 720 1180 760 ex
1207 721 1314 773 quo
1343 705 1579 774 effugere
1610 721 1714 760 non
1748 707 1815 758 li-

251 801 404 864 cebat,
428 809 483 854 et
525 809 792 868 tamquam
836 797 888 852 in
930 797 1143 852 laticum
1172 797 1480 866 frigidorutn
1523 795 1718 851 fontem
1761 795 1814 851 in

252 893 431 948 icbetes
459 906 700 961 praeceps
745 890 1044 954 desiliebat,
1094 887 1333 943 divinum
1382 888 1652 943 lavacrum
1700 889 1817 944 illos

250 983 538 1038 existimans
581 991 631 1036 et
681 981 1021 1049 baptismum.
1068 979 1215 1034 Sicut
1256 979 1396 1034 enim
1448 978 1692 1033 homines
1729 979 1816 1049 qui

253 1084 475 1139 uruntur,
505 1073 710 1142 seipsos
757 1073 808 1126 iu
864 1072 1033 1126 lacum
1087 1069 1396 1141 frigidarum
1426 1085 1680 1140 aquarum
1721 1070 1821 1124 itu-

253 1168 463 1229 mittunt,
492 1166 568 1221 sic
598 1167 682 1220 ille
720 1166 939 1221 fratrum
967 1165 1234 1220 desiderio
1260 1166 1507 1219 incensus
1549 1165 1600 1218 in
1632 1179 1816 1218 eorum

255 1261 552 1328 Supplicium
585 1274 642 1312 se
671 1259 907 1311 immisit.

315 1351 596 1422 Ampliﬁcat
636 1359 682 1403 et
723 1349 899 1402 laudat
929 1366 1224 1420 generosum
1250 1349 1426 1402 matris
1456 1349 1698 1401 animum.
1729 1347 1820 1401 Si-

253 1443 518 1497 militudiue
556 1462 588 1497 α
609 1442 814 1512 scapttlu
843 1441 996 1494 ducta
1041 1457 1142 1505 rem
1170 1440 1823 1508 illustrat.——.\djungchal

252 1533 735 1589 eteohcrlatiouem
781 1543 984 1595 mater,
1027 1547 1131 1587 non
1160 1532 1301 1602 quod
1346 1531 1432 1586 ille
1457 1531 1823 1584 cohortatéone

252 1624 514 1694 indigeret,
556 1623 647 1677 sed
697 1631 754 1677 ut
794 1637 982 1677 rursus
1025 1621 1260 1676 mulieris
1302 1620 1664 1675 ﬁmitudinem
1705 1619 1823 1672 ani-

253 1717 559 1772 madvertas.
583 1715 784 1769 Nullius
811 1716 954 1769 enim
981 1724 1184 1785 septem
1216 1714 1500 1768 libero-rum
1525 1728 1680 1767 causa
1714 1727 1824 1766 ma-

251 1818 389 1863 terno
409 1807 598 1862 all'cctu
619 1817 884 1864 commota
907 1818 986 1862 est
1007 1826 1020 1862 :
1045 1808 1152 1861 imo
1171 1823 1298 1861 vero
1321 1807 1373 1860 in
1399 1807 1618 1876 singulis
1634 1807 1824 1859 affectu

251 1911 482 1955 materno
503 1909 765 1954 commota
794 1908 875 1954 est
899 1921 912 1954 :
939 1914 1045 1954 non
1072 1899 1215 1954 enim
1240 1898 1374 1952 dixit
1401 1898 1538 1967 apud
1566 1913 1624 1952 se
1649 1916 1661 1951 :
1690 1897 1826 1965 Quid

251 1994 342 2048 hoc
369 1991 582 2046 tandem
619 1993 694 2045 rei
726 1993 846 2046 est?
872 1990 1122 2060 abreptus
1153 1999 1236 2045 est
1265 1989 1396 2044 mihi
1443 1990 1666 2043 filiorum
1694 1989 1827 2043 eho-

249 2101 350 2149 rus,
379 2086 463 2140 hic
492 2085 776 2141 derelictus
800 2095 878 2140 est
905 2085 1093 2142 solus:
1139 2085 1192 2139 in
1232 2085 1332 2138 hoc
1373 2099 1472 2153 ego
1509 2083 1577 2138 de
1604 2083 1828 2138 orbitate

251 2179 539 2249 periclitor;
572 2179 692 2248 quis
717 2195 801 2234 me
827 2180 880 2232 in
919 2189 1186 2248 pomorum
1213 2178 1321 2232 alet
1349 2178 1400 2232 in
1431 2186 1735 2238 senectute,
1785 2175 1827 2230 si

250 2275 329 2330 hic
354 2272 584 2329 abierit?
624 2289 727 2328 non
771 2272 914 2328 enim
955 2271 1083 2325 mihi
1127 2271 1397 2326 dimidiam
1443 2279 1648 2340 partem
1678 2269 1832 2324 exhi-

249 2363 419 2420 buisse
447 2365 580 2418 satis
599 2374 733 2430 erat,
763 2372 854 2418 aut
878 2363 922 2417 si
953 2364 1127 2417 minus
1158 2373 1357 2432 partem
1383 2362 1675 2419 dimidiam.
1701 2361 1831 2414 tlttas

247 2466 442 2525 partes,
473 2455 576 2510 nisi
603 2464 657 2510 et
684 2471 807 2510 eum
831 2455 920 2526 qui
950 2454 1078 2515 mihi
1122 2454 1267 2509 solus
1297 2453 1360 2507 ad
1388 2453 1676 2508 senectutis
1699 2468 1831 2506 con—

245 2547 560 2602 solationem
604 2546 894 2602 derelictus
941 2556 1043 2612 est,
1092 2547 1263 2615 ipsum
1291 2547 1450 2600 etiam
1481 2560 1668 2598 rursus
1703 2543 1836 2613 adji-

243 2641 419 2695 ciam?
446 2639 584 2695 Nihil
631 2640 820 2694 horum
853 2639 981 2693 dixit
1008 2648 1100 2692 aut
1126 2638 1394 2706 cogitavit,
1421 2635 1516 2691 sed
1538 2635 1686 2706 quasi
1716 2651 1831 2688 ma-

243 2732 398 2788 nibus
410 2731 786 2788 cohortatione
799 2731 1082 2785 verborum
1113 2731 1164 2784 in
1188 2731 1352 2784 altum
1374 2729 1640 2783 sublatum
1665 2729 1828 2782 filium

242 2823 296 2876 in
345 2823 576 2878 lebetem
605 2823 840 2877 immisit.
871 2823 1037 2876 Deum
1069 2821 1309 2885 laudans,
1341 2821 1479 2891 quod
1513 2830 1676 2874 totmn
1708 2837 1836 2874 ven-

241 2915 338 2968 tris
367 2913 452 2968 sui
501 2913 730 2968 fructum
776 2922 1140 2983 acceptasset,
1182 2913 1491 2982 nullumque
1520 2914 1831 2981 respuissct,

243 3022 427 3059 verum
459 3007 638 3060 omnia
665 3022 725 3060 ex
749 3005 944 3061 arbore
971 3021 1125 3074 poma
1151 3005 1537 3074 decerpsisset:
1563 3004 1634 3058 ita
1661 3014 1720 3059 ut
1741 3020 1834 3058 au-

240 3099 430 3153 dacter
458 3098 638 3153 dicere
664 3098 860 3168 possim
888 3098 1132 3168 graviora
1174 3096 1294 3152 ftliis
1328 3111 1446 3150 eam
1473 3109 1593 3152 esse
1625 3109 1836 3163 perpes-

241 3205 379 3244 sam.
412 3190 547 3247 Nam
576 3189 681 3245 illis
726 3190 940 3260 quidem
983 3205 1105 3260 pars
1136 3189 1306 3260 major
1349 3189 1549 3244 doloris
1578 3197 1631 3244 et
1671 3189 1835 3244 animi

238 3283 534 3352 deliquium
562 3282 966 3347 succidebatur;
999 3281 1116 3337 haec
1141 3296 1267 3337 vero
1295 3281 1496 3353 integra
1536 3291 1714 3336 mente
1753 3281 1838 3350 ju-

239 3373 495 3443 dicioquc
547 3374 714 3428 illatso
771 3375 1032 3431 veriorem
1073 3390 1280 3440 eorum,
1331 3391 1448 3443 qua:
1490 3375 1835 3444 gerebantur,

240 3479 462 3518 sensum
493 3464 562 3519 ob
603 3476 844 3520 naturam
890 3465 1152 3536 capiebat.
1199 3467 1277 3521 Ac
1305 3466 1482 3521 videre
1508 3475 1623 3521 erat.
1662 3467 1836 3538 ignem

240 3559 512 3628 triplicem
541 3577 555 3612 :
589 3575 745 3628 quem
779 3560 866 3614 ille
904 3568 1162 3631 tyrannus
1188 3561 1534 3635 accendebat,
1559 3577 1714 3632 quem
1741 3577 1836 3616 ett-

238 3651 445 3705 citabat
458 3659 666 3716 natura,
684 3668 842 3721 quem
859 3651 1088 3722 Spiritus
1100 3661 1312 3707 sanctus
1327 3653 1705 3706 inflammabat.
1725 3652 1837 3708 Non

237 3743 414 3796 talem
454 3741 774 3813 Babylonius
819 3754 1074 3815 tyrannus
1126 3743 1212 3799 ille
1260 3743 1532 3801 fornacem
1572 3744 1835 3811 accendit,

237 3831 710 3903 (Dau.5),qualem
730 3835 882 3888 matri
900 3833 1166 3889 fornacem
1188 3834 1272 3890 hic
1289 3845 1544 3905 tyrannus
1560 3834 1834 3889 accendit:

239 3941 370 3978 nam
429 3925 538 3980 illic
587 3925 800 3994 quidem
855 3927 990 3996 ignis
1032 3925 1204 3982 fomes
1254 3936 1369 3982 erat
1416 3926 1668 3995 naphtha,
1725 3927 1834 3996 pix,

230 4028 459 4086 stuppa,
493 4027 852 4083 sarmentum;
883 4017 968 4072 hic
996 4033 1122 4073 vero
1153 4027 1360 4082 natura,
1388 4019 1602 4072 dolores
1635 4027 1835 4087 partus,

235 4107 539 4161 liberorum
595 4123 765 4174 amor,
812 4123 1094 4177 puerorum
1135 4107 1440 4162 concordia.
1490 4107 1604 4162 Non
1645 4108 1714 4161 ita
1765 4109 1838 4163 illi

234 4198 486 4266 iacentes
511 4200 560 4252 in
595 4201 712 4270 igne
739 4201 1050 4267 urebantur,
1085 4210 1243 4270 atque
1273 4200 1388 4256 htec
1415 4201 1484 4255 ob
1504 4216 1740 4255 amorem
1773 4202 1838 4254 li-

235 4289 500 4344 berorum
533 4291 805 4358 urebatur,
837 4292 930 4346 sed
963 4292 1031 4346 ob
1067 4293 1319 4362 pietatem
1351 4293 1629 4359 vincebat;
1658 4303 1713 4347 et
1742 4308 1838 4346 na-

237 4393 362 4435 tura
394 4398 516 4436 cum
544 4384 711 4452 gratia
754 4387 1038 4454 pugnabat,
1071 4397 1124 4440 et
1152 4386 1425 4442 victoriam
1457 4386 1624 4456 gratia
1655 4401 1842 4456 repor-

228 4474 394 4526 tabat
421 4487 436 4527 :
468 4475 658 4542 religio
687 4486 982 4529 maternum
1011 4476 1254 4532 affectum
1283 4478 1587 4548 superabat,
1619 4489 1673 4532 et
1703 4478 1840 4548 ignis

225 4567 426 4636 ignem
452 4567 723 4635 vincebat,
752 4569 1041 4639 spiritualis
1068 4572 1383 4636 naturalem,
1417 4587 1573 4640 quem
1604 4570 1840 4625 crudeli-

229 4667 322 4712 tas
377 4659 593 4727 tyranni
618 4659 988 4717 suecendemt.
1039 4662 1102 4715 Et
1135 4660 1271 4716 sicut
1304 4663 1542 4715 marinus
1569 4663 1838 4731 scopulus,

220 4753 327 4821 qui
383 4751 643 4807 fluctuum
702 4753 946 4809 incursus
985 4755 1200 4824 exeipit,
1247 4757 1360 4824 ipse
1402 4754 1614 4824 quidem
1662 4761 1848 4808 manet’

227 4843 563 4910 immobilis,
595 4845 714 4899 illos
740 4855 915 4900 autem
967 4847 1018 4900 in
1066 4861 1308 4915 spumam
1359 4845 1649 4900 dissolutos
1690 4843 1842 4900 facile

223 4936 381 4990 tollit
421 4955 434 4990 :
460 4936 538 4990 sic
569 4937 711 4993 illius
731 4953 938 5008 quoque
967 4939 1204 4993 mulieris
1228 4955 1321 4993 cor
1351 4949 1618 5006 tamquam
1649 4952 1840 5007 scopu-

223 5027 322 5082 hts
353 5028 602 5083 marinus
642 5029 834 5085 fluctus
862 5031 1130 5101 excipiens
1160 5030 1401 5085 dolorum
1442 5031 1704 5090 incursus,
1731 5029 1842 5096 ipsa

217 5119 465 5187 quidem
497 5122 694 5178 mansit
737 5123 977 5190 immota,
1027 5122 1120 5176 sed
1165 5123 1408 5177 incursus
1456 5122 1574 5174 illos
1601 5119 1751 5174 firma
1791 5126 1846 5172 et

217 5212 606 5280 philosophia:
635 5212 787 5283 plena
812 5223 987 5269 mente
1012 5214 1273 5269 dissolvit.
1302 5212 1596 5268 Ostendere
1621 5222 1845 5282 tyranno

209 5303 609 5360 cmitendebat
650 5320 710 5360 se
735 5322 860 5360 vere
886 5316 1110 5361 matrem
1159 5307 1366 5361 illorum
1390 5320 1529 5371 esse,
1559 5320 1682 5359 vere
1712 5303 1847 5358 filios

1499 317 1588 371 DE
1627 316 2054 374 MACCABAHS.
2102 320 2186 374 ill.

3401 331 3507 384 GIG

1921 434 2037 490 illos
2063 449 2187 490 suos
2218 449 2336 491 esse
2382 435 2659 506 genuinos,
2691 451 2796 490 non
2830 448 3046 508 propter
3081 448 3284 494 naturae
3309 456 3507 510 cogna-

1921 527 2141 592 tionem,
2187 527 2280 582 sed
2323 537 2541 598 propter
2563 527 2768 584 virtutis
2795 533 3228 588 communionem
3265 551 3278 588 :
3319 548 3421 586 non
3454 549 3512 586 se

1922 618 2094 687 ignem
2143 627 2552 686 tormentorum,
2601 621 2693 675 sed
2744 621 2911 677 facem
2953 623 3242 694 nuptialem
3287 639 3510 679 cernere

1920 708 2294 764 arbitrabatur.
2335 709 2450 765 Non
2491 710 2563 765 ita
2612 722 2800 775 mater,
2848 729 2966 781 qua:
3007 714 3144 768 filios
3195 713 3260 768 ad
3302 716 3512 784 nuptias

1921 809 2164 866 exornat,
2213 800 2444 868 l.t~tatnr,
2479 811 2537 854 ut
2568 802 2674 868 illa,
2715 819 2834 857 eum
2876 814 3120 860 cerneret
3159 808 3512 867 excruciatos,

1923 890 2216 960 gaudebat;
2247 900 2300 946 et
2327 893 2476 962 quasi
2515 893 2656 949 hunc
2705 895 2841 949 stola
2880 898 3113 966 Sponsali
3142 898 3402 964 amiciret,
3437 900 3512 953 illi

1923 997 2152 1037 coronas
2179 993 2435 1049 necteret,
2468 985 2620 1040 alteri
2663 987 2927 1044 thalamos
2973 990 3236 1059 nuptiales
3261 990 3515 1061 erigeret,

1926 1077 1993 1131 ita
2026 1078 2166 1132 hunc
2195 1079 2258 1133 ad
2291 1080 2510 1148 lebetes,
2541 1081 2688 1135 illum
2735 1083 2799 1136 ad
2846 1086 3143 1154 sartagines
3188 1095 3513 1146 currentem,

1925 1170 2085 1222 alium
2131 1172 2305 1240 capite
2354 1180 2651 1226 truncatum
2700 1189 2818 1227 cum
2865 1185 3147 1240 cerneret,
3197 1175 3516 1229 exsultabat.

1924 1261 2113 1316 Omnia
2138 1271 2248 1316 tum
2279 1262 2424 1318 fumo
2452 1265 2743 1334 nidorcque
2774 1266 3158 1332 redundabant,
3191 1282 3250 1320 ac
3277 1267 3520 1320 sensibus

1927 1353 2174 1408 omnibus
2222 1353 2418 1408 liberos
2462 1370 2588 1409 suos
2615 1357 2982 1424 experimento
3012 1357 3402 1427 cognoscebat,
3427 1372 3523 1425 per

1927 1445 2111 1500 oculos
2142 1459 2236 1499 eos
2273 1446 2502 1509 intuens,
2531 1461 2624 1514 per
2647 1462 2805 1501 aures
2843 1449 3001 1502 verba
3030 1448 3347 1512 exaudiens,
3393 1447 3522 1516 ipsis

1930 1537 2144 1591 naribus
2192 1536 2392 1590 fumum
2436 1537 2581 1590 illum
2613 1538 2850 1592 carnium
2892 1554 3107 1593 suavem
3153 1549 3206 1593 et
3250 1539 3520 1592 insuavem

1928 1627 2243 1695 excipiens:
2283 1627 2558 1682 insuavem
2602 1629 2814 1697 quidem
2858 1629 3180 1693 infidelibus,
3233 1630 3345 1684 Deo
3398 1643 3524 1684 vero

1931 1719 2136 1788 ipsique
2161 1719 2400 1773 omnium
2429 1719 2804 1774 suavissiruum
2830 1737 2843 1785 ;
2877 1719 3076 1774 fumqu
3119 1720 3290 1786 illum,
3315 1720 3402 1790 qui
3435 1736 3522 1773 ae-

1931 1826 2042 1864 rem
2072 1811 2284 1880 quidem
2318 1810 2518 1876 infecit,
2555 1811 2793 1866 mulieris
2819 1821 2995 1867 autem
3042 1824 3279 1867 mentem
3304 1827 3407 1866 non
3439 1813 3521 1866 in-

1932 1899 2075 1955 fecit.
2104 1901 2288 1956 Stabat
2317 1902 2456 1956 enim
2487 1912 2739 1956 constans
2759 1912 2812 1957 et
2842 1901 3145 1968 immobilis,
3175 1904 3375 1966 omnia,
3405 1920 3524 1972 qua:

1931 1993 2272 2061 gerebantur,
2320 1992 2582 2062 patienter
2613 1993 2808 2049 ferens.
2837 1993 2942 2048 Sed
2971 1994 3078 2063 jam
3108 2004 3315 2064 tempus
3341 2003 3442 2060 est,
3471 2003 3525 2048 nt

1937 2083 2094 2136 linem
2126 2083 2333 2137 dicendi
2384 2083 2662 2147 faciamus,
2691 2100 2799 2155 quo
2830 2087 3070 2156 pluribus
3109 2085 3182 2140 illi
3222 2085 3464 2140 laudibus
3493 2103 3522 2139 a

1934 2175 2203 2248 communi
2231 2175 2449 2230 doctore
2471 2175 2546 2248 (a)
2575 2177 2931 2231 cumulentur.

1992 2241 2224 2320 .Moralis
2265 2269 2546 2322 exhortatio
2575 2268 2644 2322 ad
2681 2269 3005 2323 imitationem
3030 2269 3226 2323 matris.
3261 2299 3336 2310 —
3371 2268 3519 2323 llanc

1938 2359 2212 2414 imitentur
2237 2369 2434 2429 patres,
2467 2361 2787 2416 :emulentur
2803 2371 3001 2416 matres
3024 2405 3038 2428 ,
3066 2369 3120 2418 et
3143 2361 3396 2416 mulieres
3425 2401 3440 2428 ,
3468 2370 3523 2414 et

1936 2452 2073 2515 viri;
2101 2453 2190 2522 qui
2223 2453 2274 2506 in
2308 2452 2608 2522 virginitate
2657 2454 2859 2520 vivunt,
2908 2463 2962 2509 et
3006 2455 3094 2525 qui
3131 2453 3301 2509 saccis
3346 2452 3525 2507 amicti

1938 2552 2083 2606 sunt,
2131 2554 2186 2598 et
2239 2545 2327 2614 qtti
2359 2547 2634 2614 torquibus
2676 2546 2924 2601 exornati
2957 2564 2970 2599 :
3003 2548 3340 2616 quantumvis
3383 2547 3525 2600 enim

1938 2647 2206 2690 austeram
2255 2637 2511 2690 fuerimus
2543 2638 2702 2690 vitam
2756 2637 2992 2707 amplexi
3033 2649 3086 2693 et
3113 2637 3524 2708 philosophiam,

1940 2730 2180 2784 mulieris
2220 2729 2554 2799 philosophia
2583 2731 2918 2785 tolerantiam
2967 2740 3201 2784 nostram
3235 2730 3520 2783 antecedit.

1938 2819 2126 2874 Nullus
2157 2821 2318 2889 igitur
2342 2834 2546 2886 eorum,
2581 2821 2669 2891 qui
2697 2820 2760 2874 ad
2789 2835 3052 2875 summam
3082 2820 3440 2874 fortitudinem
3461 2835 3525 2872 ae

1942 2914 2248 2982 patientiam
2274 2913 2631 2981 pervenerint,
2653 2913 2923 2983 indignum
2947 2914 3210 2968 existimet
3230 2911 3525 2967 confectam

1939 3005 2091 3059 senio
2115 3005 2391 3058 mulierem
2424 3006 2522 3060 sibi
2558 3007 2864 3076 magistram
2892 3005 3195 3060 adsciscere
3224 3021 3238 3069 ;
3289 3003 3383 3059 scd
3414 3021 3528 3057 om-

1956 3112 2058 3152 nes
2082 3098 2236 3151 simul
2265 3112 2499 3158 oremus,
2532 3100 2618 3168 qui
2647 3097 2802 3152 nrbes
2831 3098 3058 3151 incolitis
3077 3107 3130 3152 et
3155 3096 3244 3167 qui
3267 3098 3318 3150 in
3341 3096 3526 3150 deser-

1943 3190 2012 3244 tis
2037 3191 2318 3245 vcrs-unini
2349 3207 2363 3254 ;
2417 3192 2505 3260 qtti
2537 3188 2891 3260 virginitatem
2939 3191 3131 3256 colitis,
3177 3199 3230 3246 et
3255 3191 3342 3261 qui
3367 3191 3526 3244 castis

1941 3283 2142 3350 nuptiis
2170 3282 2443 3352 refulgctis‘
2471 3284 2592 3353 ;qni
2621 3283 2799 3337 szeculi
2832 3283 2988 3354 hujus
3015 3299 3102 3338 res
3128 3299 3312 3339 omnes
3336 3299 3526 3353 asper-

1945 3374 2163 3438 numini,
2199 3383 2250 3426 et
2279 3387 2476 3444 corpus
2496 3375 2834 3429 crucilixistis
2867 3392 2881 3428 :
2909 3383 2963 3428 ttt
2987 3375 3174 3430 eodem
3207 3390 3366 3429 cursu
3389 3389 3518 3429 con-

1943 3462 2084 3519 fecto
2132 3463 2378 3518 fiduciam
2426 3465 2669 3519 eamdem
2719 3481 2877 3535 quam
2910 3466 3022 3537 ipsa
3076 3465 3433 3526 obtineamus,
3465 3480 3527 3518 ac

1945 3571 2108 3624 prope
2131 3557 2297 3625 ipsum
2323 3556 2373 3609 in
2405 3556 2492 3610 die
2519 3556 2604 3610 illa
2631 3556 2985 3611 ctmsistamus
3009 3599 3024 3623 ,
3053 3565 3250 3610 sanetae
3277 3555 3521 3625 precibus

1944 3645 2062 3702 freti
2092 3647 2313 3717 ejusque
2359 3646 2670 3712 ltberorutn,
2700 3659 2754 3702 et
2781 3648 3038 3714 Eleazari,
3075 3647 3164 3717 qui
3193 3646 3414 3701 chorum
3447 3645 3514 3701 il-

1944 3738 2052 3792 lum
2092 3740 2348 3818 explevit,
2379 3739 2552 3810 magni
2577 3740 2929 3808 generosique
2957 3738 3124 3797 senis.
3149 3739 3235 3808 qui
3267 3735 3520 3791 adaman-

1945 3829 2111 3883 tinum
2140 3829 2375 3883 animum
2405 3830 2457 3883 iu
2491 3829 2730 3884 adversis
2760 3845 2866 3898 νη
2908 3844 2968 3883 se
3012 3829 3149 3882 tulit.
3185 3827 3236 3882 Id
3267 3842 3394 3882 vero
3425 3841 3525 3897 po-

1948 3920 2173 3975 terimus
2201 3921 2436 3990 assequi,
2468 3921 2512 3975 si
2536 3935 2635 3974 una
2650 3935 2773 3975 cum
2800 3922 2997 3974 sanctis
3022 3919 3228 3974 illorum
3262 3919 3526 3988 precibus,

1944 4013 2105 4067 etiam
2141 4028 2260 4082 qua:
2313 4020 2617 4065 nostrarum
2645 4019 2770 4064 sunt
2803 4011 3030 4078 partium
3061 4009 3400 4064 conferamus
3431 4048 3446 4071 ,
3476 4020 3531 4061 et

1945 4115 2067 4160 ante
2112 4105 2245 4160 bella
2289 4118 2552 4174 casusque
2587 4103 2841 4158 adversos
2870 4103 3018 4173 pacis
3049 4111 3290 4170 tempore
3317 4110 3530 4172 pertur-
3576 4113 3584 4158 '_

1945 4197 2187 4252 batioues
2229 4213 2348 4266 quat
2384 4195 2436 4250 in
2479 4195 2630 4248 nobis
2660 4205 2783 4248 sunt
2823 4195 3121 4259 vincamus,
3145 4193 3530 4261 incompositos
3593 4181 3595 4184 ’

1947 4287 2127 4341 carnis
2155 4286 2382 4340 insultus
2411 4299 2833 4353 compescamus,
2861 4284 3227 4353 suggilletnus,
3255 4291 3310 4337 et
3337 4283 3386 4335 in
3419 4297 3534 4335 Ser-

1944 4379 2168 4433 vitulem
2199 4391 2393 4445 corpus
2429 4376 2749 4445 redigamus.
2796 4374 2885 4431 Sic
2908 4375 3050 4429 enim
3094 4374 3202 4439 fiet,
3239 4385 3294 4427 nt
3330 4373 3442 4428 sive
3469 4373 3521 4426 in

1945 4481 2077 4540 pace
2105 4470 2263 4522 vitam
2297 4468 2651 4532 traducamus,
2686 4467 2990 4537 Splendidas
3019 4466 3418 4538 gymnasiorum
3438 4481 3531 4519 co-

1947 4577 2107 4616 ronas
2129 4562 2502 4627 obtineamus;
2531 4561 2664 4626 sive,
2693 4569 2750 4615 ut
2794 4560 2934 4616 idem
2959 4570 3229 4614 certamen
3255 4559 3533 4622 obeamus,

1948 4655 2180 4726 benigno
2231 4655 2342 4709 Deo
2376 4655 2548 4710 visum
2579 4653 2760 4718 fuerit,
2792 4654 2844 4707 in
2872 4668 3087 4707 arenam
3120 4652 3286 4723 parati
3310 4653 3536 4706 descen-

1947 4745 2152 4813 damus,
2183 4756 2236 4800 et
2266 4747 2500 4803 ca3lestia
2527 4747 2664 4801 bona
2689 4759 3081 4816 consequamur
3109 4761 3122 4798 :
3151 4759 3270 4814 qum
3302 4759 3399 4798 uos
3419 4756 3537 4798 0m-

1949 4855 2044 4894 nes
2087 4849 2143 4893 ut
2163 4839 2518 4905 obtineamus,
2543 4838 2858 4908 faxitgratia
2882 4848 2935 4893 et
2982 4837 3278 4906 benignitas
3327 4834 3539 4890 Domini

1951 4931 2119 4983 nostri
2151 4929 2275 4984 .lcsn
2297 4929 2518 4992 Christi,
2547 4944 2640 4998 per
2662 4943 2823 4998 quem
2849 4937 2904 4982 et
2922 4943 3045 4981 eum
3069 4941 3177 4996 quo
3195 4926 3332 4980 Patri
3348 4926 3538 4996 gloria,

1951 5020 2124 5075 honor
2145 5029 2200 5075 et
2230 5021 2532 5089 imperium,
2559 5035 2660 5072 una
2691 5035 2810 5073 cum
2838 5028 3024 5073 sancto
3061 5017 3283 5086 Spiritu,
3314 5031 3456 5072 nunc
3483 5026 3537 5072 et

1951 5127 2186 5184 semper,
2214 5122 2267 5168 et
2293 5113 2344 5166 in
2376 5112 2568 5167 sarcula
2599 5109 2944 5165 saeculorum.
2967 5110 3162 5165 Amen.

2019 5308 2094 5372 (a)
2127 5316 2194 5359 De
2210 5308 2432 5358 Flaviano
2451 5307 2680 5370 loquitur.

843 5401 3527 5431 ___________________________________________..___

1217 5469 1326 5540 1N
1377 5467 1840 5542 SANCTOS
1883 5431 2575 5540 MACCABJEOS.

1692 5606 2114 5662 «me

869 5725 1084 5765 ιιοιιιιιΑ
1122 5721 1202 5764 Ill.

301 5805 477 5862 Serti;
500 5804 739 5860 L'Ieaaari
766 5803 940 5858 laudes
968 5803 1205 5868 explicat.
1240 5832 1303 5842 σ-
1333 5798 1468 5856 Cum
1501 5809 1551 5857 et
1584 5798 1835 5867 martyri-

1959 5703 2056 5758 bus
2080 5702 2312 5758 debitam
2352 5718 2571 5773 operutn
2601 5695 3146 5758 commendationem,
3174 5702 3227 5748 et
3269 5691 3537 5747 redactam

1958 5798 2007 5852 in
2040 5799 2308 5865 angustias
2332 5790 2726 5851 multitudinem
2751 5789 2926 5860 video,
2955 5803 3039 5843 me
3071 5785 3226 5857 piget.
3252 5785 3527 5854 ριιυεὶτεῖίι
3555 5851 3577 5868 I
