4080 6196
527 319 630 376 i317

503 427 545 476 si
599 425 669 480 ita
723 425 957 492 videtur,
1001 425 1306 484 doctrinam
1351 427 1406 482 in
1437 428 1716 496 pra‘sentia
1758 427 2086 492 differamus,

503 517 702 570 imitari
733 531 860 571 vero
885 526 1174 588 martyrum
1220 517 1587 575 fortitudinem
1618 519 1944 575 Studeamus.
1977 521 2093 576 Pri-

511 621 628 660 mus
653 622 781 678 ergo
811 607 964 663 nobis
995 607 1282 664 Eleazarus
1302 611 1480 664 senior
1505 613 1558 666 in
1587 611 1818 667 medium
1849 613 2089 683 prodeat,

507 697 712 752 initium
743 698 1116 765 certaminum,
1151 701 1390 772 martyrii
1433 702 1859 770 fundamentum,
1895 705 2096 760 stadio-

509 804 623 844 rum
649 789 834 859 janua,
863 789 1192 846 fortitudinis
1234 793 1503 864 princeps,
1537 795 1832 851 tolerantiae
1859 812 2095 866 pnecur-

512 893 626 946 sor,
653 879 739 934 illa
762 881 985 936 canities
1008 881 1385 951 juvenescens,
1409 885 1736 943 Testamenti
1763 888 1953 944 veteris
1983 903 2100 959 pro-

513 979 796 1042 tomartyr,
820 973 1180 1044 apostolorum
1211 976 1468 1047 principis
1499 977 1642 1033 Petri
1671 979 1862 1051 imago.
1895 980 2100 1036 Deiecit

511 1072 564 1115 et
595 1062 874 1118 blandiens
897 1075 950 1119 et
975 1065 1138 1136 virgis
1163 1067 1376 1124 candens
1404 1068 1761 1138 adversarius,
1786 1087 1886 1128 nec
1916 1080 2093 1128 tamen

511 1153 814 1208 declamare
851 1155 1073 1224 destitit,
1105 1159 1195 1228 qui
1219 1159 1496 1228 suppliciis
1517 1160 1897 1218 divcxabalur:
1927 1164 2100 1219 stabat

512 1247 694 1301 senior
722 1265 827 1318 pra:
856 1250 1016 1303 nimia
1051 1261 1284 1308 tremens
1326 1262 1642 1321 senectute;
1685 1255 1907 1312 sedebat
1927 1257 2099 1314 minas

515 1353 578 1392 ac
621 1341 823 1394 cmdem
869 1341 1129 1396 anhelans
1178 1353 1433 1415 tyrannus
1460 1362 1476 1414 ;
1499 1355 1554 1402 ct
1577 1348 1666 1417 qui
1701 1349 1982 1412 tremebat.
2014 1366 2104 1406 ve-

515 1441 669 1500 getus
695 1433 822 1488 abiit
849 1449 863 1498 ;
897 1437 984 1506 qui
1013 1435 1223 1492 florenti
1250 1447 1406 1494 actate
1437 1439 1766 1508 lasciviebat,
1790 1443 1964 1498 victus
1983 1444 2104 1499 abs-

516 1523 679 1577 cessit
709 1541 722 1577 :
769 1525 943 1580 stabat
976 1527 1199 1584 canities
1223 1531 1547 1598 excruciata,
1575 1531 1836 1602 judicium
1881 1551 2104 1592 exerce-

517 1613 608 1668 bat
636 1629 756 1670 cum
800 1617 1118 1674 auctoritate
1153 1620 1408 1689 juventus
1455 1622 1694 1689 efferata,
1725 1634 1779 1680 et
1827 1626 2104 1682 victoriam

518 1707 744 1762 canities
789 1709 1113 1778 reportabat.
1141 1709 1186 1766 Ο
1215 1727 1408 1768 novum
1443 1729 1614 1784 genus
1636 1716 1874 1772 victoriae
1899 1718 1912 1772 ι
1937 1727 2106 1776 totum

521 1799 677 1853 simul
706 1801 1000 1856 exercitum
1042 1805 1265 1874 sagittas
1291 1822 1420 1862 arcu
1447 1809 1748 1866 mittentem
1775 1826 1940 1869 senex
1971 1831 2108 1872 unus

518 1891 826 1947 vulneratus
857 1894 908 1948 ir:
937 1895 1112 1966 fugam
1143 1901 1427 1955 convertit.
1461 1901 1576 1957 Non
1605 1905 1806 1974 patitur
1831 1923 1917 1962 me
1939 1906 2006 1962 ad
2023 1907 2112 1978 ju-

519 1995 713 2036 venum
741 1983 1108 2042 fortitudinem
1132 1989 1354 2060 gradum
1387 1991 1564 2050 facere
1585 1997 1935 2053 certaminum
1965 2000 2111 2055 senis

524 2076 864 2145 miraculum,
891 2079 986 2136 sed
1014 2090 1191 2139 tamen
1221 2101 1442 2144 necesse
1470 2098 1571 2156 cst,
1603 2097 1660 2144 ut
1684 2091 1752 2144 ad
1777 2106 1872 2147 eos
1895 2092 2000 2146 vim
2025 2093 2110 2147 af-

519 2167 756 2226 ferentes
783 2173 870 2228 isti
899 2189 1186 2246 pergamus
1217 2197 1230 2234 :
1265 2195 1388 2235 nam
1419 2189 1474 2236 et
1499 2182 1573 2237 illi
1605 2185 1892 2254 przcclaros
1917 2186 1986 2242 de
2031 2195 2112 2258 ty-

521 2277 690 2316 ranno
719 2265 1023 2336 triumphos
1049 2279 1278 2340 egerunt
1303 2289 1316 2326 :
1341 2288 1447 2328 non
1476 2274 1620 2328 enim
1656 2275 1838 2331 debuit
1860 2261 2112 2346 juventus

522 2353 700 2407 minus
751 2354 1039 2426 intrepida,
1093 2375 1253 2428 quam
1305 2363 1529 2419 canities
1573 2381 1852 2436 apparere.
1895 2367 2110 2438 Septem

431 2435 444 2506 ξ
523 2443 682 2512 igitur
710 2446 904 2503 deinde
925 2449 1150 2518 juvenes
1171 2467 1292 2508 cum
1321 2465 1542 2512 strenue
1566 2435 1930 2526 dimicassent,
1959 2435 2114 2516 coro-

525 2535 632 2588 nati
665 2546 810 2602 sunt,
857 2540 947 2609 qui
988 2556 1054 2595 ex
1086 2557 1192 2598 uno
1222 2554 1408 2602 ventre
1435 2547 1488 2601 in
1535 2548 1704 2604 aciem
1735 2566 1894 2606 unam
1921 2569 2112 2610 cucur-

521 2637 721 2683 rerant.
769 2629 824 2685 Si
853 2631 924 2687 ita
965 2633 1194 2702 videtur,
1233 2637 1392 2693 finem
1439 2638 1630 2696 faciam
1667 2641 1899 2710 dicendi,
1941 2661 1976 2700 ο
2002 2645 2116 2701 for-

523 2719 652 2774 tium
681 2731 974 2794 martyrum
1013 2725 1180 2782 fortes
1205 2729 1493 2786 saltatores
1525 2735 1540 2786 !
1587 2733 1716 2800 Sed,
1747 2745 1806 2790 ut
1848 2737 2111 2806 dicebam,

522 2823 729 2883 septem
783 2815 976 2873 deinde
1023 2821 1266 2876 coronati
1305 2831 1432 2879 sunt
1466 2823 1712 2894 juvenes,
1761 2829 1854 2899 qui
1887 2844 1954 2884 ex
2008 2847 2114 2886 uno

523 2917 710 2962 ventre
755 2908 808 2963 in
851 2912 1019 2968 aciem
1053 2929 1210 2970 unam
1238 2929 1629 2985 cucurrerant,
1679 2935 1779 2975 una
1829 2933 2110 2992 parentum

525 3001 876 3068 germanitate
903 3013 956 3060 ct
985 3007 1223 3062 moribus
1247 3012 1510 3078 exornati,
1537 3012 1678 3068 alius
1709 3025 1830 3083 post
1873 3016 2036 3071 alium
2061 3019 2114 3073 in

525 3102 797 3148 certamen
831 3095 1216 3168 irrumpebant.
1250 3100 1404 3158 Nunc
1432 3103 1559 3158 mihi
1587 3104 1652 3160 de
1688 3107 1860 3171 vobis,
1889 3123 1922 3164 ο
1951 3125 2114 3179 gene-

529 3185 659 3252 rosi,
709 3189 1076 3258 evangelium
1129 3191 1262 3248 illud
1309 3193 1508 3250 dictum
1555 3199 1960 3254 memorandum
2011 3209 2116 3266 est,

527 3277 713 3333 Beatus
757 3291 921 3334 venter
956 3285 1042 3354 qui
1087 3301 1172 3339 vos
1218 3291 1451 3358 portavit,
1499 3298 1545 3342 et
1579 3289 1734 3344 ubera
1775 3308 1890 3359 qua:
1915 3293 2119 3348 auxisti:

529 3369 683 3436 (Luc.
717 3372 805 3425 ll.
829 3371 944 3444 27).
977 3375 1202 3440 Quando
1226 3387 1404 3435 autem
1446 3381 1672 3438 uberum
1703 3397 1766 3438 ac
1792 3385 1992 3440 ventris
2019 3385 2118 3441 feci

529 3461 875 3532 nientionem,
924 3474 1132 3536 tempus
1179 3477 1281 3533 est,
1331 3480 1391 3526 ut
1437 3473 1506 3527 ad
1538 3471 1752 3530 fortium
1797 3474 2115 3532 bellatorum

528 3559 794 3609 transeam
827 3565 1050 3612 matrem
1085 3601 1098 3624 ,
1126 3576 1246 3632 qua:
1273 3562 1324 3617 in
1356 3579 1462 3618 uno
1489 3565 1686 3636 saepius
1717 3583 1944 3639 corpore
1973 3585 2115 3626 mor-

1260 311 1319 370 S.
1353 313 1628 372 JOANNIS
1660 313 2136 370 CHRYSOSTOMI
2177 315 2493 373 ARClllEl'.
2524 293 3058 375 CONSTANTI‘NOP.

3683 321 3792 380 62B

2200 440 2286 486 tua
2309 441 2413 498 est,
2444 431 2528 486 vel
2559 433 2734 502 potius
2757 448 2901 503 saepe
2923 442 3146 488 mactata
3177 443 3276 502 est,
3305 443 3356 490 et
3390 451 3457 491 ne
3489 438 3656 493 semel
3673 441 3790 508 qui-

2199 521 2320 577 dem
2349 523 2612 588 indoluit,
2641 523 2708 577 ad
2738 525 2910 588 illam,
2942 524 3180 595 inquam,
3214 526 3598 582 invulneratam
3628 531 3790 586 simul

2201 624 2256 670 et
2304 615 2485 670 multis
2537 617 2843 672 vulneribus
2885 619 3142 673 sauciam.
3168 619 3281 673 Non
3310 620 3380 674 ita
3415 619 3557 674 illam
3589 622 3796 691 primus

2202 706 2488 761 liberorum
2520 707 2882 777 perturbabat,
2914 723 3033 762 cum
3064 709 3131 763 ad
3157 723 3344 765 necem
3377 710 3694 776 traheretur,
3727 721 3789 766 ut

2201 799 2489 868 secundus,
2517 800 2604 870 qui
2627 800 2920 856 certamina
2943 815 3047 855 non
3075 801 3340 871 attigerat,
3363 807 3566 856 metum
3591 801 3792 857 affere-

2203 891 2294 946 bat
2325 908 2338 946 :
2369 889 2472 944 nan
2502 890 2570 944 ita
2597 889 2820 944 secundi
2851 905 3036 945 rursus
3061 890 3306 945 interitus
3335 890 3705 958 contristabat,
3735 899 3796 945 ut

2204 983 2344 1037 tertii
2375 981 2464 1036 filii
2489 983 2590 1035 vita
2619 980 2870 1044 terrebat,
2891 981 3044 1052 cujus
3067 981 3242 1036 adhuc
3257 993 3373 1037 erat
3399 981 3521 1036 finis
3541 982 3752 1052 ignoms
3779 999 3795 1036 :

2205 1073 2478 1144 perexigui
2511 1073 2666 1143 pretii
2708 1081 2826 1128 erat
2869 1072 2942 1126 illi
2995 1081 3050 1128 et
3091 1073 3299 1138 tertius,
3327 1082 3382 1127 et
3403 1081 3623 1143 quartus
3655 1073 3798 1126 ﬁlius

2201 1165 2494 1235 jugulatus,
2545 1179 2666 1220 cum
2713 1162 2946 1219 nondum
2992 1173 3137 1219 esset
3182 1165 3398 1234 quintus
3426 1165 3634 1218 occisus
3677 1181 3798 1219 :ne

2207 1257 2342 1312 sexti
2369 1257 2580 1327 quidem
2609 1271 2764 1310 casus
2793 1255 3178 1326 philosophiam
3208 1256 3325 1326 ejus
3349 1257 3616 1326 superavit
3647 1275 3662 1311 :
3707 1272 3802 1311 re.

2207 1351 2382 1406 stabat
2426 1350 2676 1419 deinceps
2723 1349 2937 1402 ultimus
2981 1347 3048 1403 ad
3087 1347 3376 1402 certamina
3407 1347 3686 1418 septimus,
3709 1347 3806 1418 ιιιιὶ

2209 1455 2502 1514 martyrum
2532 1441 2788 1496 citharam
2833 1449 3038 1510 septem
3079 1439 3398 1494 chordarum
3442 1439 3804 1510 compleret'.

2207 1533 2348 1608 Quid
2377 1533 2580 1603 igitur?
2607 1547 2673 1586 an
2699 1546 2816 1587 eam
2847 1541 2979 1587 tetas
3025 1531 3304 1584 immatura
3333 1530 3521 1584 ﬂexit?
3549 1545 3614 1583 an
3643 1529 3808 1583 indo-

2212 1627 2328 1693 luit,
2361 1641 2481 1680 cum
2513 1625 2610 1680 has
2651 1633 2853 1678 naturae
2897 1623 3149 1692 reliquias
3201 1621 3394 1677 auferri
3426 1621 3674 1676 videret?
3701 1622 3804 1676 Illa

2213 1728 2361 1774 certe
2389 1732 2610 1788 puerum
2641 1716 2706 1771 ad
2733 1723 2961 1771 mortem
2990 1716 3232 1786 urgebat,
3261 1715 3304 1769 si
3329 1714 3504 1768 minus
3531 1714 3804 1778 manibus,

2215 1811 2454 1868 consiliis
2481 1819 2678 1864 tamen.
2725 1807 2805 1862 Ne
2831 1821 3170 1872 coronarum,
3194 1821 3226 1858 ο
3273 1805 3368 1870 fili,
3399 1820 3678 1860 numerum
3701 1805 3810 1858 im-

2215 1905 2424 1959 minuas
2451 1921 2464 1956 :
2495 1909 2611 1957 esto
2653 1899 2924 1965 fratribus,
2955 1906 3014 1952 ut
3043 1907 3242 1967 partus,
3271 1897 3432 1952 etiam
3455 1897 3632 1952 socius
3659 1904 3812 1951 recte

2215 1995 2474 2051 factorum
2533 2011 2548 2048 :
2603 1992 2812 2062 imitare
2859 1991 3126 2045 actionum
3177 1988 3553 2042 communione
3603 1995 3812 2041 natura:

2217 2085 2649 2144 communionem
2673 2100 2688 2150 ;
2717 2081 2940 2138 ostende
2987 2090 3038 2136 te
3075 2094 3286 2145 eorum,
3309 2078 3398 2150 qui
3427 2077 3638 2132 mactati
3661 2087 3810 2144 sunt,

2217 2182 2380 2238 etiam
2423 2180 2476 2235 in
2521 2177 2780 2248 agonibus
2817 2175 3054 2230 fratrem.
3085 2172 3358 2243 Septimus
3397 2170 3526 2226 mihi
3556 2185 3586 2224 a
3611 2179 3806 2225 natura

2219 2283 2374 2330 natus
2417 2287 2476 2328 es
2521 2271 2684 2334 filius,
2732 2267 2988 2337 septimus
3035 2263 3163 2319 mihi
3205 2263 3272 2318 ab
3319 2263 3482 2317 animi
3533 2263 3814 2334 proposito

2219 2375 2421 2440 martyr
2447 2378 2674 2422 exorere
2705 2379 2718 2415 :
2747 2377 2814 2416 ne
2843 2359 3062 2423 efficias,
3106 2371 3139 2411 o
3169 2355 3265 2422 fili,
3293 2365 3350 2409 ut
3378 2355 3666 2408 liberorum
3689 2353 3816 2423 qui-

2219 2459 2341 2514 dem
2367 2464 2594 2528 septem,
2625 2469 2717 2510 sex
2747 2467 2875 2506 vero
2903 2458 3195 2520 martyrum
3227 2455 3398 2501 mater
3417 2443 3679 2515 appellor.
3709 2441 3816 2498 Ubi

2221 2568 2363 2608 nunc
2392 2592 2407 2618 ,
2449 2563 2654 2620 qureso,
2689 2554 2814 2600 sunt
2855 2543 2926 2598 illi
2952 2583 2966 2607 ,
2995 2541 3083 2611 qui
3128 2555 3195 2594 nc
3222 2539 3566 2609 pecuniarum
3595 2534 3818 2606 quidem

2221 2643 2517 2700 oblationes
2549 2641 2658 2694 Deo
2703 2633 3041 2707 largiuntur?
3071 2632 3286 2702 Septem
3320 2627 3479 2684 hodie
3507 2636 3722 2682 teneros
3749 2625 3818 2678 li-

2222 2736 2382 2792 beros
2409 2734 2474 2789 ad
2496 2731 2778 2788 Dominum
2805 2738 2974 2783 mater
2988 2723 3228 2788 adduxit,
3256 2737 3356 2776 nec
3373 2715 3815 2791 obtorpuit,'cum

2225 2826 2547 2884 sacrificium
2578 2839 2610 2879 e
2634 2821 2926 2876 visceribus
2965 2817 3076 2874 suis
3114 2815 3332 2871 offerret
3362 2830 3375 2866 :
3417 2819 3473 2865 at
3501 2809 3653 2864 multi
3683 2823 3820 2879 pau-

2223 2937 2408 2978 corum
2451 2919 2730 2974 obolorum
2757 2913 2914 2970 nobis
2943 2909 3208 2966 interdum
3239 2905 3562 2962 oblationem
3593 2899 3817 2956 sordide

2223 3013 2529 3071 conferunt.
2557 3009 2666 3064 Nos
2699 3017 2876 3062 autem
2905 3005 3014 3059 Deo
3037 3012 3092 3058 et
3133 3001 3430 3054 animorum
3469 3005 3522 3050 et
3555 2994 3816 3065 pecunia-

2224 3123 2341 3162 rum
2372 3115 2426 3161 et
2448 3115 2732 3172 corporum
2759 3097 3081 3154 oblationem
3103 3092 3409 3154 oﬂ'eramus,
3431 3086 3704 3142 Christum
3725 3100 3822 3139 su-

2233 3217 2325 3272 per
2351 3197 2532 3254 omnia
2578 3191 2966 3255 collaudantes,
3001 3187 3087 3242 cui
3131 3185 3298 3256 gloria
3351 3190 3407 3237 et
3453 3177 3820 3249 imperiumin

2226 3295 2420 3350 secula
2451 3289 2788 3347 satculorum.
2817 3286 3008 3340 Amen.

2293 3517 2306 3548 ¹
2351 3521 2400 3563 In
2426 3507 2616 3562 Montef.
2635 3508 2839 3572 legitur,
2863 3501 3103 3554 citharam
3139 3503 3324 3549 mutam
3363 3491 3638 3555 contplerel,
3659 3490 3822 3540 minus

2228 3586 2386 3628 recte.

525 3671 3815 3718 _________________________________________.

1091 3772 1210 3834 EX
1252 3773 1314 3834 S.
1360 3775 1668 3838 JOANNE
1711 3777 2222 3854 DAMASCENO,
2267 3777 2374 3838 DE
2419 3763 2910 3839 lMAGlNIBUS,
2956 3761 3107 3823 LIB.
3155 3755 3264 3820 IlI.

1337 3937 1518 3993 EDIT.
1563 3937 1626 3993 ll.
1671 3939 1731 3994 P.
1773 3938 2136 3995 MICHAELIS
2175 3936 2494 4005 LEQUIEN,
2545 3934 2606 3989 P.
2647 3932 2774 3998 384,
2805 3929 2848 3984 Τ
2913 3928 2954 3983 Ι.

1679 4077 1773 4150 ε.
1833 4079 2148 4172 Sotionis
2205 4073 2676 4170 Qbrpsostotni

1893 4251 1960 4296 IN
2001 4249 2409 4298 MACCABBOS.

607 4373 964 4446 Imperatoriae
987 4393 1253 4450 expressa:
1275 4379 1457 4452 figurae
1487 4395 1592 4436 non
1639 4395 1770 4436 auro
1792 4387 1994 4435 tantum
2023 4388 2116 4434 aut

533 4475 776 4537 argento,
799 4469 968 4524 aliave
983 4472 1211 4540 pretiosa
1231 4473 1451 4527 materia
1468 4473 1727 4542 fulgentes
1747 4471 2120 4541 reperiuntur;

541 4573 723 4614 verum
751 4559 910 4642 etiam
935 4561 988 4616 in
1009 4577 1117 4618 aere
1154 4561 1458 4618 fabrefacta:
1487 4563 1711 4618 formam
1733 4565 1976 4618 eamdem
2021 4563 2122 4617 im-

541 4664 778 4717 pressam
811 4651 1025 4709 habent.
1051 4654 1222 4725 Atque
1251 4656 1488 4713 materia:
1505 4655 1794 4711 discrimen
1823 4655 1954 4711 nihil
1995 4655 2128 4710 ima-

540 4741 676 4810 ginis
701 4742 867 4800 officit
917 4743 1182 4817 dignitati,
1217 4762 1390 4821 neque
1414 4763 1482 4807 ex
1508 4761 1574 4806 eo
1601 4746 1743 4820 quod
1773 4747 1864 4804 illa
1906 4745 2127 4819 majoris

2225 4378 2378 4450 pretii
2419 4375 2640 4432 materia
2688 4379 2919 4438 constet,
2973 4367 3212 4432 alterius,
3243 4378 3364 4436 quxe
3393 4376 3458 4418 ex
3507 4357 3828 4450 ignobiliora

2231 4448 2476 4528 conifecta
2514 4467 2600 4530 sit,
2644 4466 2872 4536 pretium
2912 4461 3166 4516 minuitur
3197 4477 3210 4512 :
3243 4455 3336 4512 sed
3363 4465 3552 4509 omnes
3573 4448 3834 4505 similiter

2235 4557 2575 4617 commendat
2637 4552 2977 4626 Imperatoris
3006 4551 3213 4614 forma;
3235 4546 3455 4620 ipsaque
3491 4557 3555 4596 ex
3589 4539 3840 4594 materiae

2233 4649 2538 4708 conditione
2561 4646 2694 4703 nihil
2735 4645 3032 4710 imminuta,
3065 4641 3204 4696 illius
3229 4636 3460 4709 pretium
3485 4629 3667 4697 efficit,
3709 4642 3844 4698 quae.

2234 4745 2352 4814 ejus
2375 4740 2574 4813 excipit
2609 4736 2918 4811 imaginem.
