4080 6196
239 275 348 330 69.7

239 393 296 445 τὸ
325 392 501 462 παρὸν
548 391 904 466 ὑπερθώμεθα
931 435 946 460 ,
979 397 1262 466 μιμεῖσθαι
1312 397 1368 452 δέ
1409 397 1798 468 σπουδάζωμεν

237 475 341 526 τῶν
363 474 652 547 μαρτύρων
674 477 766 531 τὸν
789 479 960 532 τόνον.
985 479 1192 533 Οὐκοῦν
1217 478 1430 551 πρῶτος
1455 480 1586 550 ἡμῖν
1615 479 1801 534 Ἐλεά-

237 555 398 627 ζαρος
419 559 448 610 ό
474 559 785 632 πρεσϐύτης
811 563 892 624 εἰς
934 560 1098 632 μέσον
1144 561 1344 633 ἡκέτω,
1372 564 1406 632 ἡ
1438 562 1547 615 τῶν
1576 560 1802 631 ἀγώνων

235 640 398 710 ἀρχὴ,
423 641 452 693 6
487 641 590 711 τῆς
623 644 927 714 μαρτυρίας
969 643 1238 714 θεμέλιος,
1263 643 1372 698 τῶν
1395 645 1736 715 σκαμμάτων
1767 646 1801 715 ἡ

237 723 393 795 θύρα,
421 723 522 796 τῆς
543 726 794 797 ἀνδρείας
812 729 841 780 ό
862 726 1122 799 ἀρχηγὸς,
1151 728 1252 798 τῆς
1274 728 1565 800 καρτερίας
1605 729 1633 782 6
1673 729 1804 801 πρό-

235 809 449 879 δρομος,
471 811 506 880 ἠ
536 811 802 876 νεάζουσα
825 811 1006 879 πολιὰ,
1028 814 1058 866 6
1077 812 1178 884 τῆς
1199 812 1442 876 Παλαιᾶς
1472 813 1802 885 πρωτόμαρ-

236 907 349 959 τυς,
379 893 412 961 ή
443 893 648 965 Πέτρου
679 893 774 948 τοῦ
805 895 1103 966 κορυφαίου
1125 893 1234 949 τῶν
1257 896 1568 950 ἀποστόλων
1603 896 1798 951 εἰκών·

236 974 405 1044 ἔκαμε
435 974 743 1031 κολακεύων
771 978 866 1032 καὶ
901 977 1180 1048 μαστιγῶν
1198 979 1227 1031 6
1264 977 1546 1048 πολέμιος,
1575 979 1672 1032 καὶ
1703 980 1804 1032 οὐκ

237 1055 510 1110 ἐπαύσατο
531 1059 840 1130 ρητορεύων
864 1061 892 1114 6
914 1059 1273 1131 κολαζόμενος
1294 1077 1307 1090 '
1329 1062 1568 1132 εἱστήκει
1587 1061 1804 1131 τρέμων

236 1143 262 1192 6
290 1139 604 1213 πρεσϐύτης
624 1142 728 1196 ὑπὸ
749 1144 844 1198 τοῦ
877 1144 1086 1215 γήρως,
1119 1143 1352 1213 ἐκάθητο
1381 1143 1438 1197 δὲ
1463 1143 1693 1214 ἀπειλῆς
1713 1144 1806 1197 καὶ

239 1223 395 1289 φόνου
424 1223 602 1277 πνέων
629 1227 658 1278 ό
682 1224 966 1298 τύραννος,
1001 1226 1096 1280 καὶ
1123 1227 1152 1280 6
1189 1225 1288 1298 μὲν
1316 1225 1534 1298 τρέμων
1561 1225 1804 1295 ἀπῆλθεν

237 1306 516 1377 ἀκμάζων,
551 1310 579 1361 6
602 1309 657 1363 δὲ
686 1311 931 1382 σφριγῶν
963 1309 1174 1382 ἀπῆλθε
1215 1311 1562 1380 νενικημένος
1581 1324 1594 1338 ⁸
1627 1310 1804 1381 εἱστή-

239 1407 318 1444 κει
352 1391 512 1445 πολιά
544 1393 999 1466 καταξαινομένη,
1057 1395 1270 1460 ἐδίκαζε
1310 1393 1367 1447 δέ
1425 1393 1612 1463 νεότης
1671 1391 1807 1464 μετά

236 1473 518 1538 αύθεντίας
539 1475 896 1548 ἀγριουμένη,
914 1480 1010 1531 καὶ
1029 1480 1093 1548 τῇ
1119 1477 1278 1550 πολιᾷ
1298 1477 1367 1530 τά
1392 1475 1494 1546 τῆς
1519 1476 1674 1544 νίκης
1695 1475 1807 1544 ἐγί-

236 1571 375 1610 νετο.
390 1557 454 1609 Ὠ
472 1557 671 1628 τρόπου
685 1561 1014 1632 νικητηρίων
1030 1560 1214 1614 καινοῦ
1232 1577 1246 1590 ·
1262 1560 1392 1630 ὃλην
1409 1558 1545 1629 ὁμοῦ
1564 1557 1806 1622 τοξεύου-

239 1658 336 1695 σαν
371 1643 629 1712 στρατιάν
668 1645 1004 1716 τυπτόμενος
1051 1639 1133 1707 εἷς
1177 1643 1443 1715 ἐτρέψατο
1463 1642 1662 1712 γέρων.
1692 1641 1806 1695 Οὐκ

237 1726 299 1795 ἐᾷ
330 1743 399 1796 με
427 1726 564 1798 πρὸς
591 1727 690 1798 τὴν
715 1727 825 1782 τῶν
856 1727 990 1782 νέων
1019 1728 1268 1800 ἀνδρείαν
1297 1726 1404 1781 τῶν
1434 1725 1528 1779 τοῦ
1555 1725 1808 1796 γέροντος

239 1808 413 1862 άθλων
441 1810 784 1880 μεταϐαίνειν
805 1813 866 1865 τδ
887 1811 1070 1884 θαῦμα
1089 1829 1104 1844 ο
1138 1810 1430 1883 πορευτέον
1471 1809 1515 1863 6‘
1545 1805 1637 1862 οὖν
1659 1810 1808 1880 ὅμως

239 1891 368 1960 ημῖν
416 1893 505 1946 ἐπ’
555 1895 750 1958 αὐτοὺς
777 1894 964 1948 τοῦτον
1005 1894 1394 1966 βιασαμένους·
1431 1891 1657 1963 λαμπρὰ
1699 1891 1808 1962 γὰρ

237 1975 330 2027 καὶ
363 1978 493 2048 παρ’
526 1977 753 2042 ἐκείνοις
803 1977 949 2031 κατά
1000 1977 1088 2032 τοῦ
1123 1979 1385 2049 τυράννου
1414 1976 1484 2030 τά
1533 1976 1768 2047 τρόπαια
1790 1990 1803 2003 ·

233 2058 294 2110 οὐ
331 2058 441 2130 γάρ
470 2059 660 2130 ἔμελλε
709 2060 900 2124 πολιᾶς
932 2061 1120 2133 νεότης
1165 2058 1577 2132 ἀτολμηροτέρα
1624 2061 1808 2128 φανεῖ-

237 2140 380 2196 σθαι.
426 2141 601 2196 Ἐπτά
626 2143 757 2212 γοῦν
805 2143 1003 2215 ἐφεξῆς
1035 2136 1412 2215 ἀριστεύοντές
1436 2142 1810 2212 ἐστεφάνωντο

235 2221 342 2277 νέοι
369 2225 434 2278 ἐκ
463 2227 592 2296 μιᾶς
615 2227 850 2297 γαστρὸς
881 2230 961 2291 είς
990 2228 1118 2298 μίαν
1145 2226 1444 2300 δραμόντες
1482 2225 1806 2298 παράταξιν.

234 2305 292 2358 El
321 2307 494 2372 δοκεῖ,
552 2309 854 2381 καταπαύω
877 2310 967 2364 τὸν
1015 2309 1194 2378 λόγον,
1247 2309 1480 2382 ἰσχυρῶν
1517 2307 1810 2381 μαρτύρων

237 2391 446 2461 ἰσχυροὶ
475 2393 745 2464 χορευταί.
787 2393 948 2459 Ἀλλ’,
977 2395 1114 2465 ὅπερ
1168 2393 1372 2464 ἔλεγον,
1421 2395 1561 2449 ἑπτά
1613 2393 1811 2463 ἐφεξῆς

231 2474 613 2543 ἀριστεύοντες
641 2474 1013 2546 ἐστεφάνωντο
1069 2477 1168 2532 νέοι
1203 2478 1268 2530 ἐκ
1305 2479 1432 2546 μιᾶς
1461 2476 1698 2547 γαστρὸς
1731 2476 1811 2538 εἰς

235 2556 368 2626 μίαν
396 2559 698 2630 δραμόντες
747 2559 1078 2634 παράταξιν,
1124 2562 1226 2632 μιᾷ
1265 2561 1434 2627 γόνων
1492 2560 1813 2630 ἀδελφότητι

233 2641 329 2695 καὶ
362 2642 550 2714 τρόπῳ
571 2644 992 2716 κεκοσμημένοι,
1014 2642 1172 2707 ἄλλος
1200 2645 1287 2696 ἐπ’
1303 2643 1446 2714 άλλῳ
1469 2646 1583 2707 τοῖς
1606 2643 1811 2712 ἀγῶσιν

230 2723 542 2793 ἐμϐάλλων.
600 2725 714 2779 Νῦν
767 2744 856 2798 μοι
909 2729 1006 2799 τῆς
1038 2727 1400 2796 εὐαγγελικῆς
1454 2725 1669 2796 ἐκείνης
1725 2727 1810 2793 ἐφ’

231 2807 389 2876 ὑμῖν,
411 2801 458 2862 ὦ
496 2813 751 2877 γενναῖοι,
795 2811 1194 2882 μνημονευτέον
1230 2810 1444 2881 φωνῆς·
1499 2809 1772 2876 Μακαρία
1795 2849 1810 2873 ,

231 2890 424 2961 φησὶν,
458 2892 498 2960 ὴ
523 2893 718 2947 κοιλία
751 2894 783 2962 ἡ
811 2893 1184 2958 ,βαστάσασα
1211 2892 1365 2964 ὑμᾶς
1386 2932 1402 2958 ,
1443 2893 1542 2947 καὶ
1565 2891 1808 2962 μαστοὶ.

232 2975 345 3042 οὓς
369 2975 726 3042 ἐθηλὰσατε.
781 2977 933 3031 Ἐπεὶ
963 2978 1018 3032 δὲ
1045 2979 1263 3049 μαστῶν
1277 2979 1378 3044 καὶ
1415 2976 1623 3040 κοιλίας
1647 2977 1813 3047 ἐμνή-

236 3058 396 3131 σθην,
427 3059 548 3132 ῶρα
578 3079 667 3132 μοι
695 3064 786 3116 καὶ
813 3063 948 3135 πρὸς
971 3062 1069 3134 τὴν
1088 3063 1193 3116 τῶν
1221 3061 1488 3133 ἀριστέων
1519 3061 1813 3115 διαϐαίνειν

241 3144 458 3218 μητέρα
508 3147 604 3219 τὴν
629 3149 688 3202 ἐν
725 3149 805 3203 ἐνὶ
855 3147 1067 3219 σώματι
1099 3147 1356 3212 πολλάκις
1401 3145 1774 3200 ἀποθανοῦσαν
1797 3162 1812 3177 ο

1512 279 1597 336 DE
1633 281 2073 342 MACCABASIS.
2114 282 2200 340 Ill.

3375 282 3478 336 (κδ

1906 399 2106 470 μᾶλλον
2142 399 2197 454 δέ
2221 394 2318 467 τὴν
2369 399 2626 460 πολλάκις
2655 396 2972 464 σφαγεῖσαν,
3027 393 3122 449 καὶ
3165 393 3298 465 μηδέ
3334 393 3481 459 άπαξ

1902 483 2217 554 ἀλγήσασαν
2235 498 2248 512 '
2276 482 2375 554 τὴν
2405 481 2646 554 ἄτρωτον
2675 478 2810 549 ὁμοῦ
2844 478 2938 530 καὶ
2963 476 3328 548 πολύτρωτον.
3366 478 3480 530 Οὐκ

1902 566 2196 638 ἐτάραττεν
2217 566 2386 636 αὐτὴν
2412 567 2440 618 6
2469 563 2682 636 πρῶτος
2708 562 2997 632 ἑλκόμενος
3023 562 3102 624 είς
3126 559 3355 614 θάνατον
3373 559 3483 614 τῶν

1905 649 2131 712 παίδων,
2172 649 2246 714 ώς
2276 648 2305 700 6
2333 647 2584 719 δεύτερος
2620 645 2845 717 μηδέπω
2872 643 2983 696 τῶν
3015 642 3242 711 ἀγώνων
3263 642 3482 714 ἁψάμε-

1902 750 1990 796 νος
2013 732 2223 786 ἐπτόει·
2247 733 2348 785 οὐκ
2370 731 2556 784 ἐλύπει
2587 728 2680 782 τοῦ
2713 729 2968 798 δευτέρου
2992 728 3153 780 πάλιν
3173 729 3206 799 ἡ
3232 726 3479 796 τελευτὴ,

1902 815 1978 878 ὡς
2010 817 2043 886 ἡ
2070 815 2162 868 τοῦ
2186 815 2370 886 τρίτου
2397 814 2586 876 παιδὸς
2606 812 2792 880 ἐφόϐει
2824 811 2938 881 ζωὴ
2971 810 3030 864 τὸ
3057 810 3230 882 πέρας
3257 809 3482 878 ἀγνοού-

1906 915 2064 968 μενον
2086 898 2313 968 ἐχουσα·
2343 896 2536 968 μικρὸς
2560 892 2627 967 ἦν
2651 896 2786 965 αὐτῇ
2814 895 2909 949 καὶ
2929 893 3113 964 τρίτος
3149 893 3243 947 καὶ
3286 891 3484 962 τέταρ-

1902 997 1992 1042 τος
2017 980 2491 1049 ἀποσφαττόμενος
2517 981 2668 1044 παῖς,
2690 978 2784 1030 τοῦ
2815 977 3069 1047 πέμπτου
3121 978 3286 1047 μήπω
3315 993 3484 1045 πεφο-

1902 1064 2160 1134 νευμένου
2186 1080 2202 1096 ο
2231 1064 2349 1116 οὐδὲ
2375 1062 2469 1116 τοῦ
2496 1063 2655 1116 ἕκτου
2693 1061 2753 1114 τὸ
2786 1061 2986 1132 πτῶμα
3016 1061 3114 1131 τὴν
3165 1061 3482 1130 φιλοσοφίαν

1905 1147 2154 1216 ἐνίκησεν
2173 1163 2188 1177 ο
2220 1147 2378 1218 ἔμενε
2398 1144 2580 1198 λοιπὸν
2608 1144 2913 1208 τελευταῖος
2957 1144 3092 1215 πρὸς
3113 1145 3241 1208 τοὺς
3266 1144 3482 1212 ἀγῶνας

1905 1231 1933 1282 6
1964 1229 2190 1301 ἕϐδομος
2209 1230 2236 1280 6
2261 1230 2361 1299 τὴν
2382 1227 2757 1297 ἐπτάφθογγον
2783 1226 2892 1280 τῶν
2921 1226 3211 1298 μαρτύρων
3237 1245 3299 1279 συ
3309 1227 3484 1296 μπλη-

1907 1311 2086 1386 ρώσας
2111 1311 2364 1382 κιθάραν.
2389 1312 2431 1363 Τ
2438 1309 2453 1362 ί
2491 1307 2583 1365 οὖν
2609 1327 2623 1376 ;
2658 1309 2992 1382 ἐπεκάμφθη
3027 1311 3104 1382 τῷ
3143 1311 3239 1380 τῆς
3270 1310 3484 1381 ἡλικίας

1904 1395 2090 1465 ἀώρῳ,
2116 1395 2421 1465 συνήλγησε
2445 1393 2550 1447 κᾶν
2571 1393 2651 1464 τῷ
2676 1393 2914 1464 λειψάνῳ
2937 1393 3039 1464 τῆς
3062 1392 3305 1463 φύσεως;
3339 1392 3484 1461 Αὐτὴ

1909 1480 2006 1550 μὲν
2026 1475 2118 1532 οὖν
2143 1478 2203 1531 τὸ
2225 1478 2433 1532 παιδίον
2467 1479 2603 1549 πρὸς
2624 1479 2716 1531 τὸν
2750 1478 2981 1532 θάνατον
3021 1476 3171 1541 ὤθει,
3205 1479 3252 1530 εί
3285 1477 3378 1530 καὶ
3411 1476 3485 1546 μὴ

1905 1567 2026 1627 ταῖς
2058 1563 2265 1634 χερσὶν,
2313 1562 2448 1616 ἀλλά
2507 1563 2627 1624 ταῖς
2686 1562 3034 1632 συμϐουλαῖς.
3081 1562 3171 1632 Μὴ
3203 1561 3479 1631 διακόψῃς,

1907 1647 2060 1717 φησι,
2092 1646 2216 1698 τῶν
2268 1645 2564 1714 στεφάνων,
2601 1639 2645 1697 ὦ
2671 1645 2881 1706 τέκνον,
2903 1644 2993 1696 τὸν
3014 1644 3244 1716 ἀριθμόν
3269 1661 3282 1675 ·
3327 1643 3486 1712 γενοῦ

1910 1729 2048 1800 μετά
2076 1727 2184 1782 τῶν
2213 1728 2416 1781 ὠδίνων
2441 1728 2536 1780 καὶ
2565 1727 2671 1781 τῶν
2699 1727 3138 1798 κατορθωμάτων
3179 1729 3290 1790 τοῖς
3336 1725 3486 1778 ἀδελ-

1909 1815 2028 1882 φοῖς
2059 1811 2310 1876 κοινωνός
2329 1829 2343 1845 ο
2381 1812 2620 1882 μίμησαι
2652 1811 2751 1882 τὴν
2781 1809 3066 1864 κοινωνίαν
3117 1808 3218 1879 τῆς
3272 1807 3485 1878 φύσεως

1907 1898 1973 1968 τῇ
1999 1895 2253 1967 κοινωνίᾳ
2283 1897 2382 1967 τῆς
2415 1895 2665 1967 πράξεως
2686 1912 2700 1927 ο
2735 1894 2905 1961 δεῖξον
2932 1893 3123 1947 σαυτὸν
3149 1891 3258 1945 τῶν
3289 1893 3490 1963 ἀνῃρη-

1912 1981 2088 2051 μένων
2117 1980 2210 2033 καὶ
2232 1981 2289 2032 ἐν
2327 1981 2439 2042 τοῖς
2461 1978 2781 2050 σκάμμασιν
2819 1977 3066 2046 ἀδελφόν.
3097 1975 3363 2046 Ἕϐδομός
3399 1993 3487 2045 μοι

1909 2068 2037 2130 παῖς
2061 2063 2286 2135 ἐτέχθης
2320 2063 2472 2135 παρά
2493 2064 2592 2135 τῆς
2623 2062 2860 2133 φύσεως,
2895 2060 3124 2132 ἐϐδομός
3156 2078 3245 2130 μοι
3280 2059 3491 2130 μάρτυς

1909 2147 2067 2218 γενοῦ
2100 2146 2254 2220 παρά
2289 2147 2390 2218 τῆς
2435 2146 2833 2221 προαιρέσεως·
2872 2145 2944 2216 μή
2976 2161 3042 2214 με
3067 2143 3278 2215 δείξῃς,
3317 2136 3362 2195 ὦ
3403 2142 3492 2192 τέο

1911 2250 2056 2297 κνον,
2090 2232 2294 2285 παίδων
2327 2248 2394 2302 με
2423 2229 2586 2293 ἐπτά,
2627 2227 2922 2300 μαρτύρων
2948 2227 3004 2280 δὲ
3057 2225 3116 2293 ἐξ
3149 2224 3491 2295 καλουμένην

1914 2317 2143 2390 μητέρα.
2177 2316 2287 2370 Ποῦ
2319 2332 2409 2386 μοι
2425 2313 2519 2367 νῦν
2545 2314 2594 2366 οἱ
2625 2311 2778 2385 [655]
2809 2311 2942 2384 μηδέ
2973 2311 3070 2374 τάς
3097 2313 3160 2363 ἐκ
3191 2309 3492 2380 χρημάτων

1910 2400 1988 2470 τῷ
2026 2398 2145 2470 Θεῷ
2171 2397 2486 2470 προσφοράς
2515 2393 3012 2467 προσκομίξοντεςς
3054 2392 3230 2446 Ἑπτά
3273 2391 3354 2462 τῷ
3392 2395 3491 2444 Ae-

1913 2483 2084 2555 σπότῃ
2120 2483 2358 2554 σήμερον
2395 2479 2591 2543 παῖδας
2628 2478 2869 2541 ἁπαλοὺς
2918 2478 3237 2548 προσήγαγε
3284 2477 3490 2547 μήτηρ.

1912 2567 2006 2620 καὶ
2022 2567 2121 2620 οὐκ
2153 2565 2453 2636 ἐνάρκησεν
2475 2567 2537 2616 ἐκ
2563 2561 2670 2615 τῶν
2697 2561 3022 2631 σπλάγχνων
3049 2560 3237 2613 θυσίαν
3257 2559 3494 2631 προσφέ-

1915 2667 2080 2721 ρουσα
2099 2667 2112 2681 ο
2145 2647 2330 2701 πολλοὶ⁵
2348 2647 2404 2700 δέ
2433 2648 2565 2717 ἡμῖν
2592 2644 2688 2698 καὶ
2716 2645 2846 2716 περὶ
2873 2643 3077 2698 ὀϐολῶν
3105 2646 3163 2697 ἐν
3195 2643 3371 2714 καιρῷ
3405 2661 3496 2713 μι-

1914 2733 2298 2806 κρολογοῦνται
2326 2729 2721 2803 προσκομιδήν.
2774 2729 2913 2782 Ἀλλ’
2949 2730 3108 2800 ἡμεῖς
3135 2728 3214 2799 τῷ
3257 2726 3375 2798 Θεῴ
3402 2727 3496 2780 καὶ

1911 2817 2099 2888 ψυχῶν
2151 2816 2245 2871 καὶ
2296 2814 2597 2888 χρημάτων
2649 2814 2742 2866 καὶ
2791 2813 3060 2883 σωμάτων
3120 2810 3495 2888 προσκομιδὴν

1917 2887 2377 2974 προσαγάγωμεν,
2426 2899 2519 2951 ἐπὶ
2573 2898 2707 2951 πᾶσι
2733 2895 3046 2963 δοξάζοντες
3081 2894 3336 2965 Χριστὸν,
3371 2887 3415 2960 ᾧ
3461 2893 3496 2964 ἡ

1917 2987 2045 3052 δόξα
2093 2988 2187 3040 καὶ
2228 2986 2289 3040 τὸ
2331 2984 2527 3057 κράτος
2572 2985 2652 3047 είς
2702 2983 2827 3048 τοὺς
2865 2981 3069 3046 αἰῶνας
3107 2980 3216 3035 τῶν
3261 2977 3493 3034 αἰώνων.

1933 3072 2123 3142 Ἀμὴν.

771 3657 842 3739 Τ
846 3652 997 3740 ΟΥ
1032 3652 1369 3739 ΑΓΙΟΥ
1407 3650 1907 3738 ΙίΞΑΝΝΟΥ
1943 3648 2172 3735 ΤΟΥ
2208 3642 3063 3735 ΧΡΥΣΟΣΤΟΜΟΥ.

1475 3843 1571 3907 Εἰς
1610 3840 1750 3906 τοὺς
1781 3842 2215 3907 Μακκαϐαίους.

310 4006 400 4060 Τὰ
425 4005 534 4059 τῶν
571 4003 862 4076 βασιλικῶν
916 4002 1290 4074 ἐκτυπώματα
1347 4001 1710 4071 χαρακτήρων
1755 4001 1817 4052 οὐ

1917 4001 2285 4069 χαρακτῆρος,
2317 3998 2436 4051 οὐδὲ
2457 3997 2719 4069 ἀμϐλύνει
2743 3997 2838 4067 τὴν
2875 3993 2979 4050 ἀπὸ
3013 3996 3121 4048 τῶν
3171 3993 3489 4066 κρειττόνων

234 4091 410 4159 μόνον
435 4091 495 4142 ἐν
526 4087 712 4161 χρυσῷ
755 4088 850 4142 καὶ
891 4087 1116 4158 ἀργύρῳ
1160 4086 1251 4140 καὶ
1298 4089 1418 4149 ταῖς
1467 4083 1822 4154 τιμιωτέραις
1918 4082 2264 4156 τιμὴνὴτῆς
2301 4081 2582 4145 ἐλάττονος
2627 4080 2848 4152 μετοχὴ,
2898 4077 3036 4134 ἀλλά
3069 4080 3247 4142 πάσας
3285 4080 3489 4149 ὁμοίως

234 4173 403 4237 ὕλαις
431 4173 582 4244 εὖροι
606 4190 692 4236 τις
711 4172 780 4226 ἂν
804 4171 1195 4240 διαλάμποντα,
1229 4169 1344 4224 ἀλλ’
1368 4171 1465 4241 ἤδη
1496 4171 1588 4223 καὶ
1613 4170 1672 4222 ἐν
1703 4167 1823 4238 χαλ-

234 4259 326 4329 κῷ
354 4259 456 4330 τὴν
480 4257 652 4328 αὐτὴν
679 4256 825 4310 ἐστιν
859 4255 985 4309 ἰδεῖν
1007 4254 1416 4326 χαραττομένην
1449 4254 1684 4325 μορφήν.
1716 4253 1823 4306 Καὶ

1916 4171 1945 4223 6
1971 4167 2246 4239 βασιλικὸς
2270 4163 2437 4229 τύπος
2483 4163 2754 4234 σεμνύνει,
2784 4163 2878 4218 καὶ
2911 4162 3060 4217 οὐδὲν
3090 4161 3197 4216 ἀπὸ
3229 4161 3326 4232 τῆς
3358 4162 3488 4231 ὕλης

1919 4251 2310 4326 ἐλαττούμενος
2382 4249 2716 4321 τιμιωτέραν
2781 4247 2877 4321 τὴν
2963 4243 3260 4317 δεχομένην
3323 4247 3487 4317 ἐργά-

237 4343 272 4410 η
306 4340 549 4414 διαφορά
585 4337 695 4394 τῶν
723 4338 862 4394 ὑλῶν
891 4338 952 4392 ού
985 4337 1303 4409 λυμαίνεται
1328 4337 1404 4409 τῷ
1434 4336 1705 4408 ἀξιώματι
1730 4333 1822 4389 τοῦ
1921 4338 2092 4404 ζεται.
