4080 6196
571 239 678 296 ι’ἓῦ
1264 237 1320 293 S.
1360 237 1644 293 JOANNIS
1681 237 1904 294 (ΣΙίῆϊὸ
1927 239 2164 294 -STOMI
2201 238 2525 296 ARCIHEP.
2567 241 3115 301 CONSTANTINOP.

3707 258 3816 312 630

586 393 3814 435 Ἦ

1185 540 1562 605 ΜΟΝΙΤΗΜ
1602 544 1710 606 AD
1755 544 2168 608 HOMILIAM
2214 548 2295 609 1N
2339 549 2694 611 SANCTAS
2737 552 3176 614 MARTYRES

629 707 874 764 Diximus
905 725 1068 777 supra
1117 710 1172 764 in
1205 707 1592 764 Admonitione
1635 707 1700 762 ad
1739 707 2028 764 liomiliam
2065 711 2134 768 de
2183 711 2508 768 Cmmeterio
2531 727 2594 768 ac
2619 712 2687 770 de
2707 713 2904 778 Cruce.
2939 730 3060 784 qua:
3113 717 3246 772 feria
3273 729 3426 775 sexta
3473 719 3814 780 Parasceves

557 800 737 855 habita
773 811 874 866 est,
901 817 1020 856 eam
1042 803 1230 872 viginti
1265 803 1454 856 diebus
1476 810 1600 856 ante
1625 800 1960 858 Concioncm
1987 808 2051 858 de
2073 805 2176 859 SS.
2207 805 2538 875 Martyribus
2572 806 2820 870 Bernice,
2849 807 3142 873 Prosdoce,
3171 821 3303 873 etc.,
3332 814 3570 870 habitam
3599 814 3806 880 fuisse.

554 896 620 949 a.l
663 894 920 963 illamque
951 893 1232 949 referenda
1267 909 1388 950 esse
1419 896 1590 963 prima
1623 896 1852 965 hujusce
1884 897 2166 954 comiouis
2204 899 2366 951 verba
2405 916 2416 952 :
2455 897 2706 952 Nondum
2738 900 2906 968 elapsi
2942 911 3066 954 um:
3101 902 3212 956 dies
3240 905 3424 973 viginti
3448 921 3512 958 ex
3539 923 3642 974 quo
3678 925 3798 962 me-

556 991 783 1043 moriam
822 989 1008 1044 Crucis
1051 991 1447 1046 celebravimus.
1478 989 1532 1044 Id
1579 1005 1706 1042 vero
1744 991 2098 1044 conﬁrmatur
2131 1005 2194 1043 ex
2232 991 2315 1043 his
2343 991 2504 1058 paulo
2549 1001 2667 1058 post
2691 994 3041 1061 sequentibus
3068 995 3249 1049 verbis
3293 1019 3305 1050 ;
3359 995 3488 1049 Tum
3523 1000 3794 1054 dicebam:

552 1080 812 1134 (Tanti-ivit
851 1091 1032 1150 partas
1078 1097 1265 1146 (creas,
1293 1091 1341 1136 et
1365 1092 1524 1135 recte:
1554 1081 1749 1150 ferreos
1776 1081 2049 1150 confregit.
2081 1079 2146 1134 Et
2175 1081 2350 1150 reipsa
2387 1083 2439 1135 in
2471 1082 2658 1136 eadem
2687 1085 2752 1137 de
2789 1083 2962 1139 Cruce
2991 1087 3212 1142 homilia
3247 1089 3300 1141 in
3335 1089 3419 1144 his
3453 1091 3584 1158 ipsis
3609 1095 3808 1162 expla-

553 1172 744 1225 nandis
781 1174 962 1227 verbis
1011 1188 1114 1226 non
1163 1189 1358 1242 parum
1407 1174 1748 1228 inmoratur.
1797 1173 1974 1243 Atque
2005 1175 2142 1228 adeo
2192 1173 2561 1244 explodendus
2607 1175 2694 1230 ille
2729 1176 3039 1232 Graecorum
3092 1179 3359 1243 calculus,
3398 1181 3494 1251 qui
3543 1192 3806 1251 putantes

553 1265 697 1316 illam
736 1261 929 1318 Crucis
959 1265 1275 1318 memoriam
1317 1265 1449 1319 nihil
1493 1266 1639 1320 aliud
1675 1281 1795 1320 esse
1826 1281 1990 1336 quam
2029 1264 2226 1320 festum
2266 1264 2626 1323 Exallationis
2650 1269 2709 1323 S.
2755 1267 2968 1336 Crucis,
2993 1270 3202 1326 decima
3230 1283 3420 1341 quarta
3449 1272 3795 1344 Septembris

549 1360 808 1414 celebrari
836 1362 1074 1426 solitum,
1113 1360 1308 1416 festum
1340 1373 1650 1418 sanctarum
1689 1362 1964 1426 Bernices,
1991 1373 2119 1427 etc.,
2152 1363 2341 1432 viginti
2383 1373 2502 1433 pust
2537 1365 2682 1418 illam
2711 1365 2926 1430 diebus,
2959 1367 3168 1422 scilicet
3183 1377 3375 1437 quarta
3403 1369 3490 1424 die
3523 1370 3788 1426 Octobris

548 1453 821 1508 celebrant
861 1472 874 1507 :
903 1470 1008 1509 nou
1046 1455 1387 1510 advel-tentes
1414 1457 1558 1510 illam
1597 1457 1664 1511 de
1690 1455 1864 1510 Cruce
1904 1455 2180 1510 homiliam
2219 1454 2270 1507 in
2302 1455 2389 1510 die
2427 1455 2758 1518 Parascevcs
2791 1459 2957 1514 biduo
2983 1469 3108 1514 ante
3137 1459 3343 1518 Pascha
3375 1462 3796 1530 pronuntiatam

563 1691 690 1700 ...ς-..υ-

691 1693 3790 1726 ...____.__..____._._________________________________________

1439 1847 1612 1936 ΕΙΣ
1649 1847 1854 1934 ΤΑΣ
1909 1847 2240 1936 ΑΓΙΑΣ
2283 1845 2860 1936 ΜΑΡΤΥΡΑΣ

659 2037 954 2102 Βερνίκην
981 2033 1076 2088 καί
1119 2033 1474 2104 Πρεσδόκην
1500 2035 1855 2105 παρθένους,
1897 2035 1995 2092 καί
2029 2037 2326 2106 Δομνίντιν
2363 2037 2476 2108 τὴν
2507 2038 2738 2109 μητέρα
2772 2039 2990 2106 αὐτῶν,
3025 2039 3226 2109 ὁμιλία
3267 2039 3729 2114 ἑτκωμιαστική.

613 2353 760 2408 α’.ού
769 2373 850 2408 πω
866 2355 1070 2409 εἴκοσιν
1086 2357 1190 2428 ήμέ
1199 2373 1296 2430 ρας
1316 2355 1510 2426 ἔχομεν
1529 2358 1762 2429 σταυροῦ
1787 2358 1975 2428 μνείαν
1991 2359 2112 2412 ἐπι-

541 2439 874 2501 τελέσαντες,
902 2441 999 2493 καὶ
1041 2440 1149 2494 ἰδοὺ
1187 2439 1480 2512 μαρτύρων
1512 2441 1702 2510 μνείαν
1735 2442 2109 2513 ἐπιτελοῦμεν.

2219 2359 2462 2432 ἐποίησε,
2493 2361 2586 2414 καὶ
2607 2359 2677 2413 τὰ
2701 2359 2899 2432 ἀσθενῆ
2937 2360 3132 2432 ισχυρὰ
3155 2359 3560 2414 κατεσκεύασεν
3589 2360 3618 2411 6
3637 2355 3804 2420 Θεὸς,

2218 2443 2558 2514 ἑκατέρωθεν
2585 2447 2719 2515 ἡμῖν
2745 2444 2960 2506 δεικνὺς
2997 2443 3163 2496 αὑτοῦ
3199 2443 3297 2514 τὴν
3345 2441 3610 2512 δύναμιν;
3655 2437 3805 2492 Ἀλλ’

547 2521 695 2586 Ιοζῖδες
727 2525 841 2586 πῶς
865 2525 1031 2594 ταχὺς
1064 2525 1091 2576 6
1113 2525 1324 2594 καρπὸς
1355 2523 1446 2578 τοῦ
1477 2523 1704 2578 Θανάτου
1730 2526 1821 2580 τοῦ
1847 2525 2113 2596 Χριστοῦ;

541 2605 605 2660 δι’
648 2608 822 2659 ἐκεῖνο
841 2607 900 2660 τὸ
917 2606 1184 2677 πρόϐατον
1213 2599 1374 2660 αὗται
1405 2609 1457 2660 αἱ
1481 2607 1739 2676 δαμάλεις
1761 2609 2078 2678 ἐσφάγησαν
2099 2624 2112 2639 ⁸

541 2693 605 2744 δι’
639 2692 846 2744 ἐκεῖνον
879 2690 969 2744 τὸν
997 2690 1166 2760 ἀμνὸν
1201 2691 1370 2744 ταῦτα
1418 2690 1486 2743 τὰ
1516 2690 1752 2761 Θύματα,
1804 2692 1872 2746 δι’
1900 2695 2116 2764 ἐκείνην

540 2781 638 2844 την
667 2775 855 2828 Θυσίαν
886 2768 1046 2828 αὗται
1083 2775 1140 2826 αἱ
1167 2773 1471 2846 προσ-φοραί
1495 2789 1508 2804 ·
1563 2773 1717 2828 οῦπω
1749 2777 1951 2830 εἴκοσιν
1983 2777 2117 2850 ἠμέ-

543 2877 642 2930 ρας
676 2859 890 2930 ἔχομεν,
911 2860 1004 2912 καὶ
1028 2857 1229 2920 εὐθέως
1258 2858 1317 2910 τὸ
1345 2858 1500 2924 ξύλον
1527 2858 1828 2930 ἐϐλάστησε
1845 2858 1938 2912 τοῦ
1964 2877 2118 2914 σταυ-

508 2998 510 3000 _
545 2937 638 3010 ροῦ
667 2943 732 2994 τὰ
754 2940 894 2995 καλὰ
919 2941 1026 2994 τῶν
1063 2937 1352 3012 μαρτύρων
1381 2941 1762 3012 βλαστήματαο
1791 2943 1963 2996 ταῦτα
2010 2945 2117 3016 γὰρ

539 3025 748 3078 ἐκείνου
763 3023 856 3077 τοῦ
879 3024 1107 3077 Θανάτου
1134 3023 1200 3076 τὰ
1224 3023 1642 3094 κατορθώματα.
1679 3027 1786 3078 Ἴδε
1809 3025 1986 3080 τοίνυν
2018 3025 2116 3098 τὴν

545 3107 812 3175 ἀπόδειξιν
836 3109 942 3162 τῶν
967 3110 1086 3162 τότε
1119 3109 1426 3180 εἰρημένων
1455 3108 1520 3160 δι’
1555 3109 1732 3162 αὐτῶν
1755 3111 1996 3180 σήμερον
2023 3111 2116 3163 ὲκ-

542 3193 838 3264 Εεϐηκυῖαν
857 3193 964 3245 τῶν
986 3193 1181 3263 ἐργων.
1214 3193 1347 3246 Τότε
1377 3193 1581 3260 ἔλεγον,
1631 3197 1680 3247 Σ
1685 3194 1982 3248 υνέκλασε
2007 3196 2118 3248 πύ-

540 3281 654 3342 λας
678 3275 931 3345 χαλκᾶς,
963 3277 1061 3330 καὶ
1087 3277 1360 3344 μοχλοὺς
1404 3276 1694 3344 σιδηροῦς
1731 3277 2076 3333 συνέθλασε
2099 3297 2112 3311 ·

544 3361 784 3430 σήμερον
809 3357 980 3411 ταῦτα
1015 3357 1288 3433 δείκνυται
1313 3359 1401 3412 διὰ
1433 3359 1540 3410 τῶν
1567 3359 1764 3430 ἔργων.
1813 3361 1874 3413 Et
1901 3359 2008 3430 γὰρ
2041 3361 2114 3433 μὴ

542 3443 838 3496 συνέκλασε
870 3443 966 3505 τὰς
999 3431 1174 3506 τὲύλας
1203 3443 1300 3506 τὰς
1332 3443 1676 3512 χαλκᾶς,ούκ
1707 3442 1771 3495 ἂν
1799 3431 2116 3514 κεκλεισμέέ

541 3543 644 3578 νων
668 3526 845 3579 αὐτῶν
869 3526 1170 3596 ἐτόλμησαν
1199 3528 1254 3578 αἱ
1289 3527 1544 3593 γυναῖκες
1573 3525 1714 3578 οὕτω
1757 3525 1952 3596 ῥᾳδίως
2008 3529 2118 3579 εἰσ-

539 3609 712 3664 ελθεῖν
729 3627 741 3640 ο
769 3612 818 3663 εί
849 3611 922 3682 μὴ
953 3609 1242 3664 συνέθλασε
1267 3609 1358 3662 τὸν
1391 3608 1583 3680 μοχλὸν
1595 3608 1692 3661 ,τὸν
1717 3609 1832 3680 σιδη
1843 3609 1989 3679 ροῦν,
2016 3611 2115 3664 οὐκ

543 3696 608 3748 ἂν
631 3696 687 3748 αί
721 3694 982 3764 παρθένοι
1031 3695 1258 3765 ἴσχυσαν
1292 3692 1452 3746 αὑτὸν
1499 3691 1824 3760 ἀφελέσθαι·
1875 3695 1923 3746 εί
1959 3692 2118 3764 μὴτὸ

538 3778 907 3848 δεσμωτήριον
935 3778 1205 3850 ἄχρηστον
1235 3776 1508 3840 ἐποίησεν,
1536 3776 1635 3828 οὐκ
1659 3775 1723 3828 ἂν
1752 3779 1890 3845 μετὰ
1919 3777 2118 3830 τοσαύ-

538 3879 637 3932 της
667 3861 851 3924 ἁδείας
877 3860 1124 3931 εἰσῆλθον
1158 3861 1214 3914 αἱ
1243 3859 1536 3930 μάρτυρες.
1564 3859 1868 3929 Εὐλογητὸς
1901 3861 1930 3913 6
1959 3861 2113 3928 Θεὸς,

539 3942 678 4014 γυνὴ
701 3941 928 3996 Θανάτου
969 3942 1319 4012 κατατολμᾷ,
1351 3941 1547 4012 γυνὴὴ
1603 3941 1832 3996 Θάνατον
1892 3944 1966 4008 είς
2019 3945 2117 4017 τὴν

539 4025 682 4097 ζωὴν
713 4025 1080 4096 εἰσαγαγοῦσα
1117 4025 1214 4095 τὴν
1253 4025 1561 4096 ἡμετέραν,
1589 4025 1648 4078 rb
1689 4025 1914 4079 παλαιὸν
1957 4028 2120 4082 ὅπλον

541 4111 631 4162 τοῦ
682 4109 950 4172 διαϐόλου,
999 4109 1156 4163 τοῦτο
1207 4109 1302 4161 τοῦ
1357 4107 1604 4162 διαϐόλου
1665 4110 1968 4180 κατήνεγκε
2016 4111 2119 4182 τὴν

543 4191 724 4260 ἰσχύν*
750 4194 813 4245 τὸ
845 4193 1038 4258 σκεῦος
1065 4192 1126 4245 rb
1157 4192 1380 4255 ἀσθενὲς
1420 4195 1513 4246 καὶ
1543 4191 1944 4262 εύεπηρέαστον
1961 4193 2119 4247 τοῦτο

539 4273 760 4340 γέγονεν
817 4275 979 4328 ὅπλον
1031 4274 1474 4342 ἀκαταγώνιιστον
1495 4291 1509 4305 ·
1571 4278 1826 4343 γυναῖκες
1884 4275 2116 4329 Θανάτου

541 4356 924 4425 κατατολμῶσι
945 4373 960 4387 ·
984 4356 1066 4419 τίς
1093 4359 1192 4410 ούκ
1221 4359 1286 4410 ἂν
1309 4357 1608 4426 ἐκπλαγείη
1629 4375 1642 4422 ;
1670 4358 2120 4428 Αίσχυνέσθωσαν

542 4439 826 4508 Ἕλληνες,
855 4439 1386 4505 ἐγκαλυπτέσθωσαν
1421 4441 1662 4493 Ἰουδαῖοι
1695 4443 1746 4493 οἱ
1777 4442 2120 4494 διαπιστοῦν-

539 4539 631 4586 τες
659 4525 723 4592 τῇ
758 4521 1054 4574 ἀναστάσει
1084 4521 1179 4574 τοῦ
1207 4522 1460 4593 Χριστοῦ.
1501 4523 1565 4575 Τί
1621 4524 1725 4594 γὰρ
1764 4526 1968 4595 μεῖζον,
1998 4525 2118 4581 είπέ

546 4621 656 4672 μοι,
693 4605 875 4674 ζητεῖς
921 4607 1147 4674 σημεῖον
1180 4605 1278 4674 τῆς
1313 4607 1663 4669 ἀναστάσεως
1719 4608 1954 4679 ἐκείνης,
1990 4609 2120 4664 ὅταν

545 4687 657 4760 ίδῃς
687 4688 952 4760 τοσαύτην
987 4689 1316 4759 μετάστασιν
1345 4689 1685 4760 πραγμάτων
1709 4693 2116 4764 γεγενημένην;

542 4772 805 4837 Γυναῖκες
839 4773 1068 4827 Θανάτου
1098 4771 1501 4843 κατατολμῶσι,
1538 4773 1864 4844 πράγματος
1895 4775 1990 4829 τοῦ
2026 4779 2118 4831 καὶ

543 4856 798 4928 ἀνδράσιν
823 4857 1000 4926 ἁγίοις
1055 4857 1160 4928 πρδ
1187 4856 1378 4910 τούτου
1431 4857 1662 4929 φοϐεροῦ
1693 4859 1786 4911 καὶ
1815 4861 2119 4931 φρικώδους

542 4941 714 5005 ὗντος.

611 5026 766 5079 Μάθε
797 5027 978 5080 τοίνυν
999 5025 1162 5080 αὐτοῦ
1182 5027 1274 5080 τὸν
1303 5026 1615 5098 ἔμπροσθεν
1644 5027 1828 5097 φόϐον,
1878 5029 1966 5083 ἵνα
1994 5031 2117 5086 ίδὼν

545 5113 709 5166 αὑτοῦ
739 5113 836 5181 τὴν
859 5111 955 5164 νῦν
983 5112 1412 5184 καταφρόνησιν,
1447 5111 1736 5184 Θαυμάσῃς
1769 5114 1859 5167 τὸν
1889 5115 1990 5184 τῆς
2023 5133 2119 5185 μερ-

541 5195 962 5266 ταϐολῆςαετιον
981 5196 1114 5248 Θεόν
1130 5214 1142 5227 ·
1173 5195 1310 5268 μάθε
1331 5196 1496 5249 αὑτοῦ
1521 5196 1620 5268 τὴν
1641 5199 1913 5270 προτέραν
1940 5199 2113 5270 ἰσχὺν,

543 5283 631 5336 ἵνα
662 5279 848 5352 μαθὼν
877 5279 1044 5332 αὐτοῦ
1071 5279 1171 5350 τὴν
1209 5279 1304 5332 νῦν
1351 5279 1664 5344 ἀσθένειαν,
1715 5282 2120 5355 εύχαριστήσῃς

541 5363 621 5435 τῷ
647 5363 830 5417 τέλεον
855 5362 1016 5416 αὐτὸν
1041 5362 1414 5434 ἐκνευρίσαντι
1437 5363 1678 5434 Χριστῷ.
1703 5365 1870 5418 Οὐδὲν
1904 5365 2122 5436 ἰσχυρό-

545 5464 702 5520 τερον
735 5446 943 5500 ἐκείνου
974 5445 1033 5499 rb
1056 5445 1341 5516 πρότερον,
1365 5447 1638 5517 ἀγαπητὲ,
1664 5447 1757 5500 καὶ
1779 5448 1936 5500 οὐδὲν.
1959 5449 2122 5501 ἀσθε-

547 5533 800 5602 νέστερον
829 5531 985 5603 ἡμῶν
1003 5547 1017 5562 ·
1046 5531 1181 5584 ἀλλὰ
1213 5530 1307 5583 νῦν
1335 5531 1486 5582 οὐδέν
1535 5533 1681 5583 ἐστιν
1731 5529 2120 5600 ἀσθενέστερον

550 5612 780 5678 ἐκείνου,
804 5615 898 5666 καὶ
931 5613 1082 5668 οὐδὲν
1116 5614 1460 5684 ίσχυρότερον
1478 5613 1654 5682 ἡμῶν.
1681 5609 1835 5678 Εἶδες
1860 5613 1976 5676 πῶς
2001 5615 2120 5684 ἀρί-

559 5712 654 5766 στη
690 5699 724 5766 ἡ
763 5698 1086 5768 μετάστασις
1131 5698 1355 5766 γέγονες
1394 5695 1511 5759 πῶς
1564 5696 1631 5749 τὰ
1676 5695 1873 5769 ἰσχυρὰ
1918 5696 2118 5769 ἀσθενῆ

2219 2527 2305 2580 ἵνα
2337 2528 2411 2598 μὴ
2443 2527 2600 2598 μόνον
2621 2528 2896 2596 ἀπόφασις
2987 2528 3056 2580 τὰ
3077 2526 3370 2598 λεγόμενα,
3415 2525 3510 2579 καὶ
3529 2525 3630 2594 τὴν
3655 2521 3804 2576 ἀπό-

2217 2607 2381 2674 δειξιν
2403 2609 2609 2678 ἐπάγω.
2639 2611 2770 2674 Καὶ,
2793 2613 2841 2664 εί
2869 2609 3037 2675 δοκεῖ,
3065 2609 3281 2682 πρῶτον
3306 2611 3482 2664 ἐκεῖνο
3509 2609 3808 2677 δείξωμεν,

2219 2691 2336 2756 πῶς
2365 2691 2654 2760 ἐφοϐοῦντο
2686 2693 2847 2746 αὑτὸν
2874 2692 3182 2764 ἔμπροσθεν
3215 2694 3314 2763 οὐχ
3347 2689 3666 2763 ἁμαρτωλοὶ
3703 2690 3808 2759 μό-

2218 2792 2327 2836 νον.
2355 2775 2489 2830 ἀλλὰ
2513 2777 2608 2830 καὶ
2630 2777 2777 2845 ἆγιοι
2801 2775 2898 2830 ἄνθ
2910 2793 3080 2848 ρωποι
3105 2777 3305 2846 πολλὴν
3329 2775 3643 2848 παρρησίαν
3661 2775 3810 2846 πρὸς

2217 2860 2306 2913 τὸν
2355 2859 2486 2914 Θεὸν
2531 2859 2684 2934 [655]
2734 2860 2966 2931 ἔχοντες,
3030 2859 3139 2914 ἀπὸ
3215 2859 3652 2932 κατορθωμάτων
3707 2874 3808 2910 κο-

2221 2942 2449 3012 μῶντες,
2487 2942 2585 2996 καὶ
2620 2943 2803 2996 πᾶσαν
2854 2941 3176 3006 ἐπελθόντες
3229 2944 3449 3015 ἀρετήν.
3503 2941 3690 2994 Ταῦτα
3747 2939 3806 2994 δὲ

2216 3025 2484 3096 δείκνυμι,
2514 3027 2611 3096 οὐχ
2656 3027 2742 3080 ἵνα
2785 3025 3149 3096 καταγνῶμεν
3177 3025 3282 3080 τῶν
3326 3026 3518 3094 ἁγίων,
3557 3025 3674 3078 ἀλλ’
3715 3025 3810 3078 ἵνα

2219 3108 2591 3178 Θαυμάσιομεν
2618 3109 2712 3162 τοῦ
2743 3109 2878 3163 Θεοῦ
2902 3111 3001 3181 τὴν
3019 3109 3271 3180 δύναμιν.
3303 3109 3472 3162 Πόθεν
3499 3105 3592 3162 οὖν
3615 3107 3807 3176 δῆλον,

2217 3191 2298 3244 ὅτι
2328 3191 2556 3261 φοϐερὸν
2571 3191 2665 3244 τοῦ
2684 3189 2914 3244 Θανάτου
2939 3191 2997 3244 τὸ
3018 3193 3358 3262 προσωπεῖον
3377 3185 3444 3261 ἦν
3465 3190 3571 3262 πρδ
3585 3190 3806 3252 τούτου,

2217 3275 2311 3328 καὶ
2330 3275 2528 3338 πάντες
2549 3275 2710 3328 αὐτὸν
2725 3275 3137 3346 ἐπεφρίκεισαν,
3158 3274 3250 3327 καὶ
3271 3275 3500 3345 ἔτρεμον
3519 3293 3533 3340 ;
3551 3273 3686 3326 Ἀπὸ
3709 3274 3810 3326 τοῦ

2219 3357 2556 3427 πατριάρχου
2584 3356 2822 3427 πρώτου.
2857 3356 2917 3410 Ὀ
2945 3355 3054 3427 γὰρ
3095 3357 3344 3427 Ἀϐραὰμ
3381 3359 3410 3410 6
3431 3357 3806 3427 πατριάρχης.
3839 3392 3858 3412 -,

2217 3442 2245 3492 6
2273 3440 2499 3504 δίκαιος,
2534 3442 2562 3493 ὁ
2589 3439 2683 3492 τοῦ
2713 3438 2846 3492 Θεοῦ
2877 3440 3028 3508 φίλος
3048 3481 3061 3502 ,
3098 3442 3126 3492 6
3175 3439 3406 3510 πατρίδα
3444 3441 3604 3510 ἀφεὶς
3628 3482 3643 3505 ,
3711 3439 3814 3492 καὶ

2217 3523 2412 3579 οἰκίαν,
2437 3523 2530 3574 καὶ
2553 3526 2852 3592 συγγενεῖς,
2879 3524 2974 3576 καὶ
3019 3523 3234 3594 φίλους,
3269 3525 3363 3577 καὶ
3385 3523 3600 3576 πάντων
3635 3523 3814 3594 ὑπερ-

2220 3605 2342 3660 ιδὼν
2363 3605 2470 3658 τῶν
2486 3607 2768 3676 παρόντων
2796 3607 2883 3660 διὰ
2900 3607 2960 3661 rb
2989 3607 3318 3679 πρόσταγμα
3339 3608 3433 3660 τοῦ
3450 3607 3609 3672 Θεοῦ,
3632 3607 3812 3671 οὕτως

2218 3687 2472 3742 ἐδεδοίκει
2505 3689 2601 3742 καὶ
2630 3689 2878 3758 ἐφοϐεῖτο
2905 3690 2994 3743 τὸν
3024 3689 3272 3755 θάνατον,
3309 3689 3384 3753 ὡς
3413 3692 3492 3753 είς
3521 3689 3619 3758 τὴν
3641 3691 3814 3758 Αἴγυ-

2219 3789 2350 3824 πτον
2379 3771 2606 3825 εἰσιέναι
2653 3771 2862 3843 μέλλων
2903 3774 3079 3826 εἰπεῖν
3115 3773 3248 3845 πρὸς
3294 3773 3390 3842 τὴν
3421 3775 3656 3840 γυναῖκα
3715 3771 3814 3842 τὴν

2218 3855 2408 3909 ἐαυτοῦ
2431 3856 2604 3910 ταῦτα
2625 3873 2639 3886 ·
2667 3855 2956 3910 Γινώσκω
3001 3857 3090 3910 ὅτι
3125 3856 3280 3926 γυνὴ
3317 3858 3722 3925 εὐπρόσωπος
3757 3853 3814 3910 εἴ

2217 3941 2298 3993 σύ
2319 3957 2331 3970 ·
2361 3940 2533 3993 ἔσται
2565 3935 2679 3995 οὖν
2707 3940 2788 4008 ὡς
2808 3939 2885 3992 ἂν
2914 3940 3088 3995 ἴδωσί
3129 3957 3204 3995 σε
3251 3945 3306 3995 οί
3337 3942 3670 4010 Αἰγύπτιοι,
3735 3941 3810 3995 σὲ

2213 4023 2330 4092 μὲν
2358 4023 2871 4091 περιποιήσονται,
2900 4023 3006 4093 ἐμὲ
3033 4023 3102 4077 δὲ
3123 4025 3550 4079 ἀποκτενοῦσι.
3583 4025 3652 4077 Τί
3679 4021 3807 4089 σῦν;

2218 4105 2368 4160 Εἰπὲ
2397 4105 2485 4160 ὅτι
2521 4105 2757 4176 ἀδελφὴ
2796 4106 2984 4161 αὐτοῦ
3012 4109 3159 4176 ειμι,
3195 4103 3396 4170 ἵνα,εὗ
3421 4125 3522 4177 μοι
3559 4111 3808 4177 γένηται

2218 4189 2316 4244 διὰ
2345 4189 2440 4258 σὲ,
2467 4192 2566 4244 καί
2593 4191 2830 4258 ζήσεται
2866 4193 2902 4260 ἠ
2935 4191 3105 4262 ψυχή
3137 4210 3258 4263 μου
3295 4192 3504 4246 ἕνεκεν
3543 4191 3684 4246 σοῦ.
3744 4189 3812 4246 Τί

2217 4275 2397 4336 τοῦτο,
2421 4269 2467 4328 ὦ
2497 4276 2617 4344 ἅγιε
2651 4277 2742 4329 καὶ
2774 4277 3126 4348 πατριάρχα;
3171 4277 3434 4347 περιορᾷς
3481 4275 3542 4328 τὸ
3581 4275 3812 4343 γύναιον

2220 4357 2599 4429 ὑϐριζόμενον,
2631 4361 2725 4413 καὶ
2752 4359 2850 4431 τὴν
2873 4361 3035 4430 εὐνὴν
3059 4359 3446 4429 ἀδικουμένην,
3473 4361 3568 4413 καὶ
3587 4361 3682 4412 τὸν
3709 4359 3816 4428 γά-

2223 4459 2322 4512 μον
2369 4443 2823 4513 διορυττόμενον;
2883 4441 3026 4494 οὕτω
3061 4441 3327 4504 δέδοικας,
3375 4441 3496 4494 είπὲ
3560 4459 3678 4512 μοι,
3719 4443 3814 4495 τὸν

2221 4525 2486 4590 θάνατον;
2536 4527 2597 4578 οὐ
2636 4527 2898 4598 περιορᾷς
2927 4526 2984 4577 δὲ
3041 4525 3222 4595 μόνον,
3259 4523 3398 4576 ἀλλὰ
3430 4524 3525 4577 καὶ
3579 4525 3816 4588 πλέκεις

2219 4607 2367 4660 δόλον
2410 4607 2548 4677 μετὰ
2577 4607 2674 4678 τῆς
2704 4609 2984 4676 γυναικὸς,
3018 4607 3112 4660 καὶ
3147 4606 3517 4679 συνυποκρίνῃ
3536 4605 3596 4659 τὸ
3621 4607 3817 4677 δρᾶμα.

2219 4693 2320 4763 τῆς
2350 4691 2584 4762 ὕϐρεως,
2621 4693 2716 4745 καὶ
2742 4692 2858 4755 πῶς
2901 4690 2974 4762 μὴ
3008 4691 3234 4761 γένηται
3258 4691 3558 4759 κατάδηλος
3588 4693 3616 4744 ὁ
3648 4691 3818 4760 βασι-

2221 4775 2345 4839 λεὺς
2377 4775 2486 4828 τῶν
2541 4775 2854 4843 Αἰγυπτίων
2903 4774 3196 4846 ἐπιχειρῶν
3233 4776 3298 4843 τῇ
3357 4773 3576 4844 μοιχείᾳ⁵
3629 4773 3824 4828 πάντα

2227 4861 2512 4931 πράττεις,
2545 4859 2637 4912 καὶ
2666 4857 2934 4928 περιελὼν
2974 4858 3145 4925 αὐτὴν
3183 4857 3245 4909 rb
3289 4857 3463 4924 ϐνομα
3494 4857 3592 4926 τῆς
3619 4873 3829 4922 γυναι-

2225 4943 2342 5006 κὸς,
2375 4942 2713 5013 περιέθηκας
2757 4942 2896 5012 αὐτῇ
2924 4940 2985 4993 τὸ
3013 4943 3358 5011 προσωπεῖον
3401 4941 3496 5011 τῆς
3538 4939 3826 5012 ἀδελφῆςς

2236 5025 2396 5078 Ἀλλὰ
2421 5026 2529 5096 γάρ
2549 5024 2763 5077 δέδοικα
2795 5023 2868 5094 μὴ
2893 5024 3120 5076 Θανάτου
3146 5021 3540 5087 σπουδάζοντες
3563 5023 3830 5094 παραλῦ-

2224 5127 2315 5164 σαι
2341 5109 2593 5180 δύναμιν,
2635 5107 2896 5178 φανῶμεν
2936 5107 3032 5160 τοῦ
3067 5107 3280 5160 δικαίου
3327 5107 3774 5179 κατηγοροῦντες
3803 5127 3826 5142 ο

2219 5194 2410 5263 διόπερ
2441 5192 2725 5263 ἀμφότερα
2759 5191 2982 5261 ποιῆσαι
3014 5191 3369 5262 πειράσομαι,
3397 5191 3606 5244 καὶτοῦ
3641 5190 3828 5244 Θανά-

2215 5294 2311 5329 του
2339 5275 2508 5342 δεῖξαι
2537 5275 2637 5345 τὴν
2663 5273 2971 5339 ἀσθένειαν,
3001 5275 3096 5327 καὶ
3119 5273 3309 5327 τοῦτον
3339 5274 3442 5342 τῆς
3469 5273 3830 5346 κατηγορίας

2218 5359 2523 5431 ἐξαρπάσαι
2562 5356 2785 5427 ταύτης.
2842 5357 3116 5429 Πρότερον
3167 5357 3226 5411 δέ
3286 5357 3452 5410 αὑτὸν
3509 5357 3832 5423 ἀναγκαῖον

2217 5444 2386 5510 δεῖξαι
2439 5442 2714 5495 δεδοικότα
2757 5441 2849 5495 τὸν
2888 5441 3118 5496 Θάνατον
3141 5483 3156 5507 ,
3195 5441 3288 5496 καὶ
3337 5439 3459 5494 τότε
3495 5440 3834 5508 ἀπαλλάξαι

2223 5527 2331 5579 τῶν
2357 5524 2734 5595 ἐγκλημάτων.
2783 5523 3012 5594 Ἰδωμεν
3035 5525 3214 5578 τοίνυν
3247 5525 3372 5577 ὅσον
3417 5523 3654 5595 πρᾶγμα
3707 5523 3834 5578 ὐπ-

2226 5609 2440 5679 έμεινεν
2469 5607 2740 5678 ἀφόρητον
2759 5607 2854 5662 καὶ
2875 5607 3046 5659 δεινόν
3071 5626 3084 5638 -
3114 5608 3176 5659 rb
3203 5606 3310 5677 γὰρ
3329 5608 3564 5674 γυναῖκα
3585 5605 3836 5676 ὑϐριζο-

2233 5694 2398 5766 μένην
2440 5693 2570 5746 ἰδεῖν
2597 5733 2612 5758 ,
2657 5693 2751 5746 καὶ
2803 5691 3198 5764 μοιχευομένην
3245 5689 3541 5746 θεάσασθαι
3595 5687 3838 5761 μυρίων
