  <div class='ocr_page' id='page_1' title='image "/cluster/home/n/w/nwhite01/storage/ocr_20150623/50/hvd.32044069618742/228.png"; bbox 0 0 4080 6196; ppageno 0'>
   <div class='ocr_carea' id='block_1_1' title="bbox 359 219 1889 282">
    <p class='ocr_par' dir='ltr' id='par_1_1' title="bbox 359 219 1886 280">
     <span class='ocr_line' id='line_1_1' title="bbox 359 219 1886 280; baseline -0.003 -1"><span class='ocrx_word' id='word_1_1' title='bbox 359 224 467 280; x_wconf 64' lang='grc'><strong>619</strong></span> <span class='ocrx_word' id='word_1_2' title='bbox 1443 222 1527 275; x_wconf 77' lang='lat' dir='ltr'><strong>DE</strong></span> <span class='ocrx_word' id='word_1_3' title='bbox 1569 221 1667 276; x_wconf 84' lang='lat' dir='ltr'><strong>SS.</strong></span> <span class='ocrx_word' id='word_1_4' title='bbox 1708 219 1886 276; x_wconf 62' lang='lat' dir='ltr'><strong>BERN</strong></span> 
     </span>
    </p>
   </div>
   <div class='ocr_carea' id='block_1_2' title="bbox 1993 219 3607 282">
    <p class='ocr_par' dir='ltr' id='par_1_2' title="bbox 1993 219 3607 282">
     <span class='ocr_line' id='line_1_2' title="bbox 1993 219 3607 282; baseline 0.001 -8"><span class='ocrx_word' id='word_1_5' title='bbox 1993 222 2002 274; x_wconf 74' lang='grc' dir='ltr'>ἒ</span> <span class='ocrx_word' id='word_1_6' title='bbox 2041 221 2127 274; x_wconf 68' lang='grc' dir='ltr'><strong>ΕΤ</strong></span> <span class='ocrx_word' id='word_1_7' title='bbox 2169 219 2542 276; x_wconf 74' lang='lat' dir='ltr'><strong>PROSDOCE.</strong></span> <span class='ocrx_word' id='word_1_8' title='bbox 3507 225 3607 282; x_wconf 68' lang='lat'><strong>653</strong></span> 
     </span>
    </p>
   </div>
   <div class='ocr_carea' id='block_1_3' title="bbox 357 371 3599 410">
    <p class='ocr_par' dir='ltr' id='par_1_3' title="bbox 357 371 3599 410">
     <span class='ocr_line' id='line_1_3' title="bbox 357 371 3599 410; baseline 0.003 -9"><span class='ocrx_word' id='word_1_9' title='bbox 357 371 3599 410; x_wconf 54' lang='lat' dir='ltr'><strong>mw</strong></span> 
     </span>
    </p>
   </div>
   <div class='ocr_carea' id='block_1_4' title="bbox 345 480 3400 600">
    <p class='ocr_par' dir='ltr' id='par_1_4' title="bbox 345 480 3400 600">
     <span class='ocr_line' id='line_1_4' title="bbox 345 480 3400 600; baseline 0.003 -11"><span class='ocrx_word' id='word_1_10' title='bbox 345 501 348 504; x_wconf 2' lang='lat' dir='ltr'><strong>ﬁ</strong></span> <span class='ocrx_word' id='word_1_11' title='bbox 561 529 959 594; x_wconf 77' lang='lat' dir='ltr'><strong>BERNICEN</strong></span> <span class='ocrx_word' id='word_1_12' title='bbox 1002 480 1107 589; x_wconf 72' lang='grc' dir='ltr'><strong>ΕΤ</strong></span> <span class='ocrx_word' id='word_1_13' title='bbox 1149 527 1620 591; x_wconf 77' lang='lat' dir='ltr'><strong>PROSDOCEN</strong></span> <span class='ocrx_word' id='word_1_14' title='bbox 1662 527 2032 591; x_wconf 78' lang='lat' dir='ltr'><strong>VlRGlNES</strong></span> <span class='ocrx_word' id='word_1_15' title='bbox 2075 531 2180 591; x_wconf 86' lang='lat' dir='ltr'><strong>ET</strong></span> <span class='ocrx_word' id='word_1_16' title='bbox 2224 529 2659 594; x_wconf 79' lang='lat' dir='ltr'><strong>DOMNINAM</strong></span> <span class='ocrx_word' id='word_1_17' title='bbox 2705 531 3054 597; x_wconf 76' lang='lat' dir='ltr'><strong>MATREM</strong></span> <span class='ocrx_word' id='word_1_18' title='bbox 3097 536 3400 600; x_wconf 72' lang='lat' dir='ltr'><strong>EARUM.</strong></span> 
     </span>
    </p>
   </div>
   <div class='ocr_carea' id='block_1_5' title="bbox 355 697 3594 779">
    <p class='ocr_par' dir='ltr' id='par_1_5' title="bbox 355 697 3594 779">
     <span class='ocr_line' id='line_1_5' title="bbox 355 697 3594 779; baseline 0.003 -23"><span class='ocrx_word' id='word_1_19' title='bbox 355 701 532 756; x_wconf 79' lang='lat' dir='ltr'><strong>fuisse</strong></span> <span class='ocrx_word' id='word_1_20' title='bbox 553 739 568 762; x_wconf 91' lang='lat'><strong>,</strong></span> <span class='ocrx_word' id='word_1_21' title='bbox 601 713 710 752; x_wconf 84' lang='lat' dir='ltr'><strong>non</strong></span> <span class='ocrx_word' id='word_1_22' title='bbox 748 705 929 754; x_wconf 73' lang='lat' dir='ltr'><strong>autem</strong></span> <span class='ocrx_word' id='word_1_23' title='bbox 969 699 1021 754; x_wconf 93' lang='lat' dir='ltr'><strong>in</strong></span> <span class='ocrx_word' id='word_1_24' title='bbox 1051 700 1142 756; x_wconf 89' lang='lat' dir='ltr'><strong>die</strong></span> <span class='ocrx_word' id='word_1_25' title='bbox 1172 697 1530 754; x_wconf 69' lang='lat' dir='ltr'><strong>Esaitationis</strong></span> <span class='ocrx_word' id='word_1_26' title='bbox 1569 697 1625 753; x_wconf 87' lang='lat' dir='ltr'><strong>S.</strong></span> <span class='ocrx_word' id='word_1_27' title='bbox 1656 697 1865 756; x_wconf 88' lang='lat' dir='ltr'><strong>Crucis.</strong></span> <span class='ocrx_word' id='word_1_28' title='bbox 1896 713 2014 767; x_wconf 54' lang='lat' dir='ltr'><strong>qua:</strong></span> <span class='ocrx_word' id='word_1_29' title='bbox 2035 697 2403 770; x_wconf 86' lang='lat' dir='ltr'><strong>Chrysostomi</strong></span> <span class='ocrx_word' id='word_1_30' title='bbox 2438 709 2680 771; x_wconf 87' lang='lat' dir='ltr'><strong>tempore</strong></span> <span class='ocrx_word' id='word_1_31' title='bbox 2713 701 2954 757; x_wconf 87' lang='lat' dir='ltr'><strong>nondum</strong></span> <span class='ocrx_word' id='word_1_32' title='bbox 2983 703 3379 762; x_wconf 75' lang='lat' dir='ltr'><strong>celebrabatur.</strong></span> <span class='ocrx_word' id='word_1_33' title='bbox 3409 708 3594 779; x_wconf 74' lang='lat' dir='ltr'><strong>Longe</strong></span> 
     </span>
    </p>
   </div>
   <div class='ocr_carea' id='block_1_6' title="bbox 351 788 3600 866">
    <p class='ocr_par' dir='ltr' id='par_1_6' title="bbox 351 788 3600 866">
     <span class='ocr_line' id='line_1_6' title="bbox 351 788 3600 866; baseline 0.002 -18"><span class='ocrx_word' id='word_1_34' title='bbox 351 792 659 848; x_wconf 87' lang='lat' dir='ltr'><strong>consultius</strong></span> <span class='ocrx_word' id='word_1_35' title='bbox 691 791 1128 863; x_wconf 69' lang='lat' dir='ltr'><strong>Martyrologium</strong></span> <span class='ocrx_word' id='word_1_36' title='bbox 1164 791 1466 846; x_wconf 78' lang='lat' dir='ltr'><strong>Romanum</strong></span> <span class='ocrx_word' id='word_1_37' title='bbox 1495 788 1694 844; x_wconf 80' lang='lat' dir='ltr'><strong>festum</strong></span> <span class='ocrx_word' id='word_1_38' title='bbox 1721 790 1820 844; x_wconf 85' lang='lat' dir='ltr'><strong>SS.</strong></span> <span class='ocrx_word' id='word_1_39' title='bbox 1853 789 2148 861; x_wconf 75' lang='lat' dir='ltr'><strong>Martyrum</strong></span> <span class='ocrx_word' id='word_1_40' title='bbox 2186 790 2468 848; x_wconf 74' lang='lat' dir='ltr'><strong>Dmnninte</strong></span> <span class='ocrx_word' id='word_1_41' title='bbox 2500 802 2552 847; x_wconf 83' lang='lat' dir='ltr'><strong>et</strong></span> <span class='ocrx_word' id='word_1_42' title='bbox 2583 794 2851 849; x_wconf 86' lang='lat' dir='ltr'><strong>sociarum</strong></span> <span class='ocrx_word' id='word_1_43' title='bbox 2882 796 2946 850; x_wconf 91' lang='lat' dir='ltr'><strong>ad</strong></span> <span class='ocrx_word' id='word_1_44' title='bbox 2980 796 3045 850; x_wconf 69' lang='grc' dir='ltr'><strong>Δ15</strong></span> <span class='ocrx_word' id='word_1_45' title='bbox 3069 796 3270 866; x_wconf 78' lang='lat' dir='ltr'><strong>Aprilis</strong></span> <span class='ocrx_word' id='word_1_46' title='bbox 3296 800 3436 854; x_wconf 88' lang='lat' dir='ltr'><strong>diem</strong></span> <span class='ocrx_word' id='word_1_47' title='bbox 3465 818 3600 857; x_wconf 87' lang='lat' dir='ltr'><strong>con-</strong></span> 
     </span>
    </p>
   </div>
   <div class='ocr_carea' id='block_1_7' title="bbox 351 877 3603 956">
    <p class='ocr_par' dir='ltr' id='par_1_7' title="bbox 351 877 3603 956">
     <span class='ocr_line' id='line_1_7' title="bbox 351 877 3603 956; baseline 0.004 -21"><span class='ocrx_word' id='word_1_48' title='bbox 351 883 568 952; x_wconf 77' lang='lat' dir='ltr'><strong>signat,</strong></span> <span class='ocrx_word' id='word_1_49' title='bbox 599 880 724 935; x_wconf 86' lang='lat' dir='ltr'><strong>licet</strong></span> <span class='ocrx_word' id='word_1_50' title='bbox 754 881 806 934; x_wconf 93' lang='lat' dir='ltr'><strong>in</strong></span> <span class='ocrx_word' id='word_1_51' title='bbox 845 886 944 936; x_wconf 89' lang='lat' dir='ltr'><strong>hoc</strong></span> <span class='ocrx_word' id='word_1_52' title='bbox 975 895 1199 949; x_wconf 80' lang='lat' dir='ltr'><strong>peccare</strong></span> <span class='ocrx_word' id='word_1_53' title='bbox 1241 879 1504 943; x_wconf 88' lang='lat' dir='ltr'><strong>videatur,</strong></span> <span class='ocrx_word' id='word_1_54' title='bbox 1537 877 1682 949; x_wconf 86' lang='lat' dir='ltr'><strong>quod</strong></span> <span class='ocrx_word' id='word_1_55' title='bbox 1719 877 2038 933; x_wconf 88' lang='lat' dir='ltr'><strong>Domninam</strong></span> <span class='ocrx_word' id='word_1_56' title='bbox 2075 881 2332 952; x_wconf 78' lang='lat' dir='ltr'><strong>virginem</strong></span> <span class='ocrx_word' id='word_1_57' title='bbox 2367 892 2551 946; x_wconf 85' lang='lat' dir='ltr'><strong>vocet,</strong></span> <span class='ocrx_word' id='word_1_58' title='bbox 2587 900 2708 954; x_wconf 68' lang='lat' dir='ltr'><strong>quae</strong></span> <span class='ocrx_word' id='word_1_59' title='bbox 2741 893 2913 939; x_wconf 90' lang='lat' dir='ltr'><strong>mater</strong></span> <span class='ocrx_word' id='word_1_60' title='bbox 2946 884 3094 956; x_wconf 71' lang='lat'><strong>[654]</strong></span> <span class='ocrx_word' id='word_1_61' title='bbox 3121 898 3238 943; x_wconf 90' lang='lat' dir='ltr'><strong>erat</strong></span> <span class='ocrx_word' id='word_1_62' title='bbox 3268 889 3520 949; x_wconf 73' lang='lat' dir='ltr'><strong>Bel-uices</strong></span> <span class='ocrx_word' id='word_1_63' title='bbox 3547 903 3603 948; x_wconf 83' lang='lat' dir='ltr'><strong>et</strong></span> 
     </span>
    </p>
   </div>
   <div class='ocr_carea' id='block_1_8' title="bbox 352 970 3601 1046">
    <p class='ocr_par' dir='ltr' id='par_1_8' title="bbox 352 970 3601 1046">
     <span class='ocr_line' id='line_1_8' title="bbox 352 970 3601 1046; baseline 0.005 -22"><span class='ocrx_word' id='word_1_64' title='bbox 352 972 652 1028; x_wconf 85' lang='lat' dir='ltr'><strong>Prosdooes</strong></span> <span class='ocrx_word' id='word_1_65' title='bbox 695 971 984 1041; x_wconf 70' lang='lat' dir='ltr'><strong>virginum.</strong></span> <span class='ocrx_word' id='word_1_66' title='bbox 1014 970 1088 1025; x_wconf 66' lang='lat' dir='ltr'><strong>Et</strong></span> <span class='ocrx_word' id='word_1_67' title='bbox 1122 971 1226 1026; x_wconf 91' lang='lat' dir='ltr'><strong>hoc</strong></span> <span class='ocrx_word' id='word_1_68' title='bbox 1267 979 1446 1026; x_wconf 90' lang='lat' dir='ltr'><strong>autem</strong></span> <span class='ocrx_word' id='word_1_69' title='bbox 1488 971 1716 1024; x_wconf 77' lang='lat' dir='ltr'><strong>Roinani</strong></span> <span class='ocrx_word' id='word_1_70' title='bbox 1761 970 2124 1043; x_wconf 68' lang='lat' dir='ltr'><strong>Martyrologii</strong></span> <span class='ocrx_word' id='word_1_71' title='bbox 2169 975 2379 1033; x_wconf 90' lang='lat' dir='ltr'><strong>calculo</strong></span> <span class='ocrx_word' id='word_1_72' title='bbox 2421 990 2624 1030; x_wconf 84' lang='lat' dir='ltr'><strong>annum</strong></span> <span class='ocrx_word' id='word_1_73' title='bbox 2664 991 2772 1046; x_wconf 89' lang='lat' dir='ltr'><strong>quo</strong></span> <span class='ocrx_word' id='word_1_74' title='bbox 2800 987 2912 1032; x_wconf 87' lang='lat' dir='ltr'><strong>tum</strong></span> <span class='ocrx_word' id='word_1_75' title='bbox 2956 979 3071 1034; x_wconf 64' lang='lat' dir='ltr'><strong>haec</strong></span> <span class='ocrx_word' id='word_1_76' title='bbox 3105 993 3415 1037; x_wconf 84' lang='lat' dir='ltr'><strong>sanctarum</strong></span> <span class='ocrx_word' id='word_1_77' title='bbox 3451 1000 3601 1040; x_wconf 85' lang='lat' dir='ltr'><strong>mar-</strong></span> 
     </span>
    </p>
   </div>
   <div class='ocr_carea' id='block_1_9' title="bbox 349 1061 3602 1137">
    <p class='ocr_par' dir='ltr' id='par_1_9' title="bbox 349 1061 3602 1137">
     <span class='ocr_line' id='line_1_9' title="bbox 349 1061 3602 1137; baseline 0.003 -19"><span class='ocrx_word' id='word_1_78' title='bbox 349 1077 554 1132; x_wconf 80' lang='lat' dir='ltr'><strong>tyrum,</strong></span> <span class='ocrx_word' id='word_1_79' title='bbox 581 1071 694 1117; x_wconf 88' lang='lat' dir='ltr'><strong>tum</strong></span> <span class='ocrx_word' id='word_1_80' title='bbox 719 1062 807 1116; x_wconf 87' lang='lat' dir='ltr'><strong>illa</strong></span> <span class='ocrx_word' id='word_1_81' title='bbox 831 1061 897 1116; x_wconf 87' lang='lat' dir='ltr'><strong>de</strong></span> <span class='ocrx_word' id='word_1_82' title='bbox 923 1061 1100 1117; x_wconf 90' lang='lat' dir='ltr'><strong>Cruce</strong></span> <span class='ocrx_word' id='word_1_83' title='bbox 1129 1061 1350 1118; x_wconf 83' lang='lat' dir='ltr'><strong>homilia</strong></span> <span class='ocrx_word' id='word_1_84' title='bbox 1380 1062 1560 1117; x_wconf 87' lang='lat' dir='ltr'><strong>habita</strong></span> <span class='ocrx_word' id='word_1_85' title='bbox 1579 1072 1680 1129; x_wconf 88' lang='lat' dir='ltr'><strong>est,</strong></span> <span class='ocrx_word' id='word_1_86' title='bbox 1707 1064 1974 1131; x_wconf 75' lang='lat' dir='ltr'><strong>etpiscari</strong></span> <span class='ocrx_word' id='word_1_87' title='bbox 2007 1080 2164 1133; x_wconf 91' lang='lat' dir='ltr'><strong>posse</strong></span> <span class='ocrx_word' id='word_1_88' title='bbox 2186 1065 2464 1128; x_wconf 86' lang='lat' dir='ltr'><strong>videmur;</strong></span> <span class='ocrx_word' id='word_1_89' title='bbox 2489 1082 2680 1136; x_wconf 86' lang='lat' dir='ltr'><strong>nempe</strong></span> <span class='ocrx_word' id='word_1_90' title='bbox 2709 1069 2834 1130; x_wconf 67' lang='lat'><strong>392,</strong></span> <span class='ocrx_word' id='word_1_91' title='bbox 2855 1086 2964 1137; x_wconf 88' lang='lat' dir='ltr'><strong>quo</strong></span> <span class='ocrx_word' id='word_1_92' title='bbox 2993 1069 3198 1125; x_wconf 85' lang='lat' dir='ltr'><strong>Pascha</strong></span> <span class='ocrx_word' id='word_1_93' title='bbox 3226 1073 3602 1130; x_wconf 82' lang='lat' dir='ltr'><strong>celebrabatur</strong></span> 
     </span>
    </p>
   </div>
   <div class='ocr_carea' id='block_1_10' title="bbox 347 1151 3596 1234">
    <p class='ocr_par' dir='ltr' id='par_1_10' title="bbox 347 1151 3596 1234">
     <span class='ocr_line' id='line_1_10' title="bbox 347 1151 3596 1234; baseline 0.004 -28"><span class='ocrx_word' id='word_1_94' title='bbox 347 1153 436 1208; x_wconf 79' lang='lat' dir='ltr'><strong>die</strong></span> <span class='ocrx_word' id='word_1_95' title='bbox 466 1152 724 1206; x_wconf 77' lang='lat' dir='ltr'><strong>vicesima</strong></span> <span class='ocrx_word' id='word_1_96' title='bbox 773 1159 964 1207; x_wconf 83' lang='lat' dir='ltr'><strong>octava</strong></span> <span class='ocrx_word' id='word_1_97' title='bbox 1008 1151 1210 1218; x_wconf 86' lang='lat' dir='ltr'><strong>Martii,</strong></span> <span class='ocrx_word' id='word_1_98' title='bbox 1257 1161 1311 1207; x_wconf 90' lang='lat' dir='ltr'><strong>et</strong></span> <span class='ocrx_word' id='word_1_99' title='bbox 1349 1163 1746 1220; x_wconf 84' lang='lat' dir='ltr'><strong>consequenter</strong></span> <span class='ocrx_word' id='word_1_100' title='bbox 1785 1152 2112 1208; x_wconf 75' lang='lat' dir='ltr'><strong>Par-asceves</strong></span> <span class='ocrx_word' id='word_1_101' title='bbox 2153 1153 2240 1208; x_wconf 86' lang='lat' dir='ltr'><strong>die</strong></span> <span class='ocrx_word' id='word_1_102' title='bbox 2295 1155 2551 1210; x_wconf 74' lang='lat' dir='ltr'><strong>vicesima</strong></span> <span class='ocrx_word' id='word_1_103' title='bbox 2601 1168 2753 1212; x_wconf 72' lang='lat' dir='ltr'><strong>sexta</strong></span> <span class='ocrx_word' id='word_1_104' title='bbox 2791 1159 3036 1228; x_wconf 78' lang='lat' dir='ltr'><strong>ejusdem</strong></span> <span class='ocrx_word' id='word_1_105' title='bbox 3071 1163 3273 1216; x_wconf 73' lang='lat' dir='ltr'><strong>mensis</strong></span> <span class='ocrx_word' id='word_1_106' title='bbox 3305 1181 3316 1215; x_wconf 89' lang='lat'>:</span> <span class='ocrx_word' id='word_1_107' title='bbox 3348 1179 3380 1216; x_wconf 89' lang='lat' dir='ltr'><strong>a</strong></span> <span class='ocrx_word' id='word_1_108' title='bbox 3416 1180 3522 1234; x_wconf 88' lang='lat' dir='ltr'><strong>qua</strong></span> <span class='ocrx_word' id='word_1_109' title='bbox 3551 1169 3596 1221; x_wconf 85' lang='lat' dir='ltr'><strong>si</strong></span> 
     </span>
    </p>
   </div>
   <div class='ocr_carea' id='block_1_11' title="bbox 347 1246 3602 1320">
    <p class='ocr_par' dir='ltr' id='par_1_11' title="bbox 347 1246 3602 1320">
     <span class='ocr_line' id='line_1_11' title="bbox 347 1246 3602 1320; baseline 0.006 -21"><span class='ocrx_word' id='word_1_110' title='bbox 347 1260 636 1300; x_wconf 85' lang='lat' dir='ltr'><strong>numerum</strong></span> <span class='ocrx_word' id='word_1_111' title='bbox 668 1246 857 1310; x_wconf 88' lang='lat' dir='ltr'><strong>ducas,</strong></span> <span class='ocrx_word' id='word_1_112' title='bbox 899 1246 1155 1302; x_wconf 87' lang='lat' dir='ltr'><strong>vicesima</strong></span> <span class='ocrx_word' id='word_1_113' title='bbox 1199 1246 1314 1303; x_wconf 90' lang='lat' dir='ltr'><strong>dies</strong></span> <span class='ocrx_word' id='word_1_114' title='bbox 1340 1247 1539 1304; x_wconf 86' lang='lat' dir='ltr'><strong>incidet</strong></span> <span class='ocrx_word' id='word_1_115' title='bbox 1567 1246 1620 1300; x_wconf 90' lang='lat' dir='ltr'><strong>in</strong></span> <span class='ocrx_word' id='word_1_116' title='bbox 1655 1247 1918 1302; x_wconf 82' lang='lat' dir='ltr'><strong>decimam</strong></span> <span class='ocrx_word' id='word_1_117' title='bbox 1967 1260 2218 1317; x_wconf 84' lang='lat' dir='ltr'><strong>quartam</strong></span> <span class='ocrx_word' id='word_1_118' title='bbox 2250 1251 2472 1320; x_wconf 73' lang='lat' dir='ltr'><strong>Aprilis.</strong></span> <span class='ocrx_word' id='word_1_119' title='bbox 2509 1251 2559 1306; x_wconf 90' lang='lat' dir='ltr'><strong>in</strong></span> <span class='ocrx_word' id='word_1_120' title='bbox 2608 1253 2713 1307; x_wconf 88' lang='lat' dir='ltr'><strong>hoc</strong></span> <span class='ocrx_word' id='word_1_121' title='bbox 2736 1253 2902 1320; x_wconf 65' lang='lat' dir='ltr'><strong>igitur</strong></span> <span class='ocrx_word' id='word_1_122' title='bbox 2935 1254 3145 1310; x_wconf 85' lang='lat' dir='ltr'><strong>calculo</strong></span> <span class='ocrx_word' id='word_1_123' title='bbox 3187 1258 3464 1320; x_wconf 81' lang='lat' dir='ltr'><strong>standum,</strong></span> <span class='ocrx_word' id='word_1_124' title='bbox 3498 1266 3602 1318; x_wconf 83' lang='lat' dir='ltr'><strong>etsi</strong></span> 
     </span>
    </p>
   </div>
   <div class='ocr_carea' id='block_1_12' title="bbox 349 1339 3604 1413">
    <p class='ocr_par' dir='ltr' id='par_1_12' title="bbox 349 1339 3604 1413">
     <span class='ocr_line' id='line_1_12' title="bbox 349 1339 3604 1413; baseline 0.006 -19"><span class='ocrx_word' id='word_1_125' title='bbox 349 1356 458 1396; x_wconf 90' lang='lat' dir='ltr'><strong>non</strong></span> <span class='ocrx_word' id='word_1_126' title='bbox 511 1341 630 1396; x_wconf 89' lang='lat' dir='ltr'><strong>sine</strong></span> <span class='ocrx_word' id='word_1_127' title='bbox 664 1341 899 1411; x_wconf 88' lang='lat' dir='ltr'><strong>quodam</strong></span> <span class='ocrx_word' id='word_1_128' title='bbox 945 1343 1200 1412; x_wconf 87' lang='lat' dir='ltr'><strong>scrupulo</strong></span> <span class='ocrx_word' id='word_1_129' title='bbox 1238 1360 1252 1398; x_wconf 90' lang='lat'><strong>:</strong></span> <span class='ocrx_word' id='word_1_130' title='bbox 1287 1357 1444 1407; x_wconf 89' lang='lat' dir='ltr'><strong>nam,</strong></span> <span class='ocrx_word' id='word_1_131' title='bbox 1478 1351 1536 1396; x_wconf 91' lang='lat' dir='ltr'><strong>ut</strong></span> <span class='ocrx_word' id='word_1_132' title='bbox 1567 1342 1802 1397; x_wconf 67' lang='lat' dir='ltr'><strong>diximus</strong></span> <span class='ocrx_word' id='word_1_133' title='bbox 1852 1343 1902 1396; x_wconf 95' lang='lat' dir='ltr'><strong>in</strong></span> <span class='ocrx_word' id='word_1_134' title='bbox 1946 1339 2152 1397; x_wconf 83' lang='lat' dir='ltr'><strong>Monito</strong></span> <span class='ocrx_word' id='word_1_135' title='bbox 2177 1345 2242 1397; x_wconf 90' lang='lat' dir='ltr'><strong>ad</strong></span> <span class='ocrx_word' id='word_1_136' title='bbox 2271 1344 2533 1400; x_wconf 74' lang='lat' dir='ltr'><strong>Homilies</strong></span> <span class='ocrx_word' id='word_1_137' title='bbox 2565 1358 2749 1401; x_wconf 88' lang='lat' dir='ltr'><strong>contra</strong></span> <span class='ocrx_word' id='word_1_138' title='bbox 2789 1346 3036 1413; x_wconf 72' lang='lat' dir='ltr'><strong>Judaeos,</strong></span> <span class='ocrx_word' id='word_1_139' title='bbox 3080 1350 3275 1407; x_wconf 67' lang='lat' dir='ltr'><strong>tabulae</strong></span> <span class='ocrx_word' id='word_1_140' title='bbox 3312 1352 3604 1412; x_wconf 78' lang='lat' dir='ltr'><strong>Paschales</strong></span> 
     </span>
    </p>
   </div>
   <div class='ocr_carea' id='block_1_13' title="bbox 344 1438 3302 1515">
    <p class='ocr_par' dir='ltr' id='par_1_13' title="bbox 344 1438 3302 1515">
     <span class='ocr_line' id='line_1_13' title="bbox 344 1438 3302 1515; baseline 0.004 -25"><span class='ocrx_word' id='word_1_141' title='bbox 344 1452 468 1508; x_wconf 67' lang='lat' dir='ltr'><strong>quae</strong></span> <span class='ocrx_word' id='word_1_142' title='bbox 494 1447 623 1492; x_wconf 89' lang='lat' dir='ltr'><strong>sunt</strong></span> <span class='ocrx_word' id='word_1_143' title='bbox 652 1439 1048 1507; x_wconf 76' lang='lat' dir='ltr'><strong>posterioribus</strong></span> <span class='ocrx_word' id='word_1_144' title='bbox 1077 1439 1288 1496; x_wconf 44' lang='lat' dir='ltr'><strong>saeculis</strong></span> <span class='ocrx_word' id='word_1_145' title='bbox 1313 1438 1670 1499; x_wconf 63' lang='lat' dir='ltr'><strong>concinnatae,</strong></span> <span class='ocrx_word' id='word_1_146' title='bbox 1695 1455 1819 1494; x_wconf 91' lang='lat' dir='ltr'><strong>cum</strong></span> <span class='ocrx_word' id='word_1_147' title='bbox 1857 1441 2129 1496; x_wconf 74' lang='lat' dir='ltr'><strong>veteribus</strong></span> <span class='ocrx_word' id='word_1_148' title='bbox 2153 1441 2356 1497; x_wconf 79' lang='lat' dir='ltr'><strong>tabulis</strong></span> <span class='ocrx_word' id='word_1_149' title='bbox 2382 1458 2488 1496; x_wconf 90' lang='lat' dir='ltr'><strong>non</strong></span> <span class='ocrx_word' id='word_1_150' title='bbox 2508 1443 2841 1498; x_wconf 89' lang='lat' dir='ltr'><strong>concordare</strong></span> <span class='ocrx_word' id='word_1_151' title='bbox 2861 1443 3025 1500; x_wconf 71' lang='lat' dir='ltr'><strong>facile</strong></span> <span class='ocrx_word' id='word_1_152' title='bbox 3052 1455 3302 1515; x_wconf 84' lang='lat' dir='ltr'><strong>possunt.</strong></span> 
     </span>
    </p>
   </div>
   <div class='ocr_carea' id='block_1_14' title="bbox 419 1530 1684 1600">
    <p class='ocr_par' dir='ltr' id='par_1_14' title="bbox 419 1530 1684 1600">
     <span class='ocr_line' id='line_1_14' title="bbox 419 1530 1684 1600; baseline -0.001 -16"><span class='ocrx_word' id='word_1_153' title='bbox 419 1530 801 1600; x_wconf 75' lang='lat' dir='ltr'><strong>lnterpretatio</strong></span> <span class='ocrx_word' id='word_1_154' title='bbox 835 1534 1022 1589; x_wconf 84' lang='lat' dir='ltr'><strong>Latina</strong></span> <span class='ocrx_word' id='word_1_155' title='bbox 1047 1543 1128 1590; x_wconf 88' lang='lat' dir='ltr'><strong>est</strong></span> <span class='ocrx_word' id='word_1_156' title='bbox 1150 1534 1445 1590; x_wconf 79' lang='lat' dir='ltr'><strong>Frontonis</strong></span> <span class='ocrx_word' id='word_1_157' title='bbox 1483 1532 1684 1586; x_wconf 69' lang='lat' dir='ltr'><strong>Ducmi.</strong></span> 
     </span>
    </p>
   </div>
   <div class='ocr_carea' id='block_1_15' title="bbox 331 1664 3615 1697">
    <p class='ocr_par' dir='ltr' id='par_1_15' title="bbox 331 1664 3615 1697">
     <span class='ocr_line' id='line_1_15' title="bbox 331 1664 3615 1697; baseline 0.01 -33"><span class='ocrx_word' id='word_1_158' title='bbox 331 1664 3615 1697; x_wconf 68' lang='lat'><strong>._______________.__________________.________________________</strong></span> 
     </span>
    </p>
   </div>
   <div class='ocr_carea' id='block_1_16' title="bbox 1224 1733 2701 1821">
    <p class='ocr_par' dir='ltr' id='par_1_16' title="bbox 1224 1733 2701 1821">
     <span class='ocr_line' id='line_1_16' title="bbox 1224 1733 2701 1821; baseline -0.002 0"><span class='ocrx_word' id='word_1_159' title='bbox 1224 1737 1385 1821; x_wconf 90' lang='lat' dir='ltr'><strong>DE</strong></span> <span class='ocrx_word' id='word_1_160' title='bbox 1432 1733 1904 1820; x_wconf 87' lang='lat' dir='ltr'><strong>SANCTIS</strong></span> <span class='ocrx_word' id='word_1_161' title='bbox 1947 1735 2701 1819; x_wconf 81' lang='lat' dir='ltr'><strong>MARTYRIBUS</strong></span> 
     </span>
    </p>
   </div>
   <div class='ocr_carea' id='block_1_17' title="bbox 411 1881 3534 1954">
    <p class='ocr_par' dir='ltr' id='par_1_17' title="bbox 411 1881 3534 1954">
     <span class='ocr_line' id='line_1_17' title="bbox 411 1881 3534 1954; baseline 0.006 -29"><span class='ocrx_word' id='word_1_162' title='bbox 411 1881 686 1928; x_wconf 75' lang='lat' dir='ltr'><strong>BERNICE</strong></span> <span class='ocrx_word' id='word_1_163' title='bbox 728 1888 810 1930; x_wconf 80' lang='grc' dir='ltr'><strong>ΕΤ</strong></span> <span class='ocrx_word' id='word_1_164' title='bbox 853 1889 1174 1937; x_wconf 69' lang='grc' dir='ltr'><strong>ιιιιοευοοιζ</strong></span> <span class='ocrx_word' id='word_1_165' title='bbox 1217 1894 1605 1950; x_wconf 76' lang='lat' dir='ltr'><strong>VIRGINIBUS,</strong></span> <span class='ocrx_word' id='word_1_166' title='bbox 1651 1895 1732 1936; x_wconf 81' lang='lat' dir='ltr'><strong>ET</strong></span> <span class='ocrx_word' id='word_1_167' title='bbox 1774 1891 2062 1935; x_wconf 71' lang='lat' dir='ltr'><strong>DOMNINA</strong></span> <span class='ocrx_word' id='word_1_168' title='bbox 2111 1892 2329 1934; x_wconf 70' lang='lat' dir='ltr'><strong>MATER</strong></span> <span class='ocrx_word' id='word_1_169' title='bbox 2373 1893 2629 1949; x_wconf 71' lang='grc' dir='ltr'><strong>ΕΑιιυιι,</strong></span> <span class='ocrx_word' id='word_1_170' title='bbox 2678 1894 2943 1938; x_wconf 69' lang='lat' dir='ltr'><strong>HOMILIA</strong></span> <span class='ocrx_word' id='word_1_171' title='bbox 2991 1897 3385 1942; x_wconf 71' lang='lat' dir='ltr'><strong>PANEGYRICA</strong></span> <span class='ocrx_word' id='word_1_172' title='bbox 3431 1884 3534 1954; x_wconf 71' lang='grc' dir='ltr'><strong>(α).</strong></span> 
     </span>
    </p>
   </div>
   <div class='ocr_carea' id='block_1_18' title="bbox 1797 2001 2169 2059">
    <p class='ocr_par' dir='ltr' id='par_1_18' title="bbox 1797 2001 2169 2059">
     <span class='ocr_line' id='line_1_18' title="bbox 1797 2001 2169 2059; baseline 0 -5"><span class='ocrx_word' id='word_1_173' title='bbox 1797 2001 2169 2059; x_wconf 55' lang='grc' dir='ltr'><strong>ιθθκῧὲἒβιέθ</strong></span> 
     </span>
    </p>
   </div>
   <div class='ocr_carea' id='block_1_19' title="bbox 395 2101 1910 2178">
    <p class='ocr_par' dir='ltr' id='par_1_19' title="bbox 395 2101 1910 2178">
     <span class='ocr_line' id='line_1_19' title="bbox 395 2101 1910 2178; baseline 0 -21"><span class='ocrx_word' id='word_1_174' title='bbox 395 2104 420 2157; x_wconf 77' lang='grc' dir='ltr'><strong>Ι</strong></span> <span class='ocrx_word' id='word_1_175' title='bbox 489 2101 730 2158; x_wconf 78' lang='lat' dir='ltr'><strong>Nondum</strong></span> <span class='ocrx_word' id='word_1_176' title='bbox 761 2105 928 2173; x_wconf 82' lang='lat' dir='ltr'><strong>elapsi</strong></span> <span class='ocrx_word' id='word_1_177' title='bbox 963 2114 1087 2159; x_wconf 89' lang='lat' dir='ltr'><strong>sunt</strong></span> <span class='ocrx_word' id='word_1_178' title='bbox 1111 2105 1228 2161; x_wconf 81' lang='lat' dir='ltr'><strong>dies</strong></span> <span class='ocrx_word' id='word_1_179' title='bbox 1249 2107 1454 2178; x_wconf 73' lang='lat' dir='ltr'><strong>viginti,</strong></span> <span class='ocrx_word' id='word_1_180' title='bbox 1482 2123 1546 2162; x_wconf 78' lang='lat' dir='ltr'><strong>ex</strong></span> <span class='ocrx_word' id='word_1_181' title='bbox 1576 2121 1683 2178; x_wconf 84' lang='lat' dir='ltr'><strong>quo</strong></span> <span class='ocrx_word' id='word_1_182' title='bbox 1705 2118 1910 2159; x_wconf 86' lang='lat' dir='ltr'><strong>memo-</strong></span> 
     </span>
    </p>
   </div>
   <div class='ocr_carea' id='block_1_20' title="bbox 323 2195 1915 2271">
    <p class='ocr_par' dir='ltr' id='par_1_20' title="bbox 323 2195 1915 2271">
     <span class='ocr_line' id='line_1_20' title="bbox 323 2195 1915 2271; baseline 0.002 -23"><span class='ocrx_word' id='word_1_183' title='bbox 323 2195 454 2248; x_wconf 88' lang='lat' dir='ltr'><strong>riam</strong></span> <span class='ocrx_word' id='word_1_184' title='bbox 483 2195 668 2249; x_wconf 81' lang='lat' dir='ltr'><strong>Crucis</strong></span> <span class='ocrx_word' id='word_1_185' title='bbox 694 2196 1100 2263; x_wconf 85' lang='lat' dir='ltr'><strong>celebravimus,</strong></span> <span class='ocrx_word' id='word_1_186' title='bbox 1131 2207 1185 2253; x_wconf 90' lang='lat' dir='ltr'><strong>et</strong></span> <span class='ocrx_word' id='word_1_187' title='bbox 1209 2214 1334 2254; x_wconf 91' lang='lat' dir='ltr'><strong>ecce</strong></span> <span class='ocrx_word' id='word_1_188' title='bbox 1365 2209 1656 2271; x_wconf 86' lang='lat' dir='ltr'><strong>martyrum</strong></span> <span class='ocrx_word' id='word_1_189' title='bbox 1706 2211 1915 2254; x_wconf 88' lang='lat' dir='ltr'><strong>memo-</strong></span> 
     </span>
    </p>
   </div>
   <div class='ocr_carea' id='block_1_21' title="bbox 322 2285 1911 2354">
    <p class='ocr_par' dir='ltr' id='par_1_21' title="bbox 322 2285 1911 2354">
     <span class='ocr_line' id='line_1_21' title="bbox 322 2285 1911 2354; baseline 0.005 -16"><span class='ocrx_word' id='word_1_190' title='bbox 322 2285 450 2339; x_wconf 84' lang='lat' dir='ltr'><strong>riam</strong></span> <span class='ocrx_word' id='word_1_191' title='bbox 491 2285 845 2342; x_wconf 85' lang='lat' dir='ltr'><strong>celebramus.</strong></span> <span class='ocrx_word' id='word_1_192' title='bbox 880 2288 1062 2354; x_wconf 83' lang='lat' dir='ltr'><strong>Vides,</strong></span> <span class='ocrx_word' id='word_1_193' title='bbox 1116 2299 1172 2345; x_wconf 91' lang='lat' dir='ltr'><strong>nt</strong></span> <span class='ocrx_word' id='word_1_194' title='bbox 1219 2291 1366 2346; x_wconf 84' lang='lat' dir='ltr'><strong>celer</strong></span> <span class='ocrx_word' id='word_1_195' title='bbox 1392 2291 1578 2346; x_wconf 84' lang='lat' dir='ltr'><strong>mortis</strong></span> <span class='ocrx_word' id='word_1_196' title='bbox 1615 2289 1810 2347; x_wconf 82' lang='lat' dir='ltr'><strong>Christi</strong></span> <span class='ocrx_word' id='word_1_197' title='bbox 1840 2291 1911 2346; x_wconf 88' lang='lat' dir='ltr'><strong>sit</strong></span> 
     </span>
    </p>
   </div>
   <div class='ocr_carea' id='block_1_22' title="bbox 319 2375 1908 2453">
    <p class='ocr_par' dir='ltr' id='par_1_22' title="bbox 319 2375 1908 2453">
     <span class='ocr_line' id='line_1_22' title="bbox 319 2375 1908 2453; baseline 0.004 -24"><span class='ocrx_word' id='word_1_198' title='bbox 319 2375 567 2430; x_wconf 78' lang='lat' dir='ltr'><strong>fructus?</strong></span> <span class='ocrx_word' id='word_1_199' title='bbox 611 2389 832 2448; x_wconf 87' lang='lat' dir='ltr'><strong>propter</strong></span> <span class='ocrx_word' id='word_1_200' title='bbox 876 2381 1017 2434; x_wconf 82' lang='lat' dir='ltr'><strong>illam</strong></span> <span class='ocrx_word' id='word_1_201' title='bbox 1057 2397 1211 2436; x_wconf 88' lang='lat' dir='ltr'><strong>ovem</strong></span> <span class='ocrx_word' id='word_1_202' title='bbox 1238 2382 1491 2453; x_wconf 73' lang='lat' dir='ltr'><strong>jugulata:</strong></span> <span class='ocrx_word' id='word_1_203' title='bbox 1537 2391 1660 2437; x_wconf 90' lang='lat' dir='ltr'><strong>sunt</strong></span> <span class='ocrx_word' id='word_1_204' title='bbox 1707 2382 1788 2436; x_wconf 68' lang='lat' dir='ltr'><strong>hae</strong></span> <span class='ocrx_word' id='word_1_205' title='bbox 1817 2381 1908 2451; x_wconf 89' lang='lat' dir='ltr'><strong>ju-</strong></span> 
     </span>
    </p>
   </div>
   <div class='ocr_carea' id='block_1_23' title="bbox 319 2471 1909 2544">
    <p class='ocr_par' dir='ltr' id='par_1_23' title="bbox 319 2471 1909 2544">
     <span class='ocr_line' id='line_1_23' title="bbox 319 2471 1909 2544; baseline 0.007 -25"><span class='ocrx_word' id='word_1_206' title='bbox 319 2483 522 2532; x_wconf 78' lang='lat' dir='ltr'><strong>vcncte,</strong></span> <span class='ocrx_word' id='word_1_207' title='bbox 564 2482 783 2540; x_wconf 83' lang='lat' dir='ltr'><strong>propter</strong></span> <span class='ocrx_word' id='word_1_208' title='bbox 830 2471 981 2526; x_wconf 90' lang='lat' dir='ltr'><strong>illum</strong></span> <span class='ocrx_word' id='word_1_209' title='bbox 1028 2488 1224 2542; x_wconf 79' lang='lat' dir='ltr'><strong>agnum</strong></span> <span class='ocrx_word' id='word_1_210' title='bbox 1279 2473 1362 2528; x_wconf 76' lang='lat' dir='ltr'><strong>hae</strong></span> <span class='ocrx_word' id='word_1_211' title='bbox 1390 2475 1642 2540; x_wconf 63' lang='lat' dir='ltr'><strong>victimae,</strong></span> <span class='ocrx_word' id='word_1_212' title='bbox 1683 2483 1909 2544; x_wconf 81' lang='lat' dir='ltr'><strong>propter</strong></span> 
     </span>
    </p>
   </div>
   <div class='ocr_carea' id='block_1_24' title="bbox 319 2560 1905 2637">
    <p class='ocr_par' dir='ltr' id='par_1_24' title="bbox 319 2560 1905 2637">
     <span class='ocr_line' id='line_1_24' title="bbox 319 2560 1905 2637; baseline 0.005 -23"><span class='ocrx_word' id='word_1_213' title='bbox 319 2560 446 2615; x_wconf 85' lang='lat' dir='ltr'><strong>illud</strong></span> <span class='ocrx_word' id='word_1_214' title='bbox 466 2561 786 2617; x_wconf 89' lang='lat' dir='ltr'><strong>sacriﬁcium</strong></span> <span class='ocrx_word' id='word_1_215' title='bbox 817 2563 900 2620; x_wconf 69' lang='lat' dir='ltr'><strong>ha:</strong></span> <span class='ocrx_word' id='word_1_216' title='bbox 926 2565 1225 2622; x_wconf 88' lang='lat' dir='ltr'><strong>oblationes</strong></span> <span class='ocrx_word' id='word_1_217' title='bbox 1255 2584 1268 2621; x_wconf 91' lang='lat'><strong>:</strong></span> <span class='ocrx_word' id='word_1_218' title='bbox 1301 2567 1537 2622; x_wconf 83' lang='lat' dir='ltr'><strong>noridum</strong></span> <span class='ocrx_word' id='word_1_219' title='bbox 1568 2568 1753 2637; x_wconf 79' lang='lat' dir='ltr'><strong>viginti</strong></span> <span class='ocrx_word' id='word_1_220' title='bbox 1795 2568 1905 2622; x_wconf 87' lang='lat' dir='ltr'><strong>ela-</strong></span> 
     </span>
    </p>
   </div>
   <div class='ocr_carea' id='block_1_25' title="bbox 315 2655 1904 2732">
    <p class='ocr_par' dir='ltr' id='par_1_25' title="bbox 315 2655 1904 2732">
     <span class='ocr_line' id='line_1_25' title="bbox 315 2655 1904 2732; baseline 0.004 -23"><span class='ocrx_word' id='word_1_221' title='bbox 315 2655 394 2724; x_wconf 86' lang='lat' dir='ltr'><strong>psi</strong></span> <span class='ocrx_word' id='word_1_222' title='bbox 423 2665 548 2710; x_wconf 85' lang='lat' dir='ltr'><strong>sunt</strong></span> <span class='ocrx_word' id='word_1_223' title='bbox 571 2655 707 2722; x_wconf 83' lang='lat' dir='ltr'><strong>dies,</strong></span> <span class='ocrx_word' id='word_1_224' title='bbox 735 2667 791 2714; x_wconf 89' lang='lat' dir='ltr'><strong>et</strong></span> <span class='ocrx_word' id='word_1_225' title='bbox 836 2659 1015 2714; x_wconf 89' lang='lat' dir='ltr'><strong>subito</strong></span> <span class='ocrx_word' id='word_1_226' title='bbox 1059 2661 1259 2730; x_wconf 79' lang='lat' dir='ltr'><strong>lignum</strong></span> <span class='ocrx_word' id='word_1_227' title='bbox 1290 2663 1468 2717; x_wconf 86' lang='lat' dir='ltr'><strong>crucis</strong></span> <span class='ocrx_word' id='word_1_228' title='bbox 1495 2662 1753 2732; x_wconf 68' lang='lat' dir='ltr'><strong>prmelara</strong></span> <span class='ocrx_word' id='word_1_229' title='bbox 1779 2677 1904 2732; x_wconf 83' lang='lat' dir='ltr'><strong>ger-</strong></span> 
     </span>
    </p>
   </div>
   <div class='ocr_carea' id='block_1_26' title="bbox 315 2749 1903 2822">
    <p class='ocr_par' dir='ltr' id='par_1_26' title="bbox 315 2749 1903 2822">
     <span class='ocr_line' id='line_1_26' title="bbox 315 2749 1903 2822; baseline 0.003 -20"><span class='ocrx_word' id='word_1_230' title='bbox 315 2749 454 2802; x_wconf 89' lang='lat' dir='ltr'><strong>mina</strong></span> <span class='ocrx_word' id='word_1_231' title='bbox 505 2759 795 2821; x_wconf 82' lang='lat' dir='ltr'><strong>martyrum</strong></span> <span class='ocrx_word' id='word_1_232' title='bbox 834 2752 1154 2822; x_wconf 80' lang='lat' dir='ltr'><strong>germinavit</strong></span> <span class='ocrx_word' id='word_1_233' title='bbox 1189 2771 1201 2806; x_wconf 91' lang='lat'>:</span> <span class='ocrx_word' id='word_1_234' title='bbox 1235 2753 1350 2808; x_wconf 77' lang='lat' dir='ltr'><strong>inec</strong></span> <span class='ocrx_word' id='word_1_235' title='bbox 1399 2754 1543 2808; x_wconf 91' lang='lat' dir='ltr'><strong>enim</strong></span> <span class='ocrx_word' id='word_1_236' title='bbox 1590 2753 1717 2808; x_wconf 84' lang='lat' dir='ltr'><strong>sunt</strong></span> <span class='ocrx_word' id='word_1_237' title='bbox 1762 2752 1903 2807; x_wconf 88' lang='lat' dir='ltr'><strong>illius</strong></span> 
     </span>
    </p>
   </div>
   <div class='ocr_carea' id='block_1_27' title="bbox 314 2840 1898 2914">
    <p class='ocr_par' dir='ltr' id='par_1_27' title="bbox 314 2840 1898 2914">
     <span class='ocr_line' id='line_1_27' title="bbox 314 2840 1898 2914; baseline 0.004 -22"><span class='ocrx_word' id='word_1_238' title='bbox 314 2840 504 2894; x_wconf 86' lang='lat' dir='ltr'><strong>mortis</strong></span> <span class='ocrx_word' id='word_1_239' title='bbox 524 2855 705 2910; x_wconf 88' lang='lat' dir='ltr'><strong>opera.</strong></span> <span class='ocrx_word' id='word_1_240' title='bbox 729 2841 862 2897; x_wconf 84' lang='lat' dir='ltr'><strong>Vide</strong></span> <span class='ocrx_word' id='word_1_241' title='bbox 891 2844 1051 2914; x_wconf 79' lang='lat' dir='ltr'><strong>igitur</strong></span> <span class='ocrx_word' id='word_1_242' title='bbox 1071 2860 1278 2909; x_wconf 88' lang='lat' dir='ltr'><strong>eorum,</strong></span> <span class='ocrx_word' id='word_1_243' title='bbox 1306 2859 1423 2914; x_wconf 69' lang='lat' dir='ltr'><strong>qua:</strong></span> <span class='ocrx_word' id='word_1_244' title='bbox 1449 2854 1559 2898; x_wconf 89' lang='lat' dir='ltr'><strong>tum</strong></span> <span class='ocrx_word' id='word_1_245' title='bbox 1586 2845 1727 2900; x_wconf 85' lang='lat' dir='ltr'><strong>dicta</strong></span> <span class='ocrx_word' id='word_1_246' title='bbox 1754 2854 1898 2911; x_wconf 89' lang='lat' dir='ltr'><strong>sunt,</strong></span> 
     </span>
    </p>
   </div>
   <div class='ocr_carea' id='block_1_28' title="bbox 312 2930 1898 3002">
    <p class='ocr_par' dir='ltr' id='par_1_28' title="bbox 312 2930 1898 3002">
     <span class='ocr_line' id='line_1_28' title="bbox 312 2930 1898 3002; baseline 0.005 -18"><span class='ocrx_word' id='word_1_247' title='bbox 312 2930 566 2998; x_wconf 82' lang='lat' dir='ltr'><strong>operibus</strong></span> <span class='ocrx_word' id='word_1_248' title='bbox 623 2931 754 3002; x_wconf 77' lang='lat' dir='ltr'><strong>ipsis</strong></span> <span class='ocrx_word' id='word_1_249' title='bbox 787 2934 1080 2989; x_wconf 81' lang='lat' dir='ltr'><strong>exhibitam</strong></span> <span class='ocrx_word' id='word_1_250' title='bbox 1139 2936 1298 2991; x_wconf 82' lang='lat' dir='ltr'><strong>hodie</strong></span> <span class='ocrx_word' id='word_1_251' title='bbox 1358 2931 1898 2992; x_wconf 77' lang='lat' dir='ltr'><strong>demonstrationem.</strong></span> 
     </span>
    </p>
   </div>
   <div class='ocr_carea' id='block_1_29' title="bbox 310 3022 1901 3099">
    <p class='ocr_par' dir='ltr' id='par_1_29' title="bbox 310 3022 1901 3099">
     <span class='ocr_line' id='line_1_29' title="bbox 310 3022 1901 3099; baseline 0.004 -22"><span class='ocrx_word' id='word_1_252' title='bbox 310 3022 442 3077; x_wconf 81' lang='lat' dir='ltr'><strong>Tum</strong></span> <span class='ocrx_word' id='word_1_253' title='bbox 475 3023 714 3079; x_wconf 80' lang='lat' dir='ltr'><strong>dicebam</strong></span> <span class='ocrx_word' id='word_1_254' title='bbox 747 3044 760 3082; x_wconf 91' lang='lat'>:</span> <span class='ocrx_word' id='word_1_255' title='bbox 796 3026 1040 3081; x_wconf 83' lang='lat' dir='ltr'><strong>Contrivil</strong></span> <span class='ocrx_word' id='word_1_256' title='bbox 1062 3038 1234 3096; x_wconf 78' lang='lat' dir='ltr'><strong>portas</strong></span> <span class='ocrx_word' id='word_1_257' title='bbox 1257 3044 1435 3096; x_wconf 64' lang='lat' dir='ltr'><strong>aereas,</strong></span> <span class='ocrx_word' id='word_1_258' title='bbox 1461 3037 1505 3083; x_wconf 82' lang='lat' dir='ltr'><strong>et</strong></span> <span class='ocrx_word' id='word_1_259' title='bbox 1532 3039 1688 3084; x_wconf 75' lang='lat' dir='ltr'><strong>vectes</strong></span> <span class='ocrx_word' id='word_1_260' title='bbox 1712 3031 1901 3099; x_wconf 71' lang='lat' dir='ltr'><strong>{eri-eos</strong></span> 
     </span>
    </p>
   </div>
   <div class='ocr_carea' id='block_1_30' title="bbox 309 3115 1900 3191">
    <p class='ocr_par' dir='ltr' id='par_1_30' title="bbox 309 3115 1900 3191">
     <span class='ocr_line' id='line_1_30' title="bbox 309 3115 1900 3191; baseline 0.006 -24"><span class='ocrx_word' id='word_1_261' title='bbox 309 3115 558 3186; x_wconf 78' lang='lat' dir='ltr'><strong>confregit</strong></span> <span class='ocrx_word' id='word_1_262' title='bbox 603 3116 1052 3191; x_wconf 64' lang='lat' dir='ltr'><strong>(PsalJOﬁJii)</strong></span> <span class='ocrx_word' id='word_1_263' title='bbox 1087 3133 1102 3172; x_wconf 89' lang='lat'><strong>:</strong></span> <span class='ocrx_word' id='word_1_264' title='bbox 1145 3119 1260 3175; x_wconf 72' lang='lat' dir='ltr'><strong>hare</strong></span> <span class='ocrx_word' id='word_1_265' title='bbox 1305 3122 1556 3190; x_wconf 87' lang='lat' dir='ltr'><strong>operibus</strong></span> <span class='ocrx_word' id='word_1_266' title='bbox 1602 3121 1762 3176; x_wconf 87' lang='lat' dir='ltr'><strong>hodie</strong></span> <span class='ocrx_word' id='word_1_267' title='bbox 1806 3121 1900 3176; x_wconf 81' lang='lat' dir='ltr'><strong>de-</strong></span> 
     </span>
    </p>
   </div>
   <div class='ocr_carea' id='block_1_31' title="bbox 309 3209 1899 3283">
    <p class='ocr_par' dir='ltr' id='par_1_31' title="bbox 309 3209 1899 3283">
     <span class='ocr_line' id='line_1_31' title="bbox 309 3209 1899 3283; baseline 0.006 -23"><span class='ocrx_word' id='word_1_268' title='bbox 309 3219 696 3264; x_wconf 78' lang='lat' dir='ltr'><strong>monstrantur.</strong></span> <span class='ocrx_word' id='word_1_269' title='bbox 723 3209 832 3264; x_wconf 83' lang='lat' dir='ltr'><strong>Nisi</strong></span> <span class='ocrx_word' id='word_1_270' title='bbox 856 3211 996 3265; x_wconf 88' lang='lat' dir='ltr'><strong>enim</strong></span> <span class='ocrx_word' id='word_1_271' title='bbox 1022 3221 1200 3280; x_wconf 87' lang='lat' dir='ltr'><strong>portas</strong></span> <span class='ocrx_word' id='word_1_272' title='bbox 1221 3227 1389 3268; x_wconf 74' lang='lat' dir='ltr'><strong>teneas</strong></span> <span class='ocrx_word' id='word_1_273' title='bbox 1405 3215 1766 3283; x_wconf 81' lang='lat' dir='ltr'><strong>contrivisset,</strong></span> <span class='ocrx_word' id='word_1_274' title='bbox 1793 3214 1899 3269; x_wconf 85' lang='lat' dir='ltr'><strong>illis</strong></span> 
     </span>
    </p>
   </div>
   <div class='ocr_carea' id='block_1_32' title="bbox 305 3298 1893 3374">
    <p class='ocr_par' dir='ltr' id='par_1_32' title="bbox 305 3298 1893 3374">
     <span class='ocr_line' id='line_1_32' title="bbox 305 3298 1893 3374; baseline 0.003 -21"><span class='ocrx_word' id='word_1_275' title='bbox 305 3298 502 3354; x_wconf 87' lang='lat' dir='ltr'><strong>clausis</strong></span> <span class='ocrx_word' id='word_1_276' title='bbox 523 3301 776 3356; x_wconf 86' lang='lat' dir='ltr'><strong>mulieres</strong></span> <span class='ocrx_word' id='word_1_277' title='bbox 803 3310 911 3356; x_wconf 88' lang='lat' dir='ltr'><strong>tam</strong></span> <span class='ocrx_word' id='word_1_278' title='bbox 943 3301 1100 3358; x_wconf 78' lang='lat' dir='ltr'><strong>facile</strong></span> <span class='ocrx_word' id='word_1_279' title='bbox 1130 3303 1338 3374; x_wconf 79' lang='lat' dir='ltr'><strong>ingredi</strong></span> <span class='ocrx_word' id='word_1_280' title='bbox 1360 3321 1504 3358; x_wconf 70' lang='lat' dir='ltr'><strong>ausae</strong></span> <span class='ocrx_word' id='word_1_281' title='bbox 1549 3321 1654 3359; x_wconf 92' lang='lat' dir='ltr'><strong>non</strong></span> <span class='ocrx_word' id='word_1_282' title='bbox 1676 3316 1893 3361; x_wconf 85' lang='lat' dir='ltr'><strong>essent:</strong></span> 
     </span>
    </p>
   </div>
   <div class='ocr_carea' id='block_1_33' title="bbox 305 3390 1897 3466">
    <p class='ocr_par' dir='ltr' id='par_1_33' title="bbox 305 3390 1897 3466">
     <span class='ocr_line' id='line_1_33' title="bbox 305 3390 1897 3466; baseline 0.004 -22"><span class='ocrx_word' id='word_1_283' title='bbox 305 3390 405 3445; x_wconf 88' lang='lat' dir='ltr'><strong>nisi</strong></span> <span class='ocrx_word' id='word_1_284' title='bbox 446 3390 678 3446; x_wconf 84' lang='lat' dir='ltr'><strong>ferreum</strong></span> <span class='ocrx_word' id='word_1_285' title='bbox 706 3401 911 3448; x_wconf 87' lang='lat' dir='ltr'><strong>vectem</strong></span> <span class='ocrx_word' id='word_1_286' title='bbox 933 3392 1305 3465; x_wconf 76' lang='lat' dir='ltr'><strong>confregisset,</strong></span> <span class='ocrx_word' id='word_1_287' title='bbox 1337 3411 1443 3450; x_wconf 88' lang='lat' dir='ltr'><strong>non</strong></span> <span class='ocrx_word' id='word_1_288' title='bbox 1468 3397 1767 3466; x_wconf 90' lang='lat' dir='ltr'><strong>potuissent</strong></span> <span class='ocrx_word' id='word_1_289' title='bbox 1795 3399 1897 3450; x_wconf 82' lang='lat' dir='ltr'><strong>vir-</strong></span> 
     </span>
    </p>
   </div>
   <div class='ocr_carea' id='block_1_34' title="bbox 302 3484 1896 3554">
    <p class='ocr_par' dir='ltr' id='par_1_34' title="bbox 302 3484 1896 3554">
     <span class='ocr_line' id='line_1_34' title="bbox 302 3484 1896 3554; baseline 0.004 -18"><span class='ocrx_word' id='word_1_290' title='bbox 302 3485 456 3553; x_wconf 78' lang='lat' dir='ltr'><strong>gines</strong></span> <span class='ocrx_word' id='word_1_291' title='bbox 483 3484 655 3554; x_wconf 91' lang='lat' dir='ltr'><strong>ipsum</strong></span> <span class='ocrx_word' id='word_1_292' title='bbox 695 3487 908 3542; x_wconf 81' lang='lat' dir='ltr'><strong>auferre</strong></span> <span class='ocrx_word' id='word_1_293' title='bbox 948 3504 963 3544; x_wconf 87' lang='lat'><strong>:</strong></span> <span class='ocrx_word' id='word_1_294' title='bbox 1006 3488 1108 3542; x_wconf 91' lang='lat' dir='ltr'><strong>nisi</strong></span> <span class='ocrx_word' id='word_1_295' title='bbox 1153 3487 1392 3543; x_wconf 82' lang='lat' dir='ltr'><strong>inutilem</strong></span> <span class='ocrx_word' id='word_1_296' title='bbox 1416 3503 1686 3546; x_wconf 88' lang='lat' dir='ltr'><strong>carcerem</strong></span> <span class='ocrx_word' id='word_1_297' title='bbox 1717 3490 1896 3545; x_wconf 85' lang='lat' dir='ltr'><strong>reddi-</strong></span> 
     </span>
    </p>
   </div>
   <div class='ocr_carea' id='block_1_35' title="bbox 302 3577 1895 3654">
    <p class='ocr_par' dir='ltr' id='par_1_35' title="bbox 302 3577 1895 3654">
     <span class='ocr_line' id='line_1_35' title="bbox 302 3577 1895 3654; baseline 0.005 -25"><span class='ocrx_word' id='word_1_298' title='bbox 302 3577 502 3645; x_wconf 87' lang='lat' dir='ltr'><strong>disset,</strong></span> <span class='ocrx_word' id='word_1_299' title='bbox 537 3595 640 3634; x_wconf 92' lang='lat' dir='ltr'><strong>non</strong></span> <span class='ocrx_word' id='word_1_300' title='bbox 694 3587 838 3634; x_wconf 79' lang='lat' dir='ltr'><strong>tanta</strong></span> <span class='ocrx_word' id='word_1_301' title='bbox 885 3594 1006 3634; x_wconf 89' lang='lat' dir='ltr'><strong>cum</strong></span> <span class='ocrx_word' id='word_1_302' title='bbox 1056 3581 1379 3636; x_wconf 82' lang='lat' dir='ltr'><strong>confidentia</strong></span> <span class='ocrx_word' id='word_1_303' title='bbox 1421 3594 1684 3654; x_wconf 75' lang='lat' dir='ltr'><strong>martyres</strong></span> <span class='ocrx_word' id='word_1_304' title='bbox 1713 3592 1895 3638; x_wconf 84' lang='lat' dir='ltr'><strong>essent</strong></span> 
     </span>
    </p>
   </div>
   <div class='ocr_carea' id='block_1_36' title="bbox 303 3669 1894 3741">
    <p class='ocr_par' dir='ltr' id='par_1_36' title="bbox 303 3669 1894 3741">
     <span class='ocr_line' id='line_1_36' title="bbox 303 3669 1894 3741; baseline 0.006 -19"><span class='ocrx_word' id='word_1_305' title='bbox 303 3669 574 3740; x_wconf 64' lang='lat' dir='ltr'><strong>ingressar.</strong></span> <span class='ocrx_word' id='word_1_306' title='bbox 625 3671 943 3728; x_wconf 72' lang='lat' dir='ltr'><strong>Benedictus</strong></span> <span class='ocrx_word' id='word_1_307' title='bbox 989 3674 1147 3741; x_wconf 84' lang='lat' dir='ltr'><strong>Deus,</strong></span> <span class='ocrx_word' id='word_1_308' title='bbox 1179 3675 1373 3729; x_wconf 90' lang='lat' dir='ltr'><strong>mulier</strong></span> <span class='ocrx_word' id='word_1_309' title='bbox 1418 3674 1484 3729; x_wconf 87' lang='lat' dir='ltr'><strong>ad</strong></span> <span class='ocrx_word' id='word_1_310' title='bbox 1543 3684 1770 3730; x_wconf 89' lang='lat' dir='ltr'><strong>mortem</strong></span> <span class='ocrx_word' id='word_1_311' title='bbox 1811 3684 1894 3731; x_wconf 88' lang='lat' dir='ltr'><strong>est</strong></span> 
     </span>
    </p>
   </div>
   <div class='ocr_carea' id='block_1_37' title="bbox 302 3761 1889 3836">
    <p class='ocr_par' dir='ltr' id='par_1_37' title="bbox 302 3761 1889 3836">
     <span class='ocr_line' id='line_1_37' title="bbox 302 3761 1889 3836; baseline 0.006 -22"><span class='ocrx_word' id='word_1_312' title='bbox 302 3761 602 3830; x_wconf 83' lang='lat' dir='ltr'><strong>intrepida;</strong></span> <span class='ocrx_word' id='word_1_313' title='bbox 650 3764 862 3830; x_wconf 89' lang='lat' dir='ltr'><strong>mulier,</strong></span> <span class='ocrx_word' id='word_1_314' title='bbox 909 3779 1030 3836; x_wconf 66' lang='lat' dir='ltr'><strong>quas</strong></span> <span class='ocrx_word' id='word_1_315' title='bbox 1054 3774 1282 3821; x_wconf 87' lang='lat' dir='ltr'><strong>mortem</strong></span> <span class='ocrx_word' id='word_1_316' title='bbox 1301 3767 1352 3822; x_wconf 92' lang='lat' dir='ltr'><strong>in</strong></span> <span class='ocrx_word' id='word_1_317' title='bbox 1379 3775 1620 3822; x_wconf 90' lang='lat' dir='ltr'><strong>naturam</strong></span> <span class='ocrx_word' id='word_1_318' title='bbox 1651 3777 1889 3823; x_wconf 87' lang='lat' dir='ltr'><strong>nostram</strong></span> 
     </span>
    </p>
   </div>
   <div class='ocr_carea' id='block_1_38' title="bbox 299 3853 1887 3928">
    <p class='ocr_par' dir='ltr' id='par_1_38' title="bbox 299 3853 1887 3928">
     <span class='ocr_line' id='line_1_38' title="bbox 299 3853 1887 3928; baseline 0.007 -22"><span class='ocrx_word' id='word_1_319' title='bbox 299 3853 519 3920; x_wconf 78' lang='lat' dir='ltr'><strong>invexit,</strong></span> <span class='ocrx_word' id='word_1_320' title='bbox 571 3857 847 3928; x_wconf 89' lang='lat' dir='ltr'><strong>antiquum</strong></span> <span class='ocrx_word' id='word_1_321' title='bbox 882 3857 1081 3914; x_wconf 86' lang='lat' dir='ltr'><strong>diaboli</strong></span> <span class='ocrx_word' id='word_1_322' title='bbox 1123 3860 1286 3915; x_wconf 89' lang='lat' dir='ltr'><strong>telum</strong></span> <span class='ocrx_word' id='word_1_323' title='bbox 1317 3903 1332 3927; x_wconf 97' lang='lat'><strong>,</strong></span> <span class='ocrx_word' id='word_1_324' title='bbox 1394 3860 1496 3916; x_wconf 90' lang='lat' dir='ltr'><strong>hoc</strong></span> <span class='ocrx_word' id='word_1_325' title='bbox 1534 3861 1730 3916; x_wconf 89' lang='lat' dir='ltr'><strong>diaboli</strong></span> <span class='ocrx_word' id='word_1_326' title='bbox 1782 3863 1887 3917; x_wconf 89' lang='lat' dir='ltr'><strong>vim</strong></span> 
     </span>
    </p>
   </div>
   <div class='ocr_carea' id='block_1_39' title="bbox 299 3950 1884 4026">
    <p class='ocr_par' dir='ltr' id='par_1_39' title="bbox 299 3950 1884 4026">
     <span class='ocr_line' id='line_1_39' title="bbox 299 3950 1884 4026; baseline 0.004 -24"><span class='ocrx_word' id='word_1_327' title='bbox 299 3950 580 4016; x_wconf 68' lang='lat' dir='ltr'><strong>prostravit</strong></span> <span class='ocrx_word' id='word_1_328' title='bbox 607 3967 622 4016; x_wconf 87' lang='lat'><strong>;</strong></span> <span class='ocrx_word' id='word_1_329' title='bbox 653 3951 922 4006; x_wconf 85' lang='lat' dir='ltr'><strong>inﬁrmum</strong></span> <span class='ocrx_word' id='word_1_330' title='bbox 956 3956 1224 4010; x_wconf 86' lang='lat' dir='ltr'><strong>vasculum</strong></span> <span class='ocrx_word' id='word_1_331' title='bbox 1255 3963 1310 4010; x_wconf 90' lang='lat' dir='ltr'><strong>et</strong></span> <span class='ocrx_word' id='word_1_332' title='bbox 1345 3955 1552 4026; x_wconf 86' lang='lat' dir='ltr'><strong>injuriis</strong></span> <span class='ocrx_word' id='word_1_333' title='bbox 1574 3956 1884 4023; x_wconf 78' lang='lat' dir='ltr'><strong>obnoxium,</strong></span> 
     </span>
    </p>
   </div>
   <div class='ocr_carea' id='block_1_40' title="bbox 298 4042 1887 4116">
    <p class='ocr_par' dir='ltr' id='par_1_40' title="bbox 298 4042 1887 4116">
     <span class='ocr_line' id='line_1_40' title="bbox 298 4042 1887 4116; baseline 0.008 -22"><span class='ocrx_word' id='word_1_334' title='bbox 298 4042 457 4096; x_wconf 90' lang='lat' dir='ltr'><strong>telum</strong></span> <span class='ocrx_word' id='word_1_335' title='bbox 505 4042 699 4097; x_wconf 82' lang='lat' dir='ltr'><strong>factum</strong></span> <span class='ocrx_word' id='word_1_336' title='bbox 735 4053 816 4100; x_wconf 88' lang='lat' dir='ltr'><strong>est</strong></span> <span class='ocrx_word' id='word_1_337' title='bbox 871 4047 1274 4116; x_wconf 86' lang='lat' dir='ltr'><strong>insuperabile:</strong></span> <span class='ocrx_word' id='word_1_338' title='bbox 1333 4049 1586 4106; x_wconf 86' lang='lat' dir='ltr'><strong>mulieres</strong></span> <span class='ocrx_word' id='word_1_339' title='bbox 1630 4051 1887 4106; x_wconf 72' lang='lat' dir='ltr'><strong>adversiis</strong></span> 
     </span>
    </p>
   </div>
   <div class='ocr_carea' id='block_1_41' title="bbox 295 4135 1886 4212">
    <p class='ocr_par' dir='ltr' id='par_1_41' title="bbox 295 4135 1886 4212">
     <span class='ocr_line' id='line_1_41' title="bbox 295 4135 1886 4212; baseline 0.009 -27"><span class='ocrx_word' id='word_1_340' title='bbox 295 4144 524 4189; x_wconf 90' lang='lat' dir='ltr'><strong>mortem</strong></span> <span class='ocrx_word' id='word_1_341' title='bbox 573 4135 804 4193; x_wconf 85' lang='lat' dir='ltr'><strong>audaces</strong></span> <span class='ocrx_word' id='word_1_342' title='bbox 849 4151 1012 4193; x_wconf 87' lang='lat' dir='ltr'><strong>sunt:</strong></span> <span class='ocrx_word' id='word_1_343' title='bbox 1047 4143 1167 4211; x_wconf 83' lang='lat' dir='ltr'><strong>quis</strong></span> <span class='ocrx_word' id='word_1_344' title='bbox 1207 4157 1313 4197; x_wconf 89' lang='lat' dir='ltr'><strong>non</strong></span> <span class='ocrx_word' id='word_1_345' title='bbox 1341 4143 1721 4212; x_wconf 79' lang='lat' dir='ltr'><strong>Obstupescat?</strong></span> <span class='ocrx_word' id='word_1_346' title='bbox 1751 4144 1886 4198; x_wconf 82' lang='lat' dir='ltr'><strong>Eru-</strong></span> 
     </span>
    </p>
   </div>
   <div class='ocr_carea' id='block_1_42' title="bbox 294 4223 1881 4306">
    <p class='ocr_par' dir='ltr' id='par_1_42' title="bbox 294 4223 1881 4306">
     <span class='ocr_line' id='line_1_42' title="bbox 294 4223 1881 4306; baseline 0.008 -26"><span class='ocrx_word' id='word_1_347' title='bbox 294 4223 514 4282; x_wconf 82' lang='lat' dir='ltr'><strong>bescant</strong></span> <span class='ocrx_word' id='word_1_348' title='bbox 541 4230 786 4299; x_wconf 77' lang='lat' dir='ltr'><strong>gentiles,</strong></span> <span class='ocrx_word' id='word_1_349' title='bbox 831 4232 1102 4301; x_wconf 86' lang='lat' dir='ltr'><strong>pudeﬁant</strong></span> <span class='ocrx_word' id='word_1_350' title='bbox 1147 4231 1335 4301; x_wconf 76' lang='lat' dir='ltr'><strong>Judaei,</strong></span> <span class='ocrx_word' id='word_1_351' title='bbox 1367 4237 1457 4306; x_wconf 89' lang='lat' dir='ltr'><strong>qui</strong></span> <span class='ocrx_word' id='word_1_352' title='bbox 1505 4239 1881 4293; x_wconf 87' lang='lat' dir='ltr'><strong>resurrectioni</strong></span> 
     </span>
    </p>
   </div>
   <div class='ocr_carea' id='block_1_43' title="bbox 293 4315 1883 4400">
    <p class='ocr_par' dir='ltr' id='par_1_43' title="bbox 293 4315 1883 4400">
     <span class='ocr_line' id='line_1_43' title="bbox 293 4315 1883 4400; baseline 0.008 -28"><span class='ocrx_word' id='word_1_353' title='bbox 293 4315 489 4375; x_wconf 79' lang='lat' dir='ltr'><strong>Christi</strong></span> <span class='ocrx_word' id='word_1_354' title='bbox 522 4337 628 4375; x_wconf 91' lang='lat' dir='ltr'><strong>non</strong></span> <span class='ocrx_word' id='word_1_355' title='bbox 657 4323 898 4378; x_wconf 87' lang='lat' dir='ltr'><strong>credunt.</strong></span> <span class='ocrx_word' id='word_1_356' title='bbox 924 4325 1076 4393; x_wconf 85' lang='lat' dir='ltr'><strong>Quod</strong></span> <span class='ocrx_word' id='word_1_357' title='bbox 1099 4329 1265 4393; x_wconf 88' lang='lat' dir='ltr'><strong>enim,</strong></span> <span class='ocrx_word' id='word_1_358' title='bbox 1296 4344 1499 4399; x_wconf 79' lang='lat' dir='ltr'><strong>quaeso,</strong></span> <span class='ocrx_word' id='word_1_359' title='bbox 1529 4329 1701 4399; x_wconf 89' lang='lat' dir='ltr'><strong>majus</strong></span> <span class='ocrx_word' id='word_1_360' title='bbox 1727 4345 1883 4400; x_wconf 81' lang='lat' dir='ltr'><strong>argn-</strong></span> 
     </span>
    </p>
   </div>
   <div class='ocr_carea' id='block_1_44' title="bbox 293 4417 1882 4489">
    <p class='ocr_par' dir='ltr' id='par_1_44' title="bbox 293 4417 1882 4489">
     <span class='ocr_line' id='line_1_44' title="bbox 293 4417 1882 4489; baseline 0.008 -26"><span class='ocrx_word' id='word_1_361' title='bbox 293 4420 531 4466; x_wconf 86' lang='lat' dir='ltr'><strong>mentum</strong></span> <span class='ocrx_word' id='word_1_362' title='bbox 584 4417 996 4472; x_wconf 85' lang='lat' dir='ltr'><strong>resurrectionis</strong></span> <span class='ocrx_word' id='word_1_363' title='bbox 1039 4421 1258 4489; x_wconf 68' lang='lat' dir='ltr'><strong>quaeris,</strong></span> <span class='ocrx_word' id='word_1_364' title='bbox 1312 4433 1432 4476; x_wconf 91' lang='lat' dir='ltr'><strong>cum</strong></span> <span class='ocrx_word' id='word_1_365' title='bbox 1474 4429 1677 4476; x_wconf 86' lang='lat' dir='ltr'><strong>tantam</strong></span> <span class='ocrx_word' id='word_1_366' title='bbox 1700 4421 1882 4477; x_wconf 86' lang='lat' dir='ltr'><strong>videas</strong></span> 
     </span>
    </p>
   </div>
   <div class='ocr_carea' id='block_1_45' title="bbox 290 4503 1881 4569">
    <p class='ocr_par' dir='ltr' id='par_1_45' title="bbox 290 4503 1881 4569">
     <span class='ocr_line' id='line_1_45' title="bbox 290 4503 1881 4569; baseline 0.008 -13"><span class='ocrx_word' id='word_1_367' title='bbox 290 4518 468 4558; x_wconf 91' lang='lat' dir='ltr'><strong>rerum</strong></span> <span class='ocrx_word' id='word_1_368' title='bbox 496 4503 688 4561; x_wconf 78' lang='lat' dir='ltr'><strong>factum</strong></span> <span class='ocrx_word' id='word_1_369' title='bbox 713 4509 1068 4565; x_wconf 88' lang='lat' dir='ltr'><strong>mutationem</strong></span> <span class='ocrx_word' id='word_1_370' title='bbox 1092 4511 1116 4564; x_wconf 72' lang='grc' dir='ltr'>τ</span> <span class='ocrx_word' id='word_1_371' title='bbox 1141 4511 1391 4568; x_wconf 79' lang='lat' dir='ltr'><strong>Mulieres</strong></span> <span class='ocrx_word' id='word_1_372' title='bbox 1415 4513 1481 4567; x_wconf 86' lang='lat' dir='ltr'><strong>ad</strong></span> <span class='ocrx_word' id='word_1_373' title='bbox 1511 4525 1735 4569; x_wconf 88' lang='lat' dir='ltr'><strong>mortem</strong></span> <span class='ocrx_word' id='word_1_374' title='bbox 1757 4524 1881 4568; x_wconf 89' lang='lat' dir='ltr'><strong>sunt</strong></span> 
     </span>
    </p>
   </div>
   <div class='ocr_carea' id='block_1_46' title="bbox 285 4593 1878 4669">
    <p class='ocr_par' dir='ltr' id='par_1_46' title="bbox 285 4593 1878 4669">
     <span class='ocr_line' id='line_1_46' title="bbox 285 4593 1878 4669; baseline 0.008 -21"><span class='ocrx_word' id='word_1_375' title='bbox 285 4593 585 4664; x_wconf 76' lang='lat' dir='ltr'><strong>intrepitlze,</strong></span> <span class='ocrx_word' id='word_1_376' title='bbox 605 4615 718 4653; x_wconf 88' lang='lat' dir='ltr'><strong>rem</strong></span> <span class='ocrx_word' id='word_1_377' title='bbox 741 4615 860 4669; x_wconf 70' lang='lat' dir='ltr'><strong>quae</strong></span> <span class='ocrx_word' id='word_1_378' title='bbox 886 4602 969 4656; x_wconf 84' lang='lat' dir='ltr'><strong>vel</strong></span> <span class='ocrx_word' id='word_1_379' title='bbox 991 4603 1188 4659; x_wconf 85' lang='lat' dir='ltr'><strong>sanctis</strong></span> <span class='ocrx_word' id='word_1_380' title='bbox 1214 4605 1342 4660; x_wconf 77' lang='lat' dir='ltr'><strong>viris</strong></span> <span class='ocrx_word' id='word_1_381' title='bbox 1363 4615 1518 4660; x_wconf 86' lang='lat' dir='ltr'><strong>antea</strong></span> <span class='ocrx_word' id='word_1_382' title='bbox 1535 4605 1878 4662; x_wconf 76' lang='lat' dir='ltr'><strong>formidabilis</strong></span> 
     </span>
    </p>
   </div>
   <div class='ocr_carea' id='block_1_47' title="bbox 283 4687 805 4746">
    <p class='ocr_par' dir='ltr' id='par_1_47' title="bbox 283 4687 805 4746">
     <span class='ocr_line' id='line_1_47' title="bbox 283 4687 805 4746; baseline 0.015 -8"><span class='ocrx_word' id='word_1_383' title='bbox 283 4695 401 4739; x_wconf 84' lang='lat' dir='ltr'><strong>erat</strong></span> <span class='ocrx_word' id='word_1_384' title='bbox 430 4695 486 4741; x_wconf 83' lang='lat' dir='ltr'><strong>et</strong></span> <span class='ocrx_word' id='word_1_385' title='bbox 516 4687 805 4746; x_wconf 85' lang='lat' dir='ltr'><strong>horrenda.</strong></span> 
     </span>
    </p>
   </div>
   <div class='ocr_carea' id='block_1_48' title="bbox 358 4777 1877 4851">
    <p class='ocr_par' dir='ltr' id='par_1_48' title="bbox 358 4777 1877 4851">
     <span class='ocr_line' id='line_1_48' title="bbox 358 4777 1877 4851; baseline 0.012 -22"><span class='ocrx_word' id='word_1_386' title='bbox 358 4777 617 4846; x_wconf 73' lang='lat' dir='ltr'><strong>Quantum</strong></span> <span class='ocrx_word' id='word_1_387' title='bbox 638 4784 1017 4851; x_wconf 76' lang='lat' dir='ltr'><strong>reformidarint</strong></span> <span class='ocrx_word' id='word_1_388' title='bbox 1045 4797 1255 4842; x_wconf 80' lang='lat' dir='ltr'><strong>mortem</strong></span> <span class='ocrx_word' id='word_1_389' title='bbox 1277 4790 1398 4844; x_wconf 87' lang='lat' dir='ltr'><strong>olim</strong></span> <span class='ocrx_word' id='word_1_390' title='bbox 1422 4799 1701 4847; x_wconf 81' lang='lat' dir='ltr'><strong>veteres.-—</strong></span> <span class='ocrx_word' id='word_1_391' title='bbox 1723 4791 1877 4847; x_wconf 88' lang='lat' dir='ltr'><strong>Disce</strong></span> 
     </span>
    </p>
   </div>
   <div class='ocr_carea' id='block_1_49' title="bbox 279 4869 1872 4955">
    <p class='ocr_par' dir='ltr' id='par_1_49' title="bbox 279 4869 1872 4955">
     <span class='ocr_line' id='line_1_49' title="bbox 279 4869 1872 4955; baseline 0.013 -35"><span class='ocrx_word' id='word_1_392' title='bbox 279 4869 475 4936; x_wconf 74' lang='lat' dir='ltr'><strong>igitur,</strong></span> <span class='ocrx_word' id='word_1_393' title='bbox 540 4883 742 4943; x_wconf 77' lang='lat' dir='ltr'><strong>quanto</strong></span> <span class='ocrx_word' id='word_1_394' title='bbox 795 4887 939 4932; x_wconf 79' lang='lat' dir='ltr'><strong>esset</strong></span> <span class='ocrx_word' id='word_1_395' title='bbox 992 4879 1120 4933; x_wconf 89' lang='lat' dir='ltr'><strong>olim</strong></span> <span class='ocrx_word' id='word_1_396' title='bbox 1184 4881 1402 4950; x_wconf 89' lang='lat' dir='ltr'><strong>timori,</strong></span> <span class='ocrx_word' id='word_1_397' title='bbox 1447 4892 1541 4950; x_wconf 87' lang='lat' dir='ltr'><strong>ut,</strong></span> <span class='ocrx_word' id='word_1_398' title='bbox 1595 4899 1716 4939; x_wconf 91' lang='lat' dir='ltr'><strong>cum</strong></span> <span class='ocrx_word' id='word_1_399' title='bbox 1762 4889 1872 4955; x_wconf 89' lang='lat' dir='ltr'><strong>jam</strong></span> 
     </span>
    </p>
   </div>
   <div class='ocr_carea' id='block_1_50' title="bbox 279 4967 1872 5041">
    <p class='ocr_par' dir='ltr' id='par_1_50' title="bbox 279 4967 1872 5041">
     <span class='ocr_line' id='line_1_50' title="bbox 279 4967 1872 5041; baseline 0.014 -28"><span class='ocrx_word' id='word_1_400' title='bbox 279 4973 536 5030; x_wconf 87' lang='lat' dir='ltr'><strong>quantum</strong></span> <span class='ocrx_word' id='word_1_401' title='bbox 571 4967 638 5020; x_wconf 88' lang='lat' dir='ltr'><strong>sit</strong></span> <span class='ocrx_word' id='word_1_402' title='bbox 671 4967 1016 5040; x_wconf 83' lang='lat' dir='ltr'><strong>despicabilis</strong></span> <span class='ocrx_word' id='word_1_403' title='bbox 1054 4973 1272 5041; x_wconf 84' lang='lat' dir='ltr'><strong>videris,</strong></span> <span class='ocrx_word' id='word_1_404' title='bbox 1317 4978 1481 5032; x_wconf 88' lang='lat' dir='ltr'><strong>Deum</strong></span> <span class='ocrx_word' id='word_1_405' title='bbox 1523 4979 1708 5035; x_wconf 88' lang='lat' dir='ltr'><strong>laudes</strong></span> <span class='ocrx_word' id='word_1_406' title='bbox 1753 4996 1872 5036; x_wconf 83' lang='lat' dir='ltr'><strong>mn-</strong></span> 
     </span>
    </p>
   </div>
   <div class='ocr_carea' id='block_1_51' title="bbox 279 5054 1865 5141">
    <p class='ocr_par' dir='ltr' id='par_1_51' title="bbox 279 5054 1865 5141">
     <span class='ocr_line' id='line_1_51' title="bbox 279 5054 1865 5141; baseline 0.017 -39"><span class='ocrx_word' id='word_1_407' title='bbox 279 5054 498 5108; x_wconf 86' lang='lat' dir='ltr'><strong>tationis</strong></span> <span class='ocrx_word' id='word_1_408' title='bbox 536 5067 809 5114; x_wconf 79' lang='lat' dir='ltr'><strong>auctorem</strong></span> <span class='ocrx_word' id='word_1_409' title='bbox 844 5079 858 5116; x_wconf 91' lang='lat'>:</span> <span class='ocrx_word' id='word_1_410' title='bbox 891 5062 1038 5119; x_wconf 88' lang='lat' dir='ltr'><strong>disce</strong></span> <span class='ocrx_word' id='word_1_411' title='bbox 1067 5076 1259 5136; x_wconf 88' lang='lat' dir='ltr'><strong>quanta</strong></span> <span class='ocrx_word' id='word_1_412' title='bbox 1290 5070 1370 5122; x_wconf 84' lang='lat' dir='ltr'><strong>vis</strong></span> <span class='ocrx_word' id='word_1_413' title='bbox 1391 5070 1506 5139; x_wconf 86' lang='lat' dir='ltr'><strong>ejus</strong></span> <span class='ocrx_word' id='word_1_414' title='bbox 1537 5072 1681 5141; x_wconf 82' lang='lat' dir='ltr'><strong>prius</strong></span> <span class='ocrx_word' id='word_1_415' title='bbox 1706 5085 1865 5137; x_wconf 80' lang='lat' dir='ltr'><strong>es-rt,</strong></span> 
     </span>
    </p>
   </div>
   <div class='ocr_carea' id='block_1_52' title="bbox 277 5153 1868 5233">
    <p class='ocr_par' dir='ltr' id='par_1_52' title="bbox 277 5153 1868 5233">
     <span class='ocr_line' id='line_1_52' title="bbox 277 5153 1868 5233; baseline 0.018 -41"><span class='ocrx_word' id='word_1_416' title='bbox 277 5155 353 5206; x_wconf 86' lang='lat' dir='ltr'><strong>ut,</strong></span> <span class='ocrx_word' id='word_1_417' title='bbox 381 5160 505 5200; x_wconf 87' lang='lat' dir='ltr'><strong>cum</strong></span> <span class='ocrx_word' id='word_1_418' title='bbox 551 5157 750 5216; x_wconf 85' lang='lat' dir='ltr'><strong>quanta</strong></span> <span class='ocrx_word' id='word_1_419' title='bbox 793 5153 862 5206; x_wconf 88' lang='lat' dir='ltr'><strong>sit</strong></span> <span class='ocrx_word' id='word_1_420' title='bbox 914 5167 1054 5210; x_wconf 88' lang='lat' dir='ltr'><strong>nunc</strong></span> <span class='ocrx_word' id='word_1_421' title='bbox 1102 5156 1385 5214; x_wconf 90' lang='lat' dir='ltr'><strong>inﬁrmitas</strong></span> <span class='ocrx_word' id='word_1_422' title='bbox 1442 5162 1558 5229; x_wconf 83' lang='lat' dir='ltr'><strong>ejus</strong></span> <span class='ocrx_word' id='word_1_423' title='bbox 1594 5163 1868 5233; x_wconf 82' lang='lat' dir='ltr'><strong>didiceris,</strong></span> 
     </span>
    </p>
   </div>
   <div class='ocr_carea' id='block_1_53' title="bbox 273 5235 1869 5320">
    <p class='ocr_par' dir='ltr' id='par_1_53' title="bbox 273 5235 1869 5320">
     <span class='ocr_line' id='line_1_53' title="bbox 273 5235 1869 5320; baseline 0.016 -33"><span class='ocrx_word' id='word_1_424' title='bbox 273 5235 496 5291; x_wconf 72' lang='lat' dir='ltr'><strong>tLhristo</strong></span> <span class='ocrx_word' id='word_1_425' title='bbox 519 5243 720 5309; x_wconf 78' lang='lat' dir='ltr'><strong>gratias</strong></span> <span class='ocrx_word' id='word_1_426' title='bbox 757 5259 906 5314; x_wconf 72' lang='lat' dir='ltr'><strong>agas,</strong></span> <span class='ocrx_word' id='word_1_427' title='bbox 935 5248 1025 5316; x_wconf 87' lang='lat' dir='ltr'><strong>qui</strong></span> <span class='ocrx_word' id='word_1_428' title='bbox 1054 5261 1171 5304; x_wconf 88' lang='lat' dir='ltr'><strong>eam</strong></span> <span class='ocrx_word' id='word_1_429' title='bbox 1209 5268 1428 5320; x_wconf 70' lang='lat' dir='ltr'><strong>prorsus</strong></span> <span class='ocrx_word' id='word_1_430' title='bbox 1452 5258 1741 5313; x_wconf 85' lang='lat' dir='ltr'><strong>enervarit.</strong></span> <span class='ocrx_word' id='word_1_431' title='bbox 1776 5257 1869 5314; x_wconf 74' lang='lat' dir='ltr'><strong>Ni-</strong></span> 
     </span>
    </p>
   </div>
   <div class='ocr_carea' id='block_1_54' title="bbox 275 5325 1868 5419">
    <p class='ocr_par' dir='ltr' id='par_1_54' title="bbox 275 5325 1868 5419">
     <span class='ocr_line' id='line_1_54' title="bbox 275 5325 1868 5419; baseline 0.019 -42"><span class='ocrx_word' id='word_1_432' title='bbox 275 5325 351 5380; x_wconf 91' lang='lat' dir='ltr'><strong>hil</strong></span> <span class='ocrx_word' id='word_1_433' title='bbox 378 5327 468 5382; x_wconf 84' lang='lat' dir='ltr'><strong>ilia</strong></span> <span class='ocrx_word' id='word_1_434' title='bbox 502 5331 770 5390; x_wconf 85' lang='lat' dir='ltr'><strong>robustius</strong></span> <span class='ocrx_word' id='word_1_435' title='bbox 798 5337 924 5392; x_wconf 90' lang='lat' dir='ltr'><strong>olim</strong></span> <span class='ocrx_word' id='word_1_436' title='bbox 951 5349 1088 5405; x_wconf 84' lang='lat' dir='ltr'><strong>erat,</strong></span> <span class='ocrx_word' id='word_1_437' title='bbox 1111 5343 1407 5412; x_wconf 89' lang='lat' dir='ltr'><strong>carissime,</strong></span> <span class='ocrx_word' id='word_1_438' title='bbox 1452 5347 1689 5419; x_wconf 90' lang='lat' dir='ltr'><strong>nihilque</strong></span> <span class='ocrx_word' id='word_1_439' title='bbox 1715 5350 1868 5407; x_wconf 87' lang='lat' dir='ltr'><strong>nobis</strong></span> 
     </span>
    </p>
   </div>
   <div class='ocr_carea' id='block_1_55' title="bbox 273 5415 1868 5509">
    <p class='ocr_par' dir='ltr' id='par_1_55' title="bbox 273 5415 1868 5509">
     <span class='ocr_line' id='line_1_55' title="bbox 273 5415 1868 5509; baseline 0.024 -48"><span class='ocrx_word' id='word_1_440' title='bbox 273 5415 589 5476; x_wconf 82' lang='lat' dir='ltr'><strong>imbeciilius</strong></span> <span class='ocrx_word' id='word_1_441' title='bbox 618 5423 766 5493; x_wconf 84' lang='lat' dir='ltr'><strong>:jam</strong></span> <span class='ocrx_word' id='word_1_442' title='bbox 796 5441 923 5484; x_wconf 72' lang='lat' dir='ltr'><strong>vero</strong></span> <span class='ocrx_word' id='word_1_443' title='bbox 951 5431 1079 5487; x_wconf 91' lang='lat' dir='ltr'><strong>nihil</strong></span> <span class='ocrx_word' id='word_1_444' title='bbox 1105 5443 1188 5488; x_wconf 86' lang='lat' dir='ltr'><strong>est.</strong></span> <span class='ocrx_word' id='word_1_445' title='bbox 1235 5436 1319 5491; x_wconf 89' lang='lat' dir='ltr'><strong>illa</strong></span> <span class='ocrx_word' id='word_1_446' title='bbox 1352 5415 1687 5509; x_wconf 80' lang='lat' dir='ltr'><strong>imbecillius,</strong></span> <span class='ocrx_word' id='word_1_447' title='bbox 1711 5443 1868 5499; x_wconf 87' lang='lat' dir='ltr'><strong>nihil-</strong></span> 
     </span>
    </p>
   </div>
   <div class='ocr_carea' id='block_1_56' title="bbox 341 5577 1281 5654">
    <p class='ocr_par' dir='ltr' id='par_1_56' title="bbox 341 5577 1281 5654">
     <span class='ocr_line' id='line_1_56' title="bbox 341 5577 1281 5654; baseline 0.026 -33"><span class='ocrx_word' id='word_1_448' title='bbox 341 5577 414 5636; x_wconf 72' lang='grc' dir='ltr'><strong>(ιι)</strong></span> <span class='ocrx_word' id='word_1_449' title='bbox 449 5589 460 5605; x_wconf 73' lang='grc' dir='ltr'><em>σ</em></span> <span class='ocrx_word' id='word_1_450' title='bbox 480 5581 622 5630; x_wconf 68' lang='lat' dir='ltr'><strong>citata</strong></span> <span class='ocrx_word' id='word_1_451' title='bbox 643 5597 748 5632; x_wconf 80' lang='lat' dir='ltr'><strong>cum</strong></span> <span class='ocrx_word' id='word_1_452' title='bbox 772 5587 942 5640; x_wconf 70' lang='lat' dir='ltr'><strong>radice</strong></span> <span class='ocrx_word' id='word_1_453' title='bbox 973 5593 1118 5654; x_wconf 70' lang='lat' dir='ltr'><strong>Regio</strong></span> <span class='ocrx_word' id='word_1_454' title='bbox 1143 5593 1281 5645; x_wconf 61' lang='lat' dir='ltr'><strong>3N7.</strong></span> 
     </span>
    </p>
   </div>
   <div class='ocr_carea' id='block_1_57' title="bbox 2019 2095 3614 2172">
    <p class='ocr_par' dir='ltr' id='par_1_57' title="bbox 2019 2095 3614 2172">
     <span class='ocr_line' id='line_1_57' title="bbox 2019 2095 3614 2172; baseline 0.011 -26"><span class='ocrx_word' id='word_1_455' title='bbox 2019 2110 2123 2164; x_wconf 89' lang='lat' dir='ltr'><strong>que</strong></span> <span class='ocrx_word' id='word_1_456' title='bbox 2151 2095 2302 2150; x_wconf 88' lang='lat' dir='ltr'><strong>nobis</strong></span> <span class='ocrx_word' id='word_1_457' title='bbox 2344 2096 2846 2165; x_wconf 82' lang='lat' dir='ltr'><strong>robustius.-Vides,</strong></span> <span class='ocrx_word' id='word_1_458' title='bbox 2883 2110 2938 2155; x_wconf 92' lang='lat' dir='ltr'><strong>ut</strong></span> <span class='ocrx_word' id='word_1_459' title='bbox 2968 2103 3164 2172; x_wconf 86' lang='lat' dir='ltr'><strong>optima</strong></span> <span class='ocrx_word' id='word_1_460' title='bbox 3209 2105 3278 2159; x_wconf 89' lang='lat' dir='ltr'><strong>sit</strong></span> <span class='ocrx_word' id='word_1_461' title='bbox 3324 2109 3454 2161; x_wconf 80' lang='lat' dir='ltr'><strong>facta</strong></span> <span class='ocrx_word' id='word_1_462' title='bbox 3497 2125 3614 2164; x_wconf 88' lang='lat' dir='ltr'><strong>mu-</strong></span> 
     </span>
    </p>
   </div>
   <div class='ocr_carea' id='block_1_58' title="bbox 2019 2185 3614 2261">
    <p class='ocr_par' dir='ltr' id='par_1_58' title="bbox 2019 2185 3614 2261">
     <span class='ocr_line' id='line_1_58' title="bbox 2019 2185 3614 2261; baseline 0.011 -24"><span class='ocrx_word' id='word_1_463' title='bbox 2019 2185 2182 2239; x_wconf 83' lang='lat' dir='ltr'><strong>tatio?</strong></span> <span class='ocrx_word' id='word_1_464' title='bbox 2201 2197 2254 2239; x_wconf 90' lang='lat' dir='ltr'><strong>ut</strong></span> <span class='ocrx_word' id='word_1_465' title='bbox 2283 2187 2496 2242; x_wconf 84' lang='lat' dir='ltr'><strong>robusta</strong></span> <span class='ocrx_word' id='word_1_466' title='bbox 2519 2189 2727 2244; x_wconf 86' lang='lat' dir='ltr'><strong>inﬁrma</strong></span> <span class='ocrx_word' id='word_1_467' title='bbox 2753 2192 3063 2261; x_wconf 86' lang='lat' dir='ltr'><strong>reddiderit,</strong></span> <span class='ocrx_word' id='word_1_468' title='bbox 3089 2207 3139 2249; x_wconf 91' lang='lat' dir='ltr'><strong>et</strong></span> <span class='ocrx_word' id='word_1_469' title='bbox 3165 2197 3370 2252; x_wconf 84' lang='lat' dir='ltr'><strong>inﬁrma</strong></span> <span class='ocrx_word' id='word_1_470' title='bbox 3397 2201 3614 2256; x_wconf 82' lang='lat' dir='ltr'><strong>robusta</strong></span> 
     </span>
    </p>
   </div>
   <div class='ocr_carea' id='block_1_59' title="bbox 2016 2275 3614 2359">
    <p class='ocr_par' dir='ltr' id='par_1_59' title="bbox 2016 2275 3614 2359">
     <span class='ocr_line' id='line_1_59' title="bbox 2016 2275 3614 2359; baseline 0.011 -29"><span class='ocrx_word' id='word_1_471' title='bbox 2016 2275 2156 2331; x_wconf 86' lang='lat' dir='ltr'><strong>Deus</strong></span> <span class='ocrx_word' id='word_1_472' title='bbox 2181 2277 2433 2341; x_wconf 72' lang='lat' dir='ltr'><strong>effecerit,</strong></span> <span class='ocrx_word' id='word_1_473' title='bbox 2482 2296 2588 2351; x_wconf 84' lang='lat' dir='ltr'><strong>quo</strong></span> <span class='ocrx_word' id='word_1_474' title='bbox 2611 2297 2761 2337; x_wconf 89' lang='lat' dir='ltr'><strong>suam</strong></span> <span class='ocrx_word' id='word_1_475' title='bbox 2816 2285 2965 2339; x_wconf 88' lang='lat' dir='ltr'><strong>nobis</strong></span> <span class='ocrx_word' id='word_1_476' title='bbox 3033 2288 3299 2359; x_wconf 85' lang='lat' dir='ltr'><strong>utrimque</strong></span> <span class='ocrx_word' id='word_1_477' title='bbox 3324 2294 3614 2359; x_wconf 83' lang='lat' dir='ltr'><strong>potentiam</strong></span> 
     </span>
    </p>
   </div>
   <div class='ocr_carea' id='block_1_60' title="bbox 2014 2369 3609 2439">
    <p class='ocr_par' dir='ltr' id='par_1_60' title="bbox 2014 2369 3609 2439">
     <span class='ocr_line' id='line_1_60' title="bbox 2014 2369 3609 2439; baseline 0.009 -15"><span class='ocrx_word' id='word_1_478' title='bbox 2014 2369 2354 2426; x_wconf 84' lang='lat' dir='ltr'><strong>declararet?</strong></span> <span class='ocrx_word' id='word_1_479' title='bbox 2386 2372 2760 2430; x_wconf 87' lang='lat' dir='ltr'><strong>Verumtamen</strong></span> <span class='ocrx_word' id='word_1_480' title='bbox 2807 2391 2872 2432; x_wconf 89' lang='lat' dir='ltr'><strong>ne</strong></span> <span class='ocrx_word' id='word_1_481' title='bbox 2927 2377 3038 2433; x_wconf 83' lang='lat' dir='ltr'><strong>haec</strong></span> <span class='ocrx_word' id='word_1_482' title='bbox 3091 2381 3355 2437; x_wconf 74' lang='lat' dir='ltr'><strong>afﬁrmare</strong></span> <span class='ocrx_word' id='word_1_483' title='bbox 3402 2392 3609 2439; x_wconf 87' lang='lat' dir='ltr'><strong>tantum</strong></span> 
     </span>
    </p>
   </div>
   <div class='ocr_carea' id='block_1_61' title="bbox 2015 2463 3613 2543">
    <p class='ocr_par' dir='ltr' id='par_1_61' title="bbox 2015 2463 3613 2543">
     <span class='ocr_line' id='line_1_61' title="bbox 2015 2463 3613 2543; baseline 0.012 -29"><span class='ocrx_word' id='word_1_484' title='bbox 2015 2463 2218 2531; x_wconf 75' lang='lat' dir='ltr'><strong>\idear,</strong></span> <span class='ocrx_word' id='word_1_485' title='bbox 2238 2464 2746 2524; x_wconf 84' lang='lat' dir='ltr'><strong>denmnstrationem</strong></span> <span class='ocrx_word' id='word_1_486' title='bbox 2791 2471 2951 2525; x_wconf 88' lang='lat' dir='ltr'><strong>etiam</strong></span> <span class='ocrx_word' id='word_1_487' title='bbox 2983 2471 3287 2543; x_wconf 85' lang='lat' dir='ltr'><strong>adjnngam.</strong></span> <span class='ocrx_word' id='word_1_488' title='bbox 3319 2479 3414 2542; x_wconf 79' lang='lat' dir='ltr'><strong>Ac,</strong></span> <span class='ocrx_word' id='word_1_489' title='bbox 3447 2481 3489 2532; x_wconf 85' lang='lat' dir='ltr'><strong>si</strong></span> <span class='ocrx_word' id='word_1_490' title='bbox 3535 2480 3613 2533; x_wconf 76' lang='lat' dir='ltr'><strong>vi-</strong></span> 
     </span>
    </p>
   </div>
   <div class='ocr_carea' id='block_1_62' title="bbox 2011 2555 3606 2639">
    <p class='ocr_par' dir='ltr' id='par_1_62' title="bbox 2011 2555 3606 2639">
     <span class='ocr_line' id='line_1_62' title="bbox 2011 2555 3606 2639; baseline 0.011 -30"><span class='ocrx_word' id='word_1_491' title='bbox 2011 2555 2190 2622; x_wconf 86' lang='lat' dir='ltr'><strong>detur,</strong></span> <span class='ocrx_word' id='word_1_492' title='bbox 2224 2559 2452 2628; x_wconf 90' lang='lat' dir='ltr'><strong>primum</strong></span> <span class='ocrx_word' id='word_1_493' title='bbox 2504 2561 2634 2617; x_wconf 92' lang='lat' dir='ltr'><strong>illud</strong></span> <span class='ocrx_word' id='word_1_494' title='bbox 2669 2565 3056 2634; x_wconf 86' lang='lat' dir='ltr'><strong>ostendamus,</strong></span> <span class='ocrx_word' id='word_1_495' title='bbox 3111 2584 3215 2638; x_wconf 90' lang='lat' dir='ltr'><strong>quo</strong></span> <span class='ocrx_word' id='word_1_496' title='bbox 3261 2577 3413 2639; x_wconf 87' lang='lat' dir='ltr'><strong>pacto</strong></span> <span class='ocrx_word' id='word_1_497' title='bbox 3463 2571 3606 2626; x_wconf 84' lang='lat' dir='ltr'><strong>illam</strong></span> 
     </span>
    </p>
   </div>
   <div class='ocr_carea' id='block_1_63' title="bbox 2005 2649 3606 2725">
    <p class='ocr_par' dir='ltr' id='par_1_63' title="bbox 2005 2649 3606 2725">
     <span class='ocr_line' id='line_1_63' title="bbox 2005 2649 3606 2725; baseline 0.011 -25"><span class='ocrx_word' id='word_1_498' title='bbox 2005 2655 2167 2702; x_wconf 85' lang='lat' dir='ltr'><strong>antea</strong></span> <span class='ocrx_word' id='word_1_499' title='bbox 2194 2649 2605 2708; x_wconf 81' lang='lat' dir='ltr'><strong>reformidarent</strong></span> <span class='ocrx_word' id='word_1_500' title='bbox 2631 2669 2734 2708; x_wconf 92' lang='lat' dir='ltr'><strong>non</strong></span> <span class='ocrx_word' id='word_1_501' title='bbox 2755 2667 3065 2725; x_wconf 79' lang='lat' dir='ltr'><strong>peccatores</strong></span> <span class='ocrx_word' id='word_1_502' title='bbox 3095 2660 3272 2724; x_wconf 89' lang='lat' dir='ltr'><strong>modo,</strong></span> <span class='ocrx_word' id='word_1_503' title='bbox 3307 2662 3400 2716; x_wconf 89' lang='lat' dir='ltr'><strong>sed</strong></span> <span class='ocrx_word' id='word_1_504' title='bbox 3425 2675 3472 2716; x_wconf 89' lang='lat' dir='ltr'><strong>et</strong></span> <span class='ocrx_word' id='word_1_505' title='bbox 3506 2664 3606 2716; x_wconf 83' lang='lat' dir='ltr'><strong>ltu-</strong></span> 
     </span>
    </p>
   </div>
   <div class='ocr_carea' id='block_1_64' title="bbox 2007 2737 3606 2817">
    <p class='ocr_par' dir='ltr' id='par_1_64' title="bbox 2007 2737 3606 2817">
     <span class='ocr_line' id='line_1_64' title="bbox 2007 2737 3606 2817; baseline 0.014 -26"><span class='ocrx_word' id='word_1_506' title='bbox 2007 2737 2182 2794; x_wconf 85' lang='lat' dir='ltr'><strong>mines</strong></span> <span class='ocrx_word' id='word_1_507' title='bbox 2201 2743 2393 2807; x_wconf 90' lang='lat' dir='ltr'><strong>sancti,</strong></span> <span class='ocrx_word' id='word_1_508' title='bbox 2422 2744 2511 2814; x_wconf 90' lang='lat' dir='ltr'><strong>qui</strong></span> <span class='ocrx_word' id='word_1_509' title='bbox 2540 2745 2760 2800; x_wconf 88' lang='lat' dir='ltr'><strong>multam</strong></span> <span class='ocrx_word' id='word_1_510' title='bbox 2787 2749 2925 2817; x_wconf 87' lang='lat' dir='ltr'><strong>apud</strong></span> <span class='ocrx_word' id='word_1_511' title='bbox 2958 2748 3120 2803; x_wconf 84' lang='lat' dir='ltr'><strong>Deum</strong></span> <span class='ocrx_word' id='word_1_512' title='bbox 3165 2751 3409 2807; x_wconf 88' lang='lat' dir='ltr'><strong>ﬁduciam</strong></span> <span class='ocrx_word' id='word_1_513' title='bbox 3443 2755 3606 2812; x_wconf 78' lang='lat' dir='ltr'><strong>habe-</strong></span> 
     </span>
    </p>
   </div>
   <div class='ocr_carea' id='block_1_65' title="bbox 2009 2829 3598 2917">
    <p class='ocr_par' dir='ltr' id='par_1_65' title="bbox 2009 2829 3598 2917">
     <span class='ocr_line' id='line_1_65' title="bbox 2009 2829 3598 2917; baseline 0.013 -33"><span class='ocrx_word' id='word_1_514' title='bbox 2009 2829 2156 2898; x_wconf 84' lang='lat' dir='ltr'><strong>bant,</strong></span> <span class='ocrx_word' id='word_1_515' title='bbox 2189 2833 2278 2903; x_wconf 87' lang='lat' dir='ltr'><strong>qui</strong></span> <span class='ocrx_word' id='word_1_516' title='bbox 2303 2844 2448 2891; x_wconf 83' lang='lat' dir='ltr'><strong>necte</strong></span> <span class='ocrx_word' id='word_1_517' title='bbox 2497 2837 2648 2893; x_wconf 80' lang='lat' dir='ltr'><strong>factis</strong></span> <span class='ocrx_word' id='word_1_518' title='bbox 2677 2839 3039 2909; x_wconf 88' lang='lat' dir='ltr'><strong>abundabant,</strong></span> <span class='ocrx_word' id='word_1_519' title='bbox 3072 2859 3394 2917; x_wconf 63' lang='lat' dir='ltr'><strong>omnemque</strong></span> <span class='ocrx_word' id='word_1_520' title='bbox 3428 2849 3598 2904; x_wconf 82' lang='lat' dir='ltr'><strong>virtu-</strong></span> 
     </span>
    </p>
   </div>
   <div class='ocr_carea' id='block_1_66' title="bbox 2007 2925 3602 3002">
    <p class='ocr_par' dir='ltr' id='par_1_66' title="bbox 2007 2925 3602 3002">
     <span class='ocr_line' id='line_1_66' title="bbox 2007 2925 3602 3002; baseline 0.013 -27"><span class='ocrx_word' id='word_1_521' title='bbox 2007 2928 2119 2976; x_wconf 88' lang='lat' dir='ltr'><strong>tem</strong></span> <span class='ocrx_word' id='word_1_522' title='bbox 2155 2925 2457 2995; x_wconf 82' lang='lat' dir='ltr'><strong>attigerant.</strong></span> <span class='ocrx_word' id='word_1_523' title='bbox 2489 2929 2617 2983; x_wconf 77' lang='lat' dir='ltr'><strong>Haec</strong></span> <span class='ocrx_word' id='word_1_524' title='bbox 2643 2942 2820 2985; x_wconf 88' lang='lat' dir='ltr'><strong>autem</strong></span> <span class='ocrx_word' id='word_1_525' title='bbox 2849 2935 3094 3002; x_wconf 87' lang='lat' dir='ltr'><strong>ostendo,</strong></span> <span class='ocrx_word' id='word_1_526' title='bbox 3145 2951 3248 2989; x_wconf 90' lang='lat' dir='ltr'><strong>non</strong></span> <span class='ocrx_word' id='word_1_527' title='bbox 3298 2947 3355 2991; x_wconf 90' lang='lat' dir='ltr'><strong>ut</strong></span> <span class='ocrx_word' id='word_1_528' title='bbox 3385 2949 3602 2996; x_wconf 81' lang='lat' dir='ltr'><strong>sanctos</strong></span> 
     </span>
    </p>
   </div>
   <div class='ocr_carea' id='block_1_67' title="bbox 2005 3012 3601 3092">
    <p class='ocr_par' dir='ltr' id='par_1_67' title="bbox 2005 3012 3601 3092">
     <span class='ocr_line' id='line_1_67' title="bbox 2005 3012 3601 3092; baseline 0.014 -27"><span class='ocrx_word' id='word_1_529' title='bbox 2005 3012 2442 3084; x_wconf 87' lang='lat' dir='ltr'><strong>condemnemus,</strong></span> <span class='ocrx_word' id='word_1_530' title='bbox 2473 3019 2567 3073; x_wconf 88' lang='lat' dir='ltr'><strong>sed</strong></span> <span class='ocrx_word' id='word_1_531' title='bbox 2589 3021 2751 3076; x_wconf 86' lang='lat' dir='ltr'><strong>utDei</strong></span> <span class='ocrx_word' id='word_1_532' title='bbox 2783 3025 3072 3092; x_wconf 90' lang='lat' dir='ltr'><strong>potentiam</strong></span> <span class='ocrx_word' id='word_1_533' title='bbox 3112 3025 3414 3083; x_wconf 84' lang='lat' dir='ltr'><strong>eil&#39;cramus.</strong></span> <span class='ocrx_word' id='word_1_534' title='bbox 3453 3030 3601 3088; x_wconf 73' lang='lat' dir='ltr'><strong>lhtdu</strong></span> 
     </span>
    </p>
   </div>
   <div class='ocr_carea' id='block_1_68' title="bbox 2005 3103 3594 3189">
    <p class='ocr_par' dir='ltr' id='par_1_68' title="bbox 2005 3103 3594 3189">
     <span class='ocr_line' id='line_1_68' title="bbox 2005 3103 3594 3189; baseline 0.014 -33"><span class='ocrx_word' id='word_1_535' title='bbox 2005 3103 2166 3174; x_wconf 79' lang='lat' dir='ltr'><strong>igitur</strong></span> <span class='ocrx_word' id='word_1_536' title='bbox 2186 3109 2792 3168; x_wconf 81' lang='lat' dir='ltr'><strong>constalformidabilem</strong></span> <span class='ocrx_word' id='word_1_537' title='bbox 2811 3125 2964 3170; x_wconf 88' lang='lat' dir='ltr'><strong>antea</strong></span> <span class='ocrx_word' id='word_1_538' title='bbox 2987 3119 3172 3173; x_wconf 88' lang='lat' dir='ltr'><strong>mortis</strong></span> <span class='ocrx_word' id='word_1_539' title='bbox 3190 3119 3389 3174; x_wconf 80' lang='lat' dir='ltr'><strong>larvam</strong></span> <span class='ocrx_word' id='word_1_540' title='bbox 3413 3123 3594 3189; x_wconf 79' lang='lat' dir='ltr'><strong>fuisse,</strong></span> 
     </span>
    </p>
   </div>
   <div class='ocr_carea' id='block_1_69' title="bbox 2002 3202 3597 3284">
    <p class='ocr_par' dir='ltr' id='par_1_69' title="bbox 2002 3202 3597 3284">
     <span class='ocr_line' id='line_1_69' title="bbox 2002 3202 3597 3284; baseline 0.011 -32"><span class='ocrx_word' id='word_1_541' title='bbox 2002 3205 2330 3270; x_wconf 84' lang='lat' dir='ltr'><strong>cunctosque</strong></span> <span class='ocrx_word' id='word_1_542' title='bbox 2360 3202 2502 3256; x_wconf 89' lang='lat' dir='ltr'><strong>illam</strong></span> <span class='ocrx_word' id='word_1_543' title='bbox 2535 3203 2807 3264; x_wconf 75' lang='lat' dir='ltr'><strong>horruisse</strong></span> <span class='ocrx_word' id='word_1_544' title='bbox 2832 3218 2884 3262; x_wconf 90' lang='lat' dir='ltr'><strong>et</strong></span> <span class='ocrx_word' id='word_1_545' title='bbox 2911 3210 3236 3266; x_wconf 76' lang='lat' dir='ltr'><strong>tremuisse?</strong></span> <span class='ocrx_word' id='word_1_546' title='bbox 3264 3211 3340 3266; x_wconf 83' lang='lat' dir='ltr'><strong>Ex</strong></span> <span class='ocrx_word' id='word_1_547' title='bbox 3368 3215 3597 3284; x_wconf 85' lang='lat' dir='ltr'><strong>patriar-</strong></span> 
     </span>
    </p>
   </div>
   <div class='ocr_carea' id='block_1_70' title="bbox 2001 3289 3586 3377">
    <p class='ocr_par' dir='ltr' id='par_1_70' title="bbox 2001 3289 3586 3377">
     <span class='ocr_line' id='line_1_70' title="bbox 2001 3289 3586 3377; baseline 0.013 -35"><span class='ocrx_word' id='word_1_548' title='bbox 2001 3289 2101 3345; x_wconf 85' lang='lat' dir='ltr'><strong>cha</strong></span> <span class='ocrx_word' id='word_1_549' title='bbox 2150 3293 2340 3362; x_wconf 89' lang='lat' dir='ltr'><strong>primo.</strong></span> <span class='ocrx_word' id='word_1_550' title='bbox 2389 3295 2693 3352; x_wconf 82' lang='lat' dir='ltr'><strong>Patriarcha</strong></span> <span class='ocrx_word' id='word_1_551' title='bbox 2739 3301 2880 3355; x_wconf 90' lang='lat' dir='ltr'><strong>enim</strong></span> <span class='ocrx_word' id='word_1_552' title='bbox 2927 3302 3217 3371; x_wconf 86' lang='lat' dir='ltr'><strong>Abraham,</strong></span> <span class='ocrx_word' id='word_1_553' title='bbox 3244 3306 3442 3377; x_wconf 88' lang='lat' dir='ltr'><strong>justus,</strong></span> <span class='ocrx_word' id='word_1_554' title='bbox 3499 3310 3586 3363; x_wconf 85' lang='lat' dir='ltr'><strong>Dei</strong></span> 
     </span>
    </p>
   </div>
   <div class='ocr_carea' id='block_1_71' title="bbox 2000 3383 3592 3471">
    <p class='ocr_par' dir='ltr' id='par_1_71' title="bbox 2000 3383 3592 3471">
     <span class='ocr_line' id='line_1_71' title="bbox 2000 3383 3592 3471; baseline 0.013 -35"><span class='ocrx_word' id='word_1_555' title='bbox 2000 3383 2224 3451; x_wconf 78' lang='lat' dir='ltr'><strong>amicus,</strong></span> <span class='ocrx_word' id='word_1_556' title='bbox 2245 3388 2332 3457; x_wconf 89' lang='lat' dir='ltr'><strong>qui</strong></span> <span class='ocrx_word' id='word_1_557' title='bbox 2363 3391 2584 3457; x_wconf 89' lang='lat' dir='ltr'><strong>patriam</strong></span> <span class='ocrx_word' id='word_1_558' title='bbox 2609 3392 2918 3464; x_wconf 87' lang='lat' dir='ltr'><strong>reliquerat,</strong></span> <span class='ocrx_word' id='word_1_559' title='bbox 2944 3399 3031 3467; x_wconf 91' lang='lat' dir='ltr'><strong>qui</strong></span> <span class='ocrx_word' id='word_1_560' title='bbox 3060 3397 3296 3467; x_wconf 86' lang='lat' dir='ltr'><strong>domum,</strong></span> <span class='ocrx_word' id='word_1_561' title='bbox 3317 3411 3592 3471; x_wconf 79' lang='lat' dir='ltr'><strong>cngttalus,</strong></span> 
     </span>
    </p>
   </div>
   <div class='ocr_carea' id='block_1_72' title="bbox 1999 3476 3588 3549">
    <p class='ocr_par' dir='ltr' id='par_1_72' title="bbox 1999 3476 3588 3549">
     <span class='ocr_line' id='line_1_72' title="bbox 1999 3476 3588 3549; baseline 0.014 -22"><span class='ocrx_word' id='word_1_562' title='bbox 1999 3476 2233 3543; x_wconf 87' lang='lat' dir='ltr'><strong>amicos,</strong></span> <span class='ocrx_word' id='word_1_563' title='bbox 2281 3487 2335 3534; x_wconf 84' lang='lat' dir='ltr'><strong>et</strong></span> <span class='ocrx_word' id='word_1_564' title='bbox 2362 3491 2652 3549; x_wconf 69' lang='lat' dir='ltr'><strong>przrsentes</strong></span> <span class='ocrx_word' id='word_1_565' title='bbox 2694 3499 2782 3540; x_wconf 88' lang='lat' dir='ltr'><strong>res</strong></span> <span class='ocrx_word' id='word_1_566' title='bbox 2821 3502 3009 3542; x_wconf 82' lang='lat' dir='ltr'><strong>omnes</strong></span> <span class='ocrx_word' id='word_1_567' title='bbox 3057 3489 3126 3544; x_wconf 86' lang='lat' dir='ltr'><strong>ob</strong></span> <span class='ocrx_word' id='word_1_568' title='bbox 3157 3489 3247 3545; x_wconf 90' lang='lat' dir='ltr'><strong>Dei</strong></span> <span class='ocrx_word' id='word_1_569' title='bbox 3283 3493 3588 3549; x_wconf 90' lang='lat' dir='ltr'><strong>mandatmn</strong></span> 
     </span>
    </p>
   </div>
   <div class='ocr_carea' id='block_1_73' title="bbox 1997 3576 3589 3651">
    <p class='ocr_par' dir='ltr' id='par_1_73' title="bbox 1997 3576 3589 3651">
     <span class='ocr_line' id='line_1_73' title="bbox 1997 3576 3589 3651; baseline 0.011 -30"><span class='ocrx_word' id='word_1_570' title='bbox 1997 3578 2412 3641; x_wconf 87' lang='lat' dir='ltr'><strong>contempserat,</strong></span> <span class='ocrx_word' id='word_1_571' title='bbox 2445 3576 2514 3628; x_wconf 89' lang='lat' dir='ltr'><strong>ita</strong></span> <span class='ocrx_word' id='word_1_572' title='bbox 2547 3577 2812 3633; x_wconf 89' lang='lat' dir='ltr'><strong>metuebat</strong></span> <span class='ocrx_word' id='word_1_573' title='bbox 2839 3593 2901 3634; x_wconf 86' lang='lat' dir='ltr'><strong>ac</strong></span> <span class='ocrx_word' id='word_1_574' title='bbox 2925 3579 3308 3636; x_wconf 77' lang='lat' dir='ltr'><strong>reformidabat</strong></span> <span class='ocrx_word' id='word_1_575' title='bbox 3340 3594 3589 3651; x_wconf 84' lang='lat' dir='ltr'><strong>mortem,</strong></span> 
     </span>
    </p>
   </div>
   <div class='ocr_carea' id='block_1_74' title="bbox 1997 3658 3584 3740">
    <p class='ocr_par' dir='ltr' id='par_1_74' title="bbox 1997 3658 3584 3740">
     <span class='ocr_line' id='line_1_74' title="bbox 1997 3658 3584 3740; baseline 0.011 -30"><span class='ocrx_word' id='word_1_576' title='bbox 1997 3666 2055 3711; x_wconf 86' lang='lat' dir='ltr'><strong>ut</strong></span> <span class='ocrx_word' id='word_1_577' title='bbox 2085 3658 2137 3712; x_wconf 91' lang='lat' dir='ltr'><strong>in</strong></span> <span class='ocrx_word' id='word_1_578' title='bbox 2166 3660 2452 3732; x_wconf 57' lang='lat' dir='ltr'><strong>Egyptum</strong></span> <span class='ocrx_word' id='word_1_579' title='bbox 2497 3665 2832 3736; x_wconf 79' lang='lat' dir='ltr'><strong>ingressurus</strong></span> <span class='ocrx_word' id='word_1_580' title='bbox 2882 3670 2997 3724; x_wconf 76' lang='lat' dir='ltr'><strong>lttec</strong></span> <span class='ocrx_word' id='word_1_581' title='bbox 3025 3673 3176 3725; x_wconf 79' lang='lat' dir='ltr'><strong>uxori</strong></span> <span class='ocrx_word' id='word_1_582' title='bbox 3225 3687 3335 3727; x_wconf 74' lang='lat' dir='ltr'><strong>sum</strong></span> <span class='ocrx_word' id='word_1_583' title='bbox 3364 3673 3584 3740; x_wconf 87' lang='lat' dir='ltr'><strong>diceret,</strong></span> 
     </span>
    </p>
   </div>
   <div class='ocr_carea' id='block_1_75' title="bbox 1996 3743 3588 3833">
    <p class='ocr_par' dir='ltr' id='par_1_75' title="bbox 1996 3743 3588 3833">
     <span class='ocr_line' id='line_1_75' title="bbox 1996 3743 3588 3833; baseline 0.011 -31"><span class='ocrx_word' id='word_1_584' title='bbox 1996 3746 2134 3804; x_wconf 82' lang='lat' dir='ltr'><strong>Noui</strong></span> <span class='ocrx_word' id='word_1_585' title='bbox 2174 3755 2310 3822; x_wconf 84' lang='lat' dir='ltr'><strong>quod</strong></span> <span class='ocrx_word' id='word_1_586' title='bbox 2359 3743 2574 3825; x_wconf 71' lang='lat' dir='ltr'><strong>pulchra</strong></span> <span class='ocrx_word' id='word_1_587' title='bbox 2601 3759 2670 3812; x_wconf 78' lang='lat' dir='ltr'><strong>sis</strong></span> <span class='ocrx_word' id='word_1_588' title='bbox 2691 3761 2890 3815; x_wconf 81' lang='lat' dir='ltr'><strong>mulier.</strong></span> <span class='ocrx_word' id='word_1_589' title='bbox 2919 3761 3034 3815; x_wconf 80' lang='lat' dir='ltr'><strong>Erit</strong></span> <span class='ocrx_word' id='word_1_590' title='bbox 3059 3763 3214 3833; x_wconf 82' lang='lat' dir='ltr'><strong>igitur</strong></span> <span class='ocrx_word' id='word_1_591' title='bbox 3234 3779 3346 3818; x_wconf 82' lang='lat' dir='ltr'><strong>cum</strong></span> <span class='ocrx_word' id='word_1_592' title='bbox 3377 3766 3588 3821; x_wconf 72' lang='lat' dir='ltr'><strong>viderint</strong></span> 
     </span>
    </p>
   </div>
   <div class='ocr_carea' id='block_1_76' title="bbox 1993 3840 3587 3924">
    <p class='ocr_par' dir='ltr' id='par_1_76' title="bbox 1993 3840 3587 3924">
     <span class='ocr_line' id='line_1_76' title="bbox 1993 3840 3587 3924; baseline 0.011 -31"><span class='ocrx_word' id='word_1_593' title='bbox 1993 3849 2041 3894; x_wconf 84' lang='lat' dir='ltr'><strong>te</strong></span> <span class='ocrx_word' id='word_1_594' title='bbox 2077 3840 2332 3912; x_wconf 62' lang='lat' dir='ltr'><strong>Egyptii,</strong></span> <span class='ocrx_word' id='word_1_595' title='bbox 2381 3857 2427 3899; x_wconf 82' lang='lat' dir='ltr'><strong>te</strong></span> <span class='ocrx_word' id='word_1_596' title='bbox 2466 3849 2669 3918; x_wconf 86' lang='lat' dir='ltr'><strong>quidem</strong></span> <span class='ocrx_word' id='word_1_597' title='bbox 2695 3850 2980 3916; x_wconf 76' lang='lat' dir='ltr'><strong>servabunt,</strong></span> <span class='ocrx_word' id='word_1_598' title='bbox 3028 3869 3105 3906; x_wconf 85' lang='lat' dir='ltr'><strong>me</strong></span> <span class='ocrx_word' id='word_1_599' title='bbox 3133 3870 3248 3908; x_wconf 87' lang='lat' dir='ltr'><strong>vero</strong></span> <span class='ocrx_word' id='word_1_600' title='bbox 3284 3857 3587 3924; x_wconf 72' lang='lat' dir='ltr'><strong>inter/irim:</strong></span> 
     </span>
    </p>
   </div>
   <div class='ocr_carea' id='block_1_77' title="bbox 1995 3930 3580 4011">
    <p class='ocr_par' dir='ltr' id='par_1_77' title="bbox 1995 3930 3580 4011">
     <span class='ocr_line' id='line_1_77' title="bbox 1995 3930 3580 4011; baseline 0.011 -28"><span class='ocrx_word' id='word_1_601' title='bbox 1995 3930 2146 4001; x_wconf 80' lang='lat' dir='ltr'><strong>(Gen.</strong></span> <span class='ocrx_word' id='word_1_602' title='bbox 2180 3934 2266 3987; x_wconf 73' lang='grc'><strong>12.</strong></span> <span class='ocrx_word' id='word_1_603' title='bbox 2295 3936 2379 3990; x_wconf 82' lang='grc' dir='ltr'><strong>Η.</strong></span> <span class='ocrx_word' id='word_1_604' title='bbox 2413 3937 2538 4009; x_wconf 71' lang='lat'><strong>1‘2).</strong></span> <span class='ocrx_word' id='word_1_605' title='bbox 2569 3939 2705 4008; x_wconf 85' lang='lat' dir='ltr'><strong>Quid</strong></span> <span class='ocrx_word' id='word_1_606' title='bbox 2733 3941 2930 4011; x_wconf 83' lang='lat' dir='ltr'><strong>igitur?</strong></span> <span class='ocrx_word' id='word_1_607' title='bbox 2959 3943 3074 4008; x_wconf 83' lang='lat' dir='ltr'><strong>Dic,</strong></span> <span class='ocrx_word' id='word_1_608' title='bbox 3108 3943 3268 3998; x_wconf 81' lang='lat' dir='ltr'><strong>Soror</strong></span> <span class='ocrx_word' id='word_1_609' title='bbox 3288 3947 3424 4000; x_wconf 79' lang='lat' dir='ltr'><strong>illius</strong></span> <span class='ocrx_word' id='word_1_610' title='bbox 3449 3965 3580 4010; x_wconf 80' lang='lat' dir='ltr'><strong>sum.</strong></span> 
     </span>
    </p>
   </div>
   <div class='ocr_carea' id='block_1_78' title="bbox 1989 4023 3585 4110">
    <p class='ocr_par' dir='ltr' id='par_1_78' title="bbox 1989 4023 3585 4110">
     <span class='ocr_line' id='line_1_78' title="bbox 1989 4023 3585 4110; baseline 0.011 -34"><span class='ocrx_word' id='word_1_611' title='bbox 1989 4032 2044 4076; x_wconf 82' lang='lat' dir='ltr'><strong>ut</strong></span> <span class='ocrx_word' id='word_1_612' title='bbox 2069 4023 2190 4078; x_wconf 82' lang='lat' dir='ltr'><strong>bene</strong></span> <span class='ocrx_word' id='word_1_613' title='bbox 2211 4027 2277 4079; x_wconf 78' lang='lat' dir='ltr'><strong>sit</strong></span> <span class='ocrx_word' id='word_1_614' title='bbox 2305 4028 2425 4082; x_wconf 81' lang='lat' dir='ltr'><strong>mihi</strong></span> <span class='ocrx_word' id='word_1_615' title='bbox 2474 4042 2680 4100; x_wconf 80' lang='lat' dir='ltr'><strong>propter</strong></span> <span class='ocrx_word' id='word_1_616' title='bbox 2699 4043 2767 4098; x_wconf 80' lang='lat' dir='ltr'><strong>te,</strong></span> <span class='ocrx_word' id='word_1_617' title='bbox 2797 4042 2844 4086; x_wconf 77' lang='lat' dir='ltr'><strong>et</strong></span> <span class='ocrx_word' id='word_1_618' title='bbox 2870 4035 2996 4088; x_wconf 78' lang='lat' dir='ltr'><strong>uiuet</strong></span> <span class='ocrx_word' id='word_1_619' title='bbox 3038 4036 3209 4089; x_wconf 78' lang='lat' dir='ltr'><strong>anima</strong></span> <span class='ocrx_word' id='word_1_620' title='bbox 3249 4053 3358 4090; x_wconf 82' lang='lat' dir='ltr'><strong>mea</strong></span> <span class='ocrx_word' id='word_1_621' title='bbox 3379 4051 3585 4110; x_wconf 77' lang='lat' dir='ltr'><strong>prapler</strong></span> 
     </span>
    </p>
   </div>
   <div class='ocr_carea' id='block_1_79' title="bbox 1988 4113 3578 4201">
    <p class='ocr_par' dir='ltr' id='par_1_79' title="bbox 1988 4113 3578 4201">
     <span class='ocr_line' id='line_1_79' title="bbox 1988 4113 3578 4201; baseline 0.011 -34"><span class='ocrx_word' id='word_1_622' title='bbox 1988 4114 2064 4185; x_wconf 72' lang='grc' dir='ltr'><strong>τε(</strong></span> <span class='ocrx_word' id='word_1_623' title='bbox 2097 4113 2235 4172; x_wconf 82' lang='lat' dir='ltr'><strong>Ibid.</strong></span> <span class='ocrx_word' id='word_1_624' title='bbox 2268 4118 2338 4174; x_wconf 79' lang='lat' dir='ltr'><strong>t5</strong></span> <span class='ocrx_word' id='word_1_625' title='bbox 2384 4119 2424 4190; x_wconf 94' lang='lat'><strong>).</strong></span> <span class='ocrx_word' id='word_1_626' title='bbox 2459 4121 2596 4185; x_wconf 78' lang='lat' dir='ltr'><strong>Quid</strong></span> <span class='ocrx_word' id='word_1_627' title='bbox 2629 4123 2729 4177; x_wconf 89' lang='lat' dir='ltr'><strong>hoc</strong></span> <span class='ocrx_word' id='word_1_628' title='bbox 2767 4123 2846 4179; x_wconf 88' lang='lat' dir='ltr'><strong>rei</strong></span> <span class='ocrx_word' id='word_1_629' title='bbox 2872 4134 2974 4191; x_wconf 86' lang='lat' dir='ltr'><strong>est,</strong></span> <span class='ocrx_word' id='word_1_630' title='bbox 3007 4141 3040 4180; x_wconf 90' lang='grc' dir='ltr'><strong>ο</strong></span> <span class='ocrx_word' id='word_1_631' title='bbox 3086 4137 3268 4182; x_wconf 86' lang='lat' dir='ltr'><strong>sancte</strong></span> <span class='ocrx_word' id='word_1_632' title='bbox 3298 4140 3454 4201; x_wconf 87' lang='lat' dir='ltr'><strong>atque</strong></span> <span class='ocrx_word' id='word_1_633' title='bbox 3485 4147 3578 4201; x_wconf 79' lang='lat' dir='ltr'><strong>pa-</strong></span> 
     </span>
    </p>
   </div>
   <div class='ocr_carea' id='block_1_80' title="bbox 1988 4207 3580 4289">
    <p class='ocr_par' dir='ltr' id='par_1_80' title="bbox 1988 4207 3580 4289">
     <span class='ocr_line' id='line_1_80' title="bbox 1988 4207 3580 4289; baseline 0.011 -28"><span class='ocrx_word' id='word_1_634' title='bbox 1988 4207 2222 4264; x_wconf 87' lang='lat' dir='ltr'><strong>triarcha</strong></span> <span class='ocrx_word' id='word_1_635' title='bbox 2249 4211 2272 4263; x_wconf 86' lang='lat'><strong>?</strong></span> <span class='ocrx_word' id='word_1_636' title='bbox 2299 4227 2398 4281; x_wconf 88' lang='lat' dir='ltr'><strong>pro</strong></span> <span class='ocrx_word' id='word_1_637' title='bbox 2443 4211 2608 4269; x_wconf 90' lang='lat' dir='ltr'><strong>nihilo</strong></span> <span class='ocrx_word' id='word_1_638' title='bbox 2640 4213 2826 4283; x_wconf 88' lang='lat' dir='ltr'><strong>habes,</strong></span> <span class='ocrx_word' id='word_1_639' title='bbox 2856 4225 2913 4271; x_wconf 90' lang='lat' dir='ltr'><strong>ut</strong></span> <span class='ocrx_word' id='word_1_640' title='bbox 2940 4219 3091 4272; x_wconf 80' lang='lat' dir='ltr'><strong>uxori</strong></span> <span class='ocrx_word' id='word_1_641' title='bbox 3121 4227 3363 4289; x_wconf 86' lang='lat' dir='ltr'><strong>stuprum</strong></span> <span class='ocrx_word' id='word_1_642' title='bbox 3391 4219 3580 4277; x_wconf 81' lang='lat' dir='ltr'><strong>affera-</strong></span> 
     </span>
    </p>
   </div>
   <div class='ocr_carea' id='block_1_81' title="bbox 1987 4303 3577 4382">
    <p class='ocr_par' dir='ltr' id='par_1_81' title="bbox 1987 4303 3577 4382">
     <span class='ocr_line' id='line_1_81' title="bbox 1987 4303 3577 4382; baseline 0.009 -26"><span class='ocrx_word' id='word_1_643' title='bbox 1987 4311 2096 4370; x_wconf 90' lang='lat' dir='ltr'><strong>tttr,</strong></span> <span class='ocrx_word' id='word_1_644' title='bbox 2132 4313 2190 4358; x_wconf 91' lang='lat' dir='ltr'><strong>ut</strong></span> <span class='ocrx_word' id='word_1_645' title='bbox 2220 4315 2367 4360; x_wconf 87' lang='lat' dir='ltr'><strong>torus</strong></span> <span class='ocrx_word' id='word_1_646' title='bbox 2416 4307 2661 4372; x_wconf 69' lang='lat' dir='ltr'><strong>lzndatur,</strong></span> <span class='ocrx_word' id='word_1_647' title='bbox 2695 4318 2761 4378; x_wconf 49' lang='lat' dir='ltr'><strong>ut.</strong></span> <span class='ocrx_word' id='word_1_648' title='bbox 2793 4311 3098 4382; x_wconf 77' lang='lat' dir='ltr'><strong>conjugiutn</strong></span> <span class='ocrx_word' id='word_1_649' title='bbox 3138 4303 3408 4369; x_wconf 76' lang='lat' dir='ltr'><strong>violetur?</strong></span> <span class='ocrx_word' id='word_1_650' title='bbox 3437 4318 3577 4372; x_wconf 84' lang='lat' dir='ltr'><strong>itane</strong></span> 
     </span>
    </p>
   </div>
   <div class='ocr_carea' id='block_1_82' title="bbox 1987 4396 3572 4483">
    <p class='ocr_par' dir='ltr' id='par_1_82' title="bbox 1987 4396 3572 4483">
     <span class='ocr_line' id='line_1_82' title="bbox 1987 4396 3572 4483; baseline 0.011 -35"><span class='ocrx_word' id='word_1_651' title='bbox 1987 4396 2197 4452; x_wconf 88' lang='lat' dir='ltr'><strong>tandem</strong></span> <span class='ocrx_word' id='word_1_652' title='bbox 2248 4413 2474 4456; x_wconf 83' lang='lat' dir='ltr'><strong>mortem</strong></span> <span class='ocrx_word' id='word_1_653' title='bbox 2520 4401 2834 4460; x_wconf 78' lang='lat' dir='ltr'><strong>reformidas</strong></span> <span class='ocrx_word' id='word_1_654' title='bbox 2855 4404 2878 4457; x_wconf 74' lang='grc' dir='ltr'><strong><em>Ἰ</em></strong></span> <span class='ocrx_word' id='word_1_655' title='bbox 2898 4405 3081 4476; x_wconf 78' lang='lat' dir='ltr'><strong>Neque</strong></span> <span class='ocrx_word' id='word_1_656' title='bbox 3101 4421 3228 4463; x_wconf 76' lang='lat' dir='ltr'><strong>vero</strong></span> <span class='ocrx_word' id='word_1_657' title='bbox 3256 4413 3454 4464; x_wconf 82' lang='lat' dir='ltr'><strong>tantum</strong></span> <span class='ocrx_word' id='word_1_658' title='bbox 3480 4423 3528 4483; x_wconf 77' lang='lat' dir='ltr'><strong>pi</strong></span> <span class='ocrx_word' id='word_1_659' title='bbox 3545 4427 3572 4467; x_wconf 87' lang='grc' dir='ltr'>ο</span> 
     </span>
    </p>
   </div>
   <div class='ocr_carea' id='block_1_83' title="bbox 1983 4487 3577 4568">
    <p class='ocr_par' dir='ltr' id='par_1_83' title="bbox 1983 4487 3577 4568">
     <span class='ocr_line' id='line_1_83' title="bbox 1983 4487 3577 4568; baseline 0.011 -27"><span class='ocrx_word' id='word_1_660' title='bbox 1983 4487 2152 4543; x_wconf 90' lang='lat' dir='ltr'><strong>nihilo</strong></span> <span class='ocrx_word' id='word_1_661' title='bbox 2178 4489 2364 4558; x_wconf 69' lang='lat' dir='ltr'><strong>habes,</strong></span> <span class='ocrx_word' id='word_1_662' title='bbox 2392 4493 2485 4547; x_wconf 82' lang='lat' dir='ltr'><strong>sed</strong></span> <span class='ocrx_word' id='word_1_663' title='bbox 2519 4503 2573 4548; x_wconf 91' lang='lat' dir='ltr'><strong>et</strong></span> <span class='ocrx_word' id='word_1_664' title='bbox 2600 4511 2723 4550; x_wconf 91' lang='lat' dir='ltr'><strong>cum</strong></span> <span class='ocrx_word' id='word_1_665' title='bbox 2761 4512 2926 4553; x_wconf 76' lang='lat' dir='ltr'><strong>uxore</strong></span> <span class='ocrx_word' id='word_1_666' title='bbox 2951 4498 3133 4554; x_wconf 91' lang='lat' dir='ltr'><strong>dolum</strong></span> <span class='ocrx_word' id='word_1_667' title='bbox 3165 4502 3354 4568; x_wconf 82' lang='lat' dir='ltr'><strong>nectis,</strong></span> <span class='ocrx_word' id='word_1_668' title='bbox 3383 4517 3446 4558; x_wconf 86' lang='lat' dir='ltr'><strong>ac</strong></span> <span class='ocrx_word' id='word_1_669' title='bbox 3465 4515 3577 4558; x_wconf 84' lang='lat' dir='ltr'><strong>stu-</strong></span> 
     </span>
    </p>
   </div>
   <div class='ocr_carea' id='block_1_84' title="bbox 1986 4582 3571 4664">
    <p class='ocr_par' dir='ltr' id='par_1_84' title="bbox 1986 4582 3571 4664">
     <span class='ocr_line' id='line_1_84' title="bbox 1986 4582 3571 4664; baseline 0.011 -32"><span class='ocrx_word' id='word_1_670' title='bbox 1986 4582 2065 4649; x_wconf 90' lang='lat' dir='ltr'><strong>pri</strong></span> <span class='ocrx_word' id='word_1_671' title='bbox 2097 4583 2324 4637; x_wconf 85' lang='lat' dir='ltr'><strong>t&#39;abnlam</strong></span> <span class='ocrx_word' id='word_1_672' title='bbox 2353 4600 2473 4639; x_wconf 91' lang='lat' dir='ltr'><strong>cum</strong></span> <span class='ocrx_word' id='word_1_673' title='bbox 2507 4601 2568 4641; x_wconf 89' lang='lat' dir='ltr'><strong>ea</strong></span> <span class='ocrx_word' id='word_1_674' title='bbox 2595 4588 2836 4652; x_wconf 88' lang='lat' dir='ltr'><strong>simulas.</strong></span> <span class='ocrx_word' id='word_1_675' title='bbox 2861 4603 3186 4663; x_wconf 84' lang='lat' dir='ltr'><strong>omnemque</strong></span> <span class='ocrx_word' id='word_1_676' title='bbox 3215 4591 3310 4648; x_wconf 88' lang='lat' dir='ltr'><strong>das</strong></span> <span class='ocrx_word' id='word_1_677' title='bbox 3331 4605 3571 4664; x_wconf 85' lang='lat' dir='ltr'><strong>operam,</strong></span> 
     </span>
    </p>
   </div>
   <div class='ocr_carea' id='block_1_85' title="bbox 1983 4674 3576 4758">
    <p class='ocr_par' dir='ltr' id='par_1_85' title="bbox 1983 4674 3576 4758">
     <span class='ocr_line' id='line_1_85' title="bbox 1983 4674 3576 4758; baseline 0.012 -32"><span class='ocrx_word' id='word_1_678' title='bbox 1983 4682 2041 4727; x_wconf 90' lang='lat' dir='ltr'><strong>ut</strong></span> <span class='ocrx_word' id='word_1_679' title='bbox 2070 4689 2185 4742; x_wconf 81' lang='lat' dir='ltr'><strong>rex,</strong></span> <span class='ocrx_word' id='word_1_680' title='bbox 2211 4674 2338 4731; x_wconf 87' lang='lat' dir='ltr'><strong>dum</strong></span> <span class='ocrx_word' id='word_1_681' title='bbox 2387 4678 2707 4736; x_wconf 89' lang='lat' dir='ltr'><strong>adulterium</strong></span> <span class='ocrx_word' id='word_1_682' title='bbox 2738 4683 3064 4753; x_wconf 75' lang='lat' dir='ltr'><strong>aggreditur,</strong></span> <span class='ocrx_word' id='word_1_683' title='bbox 3109 4685 3272 4744; x_wconf 89' lang='lat' dir='ltr'><strong>latere</strong></span> <span class='ocrx_word' id='word_1_684' title='bbox 3297 4689 3488 4758; x_wconf 90' lang='lat' dir='ltr'><strong>possit,</strong></span> <span class='ocrx_word' id='word_1_685' title='bbox 3520 4701 3576 4745; x_wconf 89' lang='lat' dir='ltr'><strong>et</strong></span> 
     </span>
    </p>
   </div>
   <div class='ocr_carea' id='block_1_86' title="bbox 1980 4767 3567 4846">
    <p class='ocr_par' dir='ltr' id='par_1_86' title="bbox 1980 4767 3567 4846">
     <span class='ocr_line' id='line_1_86' title="bbox 1980 4767 3567 4846; baseline 0.009 -26"><span class='ocrx_word' id='word_1_686' title='bbox 1980 4767 2159 4823; x_wconf 88' lang='lat' dir='ltr'><strong>ablato</strong></span> <span class='ocrx_word' id='word_1_687' title='bbox 2200 4769 2443 4842; x_wconf 81' lang='lat' dir='ltr'><strong>conjugis</strong></span> <span class='ocrx_word' id='word_1_688' title='bbox 2486 4775 2703 4830; x_wconf 90' lang='lat' dir='ltr'><strong>nomine</strong></span> <span class='ocrx_word' id='word_1_689' title='bbox 2751 4792 3034 4846; x_wconf 88' lang='lat' dir='ltr'><strong>personam</strong></span> <span class='ocrx_word' id='word_1_690' title='bbox 3067 4779 3143 4834; x_wconf 91' lang='lat' dir='ltr'><strong>illi</strong></span> <span class='ocrx_word' id='word_1_691' title='bbox 3187 4779 3394 4837; x_wconf 88' lang='lat' dir='ltr'><strong>sororis</strong></span> <span class='ocrx_word' id='word_1_692' title='bbox 3436 4783 3567 4836; x_wconf 85' lang='lat' dir='ltr'><strong>ada-</strong></span> 
     </span>
    </p>
   </div>
   <div class='ocr_carea' id='block_1_87' title="bbox 1979 4863 3572 4936">
    <p class='ocr_par' dir='ltr' id='par_1_87' title="bbox 1979 4863 3572 4936">
     <span class='ocr_line' id='line_1_87' title="bbox 1979 4863 3572 4936; baseline 0.011 -23"><span class='ocrx_word' id='word_1_693' title='bbox 1979 4863 2177 4929; x_wconf 83' lang='lat' dir='ltr'><strong>ptasti?</strong></span> <span class='ocrx_word' id='word_1_694' title='bbox 2201 4863 2396 4920; x_wconf 89' lang='lat' dir='ltr'><strong>Verum</strong></span> <span class='ocrx_word' id='word_1_695' title='bbox 2421 4867 2603 4936; x_wconf 84' lang='lat' dir='ltr'><strong>timeo,</strong></span> <span class='ocrx_word' id='word_1_696' title='bbox 2630 4885 2696 4924; x_wconf 89' lang='lat' dir='ltr'><strong>ne</strong></span> <span class='ocrx_word' id='word_1_697' title='bbox 2723 4869 2848 4924; x_wconf 89' lang='lat' dir='ltr'><strong>dum</strong></span> <span class='ocrx_word' id='word_1_698' title='bbox 2865 4873 3050 4927; x_wconf 88' lang='lat' dir='ltr'><strong>mortis</strong></span> <span class='ocrx_word' id='word_1_699' title='bbox 3072 4873 3387 4930; x_wconf 84' lang='lat' dir='ltr'><strong>imminuere</strong></span> <span class='ocrx_word' id='word_1_700' title='bbox 3412 4877 3572 4930; x_wconf 77' lang='lat' dir='ltr'><strong>virtu-</strong></span> 
     </span>
    </p>
   </div>
   <div class='ocr_carea' id='block_1_88' title="bbox 1980 4957 3567 5041">
    <p class='ocr_par' dir='ltr' id='par_1_88' title="bbox 1980 4957 3567 5041">
     <span class='ocr_line' id='line_1_88' title="bbox 1980 4957 3567 5041; baseline 0.011 -33"><span class='ocrx_word' id='word_1_701' title='bbox 1980 4964 2082 5010; x_wconf 88' lang='lat' dir='ltr'><strong>tem</strong></span> <span class='ocrx_word' id='word_1_702' title='bbox 2104 4957 2399 5022; x_wconf 84' lang='lat' dir='ltr'><strong>stndemus,</strong></span> <span class='ocrx_word' id='word_1_703' title='bbox 2424 4961 2625 5028; x_wconf 88' lang='lat' dir='ltr'><strong>justum</strong></span> <span class='ocrx_word' id='word_1_704' title='bbox 2653 4978 2907 5022; x_wconf 79' lang='lat' dir='ltr'><strong>accusare</strong></span> <span class='ocrx_word' id='word_1_705' title='bbox 2935 4967 3208 5023; x_wconf 85' lang='lat' dir='ltr'><strong>videamur</strong></span> <span class='ocrx_word' id='word_1_706' title='bbox 3243 4985 3258 5034; x_wconf 93' lang='lat'><strong>;</strong></span> <span class='ocrx_word' id='word_1_707' title='bbox 3305 4973 3567 5041; x_wconf 80' lang='lat' dir='ltr'><strong>quamob-</strong></span> 
     </span>
    </p>
   </div>
   <div class='ocr_carea' id='block_1_89' title="bbox 1975 5049 3617 5127">
    <p class='ocr_par' dir='ltr' id='par_1_89' title="bbox 1975 5049 3617 5127">
     <span class='ocr_line' id='line_1_89' title="bbox 1975 5049 3617 5127; baseline 0.012 -26"><span class='ocrx_word' id='word_1_708' title='bbox 1975 5062 2089 5103; x_wconf 88' lang='lat' dir='ltr'><strong>rem</strong></span> <span class='ocrx_word' id='word_1_709' title='bbox 2121 5059 2403 5122; x_wconf 87' lang='lat' dir='ltr'><strong>utrnmque</strong></span> <span class='ocrx_word' id='word_1_710' title='bbox 2431 5055 2666 5110; x_wconf 88' lang='lat' dir='ltr'><strong>conabor</strong></span> <span class='ocrx_word' id='word_1_711' title='bbox 2711 5058 2988 5127; x_wconf 81' lang='lat' dir='ltr'><strong>perﬁcere,</strong></span> <span class='ocrx_word' id='word_1_712' title='bbox 3017 5069 3154 5117; x_wconf 86' lang='lat' dir='ltr'><strong>utet</strong></span> <span class='ocrx_word' id='word_1_713' title='bbox 3191 5061 3556 5120; x_wconf 89' lang='lat' dir='ltr'><strong>inﬁrmitatem</strong></span> <span class='ocrx_word' id='word_1_714' title='bbox 3610 5049 3617 5076; x_wconf 63' lang='grc'><strong>⁵</strong></span> 
     </span>
    </p>
   </div>
   <div class='ocr_carea' id='block_1_90' title="bbox 1976 5139 3566 5210">
    <p class='ocr_par' dir='ltr' id='par_1_90' title="bbox 1976 5139 3566 5210">
     <span class='ocr_line' id='line_1_90' title="bbox 1976 5139 3566 5210; baseline 0.013 -20"><span class='ocrx_word' id='word_1_715' title='bbox 1976 5139 2165 5194; x_wconf 89' lang='lat' dir='ltr'><strong>mortis</strong></span> <span class='ocrx_word' id='word_1_716' title='bbox 2208 5144 2510 5208; x_wconf 88' lang='lat' dir='ltr'><strong>ostendam,</strong></span> <span class='ocrx_word' id='word_1_717' title='bbox 2560 5155 2614 5200; x_wconf 89' lang='lat' dir='ltr'><strong>et</strong></span> <span class='ocrx_word' id='word_1_718' title='bbox 2665 5147 2733 5202; x_wconf 91' lang='lat' dir='ltr'><strong>ab</strong></span> <span class='ocrx_word' id='word_1_719' title='bbox 2786 5149 2889 5206; x_wconf 90' lang='lat' dir='ltr'><strong>hoc</strong></span> <span class='ocrx_word' id='word_1_720' title='bbox 2941 5153 3366 5210; x_wconf 84' lang='lat' dir='ltr'><strong>criminationem</strong></span> <span class='ocrx_word' id='word_1_721' title='bbox 3420 5157 3566 5210; x_wconf 87' lang='lat' dir='ltr'><strong>illam</strong></span> 
     </span>
    </p>
   </div>
   <div class='ocr_carea' id='block_1_91' title="bbox 1973 5229 3568 5314">
    <p class='ocr_par' dir='ltr' id='par_1_91' title="bbox 1973 5229 3568 5314">
     <span class='ocr_line' id='line_1_91' title="bbox 1973 5229 3568 5314; baseline 0.011 -29"><span class='ocrx_word' id='word_1_722' title='bbox 1973 5229 2254 5300; x_wconf 87' lang='lat' dir='ltr'><strong>depellant.</strong></span> <span class='ocrx_word' id='word_1_723' title='bbox 2276 5233 2379 5290; x_wconf 83' lang='lat' dir='ltr'><strong>Sed</strong></span> <span class='ocrx_word' id='word_1_724' title='bbox 2398 5251 2573 5304; x_wconf 71' lang='lat' dir='ltr'><strong>operte</strong></span> <span class='ocrx_word' id='word_1_725' title='bbox 2593 5240 2820 5310; x_wconf 86' lang='lat' dir='ltr'><strong>pretium</strong></span> <span class='ocrx_word' id='word_1_726' title='bbox 2838 5252 2936 5306; x_wconf 79' lang='lat' dir='ltr'><strong>est,</strong></span> <span class='ocrx_word' id='word_1_727' title='bbox 2956 5245 3102 5314; x_wconf 87' lang='lat' dir='ltr'><strong>prius</strong></span> <span class='ocrx_word' id='word_1_728' title='bbox 3121 5253 3176 5300; x_wconf 89' lang='lat' dir='ltr'><strong>ut</strong></span> <span class='ocrx_word' id='word_1_729' title='bbox 3193 5259 3312 5299; x_wconf 86' lang='lat' dir='ltr'><strong>eum</strong></span> <span class='ocrx_word' id='word_1_730' title='bbox 3329 5247 3568 5302; x_wconf 78' lang='lat' dir='ltr'><strong>timuisse</strong></span> 
     </span>
    </p>
   </div>
   <div class='ocr_carea' id='block_1_92' title="bbox 1972 5325 3565 5396">
    <p class='ocr_par' dir='ltr' id='par_1_92' title="bbox 1972 5325 3565 5396">
     <span class='ocr_line' id='line_1_92' title="bbox 1972 5325 3565 5396; baseline 0.01 -20"><span class='ocrx_word' id='word_1_731' title='bbox 1972 5337 2199 5379; x_wconf 87' lang='lat' dir='ltr'><strong>mortem</strong></span> <span class='ocrx_word' id='word_1_732' title='bbox 2230 5325 2678 5396; x_wconf 84' lang='lat' dir='ltr'><strong>demonstremus,</strong></span> <span class='ocrx_word' id='word_1_733' title='bbox 2733 5349 2796 5389; x_wconf 89' lang='lat' dir='ltr'><strong>ac</strong></span> <span class='ocrx_word' id='word_1_734' title='bbox 2823 5333 3015 5392; x_wconf 88' lang='lat' dir='ltr'><strong>deinde</strong></span> <span class='ocrx_word' id='word_1_735' title='bbox 3051 5352 3080 5391; x_wconf 87' lang='lat' dir='ltr'><strong>a</strong></span> <span class='ocrx_word' id='word_1_736' title='bbox 3119 5337 3343 5392; x_wconf 87' lang='lat' dir='ltr'><strong>crimine</strong></span> <span class='ocrx_word' id='word_1_737' title='bbox 3394 5339 3565 5392; x_wconf 68' lang='lat' dir='ltr'><strong>vindio</strong></span> 
     </span>
    </p>
   </div>
   <div class='ocr_carea' id='block_1_93' title="bbox 1971 5417 3560 5496">
    <p class='ocr_par' dir='ltr' id='par_1_93' title="bbox 1971 5417 3560 5496">
     <span class='ocr_line' id='line_1_93' title="bbox 1971 5417 3560 5496; baseline 0.008 -27"><span class='ocrx_word' id='word_1_738' title='bbox 1971 5432 2173 5472; x_wconf 87' lang='lat' dir='ltr'><strong>cenms.</strong></span> <span class='ocrx_word' id='word_1_739' title='bbox 2211 5417 2494 5475; x_wconf 86' lang='lat' dir='ltr'><strong>Videamus</strong></span> <span class='ocrx_word' id='word_1_740' title='bbox 2533 5438 2662 5492; x_wconf 77' lang='lat' dir='ltr'><strong>ergo</strong></span> <span class='ocrx_word' id='word_1_741' title='bbox 2705 5441 2863 5496; x_wconf 88' lang='lat' dir='ltr'><strong>quam</strong></span> <span class='ocrx_word' id='word_1_742' title='bbox 2912 5427 3300 5484; x_wconf 86' lang='lat' dir='ltr'><strong>intolerabilem</strong></span> <span class='ocrx_word' id='word_1_743' title='bbox 3340 5443 3403 5483; x_wconf 91' lang='lat' dir='ltr'><strong>ac</strong></span> <span class='ocrx_word' id='word_1_744' title='bbox 3442 5444 3560 5484; x_wconf 85' lang='lat' dir='ltr'><strong>mo-</strong></span> 
     </span>
    </p>
   </div>
   <div class='ocr_carea' id='block_1_94' title="bbox 1974 5510 3535 5586">
    <p class='ocr_par' dir='ltr' id='par_1_94' title="bbox 1974 5510 3535 5586">
     <span class='ocr_line' id='line_1_94' title="bbox 1974 5510 3535 5586; baseline 0.008 -22"><span class='ocrx_word' id='word_1_745' title='bbox 1974 5510 2162 5567; x_wconf 81' lang='lat' dir='ltr'><strong>lestam</strong></span> <span class='ocrx_word' id='word_1_746' title='bbox 2193 5527 2303 5567; x_wconf 89' lang='lat' dir='ltr'><strong>rem</strong></span> <span class='ocrx_word' id='word_1_747' title='bbox 2335 5525 2530 5586; x_wconf 84' lang='lat' dir='ltr'><strong>passus</strong></span> <span class='ocrx_word' id='word_1_748' title='bbox 2558 5518 2627 5572; x_wconf 91' lang='lat' dir='ltr'><strong>sit</strong></span> <span class='ocrx_word' id='word_1_749' title='bbox 2656 5534 2669 5570; x_wconf 91' lang='lat'><strong>:</strong></span> <span class='ocrx_word' id='word_1_750' title='bbox 2700 5535 2821 5574; x_wconf 87' lang='lat' dir='ltr'><strong>nam</strong></span> <span class='ocrx_word' id='word_1_751' title='bbox 2853 5533 3071 5575; x_wconf 74' lang='lat' dir='ltr'><strong>uxorem</strong></span> <span class='ocrx_word' id='word_1_752' title='bbox 3098 5533 3322 5578; x_wconf 75' lang='lat' dir='ltr'><strong>cernere</strong></span> <span class='ocrx_word' id='word_1_753' title='bbox 3348 5534 3535 5578; x_wconf 72' lang='lat' dir='ltr'><strong>consul</strong></span> 
     </span>
    </p>
   </div>
   <div class='ocr_carea' id='block_1_95' title="bbox 1972 5605 3563 5682">
    <p class='ocr_par' dir='ltr' id='par_1_95' title="bbox 1972 5605 3563 5682">
     <span class='ocr_line' id='line_1_95' title="bbox 1972 5605 3563 5682; baseline 0.009 -28"><span class='ocrx_word' id='word_1_754' title='bbox 1972 5612 2174 5672; x_wconf 87' lang='lat' dir='ltr'><strong>pratam</strong></span> <span class='ocrx_word' id='word_1_755' title='bbox 2191 5613 2242 5660; x_wconf 88' lang='lat' dir='ltr'><strong>et</strong></span> <span class='ocrx_word' id='word_1_756' title='bbox 2256 5605 2517 5663; x_wconf 85' lang='lat' dir='ltr'><strong>adulterio</strong></span> <span class='ocrx_word' id='word_1_757' title='bbox 2534 5611 2785 5682; x_wconf 85' lang='lat' dir='ltr'><strong>pollutam</strong></span> <span class='ocrx_word' id='word_1_758' title='bbox 2803 5612 3008 5676; x_wconf 87' lang='lat' dir='ltr'><strong>intueri,</strong></span> <span class='ocrx_word' id='word_1_759' title='bbox 3027 5618 3292 5672; x_wconf 74' lang='lat' dir='ltr'><strong>sexcentis</strong></span> <span class='ocrx_word' id='word_1_760' title='bbox 3306 5619 3563 5670; x_wconf 69' lang='lat' dir='ltr'><strong>mortibus</strong></span> 
     </span>
    </p>
   </div>
  </div>
