4080 6196
484 222 579 278 631

480 345 561 391 est
591 317 994 393 intolerabilius.
1019 338 1153 406 Quid
1180 341 1297 397 dico
1318 344 1580 401 adulterio
1600 347 1855 416 pollutam
1876 349 1898 400 ἰ
1924 349 2066 403 srvcl

402 412 403 415 V
481 427 654 482 tenuis
679 428 747 484 de
773 428 885 499 ipsa
929 432 1245 503 suspicionis
1269 435 1517 506 cogitatio
1545 412 1778 493 mentem
1798 441 2067 511 occupet',

479 518 673 595 acerba
702 520 776 576 illi
802 522 909 578 vita
935 525 1109 581 omnis
1139 536 1191 580 et
1234 527 1453 584 minime
1480 530 1653 585 vitalis
1690 531 1944 587 redditur.
1978 533 2072 587 Et-

479 613 623 667 enim
655 613 792 684 ignis
820 616 893 670 illi
923 617 1136 687 quidam
1165 626 1221 672 et
1263 619 1515 675 indomita
1551 622 1764 678 flamma
1792 624 2068 696 zelotypite

480 705 915 778 morbus;cujus
960 713 1290 781 tyrannicam
1342 724 1396 769 et
1450 714 1809 773 inevitabilem
1838 720 1943 772 vim
1973 718 2068 775 de-

479 797 691 851 clarans
733 799 993 868 quispiam
1022 800 1232 857 dicebat
1261 822 1276 863 ;
1310 805 1501 861 Plenus
1540 810 1672 863 enim
1723 810 1836 864 zelo
1869 812 2069 866 animus

476 889 569 939 viri
594 888 705 958 ejus
731 905 833 944 non
844 895 1167 948 commutabit
1196 895 1303 949 ulla
1326 898 1667 968 redemptione
1691 903 1888 971 odium,
1912 919 2070 973 neque

477 990 649 1045 parcet
659 981 711 1034 in
735 982 817 1036 die
834 984 1031 1050 iudicii,
1050 1002 1207 1056 neque
1220 988 1518 1045 dissolvetur
1538 994 1707 1047 multis
1722 994 1868 1049 donis
1883 995 2068 1066 (Prov,

475 1071 530 1127 6.
561 1073 647 1129 34.
682 1075 828 1147 55);
860 1087 914 1132 et
943 1079 1067 1134 alibi
1126 1096 1311 1137 rursus
1345 1101 1359 1138 :
1414 1083 1591 1139 Durus
1632 1096 1684 1140 ut
1721 1088 1949 1160 infernus
1995 1099 2069 1143 est

476 1166 615 1221 scius
637 1166 655 1237 (
680 1166 828 1222 Cant.
862 1169 915 1225 8.
952 1172 984 1223 6
1012 1172 1053 1241 ).
1082 1171 1233 1228 Sicut
1255 1175 1397 1229 enim
1447 1192 1554 1232 non
1599 1188 1773 1249 potest
1802 1179 2065 1246 infernus,

478 1254 671 1326 inquit,
699 1260 938 1328 pecuniis
964 1264 1127 1330 ﬂecti,
1178 1265 1257 1321 sic
1283 1281 1457 1337 neque
1486 1269 1532 1324 is
1561 1271 1649 1339 qui
1679 1273 1941 1345 zelotypia
1986 1275 2067 1329 la-

478 1346 655 1415 borat,
694 1349 846 1405 leniri
870 1360 1031 1423 atque
1056 1355 1273 1425 placari.
1304 1359 1453 1415 Multi
1476 1361 1656 1433 utique
1680 1379 1825 1434 saepe
1850 1370 1952 1421 vita
1973 1382 2065 1421 sua

476 1437 706 1495 libenter
731 1441 1109 1513 redemissem,
1152 1455 1209 1502 ut
1236 1448 1537 1506 adulterum
1568 1453 1871 1511 invenirent
1899 1475 1914 1512 ε
1942 1473 2068 1512 san-

475 1530 690 1598 guinem
735 1533 908 1604 ipsum
952 1538 1052 1592 viri
1105 1539 1242 1609 ejus,
1293 1543 1382 1612 qui
1418 1559 1640 1601 uxorem
1670 1559 2064 1620 constuprant,

476 1621 819 1689 perlubenter
856 1625 1256 1698 degustassent,
1304 1642 1359 1688 et
1385 1636 1587 1704 qumvis
1633 1648 1728 1694 aut
1770 1655 1929 1710 agere
1975 1652 2068 1698 aut

478 1710 589 1778 pati
616 1712 731 1781 ejus
756 1715 833 1770 rei
858 1730 1017 1773 causa
1043 1723 1280 1778 contenti
1304 1723 1559 1793 fuissent;
1588 1729 1682 1784 sed
1711 1729 1851 1787 hunc
1874 1733 2068 1791 nihilo—

475 1802 653 1857 minus
697 1805 1086 1865 intolerandum
1137 1815 1418 1882 morbum,
1476 1817 1617 1875 hunc
1665 1823 1961 1880 violentum
2009 1837 2065 1884 et

474 1893 862 1962 implacabilem
906 1902 1083 1969 justus
1129 1906 1514 1974 patientissinie
1557 1912 1823 1983 toleravit;
1852 1927 1907 1973 et
1949 1928 2063 1974 stu-

473 1999 627 2053 prum
680 1990 862 2045 uxoris
899 2007 1010 2062 pra:
1056 1995 1221 2053 nitnio
1260 2002 1448 2057 mortis
1493 2013 1546 2060 et
1586 2006 1830 2064 interitus
1874 2010 2064 2068 timore

471 2081 815 2149 contempsit.

541 2168 595 2268 2..
639 2171 915 2268 Abraliami
937 2178 1195 2250 apologia.
1221 2214 1293 2224 ——
1318 2186 1543 2245 Mortem
1568 2191 1715 2247 illum
1745 2210 1873 2265 ergo
1898 2196 2064 2268 liquet

471 2274 538 2312 ex
569 2258 673 2316 hoc
704 2263 979 2323 timuisse:
1006 2269 1117 2339 jam
1147 2289 1273 2330 vero
1300 2286 1507 2347 tempus
1535 2293 1639 2350 est,
1667 2294 1721 2339 ut
1745 2301 1866 2341 eum
1898 2303 1927 2342 a
1956 2290 2063 2344 cri-

470 2350 615 2406 mine
636 2362 690 2408 et
729 2359 1089 2428 accusatione,
1132 2380 1252 2434 qua:
1282 2366 1408 2424 hinc
1452 2374 1708 2440 exoritur,
1740 2377 2056 2450 liberemus,

468 2442 513 2495 si
546 2444 690 2511 prius
720 2446 887 2515 ipsam
913 2455 1306 2513 accusationem
1334 2467 1775 2533 expresserimus.
1804 2470 2058 2538 Quzenatn

469 2535 632 2605 igitur
682 2538 773 2595 illa
819 2544 1032 2600 tandem
1084 2558 1167 2603 est
1215 2555 1529 2611 accusatio?
1557 2535 1867 2631 Oportebat,
1917 2564 2061 2623 dicet

468 2627 683 2699 aliquis,
712 2643 764 2687 ut
799 2646 1025 2693 mortem
1048 2653 1329 2710 oppeteret
1354 2649 1549 2718 potius,
1576 2627 1733 2721 quam
1765 2666 1820 2709 ιιι
1839 2627 2060 2713 constu-

468 2723 613 2788 prari
647 2741 865 2783 uxorem
898 2746 993 2800 pro
1026 2734 1194 2791 nihilo
1240 2738 1500 2797 haberet:
1529 2754 1583 2799 et
1612 2746 1713 2803 hoc
1759 2760 1863 2817 est,
1915 2754 2058 2823 quod

466 2811 542 2865 illi
574 2814 785 2872 crimini
810 2832 1024 2878 vertunt
1051 2827 1288 2896 quidam,
1312 2832 1454 2901 quod
1479 2835 1641 2892 vitam
1667 2853 1817 2895 suam
1836 2811 2056 2902 servare

468 2905 736 2974 maluerit,
770 2926 927 2980 quam
974 2918 1217 2990 conjugis
1247 2926 1568 2983 castitatem.
1592 2929 1729 2997 Quid
1749 2934 1872 2989 ais?
1898 2951 2059 3007 opor-

471 2999 617 3055 tebat
647 3003 818 3070 ipsum
866 3009 998 3062 mori
1030 3013 1225 3079 potius,
1259 3031 1420 3086 quam
1450 3029 1506 3075 ut
1557 3026 1892 3096 constuprari
1922 2999 2058 3084 uxo-

467 3106 585 3145 rem
617 3111 712 3162 pro
740 3097 906 3154 nihilo
929 3102 1195 3161 haberet?
1227 3108 1363 3177 Quid
1394 3128 1525 3169 vero
1553 3115 1680 3172 illud
1698 3120 2056 3188 profecisset?

468 3198 591 3237 nam
622 3188 666 3241 si
689 3190 901 3258 quidem
935 3207 1107 3252 morte
1149 3214 1242 3254 sua
1287 3205 1569 3277 eonjugem
1599 3226 1629 3264 a
1655 3221 1843 3283 stupro
1867 3215 2055 3273 fuisset

466 3286 830 3347 exempturus,
860 3294 1007 3340 recte
1034 3288 1131 3344 ista
1162 3291 1450 3362 diceretis;
1491 3299 1572 3353 sin
1601 3312 1779 3359 autem
1816 3307 2055 3364 moriens

465 3365 596 3472 nihil
623 3372 772 3425 uxori
802 3376 1072 3447 proderat,
1114 3392 1171 3437 ut
1196 3401 1311 3440 eam
1354 3404 1384 3442 a
1422 3399 1609 3463 stupro
1639 3395 1912 3467 liberaret,
1948 3418 2053 3472 qua

465 3456 534 3512 de
546 3474 701 3514 causa
726 3472 925 3522 temere
948 3481 1000 3524 et
1032 3472 1330 3534 inconsulto
1346 3483 1567 3539 salutem
1590 3502 1740 3544 suam
1765 3456 2053 3560 proderet?

464 3547 595 3605 Nam
620 3562 675 3605 ιιι
703 3553 990 3629 intelligas,
1015 3580 1082 3619 ne
1108 3580 1278 3625 morte
1298 3574 1513 3639 quidem
1532 3594 1625 3633 sua
1641 3547 1880 3649 potuisse
1900 3586 2049 3643 illum

463 3656 580 3696 eam
627 3644 696 3698 ab
737 3648 1001 3709 adulterio
1042 3657 1290 3729 liberare,
1317 3667 1439 3721 audi
1470 3670 1593 3739 quid
1635 3644 1776 3729 dicat
1809 3695 1821 3730 :
1863 3677 1928 3731 Et
1956 3684 2051 3735 erit

462 3749 581 3834 cum
612 3739 825 3795 viderint
855 3754 902 3798 te
926 3746 1186 3821 ZEgyptii,
1220 3765 1268 3809 te
1294 3759 1495 3825 quidem
1522 3766 1805 3834 servabunt,
1834 3786 1911 3824 me
1936 3786 2050 3827 vero

460 3824 756 3926 interﬁciant
784 3833 802 3902 (
827 3833 954 3892 Gen.
989 3839 1075 3893 12.
1107 3843 1225 3915 12).
1256 3824 1510 3906 Futurum
1533 3855 1691 3924 igitur
1704 3824 1839 3926 erat,
1874 3863 2050 3917 utduo

459 3919 662 3974 scelera
692 3936 1048 3995 patrarentur,
1074 3935 1414 4007 adulterium,
1443 3947 1712 4014 etcardes;
1741 3964 1849 4006 erat
1870 3966 2047 4011 autem

458 4010 755 4077 prudentia:
781 4034 887 4074 non
913 4023 1147 4093 vulgaris
1189 4046 1254 4083 ex
1283 4031 1492 4090 duobus
1535 4038 1649 4095 istis
1679 4058 1840 4099 unum
1882 4046 2048 4102 lucri-

459 4100 655 4198 facere.
684 4108 815 4164 Nam
843 4113 887 4168 si
913 4117 1127 4185 quidem
1158 4127 1396 4193 exposita
1420 4130 1523 4186 vita
1546 4146 1661 4198 sua,
1696 4152 1880 4193 rursus
1904 4142 2045 4196 enim

458 4194 599 4299 idem
622 4200 816 4272 dicam,
837 4207 1155 4271 liberaturus
1178 4232 1295 4274 eam
1322 4237 1352 4275 a
1379 4233 1565 4294 stupro
1582 4227 1783 4299 fuisset,
1801 4244 1852 4288 et
1868 4237 2046 4293 occiso

452 4288 619 4358 justo,
646 4294 834 4351 Suram
862 4300 936 4355 illi
961 4318 1067 4359 non
1088 4309 1411 4379 attigissent,
1437 4327 1583 4373 recte
1611 4334 1929 4394 accusares;
1961 4329 2042 4383 sin

454 4394 637 4442 autem
669 4406 735 4445 eo
777 4404 955 4451 morte
1001 4402 1212 4457 sublato
1243 4409 1354 4476 pari
1398 4414 1605 4469 ratione
1635 4416 1868 4475 futurum
1904 4435 2039 4491 erat,

455 4490 515 4534 ut
581 4493 918 4553 stupraretur
944 4507 1094 4559 uxor,
1121 4512 1222 4565 qua
1261 4501 1328 4556 de
1358 4519 1516 4559 causa
1545 4507 1746 4577 justum
1795 4490 2039 4582 accusas,

452 4574 597 4642 quod
627 4592 746 4631 cum
780 4579 888 4635 duo
932 4596 1187 4643 eventura
1238 4594 1375 4648 mala
1405 4608 1606 4665 essent,
1634 4602 1952 4662 adulterium
1980 4627 2043 4666 ac

452 4664 650 4731 caedes,
682 4669 908 4728 alterum
932 4678 1191 4747 sapientia
1223 4698 1315 4739 sua
1346 4687 1702 4760 impediverit,
1731 4698 1931 4753 aedem
1955 4701 2040 4755 ni-

453 4757 695 4815 mirum?
723 4763 891 4834 Hujus
939 4770 1135 4840 quippe
1183 4776 1259 4829 rei
1290 4792 1448 4833 causa
1476 4780 1675 4840 laudari
1704 4789 1864 4843 etiam
1919 4807 2039 4847 eum

450 4856 753 4924 oportebat,
777 4861 917 4929 quod
946 4864 1191 4922 adulterii
1245 4886 1457 4927 manum
1503 4892 1690 4946 puram
1720 4897 1748 4935 a
1780 4887 2040 4955 sanguine

451 4952 807 5005 conservarit.
837 4952 953 5009 Non
999 4959 1139 5013 enim
1163 4960 1343 5020 dicere
1370 4966 1499 5023 illud
1530 4980 1698 5036 potes,
1724 4989 1863 5041 eam,
1884 4952 2037 5048 quod

451 5035 651 5093 dixerit
679 5058 739 5096 se
765 5058 1006 5103 sororem
1036 5051 1178 5107 illius
1202 5071 1340 5123 esse,
1374 5057 1477 5115 hoc
1495 5062 1610 5131 ipso
1634 5035 1943 5138 Egyptium
1971 5071 2037 5125 ad

447 5137 690 5200 stuprum
716 5135 970 5196 invitasse
1005 5160 1019 5197 :
1050 5143 1173 5200 licet
1212 5150 1355 5203 enim
1399 5150 1622 5210 dixisset
1651 5135 1871 5215 uxor—em
1920 5163 2036 5231 ejus

446 5235 506 5276 se
535 5237 678 5293 esse,
706 5243 775 5283 ne
804 5229 883 5286 sic
910 5234 1125 5303 quidem
1161 5250 1278 5295 erat
1305 5243 1671 5304 abscessurus.
1700 5251 1764 5305 Et
1793 5253 1892 5308 hoc
1923 5229 2035 5324 ipse

445 5317 762 5392 declaravit,
793 5341 915 5382 cum
943 5328 1095 5396 dixit,
1119 5333 1182 5390 Si
1204 5337 1418 5393 uiderint
1447 5351 1514 5407 te,
1541 5343 1727 5410 dicent,
1764 5346 1907 5401 Uxor
1928 5317 2036 5419 ejus

448 5420 520 5467 est
556 5413 686 5483 hac,
714 5425 761 5471 et
789 5419 1090 5490 interﬁciant
1118 5444 1196 5481 nte
1219 5445 1237 5491 ;
1265 5439 1310 5483 te
1336 5441 1504 5486 autent
1532 5437 1818 5491 servabunt.
1850 5413 2031 5509 itaque

449 5506 491 5558 si
520 5506 742 5566 dixisset
776 5527 998 5571 uxorem
1052 5518 1218 5588 ipsius
1255 5536 1315 5576 sc
1359 5540 1503 5591 esse,
1548 5537 1603 5580 et
1631 5506 1958 5585 adulterium
1980 5541 2034 5586 et

444 5620 552 5729 na,”
932 5630 1004 5681 rel
1027 5640 1213 5685 tenuem
1234 5636 1293 5687 de
1314 5650 1465 5691 uxore
1483 5640 1765 5705 suspicionis
1785 5643 2031 5708 cogitatio.

1232 227 1287 283 S.
1327 228 1604 287 JOANNIS
1644 231 2115 289 CllltYSOSTOMI
2156 235 2476 293 ABCIIIEP.
2519 239 3051 298 CUNSTANTINOP.

3657 248 3765 302 G32

2183 350 2357 406 aedes
2382 362 2585 422 patrata
2603 354 2829 412 fuissent
2854 374 2868 421 ;
2893 357 2938 411 si
2955 373 3087 413 vero
3108 357 3333 414 dixisset
3358 374 3625 419 sororem.
3656 379 3765 419 ea:-

2176 440 2271 496 des
2309 443 2559 512 impedita
2604 457 2747 502 esset
2777 448 2978 507 :,vides
3015 459 3076 504 ut
3121 450 3521 508 imminentibus
3549 453 3765 511 duobus

2175 532 2333 587 malis
2355 535 2583 590 alterum
2611 537 2869 609 sapientia
2896 554 2990 594 sua
3016 541 3311 596 sustulerit.

2249 624 2411 679 Alteri
2459 630 2675 683 occurrit
2727 629 3015 702 objectioni.
3048 662 3122 673 —
3154 633 3313 690 Visne
3366 635 3606 705 discere,
3659 653 3768 707 quo

2176 727 2330 787 pacto
2348 718 2508 774 etiam
2535 719 2777 776 adulterii
2818 723 3056 791 crimen,
3098 734 3355 794 quantum
3380 726 3432 781 in
3473 726 3587 797 ejus
3617 738 3768 798 pute-

2176 820 2313 867 state
2358 812 2517 867 situm
2562 823 2678 879 est,
2731 831 2919 870 rursus
2960 817 3263 882 imminuat,
3295 829 3351 872 ιιι
3378 835 3445 874 nc
3470 820 3763 888 perfectum

2175 903 2389 975 quidem
2428 904 2726 960 adulterum
2767 922 2890 961 eum
2934 922 3055 963 esse
3098 910 3409 978 permittat:
3439 911 3562 964 audi
3601 913 3763 965 verba

2176 993 2288 1064 ipsa
2316 1010 2501 1050 rursus
2528 1006 2748 1053 attente.
2788 996 2924 1064 Dic,
2975 999 3175 1070 inquit,
3232 1000 3394 1055 Soror
3439 1002 3581 1055 illius
3626 1019 3759 1057 sum.

2174 1082 2312 1152 Quid
2341 1086 2446 1139 ait?
2470 1085 2570 1153 Qui
2592 1101 2832 1143 sororem
2859 1089 3083 1159 accipit,
3112 1106 3217 1144 non
3255 1091 3366 1160 jam
3404 1092 3612 1149 adulter
3640 1104 3759 1150 est:

2173 1175 2381 1231 adulter
2428 1177 2569 1232 enim
2617 1177 2686 1233 ab
2728 1178 2890 1234 animi
2939 1181 3213 1251 proposito
3253 1181 3547 1251 judicatur;
3596 1184 3761 1241 ludas

2174 1269 2368 1339 quippe
2419 1285 2539 1324 cum
2589 1270 2654 1325 ad
2696 1288 2885 1326 nurum
2916 1287 3066 1328 suam
3096 1273 3328 1329 Thamar
3357 1275 3722 1344 ingrederetur
3750 1323 3765 1345 ,

2175 1376 2280 1415 non
2326 1360 2537 1417 adulter
2574 1362 2914 1431 judicabatur
2963 1364 3125 1437 (Gen.
3171 1367 3261 1422 58.
3309 1368 3584 1440 15)ιιιοιι
3615 1372 3763 1425 cnim

2174 1462 2442 1524 tamquam
2471 1455 2537 1510 ad
2563 1473 2753 1512 nurum
2773 1500 2789 1525 ,
2825 1458 2917 1515 sed
2948 1468 3214 1532 tamquam
3242 1460 3309 1517 ad
3340 1463 3611 1519 mulierem
3642 1480 3762 1520 me-

2173 1545 2420 1600 retricem
2446 1546 2861 1617 ingrediebatur.
2887 1550 2977 1607 Sic
2998 1552 3157 1607 etiam
3182 1551 3284 1607 hoc
3306 1553 3425 1609 loco
3449 1554 3760 1626 Egyptius,

2172 1634 2265 1703 qui
2292 1652 2408 1691 eam
2437 1647 2553 1692 erat
2579 1650 2893 1710 accepturus
2912 1681 2929 1708 ,
2983 1659 3090 1697 non
3119 1652 3416 1700 utuxorem
3448 1646 3718 1701 Abraham
3740 1691 3757 1713 ,

2170 1726 2268 1781 sed
2314 1738 2370 1782 ut
2416 1742 2695 1799 sororem,
2730 1732 3050 1801 judicandus
3092 1735 3299 1791 adulter
3345 1753 3449 1792 non
3476 1748 3611 1793 erat.
3652 1740 3756 1795 Sed

2168 1820 2295 1890 quid
2322 1820 2424 1877 hoc
2447 1821 2513 1877 ad
2544 1823 2811 1879 Abraham
2832 1867 2848 1892 ,
2879 1826 3021 1881 dicet
3058 1827 3282 1899 aliquis,
3322 1830 3411 1900 qui
3451 1832 3617 1901 probe
3659 1848 3758 1887 no-

2168 1922 2315 1967 verat
2345 1929 2405 1970 se
2430 1915 2712 1986 conjugem
2750 1932 2901 1973 suam
2930 1928 2983 1974 et
3013 1934 3117 1974 non
3168 1935 3407 1977 sororem
3451 1929 3758 1993 exponere?

2166 2004 2326 2075 Atqui
2355 2020 2424 2061 ne
2447 2006 2548 2063 hoc
2575 2008 2785 2079 quidem
2812 2009 2964 2065 istius
2989 2021 3071 2067 est
3096 2013 3320 2069 crimen.
3347 2014 3400 2071 Si
3428 2017 3569 2071 enim
3588 2057 3606 2083 ,
3633 2033 3757 2073 cum

2168 2110 2387 2151 uxorem
2428 2097 2546 2168 ejus
2598 2114 2721 2155 esse
2760 2101 3085 2171 audivisset,
3129 2104 3231 2160 sibi
3283 2114 3669 2176 temperaturus
3722 2128 3756 2165 a

2165 2198 2351 2260 stupro
2397 2192 2616 2261 fuisset,
2642 2206 2784 2251 recte
2805 2196 3006 2267 justum
3033 2200 3425 2266 criminarcris;
3467 2203 3549 2256 sin
3574 2212 3755 2259 autem

2165 2281 2315 2338 Sara:
2364 2285 2496 2340 nihil
2523 2289 2787 2343 commodi
2819 2291 3000 2346 uxoris
3041 2306 3236 2347 nomen
3280 2303 3392 2348 erat
3431 2295 3753 2365 allaturum,

2166 2386 2222 2431 ut
2263 2386 2505 2448 stuprum
2541 2395 2572 2434 a
2610 2396 2669 2436 se
2696 2382 3007 2453 depelleret,
3041 2394 3197 2454 prout
3224 2386 3334 2456 ipse
3360 2403 3569 2458 quoque
3598 2388 3757 2457 dixit,

2164 2467 2379 2537 Dicent,
2430 2468 2574 2526 Uxor
2625 2473 2733 2541 ejus
2765 2484 2838 2528 est
2889 2475 3017 2542 lucc,
3068 2486 3114 2531 et
3162 2479 3425 2532 servabunt
3467 2488 3515 2532 te
3544 2481 3758 2535 :ntulto

2163 2563 2367 2633 aequius
2390 2573 2505 2631 est,
2539 2574 2596 2619 ut
2610 2566 2810 2635 justum
2853 2567 3159 2636 laudemus,
3191 2570 3279 2639 qui
3320 2570 3369 2624 in
3400 2578 3539 2625 tanta
3570 2587 3755 2626 rerum

2162 2654 2477 2713 difficultate
2528 2658 2764 2727 potuerit
2801 2668 2855 2714 et
2894 2659 3201 2731 .Egyptiutn
3234 2665 3758 2732 purumasangnine

2161 2761 2516 2816 conservare,
2567 2759 2621 2805 et
2666 2760 2922 2821 quantum
2961 2751 3016 2806 in
3044 2767 3103 2807 se
3139 2753 3297 2807 situm
3326 2762 3476 2821 erat,
3502 2754 3752 2809 adulterii

2161 2840 2364 2896 crimen
2390 2842 2649 2898 minuere.

2232 2933 2441 3007 Duplici
2473 2934 2703 3007 exemplo
2724 2934 2905 2990 Jacobi
2927 2946 2979 2991 et
3024 2936 3192 2993 Helia:
3222 2938 3398 3009 probat
3437 2948 3621 2993 veteres
3644 2957 3755 2993 me~

2159 3024 2310 3080 tuisse
2351 3026 2883 3082 mortem—Restat
2929 3035 2987 3082 ut
3038 3027 3103 3083 ad
3143 3028 3259 3099 ejus
3301 3040 3546 3100 nepotem
3582 3029 3756 3086 Jacob

2158 3118 2452 3172 orationem
2494 3118 2831 3174 traducamus
2851 3160 2866 3185 ,
2909 3129 2967 3175 ut
2996 3121 3141 3175 illum
3171 3138 3383 3193 quoque
3418 3139 3601 3179 necem
3628 3142 3751 3181 tne-

2161 3217 2395 3279 tuentem
2425 3224 2489 3265 ac
2517 3219 2832 3267 trementem
2862 3211 3042 3269 videas
3063 3212 3333 3268 hominem
3355 3256 3369 3278 ,
3399 3216 3486 3285 qui
3518 3232 3547 3269 a
3574 3218 3748 3285 pritna

2152 3298 2264 3369 jam
2291 3308 2448 3356 aetate
2472 3301 2867 3372 philosophiam
2907 3304 3250 3374 apostolicam
3280 3321 3389 3374 pra:
3432 3322 3491 3361 se
3531 3309 3748 3362 tulerat.

2157 3391 2352 3448 Paulus
2385 3394 2529 3449 enim
2572 3392 2847 3466 discipulis
2895 3395 2948 3449 in
2998 3394 3112 3451 btec
3161 3397 3321 3452 verba
3363 3398 3746 3467 praecipiebat;

2157 3481 2413 3538 Habentes
2436 3485 2698 3552 alimenta,
2731 3493 2777 3539 et
2814 3486 2994 3555 quibus
3034 3495 3283 3557 tegantur,
3309 3487 3387 3541 his
3410 3489 3626 3542 contenti
3649 3492 3753 3543 cri-

2156 3594 2268 3631 mus
2297 3578 2385 3649 (l.
2420 3576 2552 3631 Tim.
2591 3577 2643 3632 6.
2691 3578 2766 3649 8)
2805 3595 2818 3631 :
2850 3579 2952 3633 hoc
2994 3587 3051 3633 et
3085 3579 3186 3634 iste
3216 3580 3514 3649 postulabat
3566 3596 3595 3633 a
3637 3582 3751 3637 Deo

2155 3668 2338 3724 dicens
2363 3687 2375 3722 :
2398 3666 2458 3723 Si
2480 3668 2674 3723 dederit
2698 3669 2821 3723 mihi
2844 3667 3097 3724 Dominus
3126 3687 3306 3740 partem
3330 3671 3398 3724 ad
3426 3674 3747 3735 vescendum,

2154 3772 2201 3816 et
2231 3764 2572 3816 vestimentum
2595 3764 2663 3816 ad
2688 3763 3031 3832 induendum,
3069 3764 3248 3835 stt/ﬁcit
3287 3766 3429 3820 nobis
3461 3763 3620 3837 (Gen.
3647 3766 3745 3821 ‘28.

2152 3854 2223 3909 20
2245 3854 2282 3925 ).
2316 3854 2421 3909 Sed
2449 3864 2502 3910 et
2540 3855 2653 3924 ipse
2684 3864 2881 3921 tamen,
2928 3858 3016 3927 qui
3068 3856 3196 3911 nihil
3227 3868 3419 3927 praeter
3444 3860 3748 3913 necessaria

2152 3948 2440 4017 quaerebat,
2482 3949 2571 4018 qui
2608 3950 2827 4003 domum
2853 3951 3174 4021 neglexerat,
3227 3954 3316 4021 qui
3345 3952 3750 4008 benedictiones

2152 4050 2435 4109 acceperat
2462 4083 2478 4108 ,
2508 4042 2595 4111 qui
2624 4042 2778 4097 matri
2817 4054 3086 4112 paruerat,
3113 4046 3203 4115 qui
3242 4046 3351 4100 Deo
3375 4046 3577 4101 amicus
3602 4062 3745 4111 erat,

2152 4133 2243 4201 qui
2284 4148 2377 4202 per
2416 4133 2731 4204 sapientiam
2774 4144 2978 4191 natura:
3017 4137 3120 4192 vim
3150 4138 3401 4193 attulerat
3451 4140 3748 4210 (posterior

2150 4226 2345 4296 quippe
2372 4235 2557 4281 natura
2587 4243 2708 4282 cum
2752 4238 2924 4293 esset,
2962 4230 3421 4287 benedictionibus
3446 4234 3593 4303 prior
3618 4249 3745 4289 eva-

2149 4316 2261 4386 sit),
2283 4317 2370 4385 qui
2399 4326 2506 4372 tam
2528 4318 2693 4373 multa
2722 4330 2983 4390 potuerat,
3007 4322 3094 4392 qui
3126 4331 3322 4378 tantam
3350 4324 3743 4394 philosophiam

2150 4416 2453 4479 tantamque
2477 4410 2726 4479 pietatem
2758 4427 2867 4482 pra:
2889 4428 2947 4468 se
2972 4415 3183 4484 tulerat,
3207 4425 3327 4485 post
3352 4427 3602 4472 sexcenta
3622 4433 3746 4472 cer-

2150 4503 2368 4568 tamina,
2411 4512 2531 4572 post
2559 4514 2840 4561 sexcentos
2868 4521 3084 4577 agones,
3122 4520 3241 4577 post
3265 4520 3544 4565 sescentas
3568 4511 3746 4565 luctas

2145 4606 2200 4651 et
2224 4597 2480 4668 plurimas
2511 4599 2629 4655 illas
2657 4616 2904 4668 coronas,
2932 4618 3052 4657 cum
3082 4603 3134 4657 in
3165 4605 3388 4674 patriam
3432 4616 3743 4660 revertere‘

2148 4697 2252 4756 tur,
2278 4699 2331 4745 et
2358 4705 2678 4747 occursurus
2708 4691 2853 4748 fratri
2881 4703 3045 4760 esset,
3072 4696 3222 4765 quasi
3254 4695 3484 4751 belluam
3506 4711 3740 4764 conspeo

2145 4792 2349 4846 cturus,
2379 4782 2600 4852 ejusque
2631 4784 3043 4853 indignationem
3078 4787 3482 4855 pertimescens,
3512 4788 3745 4855 supplex

2146 4872 2253 4925 Deo
2286 4858 2356 4926 lit
2407 4884 2459 4927 et
2486 4885 2622 4937 orat,
2656 4875 2794 4929 Erue
2835 4893 2913 4930 me
2938 4878 3001 4930 de
3045 4894 3196 4930 manu
3235 4880 3407 4947 fratris
3437 4880 3532 4931 mei
3560 4877 3705 4931 Esas't
3728 4922 3747 4945 ,

2142 4967 2381 5032 quoniam
2406 4985 2518 5021 eum
2553 4970 2702 5023 timeo
2725 4986 2834 5039 ego,
2869 4987 2931 5023 ne
2956 4971 3087 5041 forte
3112 4972 3315 5025 veniens
3343 4974 3586 5041 percutiat
3623 4991 3710 5027 me
3728 5017 3746 5039 ,

2141 5065 2186 5109 et
2235 5066 2441 5111 matrem
2480 5075 2633 5129 super
2675 5061 2809 5129 ﬁlios
2853 5058 3012 5133 (Gen.
3067 5063 3155 5118 52.
3208 5063 3325 5134 11).
3359 5064 3518 5120 Vides
3563 5075 3619 5118 ιιι
3648 5066 3751 5120 hic

2140 5162 2351 5217 quoque
2402 5162 2626 5206 mortem
2674 5152 3053 5221 pertimescat?
3097 5162 3152 5207 ιιι
3188 5164 3418 5221 tremat,
3466 5157 3755 5228 Deumque

2144 5240 2284 5294 illius
2310 5256 2468 5296 causa
2498 5246 2782 5312 precetur?
2823 5245 2985 5301 Visne
3013 5248 3288 5303 ostendam
3319 5259 3374 5305 et
3401 5251 3624 5306 alterum
3654 5255 3755 5307 vi-

2141 5347 2256 5385 rttm
2289 5348 2534 5401 magnum
2558 5334 2661 5390 hoc
2681 5336 2871 5393 eodem
2896 5340 3053 5395 modo
3075 5357 3255 5395 rursus
3275 5341 3562 5397 affectum?
3587 5344 3756 5402 Pone

2141 5422 2233 5476 tibi
2286 5433 2411 5479 ante
2437 5426 2623 5480 oculos
2648 5426 2876 5495 Heliam,
2922 5430 3153 5485 animam
3185 5432 3250 5487 ad
3303 5433 3492 5487 c.elum
3531 5437 3758 5504 pertin-

2137 5530 2348 5590 genleut
2396 5538 2461 5578 ac
2507 5524 2739 5580 divinam
2774 5527 2906 5581 :ille
2959 5530 3099 5582 enim
3127 5532 3213 5598 qui
3261 5530 3449 5584 ca'lutn
3504 5530 3706 5587 clausit
3735 5576 3757 5600 ,

2140 5627 2431 5684 rursusque
2458 5619 2737 5681 reseravit,
2766 5619 2852 5689 qui
2890 5619 3121 5688 desuper
3163 5622 3335 5691 ignem
3382 5623 3610 5692 dejecit,
3643 5630 3759 5693 qui

2145 5704 2386 5763 mirabile
2432 5709 2752 5766 sacriﬁcium
2802 5710 2928 5768 illud
2958 5712 3180 5783 obtulit,
3214 5715 3300 5786 qui
3332 5730 3430 5787 pro
3471 5716 3580 5772 Deo
3616 5720 3763 5772 zelo
