4080 6196
400 195 496 252 831

397 311 646 401 θανάτων
674 315 1074 401 ἀφορητότερὸν
1128 319 1260 376 ἐστι.
1307 323 1415 376 Καὶ
1439 325 1490 378 τί
1536 327 1682 396 λέγω
1721 347 1958 401 μοιχευο-

395 395 599 484 μένην;
623 397 734 484 κᾶν
759 399 922 470 ψιλήν
947 417 1068 455 τινα
1095 401 1304 459 ἔννοιαν
1347 406 1583 477 ὑποψίας
1615 395 1753 480 περὶ
1794 395 1968 484 αὐτῆς

392 483 452 567 ἐν
493 484 560 553 τῇ
606 482 750 567 ψυχῇ
784 485 1067 554 κέκτηται,
1099 486 1328 553 ἀϐίωτος
1371 503 1398 532 ι
1439 492 1467 544 6
1495 491 1606 562 βίος
1644 495 1791 567 αὐτῷ
1819 482 1966 562 ἄπας

390 565 621 648 γίνεται.
652 565 768 638 ῐῐῦρ
802 567 908 638 γάρ
941 567 1090 638 αὐτῷ
1117 571 1215 648 καὶ
1256 572 1386 642 φλόξ
1418 577 1565 630 ἐστιν
1614 565 1963 648 ἀκαταγώνι-

392 663 516 711 στος
530 647 610 733 -τδ
644 649 745 719 τῆς
791 647 1122 720 ζηλοτυπίας
1159 653 1360 720 πάθος*
1393 658 1484 710 καὶ
1535 659 1598 712 τὸ
1642 662 1964 733 τυραννικὸν

388 731 556 785 αὐτοῦ
617 735 712 787 καὶ
765 735 1138 808 ἀπαραίτητον
1173 738 1349 810 δηλῶν
1375 759 1460 806 τις
1511 743 1694 812 ἐλεγεο
1717 731 1963 814 ⁷Μεστὸς

389 819 500 886 γὰρ
539 817 722 884 ζήλου
745 818 930 888 θυμὸς
955 819 1176 888 ἀνδρὸς
1203 821 1390 891 αὐτῆς
1408 842 1424 858 ο
1458 827 1570 880 οὐκ
1599 827 1963 892 ἀνταλλάξε-

390 916 484 954 ται
520 900 769 968 οὐδενὸς
794 903 1017 972 λύτρον
1045 904 1161 972 τὴν
1178 905 1420 974 ἔχθραν,
1459 908 1601 962 οὐδὲ
1627 909 1713 977 μὴ
1754 912 1958 979 φείση-

387 999 480 1035 ται
509 984 579 1036 ἐν
617 984 808 1054 ἡμέρᾳ
848 986 1139 1054 κρίσεως,
1162 987 1290 1041 οὐδ’
1317 991 1388 1042 οὐ
1413 991 1498 1064 μὴ
1529 990 1784 1060 διαλυθῇ
1811 998 1961 1047 πολ-

386 1065 516 1121 λῶν
535 1066 754 1136 δώρων.
789 1071 900 1123 Καὶ
928 1071 1091 1125 πάλιν
1123 1071 1354 1142 ἀλλαχοῦ
1381 1089 1394 1103 ·
1417 1076 1689 1142 Σκληρός
1709 1077 1787 1142 ὡς
1811 1077 1960 1144 ᾅδης

388 1148 597 1216 ζῆλοςο
616 1151 803 1224 ὥσπερ
832 1153 942 1225 γὰρ
962 1155 1064 1208 οὐκ
1093 1155 1230 1222 ἐστι,
1258 1157 1412 1228 φησι,
1439 1159 1530 1211 τὸν
1550 1158 1684 1229 ᾅδην
1712 1163 1813 1230 χρῆ
1827 1178 1959 1229 μασι

388 1235 593 1298 πεῖσαι,
627 1231 796 1299 οὕτως
816 1236 937 1290 οὐδὲ
969 1236 1060 1290 τὸν
1103 1238 1509 1309 ζηλοτυποῦντα
1557 1241 1961 1312 παραμυθήσα-

389 1315 513 1370 σθαι
541 1319 636 1370 καὶ
665 1318 1016 1384 καταλλάξαι.
1063 1321 1256 1375 Πολλοὶ
1285 1323 1418 1391 γοῦν
1453 1323 1711 1389 πολλάκις
1744 1326 1836 1378 καὶ
1860 1325 1959 1397 τὴν

384 1397 562 1470 ψυχὴν
595 1402 906 1473 προήκαντο
941 1403 1040 1474 τὴν
1075 1403 1302 1469 ἑαυτῶν,
1326 1405 1467 1459 ὥστε
1500 1407 1591 1480 τδν
1631 1409 1815 1479 μοιχὸν
1862 1410 1957 1462 εὐ-

387 1485 502 1553 ρεῖν
521 1498 536 1512 '
587 1485 682 1537 καὶ
731 1484 824 1537 τού
855 1485 1084 1555 αἵματος
1121 1485 1177 1539 δὲ
1209 1487 1375 1540 αὐτοῦ
1407 1489 1578 1558 ἡδέως
1624 1489 1690 1543 ἂν
1719 1491 1959 1559 ἀπογεύ-

387 1582 572 1620 σαιντο
601 1567 696 1621 τοῦ
733 1567 831 1639 τὴν
859 1572 1093 1638 γυναῖκα
1113 1569 1398 1640 ὐϐρικότος
1425 1572 1634 1642 ἀνδρὸς,
1659 1575 1753 1626 καὶ
1781 1575 1958 1630 πάντα

383 1646 449 1701 ἂν
478 1647 686 1703 ἐλοιντο
739 1651 836 1704 καὶ
891 1652 1115 1723 ποιῆσαι
1145 1654 1240 1707 καὶ
1273 1654 1466 1708 παθεῖν
1495 1655 1584 1709 διά
1619 1655 1776 1709 τοῦτο
1801 1675 1814 1687 ο
1840 1657 1955 1711 ἀλλ’

381 1731 534 1800 ὅμως
566 1732 726 1786 τοῦτο
751 1733 813 1786 τὸ
843 1732 1118 1809 ἀφόρητον
1148 1736 1341 1801 πάθος,
1373 1737 1532 1791 τοῦτο
1549 1739 1609 1792 τὸ
1633 1741 1956 1810 τυραννικὸν

384 1816 479 1870 καὶ
499 1817 877 1889 ἀπαραίτητον
906 1820 1199 1890 ὑπέμεινεν
1231 1823 1259 1875 6
1297 1822 1502 1886 δίκαιος
1541 1823 1680 1893 μετά
1713 1824 1956 1889 πλείονος

385 1899 688 1969 ὑπερϐολῆς
715 1939 730 1963 ,
775 1902 871 1956 καὶ
908 1904 1140 1974 περιορᾷ
1183 1903 1285 1976 τὴν
1314 1908 1549 1973 γυναῖκα
1587 1905 1954 1978 ὑϐριζομένην

381 1982 469 2036 διὰ
498 1983 590 2036 τὸν
618 1984 781 2053 φόϐον
813 1985 910 2039 τοῦ
940 1985 1170 2040 θανάτου
1201 1988 1296 2042 καί
1318 1989 1415 2060 τῆς
1444 1989 1721 2060 τελευτῆς.

453 2065 518 2136 β’.
545 2068 666 2120 Ὅτι
683 2069 780 2137 μὲν
811 2063 902 2122 οὖν
919 2068 1172 2123 ἐδεδοίκει
1197 2071 1288 2124 τὸν
1318 2069 1544 2125 θάνατον
1565 2071 1628 2124 ἐκ
1655 2071 1843 2125 τούτου
1859 2071 1952 2144 δῆ-

381 2149 470 2203 λον
492 2167 507 2182 ο
542 2150 662 2222 ὥρα
684 2151 741 2205 δέ
772 2152 957 2206 λοιπὸν
989 2154 1152 2208 αὐτὸν
1191 2154 1496 2222 ἀπαλλάξαι
1521 2155 1629 2208 τῶν
1677 2155 1954 2226 ἐγκλημά-

382 2233 530 2306 [636]
572 2252 680 2288 των
710 2236 804 2288 καὶ
826 2237 922 2306 τῆς
947 2239 1282 2310 κατηγορίας
1307 2240 1403 2309 τῆς
1423 2239 1515 2292 ἐπὶ
1538 2238 1730 2309 τούτῳ,
1755 2240 1951 2310 πρότε-

381 2336 472 2389 ρον
503 2320 675 2390 αὐτὴν
707 2319 929 2373 εἰπόντα
957 2320 1055 2391 τὴν
1089 2323 1438 2393 κατηγορίαν.
1469 2323 1564 2386 Τίς
1599 2318 1692 2376 οὖν
1725 2324 1872 2375 ἐστιν
1914 2324 1948 2394 ἡ

381 2402 721 2473 κατηγορίας
757 2397 926 2467 1Ἔδει,
969 2406 1152 2477 φησιν,
1195 2406 1358 2459 αὐτὸν
1392 2407 1682 2460 ἀποθανεῖν
1728 2406 1948 2476 μᾶλλον,

379 2485 707 2554 ἢπεριιδεῖν
774 2487 874 2557 τὴν
925 2491 1160 2555 γυναῖκα
1214 2489 1612 2562 ὑϐριζομένηνο
1660 2491 1754 2543 καὶ
1793 2489 1950 2543 τοῦτό

378 2569 524 2622 ἐστιν
568 2569 598 2622 ὃ
648 2571 1013 2640 κατηγοροῦσί
1061 2586 1236 2635 τινες⁸
1287 2573 1368 2626 ὅτι
1412 2571 1587 2626 είλετο
1623 2572 1821 2643 μᾶλλον
1850 2574 1950 2642 τὴν

377 2650 570 2705 ἐαυτοῦ
596 2651 855 2706 διασῶσαι
880 2653 1044 2724 ζωὴν,
1079 2653 1111 2724 ἢ
1141 2655 1239 2726 τὴν
1264 2653 1616 2725 σωφροσύνην
1637 2656 1735 2725 τῆς
1763 2671 1940 2722 γυναι·

378 2734 489 2799 κός.
525 2735 592 2787 Τί
620 2735 830 2804 λέγεις;
859 2737 964 2791 ἔδει
1006 2737 1206 2808 μᾶλλον
1243 2738 1402 2791 αὐτὸν
1439 2737 1751 2800 ἀποθανεῖν,
1789 2739 1822 2808 ἥ
1851 2737 1947 2810 τὴν

376 2821 604 2884 γυναῖκα
631 2820 890 2890 περιιδεῖν
917 2819 1310 2890 ὐϐριζομένην;
1333 2821 1443 2874 Καὶ
1469 2820 1522 2872 τί
1549 2820 1708 2873 πλέον
1735 2821 1946 2889 ἐγίγνε-

377 2918 466 2966 το;
507 2905 555 2955 εί
592 2902 690 2974 μὲν
727 2904 835 2974 γάρ
863 2903 1086 2965 ἔμελλεν
1115 2902 1472 2972 ἀποθνήσκων
1499 2904 1827 2974 ἐξαρπάζειν
1849 2904 1946 2976 τὴν

377 2987 607 3052 γυναῖκα
630 2985 730 3056 τῆς
758 2987 986 3059 ὕϐρεως,
1021 2985 1201 3050 καλῶς
1229 2985 1398 3040 ταῦτά
1425 3002 1559 3055 φατε
1580 3002 1592 3016 ·
1637 2988 1684 3038 εί
1722 2986 1777 3038 δὲ
1807 2987 1946 3039 ἀπο-

378 3065 550 3120 θανὼν
572 3068 722 3123 οὐδὲν
742 3067 942 3138 ὠφελεῖ
964 3069 1063 3140 τὴν
1083 3072 1315 3138 γυναῖκα
1342 3069 1476 3140 πρὸς
1498 3069 1594 3140 τὴν
1616 3070 1715 3139 τῆς
1737 3069 1946 3141 ὕϐρεως

373 3150 713 3223 ἀπαλλαγὴν,
748 3152 893 3214 τίνος
921 3141 1104 3205 ἕνεκεν
1134 3153 1256 3223 είκῆ
1285 3154 1380 3205 καὶ
1409 3151 1594 3214 ἁπλῶς
1622 3151 1718 3223 τὴν
1754 3151 1944 3206 ἐαυτοῦ

376 3235 662 3304 προδίδωσι
695 3236 1002 3306 σωτηρίαν;
1033 3237 1150 3288 Ἵνα
1183 3236 1291 3306 γὰρ
1319 3235 1518 3306 μάθῃς,
1542 3235 1624 3288 ὄτι
1661 3235 1781 3288 οὐδέ
1809 3236 1946 3287 ἁπο-

373 3317 551 3371 θανὼν
573 3319 795 3389 ἔμελλεν
817 3310 1147 3389 ἐξαρπάζειν
1173 3318 1341 3389 αὐτὴν
1367 3319 1466 3389 τῆς
1496 3319 1758 3388 μοιχείας,
1783 3319 1945 3372 ἄκου-

374 3419 463 3455 σον
500 3401 555 3454 τί
593 3418 759 3472 φησιο
793 3403 899 3456 Καὶ
928 3402 1096 3456 ἔσται
1124 3403 1204 3468 ὡς
1243 3401 1320 3454 ἄν
1345 3417 1419 3455 σε
1453 3402 1664 3457 ἴδωσιν
1687 3406 1740 3456 οι
1768 3403 1943 3471 Αίγύ-

371 3501 550 3542 πτιοι.
580 3485 656 3538 σὲ
683 3484 799 3553 μὲν
821 3486 1335 3552 περιποι-ήσονται,
1358 3485 1462 3553 ἐμὲ
1489 3485 1558 3538 δὲ
1581 3483 1944 3538 ἀποκτενοῦ-

370 3585 455 3621 σι.
496 3567 600 3620 Δύο
633 3567 811 3619 τοίνυν
834 3567 1025 3637 ἔμελλε
1047 3567 1290 3636 γίνεσθαι
1310 3568 1336 3607 δ
1363 3567 1560 3628 ἄτοπα.
1595 3567 1828 3637 μοιχεία,
1849 3567 1942 3619 καὶ

372 3653 525 3718 ᾠνος
545 3667 559 3680 ·
597 3651 660 3704 οὐ
703 3651 802 3720 τῆς
843 3650 1108 3722 τυχούσης
1133 3651 1189 3704 δὲ
1228 3647 1296 3722 ἦν
1323 3650 1586 3714 συνέσεως
1618 3652 1683 3703 ἐκ
1712 3649 1819 3702 τῶν
1851 3650 1942 3702 δύο

370 3737 573 3789 τούτων
607 3734 664 3787 ἓν
703 3735 832 3802 γοῦν
867 3735 1138 3804 κερδᾶναι.
1176 3737 1238 3789 Εἰ
1274 3736 1372 3806 μὲν
1397 3737 1505 3808 γάρ
1532 3736 1721 3807 ἔμελλε
1757 3735 1941 3803 (πάλιν

370 3819 476 3889 γάρ
508 3819 568 3870 τὸ
593 3817 724 3871 αὐτὸ
752 3817 882 3889 ἐρῶ)
914 3818 1010 3889 τὴν
1045 3819 1220 3891 ψυχὴν
1243 3820 1457 3882 ἐπιδοὺς
1489 3821 1586 3889 τὴν
1612 3819 1804 3872 ἐαυτοῦ
1835 3821 1940 3872 ἀπο

366 3902 653 3956 ἀλλάττειν
698 3900 910 3973 ἐκείνην
953 3901 1054 3971 τῆς
1102 3902 1331 3972 ὕϐρεως,
1378 3903 1472 3956 καὶ
1521 3902 1940 3965 ἀποκτείναντες

367 3987 565 4039 ἐκεῖνοι
593 3983 685 4036 τὸν
721 3983 922 4038 δίκαιον
953 3985 1053 4055 τῆς
1093 3985 1306 4057 Σάρρας
1339 3985 1436 4056 οὐχ
1463 3986 1716 4056 ἥπτοντο,
1759 3983 1940 4048 καλῶς

368 4067 641 4129 ἐνεκάλεις
664 4081 675 4094 '
701 4066 823 4119 εἰδὲ
853 4067 948 4120 καὶ
975 4067 1334 4132 ἀποθανόντος
1357 4067 1539 4131 αὐτοῦ,
1560 4067 1760 4139 ὁμοίως
1780 4066 1938 4137 ἐμελ-

366 4151 458 4203 λεν
489 4148 805 4223 ὑϐρίζεσθαι
829 4152 861 4220 ἡ
891 4149 1048 4220 γυνὴ,
1074 4149 1215 4214 τίνος
1245 4150 1428 4204 ἕνεκεν
1455 4150 1548 4204 τοῦ
1573 4150 1779 4205 δικαίου
1806 4168 1938 4204 κατ-

366 4237 608 4305 ηγορεῖς,
643 4234 708 4296 ὅς’
727 4251 787 4300 γε
818 4233 911 4286 δύο
940 4233 1240 4304 μελλόντων
1272 4234 1584 4305 συμϐαίνειν
1607 4235 1795 4289 δεινῶν
1820 4253 1938 4307 μοι-

365 4319 519 4389 χείας
553 4317 646 4370 καὶ
667 4316 849 4385 φόνου,
885 4316 1110 4387 θάτερον
1141 4316 1226 4369 διὰ
1251 4317 1353 4387 τῆς
1394 4317 1558 4371 αὐτοῦ
1608 4319 1798 4389 σοφίας
1841 4320 1936 4374 ἐκ-

362 4401 562 4468 ώλυσε,
589 4400 651 4452 τὸ
675 4399 776 4468 τῆς
815 4398 1164 4468 ἀνδροφονίας
1189 4398 1332 4469 λέγω
1355 4417 1370 4464 ;
1411 4400 1582 4470 Ὑπὲρ
1607 4402 1716 4473 γάρ
1742 4403 1935 4458 τούτου

366 4486 460 4538 καὶ
487 4482 828 4537 ἐπαινεῖσθαι
851 4483 1014 4536 αὐτὸν
1039 4483 1166 4547 ἔδει,
1194 4483 1276 4536 ὃτι
1302 4482 1546 4555 καθαρὰν
1567 4486 1828 4556 ἐτήρησεν
1848 4487 1936 4540 αῖ-

367 4585 536 4638 ματος
557 4567 655 4638 τὴν
677 4567 770 4620 τοῦ
803 4565 989 4637 μοιχοῦ
1018 4569 1193 4637 χεῖρα.
1223 4566 1357 4620 Οὐδὲ
1385 4566 1492 4637 γάρ
1519 4569 1692 4620 ἐκεῖνο
1709 4568 1775 4622 ἂν
1794 4569 1935 4640 ἔχοις

363 4654 562 4714 εἰπεῖν,
595 4651 677 4703 ὅτι
713 4649 790 4720 τῷ
827 4651 998 4702 εἰπεῖν
1027 4649 1217 4720 αὐτὴν,
1247 4651 1328 4703 δτι
1358 4650 1559 4722 ἀδελφὴ
1600 4651 1764 4704 αὐτοῦ
1796 4655 1931 4723 είμι,

359 4733 538 4804 τούτῳ
582 4733 932 4787 ἐπεσπάσατο
975 4732 1068 4786 τὸν
1114 4731 1409 4800 Αίγύπτιον
1442 4733 1576 4804 πρὸς
1606 4732 1702 4804 τὴν
1741 4734 1928 4806 ὕϐρινι

364 4820 458 4872 καὶ
499 4818 610 4890 γάρ
651 4821 700 4871 εί
733 4815 904 4884 εἶπεν,
938 4817 1021 4870 ὅτι
1058 4816 1196 4887 γυνὴ
1235 4815 1399 4869 αὐτοῦ
1439 4818 1575 4888 εἰμι,
1605 4817 1725 4872 οὐδέ
1761 4819 1933 4885 οὕτως

361 4902 586 4972 ἔμελλεν
614 4899 1048 4971 ἀποστήσεσθαι·
1079 4901 1170 4953 καὶ
1192 4899 1350 4952 τοῦτο
1371 4900 1636 4971 ἐδήλωσεν
1663 4902 1827 4967 αὐτὸς
1853 4906 1930 4957 εί-

365 4983 479 5038 πὼν
498 5003 511 5016 ·
557 4985 649 5049 Ὠς
678 4983 785 5038 ἐὰν
815 4983 988 5036 ῑδωσί
1013 4997 1108 5044 σε,
1137 4982 1527 5050 ἑροῦσιν,Ὅτι
1566 4985 1721 5053 γυνὴ
1747 4987 1933 5041 αὐτοῦ

362 5069 536 5135 αὕτη,
561 5067 660 5120 καὶ
689 5065 1095 5120 ἀποκτενοῦσί
1110 5083 1207 5134 με,
1231 5067 1305 5119 σὲ
1329 5066 1397 5118 δὲ
1425 5068 1929 5134 περιποιήσονται.

364 5152 525 5204 ’Ὥστε
552 5149 812 5220 εἰπούσης
843 5150 964 5220 μὲν,
995 5151 1076 5203 ὅτι
1109 5150 1244 5221 γυνὴ
1278 5150 1441 5204 αὐτοῦ
1479 5147 1564 5222 ἦν,
1593 5153 1686 5206 καὶ
1719 5155 1934 5224 μοιχεία

364 5237 456 5289 καὶ
482 5235 642 5305 φόνος
665 5236 910 5303 ἐγίγνετο
929 5249 942 5263 ·
978 5234 1235 5305 εἰπούσης
1263 5233 1342 5298 δὲ,
1375 5235 1457 5288 δτι
1494 5235 1716 5308 ἀδελφὴ,
1750 5236 1812 5291 τὸ
1837 5237 1932 5292 τοῦ

423 5442 441 5464 ⁸
465 5444 618 5493 Savil.
657 5445 705 5494 ἐν
726 5450 783 5506 τῇ
823 5448 951 5507 ψυχῇ
992 5445 1129 5492 λάϐοι
1169 5462 1256 5507 τις,
1291 5445 1512 5501 ἀϐίωτος.
1545 5444 1668 5493 Ibid.
1704 5446 1852 5496 Savil.
1878 5452 1933 5497 el.

367 5502 481 5569 Βιικ.
505 5508 629 5561 ἄπας
657 5502 921 5569 γεγένηταί
933 5502 1056 5556 ’Μοχ
1085 5505 1234 5556 Savil.
1263 5509 1312 5555 in
1353 5521 1488 5569 marg
1531 5507 1640 5568 φλόξ
1666 5508 1792 5557 ἐστιν
1811 5511 1930 5559 ἀκα-

363 5565 638 5621 τάσϐεστος.
670 5565 682 5568 ⁷
722 5565 734 5569 ⁷
1460 5565 1481 5569 ⁷
1540 5565 1547 5568 -

421 5626 450 5668 δ
470 5630 619 5678 Savil.
647 5627 694 5679 in
717 5635 854 5678 lexm
881 5630 1134 5682 τίκτεσθαι.
1161 5631 1208 5678 in
1233 5642 1381 5692 marg.
1405 5629 1625 5693 γίηισθαι,
1662 5638 1710 5687 ul
1736 5632 1837 5683 alii.

1438 214 1525 271 DE
1565 215 1666 273 SS.
1709 215 2004 275 BERNICE
2044 221 2132 280 ΕΤ
2168 229 2555 294 PROSDOCE.

3533 253 3640 309 633

2075 339 2238 407 φόνου
2268 347 2604 406 διεκωλύετο.
2623 354 2785 426 Ὁρᾷς
2817 358 2932 422 πῶς
2961 357 3052 411 δύο
3084 359 3379 430 μελλόντων
3406 368 3636 429 συμϐαί-

2070 447 2183 487 νειν
2207 437 2414 507 δεινῶν,
2441 443 2669 517 θάτερον
2701 447 2789 500 διὸ.
2819 451 2914 522 τῆς
2947 453 3112 505 αὐτοῦ
3143 455 3336 524 σοφίας
3366 457 3576 524 ἀνεῖλες

2140 525 2326 620 Βούλει
2357 533 2568 601 μαθεῖν,
2607 537 2720 602 πῶς
2763 540 2856 592 καὶ
2893 541 2992 611 τῆς
3026 543 3269 613 μοιχείας
3293 545 3353 599 τὸ
3387 547 3636 620 ἔγκλημα

2070 616 2212 670 κατὰ
2241 619 2470 692 δύναμιν
2501 626 2599 697 τὴν
2637 629 2830 683 ἑαυτοῦ
2879 632 3037 686 πάλιν
3067 635 3449 704 ὑποτέμνεται,
3493 638 3636 692 ὥστε

2072 708 2206 778 μηδὲ
2237 713 2421 784 μοιχὸν
2457 719 2618 771 αὐτὸν
2649 721 3055 794 ἀπηρτισμένον
3086 728 3303 796 ἀφεῖναι
3346 729 3634 798 γενέσθαι;

2071 801 2334 856 Ἀκουσον
2365 806 2541 862 αὐτῶν
2565 810 2725 865 πάλιν
2753 815 2996 885 ἀκριϐῶς
3016 817 3122 870 τῶν
3146 819 3405 890 ῥημάτων
3421 839 3435 852 ο
3462 823 3632 885 Ειπά,

2068 890 2250 985 φησιν,
2274 893 2362 948 ὅτι
2389 896 2619 969 ἀδελφὴ
2642 905 2827 958 αὐτοῦ
2853 909 2989 976 ειμι.
3010 909 3076 962 Τί
3102 909 3280 978 λέγει;
3318 911 3374 964 '0
3401 911 3636 985 ἀδελφὴν

2065 978 2352 1077 λαμϐάνων
2403 988 2498 1042 οὐκ
2554 991 2666 1044 ἔστι
2701 997 2920 1066 μοιχός·
2956 1001 2984 1052 6
3012 1001 3120 1071 γὰρ
3154 1002 3336 1073 μοιχὸς
3377 1004 3500 1062 ἀπὸ·

2067 1073 2438 1162 προαιρέσεως
2484 1080 2753 1150 κρίνεται·
2801 1085 2924 1137 ἐπεὶ⁵
2956 1086 3051 1140 καὶ
3077 1089 3106 1140 6
3141 1088 3342 1154 Ἰούδας
3371 1091 3506 1162 πρὸς
3534 1073 3634 1161 την

2069 1160 2289 1233 νύμφην
2328 1166 2426 1236 τὴν
2456 1169 2645 1222 ἐαυτοῦ
2679 1172 2934 1228 εἰσελθὼν
2961 1176 3058 1250 τὴν
3084 1177 3300 1250 Θάμαρ,
3346 1160 3447 1234 οὐκ
3491 1160 3632 1253 ἐκρί·

2065 1267 2183 1304 νετο
2216 1256 2404 1326 μοιχός
2423 1275 2436 1286 ’
2465 1261 2528 1313 οὐ
2561 1260 2669 1332 γὰρ
2701 1263 2776 1326 ὡς
2815 1266 2950 1335 πρὸς
2978 1266 3217 1339 νύμφην,
3251 1269 3364 1323 ἀλλ’
3395 1269 3470 1334 ὡς
3498 1273 3634 1343 πρὸς

2064 1346 2268 1418 πόρνην
2307 1351 2523 1422 εἰσῆλθε
2555 1359 2806 1423 γυναῖκα.
2837 1359 2991 1414 υῦτω
3022 1362 3116 1419 καὶ
3145 1362 3378 1417 ἐνταῦθα
3409 1366 3436 1417 6
3465 1364 3634 1433 Αίγύ-

2065 1456 2219 1504 πτιος
2255 1442 2463 1511 μέλλων
2499 1447 2670 1519 αὐτὴν
2706 1449 3002 1521 λαμϐάνειν
3035 1454 3132 1523 οὐχ
3163 1453 3238 1518 ὡς
3263 1456 3496 1523 γυναῖκα
3537 1455 3633 1512 τοῦ

2076 1531 2342 1604 Ἀϐραὰμ,
2371 1536 2484 1589 ἀλλ’
2505 1538 2580 1602 ὡς
2607 1540 2860 1613 ἀδελφὴν,
2884 1545 2984 1598 οὐκ
3014 1545 3204 1616 ἔμελλε
3233 1547 3417 1618 μοιχὸς
3450 1548 3631 1618 κρίνε-

2063 1620 2206 1677 σθαι.
2243 1625 2306 1678 Τί
2335 1623 2427 1681 οὖν
2453 1629 2610 1682 τοῦτο
2636 1632 2771 1702 πρὸς
2814 1634 2904 1687 τὸν
2939 1635 3208 1707 Ἀϐραάμ,
3237 1638 3391 1708 φησὶ,
3419 1637 3510 1692 τὸν
3553 1640 3628 1692 εί-

2060 1709 2207 1777 δότα,
2237 1714 2320 1768 ὅτι
2346 1721 2577 1784 γυναῖκα
2605 1720 2701 1792 τὴν
2727 1721 2918 1777 ἑαυτοῦ
2947 1725 3196 1791 ἐξεδίδου,
3224 1730 3318 1781 καὶ
3347 1730 3446 1783 οὐκ
3471 1729 3628 1783 ἀδελη

2062 1804 2199 1875 φήν;
2244 1805 2380 1860 Ἀλλ’
2404 1809 2523 1862 οὐδὲ
2562 1811 2718 1865 τοῦτο
2751 1812 2998 1885 ἔγκλημα
3029 1814 3238 1870 τούτου.
3267 1817 3328 1870 El
3377 1817 3476 1888 μὲν
3517 1818 3628 1890 γάρ

2060 1895 2282 1966 ἔμελλεν
2311 1899 2568 1968 ἀκούσας,
2603 1904 2682 1957 ὅτι
2729 1905 2865 1977 γυνὴ
2909 1907 3070 1960 αὐτοῦ
3119 1910 3284 1974 ἐστιν,
3335 1909 3626 1978 ἀφέξεσθαι

2058 1986 2157 2056 τῆς
2196 1987 2426 2061 ὕϐρεως,
2457 1993 2634 2058 καλῶς
2667 1996 2942 2062 ἐνεκάλεις
2966 1998 3044 2070 τῷ
3066 1999 3258 2072 δικαίῳ
3275 2019 3288 2030 ·
3315 2002 3363 2054 εί
3390 2001 3446 2054 δὲ
3474 2002 3625 2055 οὐδὲν

2059 2076 2247 2148 ἔμελλε
2278 2081 2337 2134 τὸ
2363 2083 2531 2154 ὄνομα
2552 2087 2650 2158 τῆς
2665 2092 2918 2156 γυναικὸς
2941 2092 3341 2162 προστήσεσθαι
3366 2093 3463 2164 τῆς
3485 2095 3625 2166 Σάρ-

2059 2172 2159 2241 ρας
2185 2173 2264 2236 εἰς
2289 2175 2350 2228 τὸ
2373 2177 2470 2248 τὴν
2493 2176 2650 2251 ὕϐριν
2669 2182 3131 2253 ἀποκρούσασθαι,
3157 2183 3306 2258 [657]
3330 2185 3508 2248 καθὼς
3532 2187 3628 2239 καὶ

2057 2265 2214 2330 αὐτός
2252 2285 2448 2338 φησιν,
2481 2272 2561 2324 ὅτι
2609 2273 2872 2344 Ἐροῦσιν,
2907 2276 2988 2329 ὄτι
3015 2276 3183 2343 Γυνὴ
3229 2276 3414 2332 αὑτοῦ
3461 2275 3634 2329 ἐστιν

2055 2355 2227 2422 αὕτη,
2255 2359 2353 2411 καί
2393 2361 2884 2427 περιποιιξσονταί
2922 2379 3016 2427 σε,
3047 2363 3221 2434 πολλῷ
3257 2364 3454 2435 μᾶλλον
3491 2364 3622 2418 θαυ-

2059 2445 2252 2515 μάζειν
2275 2448 2363 2502 τὸν
2387 2450 2592 2505 δίκαιον
2621 2453 2726 2524 χρὴ
2754 2455 2812 2506 ἐν
2835 2455 3067 2526 τοσαύτῃ
3092 2456 3413 2527 πράγματος
3432 2457 3625 2510 δυσκο-

2055 2537 2144 2608 λίᾳ
2164 2538 2455 2610 δυνηθέντα
2480 2545 2571 2596 καὶ
2595 2546 2840 2616 αἱμάτων
2867 2547 3106 2618 καθαρὸν
3143 2548 3379 2618 τηρῆσαι
3411 2547 3502 2602 τὸν
3524 2549 3622 2600 Δί-

2055 2628 2302 2697 γύπτιον,
2340 2634 2432 2686 καὶ
2471 2637 2548 2699 είς
2577 2636 2804 2707 δύναμιν
2831 2638 2928 2710 τὴν
2954 2639 3144 2692 ἐαυτοῦ
3171 2639 3231 2692 τὸ
3257 2639 3506 2710 ἔγκλημα
3524 2640 3622 2710 τῆς

2056 2715 2264 2789 ὕϐρεως
2293 2723 2814 2793 παραμυθήσασθαι.

2126 2807 2381 2877 ’Ἄγωμεν
2422 2809 2486 2880 δὴ
2521 2809 2704 2864 λοιπὸν
2730 2811 2819 2864 τὸν
2847 2812 3000 2881 λόγον
3030 2812 3123 2867 καὶ
3160 2813 3252 2866 ἐπὶ
3280 2814 3372 2868 τὸν
3398 2813 3621 2882 ἔκγονον

2053 2896 2216 2950 αὐτοῦ
2267 2897 2358 2952 τὸν
2390 2899 2612 2954 Ἰακώϐ·
2647 2902 2739 2954 καὶ
2789 2902 2908 2972 ὄψει
2948 2905 3196 2958 κάκεῖνον
3220 2905 3493 2958 δεδοικότα
3525 2905 3621 2958 καὶ

2051 2989 2318 3060 τρέμοντα
2347 2990 2444 3062 τὴν
2471 2991 2744 3064 τελευτὴν,
2763 2992 3043 3064 ἄνθρωπον
3069 2996 3133 3048 ἐκ
3155 2994 3377 3067 πρώτης
3403 2996 3618 3067 ⁴ἡλικίας

2051 3078 2410 3151 ἀποστολικὴν
2429 3081 2832 3154 ἐπιδειξάμνον
2853 3083 3188 3154 φιλοσοφίαν.
3201 3087 3264 3139 Ὃ
3283 3087 3390 3157 γάρ
3410 3087 3620 3150 Παῦλος

2050 3171 2161 3233 τοῖς
2191 3171 2460 3242 μαθηταῖς
2499 3173 2805 3243 ἐνομοθέτει
2843 3173 3014 3242 λέγων
3036 3193 3050 3208 ·
3089 3177 3369 3246 Ἔχοντες
3399 3179 3622 3247 τροφὰς

2051 3262 2149 3316 καὶ
2195 3263 2593 3329 σκεπάσματα
2634 3267 2865 3331 τούτοις
2905 3267 3421 3338 ἀρκεσθησόμεθα,
3459 3271 3617 3324 τοῦτο

2051 3354 2144 3406 καὶ
2167 3349 2320 3418 οὗτος
2346 3355 2514 3427 ᾔτησε
2545 3357 2696 3427 παρά
2723 3357 2814 3410 τοῦ
2849 3358 2981 3412 Θεοῦ
3015 3358 3182 3413 εἰπών
3201 3379 3215 3393 ·
3245 3363 3346 3414 Ἂν
3369 3361 3488 3429 δῴη
3514 3381 3616 3432 μοι

2051 3445 2262 3512 Κύριος
2297 3445 2481 3513 ἄρτον
2511 3446 2724 3516 φαγεῖν
2768 3447 2865 3501 καὶ
2898 3448 3128 3517 ἱμάτιον
3171 3454 3613 3520 περιϐαλέσθαι,

2047 3533 2556 3603 ἀρκεῒήμῖν.⁹Αλλ’
2579 3537 2728 3608 ὅμως
2766 3539 2859 3592 καὶ
2893 3534 3044 3603 οὕτος
3073 3541 3102 3593 6
3127 3541 3292 3612 μηδὲν
3324 3542 3482 3596 πλέον
3514 3544 3612 3614 τῆς

2047 3627 2233 3699 χρείας
2263 3627 2461 3698 ζητῶν,
2488 3631 2516 3681 6
2541 3627 2639 3698 τῆς
2670 3627 2844 3692 οίκίας
2877 3628 3166 3700 ὑπεριδὼν,
3196 3632 3224 3683 6
3245 3629 3340 3694 τὰς
3369 3631 3616 3700 εὐλογίας

2045 3717 2246 3786 λαϐὼν,
2277 3721 2305 3772 6
2332 3721 2398 3790 τῇ
2436 3720 2602 3791 μητρὶ
2647 3719 2909 3785 πεισθεὶς,
2938 3723 2966 3775 6
2995 3721 3070 3792 τῷ
3100 3719 3219 3791 Θεῷ
3259 3721 3430 3791 φίλος,
3471 3724 3500 3774 6
3525 3723 3616 3777 διὰ

2045 3810 2144 3881 τῆς
2171 3810 2361 3880 σοφίας
2388 3811 2714 3883 βιασάμενος
2759 3814 2857 3885 τὴν
2888 3811 3046 3884 φύσιν
3077 3812 3367 3884 (δεύτερος
3391 3814 3500 3886 γὰρ
3531 3814 3613 3868 ὢν

2045 3906 2109 3974 τῇ
2145 3903 2325 3972 φύσει,
2349 3904 2610 3976 πρότερος
2633 3907 2822 3974 γέγονε
2845 3909 2965 3970 ταῖς
2983 3905 3294 3975 εὐλογίαις),
3316 3908 3345 3959 6
3374 3908 3614 3963 τοσαῦτα

2043 3993 2310 4065 δυνηθεὶς,
2346 3996 2374 4048 6
2415 3997 2653 4051 τοσαῦτα
2684 3998 3068 4069 φιλοσοφήσας,
3098 4000 3127 4051 6
3155 3999 3421 4069 τοσαύτην
3455 3998 3609 4052 εὐσέ-

2045 4085 2196 4140 ϐειαν
2222 4086 2645 4158 ἐπιδειξάμενος,
2677 4087 2812 4158 μετὰ
2835 4090 2961 4151 τούς
2984 4090 3206 4160 μυρίους
3231 4089 3446 4154 ἄθλους,
3471 4091 3610 4160 μετά

2043 4178 2112 4230 τά
2167 4178 2334 4249 μυρία
2379 4179 2696 4250 σκάμματα,
2741 4179 2878 4250 μετά
2925 4179 2995 4233 τά
3040 4182 3208 4251 μυρία
3257 4182 3610 4252 παλαίσματα

2043 4271 2138 4325 καὶ
2160 4272 2282 4336 τούς
2312 4271 2532 4334 πολλοὺς
2555 4272 2848 4340 στεφάνους
2872 4273 3130 4335 ἐκείνους,
3148 4273 3240 4325 ἐπὶ
3260 4272 3356 4344 τὴν
3378 4274 3611 4344 πατρίδα

2042 4362 2298 4428 ἐπανιὼν,
2335 4363 2428 4416 καὶ
2459 4362 2665 4432 μέλλων
2693 4363 3034 4428 ἐντεύξεσθαι
3061 4364 3138 4434 τῷ
3165 4364 3398 4433 ἀδελφῷ,
3441 4367 3610 4420 καθά·

2041 4474 2148 4528 περ
2192 4455 2376 4527 θηρίον
2421 4455 2644 4525 ὄψεσθαι
2698 4454 2927 4526 μέλλων,
2957 4455 3050 4508 καὶ
3080 4455 3408 4525 φοϐούμενος
3445 4455 3608 4510 αὐτοῦ

2039 4551 2138 4622 τὴν
2170 4550 2554 4622 μνησικακίαν,
2592 4548 2917 4621 προσπίπτει
2957 4549 3035 4619 τῷ
3069 4547 3208 4620 Θεῷ,
3235 4550 3330 4602 καὶ
3357 4565 3608 4619 παρακα-

2039 4639 2147 4694 λεῖ’
2185 4641 2428 4706 Ἐξελοῦ
2450 4658 2528 4710 με
2547 4641 2615 4695 ἐκ
2640 4643 2838 4711 χειρὸς
2859 4636 3043 4696 Ἠσαῦ
3060 4640 3163 4695 τοῦ
3186 4641 3450 4710 ἀδελφοῦ
3465 4659 3607 4709 μου.

2039 4729 2236 4800 λέγων,
2273 4731 2362 4784 ὅτι
2407 4731 2698 4801 φοϐοῦμαι
2738 4731 2852 4802 ἐγὼ
2883 4731 3088 4788 αὑτὸν,
3117 4731 3200 4799 μή
3240 4746 3383 4784 ποτε
3418 4731 3610 4786 ἐλθὼν

2039 4821 2275 4888 πατάξῃ
2294 4839 2389 4890 με,
2425 4821 2523 4875 καί
2545 4821 2771 4891 μητέρα
2793 4822 2889 4876 ἐπὶ
2921 4819 3171 4886 τέκνοις.
3200 4817 3350 4886 Εἶδες
3375 4822 3490 4882 πῶς
3516 4823 3609 4874 καὶ

2038 4911 2191 4978 οὗτος
2222 4914 2475 4969 ἐδεδοίκει
2525 4916 2616 4969 τὸν
2667 4914 2930 4979 θάνατον;
2973 4912 3090 4976 πῶς
3140 4913 3352 4984 τρέμει,
3387 4915 3481 4966 καὶ
3518 4913 3608 4966 τὸν

2039 5008 2172 5061 Θεὸν
2221 5008 2528 5079 παρακαλεῖ
2570 5007 2696 5079 περὶ
2744 5006 2967 5070 τούτους
3004 5004 3190 5059 Βούλει
3221 5022 3300 5058 σοι
3329 5004 3485 5069 δείξω
3516 5005 3608 5057 καὶ

2039 5098 2126 5151 ἐτε
2137 5115 2225 5168 ρον
2255 5097 2426 5168 μέγαν
2450 5097 2731 5168 ἄνθρωπον
2757 5096 2819 5149 τὸ
2839 5096 2970 5150 αὐτὸ
2991 5095 3151 5149 τοῦτο
3177 5093 3482 5148 πεπονθότα
3515 5094 3610 5146 πά-

2038 5187 2150 5250 λιν;
2195 5185 2472 5256 Ἐννόησον
2520 5185 2610 5238 τὸν
2643 5184 2847 5250 Ἠλίαν,
2892 5183 2992 5254 τὴν
3039 5183 3386 5255 οὐρανομήκη
3432 5181 3608 5250 ψυχὴν

2040 5273 2134 5325 καὶ
2178 5271 2353 5325 θείαν·
2385 5273 2589 5334 ἐκεῖνος
2618 5271 2725 5342 γάρ
2773 5273 2802 5324 6
2849 5270 2942 5323 τὸν
2985 5270 3210 5342 οὐρανὸν
3238 5269 3478 5330 κλείσας,
3515 5267 3608 5319 καὶ

2040 5362 2201 5415 πάλιν
2227 5361 2464 5428 ἀνοίξας,
2499 5363 2530 5414 6
2555 5361 2614 5414 τὸ
2654 5361 2764 5432 πῦρ
2798 5360 3004 5414 ἀνωθεν
3046 5358 3407 5428 κατενεγκὼν,
3437 5359 3466 5409 6
3507 5355 3608 5426 τὴν

2040 5451 2356 5521 θαυμαστὴν
2382 5451 2574 5505 θυσίαν
2601 5451 2999 5521 προσενεγκὼν,
3025 5447 3329 5518 ϐζηλώσας
3355 5447 3492 5514 ὑπὲρ
3514 5450 3611 5503 τοῦ

2039 5539 2195 5603 Θεοῦ,
2226 5540 2426 5602 ἐκεῖνος
2455 5541 2484 5592 6
2512 5541 2570 5592 ἐν
2595 5538 2807 5608 σώματι
2837 5535 3161 5606 ἀνθρωπίνῳ
3189 5533 3474 5604 ἀγγελικδν
3497 5536 3608 5586 ὲπιε

2039 5628 2348 5698 δειξάμενος
2382 5628 2515 5699 βίον,
2541 5630 2570 5681 6
2600 5627 2697 5700 τῆς
2739 5625 2988 5697 μηλωτῆς
3021 5624 3183 5681 πλέον
3212 5625 3348 5682 ἔχων
3379 5623 3550 5676 οὐδὲν.
3581 5627 3608 5676 6
