4080 6196
395 249 492 304 633

393 364 620 428 exarsit;
670 363 778 429 ille,
822 364 909 434 qui
941 362 994 419 in
1041 377 1264 434 corpore
1289 361 1522 420 humano
1574 365 1866 434 angelicam
1896 365 1978 420 vi-

393 467 498 511 tam
525 455 786 522 exhibuit,
815 457 902 526 qui
932 463 1127 526 praeter
1165 456 1374 510 ovinant
1398 457 1590 527 pellem
1618 459 1748 512 nihil
1779 458 1983 526 habuit,

393 548 477 618 qui
530 547 696 602 rebus
741 547 986 600 omnibus
1033 547 1280 602 humanis
1323 549 1568 618 superior
1615 551 1802 615 evasit,
1852 551 1987 604 adeo

391 649 617 694 mortem
649 641 835 695 metuit
862 655 923 694 ac
946 641 1274 713 reformidat.
1300 651 1353 694 ut
1377 651 1493 710 post
1521 641 1606 695 illa
1635 651 1842 702 cuncta,
1870 651 1988 712 post

390 731 581 786 caelum
625 740 680 786 et
723 730 1065 797 sacriﬁcium,
1107 741 1224 801 post
1267 715 1522 806 meloten,
1581 732 1882 798 desertum,
1932 742 1987 787 et

393 823 782 894 philosophiam
803 832 1110 893 tantamque
1142 824 1408 886 fiduciam,
1440 824 1596 877 vilem
1620 823 1985 879 mulierculam

393 915 756 985 pertimescat,
809 925 865 971 et
919 915 1118 970 idcirco
1177 915 1360 985 fugiat.
1428 915 1558 970 Nam
1614 916 1735 985 quia
1781 917 1988 971 dixerat

389 1007 600 1064 Jezabel
634 1026 648 1062 :
685 1007 808 1062 Haec
827 1008 1020 1080 faciant
1045 1008 1169 1061 mihi
1208 1009 1299 1074 dii,
1324 1018 1368 1061 et
1395 1009 1503 1062 ha'c
1523 1007 1732 1074 addant,
1753 1009 1850 1062 nisi
1874 1025 1988 1063 cras

391 1104 615 1154 animam
642 1111 781 1155 tuam
817 1118 1031 1173 posuero
1073 1103 1202 1156 sicut
1228 1104 1452 1157 animam
1491 1104 1639 1157 unius
1660 1120 1720 1157 ex
1749 1103 1870 1167 illis,
1901 1106 1989 1173 qui

391 1196 577 1248 mortui
612 1204 774 1249 sunt:
815 1195 980 1249 timuit
1026 1194 1236 1262 Helias,
1288 1196 1497 1266 inquit,
1546 1205 1592 1250 et
1638 1195 1766 1266 fugit
1812 1195 1988 1250 itinere

391 1286 587 1339 dierum
613 1286 953 1358 quadraginta
982 1286 1068 1354 (5.
1097 1285 1219 1357 Reg.
1257 1286 1341 1342 19.
1373 1287 1428 1340 2.
1458 1287 1491 1341 5
1511 1287 1552 1358 ).

463 1380 517 1434 5.
555 1379 712 1433 Vides
739 1388 796 1432 ut
824 1393 971 1433 mors
1008 1379 1078 1433 sit
1103 1379 1394 1434 terribilis?
1417 1380 1698 1434 Dominum
1722 1392 1849 1448 ergo
1874 1377 1988 1431 lau-

391 1469 600 1536 demus,
621 1468 760 1540 quod
784 1486 902 1524 cum
924 1470 1173 1525 terribilis
1195 1479 1334 1526 esset
1355 1470 1653 1541 prophetis,
1678 1477 1988 1538 contemptu

392 1560 603 1616 facilem
632 1561 943 1616 mulieribus
983 1561 1290 1616 reddiderit.
1341 1562 1519 1617 Helias
1564 1569 1788 1616 mortem
1815 1560 1986 1630 fugie-

390 1651 502 1716 bat,
530 1652 784 1707 mulieres
811 1652 878 1706 ad
923 1663 1148 1708 mortem
1177 1652 1554 1723 confugiebant
1590 1670 1603 1707 :
1636 1652 1723 1706 ille
1743 1666 1774 1706 a
1813 1660 1987 1706 morte

391 1742 600 1809 resiliit,
633 1743 750 1797 ista:
796 1754 1027 1798 mortem
1055 1751 1180 1798 sunt
1221 1753 1560 1798 consectatte.
1604 1742 1762 1798 Vides
1791 1753 1987 1814 quanta

390 1846 613 1904 repente
633 1833 771 1890 facta
806 1837 876 1891 sit
903 1837 1158 1892 mutatio?
1203 1837 1471 1890 Abraham
1503 1844 1556 1890 et
1587 1836 1763 1890 llclias
1803 1849 1987 1890 necem

389 1927 775 1995 reformidant,
821 1930 1071 1984 mulieres
1121 1938 1298 1984 autem
1345 1931 1494 2001 quasi
1547 1930 1711 1984 lutum
1764 1927 1987 1997 pedibus

390 2020 504 2073 suis
531 2029 758 2074 mortem
799 2021 1197 2076 conculcarunt.
1230 2021 1608 2074 Verumtamen
1641 2036 1707 2075 ne
1733 2021 1852 2075 illos
1872 2020 1988 2090 qui-

389 2108 512 2165 dem
541 2121 756 2166 sanctos
784 2127 1123 2179 accusemus;
1155 2127 1262 2166 non
1296 2112 1528 2184 ipsorum
1572 2121 1654 2167 est
1677 2113 1864 2182 culpa;
1893 2126 1987 2166 na-

393 2211 528 2256 tura:
571 2202 904 2259 imbecillitas
931 2213 1066 2272 erat,
1095 2220 1200 2259 non
1218 2204 1421 2258 crimen
1450 2203 1658 2258 arbitrii
1683 2221 1696 2258 :
1730 2203 1987 2258 formida-

390 2294 554 2349 bilem
609 2309 729 2348 esse
770 2304 880 2348 tum
930 2295 1186 2365 temporis
1230 2296 1370 2350 Deus
1402 2305 1626 2350 mortem
1653 2295 1883 2362 volebat,
1929 2303 1988 2350 ut

389 2389 576 2457 gratim
600 2397 784 2458 postea
828 2388 1136 2458 magnitudo
1176 2388 1565 2455 innotesceret;
1598 2387 1988 2443 formidabilem

295 2515 304 2523 ι
393 2482 538 2533 illam
567 2479 734 2533 voluit
758 2494 876 2534 esse
909 2478 1260 2550 :supplicium
1297 2481 1437 2534 enim
1467 2489 1582 2534 erat
1614 2497 1626 2532 :
1655 2477 1853 2534 idcirco
1873 2478 1986 2534 dis-

391 2573 527 2628 solvi
577 2572 822 2642 supplicii
867 2573 1042 2627 minas
1085 2572 1272 2638 noluit,
1329 2588 1398 2626 ne
1441 2572 1714 2642 segniores
1745 2571 1988 2626 homines

397 2675 584 2735 postea
628 2664 1002 2719 redderentur.
1029 2663 1258 2729 Maneat,
1287 2664 1474 2734 inquit,
1501 2663 1567 2718 ad
1589 2679 1682 2718 eos
1711 2664 1990 2719 terrendos

398 2755 836 2826 coercendosque
862 2757 1124 2810 sententia
1157 2773 1169 2809 :
1204 2756 1303 2810 erit
1323 2755 1485 2820 enim,
1508 2755 1608 2809 erit
1628 2765 1856 2824 tempus,
1884 2769 1990 2825 quo

392 2854 448 2895 et
493 2852 639 2895 metu
673 2841 776 2895 isto
798 2840 1194 2908 liberabuntur;
1225 2839 1365 2910 quod
1389 2839 1572 2910 utique
1615 2839 1827 2894 accidit.
1881 2839 1990 2895 Nos

393 2935 593 3004 quippe
615 2933 866 2988 liberatos
891 2934 958 2988 ab
987 2949 1052 2989 eo
1081 2932 1246 2988 fuisse
1273 2932 1374 2988 hoc
1403 2943 1545 2988 metu
1570 2931 1842 2988 declarant
1868 2947 1989 2988 cum

395 3039 664 3101 martyres
709 3038 818 3083 tum
849 3037 973 3083 ante
1004 3039 1267 3099 martyres
1312 3027 1529 3082 Paulus.
1562 3026 1770 3081 Audisti
1804 3026 1856 3080 in
1883 3024 1988 3081 Ve-

394 3120 497 3174 teri
529 3119 874 3174 Testamcnto
899 3119 1167 3174 dicentem
1200 3117 1500 3184 Abraham,
1552 3116 1620 3171 'I'e
1647 3116 1849 3188 quidem
1887 3132 1993 3170 ser—

393 3211 616 3276 vabunt,
663 3227 743 3265 me
784 3227 898 3263 vero
941 3210 1238 3280 inter/ieient
1287 3208 1454 3280 (Gen.
1490 3207 1576 3262 12.
1625 3205 1768 3278 12)2
1797 3205 1993 3261 audisti

394 3304 568 3358 ineob
598 3303 863 3357 dicentem
889 3344 904 3368 ,
937 3301 1073 3357 Erue
1107 3318 1184 3355 me
1211 3301 1273 3354 de
1311 3317 1463 3354 manu
1501 3299 1640 3354 Esau
1663 3300 1835 3369 fratris
1860 3301 1992 3368 mei,

395 3399 638 3467 quoniam
667 3413 779 3451 eum
824 3397 973 3450 timeo
1007 3412 1096 3467 ego
1137 3393 1302 3469 (Gen.
1331 3394 1421 3449 59..
1453 3395 1511 3448 11
1541 3394 1598 3464 )?

468 3486 646 3558 Longe
664 3489 765 3539 aha
789 3497 861 3539 est
890 3487 1106 3539 conditio
1146 3486 1586 3552 Christianorum,-
1617 3483 1813 3539 Psalmi
1841 3501 1994 3538 cane-

396 3581 585 3634 bantur
611 3581 662 3633 in
694 3597 865 3634 eorum
895 3579 1463 3653 [uneribus.—Vidisti
1509 3579 1712 3633 Heliam
1755 3578 1995 3633 mulieris

396 3673 571 3726 minas
602 3673 786 3726 mortis
833 3686 991 3726 causa
1038 3671 1371 3741 fugientem?
1406 3671 1542 3726 Audi
1569 3671 1836 3741 quomodo
1859 3671 1995 3726 Pau-

397 3766 482 3818 lus
508 3781 632 3835 crga
664 3781 774 3819 rem
795 3765 949 3818 istam
977 3765 1043 3818 sit
1072 3764 1311 3827 allectus,
1341 3780 1406 3817 an
1431 3762 1817 3819 formidabilem
1847 3763 1994 3819 illam

396 3865 618 3911 censeat
645 3867 698 3909 ut
732 3856 832 3922 illi;
867 3871 992 3910 num
1035 3870 1098 3910 ea
1134 3854 1446 3909 imminente
1489 3853 1730 3908 tristctur
1771 3868 1834 3908 ac
1878 3866 1994 3908 me-

398 3959 534 4004 tuat.
569 3950 682 4004 lmo
709 3965 834 4004 vero
860 3964 891 4003 e
919 3949 1208 4015 contrario,
1241 3964 1353 4003 rem
1377 3963 1496 4004 esse
1529 3947 1817 4018 optabilem
1847 3946 1996 4002 arbi-

397 4050 571 4096 tratur
619 4059 632 4095 :
688 4051 969 4112 propterea
1010 4041 1170 4107 dicit,
1226 4039 1449 4095 Dissolvi
1500 4056 1581 4094 me
1641 4047 1686 4092 et
1729 4055 1834 4094 esse
1881 4053 1997 4092 cum

397 4131 601 4186 Christo
641 4133 801 4185 multo
843 4132 1020 4187 melius
1050 4131 1321 4203 (Philipp.
1356 4132 1407 4187 1.
1435 4131 1559 4202 25).
1589 4132 1696 4186 Illis
1744 4129 1999 4186 formida-

398 4226 529 4293 bile,
559 4225 680 4280 huic
708 4226 935 4292 melius;
965 4226 1074 4282 illis
1099 4225 1478 4296 injucundum,
1510 4225 1633 4278 huic
1654 4224 1947 4294 jucundum
1979 4241 1994 4279 :

398 4333 465 4370 ac
486 4319 677 4371 merito
698 4333 825 4372 sane
855 4335 868 4371 :
893 4318 1019 4372 olim
1043 4319 1184 4373 enim
1211 4319 1278 4372 ad
1308 4317 1570 4372 infernum
1598 4331 1744 4371 mors
1768 4316 2000 4372 deduce-

399 4409 512 4472 bat,
537 4425 678 4464 nunc
707 4420 883 4464 autem
913 4411 980 4464 ad
1019 4410 1288 4465 Christum
1318 4426 1460 4465 mors
1485 4410 1795 4465 transmittit
1823 4427 1835 4464 :
1867 4425 1999 4482 qua-

400 4513 618 4572 pr0pter
642 4502 806 4558 Jacob
825 4503 1040 4574 quidem
1085 4504 1179 4570 alt,
1207 4501 1480 4558 Deducetis
1506 4513 1805 4558 senectutem
1836 4518 2000 4557 meam

397 4612 511 4649 cum
544 4596 750 4650 tristitia
799 4595 867 4648 ad
896 4598 1086 4666 inferos
1116 4595 1283 4666 (Gen.
1329 4595 1419 4650 42.
1475 4591 1612 4666 58);
1652 4595 1848 4651 Paulus
1873 4609 2000 4650 vero

401 4688 634 4756 diccbat,
667 4688 888 4744 Dissolvi
933 4698 977 4744 et
1007 4707 1122 4744 cum
1154 4689 1354 4744 Christo
1380 4706 1484 4744 esse
1513 4707 1591 4744 me
1633 4690 1791 4744 multo
1820 4689 1999 4744 melius

401 4781 682 4855 (Philipp.
740 4783 792 4838 1.
848 4782 977 4856 25).
1025 4783 1152 4839 Hzec
1194 4799 1354 4854 porro
1391 4783 1620 4847 diccbat,
1650 4799 1756 4838 non
1785 4793 1840 4838 ut
1867 4784 2002 4838 hanc

400 4881 564 4933 vitam
594 4879 894 4946 damnaret,
923 4879 1061 4935 absit
1095 4897 1108 4934 :
1148 4895 1432 4935 caveamus
1452 4879 1616 4943 enim,
1641 4893 1707 4932 ne
1737 4877 2002 4932 haereticis

399 4987 586 5025 ansam
614 4972 948 5044 praebeamus
972 4989 986 5040 ;
1017 4989 1188 5043 neque
1208 4969 1349 5043 quod
1374 4987 1490 5027 eam
1518 4983 1784 5041 tamquam
1806 4969 2000 5024 malam

401 5062 631 5132 fugeret,
663 5063 758 5118 sed
787 5063 927 5137 quod
960 5062 1214 5129 futuram,
1265 5071 1322 5117 ut
1349 5062 1648 5128 meliorem,
1703 5069 1999 5130 exoptaret.

401 5159 517 5211 Non
564 5151 706 5215 enim
751 5157 885 5212 dixit
934 5158 1152 5213 dissolvi
1205 5166 1260 5212 et
1301 5171 1420 5212 esse
1466 5171 1587 5211 cum
1632 5156 1847 5211 Christo
1899 5154 2002 5208 bo-

397 5266 528 5305 num
585 5265 706 5306 esse
749 5250 1084 5321 simpliciter,
1132 5250 1226 5304 scd
1283 5248 1474 5304 melius
1519 5247 1756 5303 :melius
1783 5260 2002 5316 compa-

403 5341 611 5397 ratione
657 5342 782 5396 boni
811 5342 1039 5413 alicujus
1086 5341 1298 5398 dicitur.
1347 5339 1804 5410 Quemadmodum
1859 5339 2002 5393 enim

399 5451 526 5490 cum
565 5437 659 5498 ait,
703 5435 803 5504 Qui
829 5437 1150 5491 matrimonio
1184 5435 1379 5507 jungit,
1401 5434 1524 5489 bene
1563 5435 1721 5506 facit;
1761 5433 1847 5502 qui
1888 5448 2004 5488 vero

406 5544 512 5582 non
542 5531 709 5601 iungit
729 5571 744 5598 ,
776 5530 954 5584 melius
983 5530 1104 5604 facit
1135 5528 1224 5602 (1.
1256 5527 1375 5583 Cor.
1405 5527 1460 5582 7.
1485 5527 1584 5599 58)
1608 5567 1623 5592 ,
1651 5526 1848 5582 bonum
1879 5524 2005 5597 qui-

402 5625 528 5678 dem
556 5639 678 5680 esse
708 5625 1102 5680 matrimonium
1130 5623 1398 5691 ostendit,
1442 5633 1496 5679 at
1538 5622 1814 5680 meliorem
1844 5620 2006 5692 virgi-

405 5717 627 5774 nitatem
659 5735 672 5772 :
703 5718 772 5774 ita
805 5718 1055 5775 nimirum
1099 5727 1150 5775 ct
1182 5718 1285 5777 hoc
1314 5717 1453 5788 loco,
1488 5717 1632 5776 Bona
1655 5716 1866 5790 quidem
1896 5715 2000 5772 vita

1499 249 1586 306 DE
1625 249 1720 307 SS.
1765 249 1992 306 BERN“

2105 250 2191 306 ΕΤ
2221 251 2593 308 i’ROSllOCE.
3579 259 3681 315 εει

2096 379 2350 434 praesens,
2381 367 2566 435 inquit,
2591 367 2756 420 multo
2785 383 2910 423 vero
2933 369 3120 422 melior
3138 379 3218 424 est
3252 368 3446 425 futura.
3477 371 3682 430 Rursus

2093 455 2214 508 alibi
2241 457 2354 526 pari
2387 458 2592 510 ratione
2616 457 3036 527 philosophatur,
3071 470 3120 513 ct
3152 460 3263 514 ait:
3294 459 3400 515 Sed
3433 471 3478 516 et
3506 463 3549 516 si
3583 465 3678 516 im-

2092 548 2255 600 molor
2277 564 2432 616 supra
2452 550 2778 617 sacriﬁcium,
2799 561 2844 606 et
2865 551 3153 618 obsequium
3181 553 3301 620 ﬁdei
3328 565 3525 620 vestrm,
3551 572 3677 624 gnua

2091 639 2184 690 deo
2223 647 2269 690 et
2318 641 2643 708 congrum/or
2694 641 2920 694 omnibus
2947 642 3081 694 vobis
3106 657 3124 695 :
3153 642 3375 711 itlipsum
3425 655 3592 697 autem
3633 655 3680 698 et

2092 743 2177 780 t‘os
2211 731 2457 797 gaudete,
2506 740 2552 782 et
2579 733 3002 800 congratulamini
3034 732 3298 802 (Philipp.
3347 735 3400 788 2.
3437 737 3519 788 17.
3559 737 3655 806 18)

2091 819 2224 885 Quid
2250 821 2367 873 ais?
2393 822 2640 886 moreris,
2669 837 2701 874 o
2733 823 2908 885 l’aule,
2934 835 2982 877 et
3013 824 3077 877 ad
3109 827 3419 880 societatem
3445 827 3688 892 volupta~

2093 910 2159 961 tis
2179 909 2420 964 homines
2447 910 2715 965 advocas?
2767 913 2892 981 quid
2936 914 3027 974 tibi
3073 929 3253 982 qua-so
3291 915 3522 969 accidit?
3568 917 3682 970 Non

2092 1003 2340 1072 equidem
2391 1005 2626 1070 morior,
2682 1005 2886 1074 inquit,
2940 1005 3033 1060 sed
3086 1007 3150 1059 ad
3195 1008 3470 1061 meliorem
3524 1009 3683 1063 vitam

2094 1103 2324 1149 transeo.
2381 1094 2448 1150 Ut
2507 1096 2664 1165 igitur
2719 1095 2964 1149 homines
3016 1099 3380 1166 magiSIratum
3441 1098 3685 1153 ineuntes

2095 1188 2354 1256 plurimos
2402 1187 2599 1241 laetitia:
2661 1188 2760 1242 sibi
2816 1189 2992 1241 socios
3037 1203 3101 1240 ac
3146 1189 3429 1257 participes
3481 1190 3686 1242 futuros

2093 1287 2372 1335 accersunt
2415 1297 2429 1336 :
2474 1279 2551 1334 sic
2577 1289 2629 1333 et
2661 1279 2854 1334 Paulus
2877 1279 2944 1333 ad
2975 1288 3200 1334 mortem
3234 1293 3458 1350 pergens
3508 1282 3686 1350 gaudii

2093 1370 2173 1431 sui
2199 1379 2475 1424 consortes
2505 1369 2710 1423 futuros
2739 1371 2979 1424 vocabat.
3015 1370 3107 1424 Est
3136 1369 3276 1424 enim
3309 1385 3454 1424 mors
3476 1371 3687 1440 requies

2093 1461 2360 1531 quaedam,
2415 1460 2653 1514 laborum
2699 1460 2839 1528 finis,
2881 1461 3239 1531 sudorumque
3280 1461 3596 1527 retributio,
3623 1475 3685 1515 ac

2093 1553 2444 1609 certaminum
2479 1553 2754 1622 praemium
2784 1561 2838 1606 et
2863 1567 3083 1607 corona.
3117 1553 3243 1608 ideo
3274 1554 3534 1622 principio
3556 1553 3680 1622 qni-

2093 1645 2214 1701 dem
2243 1660 2406 1714 super
2429 1655 2666 1716 mortuos
2688 1645 2932 1714 planctus
2957 1645 3168 1714 quidam
3201 1653 3256 1698 et
3276 1643 3686 1698 lamentationes

2095 1739 2320 1801 fiebant;
2367 1751 2507 1791 nunc
2544 1746 2720 1790 autem
2767 1737 2956 1806 psalmi
3005 1745 3058 1790 et
3100 1748 3287 1790 cantus
3335 1739 3682 1807 hymnorum.

2093 1829 2383 1884 Flcverunt
2411 1830 2568 1899 igitur
2609 1829 2772 1884 Jacob
2798 1828 3144 1900 quadraginta
3172 1829 3379 1892 diebus,
3409 1828 3680 1883 fleverunt

2093 1936 2145 1982 et
2176 1927 2412 1998 Moyscm
2445 1927 2663 1982 totidem
2689 1927 2820 1981 alias
2845 1925 3016 1981 Judzei
3073 1935 3127 1980 et
3177 1925 3514 1995 planxerunt,
3545 1938 3683 1994 quo-

2094 2021 2236 2074 niam
2267 2036 2413 2074 mors
2462 2029 2571 2074 tum
2622 2019 2878 2088 temporis
2922 2033 3066 2071 mors
3093 2027 3249 2071 erat:
3292 2017 3399 2085 jam
3424 2031 3550 2069 vero
3579 2030 3684 2070 non

2094 2110 2186 2176 ita,
2214 2110 2308 2164 sed
2339 2109 2522 2181 hymni
2546 2121 2688 2176 sunt,
2723 2123 2905 2178 preces
2926 2116 2978 2162 et
3007 2107 3216 2176 psalmi,
3239 2121 3358 2176 qua:
3374 2105 3551 2159 omnia
3584 2121 3684 2158 vo-

2093 2203 2351 2273 luptatem
2380 2201 2432 2257 in
2463 2217 2525 2256 ea
2577 2218 2635 2256 re
2673 2216 2791 2256 esse
2817 2199 3128 2253 deilarant:
3161 2198 3346 2267 psalmi
3377 2199 3516 2250 enim
3550 2195 3684 2248 hila-

2093 2297 2170 2352 ris
2198 2296 2358 2350 animi
2393 2295 2601 2365 signum
2633 2303 2756 2348 sunt
2791 2310 2804 2347 :
2831 2290 3006 2364 {Equo
3033 2293 3164 2345 enim
3191 2299 3264 2343 cst
3290 2290 3458 2341 animo
3489 2287 3598 2359 quis
3633 2287 3686 2339 in

2093 2389 2270 2444 vobis?
2294 2387 2481 2461 psallat
2515 2387 2708 2454 (Jacob
2776 2389 2828 2443 5.
2866 2387 2933 2441 15
2954 2395 2994 2455 ).
3024 2383 3284 2452 Qu‘oniam
3309 2383 3467 2453 igitur
3495 2381 3676 2434 lzetitia

2095 2481 2383 2548 afﬂuimus,
2413 2481 2610 2536 idcirco
2637 2479 2871 2550 pSalmos
2907 2492 3068 2546 super
3095 2485 3332 2530 mortuos
3364 2472 3639 2544 psallimus
3659 2513 3675 2538 ,

2096 2573 2187 2644 qui
2238 2587 2338 2627 nos
2389 2571 2771 2634 cohortantur,
2815 2578 2872 2623 ut
2925 2579 3152 2622 mortem
3208 2581 3314 2620 non
3383 2566 3684 2619 timeamus.

2093 2662 2391 2720 Convertere
2416 2663 2589 2726 enim,
2619 2661 2812 2729 inquit,
2845 2663 3015 2712 anima
3045 2675 3172 2720 mea,
3207 2659 3257 2710 in
3287 2657 3504 2727 requiem
3527 2666 3685 2718 tuam,
3727 2729 3729 2733 ι

2095 2757 2216 2824 quia
2245 2752 2759 2821 Dominus‘benefecit
2784 2750 2872 2803 tibi
2910 2749 3086 2820 (Psal.
3115 2748 3236 2802 114.
3266 2747 3351 2818 7).
3387 2746 3545 2799 Vides
3591 2745 3687 2799 be-

2096 2846 2343 2902 neﬁcium
2383 2859 2502 2900 esse
2533 2852 2756 2898 mortem
2789 2857 2851 2895 ac
2879 2840 3156 2910 requiem?
3181 2838 3270 2907 qui
3311 2839 3451 2891 enim
3481 2838 3687 2905 ingres-

2095 2953 2189 2995 sus
2214 2938 2368 2994 estin
2415 2936 2652 3007 requiem
2693 2934 2860 2998 illam,
2888 2933 2954 2986 ab
2981 2931 3236 3002 Operibus
3262 2930 3373 2984 suis
3403 2927 3685 2999 requievit,

2098 3043 2206 3089 uta
2239 3031 2468 3104 propriis
2506 3030 2669 3084 Deus.
2983 3047 2994 3058 ε
3085 3019 3088 3022 ’

2168 3124 2223 3179 4.
2253 3125 2331 3178 Ac
2353 3121 2420 3176 de
2445 3130 2616 3176 morte
2635 3119 2848 3190 quidem
2877 3116 3132 3172 hactenus
3165 3132 3178 3169 :
3213 3128 3309 3185 age
3353 3127 3495 3168 nunc
3536 3109 3690 3166 dein-

2097 3229 2226 3283 ceps
2250 3229 2347 3268 nos
2371 3213 2437 3267 ad
2459 3223 2752 3282 martyrum
2781 3208 2968 3264 laudes
2992 3215 3388 3270 convertamus,
3432 3205 3531 3258 nisi
3557 3203 3692 3258 forte

2097 3306 2217 3365 sitis
2239 3305 2504 3360 audiendo
2534 3303 2727 3358 defessi
2763 3319 2777 3356 :
2818 3316 2939 3354 nam
2967 3312 3019 3355 et
3047 3301 3160 3354 haec
3201 3298 3479 3353 occasione
3522 3296 3693 3350 laudis

2101 3407 2396 3469 martyrum
2438 3394 2584 3450 dicta
2613 3404 2768 3459 sunt;
2802 3392 2958 3462 paulo
2994 3408 3120 3446 vero
3143 3390 3300 3444 altius
3347 3404 3524 3458 opera:
3571 3402 3692 3456 prc-

2103 3492 2238 3546 tium
2291 3499 2376 3544 est
2439 3487 2799 3542 narrationem
2857 3484 3144 3539 ordiamur.
3195 3483 3396 3536 Bellum
3434 3480 3694 3534 adversus

2101 3582 2396 3638 Ecclesium
2438 3595 2604 3651 grave
2641 3578 2907 3649 quondam
2950 3578 3234 3631 excitatum
3275 3584 3378 3635 est,
3432 3573 3690 3626 bellorum

2100 3676 2338 3732 omnium
2367 3673 2740 3745 gravissimum
2767 3689 2780 3725 :
2813 3671 3006 3740 dupiex
3039 3684 3179 3724 enim
3201 3678 3314 3720 crat
3341 3665 3441 3718 hoc
3472 3665 3689 3728 bellum,

2103 3782 2266 3821 unum
2300 3765 2518 3835 quidem
2572 3751 2750 3828 intus,
2799 3762 3022 3815 alterum
3074 3772 3199 3813 vero
3245 3755 3375 3810 foris
3400 3763 3688 3809 exortum:

2103 3857 2206 3912 hoc
2231 3872 2261 3911 a
2283 3856 2611 3922 domesticis,
2645 3854 2768 3908 illud
2793 3853 2860 3906 ab
2890 3850 3167 3915 hostibus;
3195 3863 3358 3902 unum
3386 3847 3454 3901 ab
3482 3846 3693 3910 alienis,

2101 3963 2133 4002 a
2155 3947 2504 4003 familiaribus
2532 3946 2734 4000 illatum
2765 3943 3011 3996 alterum.

2171 4037 2370 4092 Bellum
2387 4037 2528 4090 civile
2547 4047 2590 4090 et
2609 4034 2896 4088 intestinum
2915 4040 3116 4086 externo
3152 4027 3497 4100 periculosius.
3518 4025 3698 4080 Simile

2104 4131 2168 4186 ab
2197 4129 2427 4183 incendio
2452 4136 2697 4180 nocturno
2725 4134 3080 4192 sumptum.-
3102 4121 3169 4174 Et
3197 4134 3322 4172 vero
3344 4118 3466 4172 licet
3498 4117 3697 4174 bellum

2103 4222 2331 4293 simplex
2374 4218 2583 4285 fuisset,
2636 4214 2971 4271 intolerabile
3033 4213 3232 4267 malum
3286 4211 3699 4274 exstitissenac

2104 4317 2231 4374 licet
2255 4317 2492 4372 exterius
2543 4322 2748 4370 tantum
2781 4313 3087 4382 ingruisset,
3115 4310 3301 4379 ingens
3335 4305 3698 4361 calamitatum

2105 4409 2414 4481 magnitudo
2458 4407 2847 4463 fuissetmune
2871 4415 3049 4459 autem
3085 4402 3282 4472 duplex
3311 4409 3428 4455 erat
3467 4397 3606 4460 hoc;
3646 4408 3700 4454 et

2105 4505 2247 4578 quod
2277 4519 2308 4558 a
2357 4502 2685 4565 domesticis,
2738 4499 2906 4554 multo
2956 4498 3168 4568 gravius
3219 4502 3335 4556 est,
3367 4506 3526 4560 quam
3557 4487 3700 4559 quod

2105 4597 2174 4653 ab
2211 4597 2451 4652 externis
2514 4593 2695 4650 Facile
2732 4605 2962 4662 namque
2989 4591 3142 4643 nobis
3168 4587 3236 4641 ab
3261 4601 3326 4641 eo
3350 4597 3547 4640 cavere
3570 4599 3696 4652 pos-

2106 4705 2328 4757 sumus,
2357 4688 2448 4759 qni
2495 4702 2556 4742 se
2613 4685 2884 4740 inimicum
2937 4681 3280 4754 proﬁteatur;
3323 4689 3376 4732 at
3413 4691 3573 4742 eum,
3612 4675 3702 4744 qui

2107 4784 2208 4839 sibi
2261 4781 2419 4836 amici
2465 4780 2669 4835 larvam
2723 4777 2913 4841 induit,
2967 4791 3072 4829 non
3128 4773 3286 4826 aliter
3335 4779 3512 4824 autem
3545 4777 3704 4836 atque

2109 4875 2356 4930 inimicus
2399 4872 2621 4927 affectus
2647 4878 2751 4936 est,
2784 4868 2924 4924 haud
2976 4866 3128 4920 facile
3151 4878 3343 4932 capere
3379 4860 3583 4915 insidiis
3609 4875 3703 4928 po-

2111 4979 2211 5024 tes.
2261 4967 2466 5036 Duplex
2509 4978 2637 5035 ergo
2679 4976 2791 5017 tum
2839 4961 3036 5016 bellant
3071 4967 3209 5022 erat,
3270 4955 3372 5010 hoc
3418 4954 3596 5018 civile,
3633 4954 3696 5010 il-

2110 5060 2199 5116 lud
2243 5060 2312 5113 ab
2353 5059 2589 5114 externis
2632 5056 2879 5120 irruens;
2932 5053 3015 5108 vel
3048 5051 3245 5122 potius,
3302 5048 3348 5104 si
3403 5062 3586 5103 verum
3618 5045 3701 5098 di-

2109 5152 2336 5208 cendum
2369 5151 2480 5216 sit,
2528 5149 2687 5204 civile
2731 5146 2833 5202 fuit
2869 5155 3158 5215 utrumque
3185 5141 3406 5197 bellum.
3436 5140 3565 5193 Nam
3614 5137 3710 5204 «(Li

2110 5245 2408 5302 forinsecus
2438 5242 2775 5308 invadebant,
2794 5239 3022 5312 iudices,
3043 5237 3384 5308 magistratus
3402 5243 3456 5286 et
3483 5229 3703 5293 milites,

2111 5355 2219 5396 non
2267 5339 2580 5410 alienigena:
2627 5337 2844 5409 quidam
2874 5345 3048 5401 erant,
3086 5343 3178 5389 aut
3222 5327 3466 5394 barbari,
3509 5336 3601 5380 aut
3639 5341 3702 5379 ex

2113 5436 2218 5491 alio
2274 5434 2504 5506 quodam
2545 5433 2776 5503 imperio
2822 5444 3074 5502 regnove,
3124 5425 3218 5483 sed
3263 5424 3353 5494 qui
3389 5421 3577 5477 iisdem
3633 5419 3708 5473 lc-

2111 5530 2266 5601 gibus
2286 5528 2624 5600 regebantur,
2650 5525 2891 5581 eamdem
2918 5521 3140 5594 patriam
3167 5517 3435 5584 colebant,
3464 5513 3704 5586 ejusdem

2115 5621 2402 5692 participes
2444 5630 2598 5676 erant
2648 5616 2974 5688 reipublicae.
3002 5612 3133 5668 Erat
3162 5611 3321 5685 igitur
3345 5608 3500 5665 civile
3518 5649 3534 5676 ,
3561 5606 3705 5679 quod

2118 5729 2146 5769 a
2171 5715 2441 5787 iudicibus
2471 5713 2796 5771 inferebatur
2868 5707 2960 5764 sed
2993 5722 3210 5780 gravius
3255 5704 3398 5778 quod
3440 5718 3467 5757 a
3511 5715 3705 5774 mgna.
