4080 6196
361 220 466 277 635

361 334 446 398 tis',
501 353 698 396 novum
728 359 792 404 ac
821 351 1152 420 inopinatum
1189 359 1462 430 multaque
1494 363 1798 422 redundans
1827 384 1948 424 cru-

360 426 597 486 delitate.
643 433 776 490 Nam
817 449 872 494 et
898 456 928 495 a
978 441 1228 501 fratribus
1258 426 1608 508 tradebantur
1637 454 1850 525 fratres,
1896 469 1948 516 et

359 535 390 574 a
433 525 675 606 patrihus
715 529 889 598 liberi,
941 544 996 590 et
1040 552 1068 589 a
1115 541 1320 596 maritis
1367 559 1594 609 uxones;
1634 549 1809 603 omnia
1860 565 1951 606 eo-

359 603 628 683 gnatitmis
664 619 782 688 jura
837 627 1304 700 conculcabantur,
1352 650 1414 690 ac
1442 644 1583 693 totus
1607 639 1750 695 orbis
1781 651 1949 697 terra-

359 721 479 761 rum
533 709 962 785 subvertebatur,
1001 735 1101 775 nec
1149 723 1289 780 ullus
1338 735 1446 781 tum
1483 729 1646 784 nlltnn
1687 747 1949 801 agnosce-

359 794 488 851 bat:
519 799 761 857 diabolus
787 806 928 862 enim
968 810 1224 881 majorem
1277 816 1328 871 in
1381 820 1596 875 modum
1625 794 1945 880 dominaba-

361 893 468 940 tur.
522 887 575 943 In
626 892 718 947 illo
756 895 934 967 itaque
979 903 1207 959 tumultu
1247 922 1312 962 ac
1341 908 1481 964 bello
1506 913 1762 972 mulieres
1807 916 1944 986 istm,

360 975 408 1029 si
449 979 662 1048 quidem
691 985 945 1042 mulieres
981 993 1310 1062 appellandae
1335 1009 1479 1067 sunt,
1512 1003 1708 1074 quippe
1737 1023 1856 1076 qua:
1893 975 1946 1064 in

359 1071 604 1128 muliebri
642 1089 868 1148 corpore
916 1081 1095 1140 viriles
1140 1089 1347 1146 animos
1407 1093 1783 1165 cxhibuerint,
1840 1101 1946 1156 imo

359 1177 491 1218 vero
545 1180 650 1221 non
683 1168 864 1226 viriles
907 1181 1109 1230 tantum
1135 1180 1364 1249 animos,
1392 1184 1484 1239 sed
1512 1199 1752 1243 naturam
1778 1191 1944 1260 ipsam

359 1268 726 1328 supergressa:
756 1262 863 1316 sint
882 1304 896 1328 ,
919 1274 973 1320 et
997 1281 1118 1322 cum
1149 1271 1428 1329 virtutibus
1452 1275 1783 1349 incorporeis
1813 1297 1946 1338 con-

365 1348 634 1406 tenderint
662 1369 677 1406 :
711 1353 826 1409 ista:
871 1373 999 1430 ergo
1034 1362 1286 1419 mulieres
1309 1367 1492 1424 relicta
1552 1372 1681 1427 urbe
1702 1413 1717 1439 ,
1747 1373 1942 1444 domo,

356 1456 420 1494 ac
485 1443 796 1515 propinquis
846 1463 1067 1521 peregre
1116 1457 1553 1527 commigrarunt.
1598 1462 1733 1518 Cum
1801 1443 1942 1520 enim

355 1532 622 1602 Christus,
669 1537 912 1606 aiebant,
984 1547 1379 1612 contemnitur,
1431 1551 1562 1606 nihil
1619 1555 1774 1612 nobis
1829 1567 1946 1614 esto

355 1627 666 1695 pretiosum,
688 1645 859 1703 neque
881 1637 1272 1696 necessitudine
1297 1642 1671 1713 conjunctum:
1696 1659 1943 1720 propter-

354 1732 417 1770 ea
468 1718 665 1774 relictis
719 1723 966 1780 omnibus
1020 1737 1146 1783 sunt
1190 1745 1441 1801 egressa).
1499 1735 1566 1791 Et
1622 1740 1759 1794 sicut
1820 1756 1941 1797 cum

354 1811 529 1866 media
574 1825 728 1870 nocte
771 1815 962 1874 domus
1001 1821 1333 1891 incenditur,
1383 1827 1471 1897 qui
1515 1829 1661 1884 intus
1707 1833 1942 1891 dormie-

363 1901 508 1969 bant,
544 1903 631 1959 ubi
678 1909 961 1964 tumultum
989 1912 1276 1978 audierint,
1302 1917 1408 1972 cito
1431 1933 1461 1972 e
1484 1923 1665 1976 stratis
1693 1925 1944 1980 exsilien-

355 2003 436 2047 tes
489 2011 522 2050 e
547 1997 807 2054 vestibulo
838 2000 1027 2058 domus
1056 2006 1292 2074 evolant,
1324 2025 1496 2080 neque
1523 2028 1703 2070 secum
1729 2033 1939 2096 eorum,

357 2099 478 2153 qua:
505 2086 649 2143 intus
686 2098 830 2156 sunt,
859 2094 1148 2165 quidquam
1195 2098 1475 2168 auferunt;
1509 2103 1561 2158 id
1610 2107 1753 2162 enim
1779 2088 1940 2165 unum

354 2177 591 2246 student,
645 2191 703 2236 ut
728 2199 760 2239 e
789 2185 1002 2243 flamma
1032 2203 1184 2245 suum
1215 2207 1410 2262 corpus
1435 2196 1694 2268 eripiant,
1723 2209 1779 2255 et
1807 2202 1942 2274 ignis

353 2283 568 2325 cursum
598 2287 788 2344 magna
815 2277 1086 2335 celeritate
1111 2296 1442 2352 grassantem
1472 2291 1798 2358 prazveniant
1823 2311 1836 2347 :
1864 2295 1942 2352 sic

353 2369 406 2415 et
456 2362 570 2418 ista:
626 2365 877 2424 nimirum
925 2382 1168 2441 egerunt.
1197 2375 1331 2432 Cum
1371 2379 1514 2434 enim
1561 2391 1730 2437 totum
1757 2386 1940 2442 orbem

354 2459 618 2508 terrarum
646 2455 1028 2515 inflammatum
1057 2463 1346 2534 vidissent,
1383 2470 1664 2528 confestim
1696 2491 1762 2529 ex
1794 2477 1941 2532 urbis

355 2542 613 2600 vestibulo
637 2547 951 2606 exsilierunt
985 2564 1041 2608 et
1095 2557 1394 2626 evolarunt,
1426 2561 1478 2616 id
1509 2579 1668 2619 unum
1690 2582 1939 2636 quaeren-

358 2644 458 2700 tes,
487 2643 546 2691 ut
594 2639 800 2696 anima!
837 2657 949 2700 sua:
990 2646 1214 2704 salutem
1247 2665 1444 2710 sartam
1483 2667 1674 2714 tectam
1715 2676 1939 2717 conscr-

307 2721 313 2730 “
351 2737 557 2783 varent.
607 2729 740 2786 Tum
789 2735 930 2791 enim
956 2749 1072 2794 erat
1101 2740 1402 2800 incendium
1431 2747 1705 2818 infestum,
1733 2762 1788 2808 et
1813 2770 1940 2823 pro-

348 2816 528 2875 fundae
576 2825 807 2881 tenebrze
831 2827 1270 2901 dominabantur,
1307 2839 1543 2895 tenebrae
1566 2816 1840 2902 nocturnis
1868 2847 1941 2902 is-

351 2909 420 2964 tis
447 2911 618 2967 multo
658 2917 940 2973 tetriores:
970 2935 1296 2996 quapropter
1343 2939 1590 3001 tanquam
1619 2935 1672 2989 in
1704 2938 1939 2994 tenebris

349 2999 552 3056 amicos
576 3017 683 3058 non
706 3018 966 3064 noverant
983 3013 1162 3081 amici,
1201 3026 1255 3072 et
1276 2999 1473 3076 uxores
1501 3024 1598 3078 viri
1622 3027 1935 3096 prodebant;

350 3103 629 3164 propterea
683 3114 804 3158 cum
845 3104 1088 3164 inimicos
1113 3113 1488 3183 praeteribant,
1523 3128 1633 3173 tum
1658 3121 1859 3176 amicos
1885 3131 1940 3178 et

355 3186 678 3246 domesticos
695 3193 1022 3266 impetebant
1043 3220 1056 3255 :
1076 3216 1395 3262 nocturnum
1418 3211 1684 3280 quoddam
1713 3225 1828 3270 erat
1853 3217 1903 3269 in
1917 3245 1936 3257 -

347 3277 542 3337 festum
561 3285 822 3353 praelium,
839 3299 894 3344 et
913 3291 1108 3362 ingenti
1130 3299 1354 3354 tumultu
1371 3277 1558 3356 cuncta
1574 3304 1932 3373 replébantur.

420 3373 527 3430 SS.
559 3374 809 3447 Martyres
837 3383 1052 3451 patriam
1073 3387 1598 3458 relinquunt—Tum
1632 3394 1794 3464 igitur
1823 3397 1936 3453 istm

350 3467 532 3522 relicta
570 3469 740 3538 patria
786 3487 1150 3544 excesserunt,
1195 3489 1250 3534 et
1291 3483 1642 3550 patriarcltatn
1666 3487 1932 3544 Abraham

349 3558 568 3616 imitata:
597 3572 748 3630 sunt,
783 3564 848 3619 ad
874 3581 1031 3637 quem
1059 3568 1256 3626 dictum
1284 3582 1368 3628 est
1396 3591 1409 3628 :
1440 3573 1693 3646 Egredere
1716 3578 1781 3632 de
1802 3589 1935 3634 terra

347 3662 434 3706 tua
457 3663 505 3708 et
546 3654 610 3710 de
655 3660 950 3727 cognatione
995 3671 1084 3716 tua
1113 3664 1266 3735 (Gen.
1300 3666 1384 3720 l2.
1422 3668 1496 3738 1.)
1527 3686 1540 3723 :
1567 3685 1686 3724 nam
1739 3681 1794 3727 et
1839 3673 1934 3730 has

348 3749 776 3817 persequutionis
799 3759 1006 3823 tempus
1034 3755 1098 3810 ad
1127 3756 1253 3832 ‘boc
1283 3758 1558 3826 incitabat,
1605 3769 1661 3816 ut
1697 3763 1764 3818 de
1791 3773 1930 3820 terra

345 3835 518 3906 deque
571 3841 886 3909 cognatione
937 3846 1166 3914 exirent,
1195 3858 1255 3904 ut
1283 3850 1356 3905 ita
1396 3851 1584 3906 cmlum
1633 3852 1925 3912 hereditate

344 3930 702 3997 possiderent.
753 3935 1136 4006 Egrediebatur
1175 3941 1338 4013 igitur
1379 3959 1446 3999 ex
1492 3946 1696 4004 :edibus
1737 3951 1930 4008 mulier

344 4019 479 4076 duas
522 4039 702 4080 secum
745 4021 883 4085 filias
923 4030 1162 4100 habens;
1195 4045 1251 4090 at
1291 4046 1343 4092 tu
1391 4053 1458 4094 ne
1499 4048 1699 4097 temere
1713 4047 1935 4112 praeter-

344 4129 472 4177 eas,
530 4130 650 4170 cum
695 4121 992 4180 excessisse
1035 4126 1288 4182 mulieres
1340 4129 1631 4187 liberaliter
1680 4135 1928 4193 educatae

345 4203 519 4270 audis,
566 4223 664 4263 nec
703 4209 934 4268 ferendis
975 4215 1238 4285 ejusmodi
1268 4221 1421 4276 malis
1447 4222 1808 4291 assuefactas;
1835 4227 1930 4282 sed

347 4297 527 4353 animo
574 4316 747 4368 versa,
793 4317 1049 4375 quantum
1101 4311 1232 4367 illud
1285 4315 1482 4370 malum
1526 4328 1688 4384 esset,
1718 4321 1930 4389 quantis

346 4403 433 4442 res
466 4389 554 4445 illa
595 4391 992 4455 difficultatibus
1009 4401 1384 4475 circumsepta.
1417 4407 1474 4461 Si
1505 4408 1646 4462 enim
1684 4409 1928 4467 homines

345 4480 434 4548 qui
480 4482 801 4542 mediocrem
833 4493 1647 4567 peregrinationemsuscipiunt,
1693 4503 1926 4572 cnmju-

346 4581 522 4628 menta
551 4587 858 4649 suppetant,
875 4582 1101 4638 ministri
1123 4601 1228 4640 non
1250 4585 1447 4652 desint,
1477 4590 1713 4658 periculo
1740 4603 1927 4649 vacent

343 4663 548 4730 itinera,
578 4684 698 4725 cum
731 4687 894 4742 penes
921 4690 1016 4731 eos
1043 4685 1276 4746 potestas
1320 4681 1388 4734 sit
1429 4681 1705 4746 redeundi,
1735 4685 1926 4741 multas

342 4760 689 4828 experiuntur
713 4768 1004 4835 molestias,
1038 4772 1233 4827 multas
1253 4773 1496 4829 miserias
1521 4778 1920 4846 perpetiuntur:

343 4851 428 4906 tibi
453 4855 645 4911 mulier
685 4868 739 4912 et
768 4859 1020 4931 virgines,
1054 4865 1269 4934 penuria
1296 4867 1682 4935 minisuorum,
1711 4879 1764 4924 et
1789 4872 1924 4925 ami-

338 4959 520 5000 cortnn
567 4950 816 5018 proditio,
850 4955 1126 5021 tumultus,
1159 4967 1214 5012 et
1266 4958 1612 5028 perturbatio,
1641 4970 1921 5032 metusque

340 5035 709 5109 intolerabilis,
741 5043 950 5102 diversa
997 5049 1048 5103 in
1082 5049 1188 5104 illis
1216 5051 1468 5120 pericula,
1516 5054 1584 5110 de
1609 5055 1783 5110 anima
1805 5055 1917 5111 (lis-

335 5128 560 5197 crimen,
612 5144 664 5189 et
699 5135 1068 5209 undecumque
1113 5141 1325 5209 hostes;
1355 5160 1474 5213 qua:
1510 5146 1722 5200 tandem
1745 5148 1918 5202 oratio

335 5222 616 5279 mulierum
637 5228 948 5297 certamina,
981 5229 1366 5298 fortitudinem,
1407 5239 1914 5308 magnanimitatem,

339 5311 494 5369 tidem
531 5317 834 5386 exprimere
881 5322 1111 5390 poterit?
1140 5323 1272 5378 Nam
1324 5325 1370 5380 si
1413 5342 1626 5396 egressa
1653 5330 1766 5384 sola
1799 5346 1915 5385 ma-

337 5414 420 5459 ter
447 5417 608 5474 esset,
635 5426 739 5466 non
759 5410 831 5466 ita
859 5413 1249 5470 intolerandum
1269 5427 1540 5474 certamen
1562 5419 1780 5488 fuisset;
1805 5423 1914 5492 jam

336 5513 465 5552 vero
490 5514 609 5553 eum
640 5512 694 5556 et
741 5503 878 5560 filias
931 5505 1238 5573 deduceret,
1295 5517 1350 5562 et
1402 5509 1535 5564 duas
1564 5511 1814 5581 virgines,
1845 5514 1915 5570 ita

337 5586 532 5657 duplex
560 5591 780 5650 timendi
805 5597 1038 5664 occasio,
1085 5598 1355 5670 multaque
1391 5601 1762 5658 sollicitudinis
1801 5617 1917 5660 erat

333 5682 570 5739 accessio
592 5697 610 5737 εΔ
625 5697 823 5754 quanto
839 5689 978 5745 enim
999 5691 1168 5762 major
1180 5693 1468 5764 possessio,
1486 5702 1630 5750 tanto
1647 5695 1910 5753 difficilior

1030 239 1089 298 S.
1128 243 1407 304 JOANNIS
1443 249 1922 313 CllllYSOSTOMl
1963 257 2278 321 ARClllEl’.
2321 269 2848 338 CONSTANTINOP.

3536 302 3642 358 636

2053 389 2135 432 est
2163 383 2422 438 custodia.
2473 385 2852 459 Egrediebatur
2875 413 3002 468 ergo
3033 401 3261 472 virgines
3295 408 3518 478 habens,
3543 432 3642 474 nec

2051 468 2253 529 habens
2279 477 2468 545 quibus
2496 481 2545 536 in
2574 483 2817 543 thalamis
2837 505 2927 546 eas
2951 468 3280 554 occultaret:
3309 509 3519 561 tametsi
3563 511 3628 564 in-

2053 561 2288 634 telligitis
2336 567 2631 641 thalamos;
2675 583 3180 656 gynmcea,januas,
3228 604 3426 661 vectes,
3459 610 3644 655 custo-

2049 652 2165 722 des,
2213 661 2600 732 procubitores,
2648 671 2891 738 ancillas,
2927 679 3182 748 nutrices,
3215 698 3278 737 ac
3325 688 3514 744 matris
3558 708 3642 747 as-

2050 746 2374 818 siduitatem,
2423 763 2477 809 et
2529 759 2698 827 patris
2745 764 3132 831 providentiam
3170 746 3508 848 multamque
3543 797 3642 850 pa-

2050 851 2258 896 rentum
2307 859 2489 901 curam
2515 849 2778 920 adhiberi,
2821 864 2878 911 ut
2905 858 3216 930 virginitatis
3245 863 3344 921 ﬂos
3363 849 3640 927 custodia-

2051 940 2167 1001 tur,
2217 946 2270 991 et
2299 939 2384 994 vix
2418 941 2486 995 ita
2533 942 2851 1004 incolumem
2881 956 3225 1014 conservari:
3255 969 3308 1014 at
3349 962 3435 1016 illa
3489 968 3637 1022 omni

2047 1038 2160 1083 erat
2191 1034 2430 1089 custodia
2461 1036 2738 1108 destituta;
2767 1059 2872 1114 quo
2920 1046 3078 1116 igitur
3102 1059 3256 1119 pacto
3284 1063 3492 1124 poterat
3521 1059 3640 1116 illas

2051 1122 2226 1177 tueri?
2281 1125 2588 1184 Divinarum
2642 1133 2847 1189 scilicet
2877 1135 3050 1207 legum
3098 1122 3359 1198 custodia.
3393 1147 3506 1204 Non
3537 1149 3638 1205 ba-

2049 1211 2207 1269 bebat
2251 1215 2466 1273 domum
2491 1261 2505 1285 ,
2535 1237 2636 1292 qua
2682 1223 3062 1296 obvallaretur,
3103 1232 3174 1287 ad
3201 1243 3468 1303 potentem
3518 1257 3638 1295 ma—

2047 1322 2172 1360 num
2206 1308 2472 1379 habebat,
2523 1329 2627 1385 qua
2658 1315 2727 1371 de
2777 1318 2912 1374 caelo
2963 1333 3369 1396 protegeretur:
3405 1346 3509 1385 non
3541 1331 3636 1387 ha-

2047 1398 2207 1456 bebat
2247 1403 2497 1472 januant,
2544 1421 2718 1477 neque
2757 1419 2962 1466 vectem
2987 1455 3004 1480 ,
3048 1416 3142 1470 sed
3173 1433 3352 1474 veram
3408 1421 3637 1481 habebat

2042 1494 2259 1565 januam
2304 1512 2423 1568 qua:
2477 1497 2695 1554 insidias
2733 1500 2890 1574 longe
2931 1517 3157 1562 arceret.
3190 1507 3253 1564 Et
3281 1514 3631 1581 quemadmo-

2045 1589 2170 1643 dum
2215 1591 2268 1645 in
2334 1591 2525 1647 mediis
2583 1593 2829 1653 Sodomis
2882 1598 3226 1658 obsidebatur
3271 1608 3484 1676 quidem
3533 1611 3637 1665 Lot

2045 1681 2238 1737 domus
2285 1683 2434 1756 (Gen.
2468 1686 2520 1742 9.
2557 1687 2644 1744 l0.
2676 1696 2833 1762 ειμι),
2865 1701 2920 1747 at
2959 1694 3092 1750 nihil
3137 1698 3259 1753 mali
3304 1702 3627 1770 patiebatur,

2047 1775 2241 1845 quippe
2271 1792 2390 1848 qua:
2441 1781 2659 1851 angelos
2707 1784 2850 1840 intus
2891 1785 3159 1850 haberet:
3198 1791 3277 1847 sic
3304 1794 3551 1850 nimirum
3578 1811 3634 1854 et

2044 1879 2307 1940 martyres
2362 1871 2497 1936 istm,
2554 1873 2694 1949 inter
2745 1877 3052 1936 Sodomitas
3091 1893 3420 1955 cunctosque
3451 1887 3634 1946 hostes

2042 1963 2346 2020 constituta:
2387 1974 2546 2037 atque
2601 1968 2835 2040 undique
2869 1973 3273 2043 circumsessa,
3323 1980 3452 2034 nihil
3507 1985 3632 2038 mali

2043 2054 2400 2125 patiebantur,
2429 2058 2627 2130 quippe
2652 2077 2771 2132 qua:
2797 2062 3079 2120 Dominum
3105 2070 3413 2138 angelorum
3439 2073 3488 2126 in
3515 2077 3633 2128 ani-

2044 2149 2145 2203 mis
2180 2149 2291 2205 suis
2331 2149 2658 2209 babitantem
2704 2156 2992 2225 haberent;
3040 2169 3095 2215 et
3121 2161 3171 2216 in
3213 2163 3482 2220 desertum
3528 2169 3633 2224 iter

2042 2238 2232 2295 delatae
2253 2240 2385 2296 nihil
2416 2243 2771 2314 patiebantur,
2802 2249 2922 2318 quia
2951 2251 3052 2306 iter
3079 2252 3366 2323 habebant,
3391 2259 3531 2328 quod
3561 2259 3633 2314 ad

2042 2332 2230 2386 etclam
2271 2333 2410 2405 ipsas
2460 2335 2770 2394 deduceret.
2823 2341 3160 2414 Quapropter
3209 2345 3261 2400 in
3295 2349 3630 2417 tantubclln,

2045 2427 2268 2480 tumultu
2293 2468 2308 2493 ,
2367 2443 2429 2483 ac
2470 2428 2720 2488 ﬂuctibus
2761 2433 3138 2504 deprehensae,
3181 2455 3300 2494 cum
3341 2444 3634 2499 securitate

2045 2518 2361 2576 incedebant
2390 2539 2404 2576 :
2433 2532 2487 2577 et
2513 2524 2655 2594 quod
2680 2539 2811 2581 sane
2837 2528 3062 2595 mirum,
3095 2545 3190 2601 per
3231 2533 3435 2588 medios
3474 2538 3636 2606 lupos

2043 2627 2170 2664 oves
2215 2611 2578 2679 ducebantur;
2623 2632 2720 2688 per
2770 2619 2979 2676 medios
3017 2621 3202 2678 leones
3231 2639 3380 2695 agna:
3409 2643 3635 2699 progre-

2042 2701 2344 2772 diebantur,
2374 2722 2472 2762 nec
2515 2705 2634 2764 illas
2661 2711 2938 2782 quisquam
2980 2713 3194 2771 lascivis
3237 2719 3405 2774 oculis
3451 2720 3632 2776 intue-

2043 2791 2196 2849 batur
2221 2813 2233 2848 :
2265 2796 2358 2851 sed
2391 2798 2528 2854 sicut
2552 2799 2856 2857 Sodomitas
2873 2803 3024 2873 juxta
3051 2804 3268 2876 januam
3295 2818 3495 2865 stantes
3515 2811 3632 2865 adi-

2044 2896 2156 2940 tum
2202 2903 2424 2945 cernere
2454 2906 2560 2945 non
2591 2892 2800 2950 sinebat
2844 2897 3006 2965 Deus,
3037 2899 3116 2954 sic
3142 2910 3195 2954 et
3239 2901 3474 2955 onmium
3501 2912 3632 2959 tunc

2041 2980 2226 3036 oculos
2276 2985 2582 3052 excaecavit,
2616 3001 2686 3042 ne
2726 2988 2960 3059 virginea
2989 3005 3214 3061 corpora
3251 2993 3628 3063 proderentur.

2109 3075 2164 3131 5.
2196 3073 2442 3148 Edessam
2467 3081 2754 3149 perveniunt
2778 3079 2952 3136 urbem
2979 3082 3376 3154 Mesopotamiae.
3401 3115 3471 3125 -—
3491 3087 3626 3142 Per-

2037 3181 2168 3241 gunt
2199 3172 2356 3243 igitur
2373 3172 2438 3227 ad
2468 3173 2684 3240 urbem,
2729 3173 2986 3231 Edessam
3024 3180 3272 3244 nomine,
3297 3180 3480 3235 urbem
3504 3197 3632 3251 pcr-

2042 3265 2225 3319 multis
2252 3266 2599 3334 agrestiorem
2627 3267 2864 3336 quidem,
2897 3268 2994 3324 sed
3023 3269 3222 3340 pietate
3249 3273 3629 3343 insigniorem:

2037 3355 2162 3425 quid
2189 3356 2330 3411 enim
2355 3372 2418 3412 ex
2447 3357 2535 3412 illa
2565 3359 2697 3414 urbe
2724 3375 2875 3430 teque
2901 3363 3240 3418 commodum
3263 3367 3628 3433 censuissent,

2037 3459 2196 3518 atque
2271 3459 2328 3505 ut
2397 3451 2451 3507 in
2508 3461 2651 3507 tanta
2706 3455 2936 3524 procella
2987 3456 3287 3528 perfugium
3345 3461 3627 3516 nancisce-

2039 3549 2224 3596 rentur
2246 3583 2260 3608 ,
2316 3551 2372 3598 et
2416 3543 2469 3598 in
2502 3545 2594 3600 tali
2647 3554 2960 3617 tempeState
2987 3561 3198 3618 portum
3231 3549 3527 3606 haberent?
3559 3554 3630 3608 Et

2037 3634 2248 3702 excepit
2278 3633 2464 3690 civitas
2494 3637 2823 3708 peregrinas,
2859 3641 3166 3710 peregrinas
3192 3641 3406 3712 quidem
3440 3652 3621 3705 terrm,

2035 3721 2181 3779 cives
2226 3734 2404 3780 autem
2449 3729 2736 3794 caelorum,
2775 3741 3161 3803 exceptumque
3197 3733 3496 3804 depositum
3522 3751 3624 3789 cn-

2035 3816 2273 3874 stodivit.
2301 3818 2469 3876 Nemo
2494 3829 2670 3876 autem
2693 3823 2944 3878 mulieres
2979 3823 3354 3880 imbecillitatis
3381 3837 3622 3892 accuset,

2034 3911 2176 3981 quod
2206 3911 2436 3983 fugerint
2466 3928 2481 3970 :
2515 3925 2839 3986 prmceptum
2878 3917 3020 3988 enim
3061 3918 3391 3973 Dominicum
3433 3920 3620 3989 imple-

2034 4008 2182 4074 bant,
2215 4007 2355 4079 quod
2409 4009 2479 4063 ita
2520 4025 2580 4064 se
2623 4009 2819 4077 habet,
2868 4009 2994 4063 Cum
3039 4023 3392 4080 persequentur
3420 4028 3524 4076 ros,
3556 4028 3626 4065 ea:

2033 4101 2233 4155 civitate
2280 4102 2378 4156 ista
2430 4101 2588 4172 fugite
2615 4101 2667 4155 in
2707 4102 2862 4156 aliam
2890 4102 2909 4171 (
2935 4100 3123 4156 Matth.
3156 4104 3241 4157 10.
3273 4101 3344 4158 25
3371 4104 3389 4172 )
3415 4118 3426 4154 :
3474 4104 3620 4173 quod

2032 4204 2086 4250 et
2111 4195 2227 4249 ista:
2251 4209 2372 4250 cum
2413 4194 2705 4250 audiissent
2727 4235 2743 4260 ,
2776 4193 3069 4265 fugerunt‘,
3096 4203 3150 4249 et
3181 4211 3282 4249 una
3336 4193 3440 4248 illis
3483 4195 3620 4249 inte-

2031 4286 2132 4340 rim
2158 4301 2355 4340 corona
2399 4285 2743 4342 nectebatur:
2773 4302 3018 4357 quamam
3064 4287 3152 4342 illa
3197 4285 3407 4342 tandem
3437 4288 3459 4340 ?
3484 4287 3618 4342 Om-

2032 4377 2176 4432 nium
2206 4377 2411 4433 scilicet
2451 4378 2794 4448 prmsentium
2846 4393 3024 4434 rerum
3077 4387 3455 4449 contemptus:
3483 4379 3618 4444 Qui-

2031 4486 2240 4540 cumque
2259 4470 2400 4526 enim
2423 4469 2675 4540 reliquerit
2704 4474 2909 4540 fratres,
2941 4481 2987 4525 et
3014 4487 3233 4532 sorores,
3263 4480 3352 4524 aut
3370 4472 3615 4542 patriam,

2028 4571 2116 4615 aut
2143 4561 2348 4614 domum
2377 4601 2393 4625 ,
2425 4570 2511 4614 aut
2532 4561 2720 4615 amicos
2739 4602 2754 4626 ,
2780 4569 2870 4614 aut
2899 4571 3137 4632 cognatos
3161 4602 3175 4624 ,
3210 4562 3503 4631 centuplum
3530 4579 3620 4615 ac-

2026 4653 2208 4724 cipiet,
2239 4653 2427 4724 inquit,
2473 4662 2520 4706 et
2568 4654 2720 4706 vitam
2749 4661 2989 4707 wternam
3013 4650 3301 4724 possidebit
3321 4652 3494 4724 (Matt.
3523 4655 3616 4707 19.

2025 4744 2095 4800 29
2114 4745 2154 4813 ).
2186 4745 2253 4800 Et
2279 4753 2431 4800 erant
2457 4743 2526 4800 ibi
2551 4742 2820 4799 Christum
2861 4743 3116 4799 habentes
3136 4743 3571 4799 contubernalem
3602 4765 3614 4797 :

2025 4839 2067 4891 si
2096 4837 2237 4893 enim
2260 4836 2344 4890 ubi
2375 4835 2623 4890 suntduo
2647 4835 2726 4889 vel
2756 4843 2863 4889 tres
2883 4835 3207 4906 cengregati,
3241 4837 3292 4888 in
3323 4851 3506 4890 corum
3531 4848 3618 4890 est

2025 4929 2201 4984 medio
2253 4927 2687 4999 (.lfatt.18.20);
2720 4928 2808 4983 ubi
2859 4945 2964 4984 non
3017 4939 3352 4999 congregata:
3407 4939 3613 4983 tantum

2023 5033 2212 5089 erant,
2263 5023 2355 5077 sed
2409 5032 2463 5077 et
2520 5030 2736 5092 propter
2763 5036 2956 5078 nomen
2984 5023 3099 5092 ejus
3136 5022 3387 5088 exsules,
3433 5039 3615 5077 nonne

2023 5115 2187 5170 multo
2235 5115 2424 5184 potiori
2447 5114 2571 5184 jure
2616 5114 2782 5184 ipsius
2828 5114 3081 5168 auxilium
3128 5115 3615 5185 promercbantur?
3690 5137 3698 5196 -ἢ

2021 5207 2151 5261 Cum
2180 5205 2340 5276 igitur
2361 5206 2469 5261 illic
2495 5207 2746 5261 mulieres
2776 5216 3134 5272 versarentur,
3179 5205 3377 5262 nefaria
3416 5207 3605 5260 confe-

2020 5297 2143 5352 stiin
2197 5297 2369 5352 edicta
2396 5314 2822 5370 quoquoversum
2873 5301 3366 5355 transmittchautur
3393 5343 3408 5365 ,
3439 5301 3607 5355 multa

2020 5390 2303 5461 tyrannide
2326 5407 2388 5446 ac
2421 5390 2696 5446 barbarica
2725 5390 3037 5448 crudelitate
3057 5392 3250 5448 referta
3285 5411 3296 5446 :
3325 5395 3609 5465 pmpinqui

2018 5481 2160 5536 enim
2191 5482 2532 5554 prOpinquos,
2565 5482 2752 5552 inquit,
2786 5483 3032 5551 prodant,
3066 5486 3240 5540 tnariti
3269 5501 3480 5554 uxores,
3514 5503 3611 5556 pa-

2019 5583 2125 5631 tres
2145 5576 2360 5645 liberos,
2382 5577 2530 5632 liberi
2552 5584 2748 5645 patres,
2775 5578 2963 5633 fratres
2979 5574 3185 5644 fratres,
3201 5579 3354 5633 amici
3383 5579 3604 5636 amicos.

2091 5711 2104 5742 ί
2142 5712 2278 5763 savil.
2301 5714 2348 5763 in
2373 5725 2546 5778 marg,
2579 5713 2707 5778 quod
2728 5719 2774 5766 ct
2795 5712 2900 5766 ista'
2921 5727 3031 5765 cum
3050 5713 3340 5780 implessent,
3362 5715 3597 5777 ﬁtgdt'tmf.
