4080 6196
396 294 494 348 635

391 411 572 471 τέκνα,
598 408 690 462 καὶ
711 408 902 479 ἄνδρες
924 410 1205 476 γυναῖκας,
1230 408 1323 462 καὶ
1355 409 1529 462 πάντα
1559 408 1627 462 τά
1648 409 1746 479 τῆς
1781 424 1972 476 συγγε-

392 495 536 556 νείας
559 494 810 545 ἐπατεῖτο
833 491 1036 557 δίκαια,
1058 492 1152 544 καὶ
1175 492 1326 545 πᾶσα
1349 492 1382 562 ἡ
1405 491 1698 562 οἰκουμένη
1734 491 1970 544 ἀνάστα·

389 595 480 640 τος
511 572 601 648 ἦν,
627 576 721 630 καὶ
743 575 919 638 οὐδεὶς
953 575 1143 628 οὐδένα
1165 574 1287 628 τότε
1325 576 1690 644 ἐπεγίνωσκεν
1712 592 1726 605 ·
1751 574 1972 646 ἐκράτει

391 661 498 732 γάρ
525 663 553 714 ό
576 657 822 720 διάϐολος
854 657 994 728 μετὰ
1025 658 1223 729 πολλῆς
1249 659 1346 729 τῆς
1374 659 1698 730 ὑπερϐολῆς.
1717 659 1804 712 Ἐν
1833 657 1974 711 ἐκεί-

391 764 466 814 νῳ
516 743 698 796 τοίνυν
744 741 826 812 τῷ
875 741 1090 813 θορύϐῳ
1130 742 1224 796 καὶ
1267 742 1345 812 τῷ
1377 743 1600 814 πολέμῳ
1628 744 1683 795 αἱ
1718 745 1975 811 γυναῖκες

392 825 576 891 αὗται,
605 825 665 880 ἐἴ
688 844 749 895 γε
779 828 1040 894 γυναῖκας
1068 826 1240 888 αὑτάς
1277 827 1384 898 χρὴ
1419 826 1606 879 καλεῖν
1625 843 1639 855 ·
1670 827 1763 879 καὶ
1786 825 1894 896 γὰρ
1915 827 1973 879 ἐν

392 914 690 984 γυναικείῳ
748 911 963 982 σώματι
1028 911 1244 982 ἀνδρῶν
1305 912 1645 979 ἐπεδείξαντο
1701 912 1970 984 φρόνημα,

395 1000 595 1072 μᾶλλον
641 998 698 1051 δέ
747 997 848 1050 οὑκ
893 995 1104 1067 ἀνδρῶν
1134 997 1477 1063 ἐπεδείξαντο
1506 997 1760 1069 φρόνημα
1793 998 1968 1067 μόνον,

391 1084 528 1138 ἀλλὰ
553 1083 647 1137 καὶ
672 1082 842 1154 αὐτὴν
872 1079 1219 1152 ὑπερέϐησαν
1250 1081 1350 1152 τὴν
1381 1079 1561 1150 φύσιν,
1594 1081 1688 1134 καὶ
1715 1081 1848 1151 πρὸς
1875 1081 1974 1144 τὰς

392 1168 723 1238 ἀσωμάτους
753 1165 1013 1236 δυνάμεις
1040 1164 1136 1236 τὴν
1165 1165 1399 1234 ἅμιλλαν
1434 1165 1616 1234 ἔθεντο
1634 1183 1646 1196 ·
1675 1161 1833 1219 αὗται
1861 1167 1973 1218 τοί-

392 1273 486 1308 νυν
524 1255 581 1306 αί
610 1253 868 1320 γυναῖκες
901 1253 1119 1320 ἀφεῖσαι
1147 1250 1298 1306 πόλιν
1327 1251 1420 1303 καὶ
1453 1252 1628 1304 οἰκίαν
1657 1251 1749 1304 καὶ
1781 1269 1974 1320 συγγε-

392 1340 502 1401 νεῖς
559 1337 696 1408 πρὸς
740 1337 840 1406 τὴν
888 1333 1174 1404 ἀλλοτρίαν
1223 1333 1602 1403 μετετάξαντο.
1631 1332 1801 1388 Ὅταν
1842 1334 1970 1406 γὰρ,

394 1425 579 1494 φησὶν,
608 1426 636 1476 ό
664 1421 898 1494 Χριστὸς
921 1419 1274 1492 άτιμάζηται,
1300 1419 1462 1490 μηδὲν
1488 1421 1619 1490 ήμῖν
1643 1419 1781 1474 ἔστω
1795 1421 1973 1490 τίμιον

395 1509 532 1579 μηδέ
564 1509 888 1576 ἀναγκαῖον·
918 1504 1008 1558 διὰ
1039 1504 1196 1556 τοῦτο
1239 1503 1416 1556 πάντα
1459 1503 1680 1571 ἀφεῖσαι
1731 1503 1968 1573 ἐξῆλθον.

394 1593 506 1646 Καὶ
540 1591 791 1660 καθάπερ
820 1589 997 1652 οἰκίας
1036 1589 1094 1641 ἐν
1129 1587 1266 1658 μέσῃ
1299 1587 1454 1642 νυκτὶ
1501 1585 1968 1658 πυρπολουμένης,

391 1677 440 1727 οἱ
488 1674 843 1736 καθεύδοντες
874 1671 1053 1734 ἔνδον,
1095 1669 1315 1723 ἐπειδὰν
1347 1669 1639 1722 αἴσθωνται
1675 1668 1770 1721 τοῦ
1810 1668 1969 1740 θορύ-

393 1759 512 1818 ϐου,
549 1757 757 1827 ταχέως
791 1754 1134 1825 ἐξαλλόμενοι
1183 1753 1284 1822 τῆς
1335 1751 1522 1823 κλίνης
1558 1752 1833 1822 ἐκπηδῶσι
1863 1753 1971 1806 τῶν

391 1841 682 1912 προθύρων
716 1839 818 1910 τῆς
842 1839 1039 1902 οίκίας,
1071 1836 1220 1890 ούδέν
1261 1835 1369 1889 τῶν
1406 1835 1552 1889 ἔνδον
1585 1836 1837 1899 λαϐόντες
1861 1853 1876 1867 ο
1913 1835 1971 1890 ἒν

389 1928 503 1997 γὰρ
543 1925 702 1995 μόνον
747 1921 1158 1984 σπουδάζουσιν,
1192 1920 1340 1983 ὅπως
1375 1920 1436 1972 τὸ
1481 1921 1641 1988 σῶμα
1674 1921 1735 1974 τὸ
1764 1921 1970 1975 ἑαυτῶν

392 2008 855 2079 προεξαρπάσωσι
881 2006 977 2076 τῆς
1011 2004 1224 2072 φλογὸς,
1257 2005 1350 2056 καὶ
1381 2002 1471 2056 τὸν
1496 2002 1643 2074 [640]
1677 2003 1770 2056 τοῦ
1801 2004 1970 2074 πυρὸς

392 2093 644 2162 φθάσωσι
669 2091 866 2162 δρόμον
891 2089 1028 2159 μετά
1054 2087 1251 2158 πολλῆς
1278 2087 1500 2142 ἐπιόντα
1518 2088 1618 2158 τῆς
1638 2088 1936 2158 ταχύτητος
1953 2106 1966 2118 ·

388 2176 538 2228 οὕτω
561 2173 626 2244 δὴ
655 2173 748 2228 καὶ
779 2165 938 2226 αὗται
973 2170 1256 2241 ἐποίησαν.
1276 2169 1501 2223 ’ἰδοῦσαι
1528 2171 1636 2242 γάρ
1663 2172 1760 2242 τὴν
1793 2173 1972 2225 οίκου-

393 2258 569 2328 μένην
618 2257 836 2310 ἃπασαν
881 2250 1345 2326 ἐμπυριζομένην,
1379 2252 1577 2316 εὐθέως
1611 2254 1967 2325 ἐξεπήδησαν,

393 2341 489 2394 καὶ
516 2335 772 2412 ἐξήλαντο
792 2337 899 2391 τῶν
925 2335 1095 2408 προθύ
1105 2353 1211 2407 ρων
1235 2337 1333 2406 τῆς
1359 2335 1584 2400 πόλεως,
1611 2335 1669 2388 ἓν
1697 2336 1854 2407 μόνον
1877 2335 1972 2408 ζη-

391 2425 610 2487 τοῦσαι,
645 2423 742 2494 τὴν
773 2421 1046 2492 σωτηρίαν
1081 2419 1182 2490 τῆς
1212 2418 1420 2473 ἑαυτῶν
1443 2419 1620 2490 ψυχῆς
1657 2421 1972 2491 παντὶτρό-

392 2526 484 2579 πῳ
509 2506 851 2577 διαφυλάξαι.
876 2505 987 2558 Καὶ
1019 2503 1126 2575 γὰρ
1151 2501 1477 2575 ἐμπρησμὸς
1500 2503 1622 2556 τότε
1650 2503 1884 2574 χαλεπὸς
1902 2499 1970 2574 ἦν

393 2593 494 2645 καὶ
528 2591 715 2654 σκότος
743 2587 963 2658 ἐκράτει
995 2585 1149 2656 βαθὺ,
1184 2586 1376 2649 σκότος
1398 2585 1490 2638 τοῦ
1516 2586 1828 2657 νυκτερινοῦ
1854 2585 1970 2639 τού-

390 2692 489 2728 του
529 2671 958 2741 ζοφωδέστερον·
989 2670 1082 2722 καὶ
1112 2667 1201 2720 ὸιά
1227 2667 1382 2720 τοῦτο
1415 2668 1663 2739 καθάπερ
1699 2671 1756 2720 ἐν
1794 2669 1970 2739 σκότῳ

393 2760 522 2820 τοὺς
550 2755 736 2824 φίλους
761 2753 987 2823 ἠγνόουν
1012 2752 1061 2804 οἱ
1087 2750 1252 2821 φίλοι,
1283 2749 1380 2802 καὶ⁵
1397 2749 1588 2819 ἄνδρες
1614 2751 1970 2820 παρεδίδοσαν

393 2843 686 2909 γυναῖκας·
719 2837 807 2891 διὰ
839 2837 995 2890 τοῦτο
1036 2836 1163 2898 τοὺς
1199 2835 1296 2903 μὲν
1333 2833 1560 2904 ἐχθροὺς
1608 2834 1966 2903 παρέτρεχον,

392 2926 508 2986 τοῖς
537 2921 596 2975 δὲ
630 2919 805 2989 φίλοις
837 2919 930 2972 καὶ
961 2918 1072 2980 τοῖς
1101 2916 1318 2979 οίκείοις
1349 2917 1839 2988 πῳσερρήγνυντο,
1877 2917 1970 2970 καὶ

394 3006 739 3077 νυκτομαχία
766 3022 850 3068 τις
888 2999 956 3075 ἦν
985 3000 1215 3073 χαλεπὴ,
1257 3001 1350 3054 καὶ
1383 2999 1578 3053 πολλοῦ
1626 2999 1854 3072 θορύϐου
1902 3001 1969 3055 τά

395 3093 696 3163 πράγματα
725 3089 907 3159 ἔγεμε.

469 3175 602 3227 Τότε
645 3173 823 3226 τοίνυν
866 3169 1087 3241 ἐξῆλθον
1131 3161 1288 3224 αὗται
1322 3166 1419 3237 τὴν
1451 3166 1681 3237 πατρίδα
1725 3165 1966 3236 ἀφεῖσαι,

391 3259 494 3310 καὶ
537 3256 628 3308 τὸν
674 3253 1018 3326 πατριάρχην
1060 3251 1370 3320 ζηλώσασαι
1403 3249 1493 3304 τὸν
1527 3249 1798 3320 Ἀϐραὰμ,
1833 3241 1970 3321 πρὸς

393 3341 455 3393 ὃν
501 3338 715 3409 εἴρητοο
755 3337 1007 3402 Ἔξελθε
1047 3335 1115 3388 ἐκ
1150 3334 1260 3403 τῆς
1301 3332 1414 3402 γῆς
1444 3347 1582 3398 σου,
1623 3332 1722 3386 καί
1753 3333 1822 3386 ἐκ
1861 3333 1971 3400 τῆς

355 3433 362 3438 “
391 3423 757 3494 συγγενείας
773 3436 916 3476 σου.
941 3421 1053 3474 Καὶ
1072 3418 1180 3488 γάρ
1202 3419 1296 3471 καὶ
1316 3417 1538 3480 ταύταις
1563 3419 1591 3469 ό
1614 3416 1708 3470 τοῦ
1731 3415 1970 3486 διωγμοῦ

395 3507 595 3579 καιρὸς
617 3504 788 3558 ταῦτα
817 3502 1068 3574 παρῄνει,
1095 3499 1328 3565 ἐξελθεῖν
1352 3501 1416 3553 ἐκ
1433 3499 1534 3569 τῆς
1555 3499 1656 3570 γῆς
1677 3500 1768 3552 καὶ
1789 3500 1851 3552 ἐκ
1871 3501 1972 3564 τῆς

397 3588 742 3657 συγγενείας,
773 3585 914 3639 ὥστε
962 3583 1367 3655 κληρονομῆσαι
1408 3581 1498 3635 τὸν
1531 3581 1972 3654 οὑρανόν.Ἐξῄει

397 3673 582 3726 τοίνυν
617 3674 682 3724 ἐκ
713 3671 810 3740 τῆς
843 3668 1016 3731 οἰκίας
1045 3670 1078 3739 ή
1111 3667 1248 3737 γυνὴ
1276 3666 1376 3720 δύο
1410 3667 1528 3737 μεθ’
1553 3667 1750 3736 ἐαυτῆς
1776 3665 1972 3736 ἔχουσα

399 3756 732 3827 θυγατέρας.
762 3754 834 3807 Σὺ
882 3751 939 3804 δὲ
987 3751 1060 3822 μὴ
1099 3750 1462 3824 παραδράμῃς
1504 3750 1692 3814 ἀπλῶς
1735 3752 1970 3816 ἀκούων,

397 3844 484 3894 ὅτι
515 3839 739 3909 ἐξῆλθον
772 3838 1028 3905 γυναῖκες
1063 3833 1384 3905 ἐλευθερίως
1427 3835 1839 3906 ἀνατραφεῖσαι,
1869 3852 1974 3906 μη-

399 3925 593 3978 δέποτε
640 3924 833 3987 πεῖραν
870 3918 1128 3972 λαϐοῦσαι
1171 3917 1276 3971 τῶν
1327 3915 1514 3970 δεινῶν
1557 3917 1796 3984 τούτων,
1837 3917 1972 3972 ἀλλά

398 4007 718 4074 ἀναλόγισαι
745 4006 811 4074 τῇ
851 4001 1060 4072 διανοίᾳ
1099 4002 1221 4054 ὅσον
1257 3996 1326 4072 ἦν
1372 4000 1433 4053 τὸ
1476 4000 1665 4064 κακὸν,
1697 4001 1826 4073 ὅσην
1860 4002 1970 4072 ἔχει

397 4093 461 4144 τὸ
495 4091 729 4161 πρᾶγμα
765 4084 1071 4140 δυσκολίαν.
1109 4085 1171 4137 El
1209 4083 1318 4156 γάρ
1360 4083 1636 4155 ἄνθρωποι
1663 4083 1974 4156 σύμμετρον

399 4175 712 4245 ἀποδημίαν
742 4171 1099 4241 στελλόμενοι,
1133 4166 1438 4235 ὑποζυγίων
1466 4167 1839 4239 εὐποροῦντες,
1858 4167 1974 4222 δια-

401 4259 595 4321 κόνους
643 4257 876 4326 ἔχοντες,
919 4253 1056 4323 μετά
1094 4249 1278 4314 ἀδείας
1324 4248 1617 4314 ὁδεύοντες,
1649 4249 1827 4320 κύριοι
1873 4251 1975 4320 τῆς

402 4341 667 4394 ἐπανόδου
704 4337 877 4401 ὄντες,
913 4334 1122 4388 πολλῶν
1150 4334 1493 4392 αἰσθάνονται
1523 4332 1633 4387 τῶν
1659 4333 1970 4406 μοχθηρῶν,

402 4424 607 4494 πολλὴν
653 4420 983 4491 ὑπομένουσι
1030 4416 1433 4486 ταλαιπωρίαν·
1477 4416 1612 4470 ὅπου
1658 4417 1818 4486 γυνὴ,
1881 4417 1976 4470 καὶ

402 4507 689 4579 παρθένοι,
721 4504 816 4558 καὶ
841 4502 1102 4556 διακόνων
1123 4501 1343 4573 ἐρημία,
1374 4499 1470 4554 καὶ
1498 4498 1667 4568 φίλων
1697 4499 1972 4570 προδοσία,

402 4593 502 4646 καὶ
548 4588 795 4661 θόρυϐος,
827 4587 921 4639 καὶ
965 4583 1199 4656 ταραχὴ,
1230 4583 1322 4639 καὶ
1355 4583 1520 4653 φόϐος
1545 4583 1837 4654 ἀφόρητος,
1887 4584 1978 4638 καὶ

403 4674 648 4736 κίνδυνος
673 4674 731 4726 ἐν
765 4671 955 4733 αὑταῖς
995 4668 1256 4732 ποικίλος,
1293 4667 1388 4720 καὶ
1421 4665 1549 4738 περὶ
1575 4665 1751 4736 ψυχῆς
1780 4668 1812 4720 ό
1851 4667 1978 4738 δρό-

406 4774 532 4830 μος,
560 4756 654 4809 καὶ
705 4750 1038 4822 παντάχοθεν
1093 4750 1143 4803 οἱ
1188 4747 1458 4820 πολέμιοι,
1507 4751 1660 4813 ποῖος
1704 4747 1860 4817 λόγος
1909 4749 1980 4803 τὰ

402 4841 764 4911 ἀγωνίσματα
809 4836 916 4891 τῶν
962 4832 1234 4904 γυναικῶν
1281 4830 1625 4904 παραστῆσαι
1669 4831 1976 4904 δυνήσεται,

402 4925 507 4998 τὴν
536 4921 806 4996 ἀνδρείαν,
838 4920 937 4990 τὴν
966 4914 1383 4998 μεγαλοψυχίαν,
1409 4913 1507 4985 τὴν
1539 4914 1748 4998 πίστιν,
1781 4916 1840 4998 El
1869 4916 1979 4986 γὰρ

407 4993 549 5078 μόνη
587 4993 807 5077 ἐξῆλθεν
846 5004 889 5126 1
912 5003 1115 5072 μήτηρ,
1145 4999 1244 5052 οὑκ
1276 4993 1344 5068 ἦν
1389 4998 1483 5050 καὶ
1505 4996 1678 5060 οὕτως
1707 4997 1979 5068 ἀφόρητος

407 5083 436 5126 ο
484 5074 662 5126 ἀγῶν’
713 5074 831 5126 νυνὶ
891 5072 916 5123 ἐ
949 5071 1044 5124 καὶ
1087 5068 1187 5126 τὰς
1230 5066 1534 5126 θυγατέρας
1583 5068 1835 5126 ἐπήγετο.
1888 5069 1979 5121 καὶ

402 5066 436 5131 ὃ
484 5066 681 5145 ἀγῶν”’
713 5074 831 5126 νυνὶ
860 5066 925 5126 δὲ’
949 5066 1187 5132 καῖτάς
1230 5066 1534 5139 θυγατέρας
1583 5066 1835 5138 ἐπήγετο,
1875 5066 1981 5121 καὶ

403 5160 612 5222 ταύτας
631 5155 934 5229 παρθένους
954 5169 969 5182 ·
991 5152 1132 5205 ὥστε
1147 5163 1172 5192 ι
1195 5149 1358 5220 διπλῆ
1381 5151 1414 5220 ή
1441 5149 1671 5217 ἀγωνία,
1693 5150 1786 5202 καὶ
1810 5150 1979 5222 πολλή

402 5246 511 5314 τῆς
535 5241 814 5315 φροντίδος
838 5241 872 5310 ὴ
899 5235 1217 5308 προσθήκη·
1241 5234 1351 5304 ὅσῳ
1377 5233 1488 5304 γὰρ
1513 5233 1656 5302 μέγα
1683 5232 1744 5286 τδ
1770 5233 1977 5304 κτῆμα.

404 5327 649 5394 τοσούτῳ
688 5320 1066 5390 δυσκολωτέρα
1107 5321 1140 5390 ή
1171 5315 1599 5388 φυλακή.⁹Εξῄει
1632 5315 1806 5370 τοίνυν
1847 5335 1982 5390 παρ-

408 5411 600 5474 θένους
623 5408 841 5479 ἔχουσα,
871 5404 966 5459 καί⁵
991 5403 1090 5457 οὑκ
1115 5402 1312 5473 ἔχουσα
1340 5400 1686 5473 κατακρύψαι
1720 5399 1888 5465 αὑτὰς
1919 5403 1978 5455 ἐν

456 5587 486 5615 ⁸
520 5586 672 5638 Ὥστε
694 5585 836 5634 deest
860 5587 908 5633 in
934 5582 1079 5631 Savil.
1105 5588 1160 5643 ει
1179 5581 1424 5643 Reg.,sed
1445 5593 1541 5630 non
1562 5592 1977 5642 supervacaneum

401 5661 523 5697 esse
551 5647 762 5696 videtur.
788 5673 848 5682 —
875 5660 892 5691 ι
927 5644 1107 5693 Eadem
1131 5642 1217 5693 lin.
1254 5642 1537 5704 scripsimus
1562 5656 1671 5690 cum
1706 5643 1856 5692 Savil.
1898 5643 1977 5691 καὶ

403 5712 584 5764 ταύτας
606 5711 764 5771 παρθ..
785 5708 865 5756 ubi
889 5705 1050 5755 310ml.
1079 5707 1271 5766 legebat
1292 5707 1370 5760 τὰς
1392 5705 1473 5753 δύο
1493 5706 1630 5768 παρθ.
1663 5724 1688 5749 ιι
1719 5705 1848 5753 Εοιτ.

1479 292 1566 346 DE
1607 291 1710 348 SS.
1753 290 2050 348 BERNICE
2089 292 2177 348 ET
2219 291 2602 354 PROSDOCE.

3549 307 3654 363 656

2079 405 2342 479 θαλάμοις
2360 425 2374 440 ·
2409 410 2584 464 καίτοι
2609 409 2741 472 ἴστε,
2765 411 2848 464 δτι
2879 412 2980 466 καὶ
3001 411 3230 484 θάλαμοι
3260 415 3351 469 καὶ
3377 435 3649 487 γυναικω-

2073 499 2287 564 νίτιδες,
2338 501 2432 554 καὶ
2482 502 2665 574 θύραι,
2711 503 2806 556 καὶ
2857 506 3064 576 μοχλοὶ,
3115 509 3210 562 καί
3253 509 3508 578 φύλακες,
3557 513 3647 565 καὶ

2074 592 2444 662 προφύλακες,
2476 595 2571 647 καὶ
2605 594 3005 666 θεραπαινίδες,
3039 600 3132 652 καὶ
3159 599 3386 671 τιθηνοὶ,
3425 602 3520 656 καὶ
3554 620 3649 674 μη-

2071 685 2198 754 τρὸς
2229 686 2540 757 προσεδρία,
2573 688 2667 740 καὶ
2691 689 2894 760 πατρὸς
2921 692 3168 762 πρόνοια,
3191 694 3287 746 καὶ
3310 693 3477 766 πολλὴ
3502 695 3650 768 παρά

2070 775 2178 829 τῶν
2212 777 2412 844 γονέων
2441 779 2725 850 ἐπιμέλεια
2753 781 2982 850 γίνεται,
3014 782 3154 837 ὥστε
3179 785 3573 857 διατηρηθῆναι
3589 787 3651 840 τὸ

2072 866 2169 936 τῆς
2218 867 2515 937 παρθενίας
2561 871 2741 937 ἄνθος,
2777 873 2870 925 καὶ
2922 874 3071 945 μόλις
3103 875 3248 930 οὕτω
3285 877 3647 943 διασώζεται·

2073 960 2255 1030 ἐκείνη
2284 961 2338 1012 δὲ
2365 962 2541 1031 πάσης
2562 962 2766 1034 ταύτης
2781 966 2878 1036 τῆς
2904 966 3151 1038 φυλακῆς
3178 969 3382 1040 ἔρημος
3401 965 3469 1042 ἦν
3488 987 3500 1000 ·
3532 969 3651 1034 πῶς

2071 1047 2164 1104 οὖν
2189 1052 2358 1115 αὑτάς
2383 1052 2644 1108 διασῶσαι
2678 1051 2852 1126 εἷχενς
2899 1058 2992 1110 Ἐκ
3023 1059 3120 1129 τῆς
3153 1061 3259 1113 τῶν
3295 1061 3453 1114 θείων
3470 1063 3652 1132 νόμων

2075 1141 2340 1213 φυλακῆς.
2373 1145 2486 1197 Οὑκ
2535 1141 2647 1214 εἶχε
2681 1149 2880 1217 στέγην
2911 1150 3356 1219 περιϐάλλουσαν,
3390 1153 3506 1205 ἀλλ’
3535 1152 3649 1224 εἶχε

2071 1235 2169 1305 τὴν
2196 1235 2464 1305 κραταιάν
2495 1241 2651 1310 χεῖρα
2684 1240 2889 1292 ἄνωθεν
2918 1241 3223 1296 σκέπουσαν
3242 1261 3253 1272 ·
3283 1245 3382 1298 οὑκ
3410 1242 3523 1316 εἶχε
3563 1247 3652 1300 eo.

2073 1345 2174 1398 ραν
2197 1329 2316 1381 οὐδὲ
2346 1329 2564 1399 μοχλὸν,
2595 1330 2708 1382 ἀλλ’
2745 1326 2856 1400 εἶχε
2886 1332 2984 1402 τὴν
3024 1333 3282 1403 ἀληθινὴν
3314 1335 3485 1406 θύραν
3515 1339 3650 1390 ἀπο-

2071 1419 2414 1490 τειχίζουσαν
2457 1422 2554 1492 τὴν
2602 1423 2910 1493 ἐπιϐουλήν.
2944 1423 3052 1475 Καὶ
3093 1424 3343 1496 καθάπερ
3373 1428 3431 1479 ἐν
3465 1428 3650 1498 μέσοις

2071 1514 2184 1574 τοῖς
2208 1512 2460 1582 Σοδόμοις
2490 1513 2858 1584 ἐπολιορκεῖτο
2893 1515 2989 1585 μὲν
3022 1517 3052 1585 ἠ
3091 1517 3184 1568 τοῦ
3216 1517 3337 1570 Λὼτ
3371 1521 3534 1582 οἰκία,
3560 1522 3650 1572 οὑ-

2070 1602 2155 1654 δὲν
2180 1602 2235 1653 δὲ
2261 1603 2464 1672 ἔπασχε
2495 1603 2664 1655 δεινόν
2686 1619 2698 1631 ·
2728 1605 2992 1671 ἀγγέλους
3016 1607 3086 1672 γά
3095 1625 3126 1677 ρ
3149 1603 3291 1677 εἶχεν
3310 1608 3454 1661 ἔνδον
3471 1625 3482 1637 ·
3507 1610 3649 1664 οὕτω

2069 1692 2132 1764 δὴ
2170 1694 2261 1746 καὶ
2296 1695 2349 1746 αἱ
2381 1694 2653 1765 μάρτυρες
2680 1689 2836 1747 αὗται
2869 1698 3069 1765 μεταξὺ
3105 1699 3349 1769 Σοδόμων
3390 1702 3485 1753 καὶ
3515 1702 3648 1755 πάν-

2070 1800 2176 1836 των
2205 1784 2310 1837 τῶν
2341 1784 2612 1855 πολεμίων
2641 1783 2816 1852 οὖσαι,
2840 1788 2931 1840 καὶ
2959 1787 3412 1861 πολιορκούμεναι
3444 1811 3649 1846 παντα-

2069 1875 2244 1943 χόθεν,
2285 1877 2436 1928 οὐδὲν
2469 1877 2707 1947 ἔπασχον
2734 1878 2903 1932 δεινόν
2926 1896 2940 1912 ⁸
2971 1879 3062 1932 τὸν
3093 1878 3244 1954 [6H]
3275 1883 3384 1954 γὰρ
3412 1883 3519 1936 τῶν
3551 1885 3650 1952 ἀγ-

2069 1967 2240 2036 γέλων
2280 1969 2556 2040 Δεσπότην
2588 1965 2733 2040 εἶχον
2773 1973 2832 2025 ἐν
2877 1973 2998 2036 ταῖς
3027 1973 3205 2026 αὑτῶν
3256 1974 3505 2029 οἰκοῦντα
3546 1975 3650 2046 ψυ-

2069 2063 2225 2128 χαῖς·
2275 2064 2368 2112 καὶ
2414 2062 2495 2124 είς
2542 2061 2639 2128 τὴν
2685 2062 2803 2116 ὁδὸν
2844 2063 3094 2117 ἐλθοῦσαι
3123 2064 3221 2136 τὴν
3249 2065 3456 2136 ἔρημον
3495 2069 3648 2121 οὐδὲν

2068 2149 2294 2202 ἔπαθονο
2328 2144 2472 2219 εἶχον
2492 2151 2598 2220 γάρ
2629 2151 2728 2221 τὴν
2753 2149 3010 2222 ἀληθινὴν
3040 2151 3157 2205 ὁδὸν
3184 2151 3280 2223 τὴν
3316 2153 3450 2222 πρὸς
3479 2155 3648 2226 ούρα-

2067 2240 2156 2293 νὸν
2189 2241 2357 2303 αὑτὰς
2401 2241 2658 2308 ἄγουσαν.
2699 2240 2796 2294 Διά
2825 2240 2983 2294 τοῦτο
3029 2243 3084 2294 ἐν
3131 2242 3371 2314 τοσούτῳ
3401 2243 3647 2315 πολέμῳ,

2068 2333 2163 2385 καὶ
2189 2332 2420 2402 θορύϐῳ,
2464 2332 2557 2384 καὶ
2592 2334 2829 2402 κύμασιν
2868 2335 3276 2406 ἀπειλημμέναι
3306 2336 3443 2406 μετὰ
3474 2337 3650 2405 ἀσφαο

2067 2422 2214 2486 λείας
2235 2423 2477 2489 ἐϐάδιζον
2496 2441 2509 2454 ·
2542 2424 2634 2477 καὶ
2665 2425 2727 2477 τὸ
2759 2424 3095 2496 θαυμαστὸν,
3123 2427 3204 2479 ὅτι
3225 2426 3313 2479 διὰ
3339 2426 3447 2480 τῶν
3467 2426 3649 2482 λύκων

2067 2515 2136 2568 τὰ
2169 2516 2415 2587 πρόϐατα
2448 2517 2630 2587 ἤγετο,
2657 2517 2745 2570 διὰ
2774 2517 2883 2570 τῶν
2908 2517 3138 2571 λεόντων
3165 2517 3220 2570 αί
3254 2517 3489 2589 ἀμνάδες
3514 2518 3650 2590 ἐχώ-

2070 2623 2219 2678 ρουν,
2261 2607 2355 2660 καὶ
2388 2607 2562 2671 οὐδεὶς
2591 2609 2760 2671 αὑτὰς
2797 2603 2934 2661 εἶδεν
2968 2610 3291 2672 ἀκολάστοις
3323 2611 3644 2683 ὀφθαλμοῖς,

2068 2696 2182 2748 ἀλλ’
2205 2697 2392 2765 ὥσπερ
2418 2699 2542 2759 τοὺς
2573 2698 2866 2766 Σοδομίτας
2892 2698 3056 2767 ἐγγὺς
3088 2698 3186 2768 τῆς
3217 2698 3389 2770 θύρας
3421 2701 3647 2772 ἑστηκό-

2067 2805 2165 2852 τας
2195 2790 2294 2842 οὑκ
2317 2788 2465 2858 ἠφίει
2497 2789 2594 2860 τὴν
2622 2790 2825 2843 εἴσοδον
2850 2793 2981 2862 όρᾷν
3009 2792 3036 2842 ό
3062 2790 3215 2856 Θεὸς,
3241 2792 3382 2845 οὕτω
3407 2793 3501 2846 κα)⁴
3523 2793 3644 2846 τότε

2066 2877 2162 2941 τὰς
2202 2879 2418 2931 πάντων
2453 2879 2760 2946 ἐτύφλωσεν
2804 2880 2976 2950 ὄψεις,
3018 2879 3160 2935 ὥστε
3197 2883 3272 2953 μή
3320 2883 3646 2955 προδοθῆναι

2070 2969 2140 3021 τὰ
2178 2967 2482 3039 παρθενικά
2518 2967 2765 3039 σώματα.

2138 3069 2198 3115 ε’.
2220 3061 2546 3134 Πορεύονται
2562 3063 2737 3116 τοίνυν
2754 3063 2834 3126 είς
2850 3061 3006 3116 πόλιν
3027 3064 3288 3117 Ἔδεσσαν
3305 3062 3604 3135 λεγομένην
3627 3105 3645 3130 ,

2069 3155 2221 3209 πόλιν
2254 3155 2649 3226 ἀγροικοτέραν
2691 3154 2791 3224 μὲν
2834 3154 2942 3208 τῶν
2974 3153 3204 3216 πολλῶν,
3253 3153 3646 3226 εὐσεϐεστέραν

2067 3249 2122 3302 δέ
2142 3264 2155 3277 ⁶
2187 3247 2240 3302 τί
2267 3247 2375 3318 γὰρ
2401 3245 2616 3316 ἐκείνης
2641 3248 2738 3318 τῆς
2774 3246 2981 3310 πόλεως
3005 3247 3116 3299 ἴσον
3139 3239 3277 3300 εἶναι
3307 3246 3562 3315 ἐνόμισαν
3588 3248 3648 3298 ἐν

2067 3337 2306 3406 τοσούτῳ
2335 3338 2612 3410 κλυδωνίῳ
2643 3339 2964 3409 καταφυγὴν
2993 3340 3193 3410 εὑρεῖν,
3225 3339 3318 3393 καὶ
3338 3340 3395 3391 ἐν
3423 3338 3648 3407 τοιούτῳ

2069 3431 2298 3503 χειμῶνι
2334 3430 2530 3502 λιμένα
2560 3430 2738 3502 ἔχεινς
2764 3431 2873 3483 Καὶ
2902 3429 3117 3499 δέχεται
3151 3431 3184 3499 ὴ
3230 3430 3386 3492 πόλις
3433 3429 3531 3492 τάς
3563 3427 3649 3503 ξέ-

2069 3541 2185 3588 νας,
2213 3522 2368 3588 ξένας
2397 3523 2496 3594 μέν
2551 3522 2650 3593 τῆς
2675 3521 2801 3593 γῆς,
2853 3521 3130 3585 πολίτιδας
3158 3520 3212 3573 δὲ
3235 3520 3342 3574 τῶν
3369 3519 3612 3592 οὑρανῶν
3629 3537 3642 3551 ο

2072 3615 2163 3669 καὶ
2186 3614 2452 3686 δεξαμένη
2479 3612 2578 3685 τὴν
2598 3612 3071 3686 παρακαταθήκην
3122 3610 3440 3679 ἐφύλαττεν.
3484 3609 3647 3664 Ἀλλά

2075 3707 2262 3778 μηδεὶς
2283 3706 2389 3760 τῶν
2413 3704 2685 3775 γυναικῶν
2711 3703 2997 3758 ἀσθένειαν
3027 3703 3544 3771 καταγιγνωσκέτω,
3563 3703 3644 3755 ὃτι

2071 3799 2270 3868 ἔφυγον
2293 3815 2307 3830 ·
2335 3798 2660 3869 πρόσταγμα
2694 3795 2801 3867 γὰρ
2823 3795 3091 3866 ἐπλήρουν
3123 3793 3438 3847 δεσποτικὸν
3464 3793 3525 3846 τὸ
3552 3793 3644 3846 λέ-

2071 3905 2166 3957 γον
2187 3904 2201 3918 °
2244 3888 2422 3941 Ὅταν
2446 3887 2554 3958 γὰρ
2574 3885 2868 3940 διώκωσιν
2895 3883 3067 3953 ὑμᾶς,
3095 3883 3280 3955 φησὶν,
3305 3884 3372 3938 ἐκ
3405 3883 3516 3952 τῆς
3538 3883 3643 3936 πό-

2071 3981 2223 4042 λεως
2247 3977 2487 4043 ταύτης,
2522 3976 2771 4045 φεύγετε
2805 3977 2890 4040 είς
2922 3973 3039 4042 τὴν
3083 3973 3323 4042 ἑτέραν·
3369 3973 3503 4045 ὅπερ
3551 3973 3645 4026 καὶ

2075 4063 2235 4124 αὗται
2255 4069 2557 4122 ἀκούσασαι
2589 4066 2788 4135 ἔφυγον
2811 4064 2858 4129 δ,
2885 4065 2977 4118 καὶ
3003 4063 3140 4127 τέως
3161 4059 3241 4129 εἷς
3269 4065 3455 4127 αὑταῖς
3484 4063 3645 4118 ἐπλέ-

2077 4177 2202 4216 κετο
2239 4159 2498 4227 στέφανος
2521 4171 2536 4185 '
2565 4158 2716 4220 ποῖος
2749 4155 2812 4228 δὴ
2841 4149 3030 4222 0610;;
3077 4155 3136 4208 '0
3164 4154 3266 4226 τῆς
3297 4155 3405 4209 τῶν
3446 4155 3646 4226 παρόν.

2075 4266 2182 4302 των
2211 4248 2462 4302 ἁπάντων
2487 4246 2804 4318 ὑπεροψίας.
2833 4247 3042 4312 Ὅστις
3069 4245 3178 4317 γὰρ
3206 4244 3436 4314 ἀφῆκεν
3468 4245 3644 4315 d681-

2075 4340 2229 4410 φεὺς
2254 4339 2352 4393 καί
2382 4338 2670 4407 ἀδελφὰς,
2688 4336 2727 4405 ἢ
2751 4336 3027 4405 πατρίδα,
3043 4337 3082 4406 ἢ
3099 4337 3316 4401 οὶκίαν,
3345 4337 3382 4406 ἢ
3405 4337 3642 4406 φίλους,

2075 4432 2114 4501 ἢ
2143 4428 2476 4500 συττειέῒς,
2502 4428 3100 4482 ἑκατονταπλασίονα
3145 4426 3434 4496 λήψεται,
3491 4429 3644 4499 φησὶ,

2077 4520 2176 4574 καί
2201 4516 2354 4588 ζωὴν
2392 4516 2633 4573 αιώνιον
2667 4518 3140 4586 κληρονομήσει.
3194 4518 3304 4573 Καὶ
3352 4514 3492 4591 ἦσαν
3531 4522 3650 4573 ἐκεῖ

2077 4612 2167 4665 τὸν
2199 4608 2434 4682 Χριστὸν
2468 4609 2686 4679 ἔχουσαι
2745 4607 3008 4662 σύνοικον.
3061 4609 3126 4662 Et
3167 4610 3276 4683 γάρ
3321 4611 3454 4664 ὅπου
3481 4610 3574 4664 δύο
3611 4611 3645 4684 ἢ

2077 4704 2226 4773 τρεῖς
2255 4700 2361 4753 είσι
2407 4697 2753 4768 συνηγμένοι,
2808 4697 2866 4749 ἐν
2897 4697 3046 4767 μέσῳ
3085 4697 3266 4750 αὑτῶν
3315 4700 3484 4762 ἐστιν,
3512 4699 3646 4752 ὃπου

2078 4794 2197 4864 οὐχὶ
2229 4790 2562 4862 συνηγμέναι
2590 4786 2730 4862 ἦσαν
2763 4789 2942 4859 μόνον.
2970 4789 3109 4842 ἀλλά
3167 4789 3256 4842 καὶ
3287 4789 3377 4843 διά
3393 4791 3453 4844 τὸ
3476 4789 3648 4861 ὄνομα

2079 4883 2241 4939 αὑτοῦ
2273 4881 2592 4953 φεύγουσαι,
2619 4880 2734 4944 πῶς
2761 4879 2823 4932 οὑ
2853 4879 3051 4949 μᾶλλον
3081 4879 3245 4933 αὑτοῦ
3267 4880 3365 4953 τὴν
3395 4879 3648 4953 βοήθειαν

2079 4977 2426 5043 ἐπεσπῶντο;
2457 4976 2603 5028 Ἐκεῖ
2620 4973 2799 5026 τοίνυν
2827 4971 3218 5044 διατριϐουσῶν
3236 4974 3346 5027 τῶν
3374 4974 3648 5043 γυναικῶν

2079 5069 2338 5140 ἐξαίφνης
2354 5065 2706 5136 ἐπιτάγματα
2727 5064 2939 5136 πονηρὰ
2969 5064 3240 5135 πανταχοῦ
3268 5066 3647 5137 κατεπέμπετο

2081 5162 2280 5232 πολλῆς
2308 5159 2545 5230 γέμοντα
2572 5157 2884 5228 τυραννίδος
2933 5157 3028 5210 καὶ
3065 5158 3345 5229 ὠμότητος
3387 5157 3647 5229 βαρϐαρι-

2081 5255 2213 5326 κῆςο
2248 5255 2298 5306 οί
2330 5254 2440 5326 γάρ
2481 5254 2671 5305 οἰκεῖοι
2723 5251 2851 5314 τοὺς
2901 5250 3134 5313 οίκείους
3184 5249 3646 5319 παραδιδότωσαν,

2082 5346 2268 5420 φησὶν,
2291 5345 2480 5417 ἄνδρες
2509 5344 2609 5408 τάς
2635 5346 2914 5412 γυναῖκας.
2941 5342 3175 5412 πατέρες
3199 5341 3266 5393 τὰ
3284 5340 3468 5402 τέκνα,
3483 5340 3645 5394 τέκνα

2078 5442 2208 5504 τοὺς
2230 5439 2493 5510 πατέρας,
2521 5435 2738 5504 ἀδελφοὶ
2760 5437 2883 5498 τοὺς
2905 5433 3167 5503 ἀδελφοὺς
3183 5471 3198 5497 ,
3233 5431 3376 5500 φίλοι
3405 5431 3532 5496 τοῦς
3558 5431 3646 5502 φίο

2143 5699 2172 5740 δ
2189 5699 2337 5749 SaviI.
2365 5699 2414 5748 in
2437 5711 2573 5761 marg
2603 5699 2716 5762 ὅπερ
2737 5698 2794 5756 δὴ
2814 5695 2928 5746 αὐτὸ
2951 5695 3031 5743 καὶ
3048 5696 3313 5761 πληροῦσαι
3336 5697 3439 5745 τότε
3465 5694 3644 5756 ἔφυγον.
