4080 6196
351 321 455 376 631
527 371 546 382 λ

349 435 494 499 λους.
531 435 602 487 Σὺ
632 433 689 487 δέ
719 451 808 505 μοι
835 433 944 487 τῶν
969 435 1228 506 ῥημάτων
1265 434 1499 488 ἐνταῦθα
1543 431 1923 504 ἀναμνήσθητι

347 517 444 571 ⁴τοῦ
481 515 740 588 Χριστοῦ,
776 517 872 570 καὶ
905 516 1184 586 θαύμασον
1233 517 1400 570 αὑτοῦ
1429 517 1530 588 τὴν
1581 516 1882 588 πρόρρησιν
1909 531 1923 544 ·

349 599 522 652 ταῦτα
545 599 654 668 γὰρ
675 599 849 652 πάντα
867 598 1072 652 ἄνωθεν
1095 599 1362 668 προύλεγε
1387 615 1400 628 °
1433 600 1566 668 φησὶ
1585 600 1694 670 γάρ
1709 617 1721 628 ·
1738 597 1929 652 Ἀδελ-

349 684 465 752 φὸς
493 681 759 751 ἀδελφὸν
786 681 1144 750 παραδώσει,
1184 683 1282 736 καὶ
1317 683 1512 752 πατὴρ
1542 682 1759 736 τέκνον
1780 699 1792 714 ·
1830 679 1928 734 καί

351 765 874 832 ἐπαναστήσονται
929 763 1108 818 τέκνα
1151 765 1248 818 ἐπὶ
1289 767 1502 835 γονεῖς.
1545 766 1818 837 Προύλεγε
1870 764 1928 817 δὲ

351 850 490 904 αὐτά
522 850 642 902 τότε
673 848 760 902 διὰ
779 849 903 920 τρία
934 847 1108 902 ταῦτα
1131 862 1144 876 '
1173 849 1240 902 δι’
1279 849 1337 900 ἓν
1361 849 1460 919 μὲν
1479 889 1493 914 ,
1543 849 1630 902 ἵνα
1671 848 1929 920 μάθωμεν

351 931 516 1004 αύτρῦ
547 932 646 1002 τὴν
682 930 932 1002 δύναμιν,
964 933 1058 984 καὶ
1086 932 1168 984 ὅτι
1196 932 1402 1002 ἀληθής
1430 935 1544 985 ἐστι
1565 931 1696 994 Θεὸς
1725 932 1794 985 τὰ
1822 948 1928 1002 μη-

350 1017 497 1070 δέπω
529 1015 810 1086 συμϐάντα
861 1013 1110 1084 προορῶν
1157 1015 1460 1086 πόρρωθεν.
1509 1017 1630 1068 Ὅτι
1682 1015 1790 1086 γὰρ
1840 1015 1928 1070 διὰ

352 1099 509 1152 τοῦτο
538 1097 801 1168 προύλεγε
833 1099 902 1150 τά
933 1098 1185 1167 ἐσόμενα.
1209 1097 1439 1152 ἄκουσον
1461 1097 1624 1150 αὐτοῦ
1647 1098 1923 1166 λέγοντος³

350 1183 452 1234 Διὰ
487 1180 673 1234 ταῦτα
706 1179 850 1248 ὑμῖν
881 1175 1055 1232 εἷπον
1075 1179 1216 1247 πρὶν
1243 1179 1280 1248 ἢ
1313 1181 1609 1250 γενέσθαι,
1645 1181 1746 1233 ἵνα
1785 1179 1929 1233 ὅταν

351 1263 591 1333 γένηται
615 1263 1001 1328 πιστεύσητε.
1027 1261 1116 1314 ὅτι
1137 1259 1250 1331 ἐγώ
1275 1265 1409 1331 ειμι.
1443 1263 1703 1334 Δεύτερον
1735 1261 1811 1325 δὲ,
1841 1262 1927 1314 ἵνα

356 1347 542 1418 μηδεὶς
561 1345 669 1398 τῶν
687 1345 893 1415 ἐχθρῶν
914 1345 1069 1416 λέγῃ,
1092 1345 1174 1398 δτι
1192 1345 1509 1414 ἀγνοοῦντος
1531 1347 1693 1400 αὐτοῦ
1717 1345 1928 1416 ἢάσθε-

352 1429 568 1492 νοῦντος
591 1430 766 1482 ταῦτα
788 1429 1015 1498 γίνεται·
1037 1431 1064 1482 6
1085 1430 1192 1499 7&9
1206 1430 1410 1484 ἄνωθεν
1431 1429 1664 1499 προϊδὼν
1687 1439 1707 1461 ⁸
1729 1429 1928 1500 ἠδύνα-

345 1529 412 1564 το
439 1514 534 1564 καὶ
554 1511 794 1564 κωλῦσαι
816 1528 826 1540 ·
852 1513 952 1566 οὐκ
981 1511 1219 1564 ἐκώλυσε
1241 1512 1318 1576 δὲ,
1345 1511 1432 1564 ἵνα
1449 1511 1818 1582 λαμπρότεροι
1836 1512 1930 1580 γέ-

353 1611 554 1646 νωνται
572 1595 619 1646 οί
637 1593 915 1662 στέφανοι.
942 1594 1040 1646 Διά
1066 1593 1224 1646 τοῦτο
1247 1593 1420 1646 ταῦτα
1445 1593 1844 1665 προύλεγε,καὶ
1859 1595 1926 1648 δι’

347 1677 538 1747 ¹ἕτερον
567 1677 622 1728 δὲ
653 1677 834 1748 τρίτον
861 1679 1108 1748 προεῖπε.
1139 1675 1288 1748 [liii]
1321 1678 1477 1730 Ποῖον
1496 1677 1558 1749 δὴ
1587 1677 1776 1744 τοῦτο;
1811 1679 1930 1732 Ἵνα

347 1759 680 1832 κουφότερον
709 1761 910 1831 ποιήσῃ
941 1759 1031 1812 τὸν
1063 1759 1250 1827 ἀγῶνα
1273 1763 1386 1824 τοῖς
1415 1762 1472 1814 ἐν
1503 1760 1576 1832 τῷ
1607 1762 1891 1832 σκάμματι
1912 1783 1924 1796 ·

349 1846 418 1898 τά
449 1843 545 1914 μὲν
561 1843 670 1912 γὰρ
696 1843 1076 1914 ἀπροσδόκητα
1095 1842 1262 1906 δεινά,
1276 1846 1434 1897 ὁποῖα
1453 1844 1518 1898 ἂν
1536 1841 1590 1916 ᾗ,
1607 1847 1817 1916 χαλεπά
1835 1848 1928 1900 καὶ

351 1927 600 1996 ἀφόρητα
655 1924 922 1992 φαίνεται,
953 1929 1020 1978 τὰ
1046 1924 1102 1978 δὲ
1131 1925 1451 1980 ἐλπισθέντα
1472 1930 1563 1981 καὶ
1592 1929 1928 2000 προμελετη-

353 2010 514 2062 θέντα
548 2009 724 2077 κοῦφα
755 2009 856 2061 καὶ
912 2009 1067 2079 ῥᾴδια
1098 2009 1326 2077 γίνεται.
1385 2012 1518 2064 Τότε
1547 2013 1726 2066 τοίνυν
1754 2013 1927 2067 ταῦτα

351 2093 732 2156 ἐπιτάττοντες
757 2095 806 2146 οἱ
833 2093 1016 2164 ἐχθροὶ
1045 2095 1138 2147 καί
1159 2095 1256 2166 τὴν
1281 2095 1539 2168 ὠμότητα
1555 2098 1928 2153 ἐπεδείκνυντο

355 2178 454 2248 τὴν
473 2176 704 2242 ἑαυτῶν,
728 2177 822 2229 καὶ
850 2177 1076 2240 ἄκοντες
1101 2178 1444 2250 ἐμαρτύρουν
1472 2183 1538 2252 τῇ
1573 2182 1664 2234 τοῦ
1691 2183 1924 2254 Χριστοῦ

353 2259 663 2332 προφητείᾳ
687 2301 702 2322 ,
736 2261 830 2312 καὶ
884 2259 1101 2328 ἀδελφοὶ
1127 2257 1480 2333 παρεδίδοσαν
1513 2265 1794 2334 ἀδελφοὺς,
1832 2270 1927 2320 καὶ

351 2345 586 2415 πατέρες
613 2343 798 2408 τέκνα,
830 2345 924 2396 καὶ
953 2344 1090 2414 αὑτὴ
1133 2345 1332 2417 ἑαυτὴν
1375 2348 1630 2418 ἐπολέμει
1664 2353 1696 2419 ἡ
1743 2351 1924 2418 φύσις,

345 2429 446 2484 καὶ
475 2427 718 2496 ἐσχίζετο
744 2426 866 2478 καθ’
895 2427 1092 2496 ἑαυτῆς
1119 2431 1154 2498 ἡ
1183 2430 1493 2498 συγγένεια,
1525 2433 1617 2484 καὶ
1642 2433 1841 2495 πάντες
1864 2437 1928 2487 ἐκ

353 2512 569 2582 βάθρων
601 2509 962 2580 ἀνετρέποντο
992 2511 1042 2562 οί
1104 2511 1273 2581 νόμοι,
1317 2515 1410 2566 καὶ
1463 2515 1639 2568 πάντα
1699 2517 1926 2586 θορύϐου

349 2593 494 2657 τινὸς
524 2592 688 2662 ἔγεμε
727 2593 821 2644 καὶ
841 2593 1086 2664 ταραχῆς
1123 2593 1172 2660 δ,
1201 2596 1292 2649 καὶ
1331 2597 1579 2666 αἱμάτων
1617 2599 1715 2664 τὰς
1751 2601 1926 2666 οἰκίας

345 2677 652 2746 ἐνέπλησαν
683 2676 1020 2744 συγγενικῶν
1050 2679 1100 2730 οί
1129 2677 1380 2750 δαίμονες
1401 2681 1541 2735 τότε.
1585 2684 1644 2736 '0
1676 2685 1785 2754 7&9
1819 2703 1926 2739 πα·

355 2761 546 2832 ραδοὺς
578 2761 756 2832 πατὴρ
781 2761 872 2813 τὸν
899 2763 1012 2814 υίδν
1045 2763 1261 2825 πάντως
1290 2765 1382 2818 καὶ
1421 2764 1620 2834 ἔσφαξε
1640 2784 1654 2797 ο
1689 2767 1795 2821 κᾶν
1819 2769 1927 2840 7&9

349 2845 430 2918 μὴ
456 2844 516 2896 τὸ
551 2842 701 2912 ξίφος
725 2843 932 2914 ὡθήσῃ,
963 2844 1096 2915 μηδὲ
1125 2848 1190 2915 τῇ
1215 2846 1363 2918 δεξιᾷ
1393 2849 1492 2919 τὴν
1519 2849 1732 2921 σφαγὴν
1763 2853 1928 2923 ἔργά-

353 2945 535 2996 σηται,
569 2926 704 2979 ἀλλά
736 2929 800 2997 τῇ
823 2927 1018 2998 γνώμῃ
1037 2928 1097 2980 τὸ
1133 2929 1244 2982 πᾶν
1283 2931 1392 3000 ἀπή
1405 2948 1553 3002 ρτισε
1574 2951 1586 2964 ·
1621 2935 1716 2988 καὶ
1759 2937 1867 3008 7&9
1900 2940 1928 2991 6

347 3011 428 3081 τῷ
479 3010 756 3079 φονεύοντι
806 3011 1084 3080 παραδοὺς
1141 3011 1233 3064 τὸν
1267 3013 1586 3080 φονεύεσθαι
1645 3017 1925 3088 μέλλοντα,

355 3095 518 3157 αὐτὸς
551 3093 642 3146 τὸν
681 3094 838 3162 φόνον
870 3095 1182 3165 εἰργάσατο.
1215 3097 1535 3168 Ποιήσωμεν
1567 3096 1661 3154 οὖν
1709 3104 1924 3172 αὐτοὺς,

351 3178 508 3247 φησὶ,
537 3177 939 3242 παιδοκτόνους,
975 3180 1024 3232 of.
1069 3179 1320 3248 δαίμονες
1359 3180 1564 3249 ἔλεγον,
1611 3187 1928 3258 ποιήσωμεν

350 3261 478 3322 τοὺς
511 3260 706 3323 παῖδας
731 3261 1066 3330 πατραλοίας
1085 3262 1171 3315 διὰ
1203 3263 1304 3332 τῆς
1343 3265 1629 3334 προδοσίας
1650 3283 1662 3298 ·
1703 3270 1794 3322 καὶ
1819 3271 1927 3342 γὰρ

349 3343 570 3397 ἐθύοντο
599 3344 782 3406 αὐτοῖς
811 3345 994 3397 θυσίαι
1021 3345 1268 3398 τοιαῦται
1285 3347 1345 3400 τὸ
1369 3349 1616 3410 παλαιὸν,
1641 3353 1735 3405 καὶ
1757 3355 1927 3407 πατέ-

351 3443 445 3497 ρες
484 3426 750 3506 ἔσφαττον
801 3427 985 3480 τέκνα.
1036 3429 1144 3480 Καὶ
1174 3429 1346 3482 ταῦτα
1399 3433 1428 3483 6
1461 3435 1746 3506 προφήτης
1797 3439 1927 3493 ἐϐόα

348 3509 524 3579 λέγων
543 3526 558 3540 ·
600 3502 873 3590 Ἔθυσαν
904 3509 1044 3574 τοὺς
1070 3509 1240 3574 υἱοὺς
1261 3508 1478 3577 αὐτῶν,
1502 3516 1600 3568 καὶ
1622 3502 1728 3584 τὰς
1751 3523 1928 3590 θυγα-

347 3593 523 3661 τέρας
553 3589 750 3646 αὐτῶν
783 3591 908 3656 τοῖς
927 3591 1274 3662 δαιμονίοις,
1310 3596 1406 3648 καὶ
1433 3598 1688 3654 τοιούτων
1729 3589 1928 3674 ἐδίψων

347 3676 613 3748 αἱμάτων.

432 3757 648 3828 Ἐπειδὴ
677 3753 769 3812 οὖν
803 3756 1008 3811 ἔπαυσε
1029 3759 1126 3822 τὰς
1159 3761 1374 3827 ἐναγεῖς
1401 3761 1602 3827 ταύτας
1637 3767 1728 3822 καὶ
1753 3786 1927 3838 μυσα-

351 3840 452 3911 ρὰς
491 3840 683 3904 θυσίας
711 3843 739 3893 6
794 3841 1047 3910 Χριστὸς.
1101 3842 1508 3910 ἀνανεώσασθαι
1565 3849 1726 3901 πάλιν
1754 3845 1926 3918 αὐτὰς

346 3925 736 3994 ἐφιλονείκουν,
768 3925 902 3977 ἀλλά
951 3925 1320 3995 ἀναισχύντως
1355 3928 1452 3997 μὲν
1485 3932 1659 3984 εἰπεῖν
1693 3936 1785 3986 καί
1820 3953 1924 4005 φα-

347 4009 542 4080 νερῶς,
570 4011 652 4062 ὅτι
688 4010 925 4078 σφάξατε
957 4011 1084 4074 τοὺς
1133 4011 1280 4073 υἱοὺς
1314 4011 1487 4081 ὑμῶν,
1523 4015 1622 4067 οὐκ
1647 4019 1920 4089 ἐτόλμων·

347 4088 526 4154 οὐδεὶς
571 4092 681 4162 γάρ
725 4092 946 4162 ἔμελλεν
1003 4092 1444 4146 ὑπακούσεσθαι·
1495 4088 1840 4166 μεθοδεύουσι
1863 4103 1922 4156 δὲ

345 4177 549 4247 ἑτέρως
581 4177 642 4228 τὸ
677 4177 1006 4247 πρόσταγμα
1032 4178 1126 4230 καὶ
1151 4179 1459 4246 σοφίζονται
1488 4182 1579 4234 τὸν
1611 4184 1793 4255 νόμον,
1835 4186 1924 4242 διά

345 4261 458 4312 τῶν
493 4259 762 4312 δικαστῶν
788 4259 1142 4326 κελεύσαντες
1177 4263 1414 4336 πατέρας
1457 4267 1761 4334 προδιδόναι
1799 4273 1926 4322 παῖ-

346 4342 474 4404 δας,
496 4341 667 4426 ,οὐδὲν
699 4343 816 4426 γὰρ,
856 4345 986 4426 ἡμῖν
1013 4343 1282 4415 διαφέρει,
1314 4347 1498 4415 φησὶν,
1549 4349 1614 4402 ἄν
1635 4367 1694 4401 τε
1743 4351 1922 4426 σφάξῃ

344 4442 450 4507 τις,
477 4425 541 4478 ἄν
562 4441 621 4476 τε
651 4425 877 4496 παραδῷ
918 4427 1053 4497 πρὸς
1107 4429 1322 4498 σφαγὴν
1353 4429 1444 4482 τὸν
1498 4431 1645 4486 υἱόν·
1677 4435 1772 4486 καὶ
1813 4425 1922 4507 γάρ

344 4504 502 4570 οὗτος
529 4508 780 4572 κάκεῖνος
813 4508 1161 4573 παιδοκτόνος
1187 4511 1352 4565 ἐστίν.
1410 4512 1520 4565 Ἦν
1573 4515 1751 4568 τοίνυν
1795 4504 1922 4572 ἰδεῖν

347 4590 700 4662 πατραλοίας,
747 4593 1152 4656 παιδοκτόνους,
1207 4594 1646 4663 ἀδελφοκτόνους.
1688 4599 1920 4671 θορύϐου

345 4674 442 4726 καὶ
467 4675 710 4744 ταραχῆς
742 4675 918 4728 πάντα
946 4678 1084 4746 ἐμπε
1095 4675 1406 4745 πλησμένα·
1441 4679 1556 4732 ἀλλ’
1583 4681 1637 4732 αἱ
1665 4686 1920 4748 γυναῖκες

347 4757 588 4826 γαλήνης
615 4756 832 4825 βαθείας
856 4758 1152 4828 ἀπήλαυον.
1185 4759 1417 4829 Ἐτείχιζ
1419 4777 1444 4812 ε
1459 4761 1566 4834 γάρ
1591 4763 1758 4828 αὐτὰς
1783 4766 1919 4820 πάν-

345 4837 501 4892 τοθεν
535 4842 568 4909 ἡ
599 4839 708 4892 τῶν
743 4840 1042 4910 μελλόντων
1067 4841 1240 4904 ἐλπὶς,
1261 4844 1382 4894 ἐπεὶ
1413 4846 1504 4896 καὶ
1531 4845 1587 4898 ἐν
1615 4845 1740 4920 ξένῃ
1764 4845 1918 4904 οὖσαι

347 4924 449 4978 οὐκ
475 4919 630 5007 ἦσαν-
647 4925 703 4976 ἐν
731 4923 858 4998 ξένῃ
881 4943 892 4955 ·
921 4921 1063 4995 εἶχον
1107 4925 1214 4998 7&9
1252 4927 1509 5000 ἀληθινὴν
1549 4919 1780 5002 πατρίδα
1819 4935 1919 5007 τὴν

347 5007 551 5068 πίστιν,
581 5002 724 5076 εἶχον
752 5008 957 5061 οἰκείαν
978 5009 1130 5062 πόλιν
1155 5009 1254 5078 τὴν
1281 5010 1590 5080 ὁμολογίαν,
1625 5015 1712 5068 καὶ
1739 5002 1916 5072 ἐλπίσι

348 5089 779 5172 συντρεφόμεναι
799 5093 1060 5160 χρησταῖς
1087 5091 1298 5156 οὐδενὸς
1321 5087 1620 5164 ᾑτθάνοντό
1645 5099 1750 5151 τῶν
1781 5117 1919 5172 παρ-

346 5173 546 5226 όντωψ
577 5172 644 5225 τά
679 5171 790 5256 7&9
823 5173 1084 5244 μέλλοντα
1113 5177 1271 5246 μόνον
1309 5177 1515 5248 ἐώρων.
1542 5182 1662 5234 Τῶν
1680 5183 1744 5254 δὴ
1775 5171 1918 5256 πρα-

346 5258 574 5326 γμάτων
591 5258 648 5309 ἐν
666 5255 874 5320 τούτοις
902 5256 1393 5328 δντων,“ὲφίσταται
1407 5265 1434 5315 6
1453 5263 1634 5334 πατὴρ
1654 5267 1712 5318 ἐν
1733 5255 1916 5340 ἐκείνῃ

346 5345 416 5412 τῆ
471 5342 624 5395 πόλει
675 5340 1014 5412 στρατιώτας
1043 5343 1182 5414 ἒχων
1227 5346 1363 5418 πρὸς
1392 5347 1494 5418 τὴν
1527 5347 1790 5418 σύλληψιν
1817 5351 1917 5420 τῆς

345 5425 519 5495 θήρας
538 5442 552 5458 ·
579 5427 863 5494 ἐφίσταται
885 5428 914 5480 6
947 5428 1128 5500 πατὴρ
1159 5429 1251 5482 καὶ
1281 5430 1440 5501 ἀνὴρ,
1475 5431 1654 5503 πατὴρ
1684 5431 1784 5502 μὲν
1814 5433 1922 5487 τῶν

344 5507 682 5580 θυγατέρων,
709 5511 846 5582 ἀνὴρ
877 5512 934 5566 δὲ
987 5513 1088 5582 τῆς
1127 5513 1404 5581 γυναικὸς,
1437 5515 1490 5568 εί
1511 5532 1573 5584 γε
1626 5513 1838 5586 πατέρα
1880 5520 1912 5589 ἢ

405 5745 432 5804 ἒ
470 5743 615 5788 cinvii.
637 5745 878 5804 προειδώς.

405 5802 437 5845 ι
457 5804 629 5853 More].
654 5802 789 5854 sblus
811 5813 1017 5871 ταραχῆς
1039 5808 1166 5858 τότε.

1079 318 1135 372 S.
1175 315 1457 373 JOANNES
1487 313 1978 372 CHRYSOSTOMI
2017 313 2336 370 ARCHIEP.
2379 312 2932 370 CONSTANTINOP.

3500 319 3605 374 633

2032 431 2201 502 ἄνδρα
2237 432 2328 487 τὸν
2396 433 2459 486 τὰ
2504 431 2728 485 τοιαῦτα
2774 429 3190 500 διακονούμενον
3244 431 3348 502 χρὴ
3399 430 3598 486 καλεῖν.

2031 524 2247 579 Μᾶλλον
2295 525 2352 578 δὲ
2391 523 2704 595 φεισὼμεθα
2753 522 2918 576 αὑτοῦ
2961 523 3192 577 καθόσον
3227 517 3338 576 οἷόν
3369 541 3453 576 τε·
3515 543 3612 580 και

2033 615 2140 687 γὰρ
2171 615 2350 686 πατὴρ
2389 615 2606 684 ἐγένετο
2639 613 2956 685 μαρτύρων,
2989 612 3083 666 καὶ
3111 611 3251 684 ἀνὴρ
3295 613 3568 686 μάρτυρος
3591 631 3606 644 ·

2037 707 2112 778 μὴ
2142 707 2206 777 δὴ
2231 705 2608 778 χαλεπαίιτερον
2627 704 2792 758 αὑτοῦ
2827 706 3141 777 ποιήσωμεν
3165 705 3224 758 τὸ
3243 703 3464 778 τραῦμα
3488 708 3606 769 ταῖς

2034 801 2163 869 παρ’
2194 799 2401 852 ἑαυτῶν
2435 797 2813 870 κατηγορίαις.

2105 914 2260 980 ς’.Σὺ
2286 914 2343 967 δέ
2370 909 2460 984 μοι
2488 911 2792 983 σκόπειτὴν
2813 911 3026 964 σύνεσιν
3049 911 3157 966 τῶν
3189 911 3462 979 γυναικῶν
3517 911 3610 964 καὶ

2032 1006 2142 1078 7&9
2163 1007 2250 1060 ὅτε
2281 1009 2478 1075 φυγεῖν
2505 1005 2634 1069 ἔδει,
2681 1003 2904 1073 ἔφμγον,
2937 1005 3032 1058 καὶ
3065 1005 3154 1058 ὅτε
3187 1005 3268 1066 εἰς
3315 1003 3442 1065 τοὺς
3473 1003 3614 1070 ἀγῶ-

2033 1113 2130 1160 νας
2160 1095 2394 1166 ἐμϐῆναι
2421 1096 2610 1167 ἐχρῆν,
2639 1095 2895 1166 ἔστησαν,
2917 1096 3012 1148 καὶ
3036 1094 3363 1166 ἠκολούθουν
3389 1094 3612 1164 δεδεμέ-

2033 1202 2121 1240 ναι
2153 1186 2230 1256 τῷ
2259 1185 2352 1239 τοῦ
2375 1186 2609 1258 Χριστοῦ
2641 1185 2792 1258 πόθῳ
2815 1203 2831 1218 ·
2863 1186 3054 1258 ὥσπερ
3083 1186 3194 1258 γὰρ
3221 1185 3282 1238 ού
3309 1186 3390 1238 δεῖ
3417 1201 3614 1256 πειρα-

2036 1281 2206 1350 σμοὺς
2231 1279 2583 1345 ἐπισπᾶσθαι,
2617 1280 2811 1344 οὕτως,
2839 1282 2967 1334 ὅταν
2995 1279 3310 1344 ἐπιστῶσιν,
3343 1277 3612 1348 ἀγωνίζει

2037 1372 2159 1423 σθαι
2196 1381 2218 1408 ο
2252 1369 2399 1444 [645]
2434 1371 2561 1443 χρὴ,
2590 1370 2676 1424 ἵνα
2701 1371 2795 1424 καί
2819 1371 3026 1424 ἐκεῖθεν
3055 1370 3154 1442 τὴν
3171 1369 3490 1433 ἐπιείκειαν,
3515 1369 3612 1422 καὶ

2034 1462 2280 1516 ἐντεῦθεν
2313 1464 2410 1535 τὴν
2433 1463 2682 1536 ἀνδρείαν
2715 1461 3113 1534 ἐπιδειξὼμεθα
3133 1478 3148 1492 ·
3177 1461 3204 1516 δ
3247 1461 3312 1532 δὴ
3341 1460 3436 1513 καὶ
3465 1459 3615 1512 ἐκεί-

2033 1573 2121 1610 ναι
2147 1555 2266 1608 τότε
2297 1555 2510 1608 ἐποίουν
2532 1573 2547 1587 θ
2579 1556 2672 1609 καὶ
2717 1554 3020 1625 ἐπανῄεσαν
3043 1593 3058 1618 ,
3114 1554 3209 1606 καὶ
3257 1549 3610 1623 ἠγωνίζοντο.

2033 1647 2146 1701 Καὶ
2175 1648 2284 1718 γάρ
2333 1647 2562 1717 ὴνεῴγει
2600 1647 2661 1700 τὸ
2713 1647 2947 1713 στάδιον,
3001 1648 3094 1698 καὶ
3125 1648 3152 1698 6
3191 1645 3378 1716 καιρὸς
3425 1643 3612 1697 ἐκάλει

2034 1737 2172 1809 πρὸς
2216 1737 2284 1790 τά
2329 1737 2684 1808 παλαίσματα
2715 1755 2726 1767 ι
2777 1738 2806 1790 6
2841 1736 2897 1789 δὲ
2959 1735 3066 1788 τῶν
3127 1735 3352 1804 ἀγώνων
3409 1735 3612 1806 τρόπος

2034 1829 2242 1882 τοιόσδε
2277 1829 2494 1898 ἐγένετο
2505 1867 2520 1882 .

2103 1919 2306 1976 Ἦλθον
2327 1924 2406 1986 είς
2436 1922 2591 1976 πόλιν
2633 1920 2934 1992 ’ῐεράπολιν
2955 1919 3315 1990 καλουμένην,
3358 1917 3611 1972 κάκεῖθεν

2034 2015 2251 2087 ἀληθῶς
2285 2017 2364 2078 εἰς
2382 2015 2479 2086 τὴν
2513 2013 2663 2085 ίερὰν
2699 2013 2852 2066 πόλιν
2881 2011 3184 2082 ἀνέδραμον
3222 2010 3310 2065 διά
3354 2008 3614 2079 τοιαύτης

2039 2109 2310 2180 μηχανῆς.
2341 2107 2590 2177 Ποταμὸς
2621 2106 2888 2177 παρέρρει
2917 2104 3016 2174 τὴν
3050 2103 3170 2157 ὁδὸν-
3211 2103 3448 2172 ἐκείνην,
3485 2102 3610 2156 καθ’

2033 2202 2102 2271 ἢν
2132 2199 2456 2270 ἐπανῄεσαν,
2477 2198 2572 2251 καὶ
2593 2197 2848 2251 λαθοῦσαι
2870 2197 2996 2260 τοὺς
3021 2195 3360 2268 στρατιώτας
3387 2196 3612 2266 ἀριστο-

2035 2291 2392 2362 ποιουμένους
2425 2291 2518 2344 καὶ
2551 2289 2847 2362 μεθύοντας
2867 2306 2881 2318 ·
2915 2289 3060 2352 τινὲς
3085 2287 3142 2340 δέ
3172 2303 3336 2358 φασιν
3357 2328 3371 2352 ,
3401 2287 3484 2340 ὃτι
3516 2287 3614 2340 καὶ

2033 2387 2123 2440 τὶν
2154 2385 2364 2458 πατέρα
2389 2383 2651 2438 λαϐοῦσαι
2677 2383 2936 2454 συνεργὸν
2955 2383 3089 2454 πρὸς
3111 2382 3170 2434 τὸ
3194 2381 3320 2441 τοὺς
3353 2377 3614 2450 στρατιώ-

2035 2495 2132 2541 τας
2191 2479 2491 2548 ἀπατῆσαι,
2526 2476 2621 2530 καὶ
2659 2473 2947 2544 πείθομαι·
3003 2473 3143 2542 τάχα
3170 2471 3278 2542 7&9
3315 2470 3403 2524 διὰ
3451 2468 3614 2524 τοῦτο

2034 2573 2205 2626 ταῦτα
2241 2571 2497 2640 ἔπραξεν,
2527 2572 2612 2624 ἵνα
2633 2568 2752 2622 τινὰ
2773 2567 3068 2634 ἀπολογίαν
3098 2565 3302 2638 μικρὰν
3341 2563 3471 2632 γοῦν
3520 2561 3616 2615 διὰ

2033 2665 2132 2734 τῆς
2163 2663 2450 2736 προδοσίας
2508 2661 2708 2732 ταύτης
2739 2657 2942 2730 δυνηθῇ
2989 2655 3395 2729 προαποθὲσθαι
3430 2653 3615 2724 ἐαυτῷ

2035 2761 2113 2821 είς
2146 2759 2242 2828 τὴν
2269 2757 2482 2828 ἡμέραν
2507 2757 2604 2826 τῆς
2635 2753 2889 2825 κρίσεως,
2915 2752 2980 2805 τὸ
3001 2751 3336 2823 συμπρᾶξαι,
3353 2749 3449 2804 καὶ¹
3483 2749 3615 2820 βοη-

2035 2849 2216 2920 θῆσαι,
2245 2849 2340 2902 καὶ
2355 2847 2717 2917 εὐκολώτερον
2739 2845 2964 2914 ποιῆσαι
2993 2844 3084 2898 τὸν
3107 2845 3199 2896 ἐπὶ
3224 2845 3287 2896 τὸ
3311 2841 3616 2914 μαρτύριον

2033 2941 2252 3014 δρόμονο
2285 2939 2542 2994 λαϐοῦσαι
2565 2937 2742 2991 τοίνυν
2767 2936 2928 2990 αὐτὸν
2954 2936 3234 3008 συνεργὸν,
3260 2935 3352 2988 καὶ
3376 2933 3442 2986 δι’
3466 2933 3618 2988 ἐκεί-

2035 3053 2125 3089 νου
2178 3034 2485 3106 δυνηθεῖσαι
2533 3029 3022 3104 παρακρούσασθαι
3073 3030 3201 3091 τοὺς
3251 3026 3614 3098 στρατιώτας,

2034 3127 2283 3200 εἰσῆλθον
2315 3129 2392 3190 είς
2421 3126 2511 3179 τὸν
2541 3125 2781 3195 ποταμὸν
2815 3124 2998 3196 μέσον.
3039 3124 3136 3176 καὶ
3164 3122 3385 3192 ἀφῆκαν
3411 3121 3614 3183 ἑαυτὰς

2034 3221 2175 3274 κατά
2207 3220 2315 3272 τῶν
2357 3219 2644 3290 ῥευμάτων
2684 3217 2925 3270 ἐκείνων.
2959 3215 3190 3288 Εἰσῆλθε
3229 3215 3413 3286 μήτηρ
3471 3213 3613 3283 μετά

2033 3313 2126 3365 δύο
2145 3312 2497 3383 θυγατέρων·
2530 3309 2876 3364 άκουέτωσαν
2901 3309 2994 3360 καὶ
3019 3307 3254 3378 μητέρες
3282 3307 3378 3360 καὶ
3407 3304 3614 3378 παρθέ-

2033 3420 2135 3466 νοι,
2173 3403 2268 3456 καὶ
2293 3403 2350 3454 αἱ
2377 3401 2476 3472 μὲν
2525 3399 2667 3454 οὕτω
2716 3398 3091 3453 πειθέσθωσαν
3129 3397 3426 3469 μητράσιν,
3459 3397 3516 3449 αί
3555 3395 3614 3450 δὲ

2032 3497 2172 3550 οὕτω
2207 3495 2604 3550 παιδευέτωσαν
2651 3493 2976 3562 θυγατέρας,
3016 3490 3159 3544 οὕτω
3190 3490 3516 3560 φιλείτωσαν
3541 3489 3614 3544 τὰ

2034 3589 2222 3644 παιδία
2248 3607 2261 3619 ·
2295 3586 2510 3658 εἰσῆλθε
2561 3586 2739 3639 τοίνυν
2795 3584 2935 3655 μέση
2964 3585 2998 3654 ἠ
3035 3579 3613 3653 μήτηρ,ὲκατέρωθεν

2033 3681 2338 3750 κατέχουσα
2360 3679 2457 3742 τὰς
2488 3677 2812 3748 θυγατέρας,
2837 3679 2872 3747 ἡ
2903 3677 2994 3728 τὸν
3015 3675 3182 3747 ἄνδρα
3211 3675 3411 3746 ἐχουσα
3442 3674 3614 3744 μέσον

2030 3772 2140 3825 τῶν
2166 3772 2574 3842 ἀπειρογάμων,
2605 3772 2702 3824 καὶ
2719 3767 2786 3841 ἦν
2807 3771 2909 3840 τῆς
2938 3769 3236 3840 παρθενίας
3269 3770 3432 3839 μέσος
3457 3771 3486 3820 6
3507 3769 3612 3837 γάι-

2035 3883 2152 3936 μος,
2187 3867 2280 3919 καὶ
2313 3867 2474 3930 μέσος
2507 3865 2686 3917 αὐτῶν
2718 3865 2746 3915 6
2781 3864 3032 3934 Χριστός.
3058 3862 3328 3933 Καθάπερ
3354 3859 3447 3916 οὖν
3481 3863 3610 3932 ῥίζα

2030 3959 2244 4030 δένδρου
2279 3959 2373 4012 δύο
2402 3958 2664 4029 βλαστοὺς
2701 3957 2899 4028 ἔχουσα
2955 3955 3298 4026 ἑκατέρωθεν
3345 3955 3608 4018 ἑστῶτας,

2029 4050 2173 4104 οὕτω
2206 4053 2299 4104 καὶ
2333 4053 2364 4122 ἠ
2403 4050 2648 4122 μακαρία
2665 4049 2787 4102 τότε
2829 4050 3010 4120 ἐκείνη
3037 4048 3379 4118 ἑκατέρωθεν
3433 4049 3610 4118 αὐτῆς

2029 4145 2226 4216 ἔχουσα
2257 4148 2354 4208 τὰς
2386 4144 2684 4216 παρθένους
2709 4143 2903 4214 εἰσῄει,
2932 4143 3028 4195 καὶ
3075 4141 3218 4196 κατά
3251 4141 3360 4194 τῶν
3395 4142 3608 4194 ὑδάτων

2029 4241 2197 4303 αὑτὰς
2225 4241 2397 4309 ἠφίει,
2433 4239 2529 4297 καὶ
2555 4235 2927 4306 ἀπεπνίγοντο
2973 4235 3142 4288 οῦτω·
3181 4225 3464 4304 μᾶλλονδέ
3503 4234 3606 4287 οὐκ

2028 4333 2410 4400 ἀπεπνίγοντο,
2433 4331 2546 4384 ἀλλ’
2578 4328 2936 4394 ἐϐαπτίζοντο
2963 4328 3244 4398 βάπτισμα
3290 4327 3478 4380 καινὸν
3508 4326 3606 4380 καί

2028 4421 2350 4490 παράδοξον.
2402 4420 2512 4473 Καὶ
2539 4421 2587 4472 εί
2615 4418 2794 4488 βούλει
2835 4418 3026 4489 μαθεῖν
3047 4455 3061 4482 ,
3094 4419 3176 4472 ὃτι
3214 4416 3499 4487 βάπτισμα
3533 4413 3604 4488 ἦν

2030 4514 2196 4582 σαφὲς
2225 4513 2286 4566 τὸ
2314 4512 2436 4566 τότε
2465 4511 2774 4581 γενόμενον.
2803 4512 3036 4565 ἄκουσον
3063 4511 3180 4573 πῶς
3201 4513 3230 4564 ό
3259 4511 3492 4581 Χριστὸς
3511 4511 3606 4563 τὸν

2027 4605 2254 4659 θάνατον
2283 4604 2376 4658 τὸν
2407 4603 2598 4658 ἑαυτοῦ
2647 4605 2928 4674 βάπτισμα
2966 4603 3141 4657 καλεῖ.
3195 4602 3318 4666 Τοῖς
3369 4602 3480 4674 γὰρ
3507 4602 3606 4656 τοῦ

2026 4699 2310 4753 Ζεϐεδαίου
2330 4699 2486 4752 παισὶ
2510 4699 2912 4769 διαλεγόμενος.
2937 4697 3010 4750 Td
3033 4697 3150 4767 μὲν
3175 4697 3463 4764 ποτήριόν
3483 4713 3604 4766 μου

2025 4791 2253 4848 πίεσθε.
2275 4793 2428 4862 φησὶ,
2458 4791 2554 4846 καὶ
2581 4791 2647 4843 τι)
2664 4789 2999 4859 βάπτισμα,
3031 4789 3062 4842 ὃ
3085 4790 3200 4858 ἐγὼ
3221 4787 3604 4856 βαπτίζομαι,

2017 4883 2538 4952 βαπτισθήσεσθε.
2574 4885 2734 4936 Ποῖον
2787 4881 2842 4935 δὲ
2899 4881 3182 4952 βάπτισμα
3231 4881 3535 4952 ἐϐαπτίσθη
3573 4885 3604 4936 6

2024 4976 2258 5048 Χριστὸς
2293 4977 2428 5048 μετά
2457 4976 2518 5032 τὸ
2561 4977 2807 5030 Ἰωάννου
2831 4975 3134 5046 βάπτισμα,
3169 4975 3286 5028 ἀλλ’
3313 4976 3347 5046 ἢ
3379 4975 3470 5028 τὸν
3499 4975 3599 5029 θά-

2023 5085 2181 5124 νατον
2225 5069 2320 5122 καὶ
2351 5067 2443 5120 τὸν
2475 5066 2742 5137 σταυρόνς
2780 5066 2994 5138 Ὥσπερ
3033 5061 3126 5118 οὖν
3179 5065 3432 5128 Ἰάκωϐος
3479 5065 3604 5135 οὐχὶ

2025 5159 2382 5230 σταυρωθεὶς,
2415 5157 2556 5210 ἀλλὰ
2591 5157 2835 5229 μαχαίρᾳ⁵
2862 5157 2962 5227 τὴν
2994 5155 3234 5226 κεφαλὴν
3263 5156 3606 5226 ἀποθέμενος

2021 5251 2094 5317 τὸ,
2105 5248 2388 5320 βάπτισμα
2407 5247 2713 5318 ἐϐαπτίσθη
2739 5247 2830 5300 τοῦ
2853 5247 3113 5318 Χριστοῦ,
3141 5246 3284 5299 οὕτω
3303 5247 3400 5300 καὶ
3413 5241 3599 5312 αὗται,

2023 5345 2072 5394 εί
2099 5343 2192 5396 καὶ
2227 5343 2302 5413 μὴ
2333 5339 2774 5412 ἐσταυρώθησαν,
2805 5340 2942 5394 ἀλλά
2969 5339 3047 5392 δι’⁴
3075 5340 3268 5402 ὕδατος
3295 5339 3606 5393 τελειωθεῖ-

2025 5449 2113 5486 σαι
2137 5433 2196 5486 τὸ
2227 5435 2508 5505 βάπτισμα
2531 5432 2942 5503 ἐϐαπτίσθησαν
2959 5431 3052 5487 τοῦ
3071 5429 3314 5503 Χριστοῦ
3331 5445 3344 5459 ·
3370 5429 3604 5483 ἐϐάπτι-

2025 5544 2084 5580 σε
2116 5527 2174 5580 δὲ
2220 5527 2388 5591 αὑτάς
2434 5530 2468 5600 ἡ
2530 5529 2732 5600 μήτηρ.
2763 5527 2828 5603 Τί
2883 5527 3099 5594 λέγειςς
3135 5525 3272 5598 γυνὴ
3310 5523 3598 5596 βαπτίζεις

2077 5757 2108 5826 ,θ
2131 5752 2278 5826 Savil_.
2307 5762 2358 5806 et
2387 5757 2506 5822 Reg.
2537 5759 2646 5808 ὅταν
2669 5760 2836 5824 ἐπιστῇ
2854 5761 2884 5818 ἡ
2907 5759 3064 5824 πεῖρα.
3091 5759 3236 5820 ἄγων.
3265 5761 3484 5822 Utraque
3505 5755 3587 5805 ΙΘ-

2022 5818 2122 5866 ctio
2141 5818 2361 5878 quadrat.
