4080 6196
326 321 429 377 (-37

324 436 405 489 'i‘u
463 446 591 487 vero
623 430 749 486 mihi
779 431 880 486 hoc
906 429 1023 484 loco
1052 427 1335 483 verborum
1360 424 1557 482 Christi
1599 423 1912 489 recordare,

325 529 545 595 ejusque
576 524 977 595 pra-dictionem
993 520 1259 579 admirare
1285 538 1296 572 :
1318 519 1576 591 siquidem
1600 527 1788 573 cuncta
1817 517 1916 572 ista

325 617 592 687 quondam
646 614 983 685 prardixerat.
1042 611 1226 666 Trach
1272 612 1404 666 enim
1434 653 1448 677 ,
1504 610 1711 680 inquit,
1758 613 1916 681 frater

325 716 537 780 fratrem
567 753 582 776 ,
614 721 657 763 cl
716 720 859 778 pater
888 709 1050 776 ﬁlium
1071 750 1084 770 ,
1130 717 1173 761 et
1201 707 1459 776 insurgent
1488 707 1581 774 ﬁlii
1606 706 1657 758 in
1686 714 1916 773 parentes

323 805 341 871 (
368 802 553 856 Matth.
587 802 672 855 10.
700 798 813 862 21).
840 800 972 854 Tum
996 814 1124 852 vero
1152 798 1239 853 illa
1268 807 1483 867 propter
1511 797 1623 851 hrec
1653 797 1750 850 tria
1776 811 1913 865 pra:—

322 894 535 948 dieebat
575 908 587 945 :
624 892 855 961 primum
888 890 1144 959 quidem,
1191 899 1248 943 ut
1298 889 1413 957 ejus
1443 890 1688 942 virtutem
1724 902 1914 942 nosca-

322 1002 459 1047 mus,
492 1000 719 1053 eumque
743 1000 923 1037 verum
955 998 1073 1037 esse
1106 984 1293 1048 Deum,
1321 983 1407 1051 qui
1438 997 1497 1035 ea
1530 998 1645 1051 qu;e
1678 980 1911 1034 nondum

321 1078 663 1147 contigerint,
694 1076 859 1129 multo
889 1085 1011 1129 ante
1042 1074 1346 1144 prarvideat.
1381 1073 1447 1128 Ut
1476 1074 1617 1127 eiiim
1652 1072 1912 1141 intelligas

328 1184 450 1223 eum
482 1177 760 1237 propterea
793 1182 877 1221 res
922 1168 1123 1220 futuras
1156 1166 1467 1235 praedixisse
1490 1206 1505 1229 ,
1536 1165 1704 1233 ipsum
1733 1165 1914 1218 dicen-

324 1272 428 1316 tem
456 1261 577 1314 audi
610 1279 621 1313 :
660 1259 938 1329 Propterea
982 1261 1088 1314 haec
1119 1260 1225 1313 dixi
1262 1260 1396 1313 vobis
1434 1261 1573 1328 prius
1598 1259 1908 1329 quum/iant,

323 1365 374 1406 ut
398 1370 511 1406 cum
540 1357 677 1424 facta
699 1354 905 1424 fuerint.
940 1353 1175 1417 credulis,
1213 1353 1332 1423 quia
1362 1368 1451 1422 ego
1482 1368 1594 1405 sum
1620 1349 1799 1421 (Joau.
1823 1350 1909 1404 M.

321 1447 388 1501 29
412 1449 453 1515 ).
485 1447 686 1502 Deinde
717 1462 844 1501 vero
877 1462 941 1499 ne
969 1447 1090 1515 quis
1123 1445 1546 1505 adversariorum
1581 1443 1695 1497 hirc
1724 1457 1789 1497 eo
1816 1457 1909 1497 ne-

322 1539 547 1601 sciente,
580 1538 665 1591 vel
695 1538 764 1593 ob
794 1538 1209 1593 imbecillitatem
1241 1537 1447 1591 sinente
1471 1536 1581 1590 ﬁeri
1608 1535 1785 1600 dicat;
1818 1535 1907 1605 qui

320 1630 458 1682 enim
489 1630 659 1683 multo
689 1639 810 1683 ante
857 1628 1099 1698 praevidit
1124 1669 1139 1693 ,
1189 1628 1362 1697 potuit
1389 1627 1547 1681 etiam
1598 1626 1856 1694 impedire
1890 1643 1905 1680 :

321 1739 421 1773 non
452 1720 726 1789 impedivit
761 1733 938 1775 au'em
969 1761 983 1784 ,
1014 1729 1070 1773 ut
1101 1718 1291 1774 ﬁerent
1319 1718 1635 1788 insigniores
1666 1732 1904 1772 coronte.

320 1814 427 1867 llac
465 1814 534 1866 de
556 1828 716 1867 causa
749 1813 991 1881 przedixit
1040 1811 1198 1877 haec;
1245 1811 1338 1866 sed
1379 1811 1447 1865 ob
1498 1810 1654 1865 aliain
1696 1825 1915 1880 quoque

322 1905 529 1958 tertiam
576 1905 965 1973 prmnuntiavit.
996 1903 1251 1970 Quanam
1281 1905 1491 1957 tandem
1525 1901 1652 1956 illa?
1684 1901 1748 1957 Ut
1776 1901 1907 1955 faci-

320 1996 419 2049 lius
456 2004 730 2048 certamen
772 1995 835 2048 iis
870 1993 1138 2062 redderet,
1164 1994 1252 2063 qui
1282 1994 1333 2047 in
1365 1992 1535 2046 stadio
1578 2003 1858 2047 versantur
1890 2010 1904 2046 :

320 2100 437 2138 nam
462 2102 581 2153 qua:
634 2086 996 2155 inexSpectala
1046 2094 1171 2140 sunt
1209 2086 1345 2138 mala
1376 2126 1391 2150 ,
1422 2100 1770 2153 quaecumque
1819 2084 1904 2138 illa

322 2178 534 2232 tandem
586 2178 695 2235 sint
745 2181 925 2250 gravia
963 2189 1015 2233 et
1066 2178 1396 2233 intoleranda
1452 2177 1736 2241 videntur;
1788 2192 1907 2247 qua:

324 2280 447 2323 vero
480 2273 871 2340 prarstolamnr,
901 2280 954 2325 et
984 2271 1049 2325 ad
1089 2286 1207 2340 qua:
1235 2286 1332 2324 nos
1357 2270 1663 2338 excipienda
1686 2285 1905 2337 compa-

320 2380 543 2429 ramus,
576 2364 712 2417 lcvia
756 2362 1036 2431 faciliaque
1080 2361 1392 2416 redduntur.
1437 2360 1538 2426 Qui
1584 2369 1691 2414 tum
1732 2362 1906 2431 itaque

320 2462 439 2514 talia
478 2455 801 2510 mandabant
830 2453 1140 2518 adversarii,
1184 2469 1302 2507 cum
1344 2468 1493 2506 suam
1540 2450 1905 2506 crudelitatem

318 2547 704 2607 declarabant,
748 2554 858 2598 tum
902 2543 1195 2614 prolihetia:
1237 2543 1433 2597 Christi
1476 2544 1773 2597 nescientes
1823 2550 1903 2597 te-

318 2644 623 2699 stimonium
649 2637 914 2699 dicebant,
940 2648 992 2691 et
1015 2636 1204 2691 fratres
1221 2635 1607 2689 tradebantura
1630 2633 1901 2699 fratribus,

318 2747 370 2791 et
398 2753 426 2791 a
451 2738 688 2806 patribus
728 2730 819 2784 ﬁlii
848 2771 862 2795 ,
890 2731 1097 2799 sibique
1135 2730 1231 2798 ipsi
1259 2739 1443 2781 natura
1476 2728 1671 2782 bellum
1705 2726 1904 2781 infere-

318 2830 406 2886 bat
442 2848 455 2883 :
489 2831 544 2883 in
572 2831 803 2898 seipsam
846 2823 1091 2891 cognatio
1124 2820 1485 2885 scindebatur,
1529 2833 1716 2872 omnes
1761 2818 1905 2887 leges

318 2921 551 2975 funditus
573 2918 972 2976 evertebantur,
994 2914 1170 2966 omnia
1202 2910 1428 2965 tumultu
1450 2909 1678 2979 quodam
1707 2916 1761 2963 et
1784 2922 1905 2976 per-

318 3015 616 3069 turbatione
644 3011 1003 3079 replcbantur,
1036 3016 1089 3059 et
1123 3020 1151 3058 a
1183 3003 1513 3059 daemonibus
1555 3001 1745 3056 domus
1792 3010 1902 3054 tum

319 3118 546 3179 cognato
574 3105 831 3174 sanguine
856 3099 1279 3170 complebantur.
1308 3095 1439 3151 Nam
1467 3096 1554 3165 qui
1599 3094 1761 3147 ﬁlium
1791 3102 1900 3147 tra-

317 3202 446 3256 didit
472 3211 641 3270 pater,
668 3197 885 3251 omnino
918 3193 1081 3249 etiam
1126 3189 1385 3260 jugulavit
1414 3206 1426 3241 :
1460 3188 1580 3241 licet
1625 3186 1764 3239 enim
1802 3199 1901 3239 en-

316 3308 427 3346 sem
451 3307 556 3345 non
586 3288 889 3359 impulerit,
932 3297 1105 3355 neque
1145 3282 1362 3336 dextera
1393 3278 1592 3334 caedem
1643 3276 1861 3347 patrarit
1885 3316 1901 3339 ,

318 3394 495 3437 tamen
518 3380 679 3433 animi
703 3377 958 3433 sententia
988 3390 1101 3430 rem
1131 3387 1341 3426 omnem
1372 3370 1573 3440 peregit
1599 3387 1611 3423 :
1645 3383 1765 3421 nam
1812 3367 1899 3437 qui

315 3473 616 3545 percussori
662 3472 932 3526 hominem
964 3465 1262 3523 necandum
1294 3463 1525 3526 tradidit,
1558 3460 1902 3518 homicidium

318 3565 431 3633 ipse
461 3562 748 3617 commisit.
792 3560 1099 3615 Efﬁciamus
1135 3556 1311 3627 igitur,
1338 3565 1395 3610 ut
1422 3554 1616 3609 liberos
1658 3568 1784 3607 suos
1814 3567 1905 3607 oe-

322 3656 525 3716 cidant,
559 3654 771 3707 aiebant
800 3651 1110 3713 dmmones;
1156 3646 1440 3702 reddamus
1481 3647 1615 3699 ﬁlios
1646 3660 1741 3714 per
1782 3660 1905 3714 pro-

319 3746 574 3800 ditionem
620 3743 950 3813 parricidas:
1000 3743 1133 3795 tales
1173 3740 1314 3794 enim
1358 3738 1484 3793 olim
1528 3738 1629 3791 illis
1675 3736 1903 3790 victimae

321 3836 754 3901 immolabantur,
783 3848 837 3889 et
870 3844 1045 3903 patres
1068 3833 1207 3886 ﬁlios
1239 3830 1560 3884 mactabant.
1594 3831 1765 3897 Atque
1787 3827 1902 3883 lucc

322 3928 579 3997 propheta
632 3925 889 3980 clamabat
926 3924 1111 3978 dicens
1135 3965 1151 3987 ,
1181 3921 1575 3975 (inmolaverunt
1597 3920 1732 3987 filios
1760 3935 1901 3985 suos,

321 4030 364 4073 et
392 4021 529 4088 lilia:
558 4036 675 4072 suas
706 4017 966 4071 daemoniis
1000 4015 1169 4085 (Psal.
1214 4014 1333 4069 l05.
1364 4013 1428 4067 57
1461 4010 1481 4083 )
1517 4028 1529 4063 :
1563 4020 1615 4065 ct
1641 4010 1901 4081 ejusmodi

321 4110 629 4179 sanguinem
655 4108 919 4161 sitiebant.

394 4203 826 4272 Edirlojubenmr
846 4198 1225 4271 parentes/ilics
1241 4193 1756 4266 deferre—Quando
1776 4206 1903 4260 ergo

322 4293 670 4347 ex<ecralulia
715 4292 809 4345 ista
851 4301 904 4344 et
951 4288 1301 4343 abominanda
1352 4287 1607 4340 sacriﬁcia
1660 4284 1904 4338 Christus
1970 4356 1975 4361 _

324 4383 620 4437 inltibnerut
645 4424 658 4447 ,
693 4396 949 4433 renovare
999 4393 1179 4432 rursus
1219 4377 1304 4431 illa
1337 4374 1767 4440 contendebant;
1808 4389 1899 4427 vc—

324 4492 438 4529 rum
492 4474 825 4541 impudenter
873 4471 1085 4540 quidem
1143 4477 1198 4525 et
1244 4479 1427 4538 aperte
1470 4468 1649 4523 dicere
1677 4508 1692 4531 ,
1742 4467 1905 4521 Filius

322 4576 529 4619 vestros
560 4572 806 4627 machte,
837 4578 941 4616 non
965 4562 1267 4617 audebant:
1297 4561 1470 4615 nullus
1492 4562 1631 4615 enim
1658 4560 1760 4613 illis
1792 4576 1904 4612 mo-

323 4671 435 4709 rem
466 4656 715 4726 geSsisset
745 4672 757 4706 :
784 4653 877 4707 sed
899 4652 999 4706 alia
1033 4654 1237 4707 ratione
1273 4652 1504 4708 edictum
1544 4652 1862 4706 concinnant
1884 4692 1898 4713 ,

322 4762 385 4801 ac
416 4747 582 4815 legem
618 4745 1089 4799 comminiscuntur
1118 4762 1133 4796 :
1164 4760 1257 4813 per
1280 4743 1489 4813 judices
1527 4744 1818 4812 imperant,
1849 4751 1905 4795 ut

327 4849 575 4906 parentes
607 4839 739 4893 ﬁlios
796 4840 1024 4910 prodant
1075 4857 1088 4894 :
1121 4838 1250 4892 nihil
1281 4838 1422 4892 enim
1475 4848 1656 4891 nostra
1686 4838 1907 4890 interest

322 4932 433 4983 sive
480 4939 675 4983 mactet
718 4931 875 5000 quis,
926 4931 1036 4984 sive
1082 4928 1419 4984 mactandum
1478 4926 1641 4981 ﬁlium
1688 4926 1903 4979 tradat:

325 5038 445 5073 nam
476 5030 531 5076 et
558 5021 641 5075 hic
670 5031 724 5075 et
769 5022 859 5078 ille
908 5022 1196 5081 liberorum
1227 5031 1309 5077 est
1353 5020 1681 5077 interfector.
1714 5020 1906 5075 Videre

324 5116 483 5181 igitur
508 5124 625 5168 erat
664 5114 954 5183 parricidas
982 5157 996 5179 ,
1041 5115 1325 5169 liberorum
1355 5113 1723 5168 interfectores
1746 5154 1761 5177 ,
1795 5110 1905 5165 fra-

324 5204 577 5269 tricidas;
626 5206 881 5262 tumultus
935 5222 999 5261 ac
1052 5206 1469 5277 perturbationis
1521 5206 1699 5259 omnia
1751 5203 1904 5273 plena

324 5305 475 5349 erant
507 5312 520 5347 :
554 5306 607 5350 at
634 5297 885 5352 mulieres
910 5297 1019 5351 alta
1059 5296 1437 5367 tranquillitate
1462 5294 1809 5351 fruebantur:
1838 5294 1909 5346 si-

325 5385 537 5451 quidem
569 5386 800 5465 undique
826 5388 944 5442 illas
972 5403 1095 5458 spes
1122 5388 1417 5442 futurorum
1450 5386 1740 5451 muniebat,
1773 5399 1907 5455 quo-

328 5476 466 5529 niam
513 5485 566 5530 et
594 5492 816 5547 peregre
842 5494 964 5550 eum
1009 5477 1306 5549 degerent',
1359 5492 1582 5549 peregre
1618 5491 1721 5529 non
1751 5475 1909 5544 dege-

328 5564 453 5621 bant
486 5584 499 5620 :
537 5584 716 5623 veram
745 5571 887 5624 enim
919 5575 1142 5640 patriam
1184 5571 1341 5625 ﬁdem
1385 5570 1649 5625 habebant
1676 5608 1692 5635 ,
1724 5568 1909 5625 civita-

328 5666 430 5709 tem
458 5659 724 5727 propriam
766 5660 1034 5718 habebant
1063 5663 1471 5726 confessionem,
1498 5670 1685 5716 etcum
1714 5661 1908 5729 optima

324 5762 417 5815 spe
443 5753 731 5817 alerentur,
753 5753 914 5807 nullis
944 5754 1099 5809 rebus
1124 5754 1471 5823 praesentibus
1496 5752 1860 5808 efﬁciebantur
1894 5770 1907 5805 :

1437 311 1522 365 DE
1562 310 1656 367 SS.
1703 304 1995 363 BERNICE
2036 304 2126 361 ΕΤ
2165 304 2533 363 PROSDOCE.

3512 308 3616 364 638

2028 419 2209 475 futura
2241 435 2470 491 namque
2497 419 2667 476 solum
2696 421 3026 491 spectabant.
3058 420 3168 476 lloc
3207 421 3363 492 igitur
3395 422 3447 477 in
3474 434 3612 481 statu

2023 528 2143 567 cum
2166 529 2251 568 res
2272 525 2473 578 essent,
2522 515 2573 568 in
2618 514 2757 569 illam
2788 514 2973 570 urbem
3001 514 3215 571 advenit
3258 525 3409 588 pater
3437 518 3613 571 militi-

2022 606 2123 661 bus
2158 606 2222 660 ad
2254 607 2565 677 capiendam
2609 608 2841 677 praedam
2881 609 3106 678 Stipatus
3137 628 3150 665 :
3182 607 3396 664 advenit
3422 621 3569 680 pater
3597 650 3614 675 ,

2023 704 2074 749 et
2104 696 2356 761 maritus;
2388 696 2613 751 ﬁliarum
2646 698 2858 767 quidem
2886 709 3057 768 pater,
3090 701 3269 754 uxoris
3299 712 3474 753 autem
3500 716 3616 753 ma-

2022 785 2196 840 ritus:
2226 787 2490 855 siquidem
2525 798 2727 857 patrem
2763 798 2852 843 aut
2886 790 3135 843 maritum
3176 807 3297 845 eum
3354 792 3611 860 appellari

2021 879 2384 947 oportet,qui
2437 879 2694 947 ejusmodi
2735 880 2784 933 in
2836 880 2994 934 rebus
3041 882 3394 937 ministerium
3451 898 3604 937 suum

2022 966 2372 1036 impenderet.
2426 972 2493 1023 At
2538 970 2679 1025 enim
2713 986 2991 1040 pareamus
3020 973 3089 1026 illi
3123 1015 3136 1036 ,
3182 983 3439 1042 quantum
3498 976 3609 1029 ﬁeri

2020 1068 2214 1127 potest,
2251 1060 2679 1129 quandoquidem
2736 1071 2885 1131 pater
2929 1074 3254 1134 martyrum,
3288 1077 3341 1118 et
3385 1068 3608 1118 maritus

2020 1152 2271 1220 martyris
2316 1152 2412 1205 fuit
2446 1169 2458 1214 ;
2494 1170 2666 1221 neque
2696 1154 2934 1207 dolorem
2966 1156 3199 1210 vulneris
3232 1157 3347 1225 ejus
3372 1159 3612 1212 crimini-

2018 1240 2118 1295 bus
2157 1244 2350 1297 uostris
2376 1260 2683 1314 augeamus.

2090 1334 2141 1389 6.
2179 1336 2257 1389 Tu
2286 1353 2411 1391 vero
2444 1339 2570 1392 mihi
2604 1340 2884 1394 mulierum
2917 1342 3249 1409 prudentiam
3276 1342 3555 1399 considera
3586 1361 3601 1403 :

2016 1441 2136 1482 cum
2178 1428 2319 1482 enim
2367 1429 2671 1501 fugiendum
2722 1441 2856 1498 erat,
2897 1432 3145 1503 fugerunt
3179 1452 3191 1487 :
3224 1450 3343 1488 cum
3381 1436 3609 1492 ineunda

2017 1529 2168 1574 erant
2208 1523 2497 1575 certamina
2516 1564 2531 1586 ,
2559 1525 2947 1592 constiterunt,
2976 1538 3026 1580 et
3055 1542 3236 1581 amore
3263 1527 3460 1583 Christi
3490 1530 3609 1583 vin-

2015 1619 2118 1665 cta:
2170 1612 2574 1683 sequebantur:
2608 1624 2662 1668 ut
2716 1615 2856 1669 enim
2911 1619 3228 1671 tentatioxies
3274 1620 3609 1674 accersenda:

2015 1717 2123 1756 non
2166 1713 2324 1769 sunt,
2367 1704 2437 1758 ita
2487 1720 2605 1758 cum
2647 1705 2963 1761 advenerim
2995 1707 3377 1762 decertandum
3407 1719 3522 1773 est,
3552 1720 3609 1766 ut

2015 1792 2138 1849 inde
2167 1803 2364 1849 nostrre
2394 1795 2656 1862 lenitatis,
2687 1796 2809 1850 hinc
2836 1806 3030 1851 nostra!
3072 1796 3398 1853 fortitudinis
3428 1801 3607 1870 speci-

2014 1900 2137 1941 men
2168 1886 2421 1952 edamus;
2465 1886 2515 1940 id
2552 1886 2692 1956 quod
2735 1899 2787 1942 et
2826 1887 2930 1941 illic
2972 1899 3081 1943 tum
3113 1887 3355 1943 fecerunt
3392 1902 3489 1945 :et
3516 1908 3603 1945 re-

2014 1993 2181 2031 vers:e
2211 1986 2369 2043 Sunt,
2410 1993 2473 2032 ac
2499 1977 2859 2033 decertarunt.
2905 1979 3115 2033 Etenim
3158 1991 3398 2049 apertum
3431 1980 3606 2038 fuerat

2014 2067 2279 2135 stadium,
2325 2078 2379 2123 et
2417 2069 2481 2122 ad
2526 2071 2817 2124 certamina
2858 2082 3065 2141 tempus
3107 2072 3391 2138 invitabat;
3436 2089 3606 2144 genus

2012 2169 2190 2214 autem
2218 2162 2403 2231 agoais
2432 2160 2528 2215 fuit
2554 2162 2834 2230 ejusmodi.

2088 2234 2406 2320 Hierapolim
2435 2254 2760 2322 perveniunt,
2806 2252 2977 2307 urbem
3025 2254 3159 2307 Asia:
3187 2257 3415 2311 minoris.
3447 2257 3597 2313 Chri-

2012 2350 2088 2396 sto
2116 2345 2294 2397 comite
2320 2362 2372 2399 se
2399 2346 2451 2398 in
2482 2347 2674 2415 [lumen
2702 2348 2993 2416 proﬁciunt.
3036 2347 3351 2418 Bupfismum
3374 2352 3601 2422 appellnt

2012 2447 2221 2489 mortem
2262 2438 2313 2490 in
2358 2440 2600 2508 martyrio
2638 2441 2842 2493 obitam.
2892 2470 2964 2479 -—
3002 2440 3275 2496 Venerunt
3318 2444 3367 2496 in
3414 2445 3602 2501 urbem

2014 2527 2336 2598 Hierapolim
2369 2530 2606 2597 nomine,
2650 2531 2879 2600 indeque
2908 2548 3032 2586 vere
3066 2533 3130 2586 ad
3174 2549 3379 2589 sacram
3418 2538 3602 2592 urbem

2014 2623 2103 2679 tali
2137 2625 2376 2679 machina
2415 2626 2685 2680 subvecta:
2720 2626 3093 2681 ascenderunt.
3130 2627 3275 2680 Viam
3306 2630 3473 2695 illam,
3502 2646 3603 2700 qua

2013 2714 2293 2780 redibant,
2336 2716 2526 2771 fluvius
2572 2716 2963 2785 prieterlluebat
3002 2718 3135 2771 clam
3178 2719 3431 2775 militibus
3457 2763 3471 2786 ,
3513 2724 3604 2791 qui

2010 2806 2291 2876 prandium
2323 2808 2603 2862 sumebant
2632 2818 2682 2862 et
2712 2808 3111 2863 inebriabantur
3140 2820 3296 2864 :sunt
3328 2813 3487 2865 etiam
3511 2814 3601 2883 qui

2010 2895 2184 2951 dicant
2214 2897 2429 2951 eonscio
2468 2908 2521 2953 et
2549 2898 2791 2968 adjutore
2831 2909 2982 2969 patre
3025 2900 3143 2954 illas
3184 2916 3306 2955 usas
3341 2916 3461 2957 esse
3487 2946 3502 2969 ,
3548 2912 3605 2958 ut

2016 2988 2212 3042 milites
2253 2989 2535 3055 fallerent,
2566 2989 2708 3059 quod
2734 2998 2788 3044 et
2816 2991 2977 3044 credo
3012 3008 3026 3044 :
3057 2991 3293 3044 fortassis
3318 2992 3459 3046 enim
3502 2992 3606 3048 hoc

2012 3078 2134 3134 ideo
2176 3081 2302 3134 fecit
2325 3122 2339 3145 ,
2387 3089 2443 3134 ut
2483 3082 2670 3151 exigua
2700 3083 2886 3137 saltem
2915 3082 3259 3138 ριευείιιίιτηρ
3287 3084 3601 3153 proditionis

2011 3172 2169 3241 hujus
2192 3174 2359 3242 gratia
2391 3172 2440 3226 in
2473 3173 2557 3227 die
2579 3174 2760 3242 judicii
2789 3174 2943 3227 saluti
2968 3190 3076 3228 sua:
3108 3176 3430 3244 provideret,
3461 3177 3605 3247 quod

2010 3277 2227 3330 operam
2256 3263 2644 3329 commodarit,
2677 3273 2732 3318 et
2756 3264 3053 3333 adjuverit,
3090 3276 3251 3335 atque
3289 3267 3353 3319 ad
3402 3278 3603 3341 marty-

2010 3354 2159 3410 rium-
2190 3355 2479 3411 faciliorem
2508 3372 2721 3411 cursum
2764 3359 3053 3414 reddiderit
3083 3378 3094 3388 ο
3127 3362 3216 3413 ilio
3245 3361 3402 3431 igitur
3427 3364 3478 3417 in
3508 3379 3604 3417 au-

2010 3449 2192 3503 xilium
2225 3451 2411 3516 ascito,
2444 3460 2497 3504 et
2523 3466 2642 3505 cum
2671 3452 2787 3520 ejus
2812 3468 2971 3521 opera
3001 3454 3198 3509 milites
3223 3471 3474 3511 amovere
3507 3473 3599 3524 po-

2011 3542 2257 3602 tuisscnt.
2306 3541 2355 3594 in
2408 3541 2641 3596 medium
2692 3542 2888 3597 ﬁumen
2942 3544 3193 3614 ingress:e
3238 3556 3380 3607 sunt,
3436 3560 3603 3615 seque

2010 3633 2152 3701 ipsas
2179 3632 2230 3687 in
2260 3634 2345 3687 illa
2377 3632 2571 3689 ﬁuenta
2602 3635 2951 3690 demiserunt.
2992 3636 3228 3704 lngressn
3257 3646 3338 3689 est
3363 3652 3483 3690 eum
3510 3654 3602 3705 ge-

2011 3724 2169 3778 minis
2201 3724 2409 3780 ﬁliabus
2444 3735 2613 3781 mater
2645 3742 2659 3778 :
2690 3726 2911 3781 audiant
2947 3737 2998 3781 et
3026 3737 3226 3781 matres
3254 3738 3307 3780 et
3336 3727 3599 3797 virgines,

2010 3814 2095 3869 ha:
2131 3817 2344 3884 quidem
2389 3819 2467 3873 sic
2495 3819 2755 3874 matribus
2798 3827 3045 3887 pareant,
3072 3820 3175 3873 illa:
3201 3836 3327 3873 vero
3352 3820 3488 3875 ﬁlias
3522 3822 3601 3876 sic

2011 3909 2314 3973 instituant,
2342 3911 2409 3965 ita
2437 3910 2634 3967 liberos
2654 3911 2895 3981 diligant.
2919 3910 3157 3981 [agressa
3180 3922 3261 3966 est
3285 3913 3459 3983 itaque
3487 3930 3599 3969 me-

2009 4000 2097 4054 dia
2126 4010 2295 4056 mater
2323 4004 2589 4071 utrimque
2622 4002 2756 4056 ﬁlias
2783 4016 2963 4057 secum
3008 4003 3241 4068 habens;
3269 4020 3387 4073 qua:
3425 4005 3599 4061 virum

2010 4092 2243 4147 habebat
2272 4094 2326 4147 in
2352 4093 2527 4147 medio
2553 4094 2891 4163 innuptarum
2922 4110 2934 4146 :
2967 4104 3188 4163 eratque
3219 4095 3272 4149 in
3303 4095 3478 4153 medio
3504 4098 3601 4151 vir-

2008 4186 2244 4254 ginitatis
2268 4186 2681 4251 matrimonium,
2707 4196 2762 4241 et
2789 4186 3021 4254 ipsarum
3052 4186 3105 4241 in
3132 4186 3306 4242 medio
3331 4187 3596 4244 Christus.

2011 4275 2159 4331 Sicut
2189 4276 2350 4345 igitur
2383 4276 2536 4331 radix
2560 4278 2768 4331 arboris
2795 4276 2934 4331 binis
2963 4277 3261 4332 stolonibus
3333 4276 3601 4349 utrimque

2010 4372 2274 4424 stantibus
2304 4370 2491 4424 vallata
2514 4412 2526 4433 .
2567 4370 2645 4425 sic
2675 4370 2942 4441 utrimque
2977 4371 3131 4425 beata
3180 4371 3264 4425 illa
3306 4372 3603 4443 virginibus

2010 4465 2203 4534 stipata
2250 4463 2514 4529 intrabat,
2556 4472 2611 4518 et
2654 4463 2707 4517 in
2752 4478 2917 4533 aquas
2955 4463 3073 4518 ilbis
3106 4463 3379 4531 mittebat,
3426 4466 3605 4536 itaque

2009 4566 2135 4613 sunt
2157 4556 2448 4623 snﬁocatae,
2471 4557 2551 4613 vel
2578 4571 2717 4611 novo
2739 4557 2912 4625 potius
2933 4565 2987 4611 et
3012 4556 3264 4612 inusitato
3287 4556 3605 4625 baptismate

2013 4651 2311 4721 baptizatus.
2344 4652 2420 4705 Ae
2463 4651 2506 4704 si
2550 4664 2708 4706 nosse
2736 4651 2873 4705 velis
2905 4650 3103 4706 clarum
3146 4649 3277 4704 illud
3319 4649 3481 4705 fuisse
3506 4650 3602 4705 ba-

2011 4749 2203 4817 ptisma
2235 4745 2374 4815 quod
2401 4754 2607 4815 gestum
2630 4754 2730 4807 est,
2755 4745 2875 4799 audi
2900 4745 3167 4815 quomodo
3187 4756 3419 4800 mortem
3446 4760 3600 4800 suam

2014 4840 2271 4909 baptisma
2300 4838 2543 4893 Christus
2568 4838 2799 4909 appellet
2827 4856 2839 4891 :
2870 4837 3007 4892 ﬁlios
3026 4837 3166 4891 enim
3198 4838 3477 4908 alloquens
3504 4838 3608 4895 Ze-

2013 4933 2216 4999 bedtei,
2271 4930 2489 4985 Calicem
2552 4931 2753 5001 quidem
2804 4948 2969 4984 meum:
3017 4930 3225 4994 bibetis,
3284 4932 3492 5001 inquit,
3558 4943 3611 4987 et

2014 5026 2297 5093 baptismo,
2356 5041 2457 5093 quo
2509 5040 2605 5095 ego
2651 5023 2916 5092 baptizor,
2973 5022 3357 5093 baptizubimini
3399 5023 3608 5093 (Marc.

2017 5115 2103 5169 10.
2136 5116 2254 5183 58).
2306 5114 2423 5181 Quo
2468 5129 2594 5167 vero
2624 5112 2887 5181 baptismo
2918 5112 3215 5183 baptizatus
3250 5122 3334 5167 est
3362 5112 3611 5169 Christus

2015 5215 2135 5275 post
2180 5205 2400 5259 Joannis
2432 5205 2775 5272 baptismum,
2824 5204 2923 5256 nisi
2976 5214 3146 5258 morte
3176 5219 3238 5255 ac
3294 5219 3452 5258 cruce
3486 5203 3509 5254 ?
3541 5203 3609 5255 l't

2014 5297 2171 5365 igitur
2208 5295 2438 5348 Jaciibus
2480 5310 2584 5347 non
2624 5295 2765 5347 cruci
2808 5293 3018 5355 afﬁxus,
3076 5293 3171 5346 sed
3220 5294 3392 5361 capite
3452 5302 3603 5345 trun-

2013 5396 2163 5442 catus
2211 5401 2358 5447 ense.
2411 5386 2674 5453 baptismo
2716 5386 3015 5454 baptizatus
3049 5393 3131 5439 est
3168 5384 3363 5438 Christi
3394 5400 3407 5435 :
3447 5384 3523 5437 sic
3552 5395 3609 5440 et

2016 5479 2129 5533 ista:
2158 5480 2281 5533 licet
2321 5478 2587 5532 crucifixrc
2628 5494 2730 5531 non
2764 5478 2998 5541 fuerint,
3043 5476 3135 5531 sed
3178 5478 3245 5529 ab
3295 5476 3447 5545 aquis
3506 5493 3604 5530 ne-

2014 5578 2180 5630 c.ita3.
2210 5568 2408 5624 Christi
2458 5578 2581 5623 sunt
2614 5569 2928 5639 baptismate
2966 5568 3265 5636 baptizatur.
3320 5567 3486 5623 Porro
3538 5569 3606 5623 il-

2016 5661 2094 5715 las
2120 5668 2290 5715 mater
2312 5660 2616 5731 baptizavit.
2644 5660 2780 5729 Quid
2806 5660 2927 5714 ais?
2955 5659 3146 5713 mulier
3176 5662 3441 5731 haptiaat?
3467 5660 3608 5715 Sane

2023 5754 2235 5825 quidem
2266 5752 2673 5825 baptismatibus
2697 5752 2879 5823 ejusmi
2902 5750 2955 5805 di
2975 5750 3227 5809 mulieres
3259 5754 3415 5807 etiam
3446 5752 3612 5819 impu-
