4080 6196
402 338 506 394 639

394 458 549 506 zaut.
584 447 1028 518 quemadmodum
1068 459 1122 504 et
1166 451 1251 504 illa
1282 452 1461 521 utique
1499 463 1549 506 et
1577 453 1895 521 baptizavit,
1926 462 1980 509 et

392 539 644 595 sacerdos
685 550 765 594 est
806 539 980 594 facta:
1022 540 1279 610 siquidem
1317 544 1558 595 victimas
1608 544 1810 596 ratione
1837 558 1980 613 prm-

393 635 532 689 ditas
559 633 766 697 obtulit,
790 644 843 687 et
868 633 1025 686 animi
1058 634 1382 702 propositum
1415 635 1487 688 illi
1518 636 1869 688 ordinationis
1901 635 1981 689 lo-

391 745 512 782 cmn
532 726 792 799 supplevit
812 745 824 781 :
841 726 1086 796 quodque
1105 728 1292 780 mirmn
1318 737 1417 794 cst,
1439 744 1540 782 non
1564 728 1781 797 iudiguit
1800 728 1875 782 alt
1893 728 1977 794 iri,

394 836 511 872 cum
542 818 884 879 sacriﬁcaret,
908 832 1003 871 nec
1029 818 1204 887 lignis,
1227 835 1324 872 nec
1354 821 1491 887 igne.
1517 835 1612 872 nec
1640 818 1812 889 gladio
1840 837 1852 872 :
1877 820 1977 872 ﬂu-

394 918 511 967 vius
530 913 669 967 enim
691 911 764 965 illi
783 912 1018 965 omnium
1043 912 1160 966 loco
1180 912 1293 974 fuit,
1318 924 1372 967 et
1401 913 1602 977 altaris,
1623 924 1670 966 et
1691 913 1976 982 lignorum,

392 1017 437 1059 et
482 1004 676 1074 gladii,
702 1014 754 1058 et
787 1004 940 1073 ignis,
974 1013 1025 1056 et
1054 1003 1317 1067 sacriﬁcii,
1344 1014 1395 1058 et
1427 1004 1694 1074 baptismi,
1732 1004 1979 1072 baptismi

392 1096 604 1163 quidem
628 1096 792 1149 multo
812 1096 1153 1149 evidentioris
1184 1094 1284 1149 hoc
1309 1096 1623 1162 baptiSmo'.
1641 1094 1771 1148 Nam
1791 1095 1857 1148 de
1881 1095 1982 1149 hoc

392 1188 603 1257 quidem
621 1190 694 1242 ait
717 1188 938 1241 Paulus:
963 1187 1300 1257 Complantuti
1326 1189 1448 1259 farti
1467 1204 1637 1241 sumus
1664 1187 1981 1241 similitudini

394 1281 565 1335 mortis
589 1281 697 1351 ejus
720 1280 894 1351 (Rom.
921 1280 974 1333 6.
1002 1282 1034 1334 5
1063 1281 1080 1350 )
1113 1297 1127 1331 :
1162 1280 1227 1335 de
1250 1281 1510 1349 baptismo
1536 1296 1660 1333 vero
1687 1288 1978 1350 martyrum

393 1374 616 1441 nonjam
637 1371 965 1426 similitudini
994 1372 1108 1439 ejus
1135 1372 1227 1440 ait,
1248 1371 1340 1426 sed
1361 1371 1679 1440 conligurari
1702 1386 1797 1424 nos
1823 1370 1979 1425 morti

392 1469 507 1531 ejus
556 1463 809 1536 (Philipp.
849 1466 900 1519 '5.
939 1464 1048 1535 10).
1092 1463 1379 1519 inducebat
1420 1464 1597 1533 itaque
1638 1464 1775 1517 ﬁlias
1812 1475 1983 1518 mater

392 1569 496 1609 non
525 1556 673 1625 quasi
702 1556 754 1609 in
778 1556 993 1609 ﬂuvium
1024 1555 1320 1621 inductura,
1350 1555 1442 1609 sed
1465 1556 1613 1625 quasi
1643 1557 1694 1608 iu
1720 1554 1982 1611 thalamos

386 1643 503 1701 illas
531 1645 820 1701 deduceret
855 1666 867 1699 :
904 1646 1187 1700 inducebat
1231 1655 1451 1716 utraque
1494 1662 1558 1701 ex
1601 1655 1751 1715 parte
1793 1654 1981 1701 tenens

390 1736 698 1806 dicensque,
735 1738 875 1793 Ecce
896 1753 992 1808 ego
1017 1746 1072 1793 et
1099 1738 1290 1806 puella:
1326 1753 1488 1800 mere,
1518 1752 1649 1808 quas
1675 1737 1822 1792 dedit
1852 1739 1981 1793 mihi

393 1829 532 1883 Deus
558 1828 709 1892 (lsai.
742 1828 794 1883 8.
827 1828 914 1898 i8)
958 1848 970 1883 :
1001 1838 1053 1883 tu
1084 1844 1175 1883 eas
1209 1829 1335 1882 mihi
1365 1829 1593 1895 dedisti,
1625 1831 1716 1885 tibi
1740 1847 1837 1901 ego
1865 1831 1980 1886 illas

391 1920 734 1985 commendo,
769 1936 853 1974 res
879 1934 1027 1974 meas
1049 1929 1102 1975 et
1129 1936 1215 1975 me
1244 1921 1430 1989 ipsam.
1466 1922 1643 1992 Itaque
1665 1922 1856 1991 duplex
1884 1922 1981 1978 fuit

392 2012 629 2066 mulieris
660 2011 971 2083 martyrium
994 2053 1008 2075 ,
1040 2014 1146 2065 imo
1173 2028 1301 2067 vero
1327 2013 1515 2083 triplex
1546 2032 1560 2068 :
1595 2029 1714 2067 nam
1748 2031 1841 2083 per
1870 2016 1980 2070 sei-

390 2117 538 2172 psam
565 2103 754 2168 semel,
790 2118 883 2172 per
906 2103 1041 2156 ﬁlias
1069 2117 1195 2157 suas
1220 2104 1301 2158 bis
1325 2104 1637 2174 martyrium
1666 2121 1816 2175 passa
1849 2115 1932 2160 est
1958 2122 1974 2162 :

388 2204 443 2247 et
484 2193 933 2263 quemadmodum
978 2210 1098 2248 cum
1146 2195 1375 2265 seipsam
1426 2196 1712 2251 immittere
1758 2197 1976 2262 debuit,

389 2287 550 2341 multa
580 2287 654 2340 illi
679 2286 778 2341 fuit
800 2303 933 2356 opus
963 2288 1242 2342 tolerantia
1273 2304 1286 2341 :
1319 2288 1396 2343 sic
1425 2297 1479 2343 et
1508 2288 1595 2343 ubi
1626 2303 1805 2344 secum
1831 2290 1981 2359 puel-

389 2377 464 2430 las-
496 2378 690 2442 traxit,
734 2377 899 2432 altera
932 2386 1075 2431 tanta
1108 2376 1331 2447 indiguit
1376 2378 1684 2441 tolerantia,
1718 2379 1825 2431 imo
1851 2394 1979 2434 vero

389 2468 555 2521 multo
586 2466 769 2536 majori
804 2484 818 2525 :
847 2482 951 2521 non
976 2466 1117 2521 enim
1141 2465 1275 2521 adeo
1299 2466 1550 2521 mulieres
1575 2468 1744 2521 solent
1773 2467 1976 2535 dolere,

389 2576 509 2612 cuni
545 2559 674 2626 ipsm
702 2560 972 2614 moritura:
1001 2558 1214 2621 fuerint,
1243 2566 1302 2612 ut
1326 2574 1444 2612 cum
1472 2557 1680 2612 illarum
1710 2558 1832 2613 ﬁliae
1853 2574 1978 2629 pas-

389 2666 464 2704 Sn-
492 2650 593 2703 hoc
623 2648 838 2704 fuerint.
870 2649 1051 2719 Itaque
1083 2648 1313 2719 graviori
1348 2664 1441 2717 per
1467 2647 1603 2703 ﬁlias
1634 2648 1747 2704 ha‘c
1778 2658 1980 2719 marty-

391 2743 471 2794 rio
498 2741 729 2795 cruciata
757 2751 856 2803 est,
882 2756 1000 2795 cum
1028 2740 1094 2795 ad
1124 2739 1518 2809 reprimendam
1554 2749 1755 2793 natura:
1784 2740 1889 2793 vim
1918 2756 1977 2795 se

388 2832 639 2893 accinxit,
672 2848 791 2886 cum
820 2832 1046 2886 materni
1074 2832 1273 2885 amoris
1298 2830 1523 2884 ﬂammat
1554 2830 1748 2884 ri-SIitit
1768 2872 1782 2895 ,
1815 2840 1865 2884 ct
1895 2830 1980 2883 iu-

391 2926 655 2981 tolerabili
689 2927 950 2981 viseerum
979 2925 1368 2981 conturbationi
1392 2935 1549 2994 atque
1578 2927 1712 2979 uteri
1741 2939 1979 2978 commo-

393 3018 543 3071 tioui.
572 3018 627 3071 Si
653 3018 794 3072 enim
822 3018 983 3071 ﬁliam
1008 3032 1164 3072 unam
1194 3017 1453 3087 qua-piam
1485 3031 1711 3071 cernens
1740 3017 1978 3070 morien-

391 3117 497 3163 tem
524 3150 536 3170 ,
565 3108 809 3162 acerbam
843 3108 1112 3163 existimat
1136 3107 1297 3162 vitam
1326 3122 1473 3161 suam
1496 3149 1510 3172 ,
1547 3107 1660 3161 ha‘c
1683 3106 1813 3160 duas
1841 3106 1977 3162 ﬁlias

387 3197 670 3253 confertim
697 3214 802 3252 non
825 3198 1037 3253 intuens
1058 3197 1368 3263 morientes,
1397 3198 1490 3253 sed
1510 3197 1575 3251 ad
1600 3207 1823 3253 mortem
1851 3214 1977 3269 pro-

390 3290 502 3361 pria
525 3305 683 3344 manu
713 3290 949 3356 trahens,
972 3289 1142 3359 cogita
1165 3306 1281 3359 qua:
1310 3289 1558 3359 martyria
1589 3289 1865 3343 exhiberet
1888 3303 1973 3355 ea,

387 3399 507 3451 qua:
533 3382 582 3435 id
608 3381 747 3450 quod
772 3383 930 3435 etiam
948 3383 1127 3435 auditu
1152 3380 1361 3435 caiteris
1386 3391 1465 3435 est
1496 3380 1849 3446 intolerabile,
1870 3380 1979 3434 rei-

386 3487 479 3540 psa
512 3472 791 3543 perferret.
841 3474 915 3526 Ac
941 3472 1135 3526 milites
1161 3472 1373 3541 quidem
1418 3470 1627 3541 penitus
1655 3470 1807 3524 inscii
1836 3479 1976 3523 tam-

386 3568 544 3635 quam
588 3580 771 3619 rursus
816 3582 907 3619 eas
952 3564 1217 3634 recepturi
1265 3563 1677 3634 cXSpectabant,
1722 3563 1824 3616 illa:
1853 3577 1979 3617 vero

390 3673 512 3712 cum
558 3657 756 3713 Christi
807 3658 1060 3712 militibus
1101 3657 1402 3711 crelestihus
1449 3656 1651 3727 angelis
1703 3658 1811 3726 jam
1867 3664 1977 3710 tum

386 3759 575 3815 erant;
608 3749 750 3820 quod
779 3748 1027 3804 custodes
1056 3765 1159 3802 non
1190 3748 1438 3803 videbant
1465 3789 1479 3815 ,
1513 3748 1707 3818 quippe
1730 3748 1817 3817 qui
1855 3746 1976 3802 ﬁdei

388 3842 575 3897 oculos
596 3856 701 3896 non
730 3841 1006 3897 haberent.
1035 3841 1322 3896 Enimvero
1348 3840 1416 3895 de
1441 3849 1612 3895 matre
1640 3840 1808 3909 inquit
1835 3839 1977 3895 Pau-

386 3932 471 3988 lus
495 3974 510 3999 ,
539 3932 833 3988 Saluabitur
862 3948 951 4004 per
983 3933 1204 4001 ﬁliorum
1235 3933 1610 4003 generationem
1651 3932 1727 4000 (1.
1759 3929 1895 3983 Tim.
1921 3929 1976 3983 2.

386 4024 475 4095 15)
514 4040 527 4076 :
559 4023 646 4080 hic
690 4032 866 4078 autem
894 4024 1017 4078 ﬁliae
1044 4038 1141 4094 per
1178 4034 1404 4078 matrem
1450 4022 1609 4077 salva:
1639 4030 1764 4076 sunt
1802 4020 1976 4077 factae.

384 4116 473 4171 Sic
499 4117 750 4171 nimirum
778 4131 969 4187 parere
998 4124 1197 4171 matres
1224 4123 1451 4185 oportet.
1496 4115 1594 4170 Hic
1621 4116 1761 4170 enim
1794 4124 1977 4184 partus

387 4207 480 4262 illo
507 4208 671 4277 priori
705 4208 897 4262 melior
931 4217 1014 4262 est
1037 4250 1053 4275 ,
1092 4209 1145 4262 in
1177 4223 1283 4278 quo
1311 4208 1526 4262 dolores
1562 4206 1779 4278 quidem
1820 4221 1975 4261 acer-

386 4299 563 4354 biores
586 4308 729 4361 sunt,
763 4308 817 4353 at
840 4300 1009 4367 majus
1038 4299 1239 4354 lucrum
1271 4300 1582 4368 percipitur.
1610 4298 1686 4352 De
1716 4298 1822 4352 illis
1845 4312 1975 4368 par-

385 4401 473 4445 tus
491 4390 784 4454 doloribus,
807 4398 1066 4460 quotquot
1086 4399 1281 4444 matres
1302 4389 1531 4455 fuerunt,
1557 4397 1820 4443 noverunt
1839 4401 1975 4458 quos

384 4483 600 4538 dolores
620 4481 749 4536 illud
773 4482 967 4548 inurat,
989 4496 1108 4535 cum
1133 4483 1267 4536 ﬁlias
1292 4482 1490 4537 videris
1515 4492 1741 4536 mortem
1774 4482 1980 4536 obeun-

384 4586 497 4642 tes;
529 4585 586 4631 ut
610 4586 786 4631 autem
815 4576 929 4645 ipsa
951 4590 1108 4628 manu
1140 4583 1226 4629 tua
1257 4574 1459 4629 caedem
1487 4584 1786 4645 perpetres,
1811 4589 1973 4645 quam

382 4683 545 4741 grave
572 4668 661 4733 sit,
688 4668 913 4738 exprimi
940 4667 1118 4721 verbis
1142 4680 1250 4720 non
1280 4674 1477 4735 potest.

453 4755 508 4809 7.
539 4754 641 4809 Cur
662 4752 913 4807 Domnina
929 4752 1180 4823 judicium
1202 4767 1301 4806 non
1322 4749 1700 4820 mpectaverit.
1722 4748 1974 4817 Atrectum

385 4857 603 4901 matrum
628 4864 748 4918 erga
769 4846 904 4915 ﬁlias
926 4845 1225 4917 ampliﬁcat.
1252 4873 1324 4884 -—
1343 4845 1411 4899 At
1439 4843 1578 4897 enim
1600 4858 1701 4912 qua
1728 4842 1795 4898 de
1816 4858 1973 4897 causa

383 4940 438 4994 in
462 4939 721 5007 judicium
765 4953 869 4993 non
899 4939 1045 4993 venit
1094 4935 1327 4991 mulier?
1358 4935 1537 4989 Voluit
1578 4943 1703 4989 ante
1744 4950 1971 5004 pugnam

386 5041 644 5099 trothum
675 5030 901 5100 erigere,
931 5040 1056 5085 ante
1097 5029 1386 5084 certamina
1427 5043 1678 5082 coronam
1706 5027 1970 5096 abripere,

380 5134 506 5177 ante
552 5122 722 5175 luctas
768 5122 984 5192 praemia
1031 5130 1308 5190 reportare
1339 5136 1355 5174 :
1386 5134 1491 5173 non
1522 5118 1663 5189 quod
1712 5128 1972 5173 tormenta

378 5212 769 5277 reformidaret,
794 5211 885 5265 sed
927 5227 993 5265 uc
1023 5211 1125 5265 illa;
1153 5210 1319 5265 oculis
1344 5210 1659 5264 lasciverum
1690 5220 1968 5278 paterent:

378 5320 485 5358 non
517 5304 808 5369 metuebat,
858 5318 926 5357 ne
951 5303 1070 5373 quis
1102 5302 1266 5357 latera
1319 5302 1417 5373 ipsi
1449 5300 1725 5367 cﬂ‘oderet,
1756 5301 1849 5357 sed
1904 5317 1971 5357 ne

375 5396 495 5464 quis
525 5394 749 5449 ﬁliarum
775 5403 1142 5463 corrumperet
1190 5393 1570 5463 virginitatem,
1604 5394 1841 5447 timebat.
1870 5394 1969 5447 At-

378 5503 483 5557 que
531 5486 634 5543 hoc
662 5503 800 5553 eam,
856 5503 961 5541 nou
993 5487 1082 5541 illo
1125 5485 1288 5539 fuisse
1338 5486 1528 5539 timore
1569 5494 1886 5553 correptam,
1916 5494 1969 5539 et

380 5578 577 5631 ideirco
620 5579 672 5631 in
714 5578 969 5647 judicium
1018 5594 1121 5631 non
1168 5578 1409 5633 venisse.
1461 5575 1583 5631 inde
1631 5575 1965 5629 manifestum

377 5676 479 5717 est.
532 5660 695 5715 Multo
722 5664 991 5730 graviores
1032 5663 1083 5717 in
1128 5661 1344 5716 ﬂumine
1375 5662 1638 5715 cruciatus
1680 5661 1963 5716 toleravit:

448 5833 565 5897 'Stc
578 5832 765 5897 tegitur
789 5835 838 5897 io
852 5834 999 5897 Δδτινίὶ.
1044 5842 1092 5883 ιη
1137 5834 1330 5884 tuomet“.
1378 5843 1575 5893 autem,
1600 5834 1862 5897 eademque
1887 5850 1965 5891 res

377 5888 671 5943 san-ilicium
696 5893 881 5944 exstitit
903 5904 945 5943 ct
965 5897 1227 5957 baptisma:
1251 5896 1512 5947 eridentior
1536 5888 1619 5946 [ioc
1643 5888 1895 5954 baptisnw.

1108 339 1163 395 S.
1204 340 1481 397 JOANNIS
1507 340 1980 397 Clll‘vYSOSTOBll
2014 344 2331 403 ARClltEi’.
2362 349 2894 412 CONSTANTINOP.

3575 365 3681 421 6ιο

2092 459 2259 511 multo
2285 462 2425 514 enim
2456 466 2671 532 gravius
2697 478 2778 523 est
2808 479 2858 523 et
2886 470 3148 534 acerbius,
3177 482 3231 527 ut
3259 482 3382 530 ante
3407 475 3533 543 dixi,
3563 496 3684 547 pro—

2094 550 2203 618 pria
2234 552 2460 613 visveia,
2495 556 2626 611 ﬁlias
2671 560 2903 626 inquam.
2936 578 3094 617 manu
3141 579 3235 620 sua
3262 566 3592 637 demergere,
3622 589 3683 626 ac

2087 640 2332 696 suﬂ‘ocari
2382 660 2645 713 cernere,
2696 666 2853 718 quam
2922 652 3142 709 lacerari
3190 671 3404 711 carnem
3454 660 3679 727 videre,

2088 734 2368 803 multoque
2399 738 2470 791 illi
2523 742 2713 795 tninori
2746 760 2879 811 opus
2904 755 3016 799 erat
3049 746 3402 817 philosophia,
3432 768 3587 820 quam
3615 755 3680 807 ad

2089 831 2351 880 tormenta
2387 828 2681 899 toleranda,
2731 842 2786 886 ut
2817 835 3107 901 puellarum
3142 847 3323 894 tenere
3349 840 3604 898 dexteras
3629 857 3683 899 et

2085 913 2151 967 ad
2199 914 2428 971 ﬂuminis
2456 919 2651 973 ﬂuenta
2703 925 3010 990 pertrahere
3055 942 3235 981 secum
3269 943 3467 997 posset.
3500 931 3683 1005 Neque

2087 1006 2227 1058 enim
2260 1022 2353 1074 par
2380 1009 2443 1062 ad
2475 1010 2713 1066 dolorem
2743 1015 3055 1070 inurendum
3086 1031 3411 1076 momentum
3438 1022 3594 1079 affert
3614 1027 3682 1080 ab

2086 1097 2202 1151 aliis
2245 1114 2466 1156 cernere
2509 1102 2815 1171 divcxatas,
2850 1116 2900 1161 ct
2950 1108 3116 1177 ipsam
3170 1115 3327 1165 morti
3378 1115 3681 1184 inservire,

2088 1189 2254 1258 ipsam
2287 1191 2397 1246 ﬁeri
2446 1196 2593 1250 necis
2636 1197 3023 1264 administrant,
3056 1203 3220 1271 ipsam
3268 1204 3476 1260 ﬁliabus
3500 1211 3681 1263 carni-

2087 1282 2203 1336 ﬁcis
2251 1285 2393 1338 vices
2420 1286 2567 1341 obire
2601 1305 2614 1341 :
2646 1290 2737 1343 sed
2771 1290 2869 1345 hoc
2916 1295 3083 1347 multo
3130 1296 3218 1349 illo
3265 1298 3476 1366 gravius
3520 1312 3601 1355 est
3628 1312 3683 1357 et

2086 1374 2490 1432 intolerabilius.
2524 1380 2655 1436 lluie
2683 1385 2907 1437 orationi
2940 1401 3071 1440 mea:
3098 1389 3460 1445 testiinonium
3487 1392 3679 1449 dicetis

2084 1482 2294 1532 omnes,
2323 1480 2583 1542 quotquot
2614 1485 2809 1529 matres
2856 1475 3046 1539 fuistis,
3075 1495 3193 1549 quae
3241 1492 3420 1550 partus
3465 1484 3679 1542 dolores

2084 1570 2318 1629 experta:
2344 1564 2493 1631 estis,
2522 1580 2585 1620 ac
2628 1566 2764 1621 ﬁlias
2795 1572 3126 1639 suscepistis.
3157 1573 3436 1639 Quomodo
3480 1579 3682 1646 puella-

2084 1667 2200 1705 rum
2250 1652 2521 1709 dexteram
2568 1659 2833 1728 arripuit?
2861 1664 2949 1731 qui
2998 1665 3109 1717 ﬁeri
3162 1669 3353 1735 potuit,
3388 1678 3444 1721 ut
3490 1686 3679 1725 manus

2084 1760 2189 1798 non
2219 1746 2663 1818 obtorpesccrct?
2685 1755 2951 1821 quomodo
2981 1771 3084 1809 non
3117 1758 3337 1812 resoluti
3363 1770 3485 1814 sunt
3507 1765 3680 1817 nervi?

2083 1839 2349 1906 quomodo
2393 1856 2545 1897 meus
2578 1843 2644 1897 de
2673 1854 2811 1898 statu
2839 1845 3039 1915 dejecta
3092 1864 3193 1903 non
3223 1851 3348 1905 est?
3390 1853 3477 1920 qui
3510 1855 3680 1923 potuit

2082 1929 2221 1983 ratio
2263 1930 2325 1985 iis
2365 1947 2484 2000 qua:
2522 1934 2846 2002 gerebantur
2888 1938 3189 1994 inservire?
3219 1942 3496 1997 Scxceutis
3535 1944 3676 1998 enim

2083 2025 2363 2079 tormentis
2386 2026 2589 2083 facinus
2614 2030 2739 2084 illud
2755 2034 2997 2087 acerbius
3018 2033 3134 2100 fuit,
3159 2051 3278 2090 cum
3296 2040 3533 2107 corporis
3560 2040 3681 2096 ioco

2083 2116 2198 2184 ejus
2227 2118 2403 2172 anima
2449 2120 2882 2178 discruciaretur.
2927 2125 3121 2180 Verum
3154 2144 3429 2199 quousque
3460 2132 3669 2187 tandem

2083 2224 2147 2263 ea
2177 2212 2426 2281 persequi
2454 2216 2860 2284 contendemus,
2892 2234 3010 2289 qua:
3038 2236 3191 2274 nemo
3220 2225 3430 2293 assequi
3459 2228 3671 2295 potest?

2083 2302 2226 2356 nulla
2274 2306 2469 2375 quippe
2506 2310 2769 2378 passionis
2813 2313 3231 2382 magnitudinem
3278 2316 3450 2370 oratio
3499 2331 3680 2387 posset

2082 2396 2401 2465 exprimere,
2429 2400 2521 2453 sed
2544 2417 2604 2454 ea
2627 2403 2761 2467 sola,
2788 2420 2906 2474 qua:
2929 2417 3148 2474 experta
3177 2418 3259 2463 est
3284 2424 3345 2463 ac
3365 2409 3679 2481 decertavit,

2083 2487 2278 2543 mulier
2305 2492 2468 2555 novit,
2498 2492 2795 2561 cujusmodi
2841 2498 2947 2550 sint
2975 2499 3070 2552 ista
3104 2501 3414 2555 certamina.
3447 2503 3684 2558 Audiam.

2084 2578 2184 2631 ista
2236 2590 2469 2646 matres,
2513 2585 2734 2639 audiant
2788 2587 3022 2657 virgines
3054 2607 3065 2642 :
3096 2599 3289 2645 matres
3338 2591 3572 2663 quidem,
3623 2604 3686 2650 ut

2084 2668 2220 2724 ﬁlias
2264 2687 2389 2729 suas
2414 2675 2491 2729 sic
2520 2676 2837 2742 instituant;
2872 2681 3107 2749 virgines
3136 2691 3332 2749 autem,
3364 2693 3421 2738 ut
3448 2685 3519 2739 ita
3558 2702 3682 2740 ma-

2086 2762 2255 2816 tribus
2284 2764 2662 2835 obsequantur.
2697 2768 2809 2823 Nou
2855 2771 2995 2824 enim
3045 2782 3247 2827 tantum
3306 2774 3520 2831 laudare
3546 2791 3685 2832 con-

2084 2852 2229 2906 venit
2259 2864 2503 2920 matrem,
2537 2873 2656 2926 quae
2704 2860 2822 2913 talia
2864 2860 3104 2930 jusserit,
3158 2864 3250 2919 sed
3278 2874 3332 2918 et
3358 2864 3494 2921 ﬁlias
3522 2882 3675 2921 com-

2081 2946 2356 3013 mendare,
2410 2964 2526 3018 qua:
2573 2950 2625 3005 in
2672 2952 2933 3019 ejusmodi
2982 2955 3139 3011 rebus
3190 2959 3461 3027 paruerint
3496 2976 3667 3015 :nam

2085 3054 2258 3109 neque
2308 3051 2476 3095 mater
2500 3042 2725 3098 vinculis
2774 3046 2918 3116 eguit
2948 3047 3012 3101 ad
3062 3047 3262 3103 hostias
3304 3050 3677 3122 victimasque,

2084 3146 2261 3201 neque
2306 3132 2549 3201 juvenem
2575 3134 2903 3201 resilierunt,
2932 3136 3025 3193 sed
3058 3140 3242 3208 mquali
3273 3143 3465 3196 mentis
3489 3143 3681 3198 alacri-

2084 3231 2191 3278 tate
2230 3233 2284 3277 et
2309 3224 2488 3279 animo
2516 3225 2706 3281 eodem
2748 3230 2987 3301 martyrii
3011 3230 3195 3301 jugum
3246 3233 3554 3301 trahentes,
3600 3234 3683 3292 sic

2083 3314 2302 3370 ﬂuvium
2356 3327 2480 3370 sunt
2523 3316 2800 3388 ingressas,
2831 3321 3208 3377 calceamentis
3248 3336 3395 3379 extra
3439 3324 3675 3381 ﬂuminis

2087 3406 2256 3475 ripam
2289 3407 2557 3463 deri-lictis
2591 3427 2603 3462 :
2634 3409 2775 3479 quod
2821 3410 2942 3466 ideo
2987 3410 3246 3478 fecerunt,
3279 3423 3334 3467 ut
3373 3416 3683 3471 custodibus

2083 3499 2214 3567 ipsis
2242 3499 2584 3554 consulerent
2610 3515 2625 3561 ;
2660 3509 2801 3555 tanta
2832 3511 2950 3556 erat
2981 3513 3284 3558 sanctarum
3316 3505 3523 3560 illarum
3556 3522 3682 3577 pro-

2086 3589 2336 3644 videulia.
2370 3590 2669 3645 Studebaut
2709 3592 2914 3647 scilicet
2957 3594 3060 3648 illis
3089 3594 3411 3650 defensionis
3440 3598 3491 3651 in
3530 3597 3676 3667 judi—

2083 3681 2165 3735 cio
2196 3696 2377 3735 ausam
2400 3683 2703 3753 relinquere
2730 3701 2745 3739 ι
2773 3701 2838 3739 ue
2862 3686 3093 3740 crudelis
3117 3688 3202 3742 ille
3227 3703 3289 3742 ac
3314 3706 3486 3743 saevus
3503 3690 3674 3759 judex

2083 3787 2178 3826 eos
2210 3772 2524 3841 proditionis
2554 3786 2849 3838 accusaret,
2882 3786 2975 3831 aut
3016 3778 3154 3847 quod
3190 3780 3409 3847 pecunia
3438 3788 3677 3850 corrupti

2084 3865 2337 3920 mulieres
2382 3866 2753 3932 dimisisseut;
2804 3869 3002 3923 idcirco
3041 3871 3401 3925 calceamenta
3447 3872 3682 3941 relique-

2083 3967 2230 4024 runt,
2264 3974 2383 4029 qua:
2427 3960 2652 4013 militum
2697 3963 3038 4016 conscientiae
3073 3963 3505 4028 tcsuﬁcareutur,
3532 3966 3680 4035 quod

2083 4066 2190 4106 non
2223 4051 2327 4105 illis
2356 4052 2586 4106 consciis
2606 4094 2621 4116 ,
2648 4053 2739 4108 sed
2768 4053 3132 4145 ign‘orantibus
3160 4056 3210 4109 in
3242 4056 3437 4112 ﬂumen
3486 4069 3681 4127 sponte

2087 4142 2463 4211 prosiliisscut.
2516 4142 2768 4198 Fortasse
2820 4142 2923 4199 non
2981 4146 3236 4201 mediocri
3287 4163 3410 4218 erga
3466 4159 3681 4203 sancuis

2085 4233 2203 4289 illas
2226 4250 2408 4290 amore
2434 4236 2711 4290 exarsistis
2741 4254 2754 4297 ;
2787 4252 2908 4291 cum
2937 4238 3039 4293 hoc
3083 4240 3238 4310 igitur
3264 4244 3454 4296 ardore
3491 4256 3673 4296 coram

2085 4326 2321 4395 ipsarum
2350 4327 2587 4398 reliquiis
2616 4329 2977 4398 procidamus,
3014 4332 3243 4399 ipsarum
3262 4336 3507 4403 capsulas
3526 4351 3679 4389 com-

2083 4422 2380 4490 plectamur
2412 4439 2426 4483 ;
2460 4423 2678 4476 multam
2725 4424 2867 4478 enim
2901 4436 3125 4494 possunt
3168 4428 3414 4482 virtutem
3445 4431 3681 4497 capsula!

2084 4522 2377 4583 martyrum
2396 4511 2658 4579 obtinere,
2685 4515 3132 4583 quemadmodum
3154 4526 3209 4571 et
3228 4532 3347 4572 ossa
3378 4530 3674 4591 martyrum

2082 4603 2189 4657 vim
2220 4619 2463 4675 magnam
2502 4604 2720 4661 habent.
2743 4605 2926 4678 Neque
2951 4608 3039 4663 die
3066 4618 3266 4664 tantum
3295 4610 3450 4680 hujus
3479 4611 3684 4666 festivi-

2084 4698 2227 4763 tatis,
2266 4696 2360 4751 sed
2387 4696 2506 4752 aliis
2531 4699 2689 4752 etiam
2721 4698 2909 4754 diebus
2936 4699 3001 4754 iis
3028 4701 3380 4770 assideamus,
3402 4717 3493 4757 eas
3516 4702 3683 4757 obse-

2081 4804 2317 4856 cremus,
2350 4790 2702 4855 obtestemur,
2732 4802 2789 4846 ut
2810 4801 3047 4862 patronaa
3073 4793 3180 4847 sint
3204 4803 3433 4854 nostrae;
3458 4795 3680 4852 multam

2080 4880 2224 4934 enim
2252 4880 2494 4935 ﬁduciam
2519 4883 2761 4937 obtinent
2780 4900 2883 4937 non
2906 4885 3146 4940 viventes
3167 4885 3347 4952 modo,
3362 4886 3455 4941 sed
3472 4896 3526 4941 et
3542 4903 3680 4942 mor.

2083 4979 2209 5035 tuaz;
2236 4972 2509 5042 multoque
2548 4974 2716 5044 magis
2737 4990 2857 5029 cum
2873 4985 2996 5030 sunt
3017 4986 3260 5035 morture.
3278 4975 3395 5031 Jam
3417 4977 3558 5032 enim
3581 4979 3678 5033 sti-

2080 5074 2253 5132 gmata
2282 5063 2460 5119 ferunt
2488 5063 2716 5129 Christi;
2742 5082 2861 5121 cum
2885 5076 3061 5121 autem
3084 5068 3326 5137 stigmata
3352 5066 3463 5121 haec
3489 5079 3677 5122 osten-

2079 5154 2275 5219 derint,
2300 5156 2476 5209 omnia
2506 5156 2631 5227 liegi
2658 5169 2877 5228 possunt
2907 5159 3247 5227 persuadere.
3276 5159 3498 5226 Quando
3517 5160 3677 5229 igitur

2081 5252 2223 5299 tanta
2255 5245 2360 5300 illa:
2388 5247 2580 5303 virtute
2604 5250 2825 5317 pollent,
2851 5259 3100 5321 tantaque
3120 5251 3257 5321 apud
3279 5268 3397 5306 eum
3415 5253 3679 5318 amicitia,

2077 5351 2198 5391 cum
2221 5338 2471 5393 continua
2490 5340 2634 5394 velut
2651 5340 2961 5397 obsessione
2982 5359 3043 5397 ac
3062 5354 3311 5413 perpetua
3332 5342 3538 5397 illarum
3559 5345 3677 5398 vis'r

2078 5430 2278 5485 tatione
2314 5431 2732 5488 familiaritatem
2787 5449 2885 5489 nos
2937 5436 3148 5490 illarum
3206 5436 3677 5504 iusinuaverimus,

2078 5522 2313 5594 ipsarum
2342 5540 2501 5595 opera
2534 5526 2627 5581 Dei
2657 5528 3072 5583 misericordiam
3106 5530 3481 5599 impetremus;
3506 5545 3676 5599 quam

2076 5618 2228 5672 nobis
2248 5619 2498 5673 omnibus
2525 5621 3043 5692 assequicontingat,
3072 5622 3236 5691 gratia
3263 5621 3468 5674 Domini
3496 5623 3676 5679 nosui

2072 5706 2201 5763 Jesu
2226 5708 2448 5773 Christi,
2482 5724 2577 5779 per
2607 5726 2765 5781 quem
2793 5720 2992 5767 etcum
3021 5727 3128 5783 quo
3157 5712 3296 5767 Patri
3339 5711 3527 5782 gloria,
3559 5728 3672 5767 una

2072 5816 2193 5855 cum
2236 5810 2422 5857 sancto
2461 5802 2685 5873 Spiritu,
2730 5820 2869 5862 nunc
2914 5814 2969 5863 et
3014 5820 3250 5877 semper,
3290 5804 3423 5861 etin
3466 5804 3671 5860 szecuh

2074 5894 2409 5950 smculorum.
2441 5896 2633 5952 Amen.
