4080 6196
502 233 616 290 ὓΗ

999 440 3460 468 m

515 447 2590 477 mw

1215 227 1272 282 S.
1313 223 1599 282 JOANNIS
1637 221 2124 280 CllBYSOSTOMl
2164 221 2484 278 ARClllEP.
2528 219 3076 278 CONSTA’NTINOP.

3667 227 3777 282 (διε

1266 854 1349 916 IN
1395 851 1868 915 CONCIONEM
1914 849 2020 909 DE
2067 846 2652 921 QUATRIDUANO
2705 845 3051 907 LAZARO.

584 1296 736 1372 [64b]
760 1295 884 1352 llmc
913 1295 1135 1354 liomilia
1165 1295 1429 1362 nondum,
1458 1295 1601 1367 quod
1635 1295 1828 1358 sciam,
1856 1293 1910 1348 in
1946 1293 2122 1347 lucem
2152 1291 2432 1361 prodierat
2466 1307 2480 1344 :
2521 1287 3023 1358 exscripsimusque
3054 1287 3198 1340 illam
3229 1301 3295 1341 ex
3327 1296 3541 1342 vetusto
3568 1285 3770 1342 Codice

514 1415 944 1472 Eminentissimi
967 1415 1275 1472 Cardinalis
1299 1414 1556 1470 Ottoboni
1585 1431 1729 1470 anno
1753 1412 1914 1470 1699.
1943 1411 2040 1466 Est
2068 1419 2252 1466 autem
2275 1408 2463 1466 Codex
2488 1407 2701 1463 mendis
2726 1420 2834 1460 non
2869 1405 3059 1476 paucis
3083 1403 3339 1469 foedatus,
3376 1419 3514 1473 quas
3537 1402 3769 1458 alterius

511 1530 728 1586 Codicis
761 1531 1008 1587 subsidio
1047 1529 1297 1586 destituti
1345 1538 1622 1599 utcunque
1664 1526 1872 1582 sarcire
1901 1525 2083 1580 conati
2107 1539 2317 1580 sumus.
2361 1520 2556 1577 Habita
2581 1535 2746 1591 porro
2785 1526 2869 1574 est
2902 1517 3092 1589 paucis
3127 1524 3249 1587 post
3289 1514 3766 1572 Resurrectionem

512 1642 728 1696 Domini
751 1643 977 1709 diebus;
1014 1651 1068 1697 et
1094 1643 1360 1714 jquidem,
1395 1650 1454 1697 ut
1480 1641 1534 1696 in
1589 1640 1696 1694 ﬁne
1721 1637 2001 1694 concionis
2040 1636 2308 1701 innuitur,
2347 1635 2402 1692 in
2439 1635 2527 1690 die
2554 1635 2694 1690 festo
2731 1642 3044 1689 sanctarum
3077 1630 3334 1686 Bernices
3378 1638 3431 1684 et
3464 1628 3768 1684 Prosdoces

510 1763 673 1825 atque
702 1757 981 1812 Domnina:
1007 1757 1197 1811 matris
1216 1772 1427 1820 earum,
1461 1754 1576 1825 qui,
1601 1761 1663 1808 ut
1689 1752 2005 1808 dicebamus
2043 1751 2098 1806 in
2123 1750 2327 1806 Monito
2355 1750 2423 1806 ad
2462 1750 2741 1806 liomiliam
2781 1751 3016 1819 priorem
3039 1747 3092 1801 in
3124 1745 3342 1802 easdem
3375 1753 3593 1802 sanctas
3620 1758 3766 1798 mar-

507 1878 675 1939 tyres,
717 1870 906 1926 incidit
926 1872 980 1924 in
1018 1870 1083 1926 l5
1111 1869 1332 1940 Aprilis.
1359 1868 1456 1925 Hic
1479 1878 1662 1924 autem
1697 1868 1821 1924 illas
1844 1867 2166 1924 nominatim
2195 1880 2303 1920 non
2328 1873 2594 1920 memorat
2613 1864 3056 1935 Chrysostomus,
3087 1861 3178 1916 sed
3204 1860 3337 1915 adeo
3365 1860 3512 1915 clare
3535 1859 3759 1919 indicat,

508 1989 570 2035 ut
605 1982 829 2052 perinde
857 1994 1064 2039 certum
1098 1985 1168 2040 sit
1201 1984 1268 2038 de
1291 1985 1397 2039 illis
1421 1984 1506 2055 agi
1558 1991 1720 2053 atque
1751 1984 1796 2039 si
1819 1984 1938 2053 ipso
1963 1981 2185 2036 nomine
2205 1983 2628 2052 appellarentur.
2653 1980 2846 2050 Agitur
2869 1978 3134 2033 nimirum
3161 1977 3227 2032 de
3258 1985 3434 2030 matre
3459 1984 3514 2029 et
3541 1973 3761 2028 duabus

508 2100 745 2168 ﬁliabus,
771 2117 891 2171 qua:
925 2102 1206 2157 servanda:
1242 2100 1363 2155 ﬁdei
1399 2100 1783 2170 pudicitimquc
1823 2115 1987 2155 causa
2023 2109 2143 2170 post
2171 2101 2411 2155 relictam
2439 2098 2666 2170 patriam
2703 2113 2822 2154 sese
2845 2098 2898 2151 in
2932 2097 3127 2151 ﬁumen
3161 2095 3586 2165 praecipitarunt.
3633 2094 3760 2147 Sin-

507 2215 694 2282 gulare
725 2215 1003 2284 quidpiam
1041 2214 1128 2268 hic
1155 2213 1384 2283 carptim
1417 2213 1684 2277 innuitur,
1720 2211 1862 2282 quod
1895 2212 1951 2266 in
1981 2211 2162 2282 priore
2191 2212 2257 2268 de
2289 2211 2389 2266 SS.
2418 2210 2644 2268 Bernice
2672 2219 2725 2266 et
2757 2209 3028 2264 Prosdoce
3057 2207 3276 2262 honiilia
3313 2221 3419 2260 non
3453 2215 3758 2277 comparet,

511 2339 702 2392 nempe
740 2333 1024 2394 tyrannum
1051 2324 1360 2394 quempiam
1386 2322 1628 2379 caelibem
1667 2322 2036 2392 virginitatem
2071 2338 2284 2388 earum,
2322 2338 2517 2392 nempe
2549 2321 2831 2378 Domninae
2852 2321 3108 2386 ﬁliarum,
3135 2329 3342 2376 tentare
3374 2321 3631 2387 voluisse,
3663 2321 3759 2376 sed

525 2515 3744 2547 Μ

967 2683 1331 2770 ΛΟΓΟΣ
1399 2682 1572 2770 ΕΙΣ
1632 2683 1860 2770 TON
1922 2681 2078 2768 TE'

2183 2680 2730 2768 ’AHMEPON
2794 2676 3320 2768 AAZAPON.

577 3221 777 3292 ηρώην
812 3219 965 3289 ὑμῖν,
995 3217 1294 3289 ἀγαπητοὶ,
1329 3215 1423 3272 τὸν
1454 3215 1724 3290 πολυανθῆ
1754 3216 1848 3270 τοῦ
1883 3215 2079 3289 ἔαροςιι

500 3304 884 3364 διαπλέκοντες
919 3300 1205 3368 στέφανον,
1241 3301 1336 3355 καὶ
1360 3299 1461 3371 τὴν
1498 3301 1646 3372 ὥραν
1689 3302 1783 3354 τοὺ
1812 3301 1964 3365 ἔτους
1991 3317 2084 3354 κα-

502 3387 679 3456 θάπερ
703 3388 759 3439 ὲν
797 3384 986 3437 πίνακι
1009 3384 1117 3436 τῶν
1138 3384 1312 3452 λόγων
1341 3383 1859 3456 χαρακτηρίζοντες,
1899 3385 1960 3436 οὑ
1989 3382 2083 3454 μό-

501 3489 592 3523 νον
632 3470 769 3539 ἀλση
819 3467 1081 3521 θάλλοντα
1115 3469 1208 3520 καὶ
1253 3467 1527 3538 λειμῶνας
1576 3468 2083 3530 ἀναδλαστάνοντας

500 3555 598 3610 καὶ
645 3551 818 3624 αὔρας
855 3550 989 3622 πρὸς
1037 3550 1332 3605 ἀναϐίωσιν
1368 3551 1836 3624 κατεπειγομένας
1887 3550 2081 3604 ἐνεδεί-

501 3653 728 3708 κνυμεν,
761 3634 896 3688 ἀλλά
925 3635 1020 3688 καὶ
1041 3635 1140 3704 τὴν
1166 3634 1441 3707 ἡμετέραν
1475 3635 1636 3704 φύσιν
1669 3635 1812 3689 κατά
1836 3633 1926 3688 τὸν
1956 3651 2079 3688 και-

498 3723 590 3792 ρὸν
623 3719 808 3773 τοῦτον
834 3719 902 3772 τά
929 3721 1030 3790 τῆς
1058 3719 1407 3782 ἀναστάσεως
1431 3718 1754 3791 δεδεγμένην
1783 3719 2082 3788 ἀπεφαίνο-

505 3821 603 3873 μεν
639 3801 904 3872 σύμϐολα,
937 3802 1031 3854 καὶ
1052 3801 1363 3873 πρόσφορον
1389 3819 1511 3856 τινα
1539 3802 1618 3873 τῷ
1649 3801 1825 3873 καιρῷ
1857 3801 2084 3872 ζητοῦν-

498 3904 591 3950 τες
621 3885 901 3949 ὑπόθεσιν,
935 3883 1027 3938 τὸν
1061 3884 1407 3955 ἀναζήσαντα
1437 3885 1684 3956 Λάζαρον
1728 3885 2078 3957 εἱλκύσαμεν.

514 3969 674 4022 Ἃλλά
702 3970 838 4039 πρὸς
862 3969 963 4040 τὴν
995 3969 1288 4038 ὑπόσχεσιν
1317 3970 1598 4041 διαρκέσαι
1629 3971 1704 4041 μὴ
1742 3969 2081 4041 δυνηθέντες,

493 4055 636 4110 κατά
664 4055 725 4107 τδ
747 4053 961 4125 πρῶτον
991 4053 1211 4123 ὲγχείρη
1219 4070 1295 4123 μα
1321 4053 1410 4106 τὸν
1427 4053 1582 4122 λόγον
1607 4055 2045 4125 συνεπεράναμεν
2065 4071 2079 4085 ⁸

501 4139 596 4190 καὶ
628 4139 733 4208 πρὸ
763 4138 979 4191 πάντων
1010 4137 1459 4206 ὲπιζητήσαντες,
1489 4138 1632 4201 τίνος
1655 4139 1813 4209 χάριν
1843 4139 1948 4191 ὑπὸ
1972 4138 2082 4193 τῶν

501 4220 704 4272 λοιπῶν
755 4219 1158 4288 εύαγγελιστῶν
1191 4222 1220 4272 ό
1251 4220 1500 4291 Λάζαρος
1551 4221 1814 4291 σιγηθεὶς,
1861 4222 2082 4293 Ἰωάννῃ

505 4304 651 4374 μόνῳ
674 4303 1107 4373 συγγέγραπται,
1140 4302 1402 4374 ἐλέγομεν
1411 4343 1424 4368 ,
1437 4305 1520 4357 ὅτι
1535 4305 1631 4376 τὴν
1645 4306 1880 4374 ὑποψίαν
1898 4305 1925 4344 ι’
1945 4305 2082 4358 πλά-

503 4403 708 4456 σματος
751 4386 1300 4456 προὺποτεμνόμενον
1327 4388 1388 4440 τὸ
1432 4389 1656 4458 Πνεῦμα
1684 4389 1743 4442 τὸ
1769 4389 1922 4458 ἀγιον
1958 4406 2083 4442 συν-

500 4468 745 4539 εχώρησε
771 4471 884 4531 τοῖς
917 4468 1326 4536 εὑαγγελισταῖς
1359 4471 1424 4523 ὲκ
1469 4471 1684 4525 συνόδου
1728 4489 1788 4526 τε
1819 4472 1912 4525 καὶ
1940 4490 2080 4544 συμ-

501 4554 705 4622 φωνίας
737 4553 805 4607 τὰ
825 4551 918 4606 τοῦ
951 4553 1201 4624 Σωτῆρος
1228 4556 1744 4627 ἀναγεγραφηκέναι
1766 4556 1832 4611 τὰ
1865 4556 2079 4628 θαύμα-

497 4655 587 4701 τα,
624 4635 762 4690 ἀλλὰ
789 4637 883 4692 καὶ
918 4636 1251 4708 παραλιπεῖν
1278 4637 1435 4691 ἄλλον
1455 4637 1582 4691 ἄλλο
1627 4657 1680 4692 τι
1729 4643 2078 4711 παρεσκεύα-

500 4738 612 4784 σεν,
642 4720 869 4790 ἐναργὲς
898 4721 1198 4793 τεκμήριον
1224 4720 1565 4791 ποιούμενον,
1605 4723 1664 4774 τὸ
1683 4734 1704 4762 ι
1742 4723 1815 4794 μὴ
1849 4726 2082 4798 κακούρ-

495 4821 626 4872 γως,
663 4803 797 4876 μηδὲ
823 4805 886 4858 ὲκ
911 4803 1287 4874 παρασκευῆς,
1315 4804 1447 4875 μηδὲ
1469 4807 1530 4858 ἐκ
1551 4805 1907 4876 συνθήματος.
1944 4811 2079 4880 μηδὲ

495 4888 632 4957 πρὸς
679 4889 837 4958 χάριν
881 4889 1061 4952 αὑτοῖς
1089 4887 1504 4958 συγγεγράφθαι
1534 4889 1602 4943 τά
1632 4890 1946 4960 εὐαγγέλια,
1983 4897 2078 4948 καὶ

494 4970 634 5022 ὥστε
663 4971 862 5032 πάντα.
894 4973 1021 5026 ὅταν
1050 4971 1110 5024 τὸ
1154 4971 1482 5041 φαινόμενον
1530 4972 1776 5046 ἐλλείψῃ,
1812 4975 1910 5047 τὴν
1943 4978 2078 5031 άπε-

494 5054 713 5126 ρίεργον
775 5053 932 5126 1647]
985 5053 1247 5124 ἀλήθειαν
1325 5056 1660 5126 σαφηνίζειν.
1742 5058 1902 5112 Ἀλλά
1951 5061 2072 5113 τού-

491 5155 598 5192 των
628 5140 826 5201 ίκανῶς
853 5140 975 5192 τότε
1005 5139 1662 5210 προκατασκευασθέντων
1686 5142 1837 5212 ἡμῖν,
1869 5147 2076 5216 σκοπή-

491 5239 672 5294 σωμεν
703 5223 788 5287 τίς
816 5224 848 5294 ἡ
881 5221 1020 5276 κατά
1067 5221 1160 5275 τὸν
1207 5223 1458 5294 Λάζαρον
1509 5223 1921 5298 θαυματουργία
1961 5232 2075 5293 τοῖς

490 5305 938 5376 εύαγγελισταῖςε1
976 5303 1228 5377 εὔκαιρος
1293 5308 1472 5378 χρεία.
1532 5308 1710 5363 Πολλά
1771 5310 1907 5380 πρὸς
1947 5314 2073 5377 τοὺς

552 5419 579 5485 ἦ
602 5419 702 5485 εἰς,
727 5421 1007 5485 postulante
1036 5434 1204 5480 sensu,
1239 5421 1612 5470 rescribendum
1636 5421 1749 5480 fult;
1777 5425 1894 5485 quid
1924 5427 2058 5476 enim

489 5478 581 5546 sint
602 5480 708 5546 {ult
729 5478 867 5546 ἀέρος
893 5485 1122 5545 στέφανον
1140 5478 1484 5546 διαπλέκοντες,
1509 5490 1651 5546 antea
1679 5478 2055 5546 editi-ImilEmr.

491 5602 533 5663 ρ(
552 5539 580 5577 'n
600 5540 681 5648 sic
702 5539 807 5603 nos',
845 5539 997 5593 sensu
1018 5546 1171 5605 duce;
1201 5545 1368 5593 Montl‘.
1395 5545 1611 5606 ὑπορίαν,
1633 5547 1713 5595 ed.
1737 5545 1916 5598 Venet.
1940 5551 2074 5598 ἀπο‹.

537 5617 607 5648 αν.
673 5615 765 5649 ιιιτ.

537 5617 607 5648 αν.
632 5615 765 5649 ινιτ.

551 5664 576 5694 ⁸
602 5662 807 5711 Omnino
831 5667 1093 5726 legendum
1119 5687 1253 5718 τεκυ..
1277 5667 1418 5716 τοῦτο
1440 5675 1717 5728 ποιούμενον
1737 5670 1836 5717 τοῦ.
1867 5671 2004 5722 Enl'r.

2187 3215 2436 3287 μαθητάς
2469 3214 2727 3280 πολλάκις
2754 3217 2882 3288 περὶ
2907 3214 3000 3270 τοῦ
3033 3213 3238 3278 πάθους
3260 3211 3561 3284 διαλεχθεὶς
3597 3215 3624 3266 ό
3651 3214 3779 3267 Σω-

2183 3299 2310 3371 τὴρ,
2342 3299 2659 3372 ναρκῶντας
2691 3300 2858 3372 ἑώρα,
2887 3299 3136 3372 καὶπρὸς
3156 3297 3412 3368 τοιαύτην
3434 3299 3603 3368 ἀκοὴν
3633 3300 3766 3352 ὑπο-
3795 3301 3810 3313 “

2185 3385 2524 3459 φρίττοντας,
2572 3385 2666 3439 καὶ
2709 3384 2992 3447 ἀσθενείας
3049 3383 3313 3455 μᾶλλονῆ
3365 3383 3677 3455 οἰκονομίας
3709 3385 3769 3436 τδ

2185 3469 2633 3541 προμηνυόμενον
2675 3469 2847 3533 πάθος
2897 3468 3395 3540 ὑπολαμϐάνοντας,
3432 3468 3525 3522 καὶ
3565 3467 3795 3538 άνθρω-

2185 3554 2361 3618 πίνοις
2407 3554 2486 3606 ἐτι
2543 3553 2824 3624 λογισμοῖς
2875 3552 3257 3624 ριπιζομὲνους
3295 3553 3390 3606 καὶ
3440 3552 3770 3623 τρέμοντας.

2184 3638 2283 3692 Διά
2313 3637 2470 3692 τοῦτο
2520 3639 2620 3709 ἢδη
2671 3637 2764 3691 τοῦ
2815 3637 3024 3700 πάθους
3076 3636 3484 3707 πλησιάζοντος,
3516 3638 3610 3688 καὶ
3671 3634 3769 3688 τοῦ

2186 3721 2416 3794 σταυροῦ
2443 3722 2723 3792 μέλλοντος
2752 3719 3077 3792 πήγνυσθαι,
3105 3721 3382 3790 ἀνίστησιν
3425 3717 3772 3771 ἀποθανόντα

2183 3807 2274 3861 τὸν
2303 3806 2575 3878 Λάζαρον,
2613 3807 2699 3859 ἵνα
2724 3805 2870 3877 ἔργῳ
2895 3804 3081 3878 διδάξῃ
3113 3805 3238 3866 τοὺς
3262 3802 3769 3873 μαθητευομὲνους,

2184 3891 2260 3954 ὼς
2292 3892 2390 3944 οὑκ
2421 3891 2703 3954 ἀσθενείας
2724 3891 2751 3942 ὁ
2781 3888 3010 3958 σταυρὸς
3039 3889 3131 3941 καὶ
3160 3889 3188 3939 ό
3211 3885 3457 3950 θάνατος,
3489 3886 3573 3937 ἵνα
3600 3885 3768 3955 πείσῃ

2183 3975 2309 4038 τοὺς
2333 3975 2628 4044 παρόντας,
2658 3975 2740 4027 ὅτι
2768 3973 2980 4042 θανάτῳ
3011 3972 3109 4042 μὲν
3140 3971 3437 4033 ἐπιτάττει,
3471 3968 3564 4021 καὶ
3585 3968 3769 4038 ψυχὴν

2184 4058 2533 4113 ἀνακαλεῖται
2550 4057 2657 4111 τῶν
2686 4059 2889 4126 γηΐνων
2905 4055 3270 4110 άπολυθεῖσαν
3300 4053 3535 4124 δεσμῶν.
3567 4052 3769 4123 Σκοπῴ

2183 4142 2242 4197 δέ
2279 4160 2386 4196 τινι
2416 4142 2508 4195 τὸν
2540 4142 2785 4195 ἑκούσιον
2812 4139 3103 4208 ὑφίσταται
3135 4137 3381 4199 θάνατον,
3414 4137 3507 4189 καὶ
3533 4136 3673 4205 τάχα
3709 4136 3769 4188 δὲ

2185 4225 2604 4296 προδιαγράφων
2627 4225 2682 4276 ἐν
2705 4223 2782 4294 τῷ
2819 4223 3055 4293 Λαζάρῳ
3086 4221 3179 4292 τὴν
3213 4221 3350 4292 μετά
3373 4223 3521 4291 τρεῖς
3550 4213 3770 4289 ἡμέρας

2184 4308 2502 4373 ἀνάστασιν,
2535 4307 2630 4361 καὶ
2663 4310 2729 4378 τῇ
2762 4307 3011 4376 συντόμῳ
3042 4304 3351 4376 προθεσμίᾳ
3400 4305 3496 4374 τῆς
3525 4302 3629 4355 ὑπὸ
3661 4303 3767 4371 γῆν

2183 4391 2468 4464 διατριῦἧς
2511 4393 2638 4455 τοὺς
2669 4389 3040 4462 μικροψύχους
3070 4387 3634 4458 παραμυθησάμενος,
3670 4388 3768 4439 καὶ

2182 4475 2241 4528 ὲν
2274 4474 2563 4546 προθύροις
2592 4473 2686 4527 τοῦ
2713 4471 2947 4544 σταυροῦ
2979 4472 3068 4524 τὸν
3100 4471 3261 4541 φόϐον
3300 4471 3613 4539 ἀναγκαίως
3655 4469 3768 4521 τῶν

2186 4559 2440 4630 μαθητῶν
2492 4558 2800 4622 ὑπεκλύων,
2842 4557 2949 4618 καὶ,
2987 4556 3199 4619 δεικνὺς
3237 4557 3317 4609 ὅτι
3345 4555 3406 4608 τό
3460 4553 3538 4623 τῷ
3584 4554 3768 4623 ἑτέρῳ

2181 4644 2312 4714 παρ’
2345 4641 2509 4698 αὑτοῦ
2547 4641 2803 4712 χαρισθὲν
2844 4641 2937 4694 καὶ
2974 4640 3122 4712 αύτῷ
3171 4640 3300 4712 παρ’
3325 4638 3517 4693 ἑαυτοῦ
3565 4637 3769 4710 ῥᾳδίως

2183 4726 2434 4801 ὑπάρξει,
2458 4725 2549 4780 διὰ
2569 4725 2746 4778 αὑτῶν
2776 4724 2882 4777 τῶν
2906 4735 2928 4762 ε
2962 4724 3136 4794 ἔργων
3169 4722 3602 4794 ἀμφιϐάλλοντας
3636 4737 3765 4772 νου-

2183 4811 2374 4874 θετῶν,
2411 4810 2505 4862 κοιλ⁵
2542 4808 2769 4878 τοιούτῳ
2813 4809 3001 4880 τρόπῳ
3054 4809 3236 4878 φωνὰς
3278 4810 3389 4868 τοῖς
3437 4804 3766 4875 πράγμασιν

2175 4894 2514 4967 περιάπτων,
2550 4892 2644 4946 καὶ
2675 4893 2742 4945 δι’
2774 4886 2848 4946 ὧν
2878 4893 3049 4946 ἐποίει
3095 4892 3278 4962 σχεδὸν
3317 4891 3490 4945 ταῦτα
3520 4889 3767 4958 φθεγγό-

2177 4995 2364 5050 μενοςο
2391 4976 2632 5047 οὑδαμοῦ
2682 4976 2780 5048 τὴν
2810 4975 3212 5046 ἀναληφθεῖσαν
3232 4974 3627 5046 ἀνθρωπότητα
3659 4973 3770 5042 τῆς

2175 5064 2325 5126 θείας
2355 5061 2640 5133 ἐνεργείας
2669 5061 2900 5130 ἄμικτον
2945 5059 3297 5122 ἀπολέλοιπα,
3334 5057 3468 5112 ἀλλὰ
3509 5055 3606 5109 νῦν
3660 5057 3776 5126 μὲν

2173 5145 2248 5208 ὼς
2279 5142 2582 5214 ἄνθρωπος,
2619 5143 2712 5196 νῦν
2749 5142 2806 5195 δὲ
2844 5141 2920 5206 ὼς
2966 5142 3097 5208 Θεὸς
3131 5141 3262 5211 ἐγὼ,
3299 5138 3409 5211 τῇῒ
3447 5139 3548 5209 μὲν
3595 5139 3778 5206 φύσιν

2178 5227 2515 5289 ὑποδεικνὺς,
2544 5229 2612 5297 τῇ
2655 5226 2711 5279 δὲ
2761 5225 2858 5297 τὴν
2913 5227 3224 5296 οἰκονομίαν
3256 5222 3638 5294 πιστούμενος,
3669 5224 3778 5275 καὶ

2178 5313 2444 5367 διδάσκων
2465 5311 2533 5363 τὰ
2565 5310 2662 5380 μὲν
2687 5310 3046 5380 ταπεινότερα
3068 5310 3400 5381 προσάπτειν
3430 5309 3497 5378 τῇ
3538 5306 3642 5360 ἀνθ
3654 5323 3776 5377 ρω-

2229 5426 2254 5466 d
2276 5425 2564 5499 legendum
2593 5425 2786 5499 videtur
2812 5427 2910 5480 τοῖς
2934 5425 3281 5499 μαθῃταῖς,ιιίεί
3306 5425 3446 5472 malls
3467 5423 3798 5499 τῷιὺαγχετ

2166 5491 2402 5557 λιστῇηειί
2425 5489 2516 5536 hoc
2556 5496 2823 5557 postremo
2853 5489 2996 5557 modo
3039 5490 3246 5557 legatur,
3285 5499 3462 5557 sensu:
3486 5487 3586 5557 erit
3617 5500 3629 5526 :
3682 5487 3794 5538 Cui

2167 5548 2442 5614 ορροιοιιυιοΔ
2462 5548 2568 5598 usui
2580 5549 2800 5612 Evangcl
2809 5548 2897 5598 ista
2922 5549 3093 5614 Lazuri
3113 5548 3402 5614 miror-nium
3415 5552 3602 5597 narret.

2237 5626 2258 5651 ο
2289 5611 2475 5666 Montf.,
2512 5613 2675 5658 alieno
2698 5611 2868 5664 sensu,
2890 5613 2984 5658 τῶν
3008 5612 3178 5659 αὐτῶν.
3214 5612 3344 5661 Ιῖοιτ.

2237 5671 2253 5707 ί
2285 5673 2447 5721 Monii.
2471 5675 2570 5729 τήν,
2598 5673 2726 5733 quod
2751 5675 3067 5721 correximus.
3097 5674 3226 5725 lion,
