4080 6196
282 258 380 312 ομ
1394 255 1458 308 IN
1501 255 2061 321 QUATIHDUANUM
2103 260 2454 319 LAZARL’M.

282 475 584 488 ...ραι-...⁸.-

3197 477 3553 492 -ο-υ-ι-ξοες

283 493 382 501 ——_
393 490 480 497 ,σ-
494 491 600 498 ρσ-...-
609 491 2059 500 ———-._—_—____—_._.__.~—___~___.__—.___________

2785 496 2924 501 in.“
2937 496 2950 500 -
2963 491 3534 501 -“υ“,.-⁴--*νσ-.-.-,ο-“ο-.σι

348 897 453 960 ΛΕ
497 896 606 956 DE
645 894 979 957 SANCTIS
1014 894 1544 957 MARTYRIBUS
1583 896 1986 983 DOMNINA,
2032 896 2378 958 BERNICE
2411 899 2513 958 ET
2546 897 2967 959 PROSDOCE
3014 896 3501 959 ADMONlTlO.

286 1315 596 1374 inaccessas
620 1315 792 1372 fuisse
833 1315 1103 1385 virgines;
1139 1311 1290 1385 quod
1315 1312 1501 1384 utique
1531 1313 1658 1370 licet
1679 1315 1907 1372 sileatur
1939 1317 1994 1372 in
2029 1316 2232 1386 priore,
2265 1314 2518 1385 congruit
2548 1323 2730 1370 tamen
2757 1330 2884 1368 cum
2913 1313 2992 1368 eis
3037 1331 3159 1385 qua:
3207 1331 3360 1370 num.
3384 1317 3414 1370 7
3459 1317 3546 1375 di-

283 1439 483 1484 cu..tur
510 1449 522 1484 :
551 1429 642 1484 ubi
675 1444 928 1500 quaerens
965 1427 1393 1499 Chrysostomus
1423 1442 1524 1482 cur
1557 1426 1829 1484 Domnina
1866 1428 2138 1500 judicium
2168 1429 2524 1498 praverterit,
2556 1438 2609 1485 et
2641 1438 2934 1498 antequam
2963 1436 3089 1482 ante
3117 1428 3359 1498 iudicem
3387 1431 3550 1486 siste-

281 1556 438 1600 retur
473 1561 598 1600 cum
644 1545 860 1600 ﬁliabus
889 1559 1009 1599 sese
1044 1544 1096 1597 in
1124 1543 1324 1599 ﬂumen
1354 1543 1797 1614 prrecipitaverit,
1825 1545 2116 1616 respondet
2146 1545 2198 1600 id
2234 1543 2453 1612 fecisse,
2501 1561 2568 1600 ne
2603 1544 2727 1615 quis
2761 1543 2998 1597 filiarum
3044 1556 3417 1614 corrumperet
3443 1549 3552 1601 vir-

283 1669 566 1741 ginitatem
605 1686 618 1723 :
660 1684 771 1740 quo
820 1667 1066 1724 innuitur
1091 1667 1333 1737 iudicem
1371 1683 1467 1722 seu
1502 1678 1792 1739 tyrannum
1829 1668 2112 1725 Domninae
2147 1669 2365 1724 filiabus
2398 1669 2712 1740 cupiditatis
2757 1669 2946 1725 oculos
2979 1670 3276 1741 adjeeisse.
3303 1669 3378 1724 De
3410 1684 3557 1724 anno

282 1786 447 1856 hujus
485 1785 683 1839 habita:
711 1785 994 1840 concionis
1022 1784 1154 1838 nihil
1178 1784 1359 1841 adhuc
1390 1785 1660 1854 expiscari
1695 1785 1998 1856 potuimus.

354 1941 494 1995 iluie
520 1941 584 1996 de
611 1941 812 1996 sanctis
850 1939 1168 1996 mulieribus
1219 1925 1772 2011 sermoni‘praemittit
1810 1941 2238 2014 Chrysostomus
2275 1943 2558 1999 concionis
2585 1943 2875 2013 praeteritae
2902 1943 3180 2014 reliquias,
3221 1943 3310 1998 ubi
3351 1944 3552 2015 quaesi-

283 2069 398 2113 tum
429 2057 606 2113 fuerat
626 2073 725 2112 cur
745 2057 986 2115 Joannes
1014 2059 1165 2115 solus
1192 2059 1664 2132 Evangelistarum
1691 2061 1758 2117 de
1784 2060 1991 2115 Lazaro
2014 2060 2386 2130 quatriduauo
2413 2061 2677 2133 loquutus
2705 2069 2854 2117 esset
2881 2079 2892 2114 :
2928 2070 3216 2130 postquam
3250 2075 3376 2116 vero
3406 2075 3543 2114 cau-

280 2191 402 2230 sam
440 2174 640 2240 attulit,
665 2174 734 2229 de
783 2173 988 2229 Lazaro
1027 2191 1137 2230 non
1170 2189 1345 2245 pauca
1377 2175 1542 2231 solito
1575 2176 1714 2248 stylo
1751 2175 2129 2246 orationisque
2164 2190 2362 2246 genere
2395 2175 2638 2232 disserit.
2675 2175 2753 2231 Et
2782 2187 3024 2244 tempore
3072 2184 3254 2231 autem
3297 2190 3558 2245 pronun-

284 2289 418 2343 tiata
452 2288 621 2345 fuisse
651 2289 862 2345 videtur
890 2289 1005 2345 haec
1033 2291 1249 2358 concio,
1283 2300 1342 2345 ut
1375 2301 1427 2346 et
1457 2283 1578 2346 aliae
1613 2307 1718 2346 non
1744 2307 1950 2362 paucae,
1991 2307 2111 2362 qua:
2133 2292 2280 2362 paris
2314 2300 2445 2347 sunt
2477 2291 2785 2348 brevitatis.

1037 2569 2050 2580 mmm__———h-
2064 2573 2080 2576 _
2107 2572 2132 2577 .-.
2145 2571 2370 2578 κου-*-

1050 2790 1170 2874 ΙΝ
1215 2769 2191 2900 QUATRIDUANUM
2233 2792 2831 2898 LAZARUM,

819 2973 898 3016 nr
943 2973 1024 3014 DE
1069 2974 1156 3029 ss.
1204 2971 1635 3028 MARTYRIBUS,
1683 2970 1996 3027 DOMNINA,
2043 2971 2316 3016 BERXICE
2361 2973 2442 3015 ET
2486 2937 2810 3019 ruosnocu
2855 2960 2954 3033 (a).
2996 2987 3008 3002 ι

1614 3099 2230 3178 WGW

1972 3243 2191 3312 seipulis
2222 3243 2418 3298 utilitas
2447 3252 2744 3316 promanet.
2795 3246 2955 3302 Multa
2987 3247 3056 3304 de
3091 3251 3338 3320 passione
3364 3269 3458 3310 sna
3482 3255 3572 3311 di-

1973 3336 2192 3406 scipulis
2219 3351 2361 3407 smpe
2378 3336 2630 3407 loquutus
2652 3337 2923 3405 Servator,
2944 3349 3216 3410 torpentes
3251 3345 3370 3401 illos
3390 3348 3567 3402 animo

1975 3427 2294 3484 advertebat
2325 3470 2340 3494 ,
2386 3429 2456 3484 ob
2495 3429 2654 3485 talem
2683 3431 3042 3488 narrationem
3080 3435 3382 3504 horrentes,
3409 3449 3567 3510 atque

1979 3521 2303 3577 infirmitatis
2343 3522 2518 3592 potius
2544 3563 2560 3590 ,
2584 3539 2744 3594 quam
2770 3526 3084 3580 oeconomiae
3109 3568 3123 3593 ,
3154 3531 3566 3597 praenuntiatam

345 3251 448 3306 Cur
475 3251 813 3322 Euangelislaa
837 3250 1122 3304 noneadem
1140 3266 1334 3319 semper
1360 3265 1530 3302 omnes
1560 3247 1862 3300 describant.

271 3343 460 3397 Lazari
499 3345 796 3398 resurrectio
829 3341 1012 3398 Chriin
1041 3343 1391 3398 resurrectioni
1430 3341 1584 3412 [idem
1626 3341 1768 3413 facit.
1795 3369 1866 3380 --

268 3433 473 3503 Nuper,
518 3434 730 3498 dilecti,
770 3434 1009 3489 ﬂoridam
1048 3433 1190 3489 veris
1234 3433 1250 3464 ¹
1290 3448 1542 3489 coronam
1586 3432 1735 3487 vobis
1774 3447 1869 3486 ne-

267 3537 514 3593 ctentes,
543 3537 596 3581 et
627 3527 748 3580 anni
798 3535 1166 3593 tempestatem
1195 3541 1292 3580 ceu
1322 3525 1371 3578 in
1403 3525 1575 3580 tabula
1605 3525 1868 3580 sermonis

268 3617 610 3672 delineantes
635 3659 648 3681 ,
693 3633 798 3671 non
835 3616 994 3672 modo
1029 3632 1247 3671 nemora
1277 3617 1438 3671 ramis
1468 3625 1651 3670 ornata
1673 3657 1687 3681 ,
1716 3625 1866 3685 prata

269 3711 518 3764 ﬂorentia
557 3721 608 3766 ct
659 3725 820 3765 auras
847 3710 912 3765 ad
942 3710 1103 3764 vitam
1148 3720 1464 3765 revocantes
1486 3709 1865 3775 exhibuimus;

270 3804 367 3858 scd
404 3814 650 3859 naturam
674 3821 890 3876 quoque
919 3815 1156 3861 nostram
1189 3807 1292 3861 hoc
1340 3817 1580 3878 tempore
1622 3822 1866 3862 resurreo

271 3895 470 3951 ctionis
498 3897 742 3967 symbola
767 3905 976 3952 nactam
1008 3897 1344 3952 ostendimus
1368 3915 1381 3949 :
1403 3904 1562 3968 atque
1587 3912 1869 3966 argumen-

272 3995 386 4042 tum
456 3989 680 4057 tempori
743 4003 1042 4058 congruens
1102 3989 1515 4058 perquirentes,
1575 3987 1867 4044 redivivum

270 4077 537 4135 Lazarum
565 4082 898 4140 attraximus.
935 4081 1129 4138 Verum
1161 4099 1278 4137 cum
1311 4083 1570 4152 promissa
1598 4083 1871 4152 complere

271 4186 379 4224 non
413 4186 696 4240 possemus
725 4214 741 4239 ,
783 4173 835 4228 in
866 4174 1038 4244 primo
1065 4183 1260 4230 Cunatu
1291 4174 1548 4229 orationis
1580 4178 1866 4231 terminum

272 4264 593 4332 posuimus;
634 4280 697 4321 ac
738 4283 858 4320 cum
885 4267 1056 4336 primo
1083 4269 1199 4322 loco
1226 4267 1659 4338 quzesivissemus
1677 4308 1693 4334 ,
1719 4284 1814 4323 cur
1837 4283 1870 4324 a

267 4355 485 4410 ameris
511 4357 850 4428 evangelistis
881 4359 1272 4427 prietermissus
1311 4358 1564 4426 Lazarus,
1597 4374 1626 4413 a
1653 4358 1866 4416 Joanne

267 4446 390 4500 solo
422 4457 749 4503 memoratus
771 4448 956 4505 fuisset
981 4448 1166 4521 (Joan.
1201 4447 1328 4520 11),
1353 4451 1814 4520 respondebamus
1845 4493 1862 4519 ,

265 4538 534 4608 Spiritum
561 4549 803 4595 sanctum
832 4583 847 4607 ,
887 4551 943 4596 ut
971 4543 1256 4598 commenti
1292 4543 1649 4613 suspicionem
1681 4544 1870 4614 prmci-

263 4630 466 4696 deret,
510 4633 824 4705 permisisse
869 4644 927 4688 ut
977 4634 1316 4704 evangelista:
1361 4651 1480 4706 quae
1511 4635 1578 4690 ad
1608 4635 1865 4694 miracula

260 4722 578 4779 Servatoris
620 4725 951 4794 pertinerent
992 4725 1412 4781 concordissime
1454 4726 1864 4794 describerent;

259 4829 494 4868 curasse
534 4823 708 4870 tamen
755 4823 811 4870 ut
855 4815 989 4870 alius
1029 4816 1170 4871 aliud
1205 4817 1476 4888 quidpiam
1525 4818 1863 4887 prietcriret:

258 4905 415 4976 quod
460 4904 671 4975 signum
702 4916 844 4961 esset
887 4907 1227 4978 perspicuum
1259 4910 1400 4979 ipsos
1429 4924 1604 4982 neque
1633 4909 1825 4966 callide
1849 4952 1866 4977 ,

256 4996 564 5066 deditaque
586 5013 746 5069 opera
773 5040 787 5062 ,
820 5014 994 5054 unove
1023 5014 1288 5055 consensu
1314 5041 1329 5067 ,
1357 5016 1528 5071 neque
1554 5000 1621 5055 ad
1643 5001 1866 5072 gratiam

258 5088 564 5157 Evangelia
589 5087 872 5159 scripsisse
898 5133 911 5154 ,
943 5092 1010 5144 ita
1037 5099 1093 5145 ut
1114 5093 1291 5146 omnia
1318 5132 1334 5160 ,
1366 5108 1488 5147 cum
1513 5093 1783 5164 quidpiam
1814 5094 1867 5150 in

253 5177 457 5248 aliquo
488 5177 701 5234 decSSet
729 5221 743 5247 ,
799 5179 1078 5234 veritatem
1125 5182 1242 5237 sine
1270 5181 1391 5238 fuco
1411 5181 1770 5239 declararent.
1799 5187 1868 5240 At

252 5283 395 5323 cum
431 5269 547 5321 haec
579 5276 748 5324 tunca
777 5270 932 5326 nobis
948 5272 1077 5326 satis
1103 5281 1420 5341 pertractata
1451 5273 1666 5340 fuerint,
1699 5276 1866 5348 inspi-

253 5361 480 5414 ciamus
507 5376 752 5430 quaenam
781 5377 847 5417 ex
888 5362 988 5419 hoc
1012 5364 1154 5420 circa
1195 5363 1458 5420 Lazarum
1489 5365 1748 5422 miraculo
1781 5368 1863 5422 di-

329 5581 352 5645 '_
391 5575 585 5645 tlontef.
612 5577 760 5643 legit,
783 5579 929 5639 aeris.
954 5581 1086 5645 quod
1107 5583 1372 5634 absurdum
1398 5584 1605 5636 videtur.

327 5640 412 5698 (α)
447 5646 510 5690 Ex
531 5640 698 5693 Codice
720 5640 1088 5696 Eminentis'simi
1105 5645 1364 5698 Cardinalis
1385 5648 1625 5699 Ottoboni.

1977 3615 2280 3685 passionem
2324 3631 2446 3671 esse
2497 3617 2833 3690 suspicantes
2859 3660 2873 3684 ,
2906 3626 3088 3690 utpote
3118 3620 3365 3675 humanis
3393 3622 3567 3679 adhuc

1977 3706 2273 3760 ratiociniis
2317 3707 2544 3776 agitatos
2592 3722 2655 3762 ac
2702 3715 3012 3765 trementes.
3059 3710 3398 3784 QuaprOpter
3443 3730 3566 3772 cum

1970 3795 2081 3866 jam
2113 3797 2334 3854 instaret
2357 3800 2619 3869 passionis
2648 3809 2874 3870 tempus,
2906 3811 2959 3858 et
2979 3801 3088 3872 jam
3105 3806 3403 3873 proximum
3425 3821 3568 3868 esset

1978 3897 2036 3942 ut
2064 3905 2193 3944 crux
2225 3889 2579 3961 deligeretur,
2624 3892 2882 3948 Lazarum
2914 3903 3182 3950 mortuum
3211 3899 3434 3953 suscitat
3461 3941 3477 3965 ,
3508 3912 3565 3956 ut

1977 3995 2138 4050 Opere
2167 3981 2456 4052 discipulos
2486 3983 2696 4048 doceat,
2727 4001 2832 4038 non
2863 3985 3186 4042 infirmitatis
3212 4004 3332 4045 esse
3360 3992 3567 4060 passio-

1977 4088 2098 4128 nem
2128 4083 2182 4129 et
2220 4088 2474 4141 erucem;
2519 4085 2574 4130 ut
2601 4076 2954 4144 prmsentibus
2979 4076 3137 4132 fidem
3177 4079 3374 4147 faciat,
3417 4097 3476 4136 se
3515 4091 3569 4138 et

1977 4167 2136 4221 morti
2167 4165 2429 4236 imperare
2452 4208 2467 4234 ,
2490 4177 2547 4223 et
2573 4169 2801 4223 terrenis
2823 4169 3045 4246 vinculis
3072 4171 3303 4227 solutam
3331 4174 3566 4230 animam

1977 4271 2231 4312 revocare
2261 4266 2456 4328 :atque
2493 4259 2787 4314 secundum
2818 4261 3049 4329 aliquem
3095 4278 3314 4334 scopum
3345 4275 3568 4335 sponta-

1977 4362 2134 4403 ncam
2164 4358 2393 4404 mortem
2442 4365 2595 4405 suam
2645 4352 2933 4420 proponit,
2974 4352 3218 4424 forteque
3263 4356 3317 4410 in
3363 4356 3568 4415 Lazaro

1976 4454 2130 4496 suam
2158 4451 2280 4510 post
2311 4442 2543 4498 triduum
2572 4444 3018 4500 resurrectionem
3045 4446 3189 4515 prius
3209 4446 3484 4518 describit,
3505 4466 3568 4508 ac

1975 4529 2044 4586 de
2085 4531 2400 4590 brevissimo
2443 4535 2535 4589 illo
2577 4547 2816 4604 tempore
2842 4551 2948 4606 quo
2971 4536 3071 4592 sub
3094 4547 3233 4594 terra
3256 4551 3567 4598 versatum:

1977 4639 2092 4684 erat
2120 4629 2413 4684 imbecilles
2440 4628 2620 4684 animo
2641 4629 2982 4685 consolatur:
3014 4639 3172 4702 atque
3207 4631 3260 4686 in
3297 4635 3476 4689 crucis
3502 4635 3569 4690 li-

1980 4723 2123 4778 mine
2143 4722 2526 4792 diseipnlorum
2553 4731 2752 4777 metum
2781 4731 3076 4792 opportune
3103 4723 3281 4790 solvit,
3307 4724 3566 4798 docetque

1977 4828 2038 4868 se
2069 4813 2237 4879 illam,
2287 4828 2445 4884 quam
2474 4811 2627 4867 alteri
2656 4811 2891 4882 impertit
2914 4813 3183 4882 ,gratiam
3228 4813 3327 4869 sibi
3370 4816 3466 4886 ipsi
3492 4818 3566 4871 fa-

1977 4907 2080 4961 cile
2133 4914 2533 4974 procuraturum
2590 4918 2711 4961 esse
2743 4921 2758 4961 :
2793 4905 3028 4974 ipsisque
3076 4907 3327 4975 operibus
3377 4907 3568 4967 dubios

1976 4999 2137 5053 animi
2183 4997 2638 5064 commonefacit,
2683 4996 2842 5053 rebus
2889 4998 3056 5068 gestis
3098 5014 3284 5055 vocem
3310 5002 3566 5072 quodam-

1975 5085 2138 5145 modo
2166 5089 2446 5162 adaptans,
2472 5089 2694 5161 ipsoque
2712 5087 2854 5144 facto
2880 5090 2962 5145 sic
2982 5105 3145 5160 prope
3171 5091 3430 5163 loquens:
3463 5096 3565 5150 As-

1974 5192 2242 5253 sumptam
2314 5181 2698 5236 humanitatem
2745 5181 2920 5236 divina
2975 5184 3289 5252 operatione
3346 5201 3566 5241 vacuam

1975 5289 2261 5344 numquam
2308 5273 2539 5345 reliqui;
2571 5269 2757 5328 verum
2796 5289 2938 5329 nunc
2985 5283 3041 5328 ut
3087 5274 3247 5330 homo
3274 5316 3290 5342 ,
3337 5292 3482 5332 nunc
3509 5287 3567 5332 ut

1978 5366 2136 5433 Deus,
2159 5382 2278 5421 cum
2307 5377 2548 5421 naturam
2579 5365 2921 5421 subindicans
2948 5409 2964 5434 ,
2995 5377 3104 5423 tum
3133 5369 3448 5424 oeconomia:
3493 5372 3558 5424 ti-

1975 5458 2097 5515 dem
2130 5457 2329 5514 faeiens
2353 5500 2366 5524 ,
2394 5457 2702 5531 docensque
2730 5459 3010 5515 humiliora
3035 5458 3102 5514 ad
3132 5458 3514 5517 humanitatem
3539 5503 3558 5530 ,

1977 5550 2284 5606 sublimiora
2314 5565 2441 5607 vero
2468 5549 2534 5606 ad
2564 5550 2896 5608 divinitatem
2926 5550 3200 5607 referenda
3227 5566 3347 5610 esse
3365 5593 3382 5622 ,
3407 5564 3564 5628 atque

1981 5657 2075 5712 per
2123 5641 2434 5714 inaequalem
2491 5641 2631 5700 hanc
2667 5658 2888 5714 Operum
2916 5643 3392 5714 temperationem,
3432 5649 3555 5701 ina:-
