4080 6196
492 291 592 354 843

485 441 696 504 qualem
725 432 1032 482 naturarum
1063 418 1311 475 unionem
1340 415 1694 484 interpretans
1713 455 1727 480 ,
1756 427 1819 474 ac
1840 427 1938 485 per
1967 427 2066 482 po-

487 501 734 580 testatem
785 517 839 572 in
885 513 1201 586 passiones,
1246 505 1574 561 voluntarias
1625 517 1746 558 esse
1797 501 2072 572 passiones

489 627 636 672 meas
663 611 976 671 declarans;
1012 612 1070 657 ut
1115 601 1258 656 Deus
1303 613 1398 668 per
1430 595 1690 668 jejunium
1739 602 1796 648 et
1842 592 2070 647 inediam

487 700 838 776 quadraginta
887 696 1093 751 dierum
1131 698 1375 745 naturam
1420 685 1681 742 relrenavi
1707 701 1724 751 ;
1750 682 2073 776 sedupostea

492 773 552 853 ut
578 796 739 852 homo
759 788 1076 859 defatigatus
1101 782 1296 839 esurivi
1319 800 1332 836 :
1365 781 1544 850 utique
1562 787 1618 832 ut
1633 777 1773 832 Deus
1793 773 2072 830 eﬁ‘eratum

492 903 636 944 inare
665 883 878 947 sedavi;
922 891 982 936 ut
1027 878 1188 932 homo
1229 890 1258 929 a
1285 872 1508 928 diabolo
1553 877 1786 924 tentatus
1819 880 1979 921 sum:
2014 872 2071 918 ut

493 981 634 1036 Deus
663 976 936 1032 darmonas
965 969 1184 1041 expuli;
1214 977 1270 1021 ut
1301 965 1463 1020 homo
1495 977 1591 1033 pro
1627 959 1931 1016 hominibus
1954 973 2071 1013 smn

491 1083 742 1142 passurus
767 1085 781 1122 :
805 1081 986 1121 verum
1012 1079 1080 1118 ne
1101 1059 1443 1132 suspicemini
1490 1055 1540 1112 id
1579 1071 1672 1126 per
1708 1053 2068 1108 inﬁrmitatem

489 1162 733 1218 accidere
753 1202 768 1226 ,
799 1160 1106 1229 priusquam
1138 1169 1283 1208 mors
1308 1149 1592 1214 adveniat,
1623 1162 1652 1198 a
1684 1153 1856 1200 morte
1883 1143 2075 1199 deten-

490 1266 600 1309 tum
641 1252 707 1307 ad
748 1252 910 1305 vitam
949 1259 1177 1302 revoco:
1205 1259 1270 1299 ac
1311 1251 1588 1314 postquam
1637 1235 1927 1292 divinitatis
1969 1235 2074 1289 vim

488 1347 960 1416 operationemque
981 1337 1268 1400 declaravi,
1293 1343 1420 1389 tunc
1443 1331 1782 1386 humanitatis
1797 1327 2074 1398 antiquum

489 1437 726 1493 debitum
765 1435 1010 1504 depono;
1038 1437 1314 1500 postquam
1332 1424 1542 1480 vincula
1561 1422 1718 1489 solvi,
1747 1431 1871 1476 tunc
1889 1422 2076 1475 vincu-

487 1531 554 1584 lis
579 1529 770 1598 alligor
796 1544 808 1579 :
841 1535 1000 1594 atque
1027 1523 1186 1578 rebus
1217 1519 1345 1590 ipsis
1365 1517 1696 1582 demonstro,
1731 1527 1818 1568 me
1844 1521 2078 1583 potesta-

491 1635 600 1678 tem
641 1621 841 1676 habere
887 1616 1119 1688 ponendi
1155 1615 1386 1668 animam
1436 1625 1609 1666 meam
1641 1651 1655 1676 ,
1680 1617 1732 1662 et
1762 1615 2078 1677 potestatem

491 1715 690 1770 habere
715 1713 904 1766 iterum
929 1707 1172 1765 sumendi
1203 1722 1319 1762 eam
1349 1703 1541 1776 (Joan.
1567 1702 1652 1758 10.
1685 1701 1749 1756 18
1771 1698 1812 1772 ).
1849 1701 1970 1752 llaec
1998 1707 2080 1753 est

492 1804 790 1862 Servatoris
819 1801 1060 1858 doctrina
1085 1797 1212 1870 ipsis
1239 1795 1490 1867 operibus
1519 1792 1751 1848 exhibita
1775 1807 1790 1845 :
1817 1789 1914 1844 nisi
1937 1789 2079 1844 enim

495 1899 596 1954 hoc
625 1903 790 1962 esset,
816 1909 880 1950 ac
914 1894 1015 1949 nisi
1051 1891 1279 1962 quadam
1330 1887 1535 1942 ratione
1579 1901 1734 1940 suum
1778 1883 1828 1936 in
1876 1882 2080 1936 Lazaro

493 1991 806 2047 miraculum
851 1987 1260 2050 concinnasset,
1293 1995 1628 2052 nequaquam
1661 1977 1899 2031 nuntiata
1939 1973 2076 2038 sibi,

493 2086 619 2139 dum
650 2085 750 2137 iter
773 2089 987 2151 ageret,
1027 2075 1211 2131 Lazari
1240 2073 1582 2128 inﬁrmitate:
1615 2069 1868 2124 Miser-unt
1892 2067 2035 2124 enim
2061 2107 2076 2130 ,

494 2177 586 2240 ait,
607 2189 803 2228 sorores
820 2174 928 2244 ejus
950 2170 1016 2222 ad
1040 2168 1336 2230 Dominum,
1356 2165 1596 2230 dicentes,
1621 2161 1755 2216 Ecce
1769 2177 1914 2233 quem
1939 2176 2082 2214 amas

496 2267 788 2335 inﬁrmatur
816 2261 992 2333 (Joan.
1021 2261 1108 2314 ll.
1141 2257 1228 2331 5);
1270 2270 1602 2327 nequaquam
1629 2269 1760 2309 sane
1803 2261 1924 2324 post
1945 2267 2076 2305 nun-

495 2361 624 2414 tium
671 2353 974 2424 hujusmodi
1003 2360 1281 2407 cunctatus
1307 2357 1488 2414 esset;
1518 2345 1612 2402 sed
1632 2343 2078 2416 quemadmodum

497 2467 619 2520 erga
643 2448 1010 2505 centurionem
1047 2455 1098 2499 et
1126 2441 1592 2514 Symphmnissam
1632 2454 1691 2494 se
1719 2439 1883 2510 gessit
1912 2481 1928 2504 ,
1959 2453 2080 2492 cum

497 2544 640 2598 illius
659 2540 896 2596 absentis
928 2537 1090 2591 ﬁlium
1113 2577 1126 2602 ,
1158 2542 1214 2591 et
1245 2533 1398 2604 hujus
1427 2533 1626 2603 pariter
1657 2531 1891 2587 absentis
1919 2531 2080 2584 ﬁliam

495 2635 739 2690 sanavit:
771 2633 848 2688 sic
886 2643 939 2686 et
989 2646 1112 2700 erga
1161 2628 1417 2682 Martham
1464 2625 1644 2680 fratris
1672 2625 1914 2680 morbum
1943 2623 2082 2678 indi-

496 2738 703 2786 cantem
747 2741 807 2782 se
849 2724 1124 2796 gessisset.
1161 2721 1308 2776 Nune.
1335 2737 1466 2774 vero
1515 2718 1582 2774 de
1623 2717 1883 2772 industria
1911 2717 2083 2772 donec

497 2822 756 2877 moriatur
784 2823 1074 2888 exspectat,
1105 2814 1162 2868 ﬁt
1188 2828 1335 2868 mora
1361 2812 1590 2882 longior,
1619 2821 1673 2866 et
1698 2825 1763 2866 ex
1792 2809 2085 2880 providen-

499 2917 570 2970 tia
593 2914 878 2969 adventum
917 2925 1073 2966 suum
1116 2907 1339 2974 differt,
1389 2915 1446 2960 ut
1487 2905 1762 2961 victoriam
1803 2905 1870 2959 de
1910 2915 2084 2960 morte

499 3015 820 3078 reportatam
874 3003 1110 3058 velante
1150 2999 1340 3054 mortis
1381 3007 1653 3053 certamen
1682 2995 1958 3051 ostendat:
1983 2997 2084 3051 tri-

495 3103 702 3171 busque
725 3098 912 3153 diebus
941 3104 1208 3159 moratur,
1240 3100 1298 3148 ut
1327 3091 1514 3146 mortis
1542 3091 1738 3145 veritas
1763 3089 1938 3160 palam
1969 3089 2082 3143 ﬁat.

498 3193 696 3250 .ludmis
722 3205 848 3244 vero
870 3185 1223 3258 pmsentibus
1251 3183 1444 3255 aperiri
1472 3181 1772 3252 sepulcrum
1806 3179 1998 3250 jubet,
2031 3193 2088 3236 ut

493 3295 665 3340 testes
706 3280 944 3336 miraculi
991 3277 1236 3334 redderet
1266 3291 1359 3332 eos
1383 3318 1398 3342 ,
1439 3275 1526 3344 qui
1565 3289 1623 3328 se
1657 3273 1958 3343 pellebant:
1992 3288 2087 3342 per

499 3376 795 3431 orationem
841 3379 1019 3426 autem
1069 3377 1122 3426 et
1168 3367 1340 3423 Patris
1390 3366 1780 3421 invocationem
1823 3364 2084 3420 Lazarum

500 3469 764 3534 suscitat,
811 3481 882 3520 ne
912 3463 1182 3518 videretur
1207 3459 1480 3516 Creatoris
1519 3459 1722 3529 legibus
1766 3473 2083 3528 repugnare.

501 3565 578 3616 Ac
607 3558 727 3614 vide
753 3557 880 3612 mihi
913 3570 1024 3610 rem
1053 3554 1218 3623 plane
1234 3549 1550 3620 stnpendam
1581 3567 1595 3606 :
1627 3565 1732 3604 non
1769 3549 1940 3612 dixit,
1979 3549 2085 3603 La-

501 3667 624 3706 zare
645 3691 659 3714 ,
681 3648 978 3712 revivisce;
1011 3644 1104 3700 sed
1130 3643 1253 3714 quid
1277 3643 1300 3696 ’ἔ
1325 3640 1522 3696 Lazare
1551 3682 1564 3704 ,
1598 3641 1708 3694 veni
1725 3639 1900 3712 [υτ-αδ(
1927 3637 2083 3693 Joan.

501 3745 591 3798 ‘ll.
621 3739 712 3814 45)
745 3756 760 3806 ;
791 3747 848 3795 ut
874 3738 1094 3793 doceret
1124 3743 1414 3805 praesentes
1434 3773 1449 3798 ,
1475 3733 1646 3802 ipsum
1677 3747 1796 3787 esse
1823 3731 1911 3801 qui
1935 3743 2089 3786 vocat

499 3849 560 3889 ea
594 3849 714 3905 qnte
735 3847 840 3886 non
863 3839 1006 3894 sunt,
1037 3837 1093 3881 ut
1121 3841 1182 3881 ea
1204 3841 1322 3896 qua:
1348 3835 1470 3884 sunt
1497 3841 1510 3889 ;
1545 3831 1602 3878 ut
1626 3823 1933 3878 ostenderet
1955 3839 2090 3892 pra:-

502 3926 744 3982 scntibus
765 3966 780 3991 ,
809 3923 982 3993 ipsum
1007 3933 1126 3974 esse
1159 3919 1324 3972 Deum
1356 3916 1596 3970 vivorum
1623 3924 1675 3968 et
1707 3929 1812 3968 non
1843 3922 2085 3968 mortuo-

501 4035 656 4083 rum;
691 4025 748 4071 ut
788 4015 1181 4070 demonstraret
1220 4009 1456 4065 divinum
1497 4017 1822 4078 prmccptum
1867 4023 1898 4062 ιι
1943 4007 2089 4062 nullo

503 4129 662 4186 posse
686 4109 837 4165 obice
863 4106 1095 4171 tardari,
1117 4103 1384 4174 simulque
1416 4102 1764 4172 prinsentihus
1792 4102 1844 4154 in
1888 4116 2089 4156 memo-

501 4205 636 4260 riam
679 4208 956 4257 revocaret
975 4213 1096 4252 eum
1128 4195 1219 4266 qui
1249 4194 1493 4250 dicebat:
1537 4192 1656 4246 Fiat
1697 4193 2090 4262 ﬁrmamentum.

507 4296 879 4365 Congregentur
893 4305 1040 4360 aqua
1055 4291 1104 4342 in
1126 4287 1465 4341 collectionem
1487 4303 1657 4340 unam.
1681 4283 1936 4340 Cerminet
1959 4295 2092 4339 terra

507 4387 709 4440 herbam
749 4383 892 4450 freni.
926 4379 1157 4433 Educant
1197 4393 1344 4448 aqua
1389 4377 1590 4448 reptilia
1616 4377 1901 4430 animarum
1927 4377 2095 4431 triven-

506 4481 632 4533 n'um
711 4477 864 4552 (Gen.
887 4472 1007 4528 1.6.
1028 4475 1082 4526 9.
1107 4463 1869 4540 ll.20).Lazare,'veniforas:
1917 4469 2093 4524 ethoc

507 4571 574 4624 ad
609 4567 865 4637 majorem
911 4571 966 4618 et
1003 4563 1294 4616 ﬁrmiorem
1321 4564 1755 4616 concurrentium
1783 4561 1940 4617 ﬁdem
1975 4604 1991 4630 ,
2035 4571 2094 4616 ut

510 4661 721 4715 habitus
747 4667 801 4711 et
821 4655 997 4709 fascia:
1027 4661 1254 4707 mortem
1285 4652 1696 4706 testiﬁcarentur
1719 4694 1732 4715 ,
1764 4663 1922 4722 atque
1960 4653 2095 4709 obe-

509 4751 710 4808 dientia
735 4751 852 4806 sine
875 4762 1042 4812 mora,
1077 4753 1358 4815 metusque
1386 4761 1416 4799 a
1443 4747 1590 4799 nullo
1615 4745 1880 4800 cohibitus
1911 4747 2092 4801 Domi-

511 4846 683 4900 nicam
713 4841 1083 4898 auctoritatem
1111 4836 1479 4908 prtediearent.
1526 4835 1722 4889 Lazare
1748 4877 1760 4896 .
1785 4839 1896 4890 veni
1925 4842 2096 4909 foras:

510 4949 563 4992 et
586 4937 793 4992 solutus
813 4933 1134 5000 erigebatur,
1165 4939 1219 4984 et
1251 4929 1494 4999 putridus
1522 4931 1786 4984 sentiebat
1811 4973 1825 4997 ,
1855 4941 2097 4988 mortuus

509 5028 795 5083 obediebat
821 5067 838 5092 ,
871 5025 1080 5078 vinctus
1105 5022 1392 5088 currebat,
1423 5021 1513 5091 qui
1535 5020 1834 5077 deﬂebatur
1848 5025 2093 5080 saltabat.

511 5121 620 5178 Cur
647 5119 884 5173 clamore
925 5129 1064 5170 nunc
1099 5114 1265 5168 utitur
1289 5113 1582 5168 Servatur?
1604 5115 1679 5168 ait
1704 5115 1899 5186 quippe
1927 5131 2096 5170 evan-

513 5213 700 5283 gelista
729 5223 745 5264 :
777 5205 901 5262 Haec
930 5223 1045 5260 cum
1075 5206 1304 5270 dixisset,
1337 5221 1656 5276 rocemagna
1685 5207 1922 5278 clamavit
1943 5250 1958 5275 ,
1991 5206 2098 5260 La-

514 5325 650 5375 zare,
673 5307 786 5361 veni
815 5307 955 5378 [oras
984 5301 1179 5374 (Joan.
1211 5303 1295 5356 ll.
1329 5301 1399 5356 45
1416 5299 1456 5371 ).
1493 5301 1652 5356 Forte
1685 5315 1778 5370 per
1806 5301 2096 5356 clamorem

516 5403 745 5457 l'uturam
777 5398 1227 5455 resurrectionem
1274 5394 1657 5450 subindicavit:
1691 5409 1812 5448 nam
1847 5393 1986 5448 Tuba
2015 5411 2101 5448 ca-

523 5505 625 5560 net,
655 5496 843 5565 inquit,
875 5503 920 5548 et
943 5492 1128 5546 mortui
1155 5499 1415 5559 resurgent
1445 5487 1534 5560 (l.
1558 5487 1674 5542 Cor.
1707 5489 1794 5542 15.
1825 5487 1936 5562 52).
1969 5487 2099 5544 Cum

517 5585 681 5640 multa
721 5585 850 5640 mihi
882 5585 950 5640 dc
974 5585 1074 5638 hoc
1105 5589 1415 5652 argumento
1446 5579 1665 5635 dicenda
1693 5589 2012 5650 suppetant,
2035 5581 2101 5634 ad

520 5677 660 5732 aliud
676 5677 970 5746 pertrahor,
985 5685 1038 5731 et
1050 5693 1076 5730 a
1093 5675 1334 5738 sepulcro
1348 5673 1397 5726 in
1413 5671 1712 5741 sepulcrum
1727 5673 1906 5728 venire
1919 5687 2101 5744 cogor.

593 5767 844 5824 Loquitur
883 5769 946 5821 de
992 5767 1096 5824 SS,
1139 5762 1462 5832 Martyribus
1495 5763 1777 5835 Domnina,
1811 5763 2020 5821 Bernice
2057 5777 2103 5820 et

1249 281 1302 338 s.
1345 277 1620 336 JOANNlS
1653 266 2128 332 ‘cunvsosront
2170 241 2482 330 anetum
2524 267 3048 330 cessum-xor.
3667 284 3732 336 σε
3756 281 3774 334 ξ.

2181 409 2453 466 Prosdoce.
2482 443 2554 451 —
2579 413 2946 484 Opportunum
2974 427 3056 472 est
3080 417 3264 474 Lazari
3311 424 3614 492 sepulcrum
3643 445 3768 481 cum

2177 503 2294 554 aliis
2335 504 2591 572 sepulcris
2620 517 2986 575 comparatum
3021 525 3035 572 ;
3069 525 3242 579 neque
3283 511 3636 583 inopportuna
3659 560 3675 582 ,
3711 533 3770 574 nt

2177 591 2408 659 videtur,
2436 604 2520 648 est
2541 609 2686 648 mors
2709 597 2990 652 mulierum
3017 598 3082 652 ad
3107 599 3278 668 ipsum
3305 605 3602 672 sepulcrum
3631 611 3774 664 cele-

2179 684 2348 740 brata.
2381 687 2490 744 Illic
2516 690 2841 764 sepulcrum,
2874 701 2927 746 et
2957 693 3040 747 hic
3065 711 3276 765 quoque
3304 700 3645 767 sepulcrum;
3674 705 3769 758 sed

2180 775 2368 832 Lazari
2393 780 2694 849 sepulcrum
2715 791 2956 852 apertum
2982 785 3174 840 Christi
3199 788 3490 856 potentiam
3509 791 3768 861 declarat,

2181 868 2462 924 mulierum
2491 886 2616 924 vero
2637 873 2942 942 sepulcrum
2972 875 3208 930 clausum
3235 887 3290 933 et
3317 889 3490 935 tamen
3517 898 3769 952 operans,

2180 959 2377 1013 Christi
2407 962 2630 1030 gratiam
2678 964 2932 1033 praedicat
2963 985 2977 1020 :
3012 968 3118 1022 illic
3151 979 3388 1026 mortuus
3419 988 3579 1042 supra
3615 987 3774 1031 uatu-

2182 1066 2298 1106 ram
2325 1068 2394 1106 ex
2421 1054 2668 1123 sepulcro
2698 1057 2882 1124 currit,
2914 1057 3000 1114 hic
3031 1061 3281 1116 mulieres
3313 1073 3504 1133 prmter
3529 1077 3772 1124 naturam

2183 1142 2250 1198 ad
2275 1145 2520 1214 sepulcra
2545 1158 2830 1202 accurrunt
2859 1165 2872 1202 :
2906 1148 3013 1204 illic
3041 1151 3234 1207 divina:
3261 1157 3510 1223 polentia:
3538 1159 3772 1228 signum,

2184 1233 2272 1289 hic
2315 1237 2558 1306 generosi
2607 1238 2770 1293 animi
2821 1251 3190 1310 argumentum
3229 1262 3242 1296 :
3277 1245 3385 1300 illic
3429 1246 3663 1304 Lazarus
3707 1267 3772 1306 ex

2185 1329 2352 1398 portis
2388 1330 2575 1384 mortis
2615 1331 2922 1402 egreditur,
2957 1332 3043 1387 hic
3072 1333 3362 1391 femineum
3393 1353 3562 1408 genus
3593 1353 3776 1411 portas

2185 1422 2375 1475 mortis
2400 1422 2654 1478 audacter
2682 1424 2792 1478 adit
2821 1443 2834 1476 :
2865 1425 2976 1480 illic
3003 1437 3126 1498 post
3163 1437 3387 1484 mortem
3419 1434 3774 1498 resurrectio,

2186 1511 2272 1568 hic
2299 1513 2405 1567 vita
2435 1531 2448 1568 :
2481 1514 2588 1569 illic
2613 1529 2757 1569 mors
2779 1517 3038 1572 violenter
3068 1519 3366 1588 praedatur,
3395 1523 3480 1578 hic
3504 1540 3649 1580 mors
3679 1541 3778 1597 pa-

2186 1606 2292 1661 lam
2315 1607 2552 1662 calcatur
2577 1625 2589 1660 :
2625 1607 2771 1662 illum
2796 1625 2943 1665 mors
2965 1622 3148 1668 mutuo
3178 1623 3452 1684 acceptum
3481 1619 3600 1672 vita:
3625 1618 3777 1673 [εειὶ-

2188 1705 2380 1753 nantcr
2401 1699 2674 1765 restituit;
2708 1702 2815 1756 imo
2847 1703 3055 1772 potius,
3085 1705 3415 1777 Acceperunt,
3447 1710 3634 1780 inquit,
3661 1729 3776 1766 mu-

2187 1791 2332 1845 lieres
2361 1791 2423 1845 de
2445 1795 2806 1848 resurrectione
2832 1807 3055 1851 mortuos
3081 1816 3197 1852 suos
3231 1799 3410 1872 (Hebr.
3443 1805 3528 1858 ll.
3559 1805 3672 1877 35'),
3707 1807 3775 1860 ita

2181 1881 2404 1951 jubente
2433 1883 2580 1950 Deo;
2623 1885 2705 1938 lue
2733 1901 2864 1941 vero
2887 1903 2953 1942 ex
2999 1899 3340 1960 teniporanca
3383 1893 3488 1948 vita
3513 1895 3583 1950 ad
3614 1901 3774 1953 vitam

2188 1984 2499 2044 perpetuam
2533 1978 2918 2044 transilierunt,
2954 1993 3124 2037 mater
3150 1992 3204 2038 ct
3235 1985 3378 2051 ﬁlim,
3409 2004 3528 2058 qua:
3559 2005 3657 2045 nos
3684 1991 3782 2044 ho-

2187 2064 2274 2119 die
2297 2079 2752 2137 congregaverunl
2774 2087 2786 2123 :
2811 2084 2986 2128 mater
3007 2075 3110 2144 pia,
3131 2091 3251 2145 qum
3275 2089 3483 2146 partqu
3504 2084 3778 2148 sustinuit,

2189 2169 2240 2214 et
2270 2161 2391 2216 ﬁli-.c
2421 2171 2604 2232 partus
2631 2176 2880 2234 expertes
2909 2183 2924 2220 :
2955 2177 3126 2224 mater
3143 2187 3262 2240 qua:
3287 2175 3642 2244 virginitatem
3665 2179 3779 2232 sol-

2191 2253 2266 2307 vit
2292 2254 2357 2310 ad
2392 2269 2600 2325 partum
2637 2259 2922 2329 virginum,
2957 2273 3127 2317 mater
3155 2281 3274 2333 qua:
3297 2268 3592 2322 castitatem
3623 2287 3786 2340 pepe-

2189 2349 2252 2404 rit
2279 2389 2293 2414 ,
2325 2359 2498 2405 mater
2527 2367 2645 2421 qua:
2677 2353 2968 2409 secundum
3013 2356 3180 2425 legem
3213 2361 3507 2415 naturalem
3549 2363 3784 2432 virgines

2190 2441 2345 2495 enixa
2367 2451 2469 2497 est.
2498 2443 2596 2509 Qui
2627 2444 2726 2513 piis
2753 2445 2946 2515 ubique
2973 2447 3170 2503 bellum
3201 2450 3358 2504 infert
3388 2463 3665 2524 tyrannus,
3691 2457 3784 2525 qui

2193 2533 2464 2590 barbarica
2497 2536 2642 2591 czcde
2683 2539 2736 2592 in
2773 2540 3148 2596 contribulium
3189 2545 3500 2613 sanguinem
3539 2547 3782 2616 gladium

2190 2626 2486 2692 convertit;
2529 2637 2784 2699 tyrannus
2815 2630 2903 2685 ille
2933 2634 3020 2700 qui
3067 2631 3333 2690 Christum
3361 2678 3376 2702 ,
3408 2653 3566 2707 quem
3601 2641 3790 2709 nequit

2192 2716 2394 2779 videre,
2431 2719 2804 2788 persequitur;
2838 2731 3090 2793 tyrannus
3125 2729 3210 2794 qui
3241 2742 3333 2794 per
3357 2729 3496 2783 ovile
3521 2745 3580 2784 se
3609 2743 3796 2799 pasto-

2193 2824 2305 2862 rcm
2339 2809 2511 2878 ipsmn
2555 2809 2853 2880 deprardari
2897 2829 3052 2882 posse
3095 2815 3356 2884 conﬁdit;
3399 2828 3656 2890 tyrannus
3691 2823 3784 2892 qui

2191 2911 2375 2956 contra
2405 2903 2593 2957 cmlum
2621 2903 2846 2974 jacnlari
2879 2915 3066 2974 tentat,
3095 2909 3182 2978 qui
3209 2909 3428 2966 dilatato
3454 2911 3653 2967 Christi
3685 2930 3784 2969 rc-

2190 3007 2296 3062 guo
2337 2993 2537 3050 invidet
2574 3013 2588 3049 :
2619 3003 2875 3067 tyrannus
2903 3008 3019 3053 erat
3063 3000 3108 3054 is
3152 3001 3240 3071 qui
3285 3005 3703 3074 persequebatur
3729 3017 3794 3061 et

2193 3084 2390 3140 cmlebs
2413 3126 2428 3148 .
2453 3087 2740 3142 inaccessa:
2775 3103 2903 3144 vero
2927 3091 3163 3161 virgines
3187 3135 3202 3158 ,
3232 3109 3350 3162 qua:
3382 3097 3788 3153 concertabant.

2193 3177 2439 3232 Pecunias
2465 3179 2874 3249 diripiebantur,
2903 3183 3071 3253 patria
3098 3185 3496 3255 relinquebatur
3525 3205 3539 3240 :
3567 3203 3660 3242 eas
3687 3205 3796 3258 pu-

2194 3268 2388 3324 dicitia:
2419 3279 2472 3324 ct
2508 3271 2786 3327 modestia}
2813 3283 3054 3328 amantes
3083 3275 3362 3330 trahebant
3389 3279 3582 3334 milites
3606 3322 3622 3346 ,
3665 3296 3794 3334 mu~

2196 3379 2375 3420 rerum
2421 3366 2740 3436 el'l’ossores,
2785 3369 2872 3439 qui
2900 3369 3434 3427 Nabuchodonosoris
3465 3373 3745 3442 imaginem
3771 3417 3794 3440 ,

2196 3457 2487 3512 secundum
2539 3459 2864 3531 intelligendi
2908 3463 3168 3518 rationem
3195 3506 3209 3530 ,
3255 3465 3478 3520 adorare
3525 3466 3798 3535 cogebant

2197 3548 2374 3620 (Dan.
2406 3549 2499 3620 5).
2529 3551 2635 3606 Sed
2663 3551 2803 3624 quod
2847 3554 3166 3626 Babylonica
3207 3554 3396 3610 fornax
3425 3572 3547 3628 erga
3579 3567 3794 3629 marty-

2195 3655 2314 3694 rum
2337 3641 2479 3695 illam
2507 3642 2730 3698 triadem
2757 3643 2952 3710 eil‘eeit,
2987 3645 3070 3700 hic
3094 3662 3305 3717 quoque
3329 3650 3569 3717 corporis
3591 3659 3646 3705 et
3669 3651 3796 3704 ani-

2197 3747 2299 3785 mie
2329 3732 2537 3787 vincula
2569 3735 2808 3800 solvens,
2841 3736 3048 3790 animas
3073 3736 3270 3791 liberas
3296 3749 3354 3792 ut
3380 3739 3444 3793 ad
3471 3739 3662 3794 emtum
3697 3757 3800 3796 vo-

2195 3824 2367 3879 larent
2391 3825 2610 3880 dimisit.
2645 3827 2775 3882 Rem
2816 3829 3051 3898 suscepit
3075 3845 3297 3900 serpens
3337 3831 3425 3885 ille
3449 3873 3464 3895 ,
3501 3831 3588 3902 qui
3621 3831 3798 3888 Evam

2197 3914 2249 3970 in
2278 3915 2522 3986 paradiso
2545 3927 2898 3988 persequutus
2918 3930 3018 3987 est,
3044 3921 3131 3990 qui
3159 3921 3429 3990 simplices
3450 3922 3804 3979 innocentes-

2197 4025 2300 4079 que
2321 4023 2500 4064 mores
2527 4011 2879 4068 circumvenit
2909 4030 2922 4068 :
2955 4013 3040 4067 hic
3069 4029 3190 4069 cum
3221 4013 3435 4068 ﬁuvium
3463 4025 3713 4070 cerneret
3737 4018 3798 4073 in

2199 4099 2396 4156 lavacri
2444 4101 2700 4171 piscinam
2743 4119 2977 4170 versum,
3023 4113 3078 4160 et
3115 4105 3326 4160 alveum
3367 4105 3550 4160 divino
3591 4105 3804 4175 Spiritu

2201 4191 2494 4263 perfusum,
2527 4209 2696 4264 usque
2721 4195 2788 4250 ad
2817 4197 2988 4266 ipsum
3019 4196 3234 4251 ﬂuvium
3261 4197 3444 4251 beatas
3471 4197 3588 4253 illas
3609 4213 3804 4267 perse-

2198 4298 2394 4358 quutus
2415 4329 2430 4352 ,
2461 4288 2528 4343 ab
2557 4289 2708 4359 aquis
2736 4287 2839 4344 illis
2879 4305 2999 4343 cum
3036 4289 3160 4360 igne
3199 4289 3458 4359 spirituali
3485 4291 3806 4347 commixtis

2199 4385 2446 4456 repulsus
2485 4395 2600 4450 est;
2646 4392 2806 4453 atque
2850 4385 3040 4437 fastum
3079 4399 3232 4438 suum
3262 4385 3439 4438 animo
3469 4385 3754 4439 revolvens
3785 4430 3804 4454 ,

2203 4489 2443 4535 veterum
2472 4476 2835 4532 machinarum
2863 4490 3077 4530 suarum
3106 4491 3288 4532 casum
3311 4475 3624 4547 dcplorabat
3655 4495 3669 4530 :
3701 4480 3810 4534 lal-

2201 4572 2352 4627 laciis
2371 4581 2703 4642 opportunas
2733 4570 3209 4641 l'ormidolosasque
3231 4571 3358 4626 olim
3389 4571 3660 4640 mulieres,
3683 4573 3812 4642 jam

2202 4665 2456 4720 audacter
2475 4675 2662 4720 contra
2687 4674 2914 4719 mortem
2946 4664 3280 4720 decertantes
3306 4666 3576 4730 cernebat,
3605 4677 3660 4720 et
3687 4667 3820 4720 cal-

2203 4771 2448 4823 caneum,
2481 4771 2638 4826 quem
2669 4755 3012 4826 supplantare
3033 4756 3278 4824 volebat,
3305 4771 3334 4810 a
3359 4765 3496 4811 terra
3523 4757 3575 4810 in
3600 4757 3814 4812 cadum

2206 4848 2528 4904 insilientem
2552 4848 2784 4903 videbat.
2809 4847 3004 4903 Verum
3038 4859 3310 4918 postquam
3347 4859 3546 4920 tropzea
3573 4861 3826 4922 gestan-

2205 4940 2334 4994 tium
2367 4939 2645 4994 mulierum
2687 4939 2874 4993 laudes
2915 4949 2997 4993 sat
3037 4941 3344 5010 prosequuti
3383 4955 3601 5007 smnus,
3635 4951 3826 5013 atque

2205 5041 2520 5102 argumento
2547 5031 2695 5086 utilia
2726 5031 2951 5086 subinde
2978 5031 3391 5099 admiscuimus,
3423 5043 3690 5104 vetusque
3717 5051 3834 5092 se-

2205 5123 2447 5194 pulcrum
2489 5137 2630 5178 novo
2667 5122 2912 5192 sepulcro
2950 5125 3362 5186 exornavimus,
3405 5133 3566 5194 atque
3605 5125 3832 5182 miram

2207 5215 2651 5269 resurrectionem
2677 5229 2796 5268 cum
2830 5223 3177 5284 permanente
3201 5225 3370 5270 morte
3392 5216 3695 5285 junximus,
3723 5222 3838 5274 vi-

2209 5307 2282 5360 ris
2303 5319 2434 5361 vero
2456 5315 2615 5374 atque
2643 5305 2956 5360 mulieribus
2979 5307 3220 5378 exempla
3251 5307 3316 5361 ad
3343 5307 3590 5362 virtutem
3613 5317 3673 5364 et
3697 5313 3844 5380 pic-

2211 5407 2371 5454 tatem
2401 5399 2776 5468 proposuimus
2798 5440 2812 5462 ,
2855 5409 3131 5468 postquam
3177 5399 3440 5454 celebrem
3471 5399 3682 5455 obitnnt
3713 5445 3736 5465 ,
3773 5415 3848 5460 ει

2209 5491 2563 5546 desideratam
2591 5491 3038 5546 resurrectionem
3071 5491 3423 5558 ostendimus,
3452 5493 3656 5562 gratias
3683 5509 3854 5566 oga-

2213 5599 2328 5638 mus
2351 5583 2585 5646 Christo,
2611 5584 2698 5652 qui
2723 5593 3038 5653 potestatem
3069 5582 3225 5636 habet
3253 5586 3372 5637 vita:
3397 5593 3448 5636 et
3473 5585 3665 5639 mortis
3688 5603 3706 5639 :
3737 5591 3860 5644 cui

2211 5675 2380 5745 gloria
2407 5685 2461 5729 et
2489 5677 2789 5745 imperium,
2819 5691 2922 5729 una
2948 5691 3068 5732 cum
3095 5675 3248 5729 Patre
3273 5692 3326 5730 et
3353 5687 3539 5732 sancto
3567 5675 3862 5736 vivifi‘co—

2216 5781 2318 5837 que
2345 5764 2566 5835 Spiritu,
2590 5767 2639 5821 in
2665 5767 2857 5824 saecula
2883 5755 3222 5822 szecﬁlarum.
3253 5768 3440 5822 Amen.
3751 5761 3780 5788 ‘
