4080 6196
275 338 390 393 643

273 453 488 520 πότητι,
525 447 835 502 ἀνατιθέναι
862 447 916 499 δέ
966 445 1032 498 τά
1078 445 1377 515 ὑψηλότερα
1403 447 1465 516 τῇ
1500 445 1731 516 θεότητι,
1765 445 1854 496 καὶ

272 533 360 588 διά
395 532 496 601 τῆς
541 530 725 583 ἀνίσου
764 529 963 599 ταύτης
999 528 1106 582 τῶν
1137 529 1313 598 ἔργων
1346 530 1594 600 κράσεως
1627 530 1722 599 τὴν
1768 528 1856 580 ἄν-

276 633 390 668 ισον
409 613 524 684 τῶν
546 612 760 682 φύσεων
777 611 969 664 ’ένωσιν
991 612 1327 682 ἑρμηνεύων,
1347 613 1442 664 καὶ
1463 612 1549 664 διὰ
1577 613 1676 681 τῆς
1707 611 1849 664 κατὰ

273 698 381 750 τῶν
413 695 602 751 παθῶν
633 694 883 760 ἐξουσίας
911 694 1212 765 δηλοποιῶν
1239 695 1346 746 τῶν
1373 694 1557 746 παθῶν
1578 695 1638 746 τὸ
1666 695 1854 747 αὑθαί-

275 799 451 856 ρετον,
493 778 792 848 ἐχαλίνωσα
825 777 924 848 τὴν
971 778 1132 846 φύσιν
1169 778 1243 840 ὡς
1273 777 1423 840 Θεὸς,
1459 777 1550 829 ἐπὶ
1589 777 1856 846 τεσσαρά-

277 880 434 916 κοντα
468 862 684 932 ἡμέρας
736 860 1069 929 παρατείνας
1095 862 1193 932 τὴν
1222 861 1458 922 ἀσιτίαν,
1493 860 1759 913 ἐπείνασα
1796 861 1853 914 δέ

277 946 419 1015 μετά
447 943 638 1006 ταῦτα,
675 943 770 996 καὶ
799 941 1086 1012 ἐκοπώθην
1124 943 1199 1004 ὼς
1243 943 1556 1013 ἄνθρωπος·
1609 943 1725 995 ἀλλ’
1773 943 1850 1008 ὡς

274 1032 407 1092 Θεὸς
463 1029 732 1082 θάλατταν
780 1027 1060 1080 λυττῶσαν
1111 1026 1412 1097 ἐκοίμησα·
1445 1028 1742 1098 ἐπειράθην
1778 1030 1852 1092 ὡς

273 1113 560 1184 ἄνθρωπος
601 1111 705 1164 ὑπὸ
757 1109 852 1162 τοῦ
887 1109 1153 1172 διαϐόλου,
1211 1109 1324 1162 ἀλλ’
1364 1108 1439 1172 ὡς
1487 1110 1617 1172 Θεὸς
1663 1111 1851 1164 ἐπιτά-

275 1212 449 1266 γματι
485 1194 750 1264 δαίμονας
792 1191 1070 1261 ἀπήλασα·
1107 1191 1282 1262 μέλλω
1316 1193 1545 1261 πάσχειν
1576 1193 1715 1264 ὑπὲρ
1762 1195 1853 1247 ἀν-

275 1278 510 1348 θρώπων
539 1277 614 1340 ὡς
647 1277 951 1347 ἄνθρωπος,
983 1274 1097 1327 ἀλλ’
1125 1275 1212 1327 ἵνα
1253 1274 1327 1345 μὴ
1353 1275 1633 1340 ἀσθενείας
1650 1277 1850 1330 ὑπολά-

274 1363 407 1430 ϐητε
440 1362 500 1414 τὸ
521 1360 823 1429 γινόμενον,
855 1358 960 1430 πρὸ
981 1358 1074 1410 τοῦ
1116 1357 1344 1411 θάνατον
1377 1358 1620 1412 ἐπελθεῖν
1648 1361 1850 1414 ἀνακαο

275 1445 469 1515 λοῦμαι
501 1444 590 1496 τὸν
639 1442 742 1495 ὑπὸ
781 1441 875 1494 τοῦ
927 1441 1158 1494 θανάτου
1199 1440 1589 1512 κρατούμενον,
1617 1443 1711 1496 καὶ
1753 1444 1850 1515 τὴν

273 1528 375 1597 τῆς
405 1527 658 1597 θεότητος
698 1525 978 1595 ἐνέργειαν
1035 1524 1412 1595 προμηνύσας,
1460 1525 1580 1578 τότε
1623 1527 1722 1598 τῆς
1753 1528 1847 1580 ἀν-

274 1611 624 1683 θρωπότητος
681 1608 740 1661 τὸ
793 1608 1016 1679 ἀρχαῖον
1089 1607 1308 1678 ὄφλημα
1363 1607 1705 1670 καταϐάλλω.
1759 1613 1852 1665 καὶ

271 1694 528 1755 διαλύσας
567 1692 635 1745 τά
668 1690 859 1760 δεσμὰ,
919 1689 1038 1742 τότε
1092 1689 1416 1760 δεσμοῦμαι,
1474 1692 1567 1744 καὶ
1615 1693 1698 1747 διὰ
1744 1695 1851 1746 τῶν

273 1778 614 1846 πραγμάτων
659 1775 835 1828 αὑτῶν
865 1772 1255 1844 ίέπιδείκνυμι]
1315 1775 1395 1826 ὅτι
1449 1775 1693 1840 ἐξουσίαν
1744 1777 1851 1848 ἔχω

274 1861 431 1930 θῆναι
451 1858 548 1930 τὴν
578 1858 754 1928 ψυχήν
787 1874 910 1925 μου,
942 1857 1035 1909 καί
1059 1856 1306 1921 ἐξουσίαν
1342 1857 1448 1926 ἔχω
1479 1858 1640 1912 πάλιν
1667 1859 1851 1914 λαϐεῖν

272 1944 462 2012 αὑτήν.
505 1940 652 2012 Λῦτη
677 1939 770 1992 τοῦ
801 1939 1052 2008 Σωτῆρος
1083 1940 1114 2009 ἡ
1145 1937 1233 1991 διὰ
1260 1938 1366 1992 τῶν
1400 1942 1578 2012 ἔργων
1601 1942 1853 1997 διδασκα⁴

270 2026 389 2077 λία·
426 2027 473 2076 εί
520 2023 629 2095 γὰρ
678 2023 752 2093 μὴ
787 2021 946 2076 τοῦτο
982 2017 1071 2092 ἦν,
1103 2021 1237 2091 μηδέ
1264 2021 1406 2093 λόγῳ
1437 2024 1542 2076 τινὶ
1588 2025 1683 2096 τὴν
1711 2027 1851 2080 κατὰ

270 2109 362 2160 τὸν
393 2107 639 2178 Λάζαρον
672 2104 1115 2174 θαυματουργίαν
1174 2105 1509 2176 ἐταμιεύετο,
1538 2107 1636 2160 οὑκ
1667 2107 1732 2160 ἂν
1756 2109 1816 2180 δή
1835 2140 1851 2149 -

270 2209 374 2245 που
412 2188 880 2261 προαγγελθείσης
911 2187 1058 2257 αὑτῷ
1093 2187 1233 2240 κατά
1274 2187 1372 2259 τὴν
1405 2189 1520 2242 ὁδὸν
1556 2190 1657 2260 τῆς
1689 2192 1852 2245 ἀσθε-

268 2276 422 2338 νείας
446 2273 540 2326 τοῦ
567 2272 817 2344 Λαζάρου
837 2289 849 2302 ·
895 2270 1276 2325 Ἀπέστειλαν
1299 2271 1427 2342 γὰρ,
1464 2274 1646 2342 φησὶν,
1678 2275 1853 2329 ἀδελ-

269 2358 376 2426 ςενιί
405 2355 593 2410 αὑτοῦ
626 2355 775 2423 πρὸς
806 2354 913 2406 τὸν
940 2355 1158 2421 Κύριον
1183 2353 1491 2422 λέγουσαι,
1520 2355 1632 2408 Ἴδε
1664 2357 1736 2409 ὃν
1758 2375 1852 2430 φι-

267 2441 400 2507 λεῖς
425 2439 688 2494 ἀσθενεῖ·
722 2439 821 2491 οὑκ
855 2436 921 2491 ἂν
953 2434 1046 2490 οὖν
1099 2454 1150 2490 τι
1197 2437 1434 2492 τοιοῦτον
1473 2441 1710 2505 ἀκούσας
1761 2445 1853 2497 ἐπὶ

269 2525 408 2577 πολὺ
454 2521 766 2585 ἀνεϐάλετο,
801 2520 917 2574 ἀλλ’
955 2519 1144 2590 ὥσπερ
1171 2521 1264 2573 ἐπὶ
1309 2521 1402 2574 τοῦ
1456 2523 1850 2597 ἑκατοντάρχου

265 2608 367 2657 καὶ
393 2607 490 2676 τῆς
516 2603 993 2675 Συροφοινικίσσης
1023 2603 1298 2674 ἐποίησεν,
1326 2603 1420 2657 καὶ
1439 2605 1534 2658 τοῦ
1563 2608 1662 2676 μὲν
1689 2609 1853 2663 ἀπόν-

266 2705 298 2739 τ
321 2706 365 2751 .ις
391 2689 482 2740 τὸν
512 2688 695 2750 παῖδα,
727 2687 825 2757 τῆς
859 2686 914 2739 δὲ
943 2685 1188 2756 ἀπούσης
1225 2688 1324 2757 τὴν
1365 2687 1636 2761 θυγατέρα
1664 2691 1855 2748 διέσω-

272 2789 397 2824 σεν·
425 2772 596 2834 οὑτως
630 2770 693 2823 ἂν
724 2771 817 2823 καὶ
851 2770 942 2823 ἐπὶ
967 2769 1066 2840 τῆς
1100 2769 1332 2840 Μάρθας
1364 2773 1490 2843 περὶ
1517 2770 1746 2844 ἀδελφοῦ
1767 2776 1854 2847 δη-

270 2855 474 2925 λούσης
504 2852 651 2925 [648]
673 2852 749 2916 ὼς
769 2851 984 2905 ἀσθενεῖ
1009 2853 1333 2923 πεποίηκεν.
1371 2855 1485 2908 Νῦν
1507 2857 1565 2911 δὲ
1597 2858 1851 2931 ἐξεπίτη-

268 2942 363 3002 δες
397 2937 654 3007 ἀναμένει
682 2936 770 2989 τὸν
798 2935 1042 3002 θάνατον,
1091 2937 1182 2989 καὶ
1230 2936 1552 3009 ἐνδιατρίϐει
1589 2944 1620 3013 ή
1663 2944 1857 3014 παρολ-

267 3024 345 3094 κὴ
365 3034 413 3087 ι,
445 3023 542 3074 καὶ
593 3020 689 3092 τὴν
743 3021 1044 3092 παρουσίαν
1094 3022 1158 3074 ἐκ
1194 3023 1446 3090 προνοίας
1487 3025 1850 3096 ὑπερτίθεται,

268 3109 359 3160 ἵνα
389 3106 490 3176 τὴν
523 3105 661 3158 κατὰ
691 3104 782 3157 τοῦ
813 3105 1039 3158 θανάτου
1070 3105 1224 3176 νίκην
1255 3105 1360 3176 πρὸ
1386 3107 1484 3178 τῆς
1516 3109 1599 3161 τοῦ
1625 3109 1852 3166 θανάτου

269 3190 452 3259 πάλης
499 3187 824 3256 ἐνδείξηται·
855 3189 947 3240 καὶ
980 3191 1124 3258 τρεῖς
1166 3188 1263 3258 μὲν
1315 3189 1529 3262 ήμέρας
1573 3192 1856 3265 ὑπερτίθε-

266 3291 384 3336 ται,
417 3271 555 3342 προς
597 3271 814 3341 ἔλεγχον
846 3271 948 3341 τῆς
976 3271 1238 3344 ἀκριϐοῦς
1265 3272 1541 3346 τελευτῆς.
1587 3277 1854 3333 Ἰουδαίων

265 3358 326 3409 δὲ
356 3357 642 3426 παρόντων
671 3355 874 3423 ἀνοίγει
900 3356 990 3407 τὸν
1015 3357 1205 3425 τάφον,
1235 3357 1320 3410 ἵνα
1348 3358 1594 3428 κήρυκας
1616 3361 1710 3414 τοῦ
1729 3363 1856 3416 θαύ-

273 3457 452 3511 ματος
489 3438 790 3508 ἐργάσηται
827 3439 951 3509 τοὺς
983 3438 1303 3504 ἐλαύνοντας
1324 3457 1337 3470 ·
1360 3441 1427 3494 δι’
1457 3443 1623 3514 εὐχῆς
1663 3445 1718 3498 δὲ
1763 3449 1855 3500 καὶ

272 3526 377 3593 τῆς
401 3523 498 3574 τοῦ
525 3521 733 3592 [Ia-:06;
767 3521 1106 3589 ἐπικλήσεως
1136 3523 1335 3594 ἐγείρει
1363 3524 1455 3578 τὸν
1471 3527 1740 3599 Λάζαρον,
1769 3531 1855 3584 ἵνα

280 3609 358 3676 μὴ
391 3604 520 3675 δόξῃ
553 3606 665 3666 τοῖς
696 3603 790 3656 τοῦ
833 3603 1165 3674 δημιουργοῦ
1206 3607 1615 3663 ἀντιτάττεσθαι
1650 3613 1852 3682 νόμοις.

278 3692 392 3742 Καὶ
449 3687 609 3758 βλέπε
668 3704 757 3757 μοι
788 3688 846 3740 16
885 3688 1214 3758 παράδοξον·
1255 3690 1354 3743 οὑκ
1397 3686 1572 3759 εἶπεν,
1612 3696 1852 3767 Λάζαρε,

268 3771 568 3841 ἀνάζησον,
615 3770 750 3823 ἀλλὰ
794 3770 1148 3852 τῇῌΛιίζαρε,
1182 3771 1357 3840 δεῦρο
1398 3775 1636 3840 ἔξω,ἱ’να
1671 3779 1854 3852 διδάξῃ

265 3859 398 3918 τοῦς
422 3854 696 3924 παρόντας
725 3854 801 3916 ὡς
840 3847 993 3918 οὗτος
1021 3856 1226 3920 ἐκεῖνος
1251 3857 1279 3908 6
1312 3858 1492 3911 καλῶν
1528 3861 1593 3914 τά
1624 3863 1698 3933 μὴ
1727 3840 1856 3919 ὄντα

264 3940 347 3999 ὡς
368 3939 519 3999 ὄντα,
552 3937 639 3990 ἵνα
668 3937 818 4007 δείξῃ
851 3940 964 4000 τοῖς
1007 3938 1272 4009 παροῦσιν
1303 3940 1379 4002 ὡς
1403 3937 1556 4008 οὗτος
1597 3946 1803 4012 ἐκεῖνος
1827 3951 1854 4002 6

265 4023 403 4083 θεὸς
425 4021 644 4104 ζώντων
676 4021 771 4104 καὶ
800 4021 859 4104 οὑ
895 4022 1123 4093 νεκρῶν,
1159 4023 1244 4076 ἵνα
1274 4025 1332 4075 ἐν
1368 4029 1544 4098 καιρῷ
1588 4030 1648 4082 τὸ
1677 4031 1854 4104 ἀπαρ-

268 4103 604 4171 εμπὸδιστον
668 4103 760 4156 τοῦ
819 4103 963 4156 θείου
1022 4108 1442 4178 προστάγματος
1497 4103 1851 4184 ἐπιδείξηται,

267 4189 366 4239 καὶ
393 4187 680 4256 ἀναμνήσῃ
697 4187 822 4248 τοὺς
846 4188 1213 4255 περιεστῶτας
1235 4191 1328 4242 τοῦ
1358 4191 1607 4260 λέγοντος
1628 4214 1639 4226 ·
1668 4199 1856 4266 Γενηο

263 4267 429 4332 θήτω
466 4266 797 4337 στερέωμα·
825 4271 1188 4338 Συναχθήτω
1238 4273 1310 4326 τὰ
1360 4274 1544 4329 ὕδατα
1575 4280 1661 4344 εἰς
1715 4298 1858 4334 συν-

261 4349 512 4419 αγωγὴν
527 4353 694 4420 μίαν·
724 4354 1135 4419 Βλαστησάτω
1158 4357 1194 4423 ἡ
1213 4354 1287 4424 γῆ
1315 4357 1587 4428 βοτάνην
1613 4365 1850 4433 χόρτου·

279 4433 652 4503 Ἐξαγαγέτω
676 4434 747 4486 τὰ
777 4435 963 4488 ῦδατα
995 4436 1211 4504 ἑρπετά
1236 4439 1451 4507 ψυχῶν
1473 4441 1671 4503 ζωσῶν
1693 4464 1705 4477 ·
1739 4450 1854 4504 Ad-

256 4518 426 4584 ζαρε,
453 4515 630 4584 δεῦρο
659 4515 775 4580 ἔξω
795 4534 808 4547 ·
846 4518 939 4571 καὶ
967 4519 1123 4572 τοῦτο
1149 4521 1284 4591 πρὸς
1308 4523 1476 4592 μείζω
1515 4528 1607 4580 καὶ
1641 4529 1852 4598 βεϐαιο-

253 4600 435 4669 τέραν
458 4598 638 4650 πίστιν
666 4599 774 4651 τῶν
799 4601 1236 4673 συνδραμόνυων,
1272 4605 1357 4658 ἵνα
1385 4607 1417 4676 ὴ
1451 4608 1548 4676 μὲν
1577 4611 1734 4683 στολὴ
1761 4617 1854 4671 καὶ

252 4700 291 4736 τ
298 4684 337 4734 ‘1
366 4682 545 4750 δεσμά
565 4684 631 4752 τῇ
655 4685 935 4754 νεκρότητι
971 4688 1320 4758 μαρτυρήσῃ·
1356 4689 1388 4759 ἡ
1422 4689 1478 4744 δέ
1493 4682 1854 4764 ἀνυπέρθετος

255 4766 514 4834 ὑπακοὴ,
548 4766 641 4818 καὶ
690 4767 725 4849 6
746 4767 1138 4849 ἀνεμπόδιστος
1179 4770 1343 4839 φόϐος
1388 4772 1488 4840 τὴν
1531 4773 1864 4849 δεσποτικὴν.

247 4849 559 4903 αὑθεντίαν
591 4848 804 4920 κηρύξῃ
855 4849 1094 4918 Λάζαρε,
1125 4851 1300 4920 δεῦρο
1330 4853 1475 4920 ἔξω·
1518 4859 1610 4916 καὶ
1629 4861 1657 4912 6
1677 4848 1851 4916 διαλε-

248 4934 499 5012 λυμένος
567 4932 829 5003 ώρθοῦτο,
873 4935 968 4988 καὶ
1005 4938 1032 4988 6
1081 4936 1334 5007 σεσηπὼς
1373 4940 1666 5012 ᾐσθάνετο·
1700 4947 1728 4998 6
1766 4965 1853 5000 νε-

249 5011 405 5100 κρδς
442 5015 740 5100 ὑπήκουεν,
765 5016 859 5068 καὶ
899 5018 927 5069 6
961 5017 1244 5089 δεσμιὶηης
1286 5011 1524 5093 ἔτρεχεν.
1558 5027 1654 5082 καὶ
1675 5031 1702 5081 6
1724 5027 1855 5100 θρη-

247 5099 534 5182 νούμενος
560 5099 808 5182 ἐσκίρτα.
836 5100 933 5152 Διά
955 5101 1006 5153 τί
1043 5101 1099 5158 δέ
1131 5107 1347 5176 κραυγῇ
1399 5107 1664 5179 κέχρηται
1719 5099 1854 5182 πρδς

242 5183 323 5237 τὸ
362 5180 538 5264 παρὸν
562 5181 589 5232 6
613 5181 830 5264 Σωτήρ;
866 5186 1027 5254 φησὶν
1047 5185 1156 5256 γάρ
1177 5188 1205 5238 6
1229 5189 1638 5264 εὐαγγελιστὴς,
1665 5180 1854 5250 Ταῦτα

238 5263 486 5348 εἰπὼν,
507 5257 678 5348 μοινῇ
701 5266 932 5337 μεγάλῃ
983 5257 1387 5339 ἐκραύγασεν,
1412 5257 1653 5345 Λάζαρε,
1678 5278 1854 5348 δεῦρο

239 5348 412 5431 ἔξωτ
445 5347 557 5398 καὶ
579 5346 666 5400 διὰ
692 5348 793 5418 τῆς
823 5348 951 5420 βοῆς
977 5351 1115 5422 τάχα
1146 5353 1242 5424 τὴν
1271 5355 1567 5425 μέλλουσαν
1614 5346 1854 5431 προϋπο-

235 5429 530 5514 τυπώσας
579 5431 907 5484 ἀνάστασιν·
951 5435 1241 5489 Σαλπίσει
1269 5437 1398 5510 γὰρ,
1438 5443 1621 5514 φησὶν,
1663 5429 1763 5500 καὶ
1801 5451 1854 5501 οί

236 5513 473 5580 νεκροὶ
518 5514 990 5583 ἀναστήσονται.
1037 5517 1214 5572 Πολλά
1243 5521 1321 5574 ἐτι
1351 5513 1507 5594 ἔχων
1529 5525 1727 5595 λέγειν,
1761 5531 1853 5584 ἐπὶ

231 5599 366 5683 τὴν
415 5598 1075 5683 πῳκειμένηνῂὺπόθεσιν
1105 5602 1354 5673 ἕλκομαι,
1409 5610 1501 5663 καὶ
1539 5611 1646 5665 ἀπὸ
1679 5612 1849 5683 τάφου

233 5680 409 5752 πρὸς
441 5680 609 5748 τάφον
638 5699 702 5751 με
733 5681 905 5735 ἐλθεῖν
931 5685 1327 5757 ἀναγκάζομαι,

315 5823 350 5848 ³
390 5818 550 5868 Malim
576 5821 744 5882 [cgere
769 5829 822 5886 τῇ
847 5825 1076 5887 stupra-Ai.
1117 5826 1245 5875 Eutr.

1388 339 1458 393 IN
1493 331 2035 398 QLTATRIDIIANUM
2074 335 2422 395 LAZARUM.

3421 344 3531 399 ϐίιέ

2034 443 2301 517 Εὔκαιρος
2340 449 2394 502 δὲ
2422 448 2528 520 ἄρα
2571 451 2661 502 καὶ
2687 453 2714 501 6
2740 451 2830 502 τοῦ
2876 450 3122 522 Λαζάρου
3149 452 3311 521 τάφος
3339 456 3528 522 τάφοις

1959 527 2294 592 ἐξετασθείς·
2331 533 2428 586 οὑκ
2460 534 2704 604 ἄκαιρος,
2733 533 2806 596 ὡς
2830 534 3020 597 ἔοικεν,
3049 536 3143 587 καὶ
3165 537 3193 587 6
3219 535 3323 588 τῶν
3339 553 3529 604 γυναι-

1958 613 2068 666 κῶν
2096 613 2320 677 θάνατος
2355 617 2440 668 ἐπ’
2467 617 2628 669 αὑτὸν
2655 617 2748 668 τὸν
2784 616 2952 684 τάφον
2984 617 3392 689 ἐορταζόμενος.
3427 619 3533 672 Τά·

1959 712 2057 764 φος
2092 698 2226 760 ἐκεῖ,
2245 699 2336 750 καὶ
2357 700 2524 767 τάφος
2554 699 2818 752 ἐνταῦθα·
2849 700 3007 753 ἀλλ’ὁ
3039 701 3134 770 μὲν
3151 701 3244 753 τοῦ
3277 701 3528 769 Λαζάρου

1955 779 2122 848 τάφος
2157 782 2500 852 ἀνοιγόμενος
2526 783 2621 852 τὴν
2643 782 2736 835 τοῦ
2778 783 3012 853 Χριστοῦ
3040 783 3265 852 δύναμιν
3309 784 3531 853 ἐμφανίη

1955 857 2058 923 ζει,
2083 862 2180 916 ὁδὲ
2209 864 2317 916 τῶν
2349 865 2621 932 γυναικῶν
2647 867 2816 934 τάφος
2847 865 3228 936 κεκλεισμένος
3263 866 3354 918 καὶ
3382 868 3531 934 ἐνερ-

1955 945 2066 1010 γῶν
2094 947 2192 1016 τὴν
2223 947 2315 1000 τοῦ
2360 949 2611 1018 Σωτῆρος
2658 949 2816 1019 χάριν
2857 949 3146 1018 κηρύττει·
3184 949 3299 1000 ἐκεῖ
3338 947 3528 1017 νεκρὸς

1956 1029 2095 1098 ὑπὲρ
2125 1032 2286 1097 φύσιν
2314 1031 2405 1082 τὸν
2452 1033 2623 1099 τάφον
2662 1030 2958 1100 ἐκτρέχων,
3002 1028 3233 1083 ἐνταῦθα
3275 1033 3528 1096 γυναῖκες

1954 1113 2105 1182 παρὰ
2154 1113 2314 1181 φύσιν
2348 1117 2460 1177 τοῖς
2498 1116 2688 1182 τάφοις
2738 1115 3191 1183 προστρέχουσιν·
3236 1115 3351 1166 ἐκεῖ
3379 1113 3530 1176 θείας

1951 1194 2232 1263 δυνάμεως
2274 1200 2518 1267 σημεῖον,
2564 1197 2796 1249 ἐνταῦθα
2846 1196 3214 1268 προαιρέσεως
3267 1196 3524 1264 γενναίας

1953 1280 2250 1349 τεκμήριον
2273 1295 2286 1309 ·
2346 1279 2504 1331 ἐκεῖῦ
2541 1277 2902 1350 Λάζαρος.....
2926 1278 3022 1340 τὰς
3059 1278 3152 1331 τοῦ
3185 1279 3526 1332 οανάτου.....

1953 1360 2232 1429 εύθάρσως
2261 1361 2577 1414 ἐπίσταται·
2616 1363 2731 1414 ἐκεῖ
2761 1361 2899 1431 μετὰ
2921 1360 3010 1412 τὸν
3050 1359 3276 1412 θάνατον
3299 1361 3530 1412 ἀναϐίωο

1955 1459 2058 1505 σις,
2082 1443 2172 1496 καὶ
2209 1443 2442 1496 ἐνταῦθα
2471 1444 2615 1514 ζωή·
2649 1445 2765 1497 ἐκεῖ
2799 1443 3024 1506 θάνατος
3049 1442 3233 1513 βιαίως
3280 1443 3531 1515 λῃστεύει

1952 1542 2059 1591 ται,
2089 1526 2322 1579 ἐνταῦθα
2374 1527 2604 1590 θάνατος
2648 1525 2928 1598 προδήλως
2956 1529 3236 1579 πατεῖται·
3277 1527 3478 1580 ἐκεῖνον
3501 1529 3537 1580 6'

1954 1609 2180 1672 θάνατος
2210 1608 2454 1672 δανείσας
2497 1608 2574 1679 τῷ
2621 1609 2719 1679 βίῳ
2755 1609 2915 1662 πάλιν
2949 1610 3037 1662 διά
3065 1608 3158 1661 τοῦ
3189 1608 3384 1677 τάχους
3439 1609 3535 1662 ἀν-

1957 1692 2145 1746 έλαϐεν
2169 1704 2191 1731 ο
2213 1708 2225 1720 ·
2287 1692 2484 1764 μᾶλλον
2509 1693 2586 1756 δὲ,
2628 1694 2811 1764 φησὶν,
2840 1693 3100 1746 ’ἙλαϐονΔ
3144 1693 3420 1761 γυναῖκες
3465 1693 3533 1758 ἐξ

1953 1775 2346 1842 ἀναστάσεως
2370 1776 2512 1842 τοὺς
2540 1775 2792 1844 νεκροὺς
2826 1773 3044 1836 αὐτῶν,
3073 1773 3231 1827 τοῦτο
3273 1773 3407 1828 Θεοῦ
3444 1793 3534 1829 κε-

1951 1858 2265 1924 λεύσαντος·
2290 1854 2448 1914 αὗται
2471 1860 2526 1912 δὲ
2555 1859 2662 1913 ἀπὸ
2686 1861 3021 1931 προσκαίρου
3047 1859 3194 1929 ζωῆς
3219 1859 3354 1927 πρὸς
3383 1859 3533 1931 ζωήν

1952 1944 2252 2016 ἀπέραντον
2298 1944 2698 2014 μετεπήδησαν,
2741 1945 2926 2015 μήτηρ
2969 1944 3060 1996 καὶ
3109 1942 3426 2014 θυγατέρες,
3471 1945 3527 1997 αἱ

1955 2029 2190 2098 σήμερον
2215 2029 2360 2098 ἡμᾶς
2392 2025 2846 2096 συναθροίσασαι·
2883 2029 3063 2098 μήτηρ
3106 2025 3335 2088 εὐσεϐὴς
3371 2025 3532 2080 ὠδῖνα

1953 2109 2349 2178 ὑπενεγκοῦσα,
2380 2109 2677 2179 θυγατέρες
2707 2108 2910 2162 ὠδίνων
2959 2108 3304 2180 ἀπείραστοι,
3353 2109 3532 2179 μήτηρ

1954 2190 2157 2245 λύσασα
2185 2191 2338 2264 [649]
2377 2191 2671 2259 παρθενίαν
2719 2193 2800 2254 είς
2841 2195 3054 2260 γένεσιν
3101 2191 3398 2262 παρθένων,
3430 2191 3535 2260 μή-

1953 2293 2057 2347 τηρ
2108 2277 2329 2343 ἁγνείας
2378 2275 2639 2337 ώδίνασα,
2690 2277 2874 2347 μήτηρ
2919 2277 3060 2330 κατά
3103 2276 3328 2345 φυσικὸν
3371 2275 3542 2345 νόμιν.

1956 2358 2257 2431 παρθένους
2304 2359 2633 2426 γεννήσασα.
2669 2358 2726 2411 Ὀ
2772 2358 3050 2431 πανταχοῦ
3094 2360 3205 2421 τοῖς
3253 2356 3530 2410 εὑσεϐέσιν

1955 2442 2368 2514 ἐπιστρατεύων
2414 2443 2695 2513 τύραννος,
2744 2443 2772 2496 6
2813 2441 2919 2494 τῶν
2967 2441 3315 2514 βαρϐαρικῶν
3361 2439 3535 2508 φόνων

1954 2525 2092 2596 πρὸς
2120 2525 2180 2578 16
2230 2523 2493 2594 ἐμφύλιον
2541 2519 2694 2593 αἷμακ
2731 2525 3115 2595 μεταστρέφων
3143 2524 3205 2576 16
3235 2522 3407 2590 ξίφος,
3442 2521 3536 2576 16-.

1959 2625 2147 2678 ραννος
2196 2607 2430 2677 Χριστὸν
2481 2606 2720 2661 ἐλαύνων
2752 2607 2845 2660 τὸν
2873 2609 2934 2660 οὑ
2967 2607 3313 2677 βλεπόμενον.
3340 2605 3535 2676 τύραν-

1954 2707 2043 2754 νος
2082 2690 2170 2744 διά
2195 2690 2294 2760 τῆς
2329 2689 2564 2760 ποίμνης
2599 2690 2843 2759 οἰόμενος
2891 2689 2982 2742 τὸν
3029 2689 3258 2759 ποιμένα
3291 2689 3535 2760 πορθεῖν,

1953 2773 2214 2846 τύραννος
2256 2774 2336 2836 είς
2382 2772 2611 2842 οὐρανὸν
2665 2772 2902 2837 τοξεύειν
2931 2772 3242 2842 ἐπιχειρῶν,
3275 2771 3534 2841 τύραννος

1953 2857 2052 2926 τὴν
2096 2854 2329 2928 Χριστοῦ
2389 2854 2663 2924 βασιλείαν
2717 2855 3128 2926 πλατυνομένην
3175 2853 3529 2924 ζηλοτυπῶν·

1955 2939 2214 3009 τύραννος
2240 2934 2308 3009 ἦν
2335 2940 2363 2991 6
2393 2938 2602 2990 διώκων
2647 2938 2786 3009 ἀνὴρ
2821 2937 2914 2991 καὶ
2964 2937 3254 3007 μονόζυξά,
3285 2937 3536 3007 ἀπρόοδοι

1956 3022 2252 3092 θυγατέρες
2276 3022 2331 3074 αἱ
2353 3022 2871 3091 συναγωνιζόμεναι.
2891 3021 3161 3091 Χρήματα
3184 3020 3532 3092 διηρπάζετο,

1957 3103 2156 3172 πατρὶς
2220 3099 2667 3170 ἀπελιμπάνετο·
2703 3094 2884 3152 εἷλκον
2931 3099 3146 3162 ἀσεϐεῖς
3203 3099 3531 3169 στρατιῶται

1956 3184 2054 3247 τάς
2104 3183 2204 3253 τῆς
2255 3183 2608 3254 σωφροσύνης
2647 3199 2706 3235 τε
2739 3183 2832 3236 καὶ
2874 3181 3229 3252 κοσμιότητος
3274 3183 3532 3253 ἐραστάς,

1957 3266 2274 3338 τοιχωρύχοι
2322 3266 2420 3337 τὴν
2469 3266 2563 3320 τοῦ
2609 3265 2802 3336 νοητοῦ
2849 3265 3311 3336 Ναϐουχοδονόσορ
3353 3268 3533 3321 εἰκόνα

1958 3353 2283 3423 προσκυνεῖν
2321 3351 2744 3418 ἀναγκάζοντες.
2807 3349 2944 3403 Ἀλλ’
2979 3350 3116 3420 ὅπερ
3155 3353 3186 3421 ή
3224 3351 3536 3408 Βαϐυλωνία

1958 3435 2184 3505 κάμινος
2239 3433 2334 3486 ἐπὶ
2375 3436 2475 3504 τῆς
2505 3432 2610 3485 τῶν
2637 3431 2927 3504 μαρτύρων
2959 3432 3172 3503 τριάδος
3217 3435 3531 3505 ἐργάζεται,

1957 3517 2051 3569 καὶ
2082 3514 2332 3586 σώματός
2357 3533 2415 3567 τε
2447 3515 2541 3568 κα)⁵
2561 3515 2736 3585 ψυχῆς
2759 3515 2826 3568 τά
2846 3515 3019 3585 δεσμὰ
3046 3515 3358 3580 διαλύσασα,
3384 3519 3533 3572 ἐλευ-

1958 3599 2121 3670 θέρας
2142 3599 2350 3670 ἀφῆκεν
2378 3600 2457 3661 είς
2486 3598 2714 3669 οὑρανὸν
2741 3597 3002 3651 πέτασθαι
3020 3598 3117 3661 τὰς
3144 3599 3340 3670 ψυχάς.
3374 3603 3534 3671 Ὄφις

1957 3684 2014 3735 δὲ
2053 3682 2351 3752 ἀρχόμενος
2385 3683 2413 3734 6
2461 3681 2558 3750 τήν
2600 3680 2744 3734 Εὔαν
2804 3682 2861 3733 ἐν
2901 3680 3214 3751 παραδείσῳ
3258 3682 3472 3750 διώξας,
3502 3687 3545 3739 6.

1958 3769 2064 3828 τοῖς
2099 3765 2287 3827 ἁπλοῖς
2323 3765 2415 3817 καὶ
2449 3765 2676 3827 ἀκάκοις
2729 3764 3086 3835 σοφιστεύσας
3144 3766 3348 3837 ήθεσιν,
3379 3762 3546 3836 οὗτος,

1958 3851 2047 3902 τὸν
2081 3847 2322 3918 ποταμὸν
2375 3847 2498 3899 ίδὼν
2531 3846 2728 3919 λύθρου
2790 3846 3174 3918 κολυμϐήθραν
3222 3850 3531 3920 γενόμενον,

1957 3935 2052 3988 καὶ
2083 3933 2211 4001 θείῳ
2265 3929 2543 4000 Πνεύματι
2569 3930 2628 3981 τὸ
2665 3929 2876 4002 ῥεῖθρον
2911 3930 3373 4002 ἀνακιρνώμενον,
3403 3932 3541 4003 ἄχρι,

1957 4014 2051 4068 τοῦ
2081 4010 2325 4083 ποταμοῦ
2375 4012 2472 4073 τὰς
2521 4012 2798 4082 μακαρίας
2823 4011 3040 4077 διώξας,
3064 4016 3175 4077 τοῖς
3211 4017 3341 4085 πυρὶ
3381 4033 3536 4070 πνευ-

1961 4095 2173 4170 ματικῷ
2213 4093 2557 4166 κερασθεῖσιν
2606 4093 2790 4147 ῦδασιν
2827 4095 3189 4170 ἀνεκρούετο,
3252 4098 3344 4150 καὶ
3378 4115 3532 4169 περι-

1959 4168 2202 4254 στρέφων
2228 4176 2404 4250 ἐαυτῶ
2429 4177 2490 4229 16
2529 4175 2758 4248 κομψὸν,
2790 4168 2882 4232 τοῦ
2925 4177 3154 4248 ἀρχαίου
3211 4168 3536 4252 μηχανήμα-

1956 4283 2044 4328 τος
2073 4262 2170 4333 τήν
2199 4261 2404 4331 ζημίαν
2430 4259 2668 4330 ἐθρήνει,
2711 4260 2805 4312 καὶ
2850 4260 2948 4324 τάς
2978 4262 3106 4332 πρὶν
3154 4263 3534 4332 εὐαπατήτους

1956 4365 2014 4401 τε
2044 4346 2138 4400 καὶ
2179 4344 2510 4415 εὑπτοήτους
2536 4346 2818 4411 γυναῖκας,
2847 4343 3050 4404 ταύτας
3074 4347 3216 4400 κατά
3247 4347 3340 4401 τοῦ
3371 4348 3545 4403 θανά-ι

1955 4449 2049 4484 του
2107 4427 2352 4500 σοϐαρῶς
2411 4427 2818 4496 νεανιευομένας
2863 4427 3030 4498 ἐώρα,
3085 4429 3179 4482 καὶ
3219 4429 3286 4499 ἢν
3347 4432 3534 4504 ἐτήρει

1958 4512 2239 4584 πτερνίσαι
2281 4509 2536 4579 πτέρναν,
2569 4508 2772 4580 ταύτην
2800 4510 2908 4563 ἀπὸ
2933 4511 3034 4581 γῆς
3066 4511 3145 4574 είς
3175 4512 3401 4584 οὐρανὸν
3438 4514 3533 4569 ἀλ-

1954 4597 2186 4666 λομένην
2233 4593 2478 4646 ἔϐλεπεν.
2527 4591 2664 4646 Ἀλλ’
2703 4592 2901 4656 ίκανῶς
2934 4598 3026 4647 καὶ
3057 4597 3175 4658 ταῖς
3215 4599 3536 4667 τροπαιοφόη

1957 4698 2070 4752 ροις
2121 4675 2676 4749 ἐμπανηγυρίσαντες
2724 4677 2988 4744 γυναιξὶν,
3016 4679 3111 4732 καὶ
3155 4680 3216 4732 τὸ
3265 4683 3545 4752 χρήσιμοι

1957 4759 2232 4833 πανταχοῦ
2287 4761 2354 4830 τῇ
2411 4757 2662 4812 ὑποθέσει
2714 4761 3064 4829 κεράσαντες,
3096 4761 3187 4814 κα)⁵
3217 4763 3388 4830 τάφον
3429 4779 3532 4817 πα-

1954 4845 2102 4905 λαιὸν
2134 4842 2310 4916 νεαρῷ
2333 4843 2488 4913 τάφῳ
2513 4843 2911 4912 κοσμήσαντες,
2949 4845 3040 4897 καὶ
3079 4845 3386 4916 παράλογον
3403 4847 3533 4904 ἀνα-

1956 4929 2144 4983 ϐίωσιν
2175 4924 2487 4998 καρτερικῷ
2515 4925 2728 4995 θανάτῳ
2758 4926 3152 4997 συρράψαντες,
3186 4930 3280 4982 καὶ
3304 4929 3533 5002 ἀνδράσι

1953 5029 2012 5064 τε
2068 5010 2161 5064 καὶ
2209 5009 2456 5078 γυναιξὶν
2493 5007 2863 5078 ὑποδείγματα
2909 5009 3045 5080 πρὸς
3085 5012 3290 5084 ἀρετήν
3325 5031 3384 5068 τε
3437 5015 3550 5072 καὶ,

1955 5092 2234 5146 εὐσέϐειαν
2290 5090 2641 5160 ὑποθέμενοι,
2693 5092 2785 5144 καὶ
2841 5091 3070 5150 θάνατον
3142 5095 3385 5167 ἀοίδιμον
3436 5097 3546 5152 και

1954 5175 2249 5228 ἀνάστασιν
2302 5173 2547 5244 ζηλωτήν
2593 5173 2990 5241 ἐπιδείξαντες,
3053 5177 3552 5250 εὑχαριστήσωμινν

1958 5258 2100 5327 ζωῆς
2136 5258 2227 5310 καὶ
2259 5255 2490 5310 θανάτου
2516 5255 2760 5320 ἐξουσίαν
2795 5257 2972 5329 ἔχοντι
3001 5260 3252 5330 Χριστῷ·
3281 5253 3378 5330 ᾧή
3404 5259 3542 5324 δόξα,

1957 5343 2052 5394 καὶ
2085 5340 2144 5393 16
2182 5341 2379 5410 κράτος
2408 5339 2523 5408 ἆμα
2561 5339 2638 5409 τῷ
2670 5341 2842 5411 Πατρ¹ι
2878 5344 2974 5396 σὺν
3004 5343 3078 5412 τῷ
3109 5343 3246 5414 ἀγίῳ
3275 5344 3368 5395 καὶ
3396 5340 3529 5404 Cmo-

1958 5423 2094 5494 ποιῷ
2123 5423 2422 5492 Πνεύματι,
2449 5423 2526 5486 εἰς
2553 5425 2676 5488 τοὺς
2707 5423 2907 5488 αἰῶνας
2931 5425 3036 5478 τῶν
3065 5423 3296 5479 αἰώνων.
3339 5426 3525 5496 Ἀμήν.

2023 5527 2051 5568 b
2075 5528 2191 5598 Hmc
2212 5526 2648 5598 corruptqﬁuntin
2690 5542 2801 5598 τηε..
2827 5543 2997 5598 verum
3036 5529 3187 5598 talem_
3214 5542 3414 5579 sensum
3439 5540 3532 5598 ex-

1958 5590 2490 5698 prossilsrselverisimile
2517 5596 2610 5649 est,
2639 5592 2837 5652 qualem
2877 5592 3223 5652 interpretatio
3250 5598 3414 5641 nostra
3441 5590 3530 5640 Lah-

1960 5662 2058 5698 tma
2079 5664 2105 5698 e
2148 5664 2204 5698 er
2229 5687 2241 5698 .

1960 5662 2058 5700 lma
2079 5662 2241 5698 euert.

2021 5717 2043 5739 "-
2073 5713 2216 5759 Forte
2241 5713 2480 5759 ἀνέϐαλεν.

2023 5773 2046 5809 ιι
2072 5775 2156 5840 εἰς.
2178 5775 2389 5840 ιηε.,ες·‹1
2415 5775 2515 5840 hane
2537 5784 2627 5840 νοτ
2656 5779 2879 5840 ειιερ-οιῆιι
2904 5775 3112 5825 \‘idt‘lur.
3173 5777 3280 5828 mox
3309 5775 3536 5840 ἀπριοότιι

1959 5835 2242 5886 mutandum
2267 5834 2460 5885 videtur
2495 5833 2541 5880 in
2568 5833 2846 5901 ἀπρὸσόίοι,
