4080 6196
324 265 424 319 (iiii
1355 263 1439 326 DE
1477 269 1765 329 SANCTIS
1797 271 2254 329 MARTYRIBUS
2291 267 2542 326 SERMO.
3469 271 3576 324 65-6

355 491 492 492 κη.-
584 491 599 492 κ
700 491 839 492 --γὴ

320 899 423 959 ΕΤ
472 897 552 957 ΙΝ
603 894 774 957 EAM
821 895 1054 956 CUJUS
1107 894 1675 958 ABGUMENTUM
1721 895 1890 972 EST,
1925 895 2090 957 NON
2127 895 2316 958 ESSE
2347 893 2452 954 AD
2498 893 2873 956 GRATIAM
2905 894 3564 960 CONCIONANDUM.

316 1320 460 1374 ricos
490 1328 806 1375 sanctorum
841 1332 1120 1374 sermones
1149 1333 1258 1374 non
1307 1319 1594 1388 pertineat,
1636 1322 1824 1392 religio
1863 1321 1966 1377 fuit
2002 1338 2120 1380 eam
2157 1337 2186 1376 a
2219 1323 2540 1392 praecedenti
2581 1323 2846 1378 concione
2901 1324 3242 1396 disjungere,
3275 1329 3402 1398 quia
3466 1345 3572 1386 ca:-

313 1440 463 1500 ptam
487 1430 552 1486 de
584 1431 802 1502 indigne
832 1432 1368 1490 communicantibus
1405 1435 1746 1506 hypothesim
1780 1451 1843 1492 ea
1873 1453 2038 1507 quam
2087 1437 2326 1492 diximus
2353 1437 2642 1493 occasione
2679 1437 2876 1493 ductus
2917 1437 3004 1495 hic
3046 1442 3413 1510 prosequitur.
3446 1442 3577 1509 Quo

311 1562 459 1601 anno
480 1554 768 1617 utramque
797 1548 1048 1604 habuerit
1075 1549 1353 1606 bomiliam
1394 1549 1840 1622 Chrysostomus,
1889 1569 1956 1608 ne
1983 1554 2294 1624 conjectura
2333 1555 2550 1624 quidem
2595 1555 2816 1624 assequi
2851 1555 3136 1611 valemus:
3168 1555 3268 1612 hoc
3291 1572 3458 1610 unum
3491 1573 3558 1611 ex

311 1663 551 1718 secunda
581 1663 826 1728 homilia,
856 1667 940 1720 cui
978 1666 1188 1731 titulus,
1225 1666 1348 1722 Non
1383 1685 1494 1723 esse
1521 1669 1590 1722 ad
1621 1671 1848 1740 gratiam
1876 1669 2316 1739 concionandum,
2347 1671 2617 1740 expiscari
2656 1685 2819 1741 posse
2855 1671 3123 1736 videmur,
3161 1687 3354 1743 nempe
3400 1672 3554 1728 habi-

309 1786 422 1832 tam
473 1788 762 1852 utramque
792 1780 964 1838 fuisse
996 1792 1118 1853 post
1169 1782 1460 1841 llomiliam
1509 1786 1578 1841 de
1615 1785 1820 1840 Lazaro
1853 1785 2030 1855 :_dieit
2079 1787 2224 1841 enim
2257 1785 2315 1841 S.
2344 1786 2537 1842 doctor
2563 1803 2714 1842 num.
2747 1788 2782 1841 5
2811 1786 2876 1842 de
2916 1786 3123 1844 Lazaro
3164 1788 3394 1859 loquens
3425 1807 3438 1845 :
3480 1788 3546 1843 Et

307 1895 436 1965 quid
473 1912 604 1965 opus
634 1905 712 1951 est
738 1897 1052 1967 parabolam
1079 1908 1245 1954 totam
1277 1903 1620 1970 percurrere?
1650 1901 1851 1974 Quippe
1882 1903 2048 1958 nostis
2079 1902 2358 1955 historiam
2381 1916 2605 1968 omnem,
2637 1900 3002 1955 crudelitatem
3030 1901 3229 1966 divitis,
3255 1919 3355 1972 quo
3397 1917 3554 1973 pacto

309 2011 611 2065 mendicum
636 2012 945 2082 participem
974 2029 1166 2068 mensa
1193 2030 1295 2069 non
1319 2015 1538 2082 faceret,
1569 2026 1850 2086 egestatem
1885 2018 2031 2073 illius
2063 2032 2124 2069 ac
2154 2016 2373 2085 famem,
2402 2032 2519 2070 cum
2547 2031 2651 2086 qua
2676 2026 2922 2086 perpetuo
2953 2017 3381 2084 conﬂictabatur.
3418 2018 3552 2083 Quae

307 2140 443 2180 sane
471 2124 722 2180 videntur
755 2135 876 2197 post
896 2141 1176 2182 sermones
1199 2127 1265 2182 de
1303 2125 1513 2182 Lazaro
1536 2127 1699 2194 dicta,
1734 2130 1860 2186 licet
1889 2130 1940 2184 id
1965 2129 2234 2185 allirmare
2264 2144 2372 2185 non
2400 2130 2600 2187 ausim.
2632 2127 2754 2198 Quo
2783 2137 2968 2186 autem
2997 2146 3140 2185 anno
3170 2146 3453 2188 sermones
3485 2135 3552 2190 de

307 2235 520 2292 Lazaro
547 2234 678 2290 dicti
711 2234 937 2305 fuerint,
970 2238 1176 2310 pariter
1215 2239 1509 2308 incertum,
1542 2249 1600 2295 ut
1633 2239 1872 2296 vidimus
1899 2241 1954 2297 in
1987 2240 2194 2298 Mouito
2221 2242 2289 2298 ad
2315 2241 2563 2300 eosdem.

377 2369 677 2445 Utriusque
702 2375 1202 2446 interpretationem
1236 2375 1482 2432 Latinam
1519 2377 1690 2434 edidit
1718 2377 1924 2435 Fronto
1957 2377 2206 2434 Dueaeus.

309 2744 2952 2769 Mm

317 2954 447 2998 CUM
495 2948 822 2994 EPISCOPUS
863 2947 1217 2990 MARTYBUM
1262 2946 1419 2988 DIEM
1465 2944 1615 2986 RURI
1661 2939 2080 2984 CELEBRATUM
2124 2943 2423 2998 ABllSSET,
2472 2945 2743 2988 IIABITUS
2789 2947 2904 2990 EST
2940 2949 3000 2991 IN
3049 2950 3214 2994 UBBE
3257 2952 3462 2998 διετιΜο
3503 2958 3566 3002 IN

947 3048 1306 3104 MARTYRES,
1353 3049 1433 3090 ET
1475 3047 1559 3088 DE
1602 3042 2088 3089 COMPUNCTIONE
2131 3043 2354 3088 CORDIS
2397 3047 2478 3089 ΕΤ
2527 3048 2961 3093 ELEEMOSYNA.

1769 3208 2086 3267 ασκεω

386 3387 436 3438 1.
478 3383 601 3438 ileri
625 3390 913 3451 martyrum
934 3379 1047 3433 dies
1079 3377 1194 3443 luit,
1225 3375 1317 3430 sed
1344 3384 1398 3429 et
1419 3374 1575 3428 hodie
1596 3382 1893 3444 martyrum

309 3476 428 3530 dies
456 3484 537 3528 est
569 3491 582 3526 :
612 3482 770 3541 atque
795 3469 997 3525 utinam
1028 3483 1239 3537 semper
1267 3467 1406 3521 diem
1434 3474 1724 3536 martyrum
1748 3464 1892 3518 cele-

312 3567 614 3621 braremus.
643 3561 700 3617 Si
730 3560 872 3616 enim
901 3560 1010 3624 illi,
1036 3560 1124 3628 qui
1153 3559 1339 3612 insano
1365 3556 1689 3611 theatrorum
1710 3569 1893 3609 amore

311 3659 580 3712 ducuntur
599 3695 614 3720 ,
643 3662 698 3708 et
721 3652 991 3706 circenses
1021 3650 1173 3705 ludos
1198 3649 1264 3704 ad
1294 3658 1566 3718 stuporem
1597 3661 1762 3716 usque
1785 3647 1890 3700 mi-

313 3758 522 3810 rantur,
545 3760 832 3815 numquam
859 3743 1102 3814 turpibus
1128 3742 1234 3797 illis
1253 3740 1567 3812 spectaculis
1588 3739 1844 3794 satiantur
1875 3756 1888 3791 :

315 3841 485 3895 multo
511 3838 712 3908 sequius
738 3845 839 3900 est,
868 3843 927 3889 ut
953 3843 1253 3888 sanctorum
1284 3831 1579 3887 festivitatis
1604 3829 1891 3884 celebratio

313 3933 466 3988 nobis
493 3931 792 3984 satietatem
833 3937 887 3984 et
931 3926 1199 3981 fastidium
1240 3937 1523 3992 numquam
1554 3920 1742 3991 pariat.
1780 3920 1892 3974 illic

312 4036 506 4093 pompa
536 4029 620 4074 est
659 4018 916 4074 diabolica
942 4060 957 4084 ,
987 4017 1074 4071 hic
1117 4015 1370 4070 festivitas
1408 4011 1708 4067 Christiana
1739 4029 1753 4065 :
1786 4011 1891 4065 illic

309 4115 580 4188 exsultant
606 4111 877 4165 daemones
897 4151 912 4172 ,
944 4109 1030 4163 hic
1054 4106 1228 4176 angeli
1257 4105 1484 4160 choreas
1513 4102 1715 4157 ducunt
1739 4119 1751 4155 :
1780 4101 1891 4155 illic

312 4207 614 4261 animarum
654 4202 918 4273 pernicies
938 4245 952 4267 ,
983 4201 1069 4256 hic
1112 4201 1254 4254 salus
1282 4213 1465 4252 eorum
1495 4196 1728 4251 omnium
1753 4235 1768 4260 ,
1801 4194 1890 4264 qui

312 4305 726 4367 congregantur.
758 4297 823 4349 At
865 4293 1063 4347 habent
1101 4292 1188 4346 illa
1216 4289 1495 4361 quamdam
1522 4285 1891 4357 voluptatem?

310 4389 428 4444 Non
457 4405 589 4444 sane
619 4397 816 4443 tantam
843 4429 857 4453 ,
882 4395 1133 4456 quantam
1161 4385 1278 4439 ista.
1310 4385 1438 4451 Qua:
1464 4383 1603 4437 enim
1627 4423 1640 4446 ,
1673 4393 1852 4450 qumso
1871 4421 1886 4444 ,

309 4482 560 4551 voluptas
607 4491 807 4534 temere
854 4487 908 4533 et
949 4490 1164 4546 quoquo
1204 4473 1362 4529 modo
1411 4482 1686 4528 currentes
1727 4485 1892 4538 equos

310 4570 578 4625 cernere?
623 4569 710 4624 hic
737 4583 866 4623 vero
895 4583 1002 4622 non
1042 4567 1225 4635 jugum
1263 4565 1538 4619 brutorum
1583 4561 1888 4615 animalium

309 4671 524 4731 spectas
550 4703 565 4724 ,
607 4660 699 4714 sed
741 4667 1030 4729 martyrum
1074 4655 1218 4710 mille
1258 4669 1482 4720 currus,
1513 4659 1568 4707 et
1606 4653 1769 4707 Deum
1799 4651 1889 4720 qui

309 4755 560 4810 curribus
589 4754 712 4808 istis.
737 4751 980 4822 prmsidet
1005 4793 1019 4815 ,
1047 4758 1208 4820 atque
1245 4749 1296 4802 in
1327 4747 1514 4802 caelum
1543 4747 1642 4800 iter
1669 4746 1793 4814 agit.
1821 4743 1893 4799 Ut

309 4849 457 4903 enim
492 4846 758 4915 intelligas
795 4853 1098 4900 sanctorum
1129 4841 1333 4895 animas
1373 4839 1467 4894 Dei
1497 4851 1708 4892 currum
1735 4850 1888 4899 esse,

309 4939 435 4994 audi
467 4936 779 5009 prephetam
803 4936 1065 4991 dicentem
1099 4951 1113 4988 :
1147 4932 1334 4987 Currus
1363 4929 1455 4983 Dei
1481 4929 1648 4984 decem
1673 4927 1892 4980 millibus

308 5032 603 5101 multiplex,
628 5029 789 5082 millia
802 5027 1080 5084 (celantium
1107 5023 1277 5096 (Psal.
1308 5022 1395 5076 67.
1425 5020 1491 5075 18
1511 5021 1550 5090 ).
1579 5018 1728 5085 Quod
1749 5018 1891 5073 enim

308 5121 563 5191 supernis
589 5119 871 5174 virtutibus
893 5117 1033 5172 dono
1059 5115 1222 5178 dedit,
1255 5115 1355 5168 hoc
1382 5119 1436 5167 et
1476 5117 1676 5165 naturae
1699 5118 1892 5164 nostra:

309 5214 536 5282 largitus
557 5220 658 5266 est.
681 5211 853 5279 Super
870 5208 1152 5263 Cheruhim
1179 5205 1350 5270 sedet,
1377 5204 1515 5258 sicut
1543 5202 1617 5257 ait
1637 5201 1891 5270 psalmus,

311 5303 552 5356 Ascendit
583 5319 730 5372 super
757 5300 1021 5355 Cherubim
1053 5308 1096 5352 et
1125 5299 1304 5352 volavit
1337 5294 1518 5367 (I’sal.
1553 5293 1639 5347 Π.
1670 5291 1768 5361 Η)
1799 5309 1811 5346 :
1840 5299 1894 5345 et

307 5411 529 5460 rursus,
564 5394 663 5460 Qui
688 5395 829 5449 sedes
864 5409 1016 5464 super
1040 5391 1299 5446 Chembim
1325 5433 1339 5458 ,
1371 5397 1417 5443 et
1456 5385 1664 5440 intueris
1692 5383 1894 5453 abyssos

312 5487 333 5551 (
365 5485 498 5540 Dan.
529 5487 582 5542 3.
613 5485 741 5557 55).
773 5485 884 5540 line
921 5483 1079 5539 etiam
1119 5481 1270 5536 nobis
1310 5492 1498 5535 rursus
1521 5474 1743 5531 contulit
1769 5491 1781 5526 :
1811 5488 1893 5527 se-

309 5575 403 5631 det
430 5591 591 5647 super
619 5577 736 5632 illos
759 5619 771 5641 ,
800 5577 852 5630 in
900 5575 1051 5630 nobis
1078 5571 1276 5627 habitat
1318 5587 1330 5623 :
1366 5567 1662 5623 luhabitabo
1691 5565 1821 5621 enim
1847 5573 1894 5618 et

1987 3371 2307 3426 inambulabo
2334 3373 2386 3426 in
2428 3374 2562 3427 vobis
2592 3374 2745 3447 (Leu.
2778 3376 2866 3430 26.
2915 3378 2980 3431 12
3006 3389 3050 3431 et
3091 3379 3147 3432 2.
3187 3380 3305 3435 Cor.
3348 3382 3400 3437 6.
3433 3383 3558 3457 16).

1990 3462 2071 3518 illi
2097 3462 2220 3518 facti
2248 3472 2374 3518 sunt
2399 3479 2606 3530 currus,
2640 3480 2738 3520 nos
2770 3469 3020 3536 templum
3052 3470 3254 3526 fiamus.
3292 3473 3451 3530 Vides
3477 3493 3568 3531 co-

1989 3555 2291 3623 gnationem
2318 3555 2582 3612 honoris?
2610 3557 2785 3626 vides,
2818 3575 2922 3629 quo
2949 3571 3100 3629 pacto
3131 3566 3420 3633 paciﬁcarit
3447 3586 3565 3639 qua:

1989 3645 2043 3699 in
2071 3647 2214 3700 caelis
2251 3657 2406 3713 sunt,
2434 3657 2488 3701 et
2524 3664 2643 3717 qum
2681 3651 2731 3708 in
2765 3657 2903 3704 terra
2933 3651 3078 3722 (Col.
3123 3655 3174 3706 l.
3214 3655 3351 3728 20)?
3382 3658 3565 3729 Itaque

1989 3737 2122 3790 nihil
2152 3737 2219 3792 ab
2257 3739 2460 3808 angelis
2496 3738 2821 3805 dill‘erimus,
2850 3742 2892 3794 si
2933 3742 3176 3797 velimus.
3208 3743 3311 3800 Sed
3340 3749 3480 3816 quod
3511 3752 3562 3807 in

1988 3827 2210 3882 exordio
2246 3829 2508 3884 sermonis
2551 3829 2812 3897 dicebam,
2848 3831 2958 3886 heri
3004 3842 3292 3906 martyrum
3329 3839 3443 3894 dies
3467 3884 3482 3907 ,
3510 3852 3566 3896 et

1989 3916 2147 3972 hodie
2173 3929 2462 3990 martyrum
2489 3919 2602 3975 dies
2619 3961 2633 3983 ,
2670 3935 2775 3975 non
2801 3937 2982 3976 eorum
3009 3924 3096 3992 qui
3123 3926 3260 3994 apud
3285 3942 3381 3983 nos
3404 3939 3556 3993 sunt,

1989 4011 2083 4065 sed
2122 4026 2307 4068 eorum
2339 4013 2425 4082 qui
2467 4013 2520 4066 in
2556 4013 2680 4066 villa
2713 4031 2726 4066 :
2760 4014 2868 4067 imo
2913 4028 3042 4069 vero
3073 4016 3149 4070 illi
3178 4033 3388 4088 quoque
3424 4023 3562 4090 apud

1991 4121 2090 4161 nos
2117 4114 2261 4159 sunt.
2300 4103 2431 4158 Nam
2471 4104 2522 4158 in
2560 4103 2900 4158 smcularihus
2935 4106 3147 4175 quidem
3187 4111 3411 4179 negotiis
3449 4128 3478 4166 a
3506 4129 3583 4169 se~

1990 4199 2214 4253 invicem
2241 4195 2500 4252 dissident
2523 4195 2710 4250 civitas
2749 4205 2802 4249 et
2839 4196 2999 4260 villa;
3039 4198 3092 4252 in
3135 4197 3200 4252 iis
3242 4211 3417 4256 autem
3443 4218 3562 4274 quae

1989 4290 2056 4344 ad
2096 4290 2405 4360 religionem
2449 4288 2752 4358 pertinent,
2784 4289 3176 4345 communicant
3219 4300 3272 4345 et
3309 4295 3564 4350 uniuntur

1989 4381 2128 4436 inter
2153 4397 2212 4437 se
2252 4381 2496 4434 invicem.
2529 4378 2646 4433 Noli
2687 4380 2829 4434 enim
2873 4379 3150 4434 barbaram
3191 4381 3422 4451 ipsorum
3454 4383 3559 4439 lin-

1989 4488 2145 4542 guam
2195 4480 2454 4541 spectare,
2506 4470 2599 4525 sed
2649 4471 2882 4526 animum
2935 4471 3170 4540 ipsorum
3221 4472 3558 4544 philos0phia

1988 4565 2277 4621 excultum.
2306 4563 2438 4631 Quid
2476 4564 2618 4618 enim
2663 4564 2854 4634 linguae
2891 4566 3193 4620 communio
3232 4567 3484 4636 prodest,
3511 4568 3560 4623 si

1989 4657 2152 4712 animi
2180 4657 2285 4710 sint
2312 4655 2512 4709 divisi?
2538 4654 2662 4725 quid
2688 4657 2815 4708 vero
2841 4654 3118 4710 diversitas
3148 4657 3339 4727 lingua:
3371 4674 3518 4714 nocet
3541 4706 3557 4726 ,

1989 4747 2032 4802 si
2067 4746 2167 4801 lide
2192 4746 2509 4816 jungamur?
2539 4744 2648 4799 llac
2688 4743 2893 4799 ratione
2935 4759 3107 4814 neque
3133 4745 3250 4799 villa
3279 4746 3564 4805 deterioris

1988 4838 2307 4895 conditionis
2332 4852 2488 4907 quam
2517 4836 2701 4891 civitas
2719 4877 2733 4902 ,
2770 4850 2892 4890 cum
2921 4835 2974 4890 in
2999 4849 3064 4890 eo
3085 4875 3101 4902 ,
3131 4835 3272 4905 quod
3301 4837 3565 4891 bonorum

1987 4940 2146 5001 caput
2181 4939 2263 4985 est
2288 4973 2301 4994 ,
2332 4929 2589 4999 aequalem
2628 4927 2884 4983 honorem
2927 4927 3236 4982 sortiantur.
3271 4929 3560 4998 Propterea

1988 5039 2197 5096 quoque
2227 5023 2482 5078 Dominus
2525 5028 2708 5076 noster
2731 5019 2888 5075 Jesus
2923 5017 3167 5075 Christus
3198 5033 3304 5074 non
3335 5018 3386 5074 in
3415 5020 3561 5074 urbi-

1987 5117 2087 5172 bus
2114 5115 2444 5180 versabatur,
2471 5124 2524 5169 et
2549 5112 2699 5167 villas
2724 5123 2918 5166 vacuas
2942 5125 3005 5167 ac
3031 5111 3270 5167 desertas
3295 5113 3563 5184 relinque-

1987 5209 2077 5264 bat
2100 5251 2114 5273 ,
2145 5208 2239 5262 sed
2277 5205 2589 5278 peragrabat
2627 5205 2867 5260 civitates
2905 5211 2956 5258 et
2985 5203 3202 5259 castella
3223 5244 3238 5269 ,
3269 5203 3562 5273 praedicans

1989 5293 2410 5365 Evangeliumet
2439 5310 2630 5349 sanans
2673 5311 2884 5350 omnem
2924 5295 3231 5363 languorem
3266 5303 3318 5348 et
3344 5309 3556 5348 omnem

1988 5389 2346 5444 infirmitatem
2389 5384 2554 5455 (Luc.
2597 5387 2645 5440 7.
2686 5383 2749 5436 21
2799 5403 2814 5450 ;
2860 5385 3044 5439 Matth.
3085 5386 3138 5439 4.
3169 5381 3294 5454 ΩΙ).
3328 5381 3480 5438 Hunc
3508 5393 3561 5439 et

1987 5481 2282 5538 communis
2320 5487 2500 5548 pastor
2540 5489 2719 5532 noster
2762 5493 2824 5534 ac
2867 5477 3054 5533 doctor
3083 5475 3164 5544 (a)
3193 5475 3423 5530 imitatus
3461 5489 3558 5532 nos

2049 5593 2122 5655 (al
2156 5603 2221 5644 De
2245 5593 2460 5642 Flaviano
2479 5590 2702 5652 loquitur.
