4080 6196
463 285 559 340 6ιῖ
1163 288 1537 345 5.’3οᾹΝΝΙΞ
1575 287 2047 346 CilRYSOSTOlIl
2089 288 2402 346 ARClllLﬂP.
2445 291 2978 352 CONSTANHROP.

459 403 717 468 d:sernit,
748 414 797 458 et
831 403 897 458 ad
929 403 1046 458 illos
1075 403 1343 474 profectus
1369 415 1486 469 est;
1520 407 1626 459 imo
1657 422 1780 461 vero
1812 423 1914 462 non
1943 408 2040 464 de-

457 498 625 548 scruit
652 509 770 560 nos,
800 510 918 549 cum
953 495 1014 548 ad
1045 494 1162 548 illos
1203 494 1371 561 abiit,
1403 497 1597 566 quippe
1639 499 1726 566 qui
1755 499 1820 553 ad
1853 499 2042 556 fratres

457 595 668 638 nostros
689 585 900 654 abierit.
925 584 991 638 Et
1011 585 1455 654 quemadmodum
1479 603 1598 641 cum
1626 588 2040 646 Maccabmorum

458 676 648 730 festum
675 677 1062 742 celebraretur,
1092 677 1142 730 in
1169 677 1353 732 urbem
1385 679 1502 732 villa
1531 680 1704 734 omnis
1727 681 1891 736 effusa
1920 695 2000 737 est
2026 704 2038 738 :

458 769 526 821 ita
555 783 675 822 cum
705 779 1015 839 martyrum,
1049 770 1134 838 qui
1167 770 1273 824 illic
1299 771 1598 839 quiescunt,
1635 771 1823 827 festum
1854 789 2041 843 agere-

458 868 562 924 tur,
593 873 731 912 nunc
762 860 946 912 urbem
975 868 1137 913 totam
1156 860 1220 914 ad
1243 861 1359 914 illos
1381 863 1608 930 oportuit
1646 879 1702 918 se
1731 865 2038 922 transferre.

456 952 741 1021 Propterea
774 968 1002 1022 namque
1033 969 1137 1007 non
1179 954 1230 1008 in
1271 954 1492 1008 urbibus
1533 965 1734 1009 tantum
1765 959 2044 1014 collocavit

456 1051 716 1113 martyres
741 1043 901 1107 Dens,
930 1042 1023 1097 sed
1051 1043 1210 1098 etiam
1248 1045 1298 1098 in
1331 1045 1467 1099 villis
1495 1045 1642 1115 ipsis,
1679 1056 1736 1099 ut
1764 1064 1829 1102 ex
1857 1049 2040 1103 diebus

456 1133 606 1188 festis
634 1133 942 1188 commercii
972 1142 1026 1188 et
1049 1135 1300 1203 colloquii
1333 1138 1630 1190 necessaria
1660 1138 1812 1192 nobis
1835 1142 2042 1194 occasio

453 1229 608 1280 detur
637 1243 649 1278 :
683 1235 840 1295 atque
862 1226 996 1280 adeo
1026 1226 1203 1295 plures
1236 1227 1286 1280 in
1315 1227 1473 1293 villis,
1504 1245 1659 1298 quam
1692 1231 1742 1284 in
1770 1231 1916 1285 urbe.
1955 1231 2041 1285 ln-

455 1319 630 1372 fi-riori
663 1319 804 1372 enim
837 1318 1275 1374 abundantiorem
1325 1319 1579 1375 honorem
1623 1322 1874 1390 impertiit
1906 1325 2042 1378 Deus

458 1411 536 1483 (Ι.
561 1410 678 1466 Cor.
713 1411 799 1466 19..
826 1412 930 1482 23)
954 1454 968 1479 ,
999 1411 1138 1481 quod
1163 1413 1475 1467 imbecillior
1501 1414 1568 1466 sit
1597 1430 1717 1484 pars
1749 1415 1834 1468 illa
1869 1433 1882 1469 :
1915 1433 2041 1486 pro-

455 1514 636 1572 pterca
678 1503 865 1573 majori
906 1519 1024 1558 eam
1069 1503 1304 1558 subsidio
1350 1506 1602 1575 cultuque
1651 1506 1899 1576 dignatus
1935 1519 2038 1562 est.

459 1596 590 1649 Nam
621 1597 652 1649 ii
681 1597 890 1665 quidem
932 1597 1021 1666 qui
1051 1596 1208 1650 urbes
1250 1596 1520 1662 incolunt,
1551 1597 1758 1652 assidua
1797 1598 2040 1653 doctrina

456 1689 736 1748 fruuntur;
785 1696 838 1742 at
864 1688 951 1758 qui
981 1686 1178 1758 degunt
1208 1687 1258 1740 in
1293 1687 1452 1758 agris,
1486 1703 1589 1743 non
1629 1697 1772 1743 tanta
1800 1690 2042 1760 largitate

458 1780 750 1846 potiuntur.

530 1869 782 1939 Martyres
823 1886 934 1922 cum
965 1871 1247 1925 doctoribus
1286 1871 1631 1939 conferuntur.
1668 1871 1798 1928 Plus
1825 1890 2038 1944 persua-

464 1964 579 2016 dent
617 1963 752 2031 farta
780 1979 928 2032 quant
961 1964 1114 2016 dicta.
1141 1993 1210 2002 -—
1239 1963 1416 2034 Itaque
1441 1962 1720 2018 doctorum
1766 1966 2039 2034 penuriam

453 2065 744 2126 martyrum
775 2055 1096 2108 abundantia
1138 2054 1337 2109 solatus
1367 2063 1447 2110 est
1479 2055 1637 2118 Deus,
1666 2065 1719 2109 et
1759 2056 1826 2110 ita
1857 2056 2038 2125 dispo-

450 2147 574 2206 suit,
606 2155 661 2198 ut
704 2145 884 2214 plures
920 2145 1060 2214 apud
1098 2145 1218 2199 illos
1257 2155 1520 2216 martyres
1560 2146 1924 2217 sepelirentur.
1965 2147 2038 2202 Illi

450 2237 728 2291 doctorum
779 2236 992 2308 quidem
1046 2237 1279 2308 linguam
1320 2249 1593 2321 perpetuo
1643 2255 1747 2294 non
1796 2239 2035 2308 audiunt,

453 2329 547 2382 sed
574 2337 866 2400 martyrum
893 2343 1078 2384 vocem
1108 2345 1139 2384 e
1168 2330 1417 2400 sepulcro
1445 2343 1784 2386 resonantem
1813 2342 1866 2387 et
1896 2335 2040 2404 ipsos

449 2421 832 2491 alloquentem,
865 2437 986 2492 qua:
1014 2422 1184 2476 multo
1217 2422 1404 2492 majori
1432 2424 1625 2479 virtute
1655 2425 1832 2494 pollet.
1866 2428 2040 2496 Atque

451 2523 506 2566 ut
537 2514 842 2588 intelligatis
872 2513 1060 2585 majori
1113 2514 1313 2592 pollere
1344 2517 1541 2570 virtute
1587 2527 1849 2588 martyres
1877 2519 2036 2573 etiam

449 2605 690 2673 silentes,
722 2622 877 2676 quam
908 2622 1005 2662 nos
1033 2607 1121 2677 qui
1155 2606 1422 2678 loquimur
1452 2627 1464 2662 :
1496 2609 1644 2663 multi
1672 2625 2040 2680 smpenumero

450 2698 575 2751 dum
603 2697 740 2766 apud
769 2697 964 2751 multos
993 2697 1060 2754 de
1083 2699 1276 2752 virtute
1307 2698 1463 2753 verba
1493 2699 1707 2765 faciunt,
1747 2702 1876 2756 nihil
1920 2718 2040 2772 pro-

454 2793 722 2855 fecerunt;
750 2791 837 2845 alii
867 2805 994 2846 vero
1011 2791 1170 2845 etiam
1203 2800 1439 2845 tacentes
1455 2791 1524 2845 ob
1543 2791 1662 2846 vita:
1684 2793 2036 2862 integritatem

453 2893 507 2936 et
536 2883 873 2952 splendorem
905 2883 1064 2938 multa
1095 2883 1303 2953 egregia
1335 2881 1566 2936 facinora
1593 2894 1901 2953 patrarunt:
1935 2887 2034 2939 ita-

448 2990 549 3042 que
571 2976 739 3028 mnlto
755 2976 981 3042 amplius
1007 2986 1270 3048 martyres
1292 2975 1392 3030 hoc
1414 2975 1672 3043 fecerunt,
1694 2993 1797 3032 non
1819 2980 2036 3048 quidem

447 3066 623 3136 lingua
655 3067 984 3121 etformatam
1017 3083 1200 3122 vocem
1226 3069 1516 3135 mittentes,
1542 3068 1634 3124 sed
1660 3070 1801 3124 illam
1826 3088 1942 3142 ane
1970 3087 2034 3126 ex

451 3158 612 3212 rebus
667 3157 794 3227 ipsis
842 3160 1007 3212 multo
1059 3159 1256 3214 clarius
1304 3170 1536 3225 resonat,
1566 3177 1724 3232 quam
1775 3180 1892 3234 qua:
1943 3179 2036 3219 ore

452 3248 739 3318 profertur,
773 3265 874 3319 qua
907 3251 1152 3304 nimirum
1187 3259 1350 3304 totum
1379 3267 1546 3320 genus
1574 3252 1862 3307 humanum
1905 3256 2034 3308 allo~

449 3350 702 3407 quuntur,
733 3339 818 3393 his
845 3340 1019 3394 verbis
1049 3349 1295 3394 utentes:
1329 3341 1596 3410 Respicite
1629 3344 1679 3396 in
1712 3360 1828 3409 nos,
1859 3346 2030 3412 qualia

449 3433 591 3500 passi
626 3431 880 3486 fuerimus
912 3433 1068 3485 mala.
1099 3433 1232 3500 Quid
1275 3434 1415 3486 enim
1447 3435 1586 3504 passi
1616 3451 1817 3502 sumus,
1848 3438 1934 3508 qui
1966 3438 2030 3492 ad

449 3533 671 3578 mortem
703 3523 934 3576 damnati
983 3538 1191 3588 sunms,
1225 3539 1286 3576 ac
1343 3525 1504 3578 vitam
1557 3535 1810 3579 a'ternam
1857 3527 2032 3596 adepti

447 3614 672 3668 sumus?
726 3613 874 3682 Digni
922 3613 1086 3668 habiti
1130 3629 1334 3678 sumus,
1383 3617 1469 3684 qui
1502 3625 1716 3685 prepter
1759 3617 2032 3673 Christum

450 3723 672 3777 corpora
697 3722 1054 3777 poneremus:
1077 3706 1217 3777 quod
1245 3707 1288 3762 si
1321 3723 1457 3762 nunc
1482 3709 1586 3763 illis
1611 3724 1708 3763 nos
1729 3725 1833 3764 non
1859 3713 2037 3766 exuis-

449 3816 652 3866 semus,
689 3799 846 3870 paqu
898 3808 1016 3868 post
1060 3801 1220 3854 etiam
1270 3800 1416 3855 inviti
1446 3803 1840 3872 .temporariam
1899 3804 2036 3860 hanc

448 3892 657 3945 illorum
705 3890 865 3944 vitam
913 3891 1160 3944 amissuri
1192 3905 1424 3947 eramus.
1467 3892 1522 3948 Si
1571 3907 1676 3948 non
1725 3893 2037 3952 advenisset

447 3981 786 4051 martyrium,
839 3995 1009 4049 eaque
1057 3980 1208 4034 nobis
1257 3980 1580 4047 abstulisset,
1627 3991 1684 4037 at
1734 3985 2034 4042 communis

447 4083 652 4126 naturae
680 4079 874 4125 nostrae
905 4085 1051 4125 mors
1081 4088 1178 4126 nos
1209 4071 1506 4138 invasisset,
1539 4089 1709 4143 eaque
1738 4076 1892 4144 plane
1919 4077 2033 4134 dis-

453 4166 716 4219 solvisset.
751 4164 1036 4233 Propterea
1071 4164 1178 4218 Dco
1202 4165 1400 4234 gratias
1431 4181 1586 4234 agere
1608 4181 1711 4220 non
1737 4182 2030 4235 cessamus,

448 4254 588 4322 quod
617 4254 731 4324 ejus
770 4253 1029 4308 beneficio
1077 4254 1230 4308 nobis
1277 4255 1575 4324 contigerit,
1605 4265 1662 4311 ut
1695 4271 1888 4325 morte,
1916 4277 2033 4330 quae

448 4347 666 4399 omnino
696 4344 848 4397 nobis
877 4345 1174 4413 oppetenda
1202 4355 1336 4411 erat,
1367 4348 1432 4402 ad
1466 4357 1766 4403 nostrarum
1805 4351 2031 4406 salutem

447 4438 742 4490 animarum
789 4447 1079 4502 uteremur,
1108 4439 1354 4508 quodque
1400 4456 1511 4494 rem
1555 4443 1856 4498 necessario
1884 4444 2035 4498 debi-

451 4538 555 4580 tam
587 4537 854 4596 tamquam
881 4526 1077 4598 donum
1102 4529 1337 4597 aliquod,
1365 4545 1429 4584 ac
1456 4534 1648 4585 summi
1679 4547 1846 4602 genus
1868 4533 2035 4590 hono-

451 4623 526 4674 ris
556 4637 585 4674 a
615 4621 768 4674 nobis
797 4621 1080 4689 acceperit.
1108 4622 1173 4674 At
1194 4621 1333 4676 enim
1367 4623 1586 4678 molesta
1613 4635 1737 4678 sunt
1761 4635 1816 4680 et
1841 4628 2031 4682 acerba

452 4720 733 4766 tormenta.
754 4709 856 4765 Sed
887 4711 1029 4766 brevi
1054 4714 1308 4781 temporis
1331 4724 1602 4770 momento
1622 4715 1892 4772 feruntur:
1913 4734 2034 4788 qua:

452 4821 582 4859 vero
609 4821 700 4874 per
719 4799 816 4857 illa
847 4804 1090 4873 voluptas
1120 4805 1428 4874 acquiritur,
1461 4808 1800 4877 sempiternis
1825 4812 2034 4865 smculis

449 4912 630 4952 cozeva
663 4897 852 4963 durat;
904 4897 1011 4950 imo
1057 4912 1184 4951 vero
1213 4913 1279 4950 ne
1324 4897 1468 4952 brevi
1517 4899 1730 4967 quidem
1780 4903 2034 4972 temporis

450 4995 721 5044 momento
749 4988 969 5044 molesta
1011 4997 1134 5042 sunt
1160 4996 1423 5043 tormenta
1462 4990 1584 5056 illis,
1611 4991 1699 5061 qui
1741 4991 1911 5047 futura
1944 5009 2032 5049 re-

453 5079 703 5149 apiciunt,
735 5087 790 5132 et
808 5078 872 5132 ad
902 5080 1212 5133 certaminis
1250 5081 1534 5148 praesidem
1572 5098 1632 5138 ac
1662 5096 2031 5145 remunerato-

455 5187 565 5226 rcm
593 5170 847 5240 aspirarit.
875 5169 1146 5235 Siquidem
1175 5171 1359 5226 beatus
1382 5173 1545 5228 etiam
1567 5174 1886 5243 Stephanus,
1910 5180 2031 5248 quia

451 5264 720 5318 Christum
744 5261 909 5317 oculis
931 5260 1052 5314 ﬁdei
1075 5261 1348 5329 spectabat
1376 5262 1512 5331 (Act.
1536 5265 1588 5320 7.
1617 5263 1730 5336 55),
1754 5276 2030 5336 propterea

453 5356 684 5426 lapidum
736 5354 932 5410 imbres
978 5369 1083 5407 non
1135 5355 1473 5424 respiciebat,
1525 5357 1616 5412 sed
1661 5358 1872 5413 illorum
1916 5361 2033 5414 loco

452 5448 668 5516 prremia
698 5459 1026 5513 coronasque
1069 5446 1400 5500 numerabat.
1455 5445 1536 5502 Tu
1585 5449 1743 5518 igitur
1787 5465 1817 5503 a
1874 5449 2033 5506 rebus

451 5554 658 5608 quoque
689 5537 1035 5606 prtesentibus
1069 5537 1255 5592 oculos
1297 5547 1419 5593 tuos
1445 5539 1510 5594 ad
1551 5540 1723 5595 futura
1761 5551 2030 5609 converte,

450 5644 512 5684 ac
542 5644 608 5683 ne
632 5629 844 5682 brevem
870 5621 1082 5698 quidem
1106 5627 1282 5697 capies
1303 5643 1518 5683 sensum
1553 5630 1834 5686 malorum.

519 5724 574 5775 2.
617 5717 742 5774 Ηςιιο
789 5727 838 5770 et
885 5717 966 5770 his
1010 5716 1159 5784 plura
1206 5719 1387 5774 dicunt
1435 5731 1712 5793 martyres,
1761 5723 2029 5794 multoque

3633 277 3741 331 ϐἱὸ

2153 405 2362 468 melius,
2407 421 2564 476 quam
2597 423 2714 474 nos,
2748 409 3090 477 persuadent.
3119 409 3251 466 Nam
3280 429 3378 485 ego
3425 415 3640 485 quidem
3690 419 3738 474 si

2151 496 2280 552 nihil
2323 497 2515 553 habere
2546 501 2806 554 molestiae
2839 511 3159 557 tormentum
3198 504 3393 572 dicam,
3419 512 3522 562 tlde
3544 513 3740 578 dignus

2149 590 2366 644 minime
2395 591 2736 654 videor,duin
2771 593 2841 647 ita
2874 594 3064 664 loquor
3092 615 3105 649 :
3140 597 3270 652 nihil
3302 601 3497 670 quippe
3519 602 3739 660 difficile

2149 683 2323 737 verbis
2368 683 2469 738 hoc
2514 695 2667 754 pacto
2697 685 3100 757 philosophari;
3133 699 3186 744 at
3214 707 3280 746 ex
3313 692 3440 762 ipsis
3484 697 3738 764 operibus

2149 785 2516 843 erumpentem
2549 792 2734 831 vocem
2765 789 2968 850 martyr
3009 783 3256 836 emittens
3277 825 3291 846 ,
3322 787 3588 840 neminem
3636 789 3736 840 ha-

2151 864 2256 931 bet,
2299 867 2387 934 qui
2429 868 2774 923 contradicat.
2829 870 2892 924 Et
2935 873 3382 940 quemadmodum
3435 877 3548 932 fieri
3600 880 3739 936 solet

2149 954 2291 1010 intus
2326 955 2378 1009 in
2418 957 2640 1023 balneis,
2678 960 2765 1013 ubi
2804 961 3094 1016 calidarum
3122 980 3376 1034 aquarum
3400 966 3565 1024 fervet
3587 971 3735 1024 lava-

2147 1060 2334 1111 crum,
2389 1062 2488 1102 nec
2535 1047 2861 1106 descendere
2908 1054 3184 1123 quisquam
3233 1057 3431 1123 audet;
3481 1063 3735 1130 quamdiu

2147 1137 2361 1205 quidem
2408 1153 2466 1192 se
2493 1139 2717 1196 invicem
2761 1144 2936 1198 verbis
2979 1146 3342 1216 cohortantur,
3372 1153 3458 1220 qui
3487 1153 3550 1207 ad
3583 1170 3733 1210 oram

2145 1227 2319 1283 balnei
2347 1231 2555 1298 sedent,
2599 1234 2796 1287 nemini
2845 1245 3018 1290 tamen
3068 1241 3421 1306 persuadent;
3473 1245 3562 1298 ubi
3606 1263 3734 1300 vero

2146 1321 2406 1390 quispiam
2435 1339 2498 1376 ex
2550 1325 2655 1379 illis
2701 1336 2792 1380 aut
2838 1344 3049 1384 manum
3081 1331 3376 1399 demiserit,
3418 1349 3509 1390 aut
3558 1338 3735 1394 laxato

2147 1411 2282 1479 pede
2328 1421 2495 1466 totum
2539 1429 2730 1484 corpus
2775 1417 3103 1475 conﬁdenter
3150 1423 3448 1491 immiserit,
3492 1431 3734 1495 quamvis

2150 1511 2333 1557 tacens
2365 1505 2532 1558 multo
2559 1506 2750 1560 melius
2779 1524 2933 1578 quam
2961 1510 3052 1580 qui
3093 1513 3254 1567 multa
3283 1515 3442 1570 verba
3473 1515 3729 1586 facerent,

2146 1609 2239 1648 eos
2270 1597 2358 1664 qui
2388 1599 2648 1667 superiori
2679 1597 2799 1654 loco
2822 1601 3010 1656 sedent
3035 1604 3282 1672 adducet,
3303 1618 3358 1662 ut
3380 1609 3431 1663 in
3462 1611 3729 1667 lavacrum

2145 1688 2373 1744 audeant
2419 1691 2620 1747 iusilire
2653 1711 2666 1748 :
2699 1694 2776 1748 sic
2823 1696 2981 1750 etiam
3028 1696 3084 1752 fit
3127 1699 3178 1754 in
3232 1704 3600 1774 martyribus:
3646 1707 3731 1762 hic

2145 1779 2284 1832 enim
2314 1780 2432 1835 loco
2459 1781 2650 1838 lavacri
2673 1799 2824 1855 aquae
2850 1789 3152 1858 propositus
3174 1801 3253 1846 est
3275 1809 3454 1863 rogus.
3482 1795 3619 1867 Ergo
3639 1798 3730 1868 qui

2145 1869 2274 1925 foris
2295 1871 2666 1941 circumstant,
2693 1877 2817 1931 licet
2845 1878 3140 1934 innumeris
3169 1884 3341 1937 verbis
3362 1887 3729 1954 cohortentur,

2146 1979 2249 2018 non
2295 1965 2580 2020 admodum
2625 1978 3002 2036 commovent;
3052 1972 3138 2026 ubi
3190 1989 3321 2029 vero
3368 1989 3572 2048 martyr
3597 1996 3732 2034 unus

2146 2070 2250 2108 non
2281 2056 2491 2124 pedem,
2513 2074 2615 2112 non
2646 2075 2859 2114 manum
2887 2071 3088 2116 tantum
3117 2063 3416 2134 demiserit,
3437 2069 3530 2123 sed
3561 2079 3731 2124 totum

2144 2162 2340 2217 corpus
2370 2149 2628 2216 injecerit,
2663 2159 2770 2204 tum
2823 2152 2933 2221 ipsa
2982 2170 3158 2208 rerum
3201 2159 3523 2226 experientia
3565 2161 3730 2216 vehe-

2144 2239 2374 2294 mentius
2413 2256 2571 2309 quam
2613 2243 2980 2298 cohortatione
3019 2245 3103 2300 vel
3147 2248 3373 2302 consilio
3411 2253 3598 2320 quovis
3628 2253 3731 2306 im-

2148 2329 2324 2396 pellit,
2370 2339 2424 2384 et
2473 2346 2538 2386 ex
2587 2333 2780 2388 animis
2826 2334 3284 2393 circumstantium
3337 2342 3580 2398 timorem
3629 2359 3729 2400 ex-

2148 2419 2316 2487 pellit.

2218 2509 2508 2582 Martyrum
2552 2515 2778 2586 rcliquiw
2804 2534 2897 2572 sua
2938 2521 3204 2589 prementia
3245 2523 3367 2592 quid
3412 2526 3733 2596 efﬁciant.-

2144 2599 2372 2668 Videtis,
2403 2613 2462 2658 ut
2501 2608 2767 2674 potentior
2797 2608 2866 2663 sit
2895 2612 3135 2681 quamvis
3177 2615 3459 2668 tacentiuin
3491 2632 3592 2672 vox
3631 2619 3733 2673 ista

2147 2694 2484 2762 martyrum?
2528 2695 2815 2767 Propterea
2856 2701 3007 2755 nobis
3051 2701 3258 2756 illorum
3288 2719 3509 2774 corpora
3532 2707 3732 2762 dereli-

2144 2783 2256 2850 quit
2311 2784 2492 2839 Dcus:
2527 2797 2808 2856 propterea
2858 2806 2977 2844 cum
3027 2794 3153 2846 olim
3209 2794 3450 2860 vicerint,
3501 2797 3731 2854 necdum

2145 2881 2323 2928 tamen
2371 2890 2796 2942 resurrexerunt,
2829 2881 2920 2935 sed
2965 2885 3255 2938 certamina
3303 2887 3514 2956 quidem
3559 2904 3588 2940 a
3622 2900 3730 2943 tam

2145 2965 2310 3019 multo
2343 2977 2581 3035 tempore
2625 2968 2922 3037 subierunt,
2954 2975 3396 3029 resurrectionem
3433 2993 3561 3031 vero
3589 2995 3730 3033 non-

2140 3059 2264 3111 dum
2295 3069 2416 3112 sunt
2443 3063 2776 3132 consequuti,
2807 3063 3043 3119 nondum
3073 3078 3293 3135 propter
3321 3078 3390 3132 te,
3417 3085 3480 3122 ac
3511 3082 3731 3139 propter

2149 3164 2289 3206 tuam
2319 3153 2623 3218 utilitatem,
2653 3166 2708 3208 ut
2736 3170 2855 3209 cum
2887 3157 3031 3210 illum
3059 3159 3309 3213 athletam
3340 3161 3432 3214 tibi
3453 3172 3576 3216 ante
3601 3177 3733 3216 ocu-

2144 3242 2223 3295 los
2254 3245 2516 3312 posueris,
2542 3245 2607 3298 ad
2637 3246 2882 3300 eumdem
2914 3262 3126 3302 cursum
3165 3251 3436 3304 exciteris.
3471 3251 3600 3306 Nam
3640 3254 3731 3308 isti

2141 3333 2355 3402 quidem
2405 3335 2607 3389 nullum
2638 3336 3015 3393 detrimentum
3046 3355 3109 3394 ex
3142 3340 3398 3396 dilatione
3434 3345 3727 3412 patiuntur,

2140 3435 2194 3478 at
2227 3425 2317 3478 tibi
2345 3430 2631 3481 maximam
2665 3427 2780 3482 ba-c
2808 3429 3020 3484 occasio
3049 3431 3336 3486 utilitatem
3366 3435 3520 3503 parit.
3550 3434 3730 3504 Siqui-

2142 3517 2261 3572 dem
2297 3519 2366 3572 illi
2401 3529 2583 3590 postea
2631 3522 2914 3593 recipient,
2947 3523 3066 3578 licet
3096 3540 3238 3579 nunc
3287 3542 3391 3579 non
3434 3528 3726 3596 recipiant:

2140 3610 2278 3680 quod
2308 3611 2351 3665 si
2392 3627 2484 3666 eos
2527 3613 2594 3667 de
2622 3614 2798 3668 medio
2840 3629 2978 3668 nunc
3021 3615 3340 3684 abripuisset
3372 3617 3527 3682 Deus,
3561 3617 3728 3672 multa

2142 3717 2240 3755 nos
2275 3702 2645 3757 cohortatione
2675 3703 2971 3774 solatioque
3016 3706 3295 3775 privasset,
3323 3706 3463 3775 quod
3508 3722 3575 3761 ex
3599 3723 3728 3762 san-

2141 3801 2348 3847 rtorum
2389 3794 2614 3848 istorum
2643 3796 2902 3866 sepulcris
2937 3796 3005 3850 ab
3035 3797 3338 3852 hominibus
3366 3801 3571 3854 cunctis
3597 3816 3727 3870 pero

2140 3884 2355 3953 cipitnr.
2386 3885 2558 3954 Atque
2586 3901 2646 3940 ea
2679 3903 2796 3956 quze
2823 3886 3066 3951 dicimus,
3091 3904 3186 3943 vos
3207 3899 3386 3944 vestro
3411 3892 3727 3949 testimonio

2139 3975 2516 4042 comprobatis.
2557 3975 2710 4044 Smpe
2739 3993 2966 4048 namque
2991 3981 3333 4049 quantumvis
3377 3982 3726 4048 minaremur,

2139 4066 2518 4134 blandiremur,
2568 4078 2892 4125 terreremus
2915 4113 2928 4134 ,
2961 4071 3394 4137 cohortaremur,
3441 4090 3546 4129 non
3579 4085 3730 4134 tanta

2143 4159 2272 4212 estis
2297 4152 2362 4213 ad
2391 4159 2650 4214 orandum
2681 4162 2841 4215 animi
2867 4162 3142 4218 alacritate
3168 4166 3420 4219 commoti
3455 4180 3554 4220 nec
3579 4171 3729 4221 exci-

2140 4250 2268 4312 tati;
2299 4265 2418 4304 cnm
2451 4267 2579 4304 vero
2623 4251 2691 4306 ad
2740 4261 3032 4323 martyrum
3077 4254 3360 4308 ecclesiam
3404 4271 3498 4310 vos
3531 4266 3726 4310 contu-

2140 4341 2294 4405 listis,
2335 4342 2547 4396 nemine
2573 4342 2910 4410 consulente,
2948 4345 3062 4398 solo
3100 4356 3405 4400 sanctorum
3435 4356 3725 4416 conSpecto

2138 4435 2404 4503 siipnlcro,
2447 4435 2693 4504 copiosos
2740 4437 3092 4506 lacrymarum
3136 4438 3308 4494 fontes
3355 4439 3633 4506 effudistis,
3670 4451 3726 4496 et

2141 4525 2276 4578 inter
2305 4525 2561 4580 erandnm
2591 4525 2799 4581 fervore
2831 4542 2934 4580 non
2963 4528 3216 4582 mediocri
3247 4530 3538 4584 exarsistis.
3562 4532 3724 4601 Atqui

2139 4629 2318 4672 mutus
2348 4633 2558 4672 sunnno
2595 4636 2715 4674 cum
2747 4620 2961 4674 silentio
2984 4621 3127 4689 jacet
3165 4632 3367 4694 martyr
3395 4639 3410 4677 :
3441 4623 3564 4694 quid
3594 4640 3726 4694 ergo

2141 4709 2351 4763 tandem
2379 4720 2480 4774 est,
2504 4710 2644 4780 quod
2680 4712 3062 4766 conscientiam
3110 4715 3316 4782 pungit,
3347 4713 3635 4783 efficitque,
3667 4728 3726 4770 ut

2138 4802 2490 4872 lacrymarum
2521 4803 2777 4857 scatehrte
2822 4812 3089 4874 tamquam
3137 4820 3203 4858 ex
3235 4804 3380 4860 fonte
3411 4806 3725 4875 prosiliant?

2139 4893 2289 4959 Quod
2317 4894 2564 4947 nimirum
2591 4905 2852 4965 martyres
2884 4906 3066 4950 mente
3095 4897 3338 4958 Versetis,
3368 4906 3421 4950 et
3449 4912 3626 4951 rerum
3653 4897 3725 4951 ab

2140 4985 2241 5037 illis
2265 4993 2531 5054 gestarum
2564 4985 2717 5038 vobis
2761 4987 3014 5040 memOria
3043 4986 3340 5041 refricetur.
3370 4987 3499 5040 Nam
3527 5003 3724 5057 quem-

2139 5075 2422 5130 admodum
2471 5091 2752 5145 pauperes,
2781 5077 2867 5130 ubi
2896 5076 3086 5131 divites
3115 5078 3250 5131 alios
3279 5079 3505 5132 viderint
3547 5079 3597 5132 in
3643 5079 3727 5134 di-

2137 5169 2425 5239 gnitatibus
2455 5171 2792 5234 constitutos,
2823 5171 3071 5224 satellitio
3123 5171 3364 5240 stipatos,
3390 5171 3569 5226 multis
3619 5173 3726 5226 ho-

2139 5259 2356 5313 noribus
2401 5259 2467 5313 ab
2489 5259 2820 5331 imperatore
2846 5261 3164 5326 cumulatas,
3191 5263 3316 5316 dum
3366 5262 3556 5317 melius
3595 5277 3732 5332 ege-

2138 5360 2328 5406 statem
2375 5366 2524 5406 suam
2572 5368 2637 5406 ex
2693 5352 2916 5408 aliorum
2972 5355 3319 5422 prosperitate
3371 5367 3735 5424 cognoscunt,

2139 5444 2487 5514 ingemiseunt
2524 5462 2536 5499 :
2580 5444 2650 5499 ita
2700 5460 2797 5500 nos
2847 5461 3056 5515 quoque
3104 5446 3231 5500 dum
3275 5457 3528 5516 quantam
3580 5451 3736 5516 apud

2139 5536 2507 5590 uiiiversorum
2540 5536 2737 5607 Regem
2786 5536 2950 5592 Deum
3000 5536 3243 5591 fiduciam
3297 5538 3527 5592 habeant
3573 5554 3735 5594 mar-

2142 5614 2306 5702 tyres,
2338 5635 2705 5699 recordamur,
2750 5642 3052 5705 quantoque
3099 5633 3380 5704 splendore
3425 5642 3479 5686 et
3525 5644 3736 5701 quanta

2141 5726 2306 5794 gloria
2349 5725 2600 5796 fulgeant,
2636 5737 2921 5797 nostraque
2950 5726 3101 5782 nobis
3152 5727 3202 5780 in
3247 5725 3560 5782 memoriam
3595 5740 3732 5796 pee-
