  <div class='ocr_page' id='page_1' title='image "/cluster/home/n/w/nwhite01/storage/ocr_20150623/50/hvd.32044069618742/248.png"; bbox 0 0 4080 6196; ppageno 0'>
   <div class='ocr_carea' id='block_1_1' title="bbox 377 332 477 385">
    <p class='ocr_par' dir='ltr' id='par_1_1' title="bbox 377 332 477 385">
     <span class='ocr_line' id='line_1_1' title="bbox 377 332 477 385; baseline 0.02 -2"><span class='ocrx_word' id='word_1_1' title='bbox 377 332 477 385; x_wconf 66' lang='lat'><strong>6.59</strong></span> 
     </span>
    </p>
   </div>
   <div class='ocr_carea' id='block_1_2' title="bbox 357 435 1943 508">
    <p class='ocr_par' dir='ltr' id='par_1_2' title="bbox 357 435 1943 508">
     <span class='ocr_line' id='line_1_2' title="bbox 357 435 1943 508; baseline -0.006 -9"><span class='ocrx_word' id='word_1_2' title='bbox 357 456 475 500; x_wconf 84' lang='lat' dir='ltr'><strong>cata</strong></span> <span class='ocrx_word' id='word_1_3' title='bbox 506 440 756 508; x_wconf 88' lang='lat' dir='ltr'><strong>redeunt,</strong></span> <span class='ocrx_word' id='word_1_4' title='bbox 781 439 906 494; x_wconf 89' lang='lat' dir='ltr'><strong>dum</strong></span> <span class='ocrx_word' id='word_1_5' title='bbox 936 436 1210 508; x_wconf 89' lang='lat' dir='ltr'><strong>penuriam</strong></span> <span class='ocrx_word' id='word_1_6' title='bbox 1239 445 1474 491; x_wconf 91' lang='lat' dir='ltr'><strong>nostram</strong></span> <span class='ocrx_word' id='word_1_7' title='bbox 1508 435 1696 488; x_wconf 85' lang='lat' dir='ltr'><strong>melius</strong></span> <span class='ocrx_word' id='word_1_8' title='bbox 1721 451 1790 490; x_wconf 76' lang='lat' dir='ltr'><strong>ex</strong></span> <span class='ocrx_word' id='word_1_9' title='bbox 1821 435 1943 490; x_wconf 92' lang='lat' dir='ltr'><strong>illo-</strong></span> 
     </span>
    </p>
   </div>
   <div class='ocr_carea' id='block_1_3' title="bbox 357 527 1942 604">
    <p class='ocr_par' dir='ltr' id='par_1_3' title="bbox 357 527 1942 604">
     <span class='ocr_line' id='line_1_3' title="bbox 357 527 1942 604; baseline -0.008 -12"><span class='ocrx_word' id='word_1_10' title='bbox 357 552 476 592; x_wconf 89' lang='lat' dir='ltr'><strong>rum</strong></span> <span class='ocrx_word' id='word_1_11' title='bbox 523 533 715 604; x_wconf 87' lang='lat' dir='ltr'><strong>opihus</strong></span> <span class='ocrx_word' id='word_1_12' title='bbox 757 529 1250 592; x_wconf 65' lang='lat' dir='ltr'><strong>animadvertimus,</strong></span> <span class='ocrx_word' id='word_1_13' title='bbox 1294 527 1536 582; x_wconf 90' lang='lat' dir='ltr'><strong>dolemus</strong></span> <span class='ocrx_word' id='word_1_14' title='bbox 1582 537 1637 581; x_wconf 90' lang='lat' dir='ltr'><strong>et</strong></span> <span class='ocrx_word' id='word_1_15' title='bbox 1681 528 1942 597; x_wconf 79' lang='lat' dir='ltr'><strong>angimur,</strong></span> 
     </span>
    </p>
   </div>
   <div class='ocr_carea' id='block_1_4' title="bbox 360 617 1943 692">
    <p class='ocr_par' dir='ltr' id='par_1_4' title="bbox 360 617 1943 692">
     <span class='ocr_line' id='line_1_4' title="bbox 360 617 1943 692; baseline -0.006 -11"><span class='ocrx_word' id='word_1_16' title='bbox 360 628 484 681; x_wconf 82' lang='lat' dir='ltr'><strong>ilum</strong></span> <span class='ocrx_word' id='word_1_17' title='bbox 532 623 901 692; x_wconf 69' lang='lat' dir='ltr'><strong>intelligimus,</strong></span> <span class='ocrx_word' id='word_1_18' title='bbox 933 630 1132 688; x_wconf 88' lang='lat' dir='ltr'><strong>quanto</strong></span> <span class='ocrx_word' id='word_1_19' title='bbox 1162 619 1229 673; x_wconf 93' lang='lat' dir='ltr'><strong>ab</strong></span> <span class='ocrx_word' id='word_1_20' title='bbox 1259 617 1364 672; x_wconf 86' lang='lat' dir='ltr'><strong>illis</strong></span> <span class='ocrx_word' id='word_1_21' title='bbox 1411 618 1693 673; x_wconf 89' lang='lat' dir='ltr'><strong>intervallo</strong></span> <span class='ocrx_word' id='word_1_22' title='bbox 1722 634 1943 688; x_wconf 88' lang='lat' dir='ltr'><strong>separe-</strong></span> 
     </span>
    </p>
   </div>
   <div class='ocr_carea' id='block_1_5' title="bbox 363 709 1941 785">
    <p class='ocr_par' dir='ltr' id='par_1_5' title="bbox 363 709 1941 785">
     <span class='ocr_line' id='line_1_5' title="bbox 363 709 1941 785; baseline -0.006 -13"><span class='ocrx_word' id='word_1_23' title='bbox 363 735 481 773; x_wconf 90' lang='lat' dir='ltr'><strong>mur</strong></span> <span class='ocrx_word' id='word_1_24' title='bbox 526 734 540 770; x_wconf 95' lang='lat'><strong>:</strong></span> <span class='ocrx_word' id='word_1_25' title='bbox 591 727 751 785; x_wconf 89' lang='lat' dir='ltr'><strong>atque</strong></span> <span class='ocrx_word' id='word_1_26' title='bbox 803 713 906 768; x_wconf 93' lang='lat' dir='ltr'><strong>hoc</strong></span> <span class='ocrx_word' id='word_1_27' title='bbox 945 722 1048 778; x_wconf 90' lang='lat' dir='ltr'><strong>est,</strong></span> <span class='ocrx_word' id='word_1_28' title='bbox 1078 709 1219 781; x_wconf 89' lang='lat' dir='ltr'><strong>quod</strong></span> <span class='ocrx_word' id='word_1_29' title='bbox 1269 711 1421 766; x_wconf 91' lang='lat' dir='ltr'><strong>nobis</strong></span> <span class='ocrx_word' id='word_1_30' title='bbox 1472 711 1732 782; x_wconf 83' lang='lat' dir='ltr'><strong>lacrymas</strong></span> <span class='ocrx_word' id='word_1_31' title='bbox 1780 711 1941 765; x_wconf 92' lang='lat' dir='ltr'><strong>elicit.</strong></span> 
     </span>
    </p>
   </div>
   <div class='ocr_carea' id='block_1_6' title="bbox 359 801 1943 880">
    <p class='ocr_par' dir='ltr' id='par_1_6' title="bbox 359 801 1943 880">
     <span class='ocr_line' id='line_1_6' title="bbox 359 801 1943 880; baseline -0.006 -14"><span class='ocrx_word' id='word_1_32' title='bbox 359 811 646 880; x_wconf 79' lang='lat' dir='ltr'><strong>Propterea</strong></span> <span class='ocrx_word' id='word_1_33' title='bbox 697 806 850 860; x_wconf 90' lang='lat' dir='ltr'><strong>nobis</strong></span> <span class='ocrx_word' id='word_1_34' title='bbox 899 805 984 857; x_wconf 90' lang='lat' dir='ltr'><strong>hic</strong></span> <span class='ocrx_word' id='word_1_35' title='bbox 1029 818 1256 872; x_wconf 88' lang='lat' dir='ltr'><strong>corpora</strong></span> <span class='ocrx_word' id='word_1_36' title='bbox 1303 801 1518 872; x_wconf 82' lang='lat' dir='ltr'><strong>reliquit</strong></span> <span class='ocrx_word' id='word_1_37' title='bbox 1568 803 1744 868; x_wconf 86' lang='lat' dir='ltr'><strong>Deus,</strong></span> <span class='ocrx_word' id='word_1_38' title='bbox 1792 811 1850 855; x_wconf 92' lang='lat' dir='ltr'><strong>ut</strong></span> <span class='ocrx_word' id='word_1_39' title='bbox 1899 804 1943 856; x_wconf 88' lang='lat' dir='ltr'><strong>si</strong></span> 
     </span>
    </p>
   </div>
   <div class='ocr_carea' id='block_1_7' title="bbox 355 893 1942 971">
    <p class='ocr_par' dir='ltr' id='par_1_7' title="bbox 355 893 1942 971">
     <span class='ocr_line' id='line_1_7' title="bbox 355 893 1942 971; baseline -0.006 -16"><span class='ocrx_word' id='word_1_40' title='bbox 355 902 570 971; x_wconf 82' lang='lat' dir='ltr'><strong>quando</strong></span> <span class='ocrx_word' id='word_1_41' title='bbox 620 899 955 968; x_wconf 87' lang='lat' dir='ltr'><strong>negotiorum</strong></span> <span class='ocrx_word' id='word_1_42' title='bbox 1003 895 1178 961; x_wconf 91' lang='lat' dir='ltr'><strong>turba,</strong></span> <span class='ocrx_word' id='word_1_43' title='bbox 1222 908 1578 962; x_wconf 90' lang='lat' dir='ltr'><strong>curarumque</strong></span> <span class='ocrx_word' id='word_1_44' title='bbox 1607 893 1942 948; x_wconf 72' lang='lat' dir='ltr'><strong>smcularium</strong></span> 
     </span>
    </p>
   </div>
   <div class='ocr_carea' id='block_1_8' title="bbox 356 986 1939 1057">
    <p class='ocr_par' dir='ltr' id='par_1_8' title="bbox 356 986 1939 1057">
     <span class='ocr_line' id='line_1_8' title="bbox 356 986 1939 1057; baseline -0.006 -9"><span class='ocrx_word' id='word_1_45' title='bbox 356 993 641 1049; x_wconf 85' lang='lat' dir='ltr'><strong>multitudo</strong></span> <span class='ocrx_word' id='word_1_46' title='bbox 672 991 845 1046; x_wconf 77' lang='lat' dir='ltr'><strong>menti.</strong></span> <span class='ocrx_word' id='word_1_47' title='bbox 866 1000 1065 1044; x_wconf 77' lang='lat' dir='ltr'><strong>nosme</strong></span> <span class='ocrx_word' id='word_1_48' title='bbox 1090 987 1372 1057; x_wconf 80' lang='lat' dir='ltr'><strong>caliginem</strong></span> <span class='ocrx_word' id='word_1_49' title='bbox 1405 987 1625 1040; x_wconf 89' lang='lat' dir='ltr'><strong>multam</strong></span> <span class='ocrx_word' id='word_1_50' title='bbox 1673 986 1939 1053; x_wconf 80' lang='lat' dir='ltr'><strong>olfuderit,</strong></span> 
     </span>
    </p>
   </div>
   <div class='ocr_carea' id='block_1_9' title="bbox 354 1076 1941 1148">
    <p class='ocr_par' dir='ltr' id='par_1_9' title="bbox 354 1076 1941 1148">
     <span class='ocr_line' id='line_1_9' title="bbox 354 1076 1941 1148; baseline -0.004 -10"><span class='ocrx_word' id='word_1_51' title='bbox 354 1087 471 1140; x_wconf 90' lang='lat' dir='ltr'><strong>sive</strong></span> <span class='ocrx_word' id='word_1_52' title='bbox 511 1100 576 1139; x_wconf 79' lang='lat' dir='ltr'><strong>es</strong></span> <span class='ocrx_word' id='word_1_53' title='bbox 620 1080 927 1136; x_wconf 82' lang='lat' dir='ltr'><strong>domesticis</strong></span> <span class='ocrx_word' id='word_1_54' title='bbox 967 1079 1080 1133; x_wconf 90' lang='lat' dir='ltr'><strong>sive</strong></span> <span class='ocrx_word' id='word_1_55' title='bbox 1113 1076 1341 1147; x_wconf 78' lang='lat' dir='ltr'><strong>publicis</strong></span> <span class='ocrx_word' id='word_1_56' title='bbox 1387 1092 1454 1132; x_wconf 84' lang='lat' dir='ltr'><strong>ex</strong></span> <span class='ocrx_word' id='word_1_57' title='bbox 1487 1077 1733 1148; x_wconf 85' lang='lat' dir='ltr'><strong>negetiis,</strong></span> <span class='ocrx_word' id='word_1_58' title='bbox 1769 1079 1941 1147; x_wconf 87' lang='lat' dir='ltr'><strong>qualia</strong></span> 
     </span>
    </p>
   </div>
   <div class='ocr_carea' id='block_1_10' title="bbox 354 1169 1944 1241">
    <p class='ocr_par' dir='ltr' id='par_1_10' title="bbox 354 1169 1944 1241">
     <span class='ocr_line' id='line_1_10' title="bbox 354 1169 1944 1241; baseline -0.008 -7"><span class='ocrx_word' id='word_1_59' title='bbox 354 1178 520 1234; x_wconf 88' lang='lat' dir='ltr'><strong>multa</strong></span> <span class='ocrx_word' id='word_1_60' title='bbox 553 1177 703 1230; x_wconf 90' lang='lat' dir='ltr'><strong>nasci</strong></span> <span class='ocrx_word' id='word_1_61' title='bbox 746 1174 920 1229; x_wconf 90' lang='lat' dir='ltr'><strong>solent</strong></span> <span class='ocrx_word' id='word_1_62' title='bbox 965 1171 1343 1241; x_wconf 90' lang='lat' dir='ltr'><strong>impedimenta</strong></span> <span class='ocrx_word' id='word_1_63' title='bbox 1374 1187 1387 1224; x_wconf 90' lang='lat'><strong>:</strong></span> <span class='ocrx_word' id='word_1_64' title='bbox 1430 1178 1540 1222; x_wconf 92' lang='lat' dir='ltr'><strong>tum</strong></span> <span class='ocrx_word' id='word_1_65' title='bbox 1571 1170 1755 1224; x_wconf 90' lang='lat' dir='ltr'><strong>relicta</strong></span> <span class='ocrx_word' id='word_1_66' title='bbox 1785 1169 1944 1223; x_wconf 89' lang='lat' dir='ltr'><strong>domo</strong></span> 
     </span>
    </p>
   </div>
   <div class='ocr_carea' id='block_1_11' title="bbox 352 1261 1942 1338">
    <p class='ocr_par' dir='ltr' id='par_1_11' title="bbox 352 1261 1942 1338">
     <span class='ocr_line' id='line_1_11' title="bbox 352 1261 1942 1338; baseline -0.006 -13"><span class='ocrx_word' id='word_1_67' title='bbox 352 1287 421 1325; x_wconf 82' lang='lat' dir='ltr'><strong>ex</strong></span> <span class='ocrx_word' id='word_1_68' title='bbox 475 1271 606 1326; x_wconf 82' lang='lat' dir='ltr'><strong>urbe</strong></span> <span class='ocrx_word' id='word_1_69' title='bbox 653 1267 877 1338; x_wconf 84' lang='lat' dir='ltr'><strong>egressi,</strong></span> <span class='ocrx_word' id='word_1_70' title='bbox 925 1265 1011 1320; x_wconf 91' lang='lat' dir='ltr'><strong>his</strong></span> <span class='ocrx_word' id='word_1_71' title='bbox 1057 1264 1371 1318; x_wconf 84' lang='lat' dir='ltr'><strong>tumultibus</strong></span> <span class='ocrx_word' id='word_1_72' title='bbox 1427 1263 1546 1317; x_wconf 90' lang='lat' dir='ltr'><strong>vale</strong></span> <span class='ocrx_word' id='word_1_73' title='bbox 1593 1261 1831 1316; x_wconf 88' lang='lat' dir='ltr'><strong>dicentes</strong></span> <span class='ocrx_word' id='word_1_74' title='bbox 1876 1261 1942 1316; x_wconf 92' lang='lat' dir='ltr'><strong>ad</strong></span> 
     </span>
    </p>
   </div>
   <div class='ocr_carea' id='block_1_12' title="bbox 354 1353 1942 1434">
    <p class='ocr_par' dir='ltr' id='par_1_12' title="bbox 354 1353 1942 1434">
     <span class='ocr_line' id='line_1_12' title="bbox 354 1353 1942 1434; baseline -0.008 -16"><span class='ocrx_word' id='word_1_75' title='bbox 354 1371 649 1434; x_wconf 76' lang='lat' dir='ltr'><strong>martyrum</strong></span> <span class='ocrx_word' id='word_1_76' title='bbox 679 1358 965 1415; x_wconf 85' lang='lat' dir='ltr'><strong>ecclesiam</strong></span> <span class='ocrx_word' id='word_1_77' title='bbox 1011 1370 1112 1410; x_wconf 91' lang='lat' dir='ltr'><strong>nos</strong></span> <span class='ocrx_word' id='word_1_78' title='bbox 1135 1353 1494 1420; x_wconf 88' lang='lat' dir='ltr'><strong>conferamus,</strong></span> <span class='ocrx_word' id='word_1_79' title='bbox 1521 1368 1648 1407; x_wconf 89' lang='lat' dir='ltr'><strong>aura</strong></span> <span class='ocrx_word' id='word_1_80' title='bbox 1701 1353 1789 1406; x_wconf 89' lang='lat' dir='ltr'><strong>illa</strong></span> <span class='ocrx_word' id='word_1_81' title='bbox 1834 1353 1942 1422; x_wconf 78' lang='lat' dir='ltr'><strong>spi-</strong></span> 
     </span>
    </p>
   </div>
   <div class='ocr_carea' id='block_1_13' title="bbox 352 1445 1942 1517">
    <p class='ocr_par' dir='ltr' id='par_1_13' title="bbox 352 1445 1942 1517">
     <span class='ocr_line' id='line_1_13' title="bbox 352 1445 1942 1517; baseline -0.006 -7"><span class='ocrx_word' id='word_1_82' title='bbox 352 1455 531 1510; x_wconf 89' lang='lat' dir='ltr'><strong>rituali</strong></span> <span class='ocrx_word' id='word_1_83' title='bbox 571 1453 834 1515; x_wconf 75' lang='lat' dir='ltr'><strong>fruamur,</strong></span> <span class='ocrx_word' id='word_1_84' title='bbox 881 1449 1170 1504; x_wconf 84' lang='lat' dir='ltr'><strong>multarum</strong></span> <span class='ocrx_word' id='word_1_85' title='bbox 1213 1447 1619 1517; x_wconf 84' lang='lat' dir='ltr'><strong>occupationum</strong></span> <span class='ocrx_word' id='word_1_86' title='bbox 1666 1445 1942 1500; x_wconf 88' lang='lat' dir='ltr'><strong>oblivisca-</strong></span> 
     </span>
    </p>
   </div>
   <div class='ocr_carea' id='block_1_14' title="bbox 351 1539 1939 1616">
    <p class='ocr_par' dir='ltr' id='par_1_14' title="bbox 351 1539 1939 1616">
     <span class='ocr_line' id='line_1_14' title="bbox 351 1539 1939 1616; baseline -0.006 -16"><span class='ocrx_word' id='word_1_87' title='bbox 351 1563 494 1610; x_wconf 88' lang='lat' dir='ltr'><strong>mur,</strong></span> <span class='ocrx_word' id='word_1_88' title='bbox 521 1545 702 1616; x_wconf 87' lang='lat' dir='ltr'><strong>quiete</strong></span> <span class='ocrx_word' id='word_1_89' title='bbox 747 1559 844 1597; x_wconf 93' lang='lat' dir='ltr'><strong>nos</strong></span> <span class='ocrx_word' id='word_1_90' title='bbox 871 1543 1224 1607; x_wconf 87' lang='lat' dir='ltr'><strong>oblectemus,</strong></span> <span class='ocrx_word' id='word_1_91' title='bbox 1252 1555 1371 1594; x_wconf 91' lang='lat' dir='ltr'><strong>cum</strong></span> <span class='ocrx_word' id='word_1_92' title='bbox 1416 1539 1616 1594; x_wconf 86' lang='lat' dir='ltr'><strong>sanctis</strong></span> <span class='ocrx_word' id='word_1_93' title='bbox 1643 1553 1939 1603; x_wconf 90' lang='lat' dir='ltr'><strong>versemur,</strong></span> 
     </span>
    </p>
   </div>
   <div class='ocr_carea' id='block_1_15' title="bbox 352 1631 1941 1708">
    <p class='ocr_par' dir='ltr' id='par_1_15' title="bbox 352 1631 1941 1708">
     <span class='ocr_line' id='line_1_15' title="bbox 352 1631 1941 1708; baseline -0.004 -16"><span class='ocrx_word' id='word_1_94' title='bbox 352 1653 448 1708; x_wconf 91' lang='lat' dir='ltr'><strong>pro</strong></span> <span class='ocrx_word' id='word_1_95' title='bbox 478 1639 649 1708; x_wconf 74' lang='lat' dir='ltr'><strong>salute</strong></span> <span class='ocrx_word' id='word_1_96' title='bbox 672 1645 853 1690; x_wconf 89' lang='lat' dir='ltr'><strong>nostra</strong></span> <span class='ocrx_word' id='word_1_97' title='bbox 881 1633 1164 1706; x_wconf 70' lang='lat' dir='ltr'><strong>prmsidem</strong></span> <span class='ocrx_word' id='word_1_98' title='bbox 1193 1632 1545 1686; x_wconf 84' lang='lat' dir='ltr'><strong>certaminum</strong></span> <span class='ocrx_word' id='word_1_99' title='bbox 1594 1631 1831 1699; x_wconf 89' lang='lat' dir='ltr'><strong>ipsormn</strong></span> <span class='ocrx_word' id='word_1_100' title='bbox 1878 1645 1941 1686; x_wconf 91' lang='lat' dir='ltr'><strong>ac</strong></span> 
     </span>
    </p>
   </div>
   <div class='ocr_carea' id='block_1_16' title="bbox 350 1704 1939 1794">
    <p class='ocr_par' dir='ltr' id='par_1_16' title="bbox 350 1704 1939 1794">
     <span class='ocr_line' id='line_1_16' title="bbox 350 1704 1939 1794; baseline -0.002 -12"><span class='ocrx_word' id='word_1_101' title='bbox 350 1704 742 1784; x_wconf 71' lang='lat' dir='ltr'><strong>tnuneratorem</strong></span> <span class='ocrx_word' id='word_1_102' title='bbox 775 1725 1222 1794; x_wconf 91' lang='lat' dir='ltr'><strong>oremus,multas</strong></span> <span class='ocrx_word' id='word_1_103' title='bbox 1249 1739 1432 1794; x_wconf 89' lang='lat' dir='ltr'><strong>preces</strong></span> <span class='ocrx_word' id='word_1_104' title='bbox 1461 1721 1939 1792; x_wconf 88' lang='lat' dir='ltr'><strong>fundamus,atque</strong></span> 
     </span>
    </p>
   </div>
   <div class='ocr_carea' id='block_1_17' title="bbox 349 1813 1937 1887">
    <p class='ocr_par' dir='ltr' id='par_1_17' title="bbox 349 1813 1937 1887">
     <span class='ocr_line' id='line_1_17' title="bbox 349 1813 1937 1887; baseline -0.004 -14"><span class='ocrx_word' id='word_1_105' title='bbox 349 1821 538 1874; x_wconf 84' lang='lat' dir='ltr'><strong>horum</strong></span> <span class='ocrx_word' id='word_1_106' title='bbox 574 1820 814 1873; x_wconf 89' lang='lat' dir='ltr'><strong>omnium</strong></span> <span class='ocrx_word' id='word_1_107' title='bbox 864 1833 1026 1887; x_wconf 83' lang='lat' dir='ltr'><strong>opera</strong></span> <span class='ocrx_word' id='word_1_108' title='bbox 1054 1831 1176 1872; x_wconf 91' lang='lat' dir='ltr'><strong>cum</strong></span> <span class='ocrx_word' id='word_1_109' title='bbox 1222 1829 1357 1868; x_wconf 90' lang='lat' dir='ltr'><strong>onus</strong></span> <span class='ocrx_word' id='word_1_110' title='bbox 1386 1813 1730 1868; x_wconf 71' lang='lat' dir='ltr'><strong>conscientia:</strong></span> <span class='ocrx_word' id='word_1_111' title='bbox 1771 1814 1937 1883; x_wconf 86' lang='lat' dir='ltr'><strong>depo-</strong></span> 
     </span>
    </p>
   </div>
   <div class='ocr_carea' id='block_1_18' title="bbox 352 1904 1937 1976">
    <p class='ocr_par' dir='ltr' id='par_1_18' title="bbox 352 1904 1937 1976">
     <span class='ocr_line' id='line_1_18' title="bbox 352 1904 1937 1976; baseline -0.006 -10"><span class='ocrx_word' id='word_1_112' title='bbox 352 1915 646 1975; x_wconf 85' lang='lat' dir='ltr'><strong>suerimus,</strong></span> <span class='ocrx_word' id='word_1_113' title='bbox 677 1910 838 1964; x_wconf 90' lang='lat' dir='ltr'><strong>multa</strong></span> <span class='ocrx_word' id='word_1_114' title='bbox 864 1923 983 1965; x_wconf 90' lang='lat' dir='ltr'><strong>cum</strong></span> <span class='ocrx_word' id='word_1_115' title='bbox 1010 1906 1174 1962; x_wconf 89' lang='lat' dir='ltr'><strong>animi</strong></span> <span class='ocrx_word' id='word_1_116' title='bbox 1215 1908 1479 1976; x_wconf 89' lang='lat' dir='ltr'><strong>voluptate</strong></span> <span class='ocrx_word' id='word_1_117' title='bbox 1503 1904 1722 1960; x_wconf 88' lang='lat' dir='ltr'><strong>domum</strong></span> <span class='ocrx_word' id='word_1_118' title='bbox 1747 1905 1937 1958; x_wconf 87' lang='lat' dir='ltr'><strong>iterum</strong></span> 
     </span>
    </p>
   </div>
   <div class='ocr_carea' id='block_1_19' title="bbox 349 2013 707 2058">
    <p class='ocr_par' dir='ltr' id='par_1_19' title="bbox 349 2013 707 2058">
     <span class='ocr_line' id='line_1_19' title="bbox 349 2013 707 2058; baseline -0.003 -1"><span class='ocrx_word' id='word_1_119' title='bbox 349 2013 707 2058; x_wconf 87' lang='lat' dir='ltr'><strong>revertamur.</strong></span> 
     </span>
    </p>
   </div>
   <div class='ocr_carea' id='block_1_20' title="bbox 417 2089 1940 2164">
    <p class='ocr_par' dir='ltr' id='par_1_20' title="bbox 417 2089 1940 2164">
     <span class='ocr_line' id='line_1_20' title="bbox 417 2089 1940 2164; baseline -0.003 -16"><span class='ocrx_word' id='word_1_120' title='bbox 417 2094 543 2149; x_wconf 82' lang='lat' dir='ltr'><strong>Cum</strong></span> <span class='ocrx_word' id='word_1_121' title='bbox 574 2093 816 2164; x_wconf 81' lang='lat' dir='ltr'><strong>portubus</strong></span> <span class='ocrx_word' id='word_1_122' title='bbox 845 2101 891 2146; x_wconf 89' lang='lat' dir='ltr'><strong>et</strong></span> <span class='ocrx_word' id='word_1_123' title='bbox 918 2092 1140 2163; x_wconf 72' lang='lat' dir='ltr'><strong>fontibus</strong></span> <span class='ocrx_word' id='word_1_124' title='bbox 1163 2101 1524 2163; x_wconf 79' lang='lat' dir='ltr'><strong>comparantur</strong></span> <span class='ocrx_word' id='word_1_125' title='bbox 1547 2091 1773 2160; x_wconf 80' lang='lat' dir='ltr'><strong>reliquia:</strong></span> <span class='ocrx_word' id='word_1_126' title='bbox 1795 2089 1940 2143; x_wconf 80' lang='lat' dir='ltr'><strong>Mar-</strong></span> 
     </span>
    </p>
   </div>
   <div class='ocr_carea' id='block_1_21' title="bbox 346 2181 1936 2255">
    <p class='ocr_par' dir='ltr' id='par_1_21' title="bbox 346 2181 1936 2255">
     <span class='ocr_line' id='line_1_21' title="bbox 346 2181 1936 2255; baseline -0.003 -17"><span class='ocrx_word' id='word_1_127' title='bbox 346 2195 512 2255; x_wconf 80' lang='lat' dir='ltr'><strong>tyrum</strong></span> <span class='ocrx_word' id='word_1_128' title='bbox 535 2201 554 2248; x_wconf 84' lang='lat'><strong>,°</strong></span> <span class='ocrx_word' id='word_1_129' title='bbox 580 2202 658 2238; x_wconf 87' lang='lat' dir='ltr'><strong>res</strong></span> <span class='ocrx_word' id='word_1_130' title='bbox 697 2183 984 2255; x_wconf 85' lang='lat' dir='ltr'><strong>spirituales</strong></span> <span class='ocrx_word' id='word_1_131' title='bbox 1022 2183 1372 2237; x_wconf 76' lang='lat' dir='ltr'><strong>distributione</strong></span> <span class='ocrx_word' id='word_1_132' title='bbox 1415 2190 1686 2246; x_wconf 82' lang='lat' dir='ltr'><strong>crescunt;</strong></span> <span class='ocrx_word' id='word_1_133' title='bbox 1729 2181 1936 2251; x_wconf 81' lang='lat' dir='ltr'><strong>indigne</strong></span> 
     </span>
    </p>
   </div>
   <div class='ocr_carea' id='block_1_22' title="bbox 346 2274 1925 2348">
    <p class='ocr_par' dir='ltr' id='par_1_22' title="bbox 346 2274 1925 2348">
     <span class='ocr_line' id='line_1_22' title="bbox 346 2274 1925 2348; baseline -0.004 -16"><span class='ocrx_word' id='word_1_134' title='bbox 346 2279 778 2332; x_wconf 72' lang='lat' dir='ltr'><strong>communicantes</strong></span> <span class='ocrx_word' id='word_1_135' title='bbox 809 2275 1072 2348; x_wconf 83' lang='lat' dir='ltr'><strong>puniendi.</strong></span> <span class='ocrx_word' id='word_1_136' title='bbox 1100 2305 1173 2315; x_wconf 91' lang='lat'>—</span> <span class='ocrx_word' id='word_1_137' title='bbox 1199 2274 1337 2329; x_wconf 84' lang='lat' dir='ltr'><strong>Nihil</strong></span> <span class='ocrx_word' id='word_1_138' title='bbox 1367 2274 1510 2328; x_wconf 87' lang='lat' dir='ltr'><strong>aliud</strong></span> <span class='ocrx_word' id='word_1_139' title='bbox 1555 2283 1678 2328; x_wconf 90' lang='lat' dir='ltr'><strong>sunt</strong></span> <span class='ocrx_word' id='word_1_140' title='bbox 1731 2283 1925 2343; x_wconf 37' lang='lat' dir='ltr'><strong>marly‘</strong></span> 
     </span>
    </p>
   </div>
   <div class='ocr_carea' id='block_1_23' title="bbox 342 2365 1934 2440">
    <p class='ocr_par' dir='ltr' id='par_1_23' title="bbox 342 2365 1934 2440">
     <span class='ocr_line' id='line_1_23' title="bbox 342 2365 1934 2440; baseline -0.005 -12"><span class='ocrx_word' id='word_1_141' title='bbox 342 2387 461 2428; x_wconf 88' lang='lat' dir='ltr'><strong>rum</strong></span> <span class='ocrx_word' id='word_1_142' title='bbox 488 2372 739 2440; x_wconf 62' lang='lat' dir='ltr'><strong>capsula},</strong></span> <span class='ocrx_word' id='word_1_143' title='bbox 773 2385 932 2440; x_wconf 90' lang='lat' dir='ltr'><strong>quam</strong></span> <span class='ocrx_word' id='word_1_144' title='bbox 957 2369 1128 2423; x_wconf 91' lang='lat' dir='ltr'><strong>securi</strong></span> <span class='ocrx_word' id='word_1_145' title='bbox 1159 2375 1365 2437; x_wconf 90' lang='lat' dir='ltr'><strong>portus,</strong></span> <span class='ocrx_word' id='word_1_146' title='bbox 1393 2382 1456 2422; x_wconf 92' lang='lat' dir='ltr'><strong>ac</strong></span> <span class='ocrx_word' id='word_1_147' title='bbox 1475 2365 1828 2438; x_wconf 87' lang='lat' dir='ltr'><strong>spiritualium</strong></span> <span class='ocrx_word' id='word_1_148' title='bbox 1860 2367 1934 2421; x_wconf 87' lang='lat' dir='ltr'><strong>la-</strong></span> 
     </span>
    </p>
   </div>
   <div class='ocr_carea' id='block_1_24' title="bbox 343 2457 1932 2528">
    <p class='ocr_par' dir='ltr' id='par_1_24' title="bbox 343 2457 1932 2528">
     <span class='ocr_line' id='line_1_24' title="bbox 343 2457 1932 2528; baseline -0.003 -12"><span class='ocrx_word' id='word_1_149' title='bbox 343 2463 509 2516; x_wconf 88' lang='lat' dir='ltr'><strong>ticum</strong></span> <span class='ocrx_word' id='word_1_150' title='bbox 535 2463 704 2515; x_wconf 85' lang='lat' dir='ltr'><strong>lontes</strong></span> <span class='ocrx_word' id='word_1_151' title='bbox 725 2501 740 2524; x_wconf 88' lang='lat'><strong>,</strong></span> <span class='ocrx_word' id='word_1_152' title='bbox 771 2459 1004 2515; x_wconf 85' lang='lat' dir='ltr'><strong>inviolati</strong></span> <span class='ocrx_word' id='word_1_153' title='bbox 1034 2475 1193 2528; x_wconf 89' lang='lat' dir='ltr'><strong>opum</strong></span> <span class='ocrx_word' id='word_1_154' title='bbox 1223 2457 1457 2512; x_wconf 83' lang='lat' dir='ltr'><strong>thesauri</strong></span> <span class='ocrx_word' id='word_1_155' title='bbox 1483 2499 1497 2521; x_wconf 92' lang='lat'><strong>,</strong></span> <span class='ocrx_word' id='word_1_156' title='bbox 1527 2459 1612 2528; x_wconf 90' lang='lat' dir='ltr'><strong>qui</strong></span> <span class='ocrx_word' id='word_1_157' title='bbox 1641 2473 1932 2528; x_wconf 89' lang='lat' dir='ltr'><strong>numquam</strong></span> 
     </span>
    </p>
   </div>
   <div class='ocr_carea' id='block_1_25' title="bbox 342 2548 1932 2621">
    <p class='ocr_par' dir='ltr' id='par_1_25' title="bbox 342 2548 1932 2621">
     <span class='ocr_line' id='line_1_25' title="bbox 342 2548 1932 2621; baseline -0.003 -13"><span class='ocrx_word' id='word_1_158' title='bbox 342 2553 748 2608; x_wconf 76' lang='lat' dir='ltr'><strong>exhauriuntur.</strong></span> <span class='ocrx_word' id='word_1_159' title='bbox 796 2552 860 2606; x_wconf 84' lang='grc' dir='ltr'><strong>Ει</strong></span> <span class='ocrx_word' id='word_1_160' title='bbox 881 2549 1330 2621; x_wconf 87' lang='lat' dir='ltr'><strong>quemadmodum</strong></span> <span class='ocrx_word' id='word_1_161' title='bbox 1363 2557 1546 2619; x_wconf 89' lang='lat' dir='ltr'><strong>portus</strong></span> <span class='ocrx_word' id='word_1_162' title='bbox 1593 2548 1718 2603; x_wconf 91' lang='lat' dir='ltr'><strong>dum</strong></span> <span class='ocrx_word' id='word_1_163' title='bbox 1751 2549 1932 2603; x_wconf 91' lang='lat' dir='ltr'><strong>multis</strong></span> 
     </span>
    </p>
   </div>
   <div class='ocr_carea' id='block_1_26' title="bbox 342 2638 1930 2710">
    <p class='ocr_par' dir='ltr' id='par_1_26' title="bbox 342 2638 1930 2710">
     <span class='ocr_line' id='line_1_26' title="bbox 342 2638 1930 2710; baseline -0.003 -14"><span class='ocrx_word' id='word_1_164' title='bbox 342 2643 592 2697; x_wconf 83' lang='lat' dir='ltr'><strong>fluctibus</strong></span> <span class='ocrx_word' id='word_1_165' title='bbox 617 2641 966 2697; x_wconf 87' lang='lat' dir='ltr'><strong>circumfusas</strong></span> <span class='ocrx_word' id='word_1_166' title='bbox 992 2655 1154 2694; x_wconf 82' lang='lat' dir='ltr'><strong>naves</strong></span> <span class='ocrx_word' id='word_1_167' title='bbox 1186 2639 1477 2710; x_wconf 82' lang='lat' dir='ltr'><strong>excipiunt,</strong></span> <span class='ocrx_word' id='word_1_168' title='bbox 1507 2638 1558 2692; x_wconf 91' lang='lat' dir='ltr'><strong>in</strong></span> <span class='ocrx_word' id='word_1_169' title='bbox 1580 2647 1690 2692; x_wconf 90' lang='lat' dir='ltr'><strong>tuto</strong></span> <span class='ocrx_word' id='word_1_170' title='bbox 1711 2653 1804 2693; x_wconf 90' lang='lat' dir='ltr'><strong>eas</strong></span> <span class='ocrx_word' id='word_1_171' title='bbox 1825 2639 1930 2693; x_wconf 85' lang='lat' dir='ltr'><strong>col-</strong></span> 
     </span>
    </p>
   </div>
   <div class='ocr_carea' id='block_1_27' title="bbox 339 2727 1928 2798">
    <p class='ocr_par' dir='ltr' id='par_1_27' title="bbox 339 2727 1928 2798">
     <span class='ocr_line' id='line_1_27' title="bbox 339 2727 1928 2798; baseline -0.003 -11"><span class='ocrx_word' id='word_1_172' title='bbox 339 2733 516 2787; x_wconf 89' lang='lat' dir='ltr'><strong>locant</strong></span> <span class='ocrx_word' id='word_1_173' title='bbox 544 2751 556 2787; x_wconf 94' lang='lat'><strong>:</strong></span> <span class='ocrx_word' id='word_1_174' title='bbox 583 2733 661 2786; x_wconf 93' lang='lat' dir='ltr'><strong>sic</strong></span> <span class='ocrx_word' id='word_1_175' title='bbox 707 2732 954 2786; x_wconf 91' lang='lat' dir='ltr'><strong>nimirum</strong></span> <span class='ocrx_word' id='word_1_176' title='bbox 986 2740 1037 2785; x_wconf 92' lang='lat' dir='ltr'><strong>et</strong></span> <span class='ocrx_word' id='word_1_177' title='bbox 1065 2738 1356 2798; x_wconf 87' lang='lat' dir='ltr'><strong>martyrum</strong></span> <span class='ocrx_word' id='word_1_178' title='bbox 1377 2729 1628 2798; x_wconf 77' lang='lat' dir='ltr'><strong>capsulze,</strong></span> <span class='ocrx_word' id='word_1_179' title='bbox 1660 2727 1787 2783; x_wconf 91' lang='lat' dir='ltr'><strong>dum</strong></span> <span class='ocrx_word' id='word_1_180' title='bbox 1823 2743 1928 2782; x_wconf 79' lang='lat' dir='ltr'><strong>sa:-</strong></span> 
     </span>
    </p>
   </div>
   <div class='ocr_carea' id='block_1_28' title="bbox 338 2819 1931 2892">
    <p class='ocr_par' dir='ltr' id='par_1_28' title="bbox 338 2819 1931 2892">
     <span class='ocr_line' id='line_1_28' title="bbox 338 2819 1931 2892; baseline -0.001 -15"><span class='ocrx_word' id='word_1_181' title='bbox 338 2823 612 2878; x_wconf 84' lang='lat' dir='ltr'><strong>cularibus</strong></span> <span class='ocrx_word' id='word_1_182' title='bbox 639 2822 864 2892; x_wconf 89' lang='lat' dir='ltr'><strong>negotiis</strong></span> <span class='ocrx_word' id='word_1_183' title='bbox 901 2819 1247 2876; x_wconf 87' lang='lat' dir='ltr'><strong>circumfusas</strong></span> <span class='ocrx_word' id='word_1_184' title='bbox 1281 2821 1484 2874; x_wconf 87' lang='lat' dir='ltr'><strong>animas</strong></span> <span class='ocrx_word' id='word_1_185' title='bbox 1524 2828 1734 2874; x_wconf 85' lang='lat' dir='ltr'><strong>nostras</strong></span> <span class='ocrx_word' id='word_1_186' title='bbox 1781 2820 1931 2875; x_wconf 77' lang='lat' dir='ltr'><strong>exci-</strong></span> 
     </span>
    </p>
   </div>
   <div class='ocr_carea' id='block_1_29' title="bbox 338 2910 1930 2983">
    <p class='ocr_par' dir='ltr' id='par_1_29' title="bbox 338 2910 1930 2983">
     <span class='ocr_line' id='line_1_29' title="bbox 338 2910 1930 2983; baseline 0 -17"><span class='ocrx_word' id='word_1_187' title='bbox 338 2913 526 2983; x_wconf 88' lang='lat' dir='ltr'><strong>piunt,</strong></span> <span class='ocrx_word' id='word_1_188' title='bbox 561 2913 612 2967; x_wconf 91' lang='lat' dir='ltr'><strong>in</strong></span> <span class='ocrx_word' id='word_1_189' title='bbox 643 2913 808 2966; x_wconf 89' lang='lat' dir='ltr'><strong>multa</strong></span> <span class='ocrx_word' id='word_1_190' title='bbox 832 2912 946 2966; x_wconf 92' lang='lat' dir='ltr'><strong>illas</strong></span> <span class='ocrx_word' id='word_1_191' title='bbox 973 2910 1350 2980; x_wconf 87' lang='lat' dir='ltr'><strong>tranquillitate</strong></span> <span class='ocrx_word' id='word_1_192' title='bbox 1383 2925 1446 2964; x_wconf 92' lang='lat' dir='ltr'><strong>ac</strong></span> <span class='ocrx_word' id='word_1_193' title='bbox 1487 2911 1769 2964; x_wconf 90' lang='lat' dir='ltr'><strong>securitate</strong></span> <span class='ocrx_word' id='word_1_194' title='bbox 1795 2926 1930 2966; x_wconf 89' lang='lat' dir='ltr'><strong>con-</strong></span> 
     </span>
    </p>
   </div>
   <div class='ocr_carea' id='block_1_30' title="bbox 335 2997 1930 3072">
    <p class='ocr_par' dir='ltr' id='par_1_30' title="bbox 335 2997 1930 3072">
     <span class='ocr_line' id='line_1_30' title="bbox 335 2997 1930 3072; baseline -0.001 -16"><span class='ocrx_word' id='word_1_195' title='bbox 335 3005 604 3056; x_wconf 89' lang='lat' dir='ltr'><strong>stituunt:</strong></span> <span class='ocrx_word' id='word_1_196' title='bbox 636 3011 691 3056; x_wconf 93' lang='lat' dir='ltr'><strong>et</strong></span> <span class='ocrx_word' id='word_1_197' title='bbox 741 3000 1186 3072; x_wconf 91' lang='lat' dir='ltr'><strong>quemadmodum</strong></span> <span class='ocrx_word' id='word_1_198' title='bbox 1230 2997 1526 3069; x_wconf 91' lang='lat' dir='ltr'><strong>gelidarum</strong></span> <span class='ocrx_word' id='word_1_199' title='bbox 1561 2999 1731 3054; x_wconf 90' lang='lat' dir='ltr'><strong>fontes</strong></span> <span class='ocrx_word' id='word_1_200' title='bbox 1761 3015 1930 3070; x_wconf 87' lang='lat' dir='ltr'><strong>aqua-</strong></span> 
     </span>
    </p>
   </div>
   <div class='ocr_carea' id='block_1_31' title="bbox 335 3089 1928 3160">
    <p class='ocr_par' dir='ltr' id='par_1_31' title="bbox 335 3089 1928 3160">
     <span class='ocr_line' id='line_1_31' title="bbox 335 3089 1928 3160; baseline -0.001 -12"><span class='ocrx_word' id='word_1_201' title='bbox 335 3109 456 3148; x_wconf 90' lang='lat' dir='ltr'><strong>rum</strong></span> <span class='ocrx_word' id='word_1_202' title='bbox 501 3091 695 3147; x_wconf 82' lang='lat' dir='ltr'><strong>afﬂicta</strong></span> <span class='ocrx_word' id='word_1_203' title='bbox 741 3091 1008 3146; x_wconf 86' lang='lat' dir='ltr'><strong>laboribus</strong></span> <span class='ocrx_word' id='word_1_204' title='bbox 1052 3099 1106 3145; x_wconf 89' lang='lat' dir='ltr'><strong>et</strong></span> <span class='ocrx_word' id='word_1_205' title='bbox 1145 3090 1324 3144; x_wconf 88' lang='lat' dir='ltr'><strong>calore</strong></span> <span class='ocrx_word' id='word_1_206' title='bbox 1356 3089 1562 3144; x_wconf 86' lang='lat' dir='ltr'><strong>defessa</strong></span> <span class='ocrx_word' id='word_1_207' title='bbox 1590 3105 1812 3160; x_wconf 91' lang='lat' dir='ltr'><strong>corpora</strong></span> <span class='ocrx_word' id='word_1_208' title='bbox 1840 3107 1928 3146; x_wconf 88' lang='lat' dir='ltr'><strong>re-</strong></span> 
     </span>
    </p>
   </div>
   <div class='ocr_carea' id='block_1_32' title="bbox 333 3180 1931 3253">
    <p class='ocr_par' dir='ltr' id='par_1_32' title="bbox 333 3180 1931 3253">
     <span class='ocr_line' id='line_1_32' title="bbox 333 3180 1931 3253; baseline -0.003 -11"><span class='ocrx_word' id='word_1_209' title='bbox 333 3195 554 3242; x_wconf 89' lang='lat' dir='ltr'><strong>creant:</strong></span> <span class='ocrx_word' id='word_1_210' title='bbox 585 3186 662 3240; x_wconf 86' lang='lat' dir='ltr'><strong>sic</strong></span> <span class='ocrx_word' id='word_1_211' title='bbox 692 3186 939 3239; x_wconf 88' lang='lat' dir='ltr'><strong>nimirum</strong></span> <span class='ocrx_word' id='word_1_212' title='bbox 961 3193 1017 3238; x_wconf 90' lang='lat' dir='ltr'><strong>et</strong></span> <span class='ocrx_word' id='word_1_213' title='bbox 1063 3183 1176 3238; x_wconf 71' lang='lat' dir='ltr'><strong>ista:</strong></span> <span class='ocrx_word' id='word_1_214' title='bbox 1204 3183 1382 3253; x_wconf 82' lang='lat' dir='ltr'><strong>pravis</strong></span> <span class='ocrx_word' id='word_1_215' title='bbox 1410 3180 1760 3237; x_wconf 84' lang='lat' dir='ltr'><strong>inflammatas</strong></span> <span class='ocrx_word' id='word_1_216' title='bbox 1801 3181 1931 3238; x_wconf 87' lang='lat' dir='ltr'><strong>affe-</strong></span> 
     </span>
    </p>
   </div>
   <div class='ocr_carea' id='block_1_33' title="bbox 337 3272 1924 3344">
    <p class='ocr_par' dir='ltr' id='par_1_33' title="bbox 337 3272 1924 3344">
     <span class='ocr_line' id='line_1_33' title="bbox 337 3272 1924 3344; baseline -0.003 -14"><span class='ocrx_word' id='word_1_217' title='bbox 337 3277 517 3331; x_wconf 89' lang='lat' dir='ltr'><strong>ctibus</strong></span> <span class='ocrx_word' id='word_1_218' title='bbox 542 3275 748 3330; x_wconf 85' lang='lat' dir='ltr'><strong>animas</strong></span> <span class='ocrx_word' id='word_1_219' title='bbox 775 3275 1109 3344; x_wconf 80' lang='lat' dir='ltr'><strong>refrigerant,</strong></span> <span class='ocrx_word' id='word_1_220' title='bbox 1134 3283 1186 3328; x_wconf 93' lang='lat' dir='ltr'><strong>et</strong></span> <span class='ocrx_word' id='word_1_221' title='bbox 1216 3273 1523 3328; x_wconf 66' lang='lat' dir='ltr'><strong>obscenam</strong></span> <span class='ocrx_word' id='word_1_222' title='bbox 1546 3272 1924 3342; x_wconf 88' lang='lat' dir='ltr'><strong>cupiditatem,</strong></span> 
     </span>
    </p>
   </div>
   <div class='ocr_carea' id='block_1_34' title="bbox 334 3364 1927 3435">
    <p class='ocr_par' dir='ltr' id='par_1_34' title="bbox 334 3364 1927 3435">
     <span class='ocr_line' id='line_1_34' title="bbox 334 3364 1927 3435; baseline -0.001 -14"><span class='ocrx_word' id='word_1_223' title='bbox 334 3369 590 3422; x_wconf 76' lang='lat' dir='ltr'><strong>invidiam</strong></span> <span class='ocrx_word' id='word_1_224' title='bbox 613 3366 954 3432; x_wconf 67' lang='lat' dir='ltr'><strong>credentem,</strong></span> <span class='ocrx_word' id='word_1_225' title='bbox 988 3366 1228 3435; x_wconf 78' lang='lat' dir='ltr'><strong>iramque</strong></span> <span class='ocrx_word' id='word_1_226' title='bbox 1274 3365 1564 3420; x_wconf 90' lang='lat' dir='ltr'><strong>ferventem</strong></span> <span class='ocrx_word' id='word_1_227' title='bbox 1592 3406 1608 3432; x_wconf 89' lang='lat'><strong>,</strong></span> <span class='ocrx_word' id='word_1_228' title='bbox 1633 3373 1688 3419; x_wconf 91' lang='lat' dir='ltr'><strong>et</strong></span> <span class='ocrx_word' id='word_1_229' title='bbox 1730 3365 1773 3418; x_wconf 91' lang='lat' dir='ltr'><strong>si</strong></span> <span class='ocrx_word' id='word_1_230' title='bbox 1801 3364 1927 3434; x_wconf 91' lang='lat' dir='ltr'><strong>quid</strong></span> 
     </span>
    </p>
   </div>
   <div class='ocr_carea' id='block_1_35' title="bbox 332 3456 1927 3530">
    <p class='ocr_par' dir='ltr' id='par_1_35' title="bbox 332 3456 1927 3530">
     <span class='ocr_line' id='line_1_35' title="bbox 332 3456 1927 3530; baseline -0.002 -17"><span class='ocrx_word' id='word_1_231' title='bbox 332 3461 479 3514; x_wconf 88' lang='lat' dir='ltr'><strong>aliud</strong></span> <span class='ocrx_word' id='word_1_232' title='bbox 504 3458 768 3530; x_wconf 89' lang='lat' dir='ltr'><strong>ejusmodi</strong></span> <span class='ocrx_word' id='word_1_233' title='bbox 798 3458 1065 3530; x_wconf 77' lang='lat' dir='ltr'><strong>negotium</strong></span> <span class='ocrx_word' id='word_1_234' title='bbox 1090 3457 1322 3523; x_wconf 84' lang='lat' dir='ltr'><strong>facessit,</strong></span> <span class='ocrx_word' id='word_1_235' title='bbox 1351 3456 1466 3512; x_wconf 91' lang='lat' dir='ltr'><strong>solo</strong></span> <span class='ocrx_word' id='word_1_236' title='bbox 1491 3466 1736 3526; x_wconf 88' lang='lat' dir='ltr'><strong>aspectus</strong></span> <span class='ocrx_word' id='word_1_237' title='bbox 1766 3456 1927 3511; x_wconf 90' lang='lat' dir='ltr'><strong>edant</strong></span> 
     </span>
    </p>
   </div>
   <div class='ocr_carea' id='block_1_36' title="bbox 333 3547 1927 3621">
    <p class='ocr_par' dir='ltr' id='par_1_36' title="bbox 333 3547 1927 3621">
     <span class='ocr_line' id='line_1_36' title="bbox 333 3547 1927 3621; baseline -0.003 -14"><span class='ocrx_word' id='word_1_238' title='bbox 333 3563 391 3608; x_wconf 91' lang='lat' dir='ltr'><strong>et</strong></span> <span class='ocrx_word' id='word_1_239' title='bbox 416 3553 783 3621; x_wconf 74' lang='lat' dir='ltr'><strong>exstinguunt.</strong></span> <span class='ocrx_word' id='word_1_240' title='bbox 812 3549 1096 3603; x_wconf 84' lang='lat' dir='ltr'><strong>Enimvero</strong></span> <span class='ocrx_word' id='word_1_241' title='bbox 1121 3547 1386 3604; x_wconf 90' lang='lat' dir='ltr'><strong>thesauris</strong></span> <span class='ocrx_word' id='word_1_242' title='bbox 1434 3549 1590 3602; x_wconf 85' lang='lat' dir='ltr'><strong>etiam</strong></span> <span class='ocrx_word' id='word_1_243' title='bbox 1619 3547 1774 3618; x_wconf 89' lang='lat' dir='ltr'><strong>longe</strong></span> <span class='ocrx_word' id='word_1_244' title='bbox 1802 3557 1927 3602; x_wconf 92' lang='lat' dir='ltr'><strong>sunt</strong></span> 
     </span>
    </p>
   </div>
   <div class='ocr_carea' id='block_1_37' title="bbox 335 3636 1922 3711">
    <p class='ocr_par' dir='ltr' id='par_1_37' title="bbox 335 3636 1922 3711">
     <span class='ocr_line' id='line_1_37' title="bbox 335 3636 1922 3711; baseline -0.003 -17"><span class='ocrx_word' id='word_1_245' title='bbox 335 3643 574 3711; x_wconf 82' lang='lat' dir='ltr'><strong>potiores</strong></span> <span class='ocrx_word' id='word_1_246' title='bbox 600 3657 613 3694; x_wconf 94' lang='lat'><strong>:</strong></span> <span class='ocrx_word' id='word_1_247' title='bbox 646 3639 906 3709; x_wconf 90' lang='lat' dir='ltr'><strong>siquidem</strong></span> <span class='ocrx_word' id='word_1_248' title='bbox 949 3638 1294 3708; x_wconf 90' lang='lat' dir='ltr'><strong>pecuniarum</strong></span> <span class='ocrx_word' id='word_1_249' title='bbox 1324 3636 1560 3691; x_wconf 89' lang='lat' dir='ltr'><strong>thesauri</strong></span> <span class='ocrx_word' id='word_1_250' title='bbox 1581 3637 1742 3690; x_wconf 91' lang='lat' dir='ltr'><strong>multa</strong></span> <span class='ocrx_word' id='word_1_251' title='bbox 1774 3636 1878 3690; x_wconf 86' lang='lat' dir='ltr'><strong>illis</strong></span> <span class='ocrx_word' id='word_1_252' title='bbox 1906 3679 1922 3703; x_wconf 92' lang='lat'><strong>,</strong></span> 
     </span>
    </p>
   </div>
   <div class='ocr_carea' id='block_1_38' title="bbox 335 3729 1924 3804">
    <p class='ocr_par' dir='ltr' id='par_1_38' title="bbox 335 3729 1924 3804">
     <span class='ocr_line' id='line_1_38' title="bbox 335 3729 1924 3804; baseline -0.003 -16"><span class='ocrx_word' id='word_1_253' title='bbox 335 3750 364 3788; x_wconf 86' lang='lat' dir='ltr'><strong>a</strong></span> <span class='ocrx_word' id='word_1_254' title='bbox 397 3733 592 3804; x_wconf 90' lang='lat' dir='ltr'><strong>quibus</strong></span> <span class='ocrx_word' id='word_1_255' title='bbox 635 3731 833 3785; x_wconf 86' lang='lat' dir='ltr'><strong>inventi</strong></span> <span class='ocrx_word' id='word_1_256' title='bbox 880 3729 1104 3795; x_wconf 88' lang='lat' dir='ltr'><strong>fuerint,</strong></span> <span class='ocrx_word' id='word_1_257' title='bbox 1153 3738 1335 3784; x_wconf 90' lang='lat' dir='ltr'><strong>creant</strong></span> <span class='ocrx_word' id='word_1_258' title='bbox 1380 3729 1610 3798; x_wconf 87' lang='lat' dir='ltr'><strong>pericula</strong></span> <span class='ocrx_word' id='word_1_259' title='bbox 1636 3769 1652 3796; x_wconf 92' lang='lat'><strong>,</strong></span> <span class='ocrx_word' id='word_1_260' title='bbox 1696 3744 1924 3799; x_wconf 88' lang='lat' dir='ltr'><strong>cumque</strong></span> 
     </span>
    </p>
   </div>
   <div class='ocr_carea' id='block_1_39' title="bbox 335 3821 1919 3892">
    <p class='ocr_par' dir='ltr' id='par_1_39' title="bbox 335 3821 1919 3892">
     <span class='ocr_line' id='line_1_39' title="bbox 335 3821 1919 3892; baseline -0.001 -13"><span class='ocrx_word' id='word_1_261' title='bbox 335 3828 534 3879; x_wconf 87' lang='lat' dir='ltr'><strong>multas</strong></span> <span class='ocrx_word' id='word_1_262' title='bbox 553 3823 705 3878; x_wconf 87' lang='lat' dir='ltr'><strong>divisi</strong></span> <span class='ocrx_word' id='word_1_263' title='bbox 733 3824 783 3877; x_wconf 92' lang='lat' dir='ltr'><strong>in</strong></span> <span class='ocrx_word' id='word_1_264' title='bbox 810 3834 986 3892; x_wconf 87' lang='lat' dir='ltr'><strong>partes</strong></span> <span class='ocrx_word' id='word_1_265' title='bbox 1017 3821 1231 3888; x_wconf 87' lang='lat' dir='ltr'><strong>fuerint,</strong></span> <span class='ocrx_word' id='word_1_266' title='bbox 1261 3821 1520 3876; x_wconf 87' lang='lat' dir='ltr'><strong>divisione</strong></span> <span class='ocrx_word' id='word_1_267' title='bbox 1568 3821 1875 3877; x_wconf 91' lang='lat' dir='ltr'><strong>minuuntur</strong></span> <span class='ocrx_word' id='word_1_268' title='bbox 1904 3841 1919 3876; x_wconf 91' lang='lat'><strong>:</strong></span> 
     </span>
    </p>
   </div>
   <div class='ocr_carea' id='block_1_40' title="bbox 336 3912 1924 3982">
    <p class='ocr_par' dir='ltr' id='par_1_40' title="bbox 336 3912 1924 3982">
     <span class='ocr_line' id='line_1_40' title="bbox 336 3912 1924 3982; baseline -0.002 -12"><span class='ocrx_word' id='word_1_269' title='bbox 336 3917 425 3971; x_wconf 87' lang='lat' dir='ltr'><strong>hic</strong></span> <span class='ocrx_word' id='word_1_270' title='bbox 455 3932 586 3970; x_wconf 86' lang='lat' dir='ltr'><strong>vero</strong></span> <span class='ocrx_word' id='word_1_271' title='bbox 607 3915 735 3968; x_wconf 89' lang='lat' dir='ltr'><strong>nihil</strong></span> <span class='ocrx_word' id='word_1_272' title='bbox 761 3914 864 3969; x_wconf 91' lang='lat' dir='ltr'><strong>tale</strong></span> <span class='ocrx_word' id='word_1_273' title='bbox 891 3923 992 3980; x_wconf 86' lang='lat' dir='ltr'><strong>est,</strong></span> <span class='ocrx_word' id='word_1_274' title='bbox 1025 3913 1117 3968; x_wconf 91' lang='lat' dir='ltr'><strong>sed</strong></span> <span class='ocrx_word' id='word_1_275' title='bbox 1149 3928 1346 3982; x_wconf 81' lang='lat' dir='ltr'><strong>expers</strong></span> <span class='ocrx_word' id='word_1_276' title='bbox 1375 3912 1596 3982; x_wconf 89' lang='lat' dir='ltr'><strong>periculi</strong></span> <span class='ocrx_word' id='word_1_277' title='bbox 1634 3921 1716 3967; x_wconf 91' lang='lat' dir='ltr'><strong>est</strong></span> <span class='ocrx_word' id='word_1_278' title='bbox 1741 3912 1924 3968; x_wconf 83' lang='lat' dir='ltr'><strong>inven-</strong></span> 
     </span>
    </p>
   </div>
   <div class='ocr_carea' id='block_1_41' title="bbox 339 4003 1921 4076">
    <p class='ocr_par' dir='ltr' id='par_1_41' title="bbox 339 4003 1921 4076">
     <span class='ocr_line' id='line_1_41' title="bbox 339 4003 1921 4076; baseline -0.003 -14"><span class='ocrx_word' id='word_1_279' title='bbox 339 4009 451 4071; x_wconf 86' lang='lat' dir='ltr'><strong>tio;</strong></span> <span class='ocrx_word' id='word_1_280' title='bbox 486 4021 660 4076; x_wconf 91' lang='lat' dir='ltr'><strong>neque</strong></span> <span class='ocrx_word' id='word_1_281' title='bbox 705 4005 1109 4060; x_wconf 89' lang='lat' dir='ltr'><strong>diminutionem</strong></span> <span class='ocrx_word' id='word_1_282' title='bbox 1163 4004 1317 4057; x_wconf 83' lang='lat' dir='ltr'><strong>affert</strong></span> <span class='ocrx_word' id='word_1_283' title='bbox 1373 4003 1601 4070; x_wconf 90' lang='lat' dir='ltr'><strong>divisio,</strong></span> <span class='ocrx_word' id='word_1_284' title='bbox 1663 4004 1921 4074; x_wconf 86' lang='lat' dir='ltr'><strong>planeque</strong></span> 
     </span>
    </p>
   </div>
   <div class='ocr_carea' id='block_1_42' title="bbox 337 4093 1916 4165">
    <p class='ocr_par' dir='ltr' id='par_1_42' title="bbox 337 4093 1916 4165">
     <span class='ocr_line' id='line_1_42' title="bbox 337 4093 1916 4165; baseline -0.001 -13"><span class='ocrx_word' id='word_1_285' title='bbox 337 4098 667 4152; x_wconf 87' lang='lat' dir='ltr'><strong>contrarium</strong></span> <span class='ocrx_word' id='word_1_286' title='bbox 697 4097 893 4159; x_wconf 89' lang='lat' dir='ltr'><strong>evenit,</strong></span> <span class='ocrx_word' id='word_1_287' title='bbox 926 4096 1066 4165; x_wconf 92' lang='lat' dir='ltr'><strong>quod</strong></span> <span class='ocrx_word' id='word_1_288' title='bbox 1119 4094 1393 4148; x_wconf 91' lang='lat' dir='ltr'><strong>sensilium</strong></span> <span class='ocrx_word' id='word_1_289' title='bbox 1425 4109 1603 4148; x_wconf 91' lang='lat' dir='ltr'><strong>rerum</strong></span> <span class='ocrx_word' id='word_1_290' title='bbox 1634 4093 1916 4150; x_wconf 88' lang='lat' dir='ltr'><strong>thesauris.</strong></span> 
     </span>
    </p>
   </div>
   <div class='ocr_carea' id='block_1_43' title="bbox 341 4187 1918 4262">
    <p class='ocr_par' dir='ltr' id='par_1_43' title="bbox 341 4187 1918 4262">
     <span class='ocr_line' id='line_1_43' title="bbox 341 4187 1918 4262; baseline -0.001 -16"><span class='ocrx_word' id='word_1_291' title='bbox 341 4191 472 4246; x_wconf 73' lang='lat' dir='ltr'><strong>Nam</strong></span> <span class='ocrx_word' id='word_1_292' title='bbox 507 4192 581 4246; x_wconf 88' lang='lat' dir='ltr'><strong>illi</strong></span> <span class='ocrx_word' id='word_1_293' title='bbox 611 4191 845 4262; x_wconf 89' lang='lat' dir='ltr'><strong>quidem,</strong></span> <span class='ocrx_word' id='word_1_294' title='bbox 880 4200 937 4246; x_wconf 92' lang='lat' dir='ltr'><strong>ut</strong></span> <span class='ocrx_word' id='word_1_295' title='bbox 980 4201 1103 4245; x_wconf 90' lang='lat' dir='ltr'><strong>ante</strong></span> <span class='ocrx_word' id='word_1_296' title='bbox 1142 4191 1270 4254; x_wconf 76' lang='lat' dir='ltr'><strong>dixi,</strong></span> <span class='ocrx_word' id='word_1_297' title='bbox 1322 4190 1364 4243; x_wconf 91' lang='lat' dir='ltr'><strong>si</strong></span> <span class='ocrx_word' id='word_1_298' title='bbox 1395 4189 1585 4244; x_wconf 91' lang='lat' dir='ltr'><strong>multas</strong></span> <span class='ocrx_word' id='word_1_299' title='bbox 1610 4187 1824 4246; x_wconf 68' lang='lat' dir='ltr'><strong>dissecti</strong></span> <span class='ocrx_word' id='word_1_300' title='bbox 1866 4191 1918 4244; x_wconf 93' lang='lat' dir='ltr'><strong>in</strong></span> 
     </span>
    </p>
   </div>
   <div class='ocr_carea' id='block_1_44' title="bbox 339 4281 1917 4353">
    <p class='ocr_par' dir='ltr' id='par_1_44' title="bbox 339 4281 1917 4353">
     <span class='ocr_line' id='line_1_44' title="bbox 339 4281 1917 4353; baseline 0 -17"><span class='ocrx_word' id='word_1_301' title='bbox 339 4295 520 4353; x_wconf 88' lang='lat' dir='ltr'><strong>partes</strong></span> <span class='ocrx_word' id='word_1_302' title='bbox 552 4282 769 4350; x_wconf 90' lang='lat' dir='ltr'><strong>fuerint,</strong></span> <span class='ocrx_word' id='word_1_303' title='bbox 799 4284 1033 4338; x_wconf 89' lang='lat' dir='ltr'><strong>minores</strong></span> <span class='ocrx_word' id='word_1_304' title='bbox 1061 4282 1225 4347; x_wconf 86' lang='lat' dir='ltr'><strong>fiunt;</strong></span> <span class='ocrx_word' id='word_1_305' title='bbox 1261 4281 1344 4335; x_wconf 91' lang='lat' dir='ltr'><strong>isti</strong></span> <span class='ocrx_word' id='word_1_306' title='bbox 1387 4295 1516 4336; x_wconf 91' lang='lat' dir='ltr'><strong>vero</strong></span> <span class='ocrx_word' id='word_1_307' title='bbox 1545 4295 1663 4335; x_wconf 91' lang='lat' dir='ltr'><strong>cum</strong></span> <span class='ocrx_word' id='word_1_308' title='bbox 1695 4281 1746 4335; x_wconf 92' lang='lat' dir='ltr'><strong>in</strong></span> <span class='ocrx_word' id='word_1_309' title='bbox 1777 4282 1917 4336; x_wconf 81' lang='lat' dir='ltr'><strong>mul-</strong></span> 
     </span>
    </p>
   </div>
   <div class='ocr_carea' id='block_1_45' title="bbox 337 4370 1917 4440">
    <p class='ocr_par' dir='ltr' id='par_1_45' title="bbox 337 4370 1917 4440">
     <span class='ocr_line' id='line_1_45' title="bbox 337 4370 1917 4440; baseline -0.001 -12"><span class='ocrx_word' id='word_1_310' title='bbox 337 4384 420 4429; x_wconf 93' lang='lat' dir='ltr'><strong>tos</strong></span> <span class='ocrx_word' id='word_1_311' title='bbox 450 4373 644 4428; x_wconf 90' lang='lat' dir='ltr'><strong>fuerint</strong></span> <span class='ocrx_word' id='word_1_312' title='bbox 688 4373 992 4439; x_wconf 88' lang='lat' dir='ltr'><strong>distributi,</strong></span> <span class='ocrx_word' id='word_1_313' title='bbox 1045 4381 1154 4427; x_wconf 92' lang='lat' dir='ltr'><strong>tum</strong></span> <span class='ocrx_word' id='word_1_314' title='bbox 1186 4387 1334 4426; x_wconf 88' lang='lat' dir='ltr'><strong>suam</strong></span> <span class='ocrx_word' id='word_1_315' title='bbox 1378 4372 1544 4440; x_wconf 87' lang='lat' dir='ltr'><strong>magis</strong></span> <span class='ocrx_word' id='word_1_316' title='bbox 1595 4370 1917 4440; x_wconf 87' lang='lat' dir='ltr'><strong>opulentiam</strong></span> 
     </span>
    </p>
   </div>
   <div class='ocr_carea' id='block_1_46' title="bbox 333 4461 1918 4535">
    <p class='ocr_par' dir='ltr' id='par_1_46' title="bbox 333 4461 1918 4535">
     <span class='ocr_line' id='line_1_46' title="bbox 333 4461 1918 4535; baseline -0.001 -17"><span class='ocrx_word' id='word_1_317' title='bbox 333 4465 642 4519; x_wconf 86' lang='lat' dir='ltr'><strong>ostendunt.</strong></span> <span class='ocrx_word' id='word_1_318' title='bbox 678 4463 820 4519; x_wconf 76' lang='lat' dir='ltr'><strong>Talis</strong></span> <span class='ocrx_word' id='word_1_319' title='bbox 870 4463 1064 4535; x_wconf 90' lang='lat' dir='ltr'><strong>quippe</strong></span> <span class='ocrx_word' id='word_1_320' title='bbox 1093 4477 1271 4518; x_wconf 91' lang='lat' dir='ltr'><strong>rerum</strong></span> <span class='ocrx_word' id='word_1_321' title='bbox 1315 4471 1398 4516; x_wconf 91' lang='lat' dir='ltr'><strong>est</strong></span> <span class='ocrx_word' id='word_1_322' title='bbox 1443 4461 1794 4531; x_wconf 88' lang='lat' dir='ltr'><strong>spiritualium</strong></span> <span class='ocrx_word' id='word_1_323' title='bbox 1822 4479 1918 4516; x_wconf 89' lang='lat' dir='ltr'><strong>na-</strong></span> 
     </span>
    </p>
   </div>
   <div class='ocr_carea' id='block_1_47' title="bbox 334 4553 1916 4622">
    <p class='ocr_par' dir='ltr' id='par_1_47' title="bbox 334 4553 1916 4622">
     <span class='ocr_line' id='line_1_47' title="bbox 334 4553 1916 4622; baseline -0.001 -14"><span class='ocrx_word' id='word_1_324' title='bbox 334 4564 448 4608; x_wconf 91' lang='lat' dir='ltr'><strong>tura</strong></span> <span class='ocrx_word' id='word_1_325' title='bbox 477 4573 491 4618; x_wconf 86' lang='lat'><strong>;</strong></span> <span class='ocrx_word' id='word_1_326' title='bbox 526 4555 896 4609; x_wconf 80' lang='lat' dir='ltr'><strong>distributione</strong></span> <span class='ocrx_word' id='word_1_327' title='bbox 926 4555 1139 4620; x_wconf 89' lang='lat' dir='ltr'><strong>crescit,</strong></span> <span class='ocrx_word' id='word_1_328' title='bbox 1163 4553 1491 4608; x_wconf 89' lang='lat' dir='ltr'><strong>etdivisione</strong></span> <span class='ocrx_word' id='word_1_329' title='bbox 1519 4553 1916 4622; x_wconf 89' lang='lat' dir='ltr'><strong>multiplicatur.</strong></span> 
     </span>
    </p>
   </div>
   <div class='ocr_carea' id='block_1_48' title="bbox 334 4643 1921 4716">
    <p class='ocr_par' dir='ltr' id='par_1_48' title="bbox 334 4643 1921 4716">
     <span class='ocr_line' id='line_1_48' title="bbox 334 4643 1921 4716; baseline -0.002 -13"><span class='ocrx_word' id='word_1_330' title='bbox 334 4647 446 4703; x_wconf 78' lang='lat' dir='ltr'><strong>Non</strong></span> <span class='ocrx_word' id='word_1_331' title='bbox 488 4648 555 4699; x_wconf 90' lang='lat' dir='ltr'><strong>ita</strong></span> <span class='ocrx_word' id='word_1_332' title='bbox 604 4663 702 4701; x_wconf 91' lang='lat' dir='ltr'><strong>nos</strong></span> <span class='ocrx_word' id='word_1_333' title='bbox 749 4655 894 4716; x_wconf 88' lang='lat' dir='ltr'><strong>prata</strong></span> <span class='ocrx_word' id='word_1_334' title='bbox 952 4645 1256 4709; x_wconf 89' lang='lat' dir='ltr'><strong>delectant,</strong></span> <span class='ocrx_word' id='word_1_335' title='bbox 1294 4643 1420 4698; x_wconf 91' lang='lat' dir='ltr'><strong>dum</strong></span> <span class='ocrx_word' id='word_1_336' title='bbox 1466 4658 1616 4698; x_wconf 84' lang='lat' dir='ltr'><strong>rosas</strong></span> <span class='ocrx_word' id='word_1_337' title='bbox 1649 4643 1921 4715; x_wconf 89' lang='lat' dir='ltr'><strong>violasque</strong></span> 
     </span>
    </p>
   </div>
   <div class='ocr_carea' id='block_1_49' title="bbox 330 4735 1917 4807">
    <p class='ocr_par' dir='ltr' id='par_1_49' title="bbox 330 4735 1917 4807">
     <span class='ocr_line' id='line_1_49' title="bbox 330 4735 1917 4807; baseline -0.001 -15"><span class='ocrx_word' id='word_1_338' title='bbox 330 4737 656 4807; x_wconf 79' lang='lat' dir='ltr'><strong>Spectandas</strong></span> <span class='ocrx_word' id='word_1_339' title='bbox 704 4737 1086 4807; x_wconf 85' lang='lat' dir='ltr'><strong>suppeditant,</strong></span> <span class='ocrx_word' id='word_1_340' title='bbox 1125 4751 1189 4791; x_wconf 89' lang='lat' dir='ltr'><strong>ac</strong></span> <span class='ocrx_word' id='word_1_341' title='bbox 1233 4746 1523 4806; x_wconf 79' lang='lat' dir='ltr'><strong>martyrum</strong></span> <span class='ocrx_word' id='word_1_342' title='bbox 1555 4735 1758 4799; x_wconf 89' lang='lat' dir='ltr'><strong>tumuli,</strong></span> <span class='ocrx_word' id='word_1_343' title='bbox 1791 4736 1917 4791; x_wconf 91' lang='lat' dir='ltr'><strong>dum</strong></span> 
     </span>
    </p>
   </div>
   <div class='ocr_carea' id='block_1_50' title="bbox 329 4828 1918 4900">
    <p class='ocr_par' dir='ltr' id='par_1_50' title="bbox 329 4828 1918 4900">
     <span class='ocr_line' id='line_1_50' title="bbox 329 4828 1918 4900; baseline 0.001 -17"><span class='ocrx_word' id='word_1_344' title='bbox 329 4845 622 4900; x_wconf 85' lang='lat' dir='ltr'><strong>numquam</strong></span> <span class='ocrx_word' id='word_1_345' title='bbox 655 4840 1071 4885; x_wconf 88' lang='lat' dir='ltr'><strong>marcescentem</strong></span> <span class='ocrx_word' id='word_1_346' title='bbox 1117 4839 1170 4884; x_wconf 91' lang='lat' dir='ltr'><strong>et</strong></span> <span class='ocrx_word' id='word_1_347' title='bbox 1205 4828 1622 4884; x_wconf 89' lang='lat' dir='ltr'><strong>indissolubilem</strong></span> <span class='ocrx_word' id='word_1_348' title='bbox 1645 4836 1918 4898; x_wconf 82' lang='lat' dir='ltr'><strong>spectato-</strong></span> 
     </span>
    </p>
   </div>
   <div class='ocr_carea' id='block_1_51' title="bbox 327 4921 1314 4990">
    <p class='ocr_par' dir='ltr' id='par_1_51' title="bbox 327 4921 1314 4990">
     <span class='ocr_line' id='line_1_51' title="bbox 327 4921 1314 4990; baseline -0.002 -16"><span class='ocrx_word' id='word_1_349' title='bbox 327 4935 446 4974; x_wconf 83' lang='lat' dir='ltr'><strong>rum</strong></span> <span class='ocrx_word' id='word_1_350' title='bbox 481 4922 678 4975; x_wconf 87' lang='lat' dir='ltr'><strong>animis</strong></span> <span class='ocrx_word' id='word_1_351' title='bbox 707 4921 939 4976; x_wconf 76' lang='lat' dir='ltr'><strong>afferunt</strong></span> <span class='ocrx_word' id='word_1_352' title='bbox 968 4921 1314 4990; x_wconf 88' lang='lat' dir='ltr'><strong>voluptatem.</strong></span> 
     </span>
    </p>
   </div>
   <div class='ocr_carea' id='block_1_52' title="bbox 402 5009 1914 5083">
    <p class='ocr_par' dir='ltr' id='par_1_52' title="bbox 402 5009 1914 5083">
     <span class='ocr_line' id='line_1_52' title="bbox 402 5009 1914 5083; baseline -0.003 -15"><span class='ocrx_word' id='word_1_353' title='bbox 402 5013 456 5068; x_wconf 77' lang='lat'><strong>3.</strong></span> <span class='ocrx_word' id='word_1_354' title='bbox 518 5011 728 5066; x_wconf 85' lang='lat' dir='ltr'><strong>Thecas</strong></span> <span class='ocrx_word' id='word_1_355' title='bbox 759 5013 918 5083; x_wconf 85' lang='lat' dir='ltr'><strong>igitur</strong></span> <span class='ocrx_word' id='word_1_356' title='bbox 970 5013 1089 5066; x_wconf 84' lang='lat' dir='ltr'><strong>illas</strong></span> <span class='ocrx_word' id='word_1_357' title='bbox 1135 5027 1255 5066; x_wconf 90' lang='lat' dir='ltr'><strong>cum</strong></span> <span class='ocrx_word' id='word_1_358' title='bbox 1305 5010 1409 5065; x_wconf 80' lang='lat' dir='ltr'><strong>ﬁde</strong></span> <span class='ocrx_word' id='word_1_359' title='bbox 1461 5009 1914 5080; x_wconf 86' lang='lat' dir='ltr'><strong>complectamur,</strong></span> 
     </span>
    </p>
   </div>
   <div class='ocr_carea' id='block_1_53' title="bbox 329 5099 1917 5171">
    <p class='ocr_par' dir='ltr' id='par_1_53' title="bbox 329 5099 1917 5171">
     <span class='ocr_line' id='line_1_53' title="bbox 329 5099 1917 5171; baseline -0.001 -15"><span class='ocrx_word' id='word_1_360' title='bbox 329 5101 735 5156; x_wconf 88' lang='lat' dir='ltr'><strong>inardescamus</strong></span> <span class='ocrx_word' id='word_1_361' title='bbox 786 5110 983 5166; x_wconf 89' lang='lat' dir='ltr'><strong>mente,</strong></span> <span class='ocrx_word' id='word_1_362' title='bbox 1034 5103 1260 5171; x_wconf 85' lang='lat' dir='ltr'><strong>gemitus</strong></span> <span class='ocrx_word' id='word_1_363' title='bbox 1315 5099 1718 5169; x_wconf 88' lang='lat' dir='ltr'><strong>profundamus.</strong></span> <span class='ocrx_word' id='word_1_364' title='bbox 1756 5099 1917 5154; x_wconf 78' lang='lat' dir='ltr'><strong>Multa</strong></span> 
     </span>
    </p>
   </div>
   <div class='ocr_carea' id='block_1_54' title="bbox 329 5192 1917 5261">
    <p class='ocr_par' dir='ltr' id='par_1_54' title="bbox 329 5192 1917 5261">
     <span class='ocr_line' id='line_1_54' title="bbox 329 5192 1917 5261; baseline -0.001 -15"><span class='ocrx_word' id='word_1_365' title='bbox 329 5203 455 5246; x_wconf 90' lang='lat' dir='ltr'><strong>sunt</strong></span> <span class='ocrx_word' id='word_1_366' title='bbox 483 5208 512 5245; x_wconf 87' lang='lat' dir='ltr'><strong>a</strong></span> <span class='ocrx_word' id='word_1_367' title='bbox 552 5193 704 5247; x_wconf 93' lang='lat' dir='ltr'><strong>nobis</strong></span> <span class='ocrx_word' id='word_1_368' title='bbox 735 5192 964 5247; x_wconf 89' lang='lat' dir='ltr'><strong>admissa</strong></span> <span class='ocrx_word' id='word_1_369' title='bbox 997 5192 1214 5256; x_wconf 89' lang='lat' dir='ltr'><strong>delicta,</strong></span> <span class='ocrx_word' id='word_1_370' title='bbox 1257 5201 1311 5246; x_wconf 93' lang='lat' dir='ltr'><strong>et</strong></span> <span class='ocrx_word' id='word_1_371' title='bbox 1340 5206 1529 5261; x_wconf 89' lang='lat' dir='ltr'><strong>magna</strong></span> <span class='ocrx_word' id='word_1_372' title='bbox 1559 5200 1686 5245; x_wconf 90' lang='lat' dir='ltr'><strong>sunt</strong></span> <span class='ocrx_word' id='word_1_373' title='bbox 1735 5199 1917 5244; x_wconf 90' lang='lat' dir='ltr'><strong>nostra</strong></span> 
     </span>
    </p>
   </div>
   <div class='ocr_carea' id='block_1_55' title="bbox 330 5281 1918 5356">
    <p class='ocr_par' dir='ltr' id='par_1_55' title="bbox 330 5281 1918 5356">
     <span class='ocr_line' id='line_1_55' title="bbox 330 5281 1918 5356; baseline -0.003 -17"><span class='ocrx_word' id='word_1_374' title='bbox 330 5295 549 5354; x_wconf 88' lang='lat' dir='ltr'><strong>peccata</strong></span> <span class='ocrx_word' id='word_1_375' title='bbox 575 5302 588 5338; x_wconf 94' lang='lat'><strong>:</strong></span> <span class='ocrx_word' id='word_1_376' title='bbox 613 5294 892 5356; x_wconf 90' lang='lat' dir='ltr'><strong>propterea</strong></span> <span class='ocrx_word' id='word_1_377' title='bbox 922 5285 1084 5339; x_wconf 91' lang='lat' dir='ltr'><strong>multa</strong></span> <span class='ocrx_word' id='word_1_378' title='bbox 1116 5283 1399 5348; x_wconf 91' lang='lat' dir='ltr'><strong>medicina,</strong></span> <span class='ocrx_word' id='word_1_379' title='bbox 1439 5291 1494 5336; x_wconf 90' lang='lat' dir='ltr'><strong>et</strong></span> <span class='ocrx_word' id='word_1_380' title='bbox 1523 5281 1758 5352; x_wconf 87' lang='lat' dir='ltr'><strong>diligenti</strong></span> <span class='ocrx_word' id='word_1_381' title='bbox 1790 5296 1918 5335; x_wconf 90' lang='lat' dir='ltr'><strong>con-</strong></span> 
     </span>
    </p>
   </div>
   <div class='ocr_carea' id='block_1_56' title="bbox 331 5375 1916 5448">
    <p class='ocr_par' dir='ltr' id='par_1_56' title="bbox 331 5375 1916 5448">
     <span class='ocr_line' id='line_1_56' title="bbox 331 5375 1916 5448; baseline -0.001 -17"><span class='ocrx_word' id='word_1_382' title='bbox 331 5375 568 5434; x_wconf 85' lang='lat' dir='ltr'><strong>fessione</strong></span> <span class='ocrx_word' id='word_1_383' title='bbox 620 5378 943 5448; x_wconf 85' lang='lat' dir='ltr'><strong>indigemus.</strong></span> <span class='ocrx_word' id='word_1_384' title='bbox 997 5375 1311 5432; x_wconf 74' lang='lat' dir='ltr'><strong>Effuderunt</strong></span> <span class='ocrx_word' id='word_1_385' title='bbox 1370 5375 1682 5445; x_wconf 89' lang='lat' dir='ltr'><strong>sanguinem</strong></span> <span class='ocrx_word' id='word_1_386' title='bbox 1748 5377 1916 5432; x_wconf 92' lang='lat' dir='ltr'><strong>sancti</strong></span> 
     </span>
    </p>
   </div>
   <div class='ocr_carea' id='block_1_57' title="bbox 330 5457 1921 5540">
    <p class='ocr_par' dir='ltr' id='par_1_57' title="bbox 330 5457 1921 5540">
     <span class='ocr_line' id='line_1_57' title="bbox 330 5457 1921 5540; baseline -0.003 -18"><span class='ocrx_word' id='word_1_387' title='bbox 330 5479 600 5540; x_wconf 83' lang='lat' dir='ltr'><strong>martyres</strong></span> <span class='ocrx_word' id='word_1_388' title='bbox 625 5511 638 5530; x_wconf 88' lang='lat'><strong>.</strong></span> <span class='ocrx_word' id='word_1_389' title='bbox 668 5468 805 5522; x_wconf 89' lang='lat' dir='ltr'><strong>oeuli</strong></span> <span class='ocrx_word' id='word_1_390' title='bbox 833 5468 909 5522; x_wconf 91' lang='lat' dir='ltr'><strong>tui</strong></span> <span class='ocrx_word' id='word_1_391' title='bbox 939 5467 1203 5540; x_wconf 80' lang='lat' dir='ltr'><strong>lacrymas</strong></span> <span class='ocrx_word' id='word_1_392' title='bbox 1233 5457 1325 5521; x_wconf 87' lang='lat' dir='ltr'><strong>tibi</strong></span> <span class='ocrx_word' id='word_1_393' title='bbox 1355 5464 1667 5520; x_wconf 68' lang='lat' dir='ltr'><strong>effundant:</strong></span> <span class='ocrx_word' id='word_1_394' title='bbox 1698 5473 1921 5535; x_wconf 91' lang='lat' dir='ltr'><strong>possunt</strong></span> 
     </span>
    </p>
   </div>
   <div class='ocr_carea' id='block_1_58' title="bbox 329 5556 1918 5631">
    <p class='ocr_par' dir='ltr' id='par_1_58' title="bbox 329 5556 1918 5631">
     <span class='ocr_line' id='line_1_58' title="bbox 329 5556 1918 5631; baseline -0.001 -18"><span class='ocrx_word' id='word_1_395' title='bbox 329 5566 387 5614; x_wconf 80' lang='lat' dir='ltr'><strong>et</strong></span> <span class='ocrx_word' id='word_1_396' title='bbox 413 5559 667 5631; x_wconf 72' lang='lat' dir='ltr'><strong>lacrymte</strong></span> <span class='ocrx_word' id='word_1_397' title='bbox 694 5567 1034 5629; x_wconf 88' lang='lat' dir='ltr'><strong>peccatorum</strong></span> <span class='ocrx_word' id='word_1_398' title='bbox 1065 5573 1251 5629; x_wconf 89' lang='lat' dir='ltr'><strong>rogum</strong></span> <span class='ocrx_word' id='word_1_399' title='bbox 1279 5557 1653 5626; x_wconf 76' lang='lat' dir='ltr'><strong>exstinguere;</strong></span> <span class='ocrx_word' id='word_1_400' title='bbox 1689 5556 1918 5612; x_wconf 86' lang='lat' dir='ltr'><strong>lacerata</strong></span> 
     </span>
    </p>
   </div>
   <div class='ocr_carea' id='block_1_59' title="bbox 334 5648 1914 5717">
    <p class='ocr_par' dir='ltr' id='par_1_59' title="bbox 334 5648 1914 5717">
     <span class='ocr_line' id='line_1_59' title="bbox 334 5648 1914 5717; baseline -0.002 -12"><span class='ocrx_word' id='word_1_401' title='bbox 334 5650 550 5706; x_wconf 83' lang='lat' dir='ltr'><strong>fuerunt</strong></span> <span class='ocrx_word' id='word_1_402' title='bbox 579 5650 682 5705; x_wconf 88' lang='lat' dir='ltr'><strong>illis</strong></span> <span class='ocrx_word' id='word_1_403' title='bbox 703 5651 890 5717; x_wconf 81' lang='lat' dir='ltr'><strong>latera,</strong></span> <span class='ocrx_word' id='word_1_404' title='bbox 912 5649 1190 5706; x_wconf 84' lang='lat' dir='ltr'><strong>carnifices</strong></span> <span class='ocrx_word' id='word_1_405' title='bbox 1207 5649 1454 5704; x_wconf 84' lang='lat' dir='ltr'><strong>videbant</strong></span> <span class='ocrx_word' id='word_1_406' title='bbox 1478 5648 1914 5704; x_wconf 86' lang='lat' dir='ltr'><strong>circumstantes:</strong></span> 
     </span>
    </p>
   </div>
   <div class='ocr_carea' id='block_1_60' title="bbox 340 5740 1914 5815">
    <p class='ocr_par' dir='ltr' id='par_1_60' title="bbox 340 5740 1914 5815">
     <span class='ocr_line' id='line_1_60' title="bbox 340 5740 1914 5815; baseline 0.001 -19"><span class='ocrx_word' id='word_1_407' title='bbox 340 5743 574 5812; x_wconf 82' lang='lat' dir='ltr'><strong>ldipsnm</strong></span> <span class='ocrx_word' id='word_1_408' title='bbox 599 5751 659 5797; x_wconf 87' lang='lat' dir='ltr'><strong>tn</strong></span> <span class='ocrx_word' id='word_1_409' title='bbox 686 5758 897 5815; x_wconf 85' lang='lat' dir='ltr'><strong>quoque</strong></span> <span class='ocrx_word' id='word_1_410' title='bbox 918 5742 1175 5799; x_wconf 82' lang='lat' dir='ltr'><strong>adversus</strong></span> <span class='ocrx_word' id='word_1_411' title='bbox 1207 5751 1348 5798; x_wconf 78' lang='lat' dir='ltr'><strong>tuam</strong></span> <span class='ocrx_word' id='word_1_412' title='bbox 1377 5740 1756 5797; x_wconf 84' lang='lat' dir='ltr'><strong>conscientiam</strong></span> <span class='ocrx_word' id='word_1_413' title='bbox 1778 5757 1914 5812; x_wconf 71' lang='lat' dir='ltr'><strong>prce-</strong></span> 
     </span>
    </p>
   </div>
   <div class='ocr_carea' id='block_1_61' title="bbox 1394 317 2580 376">
    <p class='ocr_par' dir='ltr' id='par_1_61' title="bbox 1394 317 2580 376">
     <span class='ocr_line' id='line_1_61' title="bbox 1394 317 2580 376; baseline 0 -2"><span class='ocrx_word' id='word_1_414' title='bbox 1394 319 1481 374; x_wconf 83' lang='lat' dir='ltr'><strong>DE</strong></span> <span class='ocrx_word' id='word_1_415' title='bbox 1521 318 1806 375; x_wconf 66' lang='lat' dir='ltr'><strong>SANCTIS</strong></span> <span class='ocrx_word' id='word_1_416' title='bbox 1845 318 2288 375; x_wconf 73' lang='lat' dir='ltr'><strong>MARTYRIBUS</strong></span> <span class='ocrx_word' id='word_1_417' title='bbox 2326 317 2580 376; x_wconf 75' lang='lat' dir='ltr'><strong>SERMO.</strong></span> 
     </span>
    </p>
   </div>
   <div class='ocr_carea' id='block_1_62' title="bbox 3535 327 3637 382">
    <p class='ocr_par' dir='ltr' id='par_1_62' title="bbox 3535 327 3637 382">
     <span class='ocr_line' id='line_1_62' title="bbox 3535 327 3637 382; baseline 0 0"><span class='ocrx_word' id='word_1_418' title='bbox 3535 327 3637 382; x_wconf 68' lang='grc' dir='ltr'><strong>δεξο</strong></span> 
     </span>
    </p>
   </div>
   <div class='ocr_carea' id='block_1_63' title="bbox 2055 434 3640 506">
    <p class='ocr_par' dir='ltr' id='par_1_63' title="bbox 2055 434 3640 506">
     <span class='ocr_line' id='line_1_63' title="bbox 2055 434 3640 506; baseline 0.004 -23"><span class='ocrx_word' id='word_1_419' title='bbox 2055 439 2135 483; x_wconf 91' lang='lat' dir='ltr'><strong>sta</strong></span> <span class='ocrx_word' id='word_1_420' title='bbox 2170 448 2183 484; x_wconf 90' lang='lat'><strong>:</strong></span> <span class='ocrx_word' id='word_1_421' title='bbox 2210 437 2468 486; x_wconf 87' lang='lat' dir='ltr'><strong>rationem</strong></span> <span class='ocrx_word' id='word_1_422' title='bbox 2496 443 2761 504; x_wconf 89' lang='lat' dir='ltr'><strong>tamquam</strong></span> <span class='ocrx_word' id='word_1_423' title='bbox 2781 434 3138 506; x_wconf 90' lang='lat' dir='ltr'><strong>incorruptum</strong></span> <span class='ocrx_word' id='word_1_424' title='bbox 3167 436 3396 504; x_wconf 75' lang='lat' dir='ltr'><strong>judicem</strong></span> <span class='ocrx_word' id='word_1_425' title='bbox 3425 439 3477 492; x_wconf 91' lang='lat' dir='ltr'><strong>in</strong></span> <span class='ocrx_word' id='word_1_426' title='bbox 3505 441 3640 495; x_wconf 84' lang='lat' dir='ltr'><strong>soiin</strong></span> 
     </span>
    </p>
   </div>
   <div class='ocr_carea' id='block_1_64' title="bbox 2054 522 3638 595">
    <p class='ocr_par' dir='ltr' id='par_1_64' title="bbox 2054 522 3638 595">
     <span class='ocr_line' id='line_1_64' title="bbox 2054 522 3638 595; baseline 0.006 -21"><span class='ocrx_word' id='word_1_427' title='bbox 2054 522 2246 575; x_wconf 87' lang='lat' dir='ltr'><strong>mentis</strong></span> <span class='ocrx_word' id='word_1_428' title='bbox 2275 523 2474 577; x_wconf 88' lang='lat' dir='ltr'><strong>colloca</strong></span> <span class='ocrx_word' id='word_1_429' title='bbox 2495 565 2507 588; x_wconf 89' lang='lat'><strong>,</strong></span> <span class='ocrx_word' id='word_1_430' title='bbox 2541 533 2595 578; x_wconf 89' lang='lat' dir='ltr'><strong>et</strong></span> <span class='ocrx_word' id='word_1_431' title='bbox 2637 541 2752 595; x_wconf 82' lang='lat' dir='ltr'><strong>quae</strong></span> <span class='ocrx_word' id='word_1_432' title='bbox 2781 540 2810 578; x_wconf 95' lang='lat' dir='ltr'><strong>a</strong></span> <span class='ocrx_word' id='word_1_433' title='bbox 2859 536 2908 580; x_wconf 92' lang='lat' dir='ltr'><strong>te</strong></span> <span class='ocrx_word' id='word_1_434' title='bbox 2957 529 3238 582; x_wconf 88' lang='lat' dir='ltr'><strong>commissa</strong></span> <span class='ocrx_word' id='word_1_435' title='bbox 3291 539 3434 594; x_wconf 92' lang='lat' dir='ltr'><strong>sunt,</strong></span> <span class='ocrx_word' id='word_1_436' title='bbox 3463 532 3638 585; x_wconf 77' lang='lat' dir='ltr'><strong>omnia</strong></span> 
     </span>
    </p>
   </div>
   <div class='ocr_carea' id='block_1_65' title="bbox 2053 613 3638 690">
    <p class='ocr_par' dir='ltr' id='par_1_65' title="bbox 2053 613 3638 690">
     <span class='ocr_line' id='line_1_65' title="bbox 2053 613 3638 690; baseline 0.005 -22"><span class='ocrx_word' id='word_1_437' title='bbox 2053 613 2234 684; x_wconf 88' lang='lat' dir='ltr'><strong>profer</strong></span> <span class='ocrx_word' id='word_1_438' title='bbox 2262 616 2311 669; x_wconf 91' lang='lat' dir='ltr'><strong>in</strong></span> <span class='ocrx_word' id='word_1_439' title='bbox 2350 616 2583 671; x_wconf 90' lang='lat' dir='ltr'><strong>medium</strong></span> <span class='ocrx_word' id='word_1_440' title='bbox 2617 658 2632 682; x_wconf 90' lang='lat'><strong>,</strong></span> <span class='ocrx_word' id='word_1_441' title='bbox 2683 633 2894 672; x_wconf 88' lang='lat' dir='ltr'><strong>severas</strong></span> <span class='ocrx_word' id='word_1_442' title='bbox 2931 634 2993 673; x_wconf 91' lang='lat' dir='ltr'><strong>ac</strong></span> <span class='ocrx_word' id='word_1_443' title='bbox 3025 620 3288 674; x_wconf 77' lang='lat' dir='ltr'><strong>terribiles</strong></span> <span class='ocrx_word' id='word_1_444' title='bbox 3342 621 3638 690; x_wconf 68' lang='lat' dir='ltr'><strong>praeficiens</strong></span> 
     </span>
    </p>
   </div>
   <div class='ocr_carea' id='block_1_66' title="bbox 2052 706 3639 783">
    <p class='ocr_par' dir='ltr' id='par_1_66' title="bbox 2052 706 3639 783">
     <span class='ocr_line' id='line_1_66' title="bbox 2052 706 3639 783; baseline 0.006 -25"><span class='ocrx_word' id='word_1_445' title='bbox 2052 706 2400 776; x_wconf 83' lang='lat' dir='ltr'><strong>cogitationes</strong></span> <span class='ocrx_word' id='word_1_446' title='bbox 2428 710 2678 778; x_wconf 90' lang='lat' dir='ltr'><strong>peccatis,</strong></span> <span class='ocrx_word' id='word_1_447' title='bbox 2703 708 2984 766; x_wconf 76' lang='lat' dir='ltr'><strong>obscmuos</strong></span> <span class='ocrx_word' id='word_1_448' title='bbox 3020 711 3181 765; x_wconf 90' lang='lat' dir='ltr'><strong>animi</strong></span> <span class='ocrx_word' id='word_1_449' title='bbox 3212 722 3389 766; x_wconf 88' lang='lat' dir='ltr'><strong>motus</strong></span> <span class='ocrx_word' id='word_1_450' title='bbox 3417 715 3639 783; x_wconf 84' lang='lat' dir='ltr'><strong>castiga,</strong></span> 
     </span>
    </p>
   </div>
   <div class='ocr_carea' id='block_1_67' title="bbox 2053 799 3640 873">
    <p class='ocr_par' dir='ltr' id='par_1_67' title="bbox 2053 799 3640 873">
     <span class='ocr_line' id='line_1_67' title="bbox 2053 799 3640 873; baseline 0.006 -24"><span class='ocrx_word' id='word_1_451' title='bbox 2053 810 2117 850; x_wconf 78' lang='lat' dir='ltr'><strong>ex</strong></span> <span class='ocrx_word' id='word_1_452' title='bbox 2150 799 2340 866; x_wconf 87' lang='lat' dir='ltr'><strong>quibus</strong></span> <span class='ocrx_word' id='word_1_453' title='bbox 2371 811 2582 868; x_wconf 83' lang='lat' dir='ltr'><strong>peccata</strong></span> <span class='ocrx_word' id='word_1_454' title='bbox 2604 809 2729 853; x_wconf 91' lang='lat' dir='ltr'><strong>sunt</strong></span> <span class='ocrx_word' id='word_1_455' title='bbox 2750 809 2891 865; x_wconf 85' lang='lat' dir='ltr'><strong>nata,</strong></span> <span class='ocrx_word' id='word_1_456' title='bbox 2921 811 2973 855; x_wconf 93' lang='lat' dir='ltr'><strong>et</strong></span> <span class='ocrx_word' id='word_1_457' title='bbox 2996 803 3189 856; x_wconf 86' lang='lat' dir='ltr'><strong>acriter</strong></span> <span class='ocrx_word' id='word_1_458' title='bbox 3209 803 3507 873; x_wconf 89' lang='lat' dir='ltr'><strong>acerbeque</strong></span> <span class='ocrx_word' id='word_1_459' title='bbox 3531 814 3640 858; x_wconf 89' lang='lat' dir='ltr'><strong>tor-</strong></span> 
     </span>
    </p>
   </div>
   <div class='ocr_carea' id='block_1_68' title="bbox 2051 889 3636 962">
    <p class='ocr_par' dir='ltr' id='par_1_68' title="bbox 2051 889 3636 962">
     <span class='ocr_line' id='line_1_68' title="bbox 2051 889 3636 962; baseline 0.008 -25"><span class='ocrx_word' id='word_1_460' title='bbox 2051 897 2332 955; x_wconf 90' lang='lat' dir='ltr'><strong>queantur.</strong></span> <span class='ocrx_word' id='word_1_461' title='bbox 2357 889 2411 942; x_wconf 91' lang='lat' dir='ltr'><strong>Si</strong></span> <span class='ocrx_word' id='word_1_462' title='bbox 2441 905 2537 944; x_wconf 90' lang='lat' dir='ltr'><strong>nos</strong></span> <span class='ocrx_word' id='word_1_463' title='bbox 2559 889 2628 944; x_wconf 89' lang='lat' dir='ltr'><strong>ita</strong></span> <span class='ocrx_word' id='word_1_464' title='bbox 2649 889 2983 960; x_wconf 89' lang='lat' dir='ltr'><strong>adjudiciutn</strong></span> <span class='ocrx_word' id='word_1_465' title='bbox 3015 893 3066 946; x_wconf 87' lang='lat' dir='ltr'><strong>in</strong></span> <span class='ocrx_word' id='word_1_466' title='bbox 3097 893 3456 962; x_wconf 85' lang='lat' dir='ltr'><strong>nosmetipsos</strong></span> <span class='ocrx_word' id='word_1_467' title='bbox 3475 911 3636 949; x_wconf 81' lang='lat' dir='ltr'><strong>exer-</strong></span> 
     </span>
    </p>
   </div>
   <div class='ocr_carea' id='block_1_69' title="bbox 2051 978 3638 1051">
    <p class='ocr_par' dir='ltr' id='par_1_69' title="bbox 2051 978 3638 1051">
     <span class='ocr_line' id='line_1_69' title="bbox 2051 978 3638 1051; baseline 0.006 -22"><span class='ocrx_word' id='word_1_468' title='bbox 2051 978 2276 1031; x_wconf 82' lang='lat' dir='ltr'><strong>cendum</strong></span> <span class='ocrx_word' id='word_1_469' title='bbox 2306 995 2699 1051; x_wconf 88' lang='lat' dir='ltr'><strong>comparemus,</strong></span> <span class='ocrx_word' id='word_1_470' title='bbox 2731 983 3062 1037; x_wconf 90' lang='lat' dir='ltr'><strong>tremendum</strong></span> <span class='ocrx_word' id='word_1_471' title='bbox 3106 984 3230 1038; x_wconf 91' lang='lat' dir='ltr'><strong>illud</strong></span> <span class='ocrx_word' id='word_1_472' title='bbox 3258 984 3486 1039; x_wconf 90' lang='lat' dir='ltr'><strong>tribunal</strong></span> <span class='ocrx_word' id='word_1_473' title='bbox 3518 987 3638 1039; x_wconf 82' lang='lat' dir='ltr'><strong>evi-</strong></span> 
     </span>
    </p>
   </div>
   <div class='ocr_carea' id='block_1_70' title="bbox 2051 1067 3636 1146">
    <p class='ocr_par' dir='ltr' id='par_1_70' title="bbox 2051 1067 3636 1146">
     <span class='ocr_line' id='line_1_70' title="bbox 2051 1067 3636 1146; baseline 0.006 -25"><span class='ocrx_word' id='word_1_474' title='bbox 2051 1067 2302 1123; x_wconf 88' lang='lat' dir='ltr'><strong>tabimus.</strong></span> <span class='ocrx_word' id='word_1_475' title='bbox 2333 1071 2401 1126; x_wconf 93' lang='lat' dir='ltr'><strong>Ut</strong></span> <span class='ocrx_word' id='word_1_476' title='bbox 2442 1073 2583 1126; x_wconf 90' lang='lat' dir='ltr'><strong>enim</strong></span> <span class='ocrx_word' id='word_1_477' title='bbox 2612 1074 2750 1128; x_wconf 91' lang='lat' dir='ltr'><strong>scias</strong></span> <span class='ocrx_word' id='word_1_478' title='bbox 2768 1090 2915 1140; x_wconf 90' lang='lat' dir='ltr'><strong>eum,</strong></span> <span class='ocrx_word' id='word_1_479' title='bbox 2946 1076 3033 1145; x_wconf 89' lang='lat' dir='ltr'><strong>qui</strong></span> <span class='ocrx_word' id='word_1_480' title='bbox 3067 1077 3298 1145; x_wconf 89' lang='lat' dir='ltr'><strong>seipsum</strong></span> <span class='ocrx_word' id='word_1_481' title='bbox 3331 1092 3473 1131; x_wconf 92' lang='lat' dir='ltr'><strong>nunc</strong></span> <span class='ocrx_word' id='word_1_482' title='bbox 3495 1077 3636 1146; x_wconf 76' lang='lat' dir='ltr'><strong>judi-</strong></span> 
     </span>
    </p>
   </div>
   <div class='ocr_carea' id='block_1_71' title="bbox 2049 1163 3635 1236">
    <p class='ocr_par' dir='ltr' id='par_1_71' title="bbox 2049 1163 3635 1236">
     <span class='ocr_line' id='line_1_71' title="bbox 2049 1163 3635 1236; baseline 0.006 -22"><span class='ocrx_word' id='word_1_483' title='bbox 2049 1171 2155 1227; x_wconf 90' lang='lat' dir='ltr'><strong>eat,</strong></span> <span class='ocrx_word' id='word_1_484' title='bbox 2174 1173 2226 1217; x_wconf 86' lang='lat' dir='ltr'><strong>et</strong></span> <span class='ocrx_word' id='word_1_485' title='bbox 2255 1163 2611 1220; x_wconf 89' lang='lat' dir='ltr'><strong>admissorum</strong></span> <span class='ocrx_word' id='word_1_486' title='bbox 2640 1176 2977 1236; x_wconf 81' lang='lat' dir='ltr'><strong>peccatorum</strong></span> <span class='ocrx_word' id='word_1_487' title='bbox 3007 1182 3252 1222; x_wconf 84' lang='lat' dir='ltr'><strong>severam</strong></span> <span class='ocrx_word' id='word_1_488' title='bbox 3286 1185 3315 1222; x_wconf 89' lang='lat' dir='ltr'><strong>a</strong></span> <span class='ocrx_word' id='word_1_489' title='bbox 3369 1185 3427 1224; x_wconf 93' lang='lat' dir='ltr'><strong>se</strong></span> <span class='ocrx_word' id='word_1_490' title='bbox 3473 1171 3635 1224; x_wconf 77' lang='lat' dir='ltr'><strong>ratio-</strong></span> 
     </span>
    </p>
   </div>
   <div class='ocr_carea' id='block_1_72' title="bbox 2051 1255 3634 1326">
    <p class='ocr_par' dir='ltr' id='par_1_72' title="bbox 2051 1255 3634 1326">
     <span class='ocr_line' id='line_1_72' title="bbox 2051 1255 3634 1326; baseline 0.005 -20"><span class='ocrx_word' id='word_1_491' title='bbox 2051 1269 2172 1307; x_wconf 88' lang='lat' dir='ltr'><strong>nem</strong></span> <span class='ocrx_word' id='word_1_492' title='bbox 2195 1255 2377 1325; x_wconf 74' lang='lat' dir='ltr'><strong>exigit,</strong></span> <span class='ocrx_word' id='word_1_493' title='bbox 2409 1271 2593 1324; x_wconf 58' lang='lat' dir='ltr'><strong>poenas</strong></span> <span class='ocrx_word' id='word_1_494' title='bbox 2623 1257 2674 1310; x_wconf 93' lang='lat' dir='ltr'><strong>in</strong></span> <span class='ocrx_word' id='word_1_495' title='bbox 2703 1256 2935 1310; x_wconf 89' lang='lat' dir='ltr'><strong>futurum</strong></span> <span class='ocrx_word' id='word_1_496' title='bbox 2971 1259 3187 1312; x_wconf 90' lang='lat' dir='ltr'><strong>minime</strong></span> <span class='ocrx_word' id='word_1_497' title='bbox 3211 1259 3479 1326; x_wconf 92' lang='lat' dir='ltr'><strong>daturum,</strong></span> <span class='ocrx_word' id='word_1_498' title='bbox 3512 1262 3634 1314; x_wconf 92' lang='lat' dir='ltr'><strong>audi</strong></span> 
     </span>
    </p>
   </div>
   <div class='ocr_carea' id='block_1_73' title="bbox 2051 1343 3637 1422">
    <p class='ocr_par' dir='ltr' id='par_1_73' title="bbox 2051 1343 3637 1422">
     <span class='ocr_line' id='line_1_73' title="bbox 2051 1343 3637 1422; baseline 0.003 -22"><span class='ocrx_word' id='word_1_499' title='bbox 2051 1355 2329 1402; x_wconf 88' lang='lat' dir='ltr'><strong>testantem</strong></span> <span class='ocrx_word' id='word_1_500' title='bbox 2359 1349 2410 1403; x_wconf 90' lang='lat' dir='ltr'><strong>id</strong></span> <span class='ocrx_word' id='word_1_501' title='bbox 2443 1343 2794 1413; x_wconf 88' lang='lat' dir='ltr'><strong>Apostolum:</strong></span> <span class='ocrx_word' id='word_1_502' title='bbox 2823 1351 2884 1406; x_wconf 88' lang='lat' dir='ltr'><strong>Si</strong></span> <span class='ocrx_word' id='word_1_503' title='bbox 2911 1351 3042 1404; x_wconf 87' lang='lat' dir='ltr'><strong>enim</strong></span> <span class='ocrx_word' id='word_1_504' title='bbox 3072 1352 3398 1422; x_wconf 75' lang='lat' dir='ltr'><strong>nosmetipsos</strong></span> <span class='ocrx_word' id='word_1_505' title='bbox 3429 1353 3637 1422; x_wconf 82' lang='lat' dir='ltr'><strong>judica-</strong></span> 
     </span>
    </p>
   </div>
   <div class='ocr_carea' id='block_1_74' title="bbox 2048 1440 3630 1514">
    <p class='ocr_par' dir='ltr' id='par_1_74' title="bbox 2048 1440 3630 1514">
     <span class='ocr_line' id='line_1_74' title="bbox 2048 1440 3630 1514; baseline 0.003 -23"><span class='ocrx_word' id='word_1_506' title='bbox 2048 1455 2234 1505; x_wconf 78' lang='lat' dir='ltr'><strong>remus,</strong></span> <span class='ocrx_word' id='word_1_507' title='bbox 2263 1457 2364 1494; x_wconf 80' lang='lat' dir='ltr'><strong>non</strong></span> <span class='ocrx_word' id='word_1_508' title='bbox 2384 1442 2552 1508; x_wconf 81' lang='lat' dir='ltr'><strong>utique</strong></span> <span class='ocrx_word' id='word_1_509' title='bbox 2580 1458 2610 1493; x_wconf 91' lang='lat' dir='ltr'><strong>a</strong></span> <span class='ocrx_word' id='word_1_510' title='bbox 2641 1440 2862 1495; x_wconf 86' lang='lat' dir='ltr'><strong>Domino</strong></span> <span class='ocrx_word' id='word_1_511' title='bbox 2893 1443 3245 1514; x_wconf 83' lang='lat' dir='ltr'><strong>judicarenntr</strong></span> <span class='ocrx_word' id='word_1_512' title='bbox 3273 1442 3351 1513; x_wconf 77' lang='grc'><strong>(1.</strong></span> <span class='ocrx_word' id='word_1_513' title='bbox 3384 1441 3503 1499; x_wconf 86' lang='lat' dir='ltr'><strong>Cor.</strong></span> <span class='ocrx_word' id='word_1_514' title='bbox 3543 1445 3630 1498; x_wconf 77' lang='lat' dir='ltr'><strong>ll.</strong></span> 
     </span>
    </p>
   </div>
   <div class='ocr_carea' id='block_1_75' title="bbox 2048 1528 3629 1602">
    <p class='ocr_par' dir='ltr' id='par_1_75' title="bbox 2048 1528 3629 1602">
     <span class='ocr_line' id='line_1_75' title="bbox 2048 1528 3629 1602; baseline 0.002 -20"><span class='ocrx_word' id='word_1_515' title='bbox 2048 1528 2158 1599; x_wconf 79' lang='lat' dir='ltr'><strong>5i).</strong></span> <span class='ocrx_word' id='word_1_516' title='bbox 2189 1530 2608 1598; x_wconf 79' lang='lat' dir='ltr'><strong>Reprehendens</strong></span> <span class='ocrx_word' id='word_1_517' title='bbox 2634 1533 2774 1584; x_wconf 89' lang='lat' dir='ltr'><strong>enim</strong></span> <span class='ocrx_word' id='word_1_518' title='bbox 2806 1547 2920 1595; x_wconf 91' lang='lat' dir='ltr'><strong>eos,</strong></span> <span class='ocrx_word' id='word_1_519' title='bbox 2970 1533 3055 1601; x_wconf 93' lang='lat' dir='ltr'><strong>qui</strong></span> <span class='ocrx_word' id='word_1_520' title='bbox 3106 1532 3319 1602; x_wconf 86' lang='lat' dir='ltr'><strong>indigne</strong></span> <span class='ocrx_word' id='word_1_521' title='bbox 3348 1534 3629 1602; x_wconf 83' lang='lat' dir='ltr'><strong>mysterio-</strong></span> 
     </span>
    </p>
   </div>
   <div class='ocr_carea' id='block_1_76' title="bbox 2047 1621 3632 1691">
    <p class='ocr_par' dir='ltr' id='par_1_76' title="bbox 2047 1621 3632 1691">
     <span class='ocr_line' id='line_1_76' title="bbox 2047 1621 3632 1691; baseline 0 -17"><span class='ocrx_word' id='word_1_522' title='bbox 2047 1636 2164 1674; x_wconf 87' lang='lat' dir='ltr'><strong>rum</strong></span> <span class='ocrx_word' id='word_1_523' title='bbox 2193 1621 2388 1674; x_wconf 87' lang='lat' dir='ltr'><strong>liebant</strong></span> <span class='ocrx_word' id='word_1_524' title='bbox 2410 1621 2716 1691; x_wconf 84' lang='lat' dir='ltr'><strong>participes,</strong></span> <span class='ocrx_word' id='word_1_525' title='bbox 2762 1621 2830 1674; x_wconf 92' lang='lat' dir='ltr'><strong>ita</strong></span> <span class='ocrx_word' id='word_1_526' title='bbox 2863 1621 3072 1676; x_wconf 76' lang='lat' dir='ltr'><strong>dicebat</strong></span> <span class='ocrx_word' id='word_1_527' title='bbox 3108 1640 3120 1674; x_wconf 73' lang='grc' dir='ltr'>ε</span> <span class='ocrx_word' id='word_1_528' title='bbox 3158 1623 3256 1688; x_wconf 87' lang='lat' dir='ltr'><strong>Qui</strong></span> <span class='ocrx_word' id='word_1_529' title='bbox 3281 1623 3553 1674; x_wconf 84' lang='lat' dir='ltr'><strong>manducat</strong></span> <span class='ocrx_word' id='word_1_530' title='bbox 3582 1632 3632 1676; x_wconf 82' lang='lat' dir='ltr'><strong>et</strong></span> 
     </span>
    </p>
   </div>
   <div class='ocr_carea' id='block_1_77' title="bbox 2047 1711 3628 1784">
    <p class='ocr_par' dir='ltr' id='par_1_77' title="bbox 2047 1711 3628 1784">
     <span class='ocr_line' id='line_1_77' title="bbox 2047 1711 3628 1784; baseline 0.002 -20"><span class='ocrx_word' id='word_1_531' title='bbox 2047 1711 2166 1764; x_wconf 81' lang='lat' dir='ltr'><strong>bibit</strong></span> <span class='ocrx_word' id='word_1_532' title='bbox 2196 1713 2420 1783; x_wconf 79' lang='lat' dir='ltr'><strong>indigne,</strong></span> <span class='ocrx_word' id='word_1_533' title='bbox 2462 1729 2577 1766; x_wconf 84' lang='lat' dir='ltr'><strong>reus</strong></span> <span class='ocrx_word' id='word_1_534' title='bbox 2620 1714 2712 1765; x_wconf 82' lang='lat' dir='ltr'><strong>erit</strong></span> <span class='ocrx_word' id='word_1_535' title='bbox 2759 1716 2983 1784; x_wconf 84' lang='lat' dir='ltr'><strong>corporis</strong></span> <span class='ocrx_word' id='word_1_536' title='bbox 3023 1725 3068 1766; x_wconf 89' lang='lat' dir='ltr'><strong>et</strong></span> <span class='ocrx_word' id='word_1_537' title='bbox 3097 1715 3356 1783; x_wconf 83' lang='lat' dir='ltr'><strong>sanguinis</strong></span> <span class='ocrx_word' id='word_1_538' title='bbox 3401 1713 3628 1768; x_wconf 88' lang='lat' dir='ltr'><strong>Domini.</strong></span> 
     </span>
    </p>
   </div>
   <div class='ocr_carea' id='block_1_78' title="bbox 2046 1801 3633 1873">
    <p class='ocr_par' dir='ltr' id='par_1_78' title="bbox 2046 1801 3633 1873">
     <span class='ocr_line' id='line_1_78' title="bbox 2046 1801 3633 1873; baseline 0.001 -17"><span class='ocrx_word' id='word_1_539' title='bbox 2046 1801 2174 1871; x_wconf 78' lang='lat' dir='ltr'><strong>Ejus</strong></span> <span class='ocrx_word' id='word_1_540' title='bbox 2243 1813 2417 1856; x_wconf 87' lang='lat' dir='ltr'><strong>autem</strong></span> <span class='ocrx_word' id='word_1_541' title='bbox 2477 1805 2757 1857; x_wconf 83' lang='lat' dir='ltr'><strong>verborqu</strong></span> <span class='ocrx_word' id='word_1_542' title='bbox 2812 1805 2897 1858; x_wconf 87' lang='lat' dir='ltr'><strong>hic</strong></span> <span class='ocrx_word' id='word_1_543' title='bbox 2953 1819 3140 1858; x_wconf 89' lang='lat' dir='ltr'><strong>sensus</strong></span> <span class='ocrx_word' id='word_1_544' title='bbox 3208 1805 3633 1873; x_wconf 78' lang='lat' dir='ltr'><strong>cst:Quemad-</strong></span> 
     </span>
    </p>
   </div>
   <div class='ocr_carea' id='block_1_79' title="bbox 2044 1893 3632 1964">
    <p class='ocr_par' dir='ltr' id='par_1_79' title="bbox 2044 1893 3632 1964">
     <span class='ocr_line' id='line_1_79' title="bbox 2044 1893 3632 1964; baseline 0.003 -17"><span class='ocrx_word' id='word_1_545' title='bbox 2044 1893 2259 1947; x_wconf 87' lang='lat' dir='ltr'><strong>modum</strong></span> <span class='ocrx_word' id='word_1_546' title='bbox 2297 1895 2392 1959; x_wconf 87' lang='lat' dir='ltr'><strong>illi,</strong></span> <span class='ocrx_word' id='word_1_547' title='bbox 2436 1895 2522 1964; x_wconf 89' lang='lat' dir='ltr'><strong>qui</strong></span> <span class='ocrx_word' id='word_1_548' title='bbox 2562 1895 2742 1949; x_wconf 86' lang='lat' dir='ltr'><strong>Jesum</strong></span> <span class='ocrx_word' id='word_1_549' title='bbox 2777 1895 3188 1961; x_wconf 86' lang='lat' dir='ltr'><strong>crucifixeruut,</strong></span> <span class='ocrx_word' id='word_1_550' title='bbox 3223 1896 3424 1964; x_wconf 90' lang='lat' dir='ltr'><strong>inquit,</strong></span> <span class='ocrx_word' id='word_1_551' title='bbox 3457 1899 3536 1951; x_wconf 85' lang='lat' dir='ltr'><strong>sic</strong></span> <span class='ocrx_word' id='word_1_552' title='bbox 3581 1910 3632 1952; x_wconf 90' lang='lat' dir='ltr'><strong>et</strong></span> 
     </span>
    </p>
   </div>
   <div class='ocr_carea' id='block_1_80' title="bbox 2044 1983 3632 2058">
    <p class='ocr_par' dir='ltr' id='par_1_80' title="bbox 2044 1983 3632 2058">
     <span class='ocr_line' id='line_1_80' title="bbox 2044 1983 3632 2058; baseline 0.004 -22"><span class='ocrx_word' id='word_1_553' title='bbox 2044 1983 2118 2037; x_wconf 87' lang='lat' dir='ltr'><strong>illi</strong></span> <span class='ocrx_word' id='word_1_554' title='bbox 2150 1984 2242 2052; x_wconf 90' lang='lat' dir='ltr'><strong>qui</strong></span> <span class='ocrx_word' id='word_1_555' title='bbox 2276 1985 2487 2054; x_wconf 86' lang='lat' dir='ltr'><strong>indigne</strong></span> <span class='ocrx_word' id='word_1_556' title='bbox 2515 1986 2646 2038; x_wconf 88' lang='lat' dir='ltr'><strong>fiunt</strong></span> <span class='ocrx_word' id='word_1_557' title='bbox 2673 1987 3049 2058; x_wconf 80' lang='lat' dir='ltr'><strong>mysteriorum</strong></span> <span class='ocrx_word' id='word_1_558' title='bbox 3107 1987 3413 2056; x_wconf 83' lang='lat' dir='ltr'><strong>participes,</strong></span> <span class='ocrx_word' id='word_1_559' title='bbox 3447 2004 3632 2057; x_wconf 75' lang='lat' dir='ltr'><strong>pt‘enas</strong></span> 
     </span>
    </p>
   </div>
   <div class='ocr_carea' id='block_1_81' title="bbox 2041 2074 3624 2150">
    <p class='ocr_par' dir='ltr' id='par_1_81' title="bbox 2041 2074 3624 2150">
     <span class='ocr_line' id='line_1_81' title="bbox 2041 2074 3624 2150; baseline 0.004 -22"><span class='ocrx_word' id='word_1_560' title='bbox 2041 2074 2260 2129; x_wconf 88' lang='lat' dir='ltr'><strong>dabunt.</strong></span> <span class='ocrx_word' id='word_1_561' title='bbox 2293 2076 2472 2147; x_wconf 83' lang='lat' dir='ltr'><strong>Neque</strong></span> <span class='ocrx_word' id='word_1_562' title='bbox 2499 2093 2622 2132; x_wconf 88' lang='lat' dir='ltr'><strong>vero</strong></span> <span class='ocrx_word' id='word_1_563' title='bbox 2649 2079 2985 2133; x_wconf 87' lang='lat' dir='ltr'><strong>severitatem</strong></span> <span class='ocrx_word' id='word_1_564' title='bbox 3010 2080 3265 2132; x_wconf 90' lang='lat' dir='ltr'><strong>orationis</strong></span> <span class='ocrx_word' id='word_1_565' title='bbox 3296 2080 3438 2134; x_wconf 90' lang='lat' dir='ltr'><strong>illius</strong></span> <span class='ocrx_word' id='word_1_566' title='bbox 3472 2082 3624 2150; x_wconf 87' lang='lat' dir='ltr'><strong>quis-</strong></span> 
     </span>
    </p>
   </div>
   <div class='ocr_carea' id='block_1_82' title="bbox 2041 2166 3622 2239">
    <p class='ocr_par' dir='ltr' id='par_1_82' title="bbox 2041 2166 3622 2239">
     <span class='ocr_line' id='line_1_82' title="bbox 2041 2166 3622 2239; baseline 0.004 -22"><span class='ocrx_word' id='word_1_567' title='bbox 2041 2181 2198 2235; x_wconf 86' lang='lat' dir='ltr'><strong>quam</strong></span> <span class='ocrx_word' id='word_1_568' title='bbox 2247 2166 2587 2222; x_wconf 81' lang='lat' dir='ltr'><strong>condemnet.</strong></span> <span class='ocrx_word' id='word_1_569' title='bbox 2645 2169 2806 2239; x_wconf 79' lang='lat' dir='ltr'><strong>Regia</strong></span> <span class='ocrx_word' id='word_1_570' title='bbox 2837 2169 3005 2224; x_wconf 87' lang='lat' dir='ltr'><strong>vestis</strong></span> <span class='ocrx_word' id='word_1_571' title='bbox 3029 2177 3114 2224; x_wconf 86' lang='lat' dir='ltr'><strong>est</strong></span> <span class='ocrx_word' id='word_1_572' title='bbox 3160 2183 3350 2237; x_wconf 85' lang='lat' dir='ltr'><strong>corpus</strong></span> <span class='ocrx_word' id='word_1_573' title='bbox 3385 2169 3622 2223; x_wconf 88' lang='lat' dir='ltr'><strong>Domini-</strong></span> 
     </span>
    </p>
   </div>
   <div class='ocr_carea' id='block_1_83' title="bbox 2041 2261 3628 2331">
    <p class='ocr_par' dir='ltr' id='par_1_83' title="bbox 2041 2261 3628 2331">
     <span class='ocr_line' id='line_1_83' title="bbox 2041 2261 3628 2331; baseline 0.003 -20"><span class='ocrx_word' id='word_1_574' title='bbox 2041 2273 2160 2311; x_wconf 87' lang='lat' dir='ltr'><strong>cum</strong></span> <span class='ocrx_word' id='word_1_575' title='bbox 2197 2277 2209 2310; x_wconf 89' lang='lat'><strong>:</strong></span> <span class='ocrx_word' id='word_1_576' title='bbox 2241 2274 2400 2328; x_wconf 89' lang='lat' dir='ltr'><strong>porro</strong></span> <span class='ocrx_word' id='word_1_577' title='bbox 2422 2269 2475 2314; x_wconf 92' lang='lat' dir='ltr'><strong>et</strong></span> <span class='ocrx_word' id='word_1_578' title='bbox 2503 2261 2590 2330; x_wconf 92' lang='lat' dir='ltr'><strong>qui</strong></span> <span class='ocrx_word' id='word_1_579' title='bbox 2635 2263 2834 2330; x_wconf 81' lang='lat' dir='ltr'><strong>regiam</strong></span> <span class='ocrx_word' id='word_1_580' title='bbox 2869 2276 3154 2331; x_wconf 88' lang='lat' dir='ltr'><strong>purpuram</strong></span> <span class='ocrx_word' id='word_1_581' title='bbox 3202 2261 3532 2328; x_wconf 84' lang='lat' dir='ltr'><strong>dilaceravit,</strong></span> <span class='ocrx_word' id='word_1_582' title='bbox 3577 2273 3628 2316; x_wconf 90' lang='lat' dir='ltr'><strong>et</strong></span> 
     </span>
    </p>
   </div>
   <div class='ocr_carea' id='block_1_84' title="bbox 2041 2349 3628 2422">
    <p class='ocr_par' dir='ltr' id='par_1_84' title="bbox 2041 2349 3628 2422">
     <span class='ocr_line' id='line_1_84' title="bbox 2041 2349 3628 2422; baseline 0.004 -21"><span class='ocrx_word' id='word_1_583' title='bbox 2041 2349 2130 2419; x_wconf 88' lang='lat' dir='ltr'><strong>qui</strong></span> <span class='ocrx_word' id='word_1_584' title='bbox 2162 2351 2405 2404; x_wconf 88' lang='lat' dir='ltr'><strong>manibus</strong></span> <span class='ocrx_word' id='word_1_585' title='bbox 2458 2351 2746 2405; x_wconf 89' lang='lat' dir='ltr'><strong>immundis</strong></span> <span class='ocrx_word' id='word_1_586' title='bbox 2777 2352 3104 2422; x_wconf 86' lang='lat' dir='ltr'><strong>inquinavit,</strong></span> <span class='ocrx_word' id='word_1_587' title='bbox 3156 2353 3267 2421; x_wconf 91' lang='lat' dir='ltr'><strong>pari</strong></span> <span class='ocrx_word' id='word_1_588' title='bbox 3299 2365 3628 2407; x_wconf 82' lang='lat' dir='ltr'><strong>eamcontu-</strong></span> 
     </span>
    </p>
   </div>
   <div class='ocr_carea' id='block_1_85' title="bbox 2041 2441 3628 2514">
    <p class='ocr_par' dir='ltr' id='par_1_85' title="bbox 2041 2441 3628 2514">
     <span class='ocr_line' id='line_1_85' title="bbox 2041 2441 3628 2514; baseline 0.004 -20"><span class='ocrx_word' id='word_1_589' title='bbox 2041 2441 2197 2496; x_wconf 88' lang='lat' dir='ltr'><strong>melia</strong></span> <span class='ocrx_word' id='word_1_590' title='bbox 2227 2441 2553 2510; x_wconf 75' lang='lat' dir='ltr'><strong>affecerunt;</strong></span> <span class='ocrx_word' id='word_1_591' title='bbox 2587 2443 2933 2514; x_wconf 88' lang='lat' dir='ltr'><strong>quamobrem</strong></span> <span class='ocrx_word' id='word_1_592' title='bbox 2980 2454 3028 2498; x_wconf 92' lang='lat' dir='ltr'><strong>et</strong></span> <span class='ocrx_word' id='word_1_593' title='bbox 3063 2444 3177 2514; x_wconf 89' lang='lat' dir='ltr'><strong>pari</strong></span> <span class='ocrx_word' id='word_1_594' title='bbox 3206 2444 3468 2513; x_wconf 90' lang='lat' dir='ltr'><strong>supplicio</strong></span> <span class='ocrx_word' id='word_1_595' title='bbox 3509 2446 3628 2514; x_wconf 77' lang='lat' dir='ltr'><strong>ple-</strong></span> 
     </span>
    </p>
   </div>
   <div class='ocr_carea' id='block_1_86' title="bbox 2039 2533 3630 2604">
    <p class='ocr_par' dir='ltr' id='par_1_86' title="bbox 2039 2533 3630 2604">
     <span class='ocr_line' id='line_1_86' title="bbox 2039 2533 3630 2604; baseline 0.003 -18"><span class='ocrx_word' id='word_1_596' title='bbox 2039 2542 2256 2586; x_wconf 79' lang='lat' dir='ltr'><strong>etuntur</strong></span> <span class='ocrx_word' id='word_1_597' title='bbox 2288 2551 2301 2586; x_wconf 93' lang='lat'><strong>:</strong></span> <span class='ocrx_word' id='word_1_598' title='bbox 2335 2534 2407 2587; x_wconf 93' lang='lat' dir='ltr'><strong>ita</strong></span> <span class='ocrx_word' id='word_1_599' title='bbox 2447 2535 2505 2588; x_wconf 86' lang='lat' dir='ltr'><strong>lit</strong></span> <span class='ocrx_word' id='word_1_600' title='bbox 2531 2543 2585 2588; x_wconf 90' lang='lat' dir='ltr'><strong>et</strong></span> <span class='ocrx_word' id='word_1_601' title='bbox 2614 2534 2666 2588; x_wconf 92' lang='lat' dir='ltr'><strong>in</strong></span> <span class='ocrx_word' id='word_1_602' title='bbox 2711 2549 2938 2604; x_wconf 87' lang='lat' dir='ltr'><strong>corpore</strong></span> <span class='ocrx_word' id='word_1_603' title='bbox 2970 2533 3191 2589; x_wconf 85' lang='lat' dir='ltr'><strong>Christi.</strong></span> <span class='ocrx_word' id='word_1_604' title='bbox 3223 2533 3391 2588; x_wconf 84' lang='lat' dir='ltr'><strong>Judaei</strong></span> <span class='ocrx_word' id='word_1_605' title='bbox 3417 2535 3630 2604; x_wconf 91' lang='lat' dir='ltr'><strong>quidem</strong></span> 
     </span>
    </p>
   </div>
   <div class='ocr_carea' id='block_1_87' title="bbox 2037 2620 3630 2696">
    <p class='ocr_par' dir='ltr' id='par_1_87' title="bbox 2037 2620 3630 2696">
     <span class='ocr_line' id='line_1_87' title="bbox 2037 2620 3630 2696; baseline 0.004 -22"><span class='ocrx_word' id='word_1_606' title='bbox 2037 2620 2166 2677; x_wconf 89' lang='lat' dir='ltr'><strong>illud</strong></span> <span class='ocrx_word' id='word_1_607' title='bbox 2193 2624 2358 2679; x_wconf 83' lang='lat' dir='ltr'><strong>clavis</strong></span> <span class='ocrx_word' id='word_1_608' title='bbox 2387 2625 2438 2678; x_wconf 90' lang='lat' dir='ltr'><strong>in</strong></span> <span class='ocrx_word' id='word_1_609' title='bbox 2467 2639 2624 2680; x_wconf 91' lang='lat' dir='ltr'><strong>cruce</strong></span> <span class='ocrx_word' id='word_1_610' title='bbox 2651 2624 3015 2696; x_wconf 90' lang='lat' dir='ltr'><strong>disrupcrunt,</strong></span> <span class='ocrx_word' id='word_1_611' title='bbox 3037 2634 3092 2680; x_wconf 91' lang='lat' dir='ltr'><strong>tu</strong></span> <span class='ocrx_word' id='word_1_612' title='bbox 3118 2641 3244 2679; x_wconf 87' lang='lat' dir='ltr'><strong>vero</strong></span> <span class='ocrx_word' id='word_1_613' title='bbox 3264 2625 3389 2679; x_wconf 90' lang='lat' dir='ltr'><strong>dum</strong></span> <span class='ocrx_word' id='word_1_614' title='bbox 3424 2627 3474 2679; x_wconf 93' lang='lat' dir='ltr'><strong>in</strong></span> <span class='ocrx_word' id='word_1_615' title='bbox 3503 2642 3630 2696; x_wconf 90' lang='lat' dir='ltr'><strong>pec-</strong></span> 
     </span>
    </p>
   </div>
   <div class='ocr_carea' id='block_1_88' title="bbox 2040 2715 3627 2786">
    <p class='ocr_par' dir='ltr' id='par_1_88' title="bbox 2040 2715 3627 2786">
     <span class='ocr_line' id='line_1_88' title="bbox 2040 2715 3627 2786; baseline 0.003 -20"><span class='ocrx_word' id='word_1_616' title='bbox 2040 2715 2172 2768; x_wconf 88' lang='lat' dir='ltr'><strong>catis</strong></span> <span class='ocrx_word' id='word_1_617' title='bbox 2202 2723 2259 2770; x_wconf 87' lang='lat' dir='ltr'><strong>et</strong></span> <span class='ocrx_word' id='word_1_618' title='bbox 2313 2715 2584 2770; x_wconf 91' lang='lat' dir='ltr'><strong>immunda</strong></span> <span class='ocrx_word' id='word_1_619' title='bbox 2629 2717 2804 2786; x_wconf 92' lang='lat' dir='ltr'><strong>lingua</strong></span> <span class='ocrx_word' id='word_1_620' title='bbox 2853 2730 2915 2770; x_wconf 90' lang='lat' dir='ltr'><strong>ac</strong></span> <span class='ocrx_word' id='word_1_621' title='bbox 2964 2727 3143 2770; x_wconf 87' lang='lat' dir='ltr'><strong>mente</strong></span> <span class='ocrx_word' id='word_1_622' title='bbox 3173 2716 3518 2784; x_wconf 81' lang='lat' dir='ltr'><strong>viviszquam</strong></span> <span class='ocrx_word' id='word_1_623' title='bbox 3560 2717 3627 2770; x_wconf 87' lang='lat' dir='ltr'><strong>ob</strong></span> 
     </span>
    </p>
   </div>
   <div class='ocr_carea' id='block_1_89' title="bbox 2039 2804 3626 2874">
    <p class='ocr_par' dir='ltr' id='par_1_89' title="bbox 2039 2804 3626 2874">
     <span class='ocr_line' id='line_1_89' title="bbox 2039 2804 3626 2874; baseline 0 -16"><span class='ocrx_word' id='word_1_624' title='bbox 2039 2817 2252 2858; x_wconf 85' lang='lat' dir='ltr'><strong>causam</strong></span> <span class='ocrx_word' id='word_1_625' title='bbox 2275 2814 2329 2860; x_wconf 91' lang='lat' dir='ltr'><strong>et</strong></span> <span class='ocrx_word' id='word_1_626' title='bbox 2355 2805 2496 2860; x_wconf 89' lang='lat' dir='ltr'><strong>idem</strong></span> <span class='ocrx_word' id='word_1_627' title='bbox 2541 2805 2631 2860; x_wconf 92' lang='lat' dir='ltr'><strong>tibi</strong></span> <span class='ocrx_word' id='word_1_628' title='bbox 2660 2804 2979 2874; x_wconf 89' lang='lat' dir='ltr'><strong>supplicium</strong></span> <span class='ocrx_word' id='word_1_629' title='bbox 3004 2805 3283 2858; x_wconf 90' lang='lat' dir='ltr'><strong>imminere</strong></span> <span class='ocrx_word' id='word_1_630' title='bbox 3309 2804 3443 2857; x_wconf 77' lang='lat' dir='ltr'><strong>dixit</strong></span> <span class='ocrx_word' id='word_1_631' title='bbox 3488 2805 3626 2859; x_wconf 81' lang='lat' dir='ltr'><strong>Pau-</strong></span> 
     </span>
    </p>
   </div>
   <div class='ocr_carea' id='block_1_90' title="bbox 2036 2893 3625 2966">
    <p class='ocr_par' dir='ltr' id='par_1_90' title="bbox 2036 2893 3625 2966">
     <span class='ocr_line' id='line_1_90' title="bbox 2036 2893 3625 2966; baseline 0.001 -18"><span class='ocrx_word' id='word_1_632' title='bbox 2036 2894 2118 2948; x_wconf 89' lang='lat' dir='ltr'><strong>lus</strong></span> <span class='ocrx_word' id='word_1_633' title='bbox 2141 2935 2157 2959; x_wconf 93' lang='lat'><strong>,</strong></span> <span class='ocrx_word' id='word_1_634' title='bbox 2183 2904 2237 2950; x_wconf 88' lang='lat' dir='ltr'><strong>et</strong></span> <span class='ocrx_word' id='word_1_635' title='bbox 2265 2895 2450 2966; x_wconf 84' lang='lat' dir='ltr'><strong>adjicit</strong></span> <span class='ocrx_word' id='word_1_636' title='bbox 2477 2895 2660 2950; x_wconf 89' lang='lat' dir='ltr'><strong>dicens</strong></span> <span class='ocrx_word' id='word_1_637' title='bbox 2690 2913 2702 2948; x_wconf 91' lang='lat'><strong>:</strong></span> <span class='ocrx_word' id='word_1_638' title='bbox 2737 2893 2864 2948; x_wconf 89' lang='lat' dir='ltr'><strong>Ideo</strong></span> <span class='ocrx_word' id='word_1_639' title='bbox 2904 2895 3032 2949; x_wconf 88' lang='lat' dir='ltr'><strong>inter</strong></span> <span class='ocrx_word' id='word_1_640' title='bbox 3058 2911 3142 2948; x_wconf 81' lang='lat' dir='ltr'><strong>uos</strong></span> <span class='ocrx_word' id='word_1_641' title='bbox 3160 2895 3302 2946; x_wconf 88' lang='lat' dir='ltr'><strong>multi</strong></span> <span class='ocrx_word' id='word_1_642' title='bbox 3327 2894 3517 2962; x_wconf 77' lang='lat' dir='ltr'><strong>iit/irini</strong></span> <span class='ocrx_word' id='word_1_643' title='bbox 3534 2935 3549 2958; x_wconf 94' lang='lat'><strong>,</strong></span> <span class='ocrx_word' id='word_1_644' title='bbox 3579 2906 3625 2949; x_wconf 88' lang='lat' dir='ltr'><strong>et</strong></span> 
     </span>
    </p>
   </div>
   <div class='ocr_carea' id='block_1_91' title="bbox 2035 2987 3618 3055">
    <p class='ocr_par' dir='ltr' id='par_1_91' title="bbox 2035 2987 3618 3055">
     <span class='ocr_line' id='line_1_91' title="bbox 2035 2987 3618 3055; baseline 0.001 -13"><span class='ocrx_word' id='word_1_645' title='bbox 2035 2989 2324 3055; x_wconf 74' lang='lat' dir='ltr'><strong>imbecilles,</strong></span> <span class='ocrx_word' id='word_1_646' title='bbox 2356 2999 2402 3041; x_wconf 89' lang='lat' dir='ltr'><strong>et</strong></span> <span class='ocrx_word' id='word_1_647' title='bbox 2429 2989 2683 3042; x_wconf 86' lang='lat' dir='ltr'><strong>dormiunt</strong></span> <span class='ocrx_word' id='word_1_648' title='bbox 2709 2988 2876 3042; x_wconf 87' lang='lat' dir='ltr'><strong>multi.</strong></span> <span class='ocrx_word' id='word_1_649' title='bbox 2905 2987 3125 3054; x_wconf 84' lang='lat' dir='ltr'><strong>Deinde,</strong></span> <span class='ocrx_word' id='word_1_650' title='bbox 3153 2995 3208 3041; x_wconf 91' lang='lat' dir='ltr'><strong>ut</strong></span> <span class='ocrx_word' id='word_1_651' title='bbox 3229 2988 3618 3051; x_wconf 86' lang='lat' dir='ltr'><strong>ostendatfore.</strong></span> 
     </span>
    </p>
   </div>
   <div class='ocr_carea' id='block_1_92' title="bbox 2035 3079 3622 3150">
    <p class='ocr_par' dir='ltr' id='par_1_92' title="bbox 2035 3079 3622 3150">
     <span class='ocr_line' id='line_1_92' title="bbox 2035 3079 3622 3150; baseline -0.001 -16"><span class='ocrx_word' id='word_1_652' title='bbox 2035 3090 2093 3134; x_wconf 88' lang='lat' dir='ltr'><strong>ut</strong></span> <span class='ocrx_word' id='word_1_653' title='bbox 2121 3080 2210 3150; x_wconf 88' lang='lat' dir='ltr'><strong>qui</strong></span> <span class='ocrx_word' id='word_1_654' title='bbox 2234 3091 2572 3150; x_wconf 87' lang='lat' dir='ltr'><strong>peccatorum</strong></span> <span class='ocrx_word' id='word_1_655' title='bbox 2610 3079 2925 3134; x_wconf 88' lang='lat' dir='ltr'><strong>rationema</strong></span> <span class='ocrx_word' id='word_1_656' title='bbox 2961 3079 3152 3148; x_wconf 87' lang='lat' dir='ltr'><strong>seipsis</strong></span> <span class='ocrx_word' id='word_1_657' title='bbox 3177 3079 3393 3149; x_wconf 81' lang='lat' dir='ltr'><strong>exigunt</strong></span> <span class='ocrx_word' id='word_1_658' title='bbox 3436 3079 3486 3132; x_wconf 91' lang='lat' dir='ltr'><strong>in</strong></span> <span class='ocrx_word' id='word_1_659' title='bbox 3522 3079 3622 3132; x_wconf 90' lang='lat' dir='ltr'><strong>hac</strong></span> 
     </span>
    </p>
   </div>
   <div class='ocr_carea' id='block_1_93' title="bbox 2032 3170 3620 3240">
    <p class='ocr_par' dir='ltr' id='par_1_93' title="bbox 2032 3170 3620 3240">
     <span class='ocr_line' id='line_1_93' title="bbox 2032 3170 3620 3240; baseline -0.001 -13"><span class='ocrx_word' id='word_1_660' title='bbox 2032 3174 2163 3238; x_wconf 88' lang='lat' dir='ltr'><strong>vita,</strong></span> <span class='ocrx_word' id='word_1_661' title='bbox 2192 3173 2317 3227; x_wconf 89' lang='lat' dir='ltr'><strong>etin</strong></span> <span class='ocrx_word' id='word_1_662' title='bbox 2345 3186 2440 3225; x_wconf 90' lang='lat' dir='ltr'><strong>sua</strong></span> <span class='ocrx_word' id='word_1_663' title='bbox 2466 3170 2932 3240; x_wconf 84' lang='lat' dir='ltr'><strong>delictajudiciuui</strong></span> <span class='ocrx_word' id='word_1_664' title='bbox 2957 3180 3230 3234; x_wconf 81' lang='lat' dir='ltr'><strong>exercent,</strong></span> <span class='ocrx_word' id='word_1_665' title='bbox 3260 3186 3364 3226; x_wconf 89' lang='lat' dir='ltr'><strong>nec</strong></span> <span class='ocrx_word' id='word_1_666' title='bbox 3391 3170 3620 3240; x_wconf 80' lang='lat' dir='ltr'><strong>amplius</strong></span> 
     </span>
    </p>
   </div>
   <div class='ocr_carea' id='block_1_94' title="bbox 2033 3262 3621 3332">
    <p class='ocr_par' dir='ltr' id='par_1_94' title="bbox 2033 3262 3621 3332">
     <span class='ocr_line' id='line_1_94' title="bbox 2033 3262 3621 3332; baseline -0.002 -13"><span class='ocrx_word' id='word_1_667' title='bbox 2033 3265 2087 3320; x_wconf 92' lang='lat' dir='ltr'><strong>in</strong></span> <span class='ocrx_word' id='word_1_668' title='bbox 2113 3264 2300 3320; x_wconf 90' lang='lat' dir='ltr'><strong>eadem</strong></span> <span class='ocrx_word' id='word_1_669' title='bbox 2332 3263 2597 3330; x_wconf 91' lang='lat' dir='ltr'><strong>recidunt,</strong></span> <span class='ocrx_word' id='word_1_670' title='bbox 2625 3262 2782 3318; x_wconf 89' lang='lat' dir='ltr'><strong>facile</strong></span> <span class='ocrx_word' id='word_1_671' title='bbox 2809 3262 3016 3332; x_wconf 89' lang='lat' dir='ltr'><strong>possint</strong></span> <span class='ocrx_word' id='word_1_672' title='bbox 3041 3263 3372 3318; x_wconf 84' lang='lat' dir='ltr'><strong>tremendam</strong></span> <span class='ocrx_word' id='word_1_673' title='bbox 3393 3263 3536 3317; x_wconf 91' lang='lat' dir='ltr'><strong>illam</strong></span> <span class='ocrx_word' id='word_1_674' title='bbox 3566 3273 3621 3316; x_wconf 91' lang='lat' dir='ltr'><strong>et</strong></span> 
     </span>
    </p>
   </div>
   <div class='ocr_carea' id='block_1_95' title="bbox 2037 3353 3622 3426">
    <p class='ocr_par' dir='ltr' id='par_1_95' title="bbox 2037 3353 3622 3426">
     <span class='ocr_line' id='line_1_95' title="bbox 2037 3353 3622 3426; baseline 0 -16"><span class='ocrx_word' id='word_1_675' title='bbox 2037 3355 2425 3425; x_wconf 88' lang='lat' dir='ltr'><strong>implacabilem</strong></span> <span class='ocrx_word' id='word_1_676' title='bbox 2473 3355 2792 3410; x_wconf 88' lang='lat' dir='ltr'><strong>sententiam</strong></span> <span class='ocrx_word' id='word_1_677' title='bbox 2837 3353 3067 3408; x_wconf 90' lang='lat' dir='ltr'><strong>futuram</strong></span> <span class='ocrx_word' id='word_1_678' title='bbox 3099 3355 3348 3420; x_wconf 89' lang='lat' dir='ltr'><strong>evadere,</strong></span> <span class='ocrx_word' id='word_1_679' title='bbox 3379 3355 3622 3426; x_wconf 78' lang='lat' dir='ltr'><strong>adjunxit</strong></span> 
     </span>
    </p>
   </div>
   <div class='ocr_carea' id='block_1_96' title="bbox 2029 3446 3618 3520">
    <p class='ocr_par' dir='ltr' id='par_1_96' title="bbox 2029 3446 3618 3520">
     <span class='ocr_line' id='line_1_96' title="bbox 2029 3446 3618 3520; baseline 0.001 -18"><span class='ocrx_word' id='word_1_680' title='bbox 2029 3447 2214 3502; x_wconf 91' lang='lat' dir='ltr'><strong>dicens</strong></span> <span class='ocrx_word' id='word_1_681' title='bbox 2243 3467 2257 3501; x_wconf 89' lang='lat'><strong>:</strong></span> <span class='ocrx_word' id='word_1_682' title='bbox 2287 3446 2491 3502; x_wconf 86' lang='lat' dir='ltr'><strong>Etenim</strong></span> <span class='ocrx_word' id='word_1_683' title='bbox 2515 3449 2557 3502; x_wconf 89' lang='lat' dir='ltr'><strong>si</strong></span> <span class='ocrx_word' id='word_1_684' title='bbox 2602 3449 2929 3519; x_wconf 82' lang='lat' dir='ltr'><strong>nosmetipsos</strong></span> <span class='ocrx_word' id='word_1_685' title='bbox 2947 3449 3318 3520; x_wconf 83' lang='lat' dir='ltr'><strong>judicaremus,</strong></span> <span class='ocrx_word' id='word_1_686' title='bbox 3370 3467 3468 3504; x_wconf 84' lang='lat' dir='ltr'><strong>non</strong></span> <span class='ocrx_word' id='word_1_687' title='bbox 3515 3453 3618 3504; x_wconf 89' lang='lat' dir='ltr'><strong>uti-</strong></span> 
     </span>
    </p>
   </div>
   <div class='ocr_carea' id='block_1_97' title="bbox 1985 3540 3614 3613">
    <p class='ocr_par' dir='ltr' id='par_1_97' title="bbox 1985 3540 3614 3613">
     <span class='ocr_line' id='line_1_97' title="bbox 1985 3540 3614 3613; baseline 0.004 -21"><span class='ocrx_word' id='word_1_688' title='bbox 1985 3561 1992 3567; x_wconf 62' lang='grc' dir='ltr'><em>ί</em></span> <span class='ocrx_word' id='word_1_689' title='bbox 2029 3556 2125 3608; x_wconf 88' lang='lat' dir='ltr'><strong>que</strong></span> <span class='ocrx_word' id='word_1_690' title='bbox 2137 3540 2490 3611; x_wconf 79' lang='lat' dir='ltr'><strong>judicaremur</strong></span> <span class='ocrx_word' id='word_1_691' title='bbox 2519 3556 2539 3596; x_wconf 90' lang='lat'><strong>:</strong></span> <span class='ocrx_word' id='word_1_692' title='bbox 2565 3557 2699 3594; x_wconf 88' lang='lat' dir='ltr'><strong>nunc</strong></span> <span class='ocrx_word' id='word_1_693' title='bbox 2729 3550 2913 3598; x_wconf 71' lang='lat' dir='ltr'><strong>,autem</strong></span> <span class='ocrx_word' id='word_1_694' title='bbox 2940 3541 3056 3595; x_wconf 89' lang='lat' dir='ltr'><strong>dum</strong></span> <span class='ocrx_word' id='word_1_695' title='bbox 3098 3543 3415 3613; x_wconf 86' lang='lat' dir='ltr'><strong>judicamur,</strong></span> <span class='ocrx_word' id='word_1_696' title='bbox 3444 3559 3475 3596; x_wconf 91' lang='lat' dir='ltr'><strong>a</strong></span> <span class='ocrx_word' id='word_1_697' title='bbox 3502 3544 3614 3598; x_wconf 89' lang='lat' dir='ltr'><strong>Do-</strong></span> 
     </span>
    </p>
   </div>
   <div class='ocr_carea' id='block_1_98' title="bbox 2029 3631 3612 3701">
    <p class='ocr_par' dir='ltr' id='par_1_98' title="bbox 2029 3631 3612 3701">
     <span class='ocr_line' id='line_1_98' title="bbox 2029 3631 3612 3701; baseline 0.004 -17"><span class='ocrx_word' id='word_1_698' title='bbox 2029 3632 2165 3684; x_wconf 87' lang='lat' dir='ltr'><strong>mino</strong></span> <span class='ocrx_word' id='word_1_699' title='bbox 2191 3631 2513 3701; x_wconf 80' lang='lat' dir='ltr'><strong>corripiatur,</strong></span> <span class='ocrx_word' id='word_1_700' title='bbox 2537 3641 2593 3685; x_wconf 87' lang='lat' dir='ltr'><strong>ut</strong></span> <span class='ocrx_word' id='word_1_701' title='bbox 2621 3649 2720 3686; x_wconf 89' lang='lat' dir='ltr'><strong>non</strong></span> <span class='ocrx_word' id='word_1_702' title='bbox 2767 3649 2879 3686; x_wconf 87' lang='lat' dir='ltr'><strong>cum</strong></span> <span class='ocrx_word' id='word_1_703' title='bbox 2923 3634 3110 3686; x_wconf 89' lang='lat' dir='ltr'><strong>mundo</strong></span> <span class='ocrx_word' id='word_1_704' title='bbox 3156 3635 3472 3688; x_wconf 80' lang='lat' dir='ltr'><strong>damnentur.</strong></span> <span class='ocrx_word' id='word_1_705' title='bbox 3504 3635 3612 3690; x_wconf 84' lang='lat' dir='ltr'><strong>No-</strong></span> 
     </span>
    </p>
   </div>
   <div class='ocr_carea' id='block_1_99' title="bbox 2029 3721 3614 3794">
    <p class='ocr_par' dir='ltr' id='par_1_99' title="bbox 2029 3721 3614 3794">
     <span class='ocr_line' id='line_1_99' title="bbox 2029 3721 3614 3794; baseline 0.003 -18"><span class='ocrx_word' id='word_1_706' title='bbox 2029 3728 2194 3776; x_wconf 91' lang='lat' dir='ltr'><strong>stram</strong></span> <span class='ocrx_word' id='word_1_707' title='bbox 2221 3721 2378 3791; x_wconf 89' lang='lat' dir='ltr'><strong>igitur</strong></span> <span class='ocrx_word' id='word_1_708' title='bbox 2393 3729 2624 3777; x_wconf 89' lang='lat' dir='ltr'><strong>meutem</strong></span> <span class='ocrx_word' id='word_1_709' title='bbox 2639 3730 3001 3792; x_wconf 87' lang='lat' dir='ltr'><strong>torqueamus,</strong></span> <span class='ocrx_word' id='word_1_710' title='bbox 3025 3723 3250 3778; x_wconf 87' lang='lat' dir='ltr'><strong>lascivas</strong></span> <span class='ocrx_word' id='word_1_711' title='bbox 3267 3724 3614 3794; x_wconf 81' lang='lat' dir='ltr'><strong>cogitationes</strong></span> 
     </span>
    </p>
   </div>
   <div class='ocr_carea' id='block_1_100' title="bbox 2027 3813 3602 3885">
    <p class='ocr_par' dir='ltr' id='par_1_100' title="bbox 2027 3813 3602 3885">
     <span class='ocr_line' id='line_1_100' title="bbox 2027 3813 3602 3885; baseline 0.003 -18"><span class='ocrx_word' id='word_1_712' title='bbox 2027 3813 2363 3881; x_wconf 86' lang='lat' dir='ltr'><strong>castigemus,</strong></span> <span class='ocrx_word' id='word_1_713' title='bbox 2391 3813 2629 3868; x_wconf 91' lang='lat' dir='ltr'><strong>maculas</strong></span> <span class='ocrx_word' id='word_1_714' title='bbox 2671 3823 2879 3867; x_wconf 90' lang='lat' dir='ltr'><strong>nostras</strong></span> <span class='ocrx_word' id='word_1_715' title='bbox 2908 3813 3158 3884; x_wconf 81' lang='lat' dir='ltr'><strong>lacrymis</strong></span> <span class='ocrx_word' id='word_1_716' title='bbox 3188 3815 3557 3885; x_wconf 82' lang='lat' dir='ltr'><strong>abstergamus</strong></span> <span class='ocrx_word' id='word_1_717' title='bbox 3589 3836 3602 3872; x_wconf 91' lang='lat'><strong>:</strong></span> 
     </span>
    </p>
   </div>
   <div class='ocr_carea' id='block_1_101' title="bbox 2026 3903 3616 3976">
    <p class='ocr_par' dir='ltr' id='par_1_101' title="bbox 2026 3903 3616 3976">
     <span class='ocr_line' id='line_1_101' title="bbox 2026 3903 3616 3976; baseline 0.004 -20"><span class='ocrx_word' id='word_1_718' title='bbox 2026 3918 2249 3973; x_wconf 89' lang='lat' dir='ltr'><strong>magnus</strong></span> <span class='ocrx_word' id='word_1_719' title='bbox 2274 3903 2537 3973; x_wconf 87' lang='lat' dir='ltr'><strong>ejusmodi</strong></span> <span class='ocrx_word' id='word_1_720' title='bbox 2561 3904 2866 3973; x_wconf 86' lang='lat' dir='ltr'><strong>planctuum</strong></span> <span class='ocrx_word' id='word_1_721' title='bbox 2893 3903 3095 3960; x_wconf 90' lang='lat' dir='ltr'><strong>fructus</strong></span> <span class='ocrx_word' id='word_1_722' title='bbox 3115 3915 3466 3976; x_wconf 90' lang='lat' dir='ltr'><strong>est,magnum</strong></span> <span class='ocrx_word' id='word_1_723' title='bbox 3491 3910 3616 3962; x_wconf 87' lang='lat' dir='ltr'><strong>sub-</strong></span> 
     </span>
    </p>
   </div>
   <div class='ocr_carea' id='block_1_102' title="bbox 2025 3995 3608 4069">
    <p class='ocr_par' dir='ltr' id='par_1_102' title="bbox 2025 3995 3608 4069">
     <span class='ocr_line' id='line_1_102' title="bbox 2025 3995 3608 4069; baseline 0.003 -19"><span class='ocrx_word' id='word_1_724' title='bbox 2025 3995 2218 4050; x_wconf 88' lang='lat' dir='ltr'><strong>sidium</strong></span> <span class='ocrx_word' id='word_1_725' title='bbox 2248 4004 2303 4050; x_wconf 92' lang='lat' dir='ltr'><strong>et</strong></span> <span class='ocrx_word' id='word_1_726' title='bbox 2328 3996 2594 4050; x_wconf 90' lang='lat' dir='ltr'><strong>solatium.</strong></span> <span class='ocrx_word' id='word_1_727' title='bbox 2629 3995 2699 4051; x_wconf 89' lang='lat' dir='ltr'><strong>Ut</strong></span> <span class='ocrx_word' id='word_1_728' title='bbox 2719 3997 2860 4050; x_wconf 89' lang='lat' dir='ltr'><strong>enim</strong></span> <span class='ocrx_word' id='word_1_729' title='bbox 2889 3997 3016 4050; x_wconf 92' lang='lat' dir='ltr'><strong>risui</strong></span> <span class='ocrx_word' id='word_1_730' title='bbox 3045 4012 3108 4051; x_wconf 88' lang='lat' dir='ltr'><strong>ac</strong></span> <span class='ocrx_word' id='word_1_731' title='bbox 3135 3997 3336 4052; x_wconf 90' lang='lat' dir='ltr'><strong>deliciis</strong></span> <span class='ocrx_word' id='word_1_732' title='bbox 3363 4014 3608 4069; x_wconf 88' lang='lat' dir='ltr'><strong>magnum</strong></span> 
     </span>
    </p>
   </div>
   <div class='ocr_carea' id='block_1_103' title="bbox 2025 4087 3610 4158">
    <p class='ocr_par' dir='ltr' id='par_1_103' title="bbox 2025 4087 3610 4158">
     <span class='ocr_line' id='line_1_103' title="bbox 2025 4087 3610 4158; baseline 0.003 -16"><span class='ocrx_word' id='word_1_733' title='bbox 2025 4087 2337 4156; x_wconf 87' lang='lat' dir='ltr'><strong>supplicium</strong></span> <span class='ocrx_word' id='word_1_734' title='bbox 2366 4087 2624 4152; x_wconf 90' lang='lat' dir='ltr'><strong>imminet,</strong></span> <span class='ocrx_word' id='word_1_735' title='bbox 2657 4088 2736 4142; x_wconf 88' lang='lat' dir='ltr'><strong>sic</strong></span> <span class='ocrx_word' id='word_1_736' title='bbox 2754 4097 2806 4142; x_wconf 92' lang='lat' dir='ltr'><strong>et</strong></span> <span class='ocrx_word' id='word_1_737' title='bbox 2828 4089 3075 4158; x_wconf 89' lang='lat' dir='ltr'><strong>perennis</strong></span> <span class='ocrx_word' id='word_1_738' title='bbox 3103 4089 3341 4158; x_wconf 89' lang='lat' dir='ltr'><strong>planctus</strong></span> <span class='ocrx_word' id='word_1_739' title='bbox 3367 4091 3610 4146; x_wconf 88' lang='lat' dir='ltr'><strong>solatium</strong></span> 
     </span>
    </p>
   </div>
   <div class='ocr_carea' id='block_1_104' title="bbox 2027 4177 3611 4250">
    <p class='ocr_par' dir='ltr' id='par_1_104' title="bbox 2027 4177 3611 4250">
     <span class='ocr_line' id='line_1_104' title="bbox 2027 4177 3611 4250; baseline 0.004 -20"><span class='ocrx_word' id='word_1_740' title='bbox 2027 4178 2165 4246; x_wconf 89' lang='lat' dir='ltr'><strong>parit</strong></span> <span class='ocrx_word' id='word_1_741' title='bbox 2189 4195 2201 4230; x_wconf 93' lang='lat'><strong>:</strong></span> <span class='ocrx_word' id='word_1_742' title='bbox 2229 4177 2373 4231; x_wconf 86' lang='lat' dir='ltr'><strong>Beati</strong></span> <span class='ocrx_word' id='word_1_743' title='bbox 2397 4178 2613 4249; x_wconf 88' lang='lat' dir='ltr'><strong>quippe,</strong></span> <span class='ocrx_word' id='word_1_744' title='bbox 2638 4180 2723 4248; x_wconf 88' lang='lat' dir='ltr'><strong>qui</strong></span> <span class='ocrx_word' id='word_1_745' title='bbox 2749 4179 2938 4250; x_wconf 81' lang='lat' dir='ltr'><strong>lugent,</strong></span> <span class='ocrx_word' id='word_1_746' title='bbox 2958 4181 3195 4250; x_wconf 85' lang='lat' dir='ltr'><strong>quoniam</strong></span> <span class='ocrx_word' id='word_1_747' title='bbox 3221 4183 3611 4236; x_wconf 84' lang='lat' dir='ltr'><strong>consolabuntur</strong></span> 
     </span>
    </p>
   </div>
   <div class='ocr_carea' id='block_1_105' title="bbox 2027 4267 3614 4342">
    <p class='ocr_par' dir='ltr' id='par_1_105' title="bbox 2027 4267 3614 4342">
     <span class='ocr_line' id='line_1_105' title="bbox 2027 4267 3614 4342; baseline 0.006 -23"><span class='ocrx_word' id='word_1_748' title='bbox 2027 4267 2242 4336; x_wconf 80' lang='lat' dir='ltr'><strong>(Matth.</strong></span> <span class='ocrx_word' id='word_1_749' title='bbox 2275 4269 2329 4323; x_wconf 82' lang='lat'><strong>5.</strong></span> <span class='ocrx_word' id='word_1_750' title='bbox 2359 4268 2436 4339; x_wconf 84' lang='lat'><strong>5).</strong></span> <span class='ocrx_word' id='word_1_751' title='bbox 2475 4267 2563 4322; x_wconf 79' lang='lat' dir='ltr'><strong>Va:</strong></span> <span class='ocrx_word' id='word_1_752' title='bbox 2589 4269 2689 4322; x_wconf 82' lang='lat' dir='ltr'><strong>illis</strong></span> <span class='ocrx_word' id='word_1_753' title='bbox 2718 4270 2800 4337; x_wconf 90' lang='lat' dir='ltr'><strong>qui</strong></span> <span class='ocrx_word' id='word_1_754' title='bbox 2831 4269 3011 4332; x_wconf 84' lang='lat' dir='ltr'><strong>rident,</strong></span> <span class='ocrx_word' id='word_1_755' title='bbox 3035 4271 3273 4339; x_wconf 85' lang='lat' dir='ltr'><strong>quoniam</strong></span> <span class='ocrx_word' id='word_1_756' title='bbox 3301 4272 3398 4342; x_wconf 84' lang='lat' dir='ltr'><strong>ipsi</strong></span> <span class='ocrx_word' id='word_1_757' title='bbox 3423 4274 3614 4341; x_wconf 80' lang='lat' dir='ltr'><strong>ﬂebunt</strong></span> 
     </span>
    </p>
   </div>
   <div class='ocr_carea' id='block_1_106' title="bbox 2028 4357 3614 4431">
    <p class='ocr_par' dir='ltr' id='par_1_106' title="bbox 2028 4357 3614 4431">
     <span class='ocr_line' id='line_1_106' title="bbox 2028 4357 3614 4431; baseline 0.005 -21"><span class='ocrx_word' id='word_1_758' title='bbox 2028 4357 2180 4428; x_wconf 82' lang='lat' dir='ltr'><strong>(Luc.</strong></span> <span class='ocrx_word' id='word_1_759' title='bbox 2207 4358 2259 4414; x_wconf 87' lang='lat'><strong>6.</strong></span> <span class='ocrx_word' id='word_1_760' title='bbox 2291 4358 2405 4431; x_wconf 71' lang='grc'><strong>25).</strong></span> <span class='ocrx_word' id='word_1_761' title='bbox 2433 4357 2634 4412; x_wconf 85' lang='lat' dir='ltr'><strong>Idcirco</strong></span> <span class='ocrx_word' id='word_1_762' title='bbox 2664 4360 2822 4412; x_wconf 88' lang='lat' dir='ltr'><strong>etiam</strong></span> <span class='ocrx_word' id='word_1_763' title='bbox 2855 4359 3046 4413; x_wconf 86' lang='lat' dir='ltr'><strong>Paulus</strong></span> <span class='ocrx_word' id='word_1_764' title='bbox 3078 4362 3284 4414; x_wconf 89' lang='lat' dir='ltr'><strong>tametsi</strong></span> <span class='ocrx_word' id='word_1_765' title='bbox 3312 4363 3505 4416; x_wconf 89' lang='lat' dir='ltr'><strong>nullius</strong></span> <span class='ocrx_word' id='word_1_766' title='bbox 3536 4367 3614 4417; x_wconf 80' lang='lat' dir='ltr'><strong>si-</strong></span> 
     </span>
    </p>
   </div>
   <div class='ocr_carea' id='block_1_107' title="bbox 2024 4451 3616 4528">
    <p class='ocr_par' dir='ltr' id='par_1_107' title="bbox 2024 4451 3616 4528">
     <span class='ocr_line' id='line_1_107' title="bbox 2024 4451 3616 4528; baseline 0.005 -23"><span class='ocrx_word' id='word_1_767' title='bbox 2024 4451 2077 4505; x_wconf 94' lang='lat' dir='ltr'><strong>bi</strong></span> <span class='ocrx_word' id='word_1_768' title='bbox 2106 4452 2350 4506; x_wconf 91' lang='lat' dir='ltr'><strong>conscius</strong></span> <span class='ocrx_word' id='word_1_769' title='bbox 2374 4451 2573 4520; x_wconf 91' lang='lat' dir='ltr'><strong>peccati</strong></span> <span class='ocrx_word' id='word_1_770' title='bbox 2598 4461 2762 4518; x_wconf 87' lang='lat' dir='ltr'><strong>esset,</strong></span> <span class='ocrx_word' id='word_1_771' title='bbox 2795 4453 2845 4506; x_wconf 93' lang='lat' dir='ltr'><strong>in</strong></span> <span class='ocrx_word' id='word_1_772' title='bbox 2869 4455 3119 4524; x_wconf 84' lang='lat' dir='ltr'><strong>lacrymis</strong></span> <span class='ocrx_word' id='word_1_773' title='bbox 3150 4463 3202 4508; x_wconf 91' lang='lat' dir='ltr'><strong>et</strong></span> <span class='ocrx_word' id='word_1_774' title='bbox 3231 4456 3374 4511; x_wconf 91' lang='lat' dir='ltr'><strong>luctu</strong></span> <span class='ocrx_word' id='word_1_775' title='bbox 3405 4467 3616 4528; x_wconf 88' lang='lat' dir='ltr'><strong>tempus</strong></span> 
     </span>
    </p>
   </div>
   <div class='ocr_carea' id='block_1_108' title="bbox 2025 4543 3610 4620">
    <p class='ocr_par' dir='ltr' id='par_1_108' title="bbox 2025 4543 3610 4620">
     <span class='ocr_line' id='line_1_108' title="bbox 2025 4543 3610 4620; baseline 0.005 -23"><span class='ocrx_word' id='word_1_776' title='bbox 2025 4559 2185 4598; x_wconf 90' lang='lat' dir='ltr'><strong>omne</strong></span> <span class='ocrx_word' id='word_1_777' title='bbox 2216 4543 2547 4600; x_wconf 90' lang='lat' dir='ltr'><strong>traducebat.</strong></span> <span class='ocrx_word' id='word_1_778' title='bbox 2591 4545 2722 4613; x_wconf 88' lang='lat' dir='ltr'><strong>Quis</strong></span> <span class='ocrx_word' id='word_1_779' title='bbox 2769 4545 2872 4600; x_wconf 90' lang='lat' dir='ltr'><strong>huc</strong></span> <span class='ocrx_word' id='word_1_780' title='bbox 2907 4546 3079 4601; x_wconf 89' lang='lat' dir='ltr'><strong>dicit?</strong></span> <span class='ocrx_word' id='word_1_781' title='bbox 3123 4547 3212 4602; x_wconf 90' lang='lat' dir='ltr'><strong>Ille</strong></span> <span class='ocrx_word' id='word_1_782' title='bbox 3237 4548 3348 4620; x_wconf 83' lang='lat' dir='ltr'><strong>ipse</strong></span> <span class='ocrx_word' id='word_1_783' title='bbox 3378 4551 3456 4604; x_wconf 89' lang='lat' dir='ltr'><strong>vir</strong></span> <span class='ocrx_word' id='word_1_784' title='bbox 3485 4551 3610 4605; x_wconf 80' lang='lat' dir='ltr'><strong>bea-</strong></span> 
     </span>
    </p>
   </div>
   <div class='ocr_carea' id='block_1_109' title="bbox 2025 4634 3615 4707">
    <p class='ocr_par' dir='ltr' id='par_1_109' title="bbox 2025 4634 3615 4707">
     <span class='ocr_line' id='line_1_109' title="bbox 2025 4634 3615 4707; baseline 0.004 -17"><span class='ocrx_word' id='word_1_785' title='bbox 2025 4644 2110 4690; x_wconf 87' lang='lat' dir='ltr'><strong>tus</strong></span> <span class='ocrx_word' id='word_1_786' title='bbox 2138 4653 2151 4688; x_wconf 91' lang='lat'><strong>:</strong></span> <span class='ocrx_word' id='word_1_787' title='bbox 2176 4634 2280 4690; x_wconf 88' lang='lat' dir='ltr'><strong>Per</strong></span> <span class='ocrx_word' id='word_1_788' title='bbox 2308 4636 2612 4703; x_wconf 87' lang='lat' dir='ltr'><strong>triennium,</strong></span> <span class='ocrx_word' id='word_1_789' title='bbox 2661 4636 2866 4707; x_wconf 90' lang='lat' dir='ltr'><strong>inquit,</strong></span> <span class='ocrx_word' id='word_1_790' title='bbox 2913 4648 3056 4692; x_wconf 86' lang='lat' dir='ltr'><strong>nocte</strong></span> <span class='ocrx_word' id='word_1_791' title='bbox 3097 4648 3142 4692; x_wconf 86' lang='lat' dir='ltr'><strong>et</strong></span> <span class='ocrx_word' id='word_1_792' title='bbox 3177 4641 3257 4692; x_wconf 85' lang='lat' dir='ltr'><strong>die</strong></span> <span class='ocrx_word' id='word_1_793' title='bbox 3281 4657 3380 4693; x_wconf 88' lang='lat' dir='ltr'><strong>non</strong></span> <span class='ocrx_word' id='word_1_794' title='bbox 3425 4645 3615 4696; x_wconf 78' lang='lat' dir='ltr'><strong>cessavi</strong></span> 
     </span>
    </p>
   </div>
   <div class='ocr_carea' id='block_1_110' title="bbox 2025 4725 3614 4803">
    <p class='ocr_par' dir='ltr' id='par_1_110' title="bbox 2025 4725 3614 4803">
     <span class='ocr_line' id='line_1_110' title="bbox 2025 4725 3614 4803; baseline 0.004 -22"><span class='ocrx_word' id='word_1_795' title='bbox 2025 4743 2142 4782; x_wconf 86' lang='lat' dir='ltr'><strong>cum</strong></span> <span class='ocrx_word' id='word_1_796' title='bbox 2189 4725 2426 4798; x_wconf 82' lang='lat' dir='ltr'><strong>lacrymis</strong></span> <span class='ocrx_word' id='word_1_797' title='bbox 2456 4743 2662 4781; x_wconf 89' lang='lat' dir='ltr'><strong>monens</strong></span> <span class='ocrx_word' id='word_1_798' title='bbox 2689 4745 3088 4797; x_wconf 87' lang='lat' dir='ltr'><strong>unumquemque</strong></span> <span class='ocrx_word' id='word_1_799' title='bbox 3112 4740 3326 4784; x_wconf 83' lang='lat' dir='ltr'><strong>vestrum</strong></span> <span class='ocrx_word' id='word_1_800' title='bbox 3351 4731 3485 4803; x_wconf 70' lang='lat' dir='ltr'><strong>(Act.</strong></span> <span class='ocrx_word' id='word_1_801' title='bbox 3516 4733 3614 4788; x_wconf 75' lang='grc'><strong>20.</strong></span> 
     </span>
    </p>
   </div>
   <div class='ocr_carea' id='block_1_111' title="bbox 2024 4817 3608 4889">
    <p class='ocr_par' dir='ltr' id='par_1_111' title="bbox 2024 4817 3608 4889">
     <span class='ocr_line' id='line_1_111' title="bbox 2024 4817 3608 4889; baseline 0.003 -16"><span class='ocrx_word' id='word_1_802' title='bbox 2024 4819 2137 4889; x_wconf 77' lang='lat' dir='ltr'><strong>5i).</strong></span> <span class='ocrx_word' id='word_1_803' title='bbox 2157 4817 2251 4872; x_wconf 85' lang='lat' dir='ltr'><strong>ille</strong></span> <span class='ocrx_word' id='word_1_804' title='bbox 2271 4833 2364 4888; x_wconf 91' lang='lat' dir='ltr'><strong>per</strong></span> <span class='ocrx_word' id='word_1_805' title='bbox 2391 4817 2695 4883; x_wconf 90' lang='lat' dir='ltr'><strong>triennium,</strong></span> <span class='ocrx_word' id='word_1_806' title='bbox 2727 4835 2824 4873; x_wconf 90' lang='lat' dir='ltr'><strong>nos</strong></span> <span class='ocrx_word' id='word_1_807' title='bbox 2850 4819 3037 4873; x_wconf 89' lang='lat' dir='ltr'><strong>saltem</strong></span> <span class='ocrx_word' id='word_1_808' title='bbox 3069 4819 3134 4873; x_wconf 92' lang='lat' dir='ltr'><strong>ad</strong></span> <span class='ocrx_word' id='word_1_809' title='bbox 3153 4835 3389 4876; x_wconf 88' lang='lat' dir='ltr'><strong>mensem</strong></span> <span class='ocrx_word' id='word_1_810' title='bbox 3410 4838 3570 4878; x_wconf 88' lang='lat' dir='ltr'><strong>untun</strong></span> <span class='ocrx_word' id='word_1_811' title='bbox 3597 4843 3608 4878; x_wconf 92' lang='lat'><strong>:</strong></span> 
     </span>
    </p>
   </div>
   <div class='ocr_carea' id='block_1_112' title="bbox 2025 4910 3613 4982">
    <p class='ocr_par' dir='ltr' id='par_1_112' title="bbox 2025 4910 3613 4982">
     <span class='ocr_line' id='line_1_112' title="bbox 2025 4910 3613 4982; baseline 0.004 -17"><span class='ocrx_word' id='word_1_812' title='bbox 2025 4911 2114 4966; x_wconf 87' lang='lat' dir='ltr'><strong>ille</strong></span> <span class='ocrx_word' id='word_1_813' title='bbox 2144 4921 2300 4967; x_wconf 85' lang='lat' dir='ltr'><strong>nocte</strong></span> <span class='ocrx_word' id='word_1_814' title='bbox 2325 4921 2379 4965; x_wconf 90' lang='lat' dir='ltr'><strong>et</strong></span> <span class='ocrx_word' id='word_1_815' title='bbox 2402 4910 2508 4978; x_wconf 91' lang='lat' dir='ltr'><strong>die,</strong></span> <span class='ocrx_word' id='word_1_816' title='bbox 2538 4912 2627 4966; x_wconf 88' lang='lat' dir='ltr'><strong>ille</strong></span> <span class='ocrx_word' id='word_1_817' title='bbox 2648 4921 2869 4982; x_wconf 88' lang='lat' dir='ltr'><strong>propter</strong></span> <span class='ocrx_word' id='word_1_818' title='bbox 2888 4913 3060 4966; x_wconf 86' lang='lat' dir='ltr'><strong>aliena</strong></span> <span class='ocrx_word' id='word_1_819' title='bbox 3088 4924 3326 4982; x_wconf 90' lang='lat' dir='ltr'><strong>peccata,</strong></span> <span class='ocrx_word' id='word_1_820' title='bbox 3359 4931 3458 4970; x_wconf 92' lang='lat' dir='ltr'><strong>nos</strong></span> <span class='ocrx_word' id='word_1_821' title='bbox 3507 4919 3613 4971; x_wconf 90' lang='lat' dir='ltr'><strong>sal-</strong></span> 
     </span>
    </p>
   </div>
   <div class='ocr_carea' id='block_1_113' title="bbox 2026 5004 3615 5072">
    <p class='ocr_par' dir='ltr' id='par_1_113' title="bbox 2026 5004 3615 5072">
     <span class='ocr_line' id='line_1_113' title="bbox 2026 5004 3615 5072; baseline 0.005 -16"><span class='ocrx_word' id='word_1_822' title='bbox 2026 5012 2132 5058; x_wconf 90' lang='lat' dir='ltr'><strong>tem</strong></span> <span class='ocrx_word' id='word_1_823' title='bbox 2196 5011 2415 5072; x_wconf 84' lang='lat' dir='ltr'><strong>propter</strong></span> <span class='ocrx_word' id='word_1_824' title='bbox 2457 5014 2639 5059; x_wconf 87' lang='lat' dir='ltr'><strong>nostra</strong></span> <span class='ocrx_word' id='word_1_825' title='bbox 2691 5004 2932 5058; x_wconf 85' lang='lat' dir='ltr'><strong>delicta:</strong></span> <span class='ocrx_word' id='word_1_826' title='bbox 2988 5005 3077 5060; x_wconf 90' lang='lat' dir='ltr'><strong>ille</strong></span> <span class='ocrx_word' id='word_1_827' title='bbox 3140 5006 3338 5061; x_wconf 87' lang='lat' dir='ltr'><strong>nullius</strong></span> <span class='ocrx_word' id='word_1_828' title='bbox 3387 5007 3464 5063; x_wconf 88' lang='lat' dir='ltr'><strong>rei</strong></span> <span class='ocrx_word' id='word_1_829' title='bbox 3507 5010 3615 5064; x_wconf 79' lang='lat' dir='ltr'><strong>sibi</strong></span> 
     </span>
    </p>
   </div>
   <div class='ocr_carea' id='block_1_114' title="bbox 2023 5094 3612 5162">
    <p class='ocr_par' dir='ltr' id='par_1_114' title="bbox 2023 5094 3612 5162">
     <span class='ocr_line' id='line_1_114' title="bbox 2023 5094 3612 5162; baseline 0.004 -14"><span class='ocrx_word' id='word_1_830' title='bbox 2023 5094 2274 5148; x_wconf 87' lang='lat' dir='ltr'><strong>conscius</strong></span> <span class='ocrx_word' id='word_1_831' title='bbox 2303 5136 2319 5162; x_wconf 93' lang='lat'><strong>,</strong></span> <span class='ocrx_word' id='word_1_832' title='bbox 2365 5108 2462 5149; x_wconf 90' lang='lat' dir='ltr'><strong>nos</strong></span> <span class='ocrx_word' id='word_1_833' title='bbox 2527 5094 2719 5149; x_wconf 89' lang='lat' dir='ltr'><strong>saltem</strong></span> <span class='ocrx_word' id='word_1_834' title='bbox 2790 5104 2848 5151; x_wconf 88' lang='lat' dir='ltr'><strong>ut</strong></span> <span class='ocrx_word' id='word_1_835' title='bbox 2916 5106 3156 5154; x_wconf 76' lang='lat' dir='ltr'><strong>nostram</strong></span> <span class='ocrx_word' id='word_1_836' title='bbox 3229 5099 3612 5156; x_wconf 86' lang='lat' dir='ltr'><strong>conscientiam</strong></span> 
     </span>
    </p>
   </div>
   <div class='ocr_carea' id='block_1_115' title="bbox 2024 5186 3613 5260">
    <p class='ocr_par' dir='ltr' id='par_1_115' title="bbox 2024 5186 3613 5260">
     <span class='ocr_line' id='line_1_115' title="bbox 2024 5186 3613 5260; baseline 0.001 -17"><span class='ocrx_word' id='word_1_837' title='bbox 2024 5201 2188 5243; x_wconf 92' lang='lat' dir='ltr'><strong>onere</strong></span> <span class='ocrx_word' id='word_1_838' title='bbox 2239 5202 2473 5257; x_wconf 85' lang='lat' dir='ltr'><strong>pressam</strong></span> <span class='ocrx_word' id='word_1_839' title='bbox 2520 5186 2778 5242; x_wconf 68' lang='lat' dir='ltr'><strong>levemus.</strong></span> <span class='ocrx_word' id='word_1_840' title='bbox 2830 5186 2945 5256; x_wconf 80' lang='lat' dir='ltr'><strong>Qua</strong></span> <span class='ocrx_word' id='word_1_841' title='bbox 2986 5203 3115 5244; x_wconf 83' lang='lat' dir='ltr'><strong>vero</strong></span> <span class='ocrx_word' id='word_1_842' title='bbox 3169 5187 3236 5244; x_wconf 90' lang='lat' dir='ltr'><strong>de</strong></span> <span class='ocrx_word' id='word_1_843' title='bbox 3303 5205 3460 5246; x_wconf 80' lang='lat' dir='ltr'><strong>causa</strong></span> <span class='ocrx_word' id='word_1_844' title='bbox 3496 5191 3613 5260; x_wconf 84' lang='lat' dir='ltr'><strong>plo-</strong></span> 
     </span>
    </p>
   </div>
   <div class='ocr_carea' id='block_1_116' title="bbox 2026 5278 3612 5345">
    <p class='ocr_par' dir='ltr' id='par_1_116' title="bbox 2026 5278 3612 5345">
     <span class='ocr_line' id='line_1_116' title="bbox 2026 5278 3612 5345; baseline 0.001 -10"><span class='ocrx_word' id='word_1_845' title='bbox 2026 5280 2150 5335; x_wconf 86' lang='lat' dir='ltr'><strong>rat?</strong></span> <span class='ocrx_word' id='word_1_846' title='bbox 2197 5294 2293 5334; x_wconf 91' lang='lat' dir='ltr'><strong>cur</strong></span> <span class='ocrx_word' id='word_1_847' title='bbox 2342 5295 2447 5333; x_wconf 92' lang='lat' dir='ltr'><strong>non</strong></span> <span class='ocrx_word' id='word_1_848' title='bbox 2497 5278 2655 5334; x_wconf 88' lang='lat' dir='ltr'><strong>docet</strong></span> <span class='ocrx_word' id='word_1_849' title='bbox 2704 5289 2758 5334; x_wconf 90' lang='lat' dir='ltr'><strong>et</strong></span> <span class='ocrx_word' id='word_1_850' title='bbox 2807 5279 3060 5335; x_wconf 89' lang='lat' dir='ltr'><strong>admonet</strong></span> <span class='ocrx_word' id='word_1_851' title='bbox 3109 5290 3354 5345; x_wconf 88' lang='lat' dir='ltr'><strong>tantttm,</strong></span> <span class='ocrx_word' id='word_1_852' title='bbox 3408 5280 3502 5336; x_wconf 90' lang='lat' dir='ltr'><strong>sed</strong></span> <span class='ocrx_word' id='word_1_853' title='bbox 3557 5292 3612 5336; x_wconf 91' lang='lat' dir='ltr'><strong>et</strong></span> 
     </span>
    </p>
   </div>
   <div class='ocr_carea' id='block_1_117' title="bbox 2025 5371 3610 5444">
    <p class='ocr_par' dir='ltr' id='par_1_117' title="bbox 2025 5371 3610 5444">
     <span class='ocr_line' id='line_1_117' title="bbox 2025 5371 3610 5444; baseline 0.002 -16"><span class='ocrx_word' id='word_1_854' title='bbox 2025 5372 2290 5444; x_wconf 83' lang='lat' dir='ltr'><strong>lacrymas</strong></span> <span class='ocrx_word' id='word_1_855' title='bbox 2317 5371 2592 5443; x_wconf 87' lang='lat' dir='ltr'><strong>adjungit?</strong></span> <span class='ocrx_word' id='word_1_856' title='bbox 2619 5372 3078 5442; x_wconf 85' lang='lat' dir='ltr'><strong>Quemadmodum</strong></span> <span class='ocrx_word' id='word_1_857' title='bbox 3127 5382 3275 5442; x_wconf 89' lang='lat' dir='ltr'><strong>pater</strong></span> <span class='ocrx_word' id='word_1_858' title='bbox 3303 5373 3610 5444; x_wconf 77' lang='lat' dir='ltr'><strong>indulgens,</strong></span> 
     </span>
    </p>
   </div>
   <div class='ocr_carea' id='block_1_118' title="bbox 2024 5465 3606 5537">
    <p class='ocr_par' dir='ltr' id='par_1_118' title="bbox 2024 5465 3606 5537">
     <span class='ocr_line' id='line_1_118' title="bbox 2024 5465 3606 5537; baseline 0.004 -21"><span class='ocrx_word' id='word_1_859' title='bbox 2024 5465 2114 5537; x_wconf 88' lang='lat' dir='ltr'><strong>qui</strong></span> <span class='ocrx_word' id='word_1_860' title='bbox 2162 5465 2331 5534; x_wconf 76' lang='lat' dir='ltr'><strong>tilium</strong></span> <span class='ocrx_word' id='word_1_861' title='bbox 2379 5465 2538 5520; x_wconf 89' lang='lat' dir='ltr'><strong>habet</strong></span> <span class='ocrx_word' id='word_1_862' title='bbox 2589 5467 2919 5537; x_wconf 88' lang='lat' dir='ltr'><strong>unigenitum</strong></span> <span class='ocrx_word' id='word_1_863' title='bbox 2989 5465 3181 5520; x_wconf 90' lang='lat' dir='ltr'><strong>morbo</strong></span> <span class='ocrx_word' id='word_1_864' title='bbox 3259 5479 3564 5536; x_wconf 88' lang='lat' dir='ltr'><strong>correptum</strong></span> <span class='ocrx_word' id='word_1_865' title='bbox 3593 5515 3606 5536; x_wconf 82' lang='lat'><strong>,</strong></span> 
     </span>
    </p>
   </div>
   <div class='ocr_carea' id='block_1_119' title="bbox 2025 5555 3604 5627">
    <p class='ocr_par' dir='ltr' id='par_1_119' title="bbox 2025 5555 3604 5627">
     <span class='ocr_line' id='line_1_119' title="bbox 2025 5555 3604 5627; baseline -0.002 -15"><span class='ocrx_word' id='word_1_866' title='bbox 2025 5555 2414 5612; x_wconf 89' lang='lat' dir='ltr'><strong>medicamenta</strong></span> <span class='ocrx_word' id='word_1_867' title='bbox 2477 5571 2586 5611; x_wconf 91' lang='lat' dir='ltr'><strong>non</strong></span> <span class='ocrx_word' id='word_1_868' title='bbox 2634 5556 3002 5611; x_wconf 85' lang='lat' dir='ltr'><strong>admittentem</strong></span> <span class='ocrx_word' id='word_1_869' title='bbox 3035 5596 3051 5620; x_wconf 89' lang='lat'><strong>,</strong></span> <span class='ocrx_word' id='word_1_870' title='bbox 3097 5555 3191 5611; x_wconf 89' lang='lat' dir='ltr'><strong>sed</strong></span> <span class='ocrx_word' id='word_1_871' title='bbox 3253 5556 3604 5627; x_wconf 88' lang='lat' dir='ltr'><strong>rejicientem,</strong></span> 
     </span>
    </p>
   </div>
   <div class='ocr_carea' id='block_1_120' title="bbox 2025 5648 3606 5717">
    <p class='ocr_par' dir='ltr' id='par_1_120' title="bbox 2025 5648 3606 5717">
     <span class='ocr_line' id='line_1_120' title="bbox 2025 5648 3606 5717; baseline -0.003 -13"><span class='ocrx_word' id='word_1_872' title='bbox 2025 5649 2266 5704; x_wconf 87' lang='lat' dir='ltr'><strong>assidens</strong></span> <span class='ocrx_word' id='word_1_873' title='bbox 2343 5648 2420 5704; x_wconf 89' lang='lat' dir='ltr'><strong>illi</strong></span> <span class='ocrx_word' id='word_1_874' title='bbox 2481 5648 2780 5716; x_wconf 89' lang='lat' dir='ltr'><strong>blanditur,</strong></span> <span class='ocrx_word' id='word_1_875' title='bbox 2831 5648 3191 5716; x_wconf 87' lang='lat' dir='ltr'><strong>deosculatur,</strong></span> <span class='ocrx_word' id='word_1_876' title='bbox 3270 5648 3606 5717; x_wconf 90' lang='lat' dir='ltr'><strong>amplectitur</strong></span> 
     </span>
    </p>
   </div>
   <div class='ocr_carea' id='block_1_121' title="bbox 2028 5738 3606 5812">
    <p class='ocr_par' dir='ltr' id='par_1_121' title="bbox 2028 5738 3606 5812">
     <span class='ocr_line' id='line_1_121' title="bbox 2028 5738 3606 5812; baseline -0.006 -15"><span class='ocrx_word' id='word_1_877' title='bbox 2028 5740 2275 5811; x_wconf 88' lang='lat' dir='ltr'><strong>omnique</strong></span> <span class='ocrx_word' id='word_1_878' title='bbox 2321 5755 2515 5812; x_wconf 88' lang='lat' dir='ltr'><strong>genere</strong></span> <span class='ocrx_word' id='word_1_879' title='bbox 2564 5739 2941 5798; x_wconf 88' lang='lat' dir='ltr'><strong>blanditiarum</strong></span> <span class='ocrx_word' id='word_1_880' title='bbox 2985 5738 3204 5800; x_wconf 82' lang='lat' dir='ltr'><strong>ﬂectere</strong></span> <span class='ocrx_word' id='word_1_881' title='bbox 3244 5748 3488 5804; x_wconf 75' lang='lat' dir='ltr'><strong>conatur,</strong></span> <span class='ocrx_word' id='word_1_882' title='bbox 3540 5750 3606 5789; x_wconf 78' lang='lat' dir='ltr'><strong>ac</strong></span> 
     </span>
    </p>
   </div>
  </div>
