4080 6196
351 185 453 238 (ἳῗίἷ

349 299 607 373 γενναίως
657 300 855 370 ἤνεγκε
893 297 992 368 τὴν
1035 301 1327 372 ἀφαίρεσιν
1369 299 1571 365 αὐτῶν,
1603 300 1791 371 ἐπειδὴ
1826 301 1919 354 καὶ

345 377 584 457 πρὸτῆς
617 383 710 435 τοῦ
746 383 992 435 διαϐόλου
1023 385 1215 452 πείρας
1247 381 1574 452 ἐμελέτησεν
1610 383 1790 434 αὐτῶν
1821 383 1918 453 τὴν

351 467 720 538 ἀλλοτρίωσιν.
773 467 881 519 Καὶ
933 467 994 519 σὺ
1037 466 1213 519 τοίνυν
1266 464 1593 535 καταφρόνει
1635 465 1920 535 παρόντων

357 552 457 604 ιῶν
483 550 798 623 χρημάτων,
833 550 919 602 ἵνα
971 551 1064 602 καὶ
1105 548 1576 619 ἀναχωρησάντων
1629 547 1793 610 ποτὲ,
1843 549 1917 618 μὴ

353 635 616 703 ἀλγήσῃς.
645 633 922 686 Ἀνάλισκε
949 634 1028 695 είς
1053 632 1170 684 δέον
1195 631 1320 683 όταν
1347 629 1494 700 ἔχῃς,
1515 631 1579 683 ἵν’
1603 631 1728 682 ὅταν
1755 631 1918 698 ἀφαι-

359 716 542 786 ρεθῇς,
571 714 789 767 διπλοῦν
819 714 945 787 ἔχῃς
969 715 1029 766 τὸ
1050 713 1257 784 κέρδος,
1283 713 1372 766 τόν
1397 730 1455 764 τε
1476 715 1540 764 ἐκ
1567 713 1664 782 τῆς
1693 713 1918 783 ἀρίστης

345 799 596 867 δαπάνης
649 797 1008 868 ἀποκείμενόν
1063 815 1145 850 σοι
1183 795 1402 866 μισθὸν,
1439 795 1532 848 καὶ
1579 794 1676 864 τὴν
1721 796 1784 846 ἐκ
1819 795 1920 864 τῆς

355 880 654 950 ὑπεροψίας
709 880 1066 950 ἐγγινομένην
1110 879 1423 947 φιλοσοφίαν
1475 877 1552 940 εἰς
1596 878 1685 930 τὸν
1731 877 1920 948 καιρὸν

347 965 454 1033 ’τῆς
497 964 764 1027 ἀπουσίας
807 963 984 1016 αὐτῶν
1023 961 1485 1034 χρησιμεύουσαν.
1521 962 1794 1032 Χρήματα
1817 961 1924 1032 γὰρ

357 1046 445 1098 διὰ
471 1045 630 1098 τοῦτο
655 1047 922 1106 καλεῖται,
940 1045 1028 1098 ἵνα
1055 1045 1237 1106 αὐτοῖς
1264 1045 1344 1107 είς
1367 1044 1483 1095 δέον
1511 1042 1796 1113 χρώμεθα,
1829 1045 1927 1113 οὐχ

361 1132 446 1183 ἵνα
478 1128 898 1200 κατορύττωμεν
917 1147 929 1159 ο
958 1129 1213 1198 κτήματα
1245 1126 1332 1179 διά
1363 1125 1518 1178 τοῦτο
1546 1126 1810 1193 λέγονται,
1845 1127 1930 1178 ἵνα

361 1214 520 1281 ἡμεῖς
563 1211 702 1264 αὑτά
757 1209 1113 1282 κτησώμεθα,
1163 1209 1256 1262 καὶ
1292 1209 1365 1279 μὴ
1417 1208 1594 1261 αὐτῶν
1649 1207 1933 1278 γενώμεθα

363 1297 638 1363 κτήματα.
675 1293 875 1364 Κύριος
916 1289 966 1346 εἷ
1017 1291 1314 1362 χρημάτων
1355 1291 1590 1350 πολλῶν.
1631 1291 1703 1359 μὴ
1755 1292 1932 1343 τοίνυν

357 1377 584 1430 δούλευε
620 1376 848 1442 τούτοις,
879 1371 952 1431 ὧν
987 1374 1209 1428 ἐποίησέ
1243 1391 1301 1426 σε
1328 1374 1592 1444 δεσπότην
1623 1376 1650 1426 ὁ
1678 1375 1808 1437 Θεός
1829 1391 1842 1406 ο
1871 1375 1932 1426 οὑ

1025 191 1082 245 S.
1116 188 1401 243 JOANNIS
1441 185 1928 244 CIIRYSOSTOSH
1971 184 2292 240 ARCIIIEP.
2337 179 2872 238 CONSTANTINOP.

3477 168 3584 222 ϋὸί

2013 299 2284 360 δουλεύεις
2315 297 2370 348 δὲ
2407 297 2485 358 εἰς
2519 295 2638 347 δέον
2665 295 2803 346 αὐτά
2833 291 3161 352 ἀναλίσκων,
3195 289 3330 342 ἀλλά
3363 289 3436 360 μὴ
3463 309 3562 344 κατ
3581 323 3610 334 -

2014 381 2274 452 ορύττων.
2325 379 2493 431 Οὑδέν
2534 377 2707 439 οὕτως
2737 377 3046 448 εὐρίπιστον
3087 375 3162 435 ὡς
3195 371 3453 435 πλοῦτος·
3493 374 3588 427 οῦ-

2014 465 2102 518 δὲν
2127 463 2302 526 οὓτως
2333 461 2755 532 εὐμετάϐλητον,
2785 460 2860 522 ὡς
2879 459 3128 529 εὐπορία.
3167 457 3324 509 Ἐπεὶ
3346 452 3438 508 οὖν
3465 455 3593 509 ἀϐέ-

2017 547 2168 608 ϐαιος
2209 543 2390 598 αὐτῶν
2423 546 2455 614 ἡ
2507 543 2730 612 κτῆσις,
2763 543 2857 595 καὶ
2899 541 3103 612 πτηνοῦ
3139 539 3339 602 παντὸς
3367 538 3592 608 ταχύτε-

2027 647 2116 702 ρον
2146 628 2404 690 πολλάκις
2433 626 2587 697 ἡμῶν
2625 627 2950 695 ἀφίπταται,
2975 625 3068 678 καὶ
3097 623 3366 694 δραπέτου
3395 621 3596 685 παντὸς

2023 700 2500 781 ἀγνωμονέστερον
2535 709 2818 780 ἀποπηδᾷ,
2868 708 2956 760 τόν
2995 707 3184 777 χρόνον
3233 705 3292 758 ὃν
3351 706 3418 759 ἂν
3447 700 3596 775 ὦμεν

2029 796 2178 869 [658]
2217 793 2495 852 δεσπόται,
2522 794 2602 854 είς
2651 792 2768 844 δέον
2807 791 2988 852 αὐτοῖς
3025 789 3376 860 χρησώμεθα,
3429 789 3494 841 ἵν’
3531 791 3600 842 ἐκ

2023 880 2132 932 τῶν
2183 877 2454 932 ἀϐεϐαίων
2503 876 2796 945 χρημάτων
2858 873 3048 944 βέϐαια
3095 873 3485 942 ἐνστησάμενοι
3527 871 3598 924 τὰ

2025 960 2223 1030 ἀγαθὰ,
2269 960 2360 1012 τὸν
2391 961 2448 1010 ἐν
2481 961 2728 1027 οὐρανοῖς
2759 957 3118 1026 ἀποκείμενον
3171 955 3596 1026 κληρονομήσω»

2029 1062 2126 1116 μεν
2169 1041 2442 1113 θησαυρόν
2463 1057 2474 1068 '
2504 1035 2564 1094 οὗ
2609 1039 2819 1108 γένοιτο
2852 1041 3056 1102 πάντας
3091 1041 3236 1109 ἡμᾶς
3287 1041 3558 1106 ἐπιτυχεῖν
3579 1079 3596 1100 ,

2027 1129 2212 1198 χάριτι
2269 1125 2364 1178 καὶ
2423 1121 2801 1194 φιλανθρωπίᾳ
2829 1123 2924 1176 τοῦ
2965 1124 3168 1194 Κυρίου
3221 1122 3374 1192 ἡμῶν
3423 1121 3597 1190 Ἰησοῦ

2029 1197 2288 1278 Χριστοῦ,
2333 1205 2398 1258 δι’
2433 1197 2494 1258 οὗ
2543 1206 2634 1258 καὶ
2668 1205 2784 1275 μεθ’
2827 1200 2886 1260 οὗ
2917 1205 2991 1276 τῷ
3027 1206 3200 1275 Πατρὶ
3231 1207 3263 1274 ἡ
3305 1203 3448 1268 δόξα,
3483 1204 3601 1272 ἅμα

2027 1292 2105 1358 τῷ
2139 1293 2276 1360 ἁγίῳ
2304 1287 2601 1358 Πνεύματι,
2629 1289 2724 1343 νῦν
2754 1293 2846 1343 καὶ
2883 1291 2988 1356 ἀεὶ,
3023 1290 3112 1343 καὶ
3139 1290 3220 1351 είς
3243 1288 3368 1350 τοὺς
3399 1287 3601 1351 αἰῶνας

2031 1373 2138 1426 τῶν
2173 1373 2401 1426 αἰώνων.
2450 1373 2640 1443 Ἀμήν.

739 1571 3586 1593 ΝΜ

371 1814 908 1870 Ὅτι-ἐπικίνδυνον
943 1816 1040 1869 καὶ
1085 1816 1207 1882 τοῖς
1255 1815 1524 1884 λέγουσι,
1567 1816 1666 1868 καὶ
1708 1813 1829 1880 τοῖς
1860 1812 2151 1868 ἀκούουσι
2173 1810 2238 1862 τὸ
2273 1809 2421 1878 πρὸς
2461 1811 2637 1879 χάριν
2665 1807 3041 1879 δημηγορεῖν,
3074 1805 3170 1860 καί
3197 1806 3282 1860 ὅτι
3311 1807 3606 1876 χρήσιμοι·

1003 1905 1101 1958 καί
1155 1907 1507 1972 δικαιοσύνη
1537 1904 1792 1974 μεγίστη
1821 1901 1886 1956 τὸ
1917 1900 2265 1971 κατηγορεῖν
2298 1899 2415 1953 τῶν
2433 1900 2668 1954 οἰκείων
2703 1897 3148 1968 ἀμιιρττυιιίτων.

444 2202 511 2254 α’.
551 2199 770 2263 ’ῐκανῶς
802 2201 976 2269 ὑμῶν,
998 2195 1173 2269 οἶμαι,
1205 2197 1571 2268 καθηψάμεθα
1603 2199 1814 2272 πρώην,
1848 2201 1943 2253 καί¹

379 2283 679 2353 βαθυτέραν
731 2281 1010 2351 ἐδώκαμεν
1055 2283 1155 2350 τὴν
1201 2281 1449 2351 πληγήν·
1489 2282 1682 2335 οὐκοῦν
1731 2283 1941 2352 ἀνάγκη

375 2365 715 2436 θεραπεῦσαι
747 2365 1007 2434 τήμερον,
1033 2364 1126 2416 καὶ
1150 2364 1556 2434 προσηνέστεροι
1584 2365 1846 2418 ἐπιθεῖναι
1877 2365 1948 2416 τά

381 2449 666 2518 φάρμακα.
690 2439 858 2510 Οὗτος
902 2446 1008 2516 γάρ
1043 2445 1264 2515 ἄριστος
1309 2447 1549 2516 ἰατρείας
1597 2449 1834 2517 τρόπος,
1875 2447 1948 2516 μὴ

384 2533 541 2600 μόνον
577 2529 815 2599 τέμνειν,
852 2528 988 2582 ἀλλά
1022 2530 1116 2581 καὶ
1141 2529 1452 2600 ἐπιδεσμεῖν
1495 2529 1562 2582 τὰ
1601 2529 1762 2600 ἕλκη·
1797 2523 1950 2594 οὗτος

383 2613 694 2684 θαυμαστὸς
729 2612 1076 2675 διδασκαλίας
1116 2613 1299 2681 νόμος,
1340 2612 1414 2683 μὴ
1469 2613 1627 2682 μόνον
1669 2615 1948 2683 ἐπιτιμᾷν,

383 2697 518 2750 ἀλλά
554 2697 647 2750 καὶ
668 2695 1008 2767 παρακαλεῖν
1042 2695 1136 2747 καὶ
1176 2695 1636 2766 παραμυθεῖσθαι.
1666 2695 1821 2766 Οῦτω
1860 2697 1954 2748 καὶ

385 2779 596 2842 Παῦλος
641 2779 962 2832 ἐκέλευσεν*
1008 2777 1320 2845 Ἕλεγξον,
1357 2779 1732 2847 ἐπιτίμησον,
1775 2795 1956 2848 παρει-

385 2862 671 2916 κιίυίεσον.
709 2863 834 2915 Ἐάν
870 2879 932 2914 τε
970 2862 1261 2932 παρακαλῇ
1298 2877 1378 2923 τις
1418 2861 1614 2926 διόλου,
1653 2861 1954 2933 ῥᾳθυμοτέ-

387 2963 516 3017 pou;
555 2947 699 2998 ποιεῖ
751 2947 877 3008 τοῦς
917 2945 1226 3016 ἀκροατάς·
1267 2947 1362 3000 ἐάν
1412 2963 1470 3000 τε
1505 2948 1734 3016 ἐπιτιμᾷ
1775 2947 1954 3015 μόνον,

387 3032 751 3102 τραχυτέρους
780 3027 1102 3098 ἐργάζεται·
1133 3029 1191 3082 οὐ
1215 3029 1322 3100 γὰρ
1351 3029 1635 3102 δυνάμενοι
1655 3030 1716 3082 τὸ
1745 3030 1958 3099 φορτίον

389 3113 497 3166 τῶν
521 3111 784 3184 διηνεκῶν
813 3112 1048 3182 ἐλέγχων
1073 3113 1336 3180 ἐνεγκεῖν,
1361 3113 1710 3184 ἀποπηδῶσιν
1738 3113 1958 3176 εὐθέως.

389 3197 480 3249 Διὸ
511 3201 615 3268 χρὴ
639 3195 881 3249 ποικίλον
911 3195 1030 3248 τινὰ
1056 3196 1194 3248 εἶναι
1223 3195 1312 3248 τὸν
1337 3196 1436 3265 τῆς
1463 3197 1806 3258 διδασκαλίας
1834 3195 1962 3267 τρό-

394 3299 512 3335 πον.
558 3283 712 3336 Ἐπεὶ
744 3277 835 3333 οῦν
861 3283 924 3351 τῇ
956 3281 1196 3352 προτέρᾳ
1229 3281 1583 3350 σφοδρότερον
1613 3281 1709 3350 τὴν
1733 3279 1962 3332 ἐκάστου

393 3365 628 3417 διάνοιαν
662 3363 852 3416 ἔδακεν
882 3367 909 3418 ό
927 3363 1104 3431 λόγος,
1135 3361 1574 3434 προσηνεστέρας
1604 3363 1635 3432 ἡ
1646 3365 1734 3431 μίν
1761 3362 1841 3414 δεῖ
1863 3361 1964 3430 τῆς

391 3445 744 3508 διδασκαλίας
773 3447 1032 3516 τήμερον,
1055 3445 1150 3498 καὶ
1179 3447 1298 3506 ταῖς
1323 3445 1390 3497 ἐκ
1417 3444 1521 3498 τῶν
1551 3443 1786 3512 ἐλέγχων
1812 3460 1965 3510 γενο-

400 3529 592 3598 μέναις
625 3529 860 3592 ὀδύναις,
899 3528 1088 3598 ὥσπερ
1115 3527 1312 3590 ἔλαιον,
1342 3527 1634 3594 ἀναγκαῖον
1682 3524 1966 3588 ἐπιστάξαι

398 3613 494 3666 τοῦ
524 3612 682 3680 λόγου
716 3611 777 3662 τὸ
822 3611 1111 3680 προσηνὲς,
1151 3609 1413 3680 πρότερον
1445 3608 1622 3664 αὐτῶν
1652 3609 1794 3677 ὑμᾶς
1834 3609 1969 3660 ἀνα-

401 3697 704 3766 μνήσαντες
732 3693 838 3746 τῶν
866 3694 1123 3764 ἐλέγχων.

483 3779 817 3847 ’Λνέγνωμεν
852 3777 979 3846 ὑμῖν
1027 3776 1216 3845 πρώην
1265 3775 1355 3827 τὸν
1391 3773 1602 3826 Παύλου
1646 3773 1808 3842 νόμον
1847 3773 1972 3840 περὶ

401 3859 502 3929 τῆς
531 3859 636 3912 τῶν
669 3859 983 3929 μυστηρίων
1015 3857 1299 3919 κοινωνίας
1331 3857 1583 3925 κείμενον
1621 3856 1734 3916 τοῖς
1758 3871 1972 3924 μεμυη-

405 3941 588 4010 μένοις
616 3943 837 3994 ἀπασιν.
877 3942 934 3992 'U
972 3939 1027 3993 δέ
1055 3941 1217 4009 νόμος
1244 3935 1310 4009 ἦν
1331 3933 1486 4001 οὗτος
1507 3954 1521 3968 ο
1555 3938 1704 3990 οὐδὲν
1737 3937 1844 4007 γὰρ
1869 3953 1975 3988 κω-

403 4026 519 4080 λύει
559 4026 652 4080 καὶ
697 4025 792 4078 νῦν
827 4025 987 4078 αὑτὸν
1027 4022 1334 4092 ἀναγνῶναι
1373 4022 1536 4076 πάλιν
1561 4035 1575 4050 ⁸
1617 4017 1976 4088 Δοκιμαζέτω

405 4111 475 4163 δὲ
527 4109 782 4174 ἕκαστος
834 4108 1070 4170 ἑαυτὸν,
1125 4105 1226 4160 καὶ
1275 4106 1462 4168 οὕτως
1518 4105 1584 4156 ἐκ
1633 4102 1740 4156 τοῦ
1795 4102 1975 4170 ἄρτου

405 4192 669 4254 ἐσθιέτω,
707 4191 804 4244 καί
843 4192 910 4244 ἐκ
954 4189 1059 4243 τοῦ
1097 4189 1382 4257 ποτηρίου
1421 4187 1658 4241 πινέτω.
1692 4188 1896 4238 Ἴσασιν
1929 4184 1976 4236 οἱ

415 4275 754 4346 μεμυημένοι
780 4273 851 4324 τά
891 4271 1178 4342 λεγόμενα,
1209 4273 1303 4324 καὶ
1334 4271 1416 4334 τίς
1449 4271 1545 4339 μὲν
1573 4271 1599 4320 ὁ
1628 4270 1810 4337 ἀρτυς.
1841 4267 1892 4319 τί
1923 4265 1978 4317 δὲ

409 4358 470 4410 τὸ
507 4357 786 4425 ποτήριον.
847 4355 908 4405 ’0
955 4355 1064 4423 γὰρ
1119 4354 1338 4408 ἐσθίων
1371 4352 1467 4404 καὶ
1519 4352 1740 4413 πίνων,
1786 4349 1978 4419 φησὶν,

409 4440 667 4504 ἀναξίως
701 4438 806 4491 τοῦ
847 4439 1088 4504 Κυρίου.
1127 4437 1342 4504 ἔνοχος
1365 4437 1536 4490 ἔσται
1577 4433 1682 4486 τοῦ
1711 4432 1983 4500 σώματος

411 4524 510 4576 καὶ
542 4521 647 4575 τοῦ
681 4521 927 4588 αἵματος
958 4519 1064 4573 τοῦ
1097 4520 1338 4586 Κυρίου.
1371 4516 1572 4570 Τοῦτον
1605 4517 1734 4585 ὑμῖν
1777 4514 1868 4568 τὸν
1895 4513 1982 4568 νό-

417 4623 515 4676 μον
560 4605 906 4673 ἀνέγνωμεν·
963 4600 1350 4672 ἐξηγησάμεθα
1391 4601 1448 4653 δὲ
1483 4599 1583 4652 καὶ·
1617 4599 1718 4668 τὴν
1748 4597 1984 4650 διάνοιαν

416 4690 507 4742 τλῦ
551 4687 736 4760 ῥητοῦ.
768 4688 1006 4758 Εἴπομεν
1057 4685 1108 4738 τί
1151 4689 1330 4750 ἐστιν,
1365 4686 1619 4750 ’Ἔνοχος
1663 4681 1832 4734 ἔσται
1879 4679 1986 4732 τοῦ

416 4771 688 4841 σώματος
733 4770 828 4822 καὶ
883 4769 988 4822 τοῦ
1016 4770 1263 4836 αἵματος
1309 4764 1416 4820 τοῦ
1467 4763 1723 4832 Kt'plov,
1773 4763 1853 4814 ὅτι
1887 4760 1986 4832 τὴν

417 4855 586 4924 αὐτὴν
621 4852 778 4905 δώσει
813 4851 989 4922 δίκην,
1030 4853 1160 4920 ὅσην
1195 4849 1587 4918 ὑποστήσονται
1631 4845 1900 4916 τιμωρίαν
1938 4843 1988 4894 οί

419 4935 832 5007 σταυρώσαντες
874 4934 963 4987 τὸν
1015 4934 1266 5004 Χριστόν.
1307 4930 1572 5000 Καθάπερ
1621 4928 1729 4999 γάρ
1768 4929 1985 4988 ἐκεῖνοι,

418 5020 604 5089 φησὶν,
633 5020 682 5069 oi
721 5019 945 5084 σφαγεῖς
975 5016 1146 5086 ἔνοχοι
1173 5016 1416 5083 ἐγένοντο
1441 5011 1531 5065 τοῦ
1563 5012 1813 5080 αἵματος,
1845 5007 1987 5060 οὕτω

417 5104 513 5157 καὶ
545 5095 690 5155 οὗτοι
719 5102 766 5152 οἱ
803 5097 1032 5166 ἀναξίως
1067 5097 1447 5160 κοινωνοῦντες
1493 5095 1600 5148 τῶν
1639 5092 1951 5164 μυστηρίων
1972 5107 1984 5120 ·

415 5185 574 5240 τοῦτο
601 5185 708 5254 γάρ
751 5188 920 5246 ἐστιν,
951 5184 1204 5249 Ἔνοχος
1233 5182 1403 5234 ἔσται
1443 5177 1547 5233 τοῦ
1582 5177 1855 5246 σώματος
1889 5173 1988 5226 καὶ

421 5268 524 5322 τοῦ
545 5270 789 5336 αἳματος
815 5266 919 5321 τοῦ
951 5269 1192 5334 Κυρίου.
1220 5264 1422 5319 Ἐδόκει
1453 5260 1650 5330 πολλὴν
1685 5257 1990 5328 ὑπερϐολὴν

420 5349 562 5421 ἔχειν
603 5351 663 5402 τὸ
707 5350 994 5420 εἰρημένον
1047 5349 1140 5401 καὶ
1190 5348 1460 5418 ἀφόρητος
1492 5339 1630 5396 εἶναι
1676 5341 1708 5410 ἡ
1755 5339 1986 5406 ἀπειλή·

421 5431 837 5503 προσεθήκαμιν
873 5434 966 5486 καὶ
1006 5431 1264 5501 λογισμὸν
1303 5431 1365 5482 ἐκ
1394 5425 1833 5498 παραδείγματος
1863 5421 1989 5472 ἀκο-

420 5513 636 5566 λουθίαν
685 5515 872 5584 ἔχοντα
922 5515 1139 5586 πολλήν.
1178 5515 1389 5583 ’Ὠσπερ
1421 5511 1562 5580 γὰρ,
1612 5508 1776 5576 ἔφην,
1817 5504 1882 5557 ἂν
1931 5521 1988 5556 τε

423 5595 686 5667 διαρρήξῃ
723 5614 804 5660 τις
859 5602 956 5668 τὴν
1005 5596 1313 5668 πορφυρίδα
1357 5595 1455 5664 τὴν
1492 5590 1792 5662 βασιλικὴν,
1827 5590 1890 5642 ἀν
1928 5605 1985 5640 τε

2047 2201 2252 2274 μολύνῃ
2281 2200 2545 2272 βορϐόρῳ,
2569 2197 2960 2272 παραπλησίως
2981 2197 3130 2270 [659]
3161 2199 3240 2260 εἰς
3273 2197 3364 2249 τὸν
3389 2197 3614 2249 ἐνδύντα

2045 2286 2212 2354 αὐτὴν
2247 2284 2433 2356 ὕϐρισε
2489 2283 2740 2353 βασιλέαο
2781 2283 2922 2336 οὕτω
2969 2283 3034 2353 δὴ
3067 2285 3164 2336 καὶ
3199 2280 3431 2334 ἐνταῦθα
3474 2281 3618 2333 οἵτε

2047 2369 2324 2430 ἀνελόντες
2369 2368 2430 2419 τὸ
2475 2368 2632 2438 σῶμα
2673 2369 2733 2420 τὸ
2769 2367 3105 2432 δεσποτικὸν,
3139 2368 3192 2420 οἵ
3225 2384 3284 2418 τε
3323 2364 3620 2434 ἀκαθάρτῳ

2047 2451 2322 2521 δεχόμενοι
2351 2454 2416 2522 τῇ
2447 2451 2674 2522 διανοίᾳ,
2707 2451 2908 2520 ὁμοίως
2937 2449 3324 2520 ἐμπαροινοῦσι
3355 2448 3432 2518 τῷ
3463 2446 3618 2500 ἐνῇ-

2053 2551 2182 2603 ματι
2204 2533 2280 2604 τῷ
2309 2534 2592 2604 βασιλικῷ.
2618 2532 2912 2604 Διέρρηξαν
2942 2534 3040 2603 μὲν
3065 2529 3156 2586 οὖν
3181 2532 3311 2586 αὐτὸ
3337 2530 3574 2584 Ἰουδαῖοι
3591 2539 3620 2568 ι

2052 2615 2128 2685 τῷ
2158 2617 2407 2686 σταυρῷ,
2457 2617 2672 2686 μολύνει
2705 2618 2760 2669 δὲ
2802 2617 2892 2669 καὶ
2942 2619 2969 2669 ό
3002 2617 3294 2686 ἀκαθάρτῳ
3335 2613 3622 2683 δεχόμενος
3683 2657 3702 2670 ,

2055 2698 2185 2752 αὐτὸ
2205 2697 2351 2770 ψυχῇ
2375 2717 2388 2728 ·
2412 2699 2553 2752 ὥστε
2583 2701 2630 2753 εί
2665 2701 2757 2752 καὶ
2787 2699 3020 2769 διάφορα
3039 2698 3110 2752 τά
3131 2700 3227 2768 τῆς
3256 2695 3621 2767 παρανομίας,

2056 2783 2192 2836 ἀλλά
2228 2783 2295 2836 τὰ
2337 2783 2436 2852 τῆς
2472 2781 2681 2850 ὕϐρεως
2727 2783 2837 2838 ίσα.
2878 2783 3046 2834 Τοῦτο
3083 2781 3290 2836 πολλῶν
3317 2778 3624 2848 καθήψατο,

2057 2867 2212 2920 τοῦτο
2251 2865 2476 2930 πολλοὺς
2515 2864 2844 2935 ἐθορύϐησεν
2869 2883 2882 2896 ο
2937 2866 3094 2918 ἔδακε
3133 2865 3195 2916 τὸ
3239 2862 3470 2925 συνειδὸς
3516 2861 3628 2913 τῶν

2059 2951 2384 3013 ἀκουόντων,
2429 2950 2626 3020 μᾶλλον
2663 2950 2722 3002 δέ
2778 2950 2900 3020 οὐχὶ
2953 2949 3063 3002 τῶν
3111 2948 3415 3002 ἀκουόντων
3444 2945 3626 3016 μόνον,

2061 3035 2196 3088 ἀλλά
2231 3035 2320 3087 καὶ
2351 3034 2485 3104 ἐμοῦ
2524 3033 2615 3086 τοῦ
2641 3033 2888 3100 λέγοντος
2921 3033 3028 3104 πρὸ
3065 3031 3216 3102 ὑμῶν
3235 3047 3248 3060 '
3280 3030 3432 3099 κοινὴ
3459 3029 3567 3098 γάρ
3591 3030 3626 3096 ἡ

2061 3119 2397 3178 διδασκαλία,
2433 3117 2583 3174 κοινὰ
2631 3117 2699 3170 τά
2736 3119 3052 3187 τραύματα’
3095 3115 3174 3168 διὸ
3221 3115 3314 3168 καὶ
3361 3111 3516 3166 κοινά
3559 3111 3632 3162 τά

2066 3203 2334 3272 φάρμακα
2398 3199 2702 3271 ἐπιτίθημι.
2737 3200 2906 3253 Τοῦτο
2965 3200 3064 3269 τῆς
3101 3197 3196 3252 τοῦ
3248 3195 3382 3250 Θεοῦ
3445 3195 3634 3262 φιλαν-

2068 3283 2311 3354 θρωπίας
2345 3283 2562 3351 ἐγένετο
2601 3283 2784 3354 ἔργον,
2813 3282 2952 3336 ὥστε
3003 3281 3220 3336 καὶτὸν
3262 3279 3491 3346 λέγοντα
3537 3276 3637 3328 καὶ

2068 3363 2520 3430 τοὺς“ἀκούοντας
2563 3368 2674 3428 τοῖς
2704 3366 2886 3428 αὐτοῖς
2931 3362 3248 3416 ὑποκεῖσθαι
3295 3362 3504 3431 νόμοις,
3533 3359 3640 3426 τῆς

2068 3449 2241 3518 αὐτῆς
2275 3450 2550 3502 κοινωνεῖν
2580 3448 2812 3516 φύσεως,
2843 3446 3044 3516 ὁμοίως
3068 3445 3298 3499 ἕκαστον
3337 3442 3636 3496 ὑπεύθυνον

2068 3529 2206 3586 εἶναι
2244 3530 2670 3602 παραϐαίνοντα.
2711 3530 2810 3584 Διά
2835 3529 2920 3593 τίς
2961 3529 3078 3584 Ἵνα
3129 3529 3263 3598 μετά
3293 3525 3638 3596 συμμετρίας

2069 3616 2288 3683 ποιῆται
2320 3615 2417 3684 τὴν
2451 3613 2784 3684 ἐπιτίμησιν,
2821 3613 2906 3664 ἵνα
2946 3609 3384 3680 συγγνωμονικός
3413 3609 3640 3678 γένηται

2068 3699 2180 3759 τοῖς
2203 3697 2624 3766 ἁμαρτάνουσιν,
2645 3697 2729 3752 ἵνα
2754 3693 3294 3764 ἁναμιμνησκόμενος
3317 3691 3414 3760 τῆς
3433 3688 3641 3752 οἰκείας

2071 3781 2353 3842 ἀσθενείας
2403 3781 2478 3850 μὴ
2531 3779 2801 3850 ἀφόρητον
2853 3778 3072 3846 ποιῆται
3121 3777 3211 3828 τὸν
3255 3776 3492 3842 ἔλεγχον.
3536 3771 3640 3824 Διά

2072 3861 2227 3915 τοῦτο
2261 3864 2359 3914 οὐκ
2397 3861 2657 3930 ἀγγέλους
2703 3862 2767 3912 ἐκ
2809 3860 2916 3912 τῶν
2953 3858 3193 3929 οὐρανῶν
3237 3853 3564 3924 καταγαγὼν
3609 3856 3642 3906 ὁ

2073 3945 2204 4008 Θεὸς
2225 3947 2289 4014 τῇ
2313 3945 2418 3997 τῶν
2439 3943 2738 4011 ἀνθρώπων
2764 3943 2924 4012 φύσει
2947 3941 3300 4002 διδασκάλους
3321 3939 3644 4008 ἐπέστησεν,

2077 4027 2162 4078 ἵνα
2197 4028 2269 4097 μὴ
2296 4025 2383 4079 διά
2406 4025 2466 4078 τὸ
2501 4026 2601 4096 τῆς
2636 4025 2847 4094 φύσεως
2875 4024 3161 4094 ὑπερέχον,
3193 4023 3286 4075 κα)⁸
3313 4022 3410 4090 τῆς
3431 4019 3650 4088 ἀνθρω-

2077 4110 2236 4178 πίνης
2267 4109 2550 4171 ἀσθενείας
2579 4109 2674 4176 τὴν
2705 4108 2944 4174 ἄγνοιαν,
2973 4105 3350 4176 ἀφειδέστερον
3384 4101 3646 4156 ποιῶνται

2077 4194 2174 4255 τάς
2206 4191 2326 4244 καθ’
2349 4191 2505 4261 ἡμῶν
2528 4191 2870 4260 ἐπιτιμήσεις
2889 4205 2901 4217 ·
2931 4188 3064 4242 ἀλλά
3083 4188 3398 4258 ἀνθρώπους
3420 4185 3646 4255 θνητοὺς

2079 4277 2244 4330 ἔδωκε
2270 4274 2620 4337 διδασκάλους
2658 4275 2749 4326 καὶ
2777 4274 2975 4342 ἱερέας,
3005 4270 3321 4344 ἀνθρώπους
3361 4269 3649 4324 ἀσθένειαν

2081 4357 2522 4428 περικειμένους,
2555 4357 2622 4408 ἵν’
2683 4356 2812 4410 αὐτὸ
2853 4355 2916 4425 δὴ
2947 4355 3102 4410 τοῦτο
3124 4396 3136 4416 ,
3174 4353 3234 4406 τὸ
3271 4356 3378 4416 τοῖς
3405 4353 3430 4392 b
3465 4353 3652 4414 αὐτοῖς

2087 4445 2112 4495 ὑ
2127 4441 2382 4494 πεύθυνον
2409 4436 2548 4493 εἶναι
2585 4440 2678 4493 καὶ
2701 4439 2790 4492 τὸν
2814 4439 3036 4507 λέγοντα
3060 4438 3153 4490 καὶ
3177 4437 3302 4499 τοὺς
3333 4434 3652 4499 ἀκούοντας,

2083 4524 2298 4598 χαλινὸς
2333 4524 2554 4592 γένηται
2583 4525 2652 4593 τῇ
2680 4521 2771 4574 τοῦ
2793 4522 3039 4590 λέγοντος
3065 4519 3298 4592 γλώττῃ,
3336 4519 3409 4589 μὴ
3439 4535 3656 4588 συγχωο

2087 4606 2196 4678 ρῶν
2221 4606 2363 4676 πέρα
2391 4605 2482 4657 τοῦ
2517 4605 2715 4675 μέτρου
2741 4604 3010 4658 ποιεῖσθαι
3036 4603 3133 4666 τὰς
3165 4602 3515 4676 κατηγορίας.
3541 4599 3656 4654 Καὶ

2089 4692 2167 4743 ὃτι
2197 4689 2351 4744 τοῦτό
2383 4690 2526 4740 ἐστιν
2555 4687 2772 4759 ἀληθὲς,
2803 4689 2963 4751 αὐτὸς
2999 4691 3026 4741 ό
3058 4688 3289 4751 Παῦλος,
3319 4691 3347 4740 ὁ
3373 4686 3463 4740 τὸν
3489 4685 3654 4755 νόμον

2087 4776 2290 4826 ἐκεῖνον
2327 4771 2460 4836 θεὶς,
2500 4773 2594 4824 καὶ
2631 4773 2833 4843 ταύτην
2872 4774 3018 4842 ἡμᾶς
3063 4773 3267 4836 ἐδίδαξε
3314 4771 3411 4840 τὴν
3449 4771 3656 4836 αἰτίαν,

2087 4856 2258 4918 οὕτως
2287 4854 2482 4907 εἰπών·
2518 4853 2643 4920 Πᾶς
2673 4855 2779 4923 γὰρ
2821 4855 3013 4926 ἱερεὺς
3039 4855 3105 4919 ἐξ
3141 4856 3464 4924 ἀνθρώπων
3501 4856 3660 4921 λαμ-

2090 4939 2434 5008 ϐανόμενος,
2468 4937 2618 5005 ὑπὲρ
2654 4937 2977 5004 ἀνθρώπων
3021 4939 3390 4998 καθίσταται,
3421 4952 3658 5004 μετριο-

2092 5021 2301 5076 παθεῖν
2317 5020 2645 5090 δυνάμενος
2659 5021 2782 5086 τοῖς
2802 5021 3088 5089 ἀγνοοῦσι
3108 5021 3204 5074 καί
3221 5019 3658 5088 πλανωμένοις.

2094 5106 2264 5158 Πόθεν
2302 5105 2395 5159 καὶ
2437 5105 2522 5157 διὰ
2569 5105 2657 5168 τί;
2698 5103 2933 5172 Ἐπειδὴ
2977 5105 3072 5159 καί
3120 5105 3301 5171 αὐτὸς
3339 5103 3662 5172 περίκειται

2094 5189 2432 5244 ἀσθένειαν.
2477 5191 2635 5260 Ὁρᾷς
2679 5187 2760 5240 ότι
2811 5188 3126 5259 ὴὰσθένεια
3168 5191 3266 5258 τῆς
3316 5187 3664 5262 συμπαθείας

2093 5272 2348 5334 ὑπόθεσις
2373 5273 2599 5340 γίνεται,
2635 5271 2816 5324 καὶτὸ
2869 5273 3126 5340 συγγενὲς
3161 5273 3258 5343 τῆς
3309 5273 3524 5340 φύσεως
3561 5271 3666 5324 οὐκ

2092 5356 2316 5425 ἀφίησιν
2349 5357 2427 5418 είς
2446 5354 2712 5424 ἀμετρίαν
2743 5354 2870 5406 ποτέ
2906 5357 3156 5410 ἐκπεσεῖν
3181 5357 3268 5410 τὸν
3300 5353 3664 5424 ἐπιτιμῶντα,

2091 5437 2194 5489 κῖιν
2223 5437 2425 5508 σφόδρα
2458 5437 2729 5507 φιλονεικῇ
2752 5453 2765 5500 ;
2792 5437 2946 5500 Τίνος
2973 5437 3029 5489 δέ
3063 5438 3245 5492 ἕνεκεν
3273 5437 3444 5490 ταῦτα
3471 5431 3666 5504 dum;

2153 5532 2323 5580 ‘Colb.
2350 5533 2482 5581 αὐτοὶ
2514 5531 2747 5581 Ἰουδαῖοι.

2152 5592 2178 5636 1³
2209 5595 2288 5643 Sic
2312 5608 2398 5644 nos
2423 5607 2450 5644 e
2471 5595 2679 5658 Savilio;
2707 5593 2872 5645 Monlf.
2898 5595 3056 5658 τοῦτο,
3076 5597 3154 5645 καὶ
3178 5595 3288 5652 τοῖς.
3319 5595 3451 5646 Eon.
