4080 6196
330 264 433 320 653

329 377 549 430 liaretur
575 391 602 429 a
631 374 846 432 diabolo
870 419 883 442 ,
917 377 1180 448 jacturam
1223 395 1282 438 se
1310 382 1518 438 illorum
1552 401 1709 454 posse
1753 388 1927 444 facere

331 468 616 522 meditatus
645 478 808 523 esset.
834 470 897 523 Et
927 478 978 524 tu
1012 472 1168 540 igitur
1193 488 1322 543 opes
1352 484 1658 542 contemne,
1678 478 1804 533 dum
1835 480 1928 535 ad-

330 567 472 621 sunt,
505 567 582 625 ut,
611 573 732 613 cum
759 559 1044 630 aliquando
1082 563 1272 620 ablata:
1319 565 1536 634 fuerint,
1592 585 1924 640 nequaquam

329 651 516 706 dolore
563 650 845 722 frangaris.
888 653 1145 724 Expende
1197 657 1313 712 illas
1359 658 1411 713 in
1457 676 1542 715 res
1577 662 1754 729 utiles,
1801 663 1926 718 dum

330 752 643 813 suppetunt,
673 751 766 811 ut,
813 759 933 800 cum
961 757 1158 816 ereptae
1179 747 1396 817 iuerint,
1426 751 1624 822 duplex
1660 755 1750 808 tibi
1782 771 1926 825 qua:-

329 846 444 891 stus
473 837 743 902 obveniat,
779 846 888 893 tum
915 840 986 894 oh
1019 850 1253 909 paratam
1287 844 1380 898 tibi
1425 846 1750 913 mercedem,
1785 849 1926 918 quod

329 943 422 983 eas
447 930 650 999 optime
676 931 1012 999 evpenderis,
1047 943 1156 989 tum
1184 935 1255 991 ob
1300 938 1609 1007 acquisitam
1633 955 1695 994 cx
1741 955 1924 995 earnm

330 1031 642 1092 cootemptn
676 1023 1068 1095 philosophiam
1088 1037 1143 1082 et
1177 1028 1504 1098 patientiam,
1542 1047 1660 1102 qua:
1691 1032 1782 1086 tibi
1814 1041 1924 1086 tum

331 1115 437 1170 erit
462 1115 601 1180 usui,
629 1130 748 1169 cum
783 1116 886 1171 illis
915 1116 1080 1173 fueris
1121 1119 1423 1176 destitutus.
1458 1122 1742 1194 Propterea
1773 1139 1925 1178 nam-

331 1221 436 1274 que
471 1219 701 1274 χρήματα
748 1209 987 1277 pecunia:
1031 1219 1320 1280 vocantur,
1364 1223 1420 1266 ut
1449 1214 1553 1268 illis
1596 1223 1826 1279 utamur,
1872 1223 1929 1269 ut

331 1297 506 1358 decet,
531 1307 710 1351 nonut
731 1313 824 1352 eas
850 1297 1183 1357 defodiamus
1213 1319 1227 1356 :
1255 1304 1618 1371 possessiones
1641 1315 1923 1376 prepterea

334 1387 600 1454 dicuntur,
633 1397 692 1450 ut
718 1405 816 1444 nos
844 1405 935 1445 eas
966 1392 1353 1460 possideamus,
1385 1410 1491 1449 non
1517 1395 1584 1449 ab
1611 1397 1714 1451 illis
1753 1398 1924 1466 possi-

335 1480 582 1536 deamur.
609 1481 862 1538 Dominus
891 1499 948 1539 es
968 1485 1306 1554 pecuniarum
1325 1488 1627 1555 multarum,
1657 1489 1764 1542 noli
1796 1505 1925 1559 ergo

334 1573 439 1629 illis
482 1574 705 1639 servire,
756 1591 979 1645 quorum
1029 1577 1301 1633 dominum
1343 1588 1394 1634 te
1431 1581 1705 1636 constituit
1744 1582 1925 1638 Deus:

1235 268 1370 326 NON
1411 271 1579 328 ESSE
1620 275 1712 329 AD
1753 275 2062 334 ΟΠΑΤΙᾹΜ
2104 279 2652 342 (ἶυΝῐΣῐΟΝᾹΝῡυΜ.

1930 1707 2044 1712 ,η--ς
2053 1706 2226 1713 w-—-——-
2237 1706 2314 1712 -.——-
2325 1707 2454 1714 ,ἡ
2463 1707 2502 1710 --ο
2539 1707 2618 1712 -γ-

3380 257 3391 281 δ

3513 296 3614 353 (iiii

2033 406 2136 446 non
2162 397 2362 449 servies
2402 407 2601 465 autem,
2635 400 2696 464 si,
2735 408 2790 454 ut
2837 401 3010 468 decet,
3046 403 3159 457 illas
3192 405 3482 474 expendas,
3517 425 3620 462 non

2034 483 2178 537 lmmi
2205 485 2459 541 defodias.
2486 488 2626 543 Nihil
2653 491 2720 544 ita
2741 491 3000 546 lubricum
3030 504 3130 554 est.
3163 506 3216 548 ut
3239 496 3467 562 divitiae;
3493 499 3622 552 nihil

2035 575 2104 628 ita
2135 578 2386 632 nmtahile
2414 589 2515 646 est,
2566 589 2623 634 ut
2669 577 2817 651 opes.
2852 584 3075 651 Quando
3107 586 3266 653 igitur
3292 588 3426 642 adeo
3457 590 3617 642 insta.

2036 665 2154 722 bilis
2185 675 2266 721 est
2294 669 2496 722 illarum
2527 673 2793 738 possessio
2815 714 2828 736 ,
2863 689 2924 727 ac
2953 675 3178 730 celerius
3212 677 3314 730 illa:
3337 694 3494 746 quam
3532 695 3573 730 Vt
3595 711 3627 726 ..

2032 754 2196 810 lucris
2224 773 2252 811 a
2276 759 2425 813 nobis
2453 761 2688 826 avolant,
2713 773 2765 817 et
2794 764 3039 834 injustius
3061 783 3216 835 quam
3245 769 3489 837 fugitivus
3511 771 3626 839 qui-

2033 849 2113 901 vis
2142 849 2412 920 aufugiam
2447 869 2592 921 :quo
2628 865 2869 923 tempore
2912 856 3111 910 domini
3162 858 3370 911 illarum
3419 874 3624 924 sumus,

2032 941 2134 993 illis
2159 950 2388 1008 utamur,
2435 953 2490 997 ut
2527 945 2701 1009 decet,
2757 962 2861 1016 quo
2902 950 3166 1016 possimus
3203 963 3266 1003 ex
3295 950 3623 1006 instabililnts

2034 1034 2275 1099 pecuniis
2312 1035 2520 1090 stabilia
2559 1036 2712 1092 nobis
2740 1038 2875 1092 bona
2912 1054 3244 1108 comparare,
3273 1057 3335 1096 ac
3377 1043 3625 1096 recondi-

2034 1131 2144 1176 tum
2195 1125 2348 1181 nobis
2393 1127 2444 1180 in
2478 1128 2624 1182 caelis
2654 1129 2964 1185 thesaurum
3014 1133 3306 1202 possidere,
3340 1150 3443 1203 quo
3474 1135 3627 1190 nobis

2030 1215 2276 1270 omnibus
2305 1217 2501 1271 utinam
2529 1221 2682 1289 potiri
2709 1223 3000 1291 contingat,
3033 1224 3199 1292 gratia
3218 1234 3270 1278 et
3297 1225 3620 1296 benignitate

2033 1308 2240 1361 Domini
2266 1312 2430 1364 nostri
2457 1311 2582 1365 Jesu
2607 1312 2823 1376 Christi,
2860 1331 2954 1383 per
2983 1332 3142 1384 quem
3167 1326 3219 1370 et
3248 1332 3366 1370 cum
3398 1334 3502 1388 quo
3532 1319 3630 1372 l‘a-

2035 1403 2098 1453 tri
2127 1401 2294 1470 gloria
2345 1403 2608 1472 simulque
2637 1404 2855 1473 Spiritui
2878 1402 3100 1460 Sancto.
3121 1422 3260 1462 inme
3292 1416 3347 1464 et
3393 1424 3624 1478 semper,

2031 1499 2083 1544 et
2111 1491 2162 1544 in
2180 1492 2371 1545 smcula
2392 1494 2731 1549 saeculorum.
2762 1500 2952 1551 Amen.

3303 1706 3572 1713 ——————.

337 1783 473 1826 BHM
520 1783 664 1827 ESSE
710 1783 1004 1828 PERICULI
1050 1787 1302 1831 PLENAM
1345 1786 1476 1828 CUM
1525 1787 1604 1830 IIS
1649 1787 1756 1838 QUI
1803 1785 2061 1839 DICUNT,
2107 1786 2240 1828 TUM
2286 1785 2366 1828 IIS
2413 1786 2519 1837 QUI
2552 1787 2859 1840 AUDIUNT,
2906 1787 2990 1828 AD
3033 1786 3339 1828 GRATIASI"
3366 1785 3627 1828 CONCIO-

581 1883 732 1926 NAR]

417 2117 465 2170 l.
496 2115 634 2172 Satis
653 2156 668 2182 ,
696 2115 886 2186 Opinor
909 2157 926 2183 ,
954 2132 1048 2172 vos
1079 2133 1246 2186 nuper
1271 2118 1678 2188 increpavimus,
1708 2133 1770 2174 ac
1805 2135 1930 2188 pro—

339 2206 640 2262 fundiorem
668 2209 873 2279 plagam
898 2208 1184 2264 iniliximns
1214 2211 1657 2279 :itaqnenecesse
1672 2221 1755 2266 est
1777 2211 1934 2267 hodie

339 2301 686 2365 medeamur,
716 2317 780 2358 ac
805 2302 1012 2358 mitiora
1062 2302 1448 2358 medicamenta
1493 2304 1734 2373 quazdam
1764 2319 1932 2374 appo-

338 2407 554 2446 namus.
589 2393 681 2447 llic
727 2394 872 2450 enim
918 2395 1150 2463 optimus
1197 2403 1279 2449 est
1318 2395 1597 2450 medicina:
1639 2395 1848 2460 modus,
1879 2407 1935 2449 ut

341 2500 448 2538 non
482 2485 641 2538 modo
670 2497 920 2540 secentur
945 2486 1127 2541 ulcera
1151 2527 1165 2551 ,
1196 2501 1379 2542 verum
1407 2487 1562 2542 etiam
1595 2487 1894 2558 obligentur
1919 2506 1930 2541 :

342 2576 458 2629 lucc
483 2578 732 2646 praeclara
761 2577 1018 2633 doctrina:
1044 2578 1126 2633 lex
1147 2587 1245 2642 est,
1273 2587 1328 2633 ut
1345 2595 1448 2634 non
1466 2577 1624 2633 tuodo
1643 2580 1935 2648 reprehen-

339 2669 538 2722 dantnr
566 2669 828 2747 discipuli,
859 2686 1044 2725 verum
1069 2671 1227 2726 ctiam
1250 2670 1703 2726 cohortationibus
1731 2682 1784 2723 ct
1808 2685 1936 2726 con-

339 2760 692 2816 solatinnihns
758 2762 1091 2831 adiuventur.
1151 2762 1224 2816 lta
1296 2777 1508 2832 quoque
1571 2763 1764 2818 Paulus
1821 2762 1934 2817 fieri

338 2852 503 2920 jussit
528 2871 541 2906 :
566 2852 751 2922 Argue,
777 2853 1001 2920 increpa,
1023 2854 1288 2909 eat/tortore
1317 2853 1390 2926 (2.
1425 2852 1558 2907 Tim.
1591 2853 1644 2908 4.
1673 2851 1749 2923 9).
1783 2852 1933 2919 Quod

344 2943 392 2996 si
425 2958 638 3013 semper
665 2944 983 2999 cxhortetnr
1010 2946 1288 3015 quispiam,
1323 2945 1735 3014 negligentiores
1761 2943 1939 3018 reddit

343 3036 618 3088 auditores
639 3036 709 3090 :si
745 3045 944 3089 tantum
977 3037 1234 3105 increpet,
1265 3037 1562 3106 asperiores
1589 3036 1750 3090 efficit
1775 3053 1788 3090 :
1816 3050 1937 3090 cum

344 3128 493 3182 enim
510 3127 841 3182 assiduarum
867 3142 1002 3183 onus
1021 3127 1496 3198 reprehensionum
1525 3127 1663 3182 ferre
1692 3141 1802 3182 non
1819 3142 1941 3196 pos-

344 3219 486 3283 sint,
515 3218 794 3273 confestim
839 3219 1151 3274 abscedunt.
1195 3220 1454 3288 Quocirca
1503 3221 1680 3274 varius
1723 3220 1938 3290 quidam

344 3310 684 3365 adhibendus
701 3320 784 3366 est
799 3311 1022 3366 docendi
1039 3312 1248 3367 modus.
1267 3313 1488 3380 Quando
1507 3313 1662 3384 igitur
1678 3313 1941 3382 superiori

345 3404 573 3459 collecta
619 3403 876 3473 cujusque
910 3411 1143 3459 mentem
1173 3404 1348 3459 acrius
1385 3418 1560 3460 sermo
1592 3405 1938 3473 perstrinxit,

349 3495 544 3550 leniori
585 3511 724 3550 nunc
760 3495 982 3551 docendi
1013 3496 1172 3550 modo
1203 3495 1356 3550 nobis
1392 3506 1472 3550 est
1501 3512 1635 3566 opus
1685 3496 1943 3551 hodierno

349 3587 440 3640 die
464 3629 479 3650 ,
507 3601 571 3640 ac
607 3587 879 3641 doloribus
900 3627 919 3653 ,
947 3602 1079 3656 quos
1112 3587 1555 3657 reprehensiones
1599 3588 1941 3652 inusserunt,

352 3693 577 3734 necesse
601 3689 682 3733 est
705 3690 972 3748 tamquam
1001 3680 1176 3734 oleum
1201 3680 1468 3734 lenitatem
1491 3680 1752 3734 sermonis
1772 3679 1944 3732 instil—

356 3771 562 3837 lemus,
591 3773 634 3826 si
681 3773 829 3841 prius
861 3771 1010 3826 vobis
1046 3773 1095 3826 in
1147 3772 1459 3826 memoriam
1504 3770 1946 3840 reprehensiones

355 3866 503 3936 ipsas
531 3869 977 3924 revocaverimus.

430 3961 538 4014 Lex
561 3959 716 4015 Pauli
737 3963 800 4016 de
822 3963 904 4029 iis,
927 3965 1010 4031 qui
1029 3964 1234 4034 indigne
1258 3963 1647 4016 communicant.
1663 3991 1735 4004 -—
1751 3962 1944 4030 Legem

357 4051 510 4106 Pauli
554 4053 707 4107 vobis
746 4071 916 4124 nuper
938 4055 1006 4109 de
1046 4063 1502 4109 sacramentorum
1544 4055 1947 4125 participatione

352 4145 719 4211 recitavimus,
749 4163 851 4216 qua
880 4148 1078 4212 cuncti,
1107 4148 1194 4217 qni
1227 4147 1494 4218 mysteriis
1551 4146 1739 4200 initiati
1783 4155 1944 4213 sunt,

352 4239 779 4308 obstringuntur.
805 4240 931 4294 llrcc
955 4249 1130 4295 autem
1161 4241 1243 4294 lex
1271 4248 1384 4295 erat
1409 4256 1420 4291 :
1450 4239 1578 4292 nihil
1599 4239 1739 4293 enim
1766 4253 1948 4292 rursus

353 4332 504 4384 illam
546 4331 788 4400 prohibet
831 4332 1041 4386 recitari
1071 4349 1084 4387 :
1120 4329 1300 4384 Probet
1340 4341 1506 4382 autem
1533 4330 1757 4398 seipsum
1789 4345 1947 4382 unus-

353 4424 587 4492 quisque,
627 4431 673 4475 et
715 4425 785 4476 sic
814 4425 877 4477 de
902 4440 1030 4493 pane
1059 4421 1150 4476 illo
1179 4422 1294 4475 edat
1319 4462 1332 4485 ,
1365 4431 1412 4475 et
1439 4424 1500 4476 de
1526 4423 1680 4474 calice
1707 4421 1839 4474 bibat
1865 4421 1945 4489 (l.

350 4512 476 4568 Cor.
509 4516 591 4570 it.
618 4515 733 4584 28).
763 4515 968 4580 Sciunt,
1001 4514 1090 4583 qui
1124 4513 1388 4584 mysteriis
1417 4513 1601 4566 initiati
1627 4523 1747 4566 sunt
1780 4552 1796 4578 ,
1818 4504 1950 4581 quid

350 4608 618 4672 dicamus,
644 4616 696 4661 et
723 4609 845 4677 quis
873 4608 958 4662 hic
985 4607 1135 4677 panis
1158 4607 1260 4671 sit,
1294 4607 1476 4676 quisve
1500 4605 1662 4658 caliv.
1692 4605 1791 4671 Qui
1818 4605 1950 4657 enim

349 4701 630 4756 murmurat
658 4712 705 4754 et
735 4701 891 4764 bibit,
926 4701 1134 4770 inquit,
1167 4699 1372 4769 indigne
1410 4697 1662 4758 Domino,
1693 4713 1808 4751 reus
1857 4697 1950 4749 erit

345 4795 588 4863 corporis
615 4803 662 4845 et
693 4792 950 4862 sanguinis
983 4790 1186 4844 Domini
1218 4789 1377 4860 (Ibid.
1407 4805 1453 4841 υ.
1483 4788 1594 4858 27).
1627 4788 1773 4843 lianc
1801 4786 1950 4841 vobis

345 4887 530 4955 legem
560 4885 898 4937 recitavimus
916 4925 929 4947 ,
957 4893 1008 4936 et
1034 4883 1314 4936 verborum
1343 4895 1556 4934 sensum
1587 4879 1949 4947 exposuimus.

347 4976 600 5030 Diximus
625 4975 750 5044 quid
794 4975 862 5028 sit
885 5015 899 5038 ,
931 4973 1064 5028 Reus
1104 4974 1195 5026 erit
1233 4971 1456 5040 corporis
1486 4981 1530 5024 et
1556 4971 1816 5039 sanguinis
1847 4967 1952 5022 Do—

343 5069 478 5123 mini
504 5111 518 5132 ,
549 5068 766 5122 easdem
799 5067 1046 5121 nimirum
1078 5081 1263 5135 pinnas
1291 5065 1571 5128 daturum,
1599 5079 1731 5133 quas
1758 5073 1808 5116 ct
1835 5062 1948 5127 illi,

341 5162 445 5232 qui
476 5161 744 5215 Christum
792 5159 1104 5216 crucifixere
1149 5159 1500 5213 sustinebant.
1531 5156 1662 5210 Nam
1693 5154 1952 5226 quemad-

339 5254 574 5308 modum
604 5253 884 5308 hotnicidae
925 5254 997 5307 illi
1045 5253 1121 5307 rei
1151 5251 1272 5306 facti
1293 5260 1417 5306 sunt
1440 5249 1711 5320 sanguinis
1736 5291 1750 5316 ,
1782 5249 1859 5303 sic
1899 5257 1952 5303 et

342 5346 443 5400 i3ti
474 5346 565 5416 qui
598 5345 947 5400 sacramentis
979 5345 1188 5416 indigne
1211 5343 1610 5398 communicant
1638 5359 1650 5394 :
1684 5342 1783 5394 hoc
1809 5341 1950 5394 enim

341 5449 438 5494 est
460 5479 474 5501 ,
504 5437 639 5492 Reus
669 5439 758 5491 erit
789 5439 1016 5506 corporis
1041 5446 1084 5489 et
1115 5437 1373 5506 sanguinis
1406 5433 1632 5488 Domini.
1663 5431 1953 5486 Videbatur

337 5534 556 5588 dictum
581 5532 708 5586 illud
731 5533 887 5603 plane
917 5533 1129 5586 modum
1156 5529 1440 5591 excedere,
1467 5537 1622 5597 atque
1645 5524 1951 5580 intolerabi-

339 5627 434 5682 les
465 5626 621 5680 minrc
649 5626 1004 5680 censebantur
1034 5643 1046 5679 :
1076 5626 1332 5679 rationem
1362 5622 1700 5691 adjunximns
1740 5619 1951 5673 ductam

414 5743 490 5802 (u)
517 5741 693 5791 Collina
716 5755 826 5791 cum
848 5742 938 5790 Cod
983 5739 1279 5798 Colb.'1030,
1320 5739 1402 5800 qui
1428 5751 1522 5788 non
1547 5735 1751 5786 multum
1781 5735 1951 5785 variat.

777 1885 792 1924 :
841 1883 1046 1937 ATQUE
1079 1886 1264 1928 unus
1310 1886 1479 1943 esse,
1527 1888 1607 1929 ET
1649 1885 1981 1928 ausurus!
2027 1885 2334 1928 mxuma:
2367 1887 2634 1928 rnorem
2678 1887 2986 1930 INCUSARE
3033 1869 3426 1949 reccan(u).

2037 2119 2105 2174 ab
2142 2119 2424 2188 exemplo,
2449 2136 2566 2190 quae
2611 2120 2833 2175 mirifice
2879 2120 3194 2190 quadrabat.
3228 2120 3298 2177 Ut
3326 2123 3468 2176 enim
3516 2125 3628 2179 sive

2038 2213 2156 2282 quis
2184 2214 2385 2282 regiam
2416 2228 2704 2282 purpuram
2729 2213 3012 2278 discindat,
3038 2214 3362 2284 inquiebam,
3387 2215 3498 2270 sive
3523 2216 3630 2269 Iulo
3692 2277 3695 2280 _

2039 2303 2367 2372 coinquinet,
2403 2319 2466 2357 ex
2493 2319 2648 2373 mque
2677 2319 2877 2374 regem,
2913 2305 3001 2374 qui
3033 2319 3094 2359 ea
3127 2305 3339 2359 indutus
3365 2317 3483 2373 est,
3510 2308 3628 2360 al'ti-

2038 2395 2444 2450 citcontumelia
2465 2412 2478 2448 :
2499 2396 2576 2450 sic
2603 2396 2851 2450 nimirum
2877 2395 2978 2450 hoc
2997 2397 3115 2451 loco
3141 2412 3259 2451 cum
3290 2398 3384 2462 illi,
3414 2401 3502 2468 qui
3529 2400 3632 2454 Do-

2039 2489 2289 2544 minicnm
2314 2503 2507 2560 corpus
2533 2499 2807 2553 necarunt,
2830 2500 2938 2543 tum
2961 2490 3048 2559 qui
3075 2490 3344 2545 immunda
3373 2493 3634 2561 recipiunt

2039 2581 2236 2646 anima,
2254 2595 2432 2649 parem
2450 2579 2690 2649 injuriam
2710 2581 2856 2651 regio
2871 2579 3099 2635 inferunt
3113 2581 3450 2636 vestimento.
3465 2582 3634 2636 Disci-

2039 2672 2231 2728 derunt
2254 2672 2467 2742 quidem
2496 2673 2624 2727 illud
2647 2673 2696 2726 in
2721 2688 2880 2727 cruce
2907 2673 3096 2736 Jutla-i;
3126 2673 3431 2742 coinquinat
3451 2684 3628 2729 autem

2042 2763 2104 2827 is,
2127 2765 2214 2832 qui
2249 2764 2514 2818 imtnunda
2543 2764 2764 2833 suscipit
2790 2764 2915 2818 illud
2950 2764 3124 2818 anima
3153 2781 3165 2816 :
3196 2765 3372 2833 itaque
3403 2764 3526 2819 licet
3553 2765 3633 2818 di~

2041 2870 2192 2910 versa
2221 2865 2432 2924 peccata
2458 2855 2585 2920 sint,
2607 2863 2780 2909 tamen
2794 2855 3010 2924 zequalis
3025 2864 3106 2909 est
3135 2855 3346 2923 injuria.
3364 2854 3477 2908 lloc
3496 2855 3633 2909 mul-

2045 2955 2126 3000 tos
2148 2947 2476 3016 perstrinxit,
2492 2948 2590 3001 hoc
2605 2949 2800 3000 multos
2824 2945 3168 3014 perturbavit,
3186 2955 3237 2999 et
3253 2945 3630 3000 conscientiam

2042 3038 2340 3092 auditorum
2367 3037 2601 3108 pupugit,
2627 3052 2724 3091 nec
2751 3037 3051 3091 auditarum
3082 3046 3308 3102 tantum,
3325 3037 3419 3090 sed
3436 3052 3631 3101 meam,

2044 3129 2132 3198 qui
2152 3129 2215 3182 ad
2242 3143 2336 3184 vos
2350 3144 2652 3184 sermonem
2674 3128 2860 3194 habeo,
2879 3129 3022 3199 prius
3039 3144 3194 3198 quam
3209 3141 3457 3182 vestram.
3473 3129 3604 3183 Com
3623 3159 3636 3170 -

2047 3221 2221 3275 munis
2254 3230 2335 3275 est
2363 3221 2559 3290 quippe
2587 3204 2861 3286 doctrina,
2885 3219 3187 3274 communia
3215 3229 3333 3274 sunt
3373 3218 3588 3273 vulnera
3619 3237 3632 3272 :

2045 3320 2369 3381 quapropter
2408 3320 2460 3365 ct
2487 3311 2785 3366 communia
2816 3310 3044 3366 adhibeo
3089 3311 3494 3366 medicamenta.
3524 3309 3636 3364 lloc

2047 3401 2241 3457 divina:
2269 3402 2608 3472 benignitatis
2653 3417 2784 3472 opus
2815 3401 2910 3456 fuit
2930 3443 2946 3469 ,
2980 3411 3036 3456 ut
3059 3411 3114 3456 et
3143 3403 3188 3456 is
3214 3402 3304 3473 qui
3334 3417 3636 3459 sermonem

2050 3492 2240 3558 habet,
2289 3505 2342 3549 et
2383 3497 2470 3564 qui
2515 3495 2772 3561 audiunt,
2815 3494 3004 3551 iisdem
3050 3496 3356 3562 subiaceant
3397 3496 3638 3564 legibus,

2047 3586 2285 3656 ejusdem
2307 3588 2588 3657 participes
2608 3588 2714 3642 sint
2734 3599 2957 3652 naturaz,
2977 3597 3030 3644 et
3059 3588 3254 3657 pariter
3271 3602 3392 3641 reus
3414 3588 3639 3657 quisque

2049 3681 2155 3743 sit,
2181 3680 2267 3733 ubi
2301 3690 2661 3749 transgressus
2690 3681 2860 3752 legem
2905 3681 3083 3737 fuerit.
3111 3681 3221 3746 Qua
3253 3680 3321 3734 de
3345 3679 3546 3733 causa?
3575 3678 3641 3735 Ut

2054 3773 2384 3827 moderatam
2418 3773 2666 3828 adhibeat
2696 3773 3110 3842 lncrepationcm
3135 3811 3150 3837 ,
3183 3780 3240 3824 ut
3279 3771 3636 3840 indulgentior

2053 3865 2142 3918 liat
2170 3864 2220 3917 in
2251 3879 2345 3919 eos
2374 3866 2462 3934 qui
2492 3874 2732 3934 peccant,
2768 3873 2825 3918 ut
2855 3880 2942 3928 ne,
2973 3865 3200 3933 prepria:
3228 3877 3436 3917 memor
3466 3862 3650 3916 imbc‘
3679 3871 3681 3873 ’

2049 3961 2305 4023 cillitatis,
2322 3959 2705 4014 intolerandam
2728 3958 2974 4014 adhibeat
2995 3956 3484 4026 reprehensionem.
3511 3955 3614 4009 Pro
3631 3984 3650 3992 -

2052 4063 2232 4123 pterea
2265 4067 2372 4105 non
2399 4051 2614 4120 angelos
2645 4065 2676 4104 e
2706 4049 2834 4104 caelo
2859 4048 3106 4118 delapsos
3135 4047 3414 4117 magistros
3445 4045 3639 4099 lanna-

2052 4162 2133 4200 nac
2160 4156 2363 4200 natura:
2392 4144 2650 4214 praefecit,
2675 4158 2739 4196 ne
2766 4150 2984 4212 prepter
3009 4140 3379 4196 excellentiam
3411 4149 3650 4208 natum,

2052 4247 2211 4307 atque
2255 4239 2499 4290 humanae
2555 4234 2879 4288 inﬁrmitatis
2920 4233 3302 4301 ignorationem
3345 4231 3644 4299 asperiores

2054 4329 2496 4398 reprehensiones
2527 4327 2682 4381 nobis
2710 4326 3022 4380 adhiberent
3052 4342 3064 4377 :
3095 4325 3187 4378 sed
3220 4324 3463 4378 homines
3494 4338 3640 4377 mor-

2055 4423 2188 4476 tales
2214 4422 2492 4492 magistros
2519 4436 2582 4474 ac
2606 4419 2908 4474 sacerdotes
2943 4418 3241 4482 concessit,
3274 4417 3516 4469 homines
3557 4414 3644 4467 in-

2056 4515 2304 4570 firmitate
2333 4513 2689 4570 circumdatos
2713 4554 2726 4576 ,
2755 4519 2813 4565 ut
2843 4511 2942 4565 hoc
2969 4511 3085 4578 ipso
3108 4550 3125 4575 ,
3151 4508 3290 4578 quod
3318 4507 3518 4562 eisdem
3543 4506 3644 4560 ob-

2055 4607 2202 4661 noxii
2230 4607 2422 4672 sint,et
2440 4606 2482 4658 is
2497 4605 2585 4674 qui
2603 4618 2903 4659 sermonem
2932 4601 3182 4666 habet,et
3205 4596 3644 4680 illiquiaudiunt,

2055 4699 2445 4754 concionatoris
2475 4698 2665 4767 lingua:
2697 4695 2902 4750 frenum
2932 4691 3369 4762 injiciatur,un
3400 4705 3519 4743 cum
3541 4703 3646 4741 non

2055 4792 2195 4846 sinat
2218 4791 2352 4844 ultra
2379 4789 2593 4844 modum
2615 4803 2739 4843 suas
2759 4786 3128 4855 castigationes
3145 4780 3453 4837 extendere.
3473 4780 3648 4847 Atque

2059 4884 2158 4938 hoc
2187 4898 2370 4938 verum
2393 4896 2513 4936 esse
2533 4880 2763 4934 declarat
2788 4877 3004 4941 Paulus,
3026 4875 3116 4944 qui
3143 4875 3309 4943 legem
3334 4870 3476 4924 illam
3505 4870 3645 4933 tulit,

2056 4988 2109 5031 et
2150 4977 2286 5030 hanc
2329 4989 2545 5028 causam
2586 4985 2684 5025 nos
2720 4969 2900 5023 docuit
2927 4967 3009 5020 his
3041 4965 3215 5020 verbis
3241 4973 3396 5017 utens
3425 4981 3440 5016 :
3471 4960 3649 5015 Omnis

2056 5071 2188 5123 enim
2234 5068 2462 5140 pontifet
2491 5081 2552 5120 ea:
2584 5061 2868 5117 lioniiuibus
2915 5067 3204 5126 assumptus
3234 5071 3328 5128 pro
3368 5052 3650 5107 hominibus

2059 5163 2406 5222 constituitur,
2440 5161 2525 5230 qui
2567 5156 2830 5211 condolrre
2860 5154 3013 5224 possit
3055 5153 3116 5205 iis
3136 5192 3149 5215 ,
3177 5151 3263 5217 qui
3303 5149 3537 5218 ignorant
3561 5183 3578 5211 ,
3605 5151 3650 5197 et

2059 5265 2227 5310 errant
2255 5258 2275 5326 (
2299 5252 2452 5305 Hebr.
2477 5252 2529 5306 5.
2565 5252 2612 5303 l.
2643 5260 2686 5302 ct
2713 5246 2809 5314 ‘2).
2838 5246 2950 5311 Qua
2980 5243 3259 5298 occasione
3279 5282 3295 5306 ,
3326 5247 3381 5293 et
3407 5252 3502 5292 cur
3529 5244 3650 5288 una

2059 5353 2215 5408 dem?
2239 5350 2487 5417 Quoniam
2509 5355 2552 5400 et
2581 5346 2687 5415 ipse
2712 5341 3051 5395 circumdatus
3075 5347 3146 5392 est
3161 5335 3467 5404 infirmitate.
3490 5329 3650 5383 Vides

2059 5445 2422 5502 infirmitatem
2467 5434 2854 5506 compassionis
2906 5429 3239 5486 occasionem
3290 5437 3448 5487 esse,
3480 5435 3651 5488 neque

2059 5538 2235 5594 sinere
2270 5533 2638 5605 cognationem
2692 5537 2912 5587 naturas,
2932 5532 2990 5576 ut
3008 5519 3195 5590 quisin
3213 5512 3654 5605 reprehendendo

2061 5629 2276 5685 modum
2320 5602 2579 5685 excedat,
2632 5621 2731 5674 etsi
2780 5614 3126 5670 vehementer
3171 5606 3501 5665 contendat?
3544 5602 3647 5656 Sed

2063 5737 2219 5793 quam
2267 5720 2335 5776 oh
2363 5729 2575 5772 causam
2606 5713 2702 5767 ista
2745 5708 2886 5764 dixi?
2916 5702 2992 5759 Ne
3024 5701 3155 5755 forte
3199 5699 3387 5756 dicatis
3417 5714 3429 5749 :
3457 5695 3535 5748 Tu
3567 5691 3654 5759 qui
