4080 6196
437 255 541 309 ϐῙό

432 371 661 426 mundus
687 383 744 424 es
772 385 800 424 a
829 373 1092 442 premitis,
1118 383 1170 426 et
1201 388 1229 424 a
1260 373 1522 437 molestia,
1545 389 1702 442 quam
1731 373 2022 444 increpatio

431 463 593 534 parit,
622 463 872 515 innnuuis
897 477 958 516 ac
985 462 1119 516 liber
1144 477 1222 524 es,
1247 477 1434 532 magna
1462 479 1580 517 cum
1613 471 1872 532 potestate
1900 479 2022 534 pro-

435 555 734 608 fundiorem
794 555 945 608 nobis
999 556 1289 609 sectionem
1339 556 1550 624 inﬂigis.
1602 556 1872 626 Siquidem
1926 572 2024 626 ego

437 649 584 716 prior
629 650 924 704 molestiam
968 650 1142 702 sentio
1167 690 1182 713 ,
1215 650 1640 720 quandoquidem
1672 661 1726 705 et
1767 652 1879 720 ipse
1924 653 2023 706 ob-

441 740 630 793 noxius
678 755 794 794 Sum
837 740 1087 808 peccatis.
1131 740 1316 796 Omnes
1360 743 1491 795 enim
1535 743 1587 794 in
1633 742 2026 812 corrrptionibus

438 845 611 882 sanius
631 829 814 901 (Eccli.
843 831 894 884 8.
923 832 1000 896 6),
1027 841 1099 896 el,
1122 829 1285 885 Nemo
1313 833 1608 901 gloriabitur
1635 843 1827 886 castum
1847 850 1901 886 se
1928 833 2025 885 Ita-

436 920 551 972 bere
577 936 664 972 cor
695 919 890 986 (Prov.
930 921 1019 977 ΞΟ.
1053 922 1130 992 9).
1185 923 1365 992 Itaque
1410 939 1516 977 non
1560 925 1699 993 quod
1745 926 1795 978 in
1836 925 2025 979 alienis

440 1009 842 1078 philasiipharcr
863 1012 1032 1078 malis,
1059 1029 1231 1082 neque
1257 1028 1324 1067 ex
1351 1013 1731 1070 inhumanitate
1755 1016 2022 1085 quapiam,

438 1097 531 1150 sed
559 1115 665 1166 pra:
699 1101 854 1154 nimia
883 1102 1238 1157 sollicitudine
1268 1105 1711 1174 reprehensiones
1739 1105 1855 1159 illas
1875 1105 2028 1159 adhi-

439 1191 548 1246 bui.
585 1193 714 1257 Nam
745 1194 794 1247 in
823 1211 1108 1264 corporum
1139 1197 1351 1266 quidem
1382 1197 1676 1262 curatione,
1707 1197 1794 1266 qui
1821 1198 2024 1267 plagam

443 1282 664 1353 inﬂigit,
698 1286 897 1338 nullum
929 1287 1091 1357 plaga:
1117 1303 1332 1342 sensum
1360 1289 1519 1358 capit,
1552 1289 1646 1342 sed
1677 1289 1786 1352 ille,
1820 1290 1908 1358 qui
1935 1305 2026 1344 sc-

438 1384 612 1438 catur,
629 1377 776 1430 solus
794 1377 1066 1432 doloribus
1089 1381 1383 1434 cruciatur:
1408 1391 1459 1434 at
1480 1381 1528 1434 in
1547 1382 1841 1435 animarum
1868 1397 2026 1436 cura-

443 1467 587 1520 tione
615 1483 718 1520 non
748 1468 816 1520 ita
839 1510 852 1532 ,
878 1469 976 1522 nisi
1008 1469 1142 1525 forte
1172 1470 1324 1525 fallar
1346 1513 1361 1537 ,
1393 1471 1516 1525 dum
1545 1486 1609 1526 ex
1638 1473 1770 1526 meis
1796 1472 1860 1525 dc
1891 1473 2027 1526 alio-

443 1574 560 1612 rum
597 1559 755 1612 rebus
776 1560 958 1629 judico
978 1578 994 1628 ;
1018 1561 1110 1616 sed
1139 1563 1252 1633 ipse
1281 1564 1422 1633 prior
1445 1566 1741 1630 cruciatur,
1778 1567 1864 1636 qui
1894 1582 2026 1621 con-

441 1650 648 1704 cionem
683 1650 859 1716 habet,
889 1653 1101 1722 quando
1127 1663 1350 1708 cmteros
1377 1655 1635 1726 increpat.
1664 1656 1846 1726 Neque
1883 1657 2025 1712 enim

441 1742 519 1795 sic
560 1757 588 1794 a
627 1745 836 1798 caeteris
865 1745 1172 1813 reprehensi
1201 1745 1444 1800 dolemus
1463 1787 1478 1811 ,
1512 1761 1573 1801 ac
1597 1747 1640 1801 si
1669 1748 1800 1802 alios
1844 1764 2029 1814 repre-

443 1833 736 1890 hendamus
763 1836 831 1889 ob
857 1847 1092 1904 peccata,
1125 1854 1350 1908 quorum
1383 1839 1480 1907 ipsi
1511 1841 1588 1894 rei
1619 1841 1804 1896 simus.
1839 1841 2024 1894 Statim

444 1926 586 1978 enim
639 1928 1070 1983 eoneionatorem
1099 1930 1342 2000 ohjurgat
1393 1932 1715 1986 conscientia
1743 1975 1756 1996 ,
1782 1932 2028 2003 quodque

442 2031 501 2072 se
551 2018 726 2072 videat
771 2021 1057 2089 magisterii
1098 2021 1357 2092 dignitate
1393 2023 1701 2078 decoratum
1740 2025 1792 2079 in
1841 2025 2026 2080 eadem

435 2123 562 2161 cum
598 2109 870 2178 discipulis
911 2121 1125 2178 peccata
1157 2114 1391 2182 prolabi,
1425 2123 1583 2184 atque
1623 2115 1809 2170 iisdem
1841 2131 2028 2184 repre-

444 2199 786 2254 hensionibus
810 2201 1060 2272 indigere,
1081 2204 1374 2274 graviorem
1405 2205 1764 2260 concionatori
1789 2206 2028 2260 dolorem

439 2291 624 2346 inurit.

511 2383 568 2435 9..
611 2383 777 2437 Metus
820 2402 979 2452 mena:
1023 2398 1224 2454 peccata
1254 2389 1449 2442 minuit.
1475 2391 1736 2460 -—Atque
1770 2390 1882 2445 haec
1924 2407 2027 2445 non

440 2475 560 2530 sine
596 2491 754 2530 causa
801 2494 940 2532 nunc
980 2495 1310 2548 Conqueror;
1355 2482 1448 2537 sed
1491 2484 1739 2552 quoniam
1781 2486 2028 2554 permulti

443 2582 627 2620 eorum
655 2583 773 2636 qum
805 2568 943 2623 dicta
973 2581 1098 2624 sunt
1123 2573 1462 2629 acerbitatem
1497 2592 1599 2628 non
1629 2575 1879 2640 ferentes,
1907 2593 2029 2632 cum

443 2655 566 2710 hinc.
604 2660 982 2723 recessissent,
1031 2662 1344 2718 accedentes
1385 2665 1791 2735 indignabantur
1833 2677 1885 2722 ct
1935 2685 2031 2723 cx-

439 2748 856 2816 candescehant;
889 2751 1091 2806 Avocas
1119 2770 1248 2818 nos,
1278 2756 1521 2822 aiebant,
1556 2772 1584 2810 a
1614 2773 1764 2810 sacra
1809 2773 1990 2812 mensa
2011 2798 2026 2824 ,

441 2849 496 2891 ct
551 2854 580 2891 a
631 2843 1005 2897 communione
1041 2844 1272 2913 repellis.
1305 2844 1506 2901 Idcirco
1538 2848 1651 2902 haec
1690 2849 1870 2904 dicere
1910 2865 2027 2904 sum

441 2937 656 2982 coactus
680 2969 693 2991 ,
720 2939 776 2983 ut
813 2930 1118 3000 intelligatis
1159 2950 1244 2988 me
1287 2951 1392 2989 non
1422 2952 1646 2992 avocare
1670 2981 1683 3000 ,
1717 2940 1809 2993 sed
1854 2941 2028 3009 potius

443 3033 738 3075 convocare
758 3065 771 3086 ,
797 3037 904 3076 non
937 3025 1195 3093 repellere
1220 3067 1234 3091 ,
1264 3042 1363 3082 nec
1388 3045 1592 3093 arcere,
1628 3030 1722 3084 sed
1755 3047 1848 3100 per
1889 3032 2028 3101 ipsas

442 3111 888 3178 reprehensiones
918 3117 1085 3184 magis
1109 3117 1340 3173 allicere.
1373 3119 1540 3174 Metus
1565 3122 1704 3176 enim
1732 3123 2027 3179 denuntiati

440 3203 704 3270 supplicii,
736 3221 853 3258 cum
879 3216 1145 3278 tamquam
1175 3211 1308 3278 ignis
1334 3212 1384 3264 in
1411 3228 1586 3266 ceram
1608 3214 1657 3267 in
1685 3231 1868 3269 eorum
1893 3231 1993 3270 eon
2012 3248 2026 3258 ο

441 3292 748 3355 scientiam,
781 3296 868 3364 qui
897 3308 1118 3367 peccont
1138 3341 1152 3365 ,
1185 3300 1445 3368 inciderit,
1479 3303 1668 3357 delicta
1699 3304 1935 3358 dissolvit
1964 3321 2026 3360 ac

439 3385 674 3450 discutit,
695 3387 818 3440 dmn
837 3403 1049 3459 semper
1067 3391 1322 3459 imminet,
1341 3387 1396 3446 et
1417 3411 1598 3463 puram
1617 3410 1679 3449 ac
1694 3396 2022 3464 splendidam

441 3485 673 3530 mentem
715 3477 981 3543 reddens,
1007 3481 1262 3548 majorem
1309 3483 1551 3538 fiduciam
1595 3485 1749 3540 nobis
1792 3487 2019 3540 inserit:

442 3582 600 3633 porro
641 3568 831 3624 fiducia
879 3581 1135 3640 concepta
1177 3573 1345 3642 major
1369 3575 1608 3629 exoritur
1634 3577 1796 3629 animi
1841 3593 2022 3643 prom-

441 3659 644 3725 ptitudo
681 3662 746 3714 ad
784 3659 1115 3732 frequentem
1151 3664 1493 3720 ineﬂ'abilium
1523 3683 1586 3721 ac
1627 3668 2021 3724 tremendorum

440 3754 814 3820 mysteriorum
841 3757 1269 3812 cmnmunionem
1311 3757 1629 3812 obeundum.
1664 3758 1732 3812 Et
1759 3760 2020 3829 quemad-

440 3842 652 3895 modum
679 3845 766 3911 qui
795 3846 984 3900 acerba
1009 3848 1392 3903 medicamenta
1421 3849 1639 3918 porrigit
1666 3849 1729 3904 iis
1753 3892 1768 3917 ,
1795 3851 1883 3921 qui
1910 3861 2022 3905 sto-

438 3936 611 3990 machi
653 3937 779 3991 vitio
805 3939 955 3994 cibos
984 3941 1254 3995 fastidiunt
1277 3982 1293 4006 ,
1321 3957 1383 3996 ac
1422 3958 1612 4011 pravos
1637 3952 1896 4014 expurgat
1923 3943 2023 3998 hu-

437 4044 635 4094 mores,
664 4031 928 4102 dejectum
955 4034 1152 4088 excitat
1175 4035 1465 4106 appetitum
1483 4077 1498 4101 ,
1525 4045 1574 4090 et
1610 4037 1792 4100 efﬁcit,
1822 4047 1877 4090 ut
1904 4052 2020 4090 ma-

432 4124 533 4194 jori
561 4123 831 4179 alacritate
851 4136 1134 4181 conSuetos
1163 4127 1312 4180 cibos
1341 4127 1648 4196 degustent:
1673 4130 1750 4184 sic
1771 4130 2018 4184 nimirum

437 4215 480 4266 is
511 4215 596 4284 qui
631 4215 817 4269 acerba
846 4215 1048 4285 profert
1078 4218 1236 4272 verba
1255 4261 1268 4284 ,
1300 4219 1581 4288 pravisque
1611 4229 1843 4275 mentem
1872 4222 2018 4290 engi-

437 4305 725 4361 tationibus
756 4318 976 4376 purgat,
1007 4320 1058 4362 et
1081 4325 1242 4379 grave
1270 4322 1606 4379 peccatorum
1637 4328 1771 4366 onus
1795 4314 2014 4378 excutit,

433 4398 597 4454 efﬁcit
640 4411 695 4454 ut
723 4403 1046 4457 conscientia
1073 4404 1298 4473 reSpiret
1326 4420 1388 4459 ac
1413 4406 1577 4460 multa
1603 4422 1721 4460 cum
1749 4407 2017 4476 voluptate

438 4490 764 4546 Dominicum
791 4508 984 4562 corpus
1012 4495 1273 4564 degustet.
1299 4495 1413 4551 Non
1437 4509 1517 4552 est
1547 4498 1702 4566 igitur
1723 4499 1790 4552 ob
1815 4515 1875 4553 ea
1898 4514 2017 4568 qua:

434 4583 571 4638 dicta
607 4595 732 4640 sunt
757 4587 1176 4642 succensendum
1195 4629 1210 4656 ,
1239 4588 1330 4644 sed
1358 4605 1420 4644 ea
1449 4590 1790 4661 approbanda
1815 4600 2016 4647 suntet

431 4677 707 4732 laudanda.

502 4767 920 4824 Concionatorum
940 4771 1172 4842 ofﬁcium.
1206 4803 1275 4813 —
1299 4772 1448 4839 Quod
1474 4773 1516 4827 si
1543 4773 1678 4829 forte
1706 4774 2018 4830 imbecillio-

431 4875 518 4914 res
561 4861 666 4914 sint
709 4863 920 4931 qnidatn
945 4905 960 4928 ,
991 4880 1162 4933 neque
1199 4863 1560 4920 defensionem
1602 4865 1738 4921 hanc
1777 4877 2012 4921 nostram

431 4953 639 5018 ferant,
665 4953 733 5006 ita
761 4970 879 5007 cum
907 4956 1008 5008 illis
1033 4969 1184 5024 agam
1211 4997 1226 5020 ,
1255 4965 1312 5010 ut
1338 4971 1582 5012 moneam
1619 4974 1703 5012 me
1731 4973 1836 5012 non
1867 4973 1896 5013 a
1929 4975 2014 5014 me

383 5049 388 5057 '
433 5041 546 5111 ipsa
577 5041 709 5096 latas
739 5044 880 5114 leges
905 5059 1192 5114 esponere,
1221 5047 1311 5101 sed
1336 5047 1403 5102 de
1423 5049 1555 5103 caelo
1572 5048 1813 5119 delapsas
1837 5050 2013 5105 literas

431 5135 628 5205 legere,
650 5152 711 5188 ac
743 5137 963 5206 proinde
990 5139 1346 5193 necessiirium
1373 5155 1512 5205 esse,
1539 5149 1597 5194 ut
1616 5157 1736 5195 cum
1765 5142 1863 5197 hoc
1885 5142 2012 5196 mihi

429 5227 686 5282 ertalitum
725 5232 792 5282 sit
833 5229 1184 5284 ministerium
1211 5272 1224 5294 ,
1253 5242 1344 5286 aut
1385 5249 1502 5302 qua:
1532 5234 1871 5288 continentur
1909 5233 2013 5288 illis

428 5320 761 5378 conﬁdenter
787 5337 849 5376 ac
879 5321 1048 5377 libere
1069 5332 1258 5377 cuncta
1286 5323 1480 5386 dicam,
1511 5335 1563 5379 et
1593 5325 1868 5378 utilitatem
1896 5325 2012 5378 ubi-

427 5427 551 5478 que,
576 5413 1050 5483 non,voluptatcm,
1075 5414 1308 5483 quaeram
1329 5415 1649 5480 auditorum,
1680 5424 1771 5469 aut
1799 5430 2012 5470 eorum-

427 5502 546 5554 di-m
578 5504 756 5557 odium
790 5505 1127 5560 reformidem
1148 5546 1165 5569 ,
1191 5515 1245 5560 et
1272 5505 1373 5559 hoc
1404 5506 1777 5574 intempestivo
1811 5505 2011 5560 benefl-

425 5591 510 5644 cio
532 5593 756 5650 salutem
788 5613 959 5652 meam
991 5598 1146 5652 simul
1186 5608 1239 5653 et
1269 5598 1476 5654 illorum
1514 5598 1754 5668 prodam.
1786 5597 1917 5653 Nam
1957 5609 2010 5654 et

424 5683 787 5742 concionatori
808 5689 964 5744 simul
986 5701 1037 5744 et
1063 5689 1396 5746 auditoribus
1425 5690 1711 5747 admodum
1744 5691 2006 5762 periculo-

1151 257 1206 314 S.
1249 258 1527 314 JOA'A'NIS
1568 255 2034 314 Clli‘iYSOSTOMI
2076 255 2396 355 anguine.
2439 257 2974 314 CONSTANHNOP.

3610 257 3717 314 €56

2135 387 2250 426 smn
2280 387 2400 428 esse
2424 372 2693 444 quidpiam
2724 387 2789 428 ex
2815 373 3016 442 legibus
3037 369 3231 426 divinis
3255 370 3429 425 celare
3451 411 3464 433 ,
3495 384 3556 426 ac
3583 380 3718 424 tam-

2130 479 2288 533 quam
2321 464 2481 518 caedis
2508 473 2725 534 patrata)
2756 481 2877 519 reos
2894 463 3134 534 judicare
3163 462 3432 526 doctores,
3464 463 3562 516 nisi
3592 463 3715 517 abso

2130 570 2235 624 que
2284 567 2429 610 metu
2473 567 2660 611 cuncta
2702 556 2794 610 Dei
2823 555 2941 624 jura
2983 570 3046 609 ac
3084 555 3297 610 decreta
3344 557 3679 624 promulgent
3704 599 3719 624 ,

2133 649 2280 704 Pauli
2322 650 2474 706 vobis
2506 651 2806 704 testimonio
2834 647 3214 718 comprobaho.
3246 648 3533 717 Propterea
3564 664 3721 701 nam-

2131 755 2232 810 que
2262 741 2314 796 iu
2341 741 2586 795 omnibus
2615 741 2771 796 rebus
2799 739 2865 793 ad
2893 741 3099 794 beatam
3133 740 3272 800 illam
3312 741 3544 794 animam
3575 755 3721 808 sa-pe

2130 831 2407 902 Coniugio,
2452 832 2594 902 quod
2639 831 2922 886 fructuosa:
2972 831 3214 899 qumdam
3258 845 3529 901 sacraeque
3575 833 3720 901 leges

2132 923 2279 977 Pauli
2309 923 2414 978 sint
2443 923 2618 978 verba.
2647 923 2760 977 Non
2787 924 2927 977 enim
2959 923 3152 977 Paulus
3181 933 3261 978 est
3281 965 3295 988 ,
3328 924 3414 992 qui
3447 924 3683 990 loquitur
3703 963 3720 990 ,

2131 1014 2226 1096 sed
2265 1015 2354 1084 qui
2384 1018 2499 1083 ejus
2527 1015 2756 1068 animam
2801 1024 2983 1069 movet
3011 1013 3284 1076 Christus,
3316 1014 3574 1084 siquidem
3622 1029 3715 1082 per

2134 1107 2278 1160 illum
2307 1117 2496 1161 cuncta
2529 1107 2796 1177 loquitur,
2825 1123 2943 1178 qua:
2974 1107 3059 1160 ille
3090 1106 3416 1175 pronuntiat.
3449 1105 3582 1171 Quid
3616 1106 3716 1176 igi-

2133 1205 2216 1250 tur
2243 1199 2316 1252 ait
2340 1198 2566 1252 Paulus?
2591 1199 2724 1253 Cum
2752 1213 2846 1253 eos
2873 1197 2960 1267 qui
2990 1197 3258 1267 Ephesum
3289 1196 3585 1251 incolebant
3616 1211 3714 1250 vo-

2132 1300 2305 1344 casset
2329 1331 2344 1355 ,
2369 1305 2433 1345 ac
2460 1300 2780 1360 postremam
2816 1289 2882 1344 ad
2921 1290 3040 1344 illos
3065 1289 3374 1343 concionem
3404 1288 3667 1342 habuisset
3695 1325 3714 1353 ,

2134 1392 2412 1449 propterea
2438 1379 2579 1449 quod
2615 1380 2682 1433 ab
2713 1380 2815 1434 illis
2844 1380 3094 1449 deinceps
3123 1379 3452 1434 disces~uros
3479 1388 3626 1443 erat,
3656 1389 3719 1434 ttt

2133 1472 2343 1526 illorum
2386 1474 2641 1540 prarsulcs
2667 1472 2922 1536 doceret,
2953 1487 3055 1524 non
3086 1472 3259 1524 minus
3285 1486 3440 1540 quant
3475 1471 3561 1540 qui
3587 1486 3715 1523 san-

2131 1563 2342 1634 guinem
2383 1563 2666 1617 funderent
2709 1562 3084 1632 discipulorum
3113 1605 3127 1628 ,
3157 1578 3250 1617 eos
3294 1561 3382 1632 qui
3429 1578 3512 1616 res
3556 1563 3717 1617 utiles

2132 1657 2364 1710 celarent
2383 1657 2552 1724 paruis
2569 1670 2687 1709 esse
2704 1651 2959 1710 obnoxios
2976 1670 3036 1708 ac
3052 1654 3341 1723 snpphc.is,
3362 1655 3429 1706 ita
3448 1654 3714 1721 loquitur:

2135 1747 2357 1801 Mundus
2372 1764 2481 1799 sum
2495 1763 2586 1817 ego
2602 1764 2631 1798 a
2647 1747 2890 1817 sanguine
2905 1747 3038 1798 omni
3045 1763 3147 1798 um.
3165 1745 3300 1810 Quid
3320 1745 3387 1799 ita
3407 1748 3428 1798 ’ἰ
3448 1744 3565 1798 Non
3582 1747 3716 1799 enim

2132 1837 2430 1910 subterfugi,
2456 1856 2553 1908 quo
2579 1841 2742 1892 minus
2763 1838 3113 1891 aununtiarem
3135 1839 3270 1890 vobis
3291 1853 3434 1890 onme
3452 1839 3718 1890 consilium

2133 1931 2225 1984 Dei
2255 1933 2389 2003 (Act.
2419 1932 2509 1986 ΞΟ.
2543 1931 2632 1985 26.
2656 1932 2748 2000 27)
2784 1949 2796 1984 :
2833 1933 3006 2000 itaque
3057 1930 3100 1984 si
3157 1928 3577 1998 sublerfngisset,
3609 1946 3717 1998 quo

2133 2027 2307 2080 minus
2349 2026 2713 2086 annuntiaret,
2751 2024 2978 2078 mundus
3007 2039 3036 2077 a
3071 2023 3325 2093 sanguine
3355 2038 3458 2076 non
3489 2021 3714 2089 fuisset,

2131 2134 2314 2173 verum
2347 2127 2404 2172 ttt
2452 2118 2713 2172 homicida
2745 2117 3022 2170 damnatus
3049 2125 3220 2179 esset;
3250 2131 3314 2170 ac
3344 2115 3532 2168 merito
3561 2130 3713 2168 sane.

2131 2207 2262 2261 Nam
2306 2207 2563 2262 homicida
2608 2207 2818 2277 quidem
2865 2220 3057 2274 corpus
3087 2214 3289 2258 tantum
3322 2204 3592 2267 interficit;
3623 2203 3715 2270 qui

2133 2315 2259 2355 vero
2283 2299 2347 2353 ad
2389 2299 2611 2370 gratiam
2641 2300 3005 2362 concionatur,
3035 2305 3088 2352 et
3112 2298 3382 2366 segniores
3412 2296 3580 2350 reddit
3611 2312 3713 2347 an.

2095 2394 2358 2458 \ditores,
2390 2393 2618 2446 animam
2661 2391 3048 2460 perditzatqne
3093 2390 3178 2443 ille
3221 2389 3433 2459 quidem
3465 2388 3715 2456 prasenti

2134 2486 2289 2538 morti
2323 2483 2478 2538 tradit
2498 2484 2635 2548 ,‘hic
2660 2499 2786 2537 vero
2817 2481 2987 2552 perdit
3017 2481 3248 2534 animam
3269 2521 3284 2544 ,
3311 2489 3364 2534 et
3392 2479 3455 2532 ad
3485 2489 3718 2532 a-ternas

2136 2590 2320 2645 prunas
2361 2575 2722 2645 supplicioque
2762 2572 3088 2628 transmittit.
3120 2572 3199 2624 An
3242 2571 3402 2638 igitur
3440 2571 3586 2624 solus
3612 2569 3717 2624 hoc

2133 2668 2260 2722 dicit
2307 2668 2532 2722 Paulus?
2569 2667 2949 2737 Nequaquam,
2979 2665 3071 2719 sed
3125 2673 3248 2718 ante
3298 2663 3512 2717 Paulum
3574 2663 3717 2716 Dens

2133 2774 2316 2812 rursus
2341 2758 2479 2813 isltld
2506 2760 2673 2828 ipsum
2703 2773 2798 2828 per
2834 2756 3145 2827 prephetam
3171 2755 3462 2810 subindicat
3490 2797 3504 2819 ,
3529 2755 3596 2807 ita
3625 2754 3715 2806 di-

2133 2866 2304 2904 cens:
2355 2851 2734 2921 Specutatorem
2773 2851 2889 2904 dedi
2941 2859 2988 2902 te
3021 2849 3192 2902 domui
3229 2847 3392 2901 Israel
3415 2847 3627 2915 (Ezech.
3657 2847 3712 2899 ’5.

2133 2941 2245 3010 17).
2275 2942 2408 3007 Quid
2440 2952 2520 2994 est
2550 2941 2651 2994 hoc
2676 2981 2688 3000 .
2721 2941 3102 3009 Speculatorem
3126 2939 3151 2991 Ρ
3179 2937 3492 3007 Speculator
3518 2936 3716 2989 dicitur

2133 3031 2176 3084 is
2197 3073 2209 3094 ,
2238 3031 2326 3100 qui
2353 3073 2365 3094 ,
2389 3030 2512 3084 dum
2545 3029 2809 3084 exercitus
2833 3028 3055 3084 inferius
3081 3028 3358 3082 consident
3383 3069 3395 3092 ,
3427 3025 3710 3080 sublimem

2130 3134 2182 3176 et
2211 3122 2530 3177 eminentem
2565 3121 2614 3174 in
2645 3121 2781 3176 colle
2812 3122 2983 3175 locum
3027 3129 3285 3188 occupat,
3318 3126 3370 3172 et
3406 3117 3528 3171 inde
3558 3118 3710 3170 inva-

2129 3214 2314 3268 dentes
2345 3212 2525 3266 ltostes
2565 3213 2907 3281 speculatur,
2935 3220 3094 3280 atque
3135 3212 3186 3263 in
3226 3209 3362 3262 valle
3403 3208 3710 3262 sedentibus

2127 3319 2310 3359 eorum
2335 3304 2618 3358 adventum
2640 3303 2943 3366 denuntiat,
2967 3312 3025 3356 ut
3068 3300 3134 3354 ad
3167 3315 3390 3370 pugnam
3419 3313 3708 3368 capessen-

2126 3397 2248 3450 dam
2280 3411 2372 3450 eos
2401 3396 2595 3450 excitet
2615 3436 2628 3458 ,
2655 3410 2723 3449 ne
2751 3396 2796 3448 si
2826 3395 2878 3448 in
2906 3393 3026 3447 illos
3054 3393 3290 3447 incautos
3321 3393 3518 3444 irruant
3541 3431 3557 3458 ,
3587 3405 3707 3442 ma-

2125 3501 2224 3555 gna
2292 3487 2410 3540 illos
2455 3500 2574 3539 cum
2629 3483 2880 3539 facilitate
2933 3483 3214 3537 trucident.
3264 3481 3484 3549 Quando
3548 3480 3710 3549 igitur

2126 3578 2288 3631 multa
2313 3617 2326 3642 ,
2355 3593 2473 3646 qua:
2505 3577 2655 3630 nobis
2696 3575 2988 3634 imminent,
3020 3573 3155 3627 mala
3190 3587 3294 3626 non
3323 3570 3562 3626 videmus
3585 3586 3706 3636 nos,

2125 3671 2214 3740 qui
2247 3669 2389 3721 humi
2423 3683 2696 3722 versamur
2718 3707 2732 3730 ,
2767 3668 2835 3720 ita
2863 3665 3044 3719 divina
3070 3664 3237 3734 gratia
3276 3663 3592 3731 disponente
3625 3663 3705 3712 fa-

2124 3771 2264 3815 ctmu
2296 3771 2398 3827 est,
2419 3771 2474 3815 ut
2501 3769 2766 3830 tamquam
2796 3759 2846 3812 in
2873 3757 3084 3812 sublimi
3112 3756 3228 3812 loco
3246 3754 3536 3824 prophetiae
3562 3762 3710 3806 stan-

2127 3861 2204 3906 tes
2235 3852 2504 3921 prophetzc
2534 3851 2701 3904 sancti
2730 3849 3029 3902 irruitnram
3061 3848 3111 3901 in
3139 3861 3235 3901 nos
3263 3847 3393 3900 iram
3421 3843 3654 3898 divinam
3677 3858 3706 3895 a

2125 3949 2280 4017 longe
2323 3946 2738 4016 praenuntiarent
2758 3985 2772 4010 ,
2803 3953 2859 3997 ut
2889 3957 2986 3998 nos
3017 3957 3110 4011 per
3152 3939 3516 4010 paenitentiam
3551 3951 3710 4005 repa-

2124 4049 2322 4101 rantes.
2355 4039 2694 4107 animamque
2723 4045 2955 4090 uestram
2982 4035 3180 4104 lapsam
3205 4033 3471 4101 erigentes
3495 4071 3509 4091 .
3539 4030 3708 4083 multo

2122 4139 2245 4184 ante
2274 4127 2610 4199 inﬂigendam
2653 4143 2682 4180 a
2724 4128 2831 4181 Deo
2862 4126 3063 4195 plagam
3092 4124 3428 4193 repellamus.
3460 4119 3665 4175 Idcirco
3685 4161 3702 4183 .

2123 4221 2502 4291 Speculatorem
2523 4259 2539 4284 ,
2572 4219 2777 4288 inquit,
2808 4216 2924 4271 dedi
2953 4225 3000 4270 te
3029 4215 3199 4268 domui
3238 4212 3404 4267 Israel
3431 4228 3448 4266 :
3475 4220 3534 4266 ut
3556 4211 3703 4264 cala-

2123 4314 2359 4367 mitatem
2405 4312 2769 4366 imminentem
2823 4307 3147 4378 pmenuntics
3178 4348 3191 4372 ,
3247 4305 3700 4375 quemadmodum

2122 4402 2302 4457 hostes
2333 4403 2439 4456 ille.
2466 4400 2648 4470 Neque
2671 4416 2798 4454 vero
2829 4399 3149 4454 mediocrem
3182 4413 3390 4466 pinnam
3420 4396 3706 4450 conciona-

2120 4476 2255 4560 tori,
2287 4495 2375 4564 qui
2421 4493 2656 4547 divinant
2702 4492 2833 4545 iram
2879 4506 2982 4544 non
3016 4489 3382 4560 pricnuntiarit
3407 4529 3424 4552 ,
3453 4487 3701 4557 imponit.

2118 4589 2284 4656 Quam
2303 4603 2430 4642 vero
2457 4585 2703 4640 tandem?
2725 4585 2942 4639 Animas
2967 4599 3173 4649 eorum,
3204 4583 3291 4652 qui
3323 4582 3596 4650 perierint,
3619 4581 3702 4633 iit-

2119 4680 2270 4750 quit,
2299 4679 2366 4734 de
2403 4693 2561 4731 manu
2597 4686 2684 4731 tua
2713 4677 2976 4746 requiram
3003 4673 3022 4745 (
3050 4680 3134 4737 Ib.
3174 4692 3222 4729 υ.
3266 4673 3348 4742 5).
3377 4672 3508 4738 Quis
3544 4671 3705 4740 igitur

2117 4780 2201 4825 est
2223 4771 2308 4824 ille
2339 4779 2444 4823 tam
2473 4767 2703 4823 crudelis
2728 4777 2782 4822 et
2807 4765 3124 4820 inhumanus
3144 4806 3158 4828 ,
3189 4772 3244 4818 et
3283 4763 3662 4817 immiscricors
3681 4803 3698 4824 ,

2117 4865 2206 4934 qui
2233 4863 2594 4917 concionatori
2622 4861 2750 4914 vitio
2779 4869 2946 4914 vertat
2975 4857 3194 4922 dicenti,
3217 4857 3388 4924 deque
3417 4856 3494 4908 ira
3524 4854 3703 4908 divina

2118 4953 2598 5027 frequenter‘verba
2630 4953 2861 5016 facienti,
2894 4967 3013 5005 cum
3043 4959 3213 5003 tantas
3243 4949 3465 5002 luiturus
3488 4947 3556 5000 sit
3589 4962 3705 5015 pm-

2119 5061 2230 5111 nas,
2264 5047 2308 5100 si
2337 5047 2596 5100 tacuerit?
2624 5043 2786 5100 Nobis
2811 5058 2939 5112 ergo
2960 5043 3048 5112 qui
3072 5040 3465 5102 concionamur,
3501 5053 3716 5108 nequa-

2118 5154 2275 5210 quam
2316 5137 2604 5208 prodesse,
2634 5136 2678 5190 si
2734 5135 2855 5189 talia
2904 5133 3210 5188 siluerimus
3236 5173 3249 5196 ,
3277 5130 3604 5186 sufficienter
3648 5140 3707 5183 et

2117 5230 2377 5300 propheta
2422 5243 2520 5284 nos
2547 5227 2726 5282 docuit
2747 5269 2761 5291 ,
2795 5236 2851 5282 et
2878 5224 3185 5300 apostolus;
3213 5222 3307 5278 sed
3339 5236 3512 5289 neque
3550 5219 3710 5274 vobis

2119 5323 2411 5393 prodesse,
2437 5323 2523 5392 qui
2567 5318 2943 5386 auditis,inde
2972 5315 3256 5371 constabit.
3299 5313 3432 5368 Nam
3474 5311 3522 5366 si
3564 5327 3702 5383 ego.

2116 5414 2240 5468 dum
2269 5413 2402 5468 sileo
2426 5454 2440 5475 ,
2467 5422 2678 5482 peccata
2709 5410 2919 5466 silentio
2943 5406 3325 5464 absconderem
3351 5445 3366 5468 ι
3400 5411 3546 5459 recte
3577 5417 3705 5456 sne-

2115 5516 2356 5562 censeret
2393 5506 2786 5575 unusquisque,
2815 5518 2878 5557 ac
2927 5505 3117 5557 merito
3171 5497 3571 5569 indignaretur,
3603 5497 3708 5551 nisi

2113 5599 2325 5654 silerem
2357 5617 2370 5652 :
2397 5599 2478 5653 εἰη
2507 5607 2683 5652 autem
2709 5639 2724 5664 ,
2755 5595 3090 5668 quantumvis
3120 5594 3228 5662 jam
3261 5606 3366 5646 non
3410 5590 3662 5643 sileamus
3690 5628 3707 5655 ,

2117 5690 2336 5748 omnino
2383 5706 2602 5748 necesse
2646 5700 2726 5748 est
2765 5698 2821 5746 ut
2865 5689 2971 5744 illic
3021 5687 3208 5743 delicta
3256 5681 3701 5747 manifestcntur,
