4080 6196
309 221 416 282 655

304 316 529 416 Ἰναλμή
576 331 770 404 λέγητε
820 331 900 390 ὅτι
935 338 1006 390 Συ
1033 339 1266 410 καθαρὸς
1309 341 1383 394 ὢν
1434 346 1869 416 ἁμαρτημάτων,

310 413 727 500 ἀπηλλαγμένος
742 417 850 500 ⁸τῆς
888 419 1080 489 ὀδύνης
1110 422 1208 491 τῆς
1240 423 1382 476 κατά
1408 413 1508 496 τὴν
1535 413 1874 500 ἐπιτίμησιν,

305 497 442 583 μετά
472 498 672 583 πολλῆ-ς
704 498 954 564 ἐξουσίας
986 504 1268 574 ἐπιφέρεις
1290 508 1423 576 ἡμῖν
1450 497 1877 583 βαθυτέρανντὴν

301 582 497 651 τομήν,
530 581 671 650 Ἐγὼ
715 584 822 654 γὰρ
855 585 1117 654 πρότερος
1163 588 1490 661 αἰσθάνομαι
1522 592 1622 663 τῆς
1664 581 1871 664 ὀδύνηξς

301 664 489 736 ἐπειδὴ
527 665 620 718 καὶ
649 666 809 730 αὑτὸς
858 668 1154 732 ὑπεύθυνός
1197 671 1311 741 είμι
1354 676 1466 738 τοῖς
1495 675 1872 746 ἁμαρτήμασι.

298 749 530 812 Πάντες
556 746 666 817 γάρ
689 749 874 817 ἐσμεν
900 750 968 802 ἐν
988 751 1330 820 ἐπιτιμίοις’
1367 758 1480 821 καὶ,
1507 757 1714 823 Οὐδείς
1736 775 1877 812 καυ-

299 831 551 899 χήσεται
586 831 780 900 ἁγνὴν
803 832 965 901 ἔχειν
1002 835 1273 902 καρδίαν.
1316 838 1476 892 Ὥστε
1509 841 1608 894 οὑκ
1634 843 1689 893 ἐν
1723 842 1874 895 ἀλλο-

296 913 469 983 τρίοις
491 913 796 983 φιλοσοφῶν
820 917 1028 978 κακοῖς,
1055 917 1174 969 ούδέ
1201 919 1258 983 ἐξ
1287 919 1681 992 ἀπανθρωπίας
1711 924 1870 988 τινὸς,

298 990 412 1049 ἀλλ’
445 995 554 1049 ἀπὸ
581 996 907 1068 κηδεμονίας
936 998 1137 1069 πολλῆς
1173 1001 1300 1063 τοὺς
1330 990 1583 1072 ἐλέγχους
1614 997 1874 1076 ἐποιησά-

301 1097 410 1150 μην
448 1079 708 1141 ἐκείνους.
747 1080 869 1132 Ἐπὶ
910 1081 1010 1150 μὲν
1043 1082 1147 1151 γάρ
1177 1083 1286 1136 τῶν
1314 1083 1384 1136 τὰ
1407 1087 1637 1156 σώματα
1665 1088 1874 1158 ἰατρευ-

297 1163 487 1225 όντων,
513 1163 542 1213 ὁ
577 1161 674 1230 μὲν
707 1162 926 1230 ἐπάγων
953 1164 1050 1233 τὴν
1084 1165 1295 1236 πληγὴν
1325 1167 1578 1239 οὐδεμίαν
1609 1169 1872 1240 λαμόάνει

297 1247 396 1315 τῆς
425 1244 639 1314 πληγῆς
664 1244 935 1315 αἴσθησιν,
965 1247 993 1298 ὁ
1024 1247 1080 1299 δέ
1111 1250 1460 1320 τεμνόμενος,
1491 1248 1646 1316 οὗτός
1670 1254 1817 1305 ἐστιν
1845 1255 1872 1306 6

297 1325 677 1396 διασπώμενος
713 1330 832 1390 ταῖς
885 1327 1140 1399 ἀλγηδόσι
1178 1330 1373 1401 μόνοςο
1407 1335 1500 1387 ἐπὶ
1538 1335 1595 1386 δέ
1633 1334 1740 1389 τῶν
1775 1336 1872 1400 τὰς

297 1407 476 1478 ψυχὰς
503 1407 911 1476 θεραπευόντων
938 1412 1034 1480 οὑχ
1065 1411 1258 1480 οὑτως,
1289 1415 1338 1467 εί
1380 1416 1512 1486 μήτι
1551 1433 1614 1484 γε
1644 1418 1873 1486 σφάλλο-

302 1509 401 1561 μαι
431 1491 488 1555 ἐξ
521 1491 712 1543 ἑαυτοῦ
744 1491 811 1544 τά
841 1493 950 1546 τῶν
978 1492 1177 1547 λοιπῶν
1205 1497 1534 1568 δοκιμάζων,
1571 1500 1685 1554 ἀλλ’
1711 1501 1873 1564 αὐτὸς

299 1574 562 1644 πρότερος
581 1573 830 1655 όδυνᾶται
850 1577 877 1627 6
902 1575 1093 1642 λέγων,
1118 1579 1278 1648 ἡνίκα
1303 1580 1368 1635 ἂν
1395 1583 1600 1654 ἐτέροις
1623 1586 1867 1655 ἐπιτιμᾷ.

299 1657 430 1709 οὐδὲ
465 1657 574 1726 γὰρ
602 1654 773 1718 οῦτως
802 1656 1144 1728 ἐλεγχόμενοι
1179 1665 1306 1733 παρ’
1344 1664 1544 1736 ἐτέρων
1578 1654 1868 1737 ἀλγοῦμεν,

296 1739 370 1802 ὡς
391 1739 702 1807 ἐλέγχοντες
728 1739 946 1809 ἐτέρους
979 1741 1120 1813 ὑπὲρ
1149 1743 1580 1816 ἁμαρτημάτων,
1601 1743 1675 1802 ὧν
1705 1751 1870 1820 ἐσμεν

297 1822 605 1876 ὑπεύθυνοι.
639 1822 1100 1894 Ἐπιλαμδάνεται
1135 1826 1243 1898 γὰρ
1284 1828 1485 1894 εὐθέως
1532 1831 1592 1884 τὸ
1632 1833 1870 1896 συνειδὸς

296 1905 388 1960 τοῦ
414 1905 682 1975 λέγοντος,
717 1907 811 1960 καὶ
835 1908 897 1960 τὸ
930 1909 1275 1975 διδασκαλίας
1303 1911 1453 1986 [660]
1489 1917 1868 1986 περικείμενον

296 1989 545 2060 ἀξίωμα,
596 1990 674 2054 είς
733 1991 803 2044 τά
850 1991 989 2046 αὑτὰ
1040 1996 1150 2057 τοῖς
1195 1995 1460 2066 μαθηταῖς
1510 2000 1866 2053 καταπίπτειν

296 2073 692 2143 ἁμαρτήματα,
743 2075 836 2126 καὶ
872 2074 981 2127 τῶν
1025 2076 1202 2129 αὑτῶν
1235 2078 1440 2133 δεῖσθαι
1477 2081 1733 2153 ἐλέγχων,
1775 2101 1866 2137 πι-

295 2156 560 2226 κροτέραν
589 2157 666 2227 τῷ
695 2157 905 2224 λέγοντι
937 2162 1083 2211 ποιεῖ
1110 2159 1206 2230 τὴν
1228 2161 1440 2232 ὀδύνην.

362 2238 427 2306 β’.
446 2239 736 2293 Καὶταῦτα
752 2241 848 2311 ούχ
860 2241 1046 2305 ἁπλῶς
1061 2244 1398 2316 ἀποδύρομαι
1418 2247 1531 2301 νῦν·
1548 2248 1662 2301 ἀλλ’
1680 2249 1863 2320 ἐπειδὴ

294 2321 474 2374 πολλοὶ
497 2320 557 2373 τὸ
591 2323 752 2393 βάρος
781 2324 887 2376 τῶν
918 2325 1221 2396 εἰρημένων
1245 2329 1342 2382 οὑκ
1369 2330 1698 2398 ἐνεγκόντες,
1729 2333 1866 2402 μετά

292 2403 387 2473 τὴν
425 2403 770 2476 ἀναχώρησιν
802 2406 1185 2477 προσελθόντες
1228 2409 1624 2482 ἐδυσχέραινον,
1660 2416 1864 2484 ἠγανά-

291 2503 473 2550 κτιυν,
506 2488 764 2556 Ἀπάγεις
795 2491 964 2560 ἡμεῖς,
985 2491 1250 2560 λέγοντες»
1269 2493 1368 2563 τῆς
1391 2496 1540 2565 ἱερᾶς
1560 2499 1860 2570 τραπέζης’

290 2571 382 2622 καὶ
422 2571 525 2639 τῆς
563 2571 845 2634 κοινωνίας
885 2573 1195 2638 ἀποσοϐεῖς.
1248 2577 1345 2629 Διά
1389 2577 1547 2632 τοῦτο
1582 2580 1756 2633 ταῦτα
1794 2584 1862 2650 ἡ·

289 2653 605 2724 ναγκάσθην
641 2657 834 2721 εἰπεῖν,
868 2656 954 2708 ’ίνα
983 2657 1190 2729 μάθητε
1223 2660 1304 2712 ὅτι
1339 2661 1438 2714 οὑκ
1479 2663 1696 2732 ἀπάγω,
1728 2666 1863 2721 ἀλλὰ

288 2737 509 2803 συνάγω
552 2735 788 2806 μᾶλλονο
839 2738 939 2791 οὑκ
967 2740 1221 2793 ἀποσοϐῶ
1260 2743 1380 2795 οὑδέ
1433 2745 1702 2816 ἀπείργω,
1743 2748 1859 2802 ἀλλ’

292 2817 608 2888 ἐπισπῶμαι
637 2819 724 2874 διά
751 2820 859 2874 τῶν
885 2821 1120 2893 ἐλέγχων
1148 2823 1321 2878 πλέον.
1357 2826 1414 2878 Ὀ
1441 2827 1548 2900 γὰρ
1574 2829 1736 2897 φόϐος
1760 2831 1863 2901 τῆς

288 2901 584 2974 εἰρημένης
612 2902 900 2974 τιμωρίας,
932 2907 1179 2979 καθάπερ
1206 2907 1316 2980 πῦρ
1348 2912 1424 2971 είς
1465 2912 1664 2983 κηρὸν,
1689 2913 1862 2978 οὓτως

289 2986 367 3048 εἰς
384 2986 444 3037 τὸ
469 2987 704 3047 συνειδὸς
717 2987 826 3040 τῶν
838 2990 1258 3060 ἁμαρτανόντων
1276 2993 1587 3063 ἐμπίπτων,
1618 2995 1730 3051 λύει
1762 2999 1860 3069 μὲν

289 3069 442 3151 ήμῶν
474 3070 568 3122 καὶ
607 3070 858 3141 τήκειτά
887 3072 1352 3145 πλημμελήματα,
1387 3076 1650 3149 διηνεκῶς
1691 3083 1858 3151 ἐγκα-

288 3149 352 3220 θή
362 3169 545 3220 μενος,
567 3153 810 3226 καθαρὰν
832 3155 889 3208 δὲ
920 3157 1013 3208 καί⁵
1039 3158 1208 3210 ἀποστ
1219 3158 1466 3214 ίλὸουσαν
1496 3149 1860 3236 ἐργαζόμενος

288 3236 381 3306 τὴν
411 3236 674 3324 διάνοιαν,
723 3238 945 3324 πλείονα
991 3240 1087 3311 τὴν
1127 3244 1439 3315 παρρησίαν
1486 3248 1615 3318 ἡμῖν
1649 3251 1859 3324 ἐντίθη-

287 3332 413 3370 σινιι
438 3336 453 3350 ο
490 3320 598 3372 ἀπὸ
633 3320 689 3374 δέ
710 3321 809 3391 τῆς
836 3324 1149 3394 παρρησίας
1181 3328 1273 3379 καὶ
1312 3328 1620 3401 προθυμίας
1658 3320 1858 3390 πλείων

285 3402 484 3470 γένοιτ’
512 3403 579 3456 ἂν
616 3405 750 3474 πρὸς
775 3404 837 3459 τὸ
872 3407 1109 3478 συνεχῶς
1135 3408 1241 3464 τῶν
1267 3410 1592 3484 ἀπορρήτων
1621 3416 1712 3470 καὶ
1736 3435 1858 3490 φρι-

286 3485 430 3538 κτῶν
447 3490 720 3540 κοινωνεῖν
737 3489 1070 3560 μυστηρίων.
1089 3493 1197 3546 Καὶ
1223 3493 1472 3565 καθάπερ
1492 3499 1519 3550 6
1540 3500 1710 3569 πικρά
1729 3485 1862 3572 φάρ-

291 3586 438 3636 μακα
461 3572 574 3633 τοῖς
601 3573 907 3636 κακοσίτοις
931 3573 1125 3638 διδοὺς,
1141 3576 1232 3629 καὶ
1254 3579 1378 3641 τοὺς
1408 3584 1674 3653 πονηροὺς
1697 3587 1860 3640 ἐκκα-

287 3650 505 3741 θαίρων.
529 3657 759 3741 χυμοὺς,
790 3656 1042 3728 διεγείρει
1075 3658 1172 3730 τὴν
1216 3650 1696 3736 καταϐεϐλημένην
1738 3669 1860 3741 δρε-

288 3735 388 3801 ξιν,
422 3735 519 3791 καὶ
544 3740 681 3808 μετά
709 3739 950 3804 πλείονος
984 3745 1392 3813 παρασκευάζει
1425 3750 1524 3818 τῆς
1551 3735 1859 3822 προθυμίας

287 3818 383 3888 τῆς
407 3821 673 3890 συνήθους
701 3823 964 3878 ἅπτεσθαι
987 3827 1220 3898 τροφῆς·
1252 3826 1395 3882 οὕτω
1419 3829 1481 3901 δὴ
1517 3818 1609 3885 καῖ
1631 3834 1659 3886 6
1687 3818 1858 3908 πικρὰ

287 3899 460 3970 λέγων
502 3905 742 3974 ῥήματα,
787 3908 880 3960 καὶ
934 3909 1206 3980 καθαίρων
1231 3911 1358 3976 τοὺς
1400 3899 1669 3985 πονηροὺς
1717 3899 1860 3988 λογι-

288 3985 460 4071 σμοῦς
489 3985 588 4071 τῆς
616 3987 872 4071 διανοίας,
913 3994 1006 4044 καὶ
1040 3992 1102 4046 τὸ
1133 3993 1270 4064 βαρὺ
1311 3996 1419 4050 τῶν
1446 3985 1859 4071 ἁμαρτημάτων

287 4067 794 4141 ἀποσκευαζόμενος
846 4074 1082 4145 φορτίον,
1133 4076 1345 4130 δίδωσιν
1401 4067 1733 4136 ἀναπνεῦσαι
1781 4085 1858 4156 τῷ

287 4151 569 4233 συνειδότι,
606 4155 700 4206 καὶ
735 4155 871 4224 μετά
925 4157 1124 4227 πολλῆς
1166 4159 1265 4228 τῆς
1310 4160 1503 4232 ἡδονῆς
1546 4151 1857 4233 ἀπογεύσα-

289 4230 410 4286 σθαι
445 4234 538 4286 τοῦ
577 4235 824 4306 σώματος
860 4239 1268 4311 παρασκευάζει
1293 4241 1386 4295 τοῦ
1416 4230 1756 4303 δεσποτικοῦ.
1782 4252 1855 4304 Ού

287 4317 465 4404 τοίνυν
494 4319 866 4404 δυσχεραίνειν
898 4325 1038 4396 ὑπὲρ
1083 4327 1190 4380 τῶν
1231 4328 1535 4398 εἰρημένων
1579 4334 1705 4404 χρὴ,
1743 4336 1855 4390 ἀλλ’

287 4400 648 4469 ἀποδέχεσθαι
676 4408 769 4458 καὶ
791 4407 1050 4462 ἐπαινεῖν.

357 4483 419 4534 ΕΞ
456 4484 515 4536 δέ
554 4502 698 4551 τινες
733 4488 1118 4560 ἀσθενέστερον
1139 4491 1457 4560 διάκεινται,
1497 4497 1591 4551 καὶ
1627 4500 1727 4554 οὑκ
1765 4503 1856 4554 ἀν-

286 4566 501 4633 έχονται
517 4569 718 4642 ταύτης
733 4573 889 4643 ήμῶν
908 4574 1004 4643 τῆς
1029 4575 1338 4644 ἀπολογίας,
1358 4580 1531 4633 ἐκεῖνο
1557 4582 1623 4636 ἂν
1647 4585 1853 4656 εἴποιμι

284 4652 420 4721 πρὸς
450 4652 645 4717 αὑτοὺς
665 4695 678 4719 ,
711 4657 792 4708 ὅτι
828 4657 941 4709 Οὑκ
973 4657 1207 4726 ἐμαυτοῦ
1239 4660 1434 4730 νόμους
1469 4663 1596 4733 ὑμῖν
1630 4652 1853 4734 ἐξηγοῦ-

285 4749 404 4803 μαι,
442 4735 556 4787 ἀλλ’
605 4737 670 4790 ἐκ
702 4739 809 4790 τῶν
851 4741 1095 4810 οὐρανῶν
1139 4744 1451 4798 καταϐάντα
1497 4747 1854 4816 ἀναγινώσκω

283 4817 606 4904 γράμματω
630 4821 721 4873 καὶ
745 4821 956 4893 ἀνάγκη
982 4823 1070 4877 τὸν
1087 4827 1289 4896 ταύτην
1305 4827 1736 4896 ἐμπιστευθέντα
1757 4833 1853 4904 τὴν

281 4899 625 4973 διακονίαν,ῆ
650 4906 824 4958 πάντα
844 4907 979 4976 μετά
1005 4911 1310 4980 παρρησίας
1331 4913 1503 4963 εἰπεῖν
1514 4912 1582 4964 τά
1604 4899 1854 4987 ἐγκείμεο

281 5001 361 5046 να.
390 4985 450 5037 τὸ
480 4987 774 5058 συμφέρον,
800 4990 933 5043 ἀλλά
966 4990 1039 5061 μὴ
1061 4991 1120 5043 τὸ
1145 4993 1240 5061 ἡδὺ
1266 4996 1374 5056 τοῖς
1399 4995 1694 5067 ἀκροαταῖς
1719 4985 1853 5054 παν·

281 5069 444 5137 ταχοῦ
479 5070 776 5140 ζητοῦντα’
817 5072 848 5143 ἥ
878 5075 976 5144 τὴν
1017 5075 1125 5126 τῶν
1163 5077 1468 5131 ἀκουόντων
1505 5081 1852 5153 ὑπειδόμενον

281 5152 597 5223 ἀπέχθειαν,
626 5156 720 5208 καὶ
748 5155 847 5226 τὴν
875 5157 1068 5209 ἐαυτοῦ
1092 5159 1184 5209 καὶ
1215 5157 1312 5228 τὴν
1340 5160 1562 5215 ἐκείνων
1585 5152 1851 5235 ,προέσθαι

283 5239 576 5309 σωτηρίαν,
607 5238 694 5292 διά
717 5240 814 5312 τῆς
849 5241 1079 5312 ἀκαίρου
1109 5241 1312 5312 ταύτης
1341 5245 1558 5316 χάριτος
1587 5249 1709 5301 ’Ότι
1743 5250 1850 5322 γὰρ

280 5322 370 5372 καὶ
403 5322 480 5390 τῷ
503 5320 712 5389 λέγοντι
744 5323 837 5376 καὶ
863 5328 976 5388 τοῖς
998 5325 1252 5379 ἀκούουσι
1279 5329 1479 5400 σφόδρα
1514 5320 1849 5386 ἐπικίνδυνον

280 5401 340 5453 τὸ
358 5403 466 5455 τῶν
498 5404 654 5457 θείων
679 5407 1124 5477 ἀποκρύπτεσθαί
1146 5428 1194 5463 τι
1215 5409 1411 5479 νόμιον,
1435 5413 1526 5466 καὶ
1560 5415 1638 5466 ὅτι
1673 5414 1847 5485 φόνων

397 5646 421 5656 ἢ

341 5647 362 5674 ⁸
391 5647 508 5697 Co”)
556 5650 826 5705 ἐπιτίθησιν.

579 5730 846 5790 Ι¹Ατιιυι..
892 5733 1007 5793 Gn.
1061 5735 1124 5796 ι..

1217 219 1353 283 NON
1392 228 1558 284 ESSE
1600 228 1688 284 Al)
1728 233 2036 290 GRATIAM
2075 237 2632 295 CONCIONANDUM.

3450 244 3557 301 οεο

1985 351 2273 406 ὑπεύθυνοι
2324 354 2370 406 οί
2417 355 2722 409 διδάσκαλοι
2771 358 3064 427 κρίνονται,
3111 360 3236 414 ὅταν
3272 362 3344 432 μὴ
3379 363 3553 418 πάντα

1983 441 2149 512 χωρὶς
2182 443 2480 515 ὑποστολῆς
2501 446 2804 515 ἐξηγῶνται
2825 447 2917 501 τοῦ
2946 448 3079 502 Θεοῦ
3100 449 3168 503 τά
3191 450 3554 522 δικαιώματα,

1980 533 2191 586 Παῦλον
2223 537 2349 606 ὑμῖν
2380 537 2582 591 τούτων
2616 538 2775 592 πάλιν
2809 541 3114 611 παρέξομαι
3148 541 3420 613 μάρτυρα.
3455 545 3551 598 Διά

1978 623 2086 694 γὰρ
2141 625 2298 678 τοῦτο
2337 628 2575 697 συνεχῶς
2623 629 2763 700 ὑπὲρ
2821 631 3072 684 ἁπάντων
3114 633 3206 684 ἐπὶ
3243 631 3340 702 τὴν
3393 632 3552 699 ἁγίαν

1979 717 2194 788 ἐκείνην
2243 721 2574 789 καταφεύγω
2618 721 2814 793 ψυχὴν,
2862 723 2941 776 ὅτι
2972 725 3230 794 χρήσιμοί
3271 725 3416 788 τινές
3445 727 3550 777 είσι

1979 810 2070 861 καὶ
2109 809 2242 864 θεῖοι
2264 812 2419 881 νόμοι
2466 813 2535 866 τά
2563 815 2773 866 Παύλου
2800 817 3038 886 ῥήματα.
3067 818 3139 869 Οὐ
3187 818 3296 888 γὰρ
3340 816 3552 879 Παῦλός

1976 901 2126 952 ἐστιν
2156 903 2184 953 ὁ
2212 902 2406 967 λαλῶν,
2453 904 2566 956 ἀλλ’
2603 907 2631 959 6
2663 906 2894 977 Χριστὸς
2919 909 2946 958 ὁ
2984 908 3082 978 τὴν
3127 908 3334 961 ἐκείνου
3374 907 3550 977 ψυχὴν

1975 991 2172 1043 κινῶν⁹
2208 992 2275 1044 δι’
2302 995 2509 1046 ἐκείνου
2548 995 2654 1065 γὰρ
2684 995 2978 1064 φθέγγεται
3011 998 3204 1060 πάντα,
3239 997 3378 1069 ἁπερ
3409 1001 3549 1050 ἐκεῖ·

1973 1099 2062 1143 νος
2105 1079 2245 1137 εἷπε.
2283 1084 2346 1137 Τί
2376 1086 2554 1138 τοίνυν
2583 1088 2746 1156 φησὶν
2782 1090 2808 1141 6
2855 1087 3100 1152 Παῦλοςς
3135 1089 3382 1152 Καλέσας
3420 1091 3548 1152 τοῦς

1974 1173 2072 1243 τὴν
2111 1176 2342 1244 Ἔφεσον
2389 1179 2703 1243 οἰκοῦντας,
2753 1181 2846 1232 καὶ
2896 1180 3130 1250 ἐσχάτην
3174 1179 3308 1249 πρὸς
3351 1182 3546 1245 αὑτοὺς

1973 1265 2311 1339 δημηγορίαν
2340 1269 2529 1336 είπὼν,
2568 1272 2753 1343 ἐπειδὴ
2796 1271 2980 1325 λοιπὸν
3011 1273 3188 1325 αὑτῶν
3217 1273 3545 1328 ἀπίστασθαι

1974 1356 2197 1426 ῆμελλε,
2223 1359 2487 1414 διδάσκων
2522 1364 2646 1423 τοῦς
2674 1363 3037 1434 ἐφεστηκότας
3072 1365 3276 1428 αὑτοῖς,
3304 1365 3385 1417 ὅτι
3417 1366 3547 1418 καθο

1974 1446 2118 1517 άπερ
2153 1451 2199 1501 οἱ
2243 1449 2304 1501 τὸ
2348 1446 2490 1521 αἷμα
2532 1454 2810 1522 ἐκχέοντες
2848 1455 2956 1507 τῶν
2984 1456 3260 1525 μαθητῶν,
3299 1451 3471 1519 οὕτως
3497 1458 3544 1509 οἱ

1971 1537 2039 1590 τὰ
2072 1540 2414 1612 συμφέροντα
2441 1542 2590 1614 [661]
2623 1544 2695 1615 μὴ
2723 1544 2968 1612 λέγοντες
2992 1545 3193 1612 αὑτοῖς,
3217 1549 3352 1600 είσὶν
3375 1542 3544 1600 ὑπεύ-ν

1973 1629 2120 1682 θυνοι
2148 1630 2421 1695 κολάσεως
2451 1633 2544 1686 καὶ
2571 1636 2863 1705 τιμωρίας,
2912 1635 3053 1688 οὕτω
3080 1636 3198 1699 πώς
3226 1653 3392 1708 φησι·
3425 1640 3543 1690 Ka-

1970 1722 2148 1788 θαρός
2181 1724 2296 1791 εἰμι
2326 1723 2439 1793 ἐγὼ
2470 1727 2586 1779 ἀπὸ
2611 1726 2716 1780 τοῦ
2752 1728 3000 1795 αἵματος
3029 1728 3289 1782 πάντων.
3320 1727 3418 1782 Διά
3452 1728 3504 1782 τί
3522 1745 3538 1794 ;

1973 1814 2054 1865 Οὐ
2083 1813 2192 1884 γὰρ
2241 1817 2695 1886 ὑπεστειλάμην
2737 1818 2842 1871 τοῦ
2881 1818 2967 1887 μὴ
3015 1819 3358 1888 ἀναγγεῖλαι
3399 1818 3541 1888 ὑμῖν

1968 1903 2177 1958 πᾶσαν
2209 1907 2324 1974 τὴν
2353 1905 2600 1975 βουλὴν
2631 1910 2736 1962 τοῦ
2774 1911 2920 1964 Θεοῦ
2940 1927 2952 1940 ⁸
2986 1912 3060 1974 ὡς
3089 1913 3136 1964 εί
3184 1911 3541 1966 ὑπεστείλατο

1966 1995 2060 2048 τοῦ
2093 1997 2166 2068 μὴ
2197 1999 2537 2067 ἀναγγεῖλαι.
2572 2002 2671 2054 οὑκ
2697 1997 2764 2072 ἦν
2794 2002 3027 2074 καθαρὸς
3058 2006 3122 2058 ἐκ
3154 2004 3536 2075 τοῦάῖματος,

1967 2088 2084 2140 ἀλλ’
2118 2090 2192 2153 ὡς
2227 2091 2549 2162 ἀνδροφόνος
2592 2095 2854 2166 ἐκρίνετο,
2892 2097 2983 2149 καὶ
3021 2097 3164 2167 μάλα
3201 2097 3441 2160 εἰκότως.
3478 2098 3540 2151 Ὀ

1970 2180 2208 2252 μὲνγὰρ
2253 2183 2576 2254 ἀνδροφόνος
2618 2186 2676 2239 τὸ
2725 2185 2883 2258 σῶμα
2933 2190 3147 2257 ἀναιρεῖ
3179 2188 3369 2257 μόνον,
3415 2189 3442 2240 6
3481 2185 3538 2240 δέ

1967 2271 2102 2342 πρὸς
2160 2275 2318 2346 χάριν
2364 2277 2714 2348 δημηγορῶν,
2756 2277 2850 2332 καὶ
2916 2280 3317 2350 ῥᾳθυμοτέρως
3370 2274 3536 2332 ποιῶν

1965 2359 2090 2423 τοὺς
2122 2361 2416 2432 ἀκροατὰς,
2456 2364 2553 2434 τὴν
2598 2365 2774 2436 ψυχὴν
2811 2366 3106 2419 ἀπόλλυσιο
3145 2367 3393 2428 κάκεῖνος
3439 2364 3537 2436 μέν

1963 2445 2042 2516 τῷ
2087 2450 2310 2521 παρόντι
2341 2451 2633 2521 προδίδωσι
2677 2454 2907 2524 θανάτῳ.
2950 2445 3102 2518 οὗτος
3136 2451 3192 2508 δὲ
3229 2455 3326 2526 τὴν
3358 2454 3536 2526 ψυχὴν

1964 2534 2248 2600 ἀπόλλυσι,
2281 2539 2374 2592 καὶ
2406 2538 2544 2610 πρὸς
2573 2540 2670 2604 τὰς
2712 2536 3008 2606 ἀθανάτους
3057 2537 3418 2613 παραπέμπει
3450 2560 3537 2596 κο-

1962 2621 2149 2689 λάσεις
2177 2627 2268 2680 καὶ
2299 2626 2591 2700 τιμωρίας.
2627 2627 2772 2702 τΑρα
2802 2624 2896 2686 οῦν
2942 2626 3151 2695 Παῦλος
3184 2633 3344 2701 μόνος
3380 2628 3536 2684 τοῦτό

1963 2729 2160 2783 (manv;
2211 2712 2508 2786 Οὐδαμῶς,
2558 2717 2693 2771 ἀλλά
2745 2719 2838 2772 καὶ
2887 2719 2989 2790 πρὸ
3034 2719 3245 2773 Παύλου
3299 2719 3459 2772 πάλιν
3506 2721 3534 2772 ὁ

1963 2797 2095 2863 Θεὸς
2135 2798 2225 2854 διά
2284 2802 2378 2856 τοῦ
2423 2807 2702 2876 προφήτου
2747 2806 2806 2858 τὸ
2845 2806 2976 2858 αὐτὸ
3027 2806 3183 2858 τοῦτο
3242 2807 3533 2860 αἰνίττεται

1962 2884 2104 2941 οὑτω
2134 2887 2307 2958 λέγων
2329 2907 2343 2922 ο
2377 2893 2618 2946 Σκοπὸν
2648 2893 2875 2947 δέδωκά
2899 2911 2971 2948 σε
3001 2893 3078 2958 τῷ
3101 2895 3242 2957 οἴκῳ
3272 2895 3526 2961 Ἰσραήλ.

1962 2975 2027 3028 Τί
2064 2979 2218 3039 ἐστι,
2260 2983 2536 3047 Σκοπόν;
2569 2983 2778 3044 Σκοπὸς
2823 2982 3039 3052 λέγεται
3087 2985 3117 3036 6
3146 2983 3254 3037 τῶν
3304 3000 3532 3053 στρατο⁸

1961 3065 2138 3120 πέδων
2172 3069 2320 3122 κάτω
2363 3070 2687 3140 καθημένων
2721 3072 2923 3142 ὑῂλὸν
2971 3073 3062 3126 καὶ
3109 3070 3380 3139 γεώλοφον
3428 3089 3533 3141 χω-

1963 3154 2078 3223 ρίον
2106 3157 2427 3231 καταλαξὼν
2476 3161 2730 3214 κάκεῖθεν
2776 3161 3027 3224 ἐπιόντας
3069 3161 3194 3223 τοὺς
3245 3158 3533 3229 πολεμίους

1964 3243 2267 3308 σκοπεύων,
2313 3247 2552 3311 καὶτοῖς
2597 3247 2746 3301 κάτω
2797 3246 3134 3316 καθημένοις
3169 3245 3384 3316 μηνύων
3433 3245 3533 3316 τὴν

1961 3329 2168 3399 ἔφοδον,
2201 3331 2294 3384 καὶ⁸
2318 3333 2600 3404 διεγείρων
2624 3334 2756 3404 πρὸς
2779 3334 2878 3404 τὴν
2899 3333 2991 3386 τοῦ
3017 3333 3254 3404 πολέμου
3283 3333 3525 3405 παράτα·

1961 3419 2063 3486 ξιν,
2095 3419 2235 3473 ὥστε
2272 3421 2344 3492 μὴ
2375 3421 2700 3490 ἀφυλάκτοις
2740 3422 3118 3490 ἐπιπεσόντας,
3155 3422 3291 3493 μετά
3331 3421 3532 3490 πολλῆς

1959 3506 2392 3578 διαχειρίσασθαι
2431 3511 2528 3581 τῆς
2562 3510 2829 3575 εὐκολίας.
2884 3510 3038 3564 Ἐπεὶ
3073 3506 3166 3564 οῦν
3209 3510 3376 3563 πολλὰ
3420 3509 3530 3563 τῶν

1960 3595 2223 3649 ἐπιόντων
2263 3596 2453 3650 δεινῶν
2488 3597 2584 3667 οὑχ
2633 3599 2848 3670 ὁρῶμεν
2880 3600 3039 3669 ἡμεῖς
3082 3595 3131 3651 οἱ
3183 3594 3353 3668 χαμαὶ
3387 3597 3531 3667 βαδί-

1961 3682 2164 3746 ζοντες,
2199 3683 2547 3756 ᾡκονόμησεν
2595 3685 2627 3755 ἡ
2670 3685 2764 3739 τοῦ
2807 3685 2941 3739 Θεοῦ
2988 3686 3166 3758 χάρις,
3215 3681 3400 3754 ῶσπερ
3443 3685 3532 3752 ἐφ’

1961 3770 2166 3842 ὑψηλοῦ
2211 3773 2414 3843 χωρίου
2443 3774 2540 3842 τῆς
2579 3775 2915 3845 προφητείας
2949 3776 3074 3836 τοὺς
3102 3773 3288 3842 ἁγίους
3319 3774 3524 3844 προφήο

1957 3873 2056 3922 τας
2099 3858 2372 3924 ἑστῶτας,
2412 3860 2707 3929 μέλλουσαν
2745 3861 2838 3914 τοῦ
2886 3861 3022 3914 Θεοῦ
3060 3861 3157 3931 τὴν
3188 3861 3356 3934 όργὴν
3394 3862 3525 3932 ἡμῖν

1959 3946 2170 4000 ἐπιέναι
2202 3947 2485 4019 πόρρωθεν
2508 3948 2862 4019 προμηνύειν,
2897 3949 2982 4001 ἵνα
3011 3948 3098 4002 διά
3118 3947 3216 4020 τῆς
3239 3947 3523 4020 μετανοίας

1959 4033 2182 4097 ἑαυτοὺς
2215 4035 2686 4106 ἀνακτησάμενοι,
2720 4037 2812 4088 καὶ
2849 4037 3199 4090 πεπτωκυῖαν
3235 4038 3392 4107 ἡμῶν
3428 4037 3525 4108 τὴν

1956 4119 2134 4191 ψυχὴν
2181 4119 2588 4191 ἀνορθώσαντες
2609 4162 2624 4187 ,
2657 4121 2756 4191 τὴν
2784 4120 3042 4192 θεήλατον
3079 4117 3358 4194 πόρρωθεν
3385 4121 3525 4175 ἀπο-

1959 4209 2318 4280 κρουσώμεθα
2358 4209 2592 4280 πληγήν.
2627 4209 2724 4263 Διά
2758 4209 2916 4263 τοῦτό
2951 4228 3114 4280 φησι⁶
3161 4207 3402 4266 Σκοπὸν
3430 4208 3526 4266 δέ-

1957 4297 2118 4352 δωκά
2149 4314 2223 4352 σε
2252 4298 2330 4363 τῷ
2357 4299 2498 4362 οἴκῳ
2538 4294 2783 4367 Ἰσραήλ
2807 4316 2819 4329 ·
2855 4293 2939 4351 ἵνα
2983 4297 3275 4368 μέλλουσαν
3311 4299 3523 4354 ἐπιέναι

1955 4384 2053 4455 τὴν
2088 4383 2372 4456 συμφορὰν
2419 4384 2806 4459 προμηνύσῃς,
2852 4385 3102 4458 καθάπερ
3148 4385 3352 4451 ἐκεῖνος
3401 4389 3524 4450 τοὺς

1957 4471 2268 4541 πολεμίους.
2304 4471 2414 4526 Καὶ
2441 4474 2708 4544 τιμωρίαν
2738 4470 2794 4526 δέ
2828 4471 2888 4526 οὑ
2925 4471 3130 4546 μικρὰν
3152 4473 3524 4545 ἐπιτίθησιτῷ

1960 4558 2035 4629 μὴ
2073 4559 2390 4628 προλέγοντι
2430 4560 2524 4612 τοῦ
2559 4561 2690 4614 Θεοῦ
2729 4562 2829 4632 τὴν
2861 4561 3049 4633 ὀργήν.
3089 4563 3256 4616 Ποίαν
3289 4563 3351 4634 δὴ
3393 4565 3524 4616 ταύ-

1955 4664 2084 4717 την;
2117 4647 2228 4710 Τὰς
2268 4647 2444 4716 ψυχὰς
2485 4648 2593 4702 τῶν
2636 4649 3044 4720 ἀπολλυμένων,
3092 4651 3276 4720 φησὶν,
3324 4649 3387 4704 ἐκ
3423 4652 3524 4722 τῆς

1954 4733 2134 4806 χειρός
2165 4751 2257 4786 σου
2291 4734 2596 4805 ἐκζητήσω.
2625 4735 2720 4800 Τίς
2760 4731 2852 4790 οῦν
2889 4731 3254 4806 οὑτως-ὠμὸς
3287 4737 3376 4790 καὶ
3415 4739 3523 4792 ἀπ·

1954 4821 2236 4892 ἅνθρωπος
2279 4820 2374 4874 καὶ
2412 4821 2739 4893 ἀσυμπαθὴς
2760 4862 2774 4884 ,
2813 4817 2888 4886 ὡς
2918 4818 3172 4891 ἐγκαλεῖν
3204 4824 3281 4894 τῷ
3312 4822 3520 4892 λέγοντι

1955 4909 2049 4962 καὶ
2082 4908 2329 4980 περὶτῆς
2358 4907 2451 4962 τοῦ
2489 4910 2624 4963 Θεοῦ
2657 4910 3020 4982 διαλεγομένῳ
3060 4912 3299 4982 συνεχῶς
3328 4911 3520 4984 ὀργῆς,

1953 4997 2220 5064 τοσαύτην
2243 4996 2461 5050 κόλασιν
2484 4995 2811 5066 ὑφίστασθαι
2843 4997 3110 5069 μέλλοντι,
3131 5001 3178 5053 εὶ
3210 5000 3519 5072 σιγήσειεν;

1955 5084 2076 5136 Ὅτι
2133 5083 2230 5153 μὲν
2275 5079 2366 5138 οῦν
2417 5085 2548 5154 ἡμῖν
2603 5084 2666 5138 οὑ
2718 5083 2987 5158 συμφέρει
3030 5091 3142 5152 τοῖς
3190 5088 3407 5156 λέγουσι
3453 5089 3521 5142 τὰ

1949 5172 2173 5224 τοιαῦτα
2209 5173 2382 5242 σιγᾷν,
2406 5171 2605 5236 ἱκανῶς
2635 5171 2728 5226 καὶ
2749 5174 2777 5226 6
2805 5176 3088 5246 προφήτης
3114 5177 3206 5229 καὶ
3231 5177 3259 5229 6
3285 5176 3517 5230 ἀπόστοο

1949 5259 2038 5324 λος
2061 5261 2207 5331 ἡμᾶς
2239 5261 2577 5314 ἐπαίδευσεν·
2605 5263 2686 5315 ὅτι
2712 5263 2766 5315 δὲ
2796 5265 2917 5317 οὑδέ
2948 5267 3075 5335 ὑμῖν
3101 5270 3208 5328 τοῖς
3237 5265 3517 5327 ἀκούουσι,

1948 5348 2104 5418 δῆλον
2138 5347 2366 5402 ἐκεῖθεν.
2400 5349 2459 5401 Εἰ
2495 5349 2591 5418 μέν
2620 5349 2729 5421 γὰρ
2762 5349 2872 5418 ἐγὼ
2907 5353 3131 5422 σιγήσας
3167 5352 3517 5422 ἀπέκρυπτον

1947 5438 2012 5507 τῇ
2050 5438 2174 5506 σιγῇ
2215 5437 2284 5488 τὰ
2319 5438 2713 5508 ἁμαρτήματα,
2762 5439 2940 5502 καλῶς
2970 5439 3348 5510 ἐδυσχέραινεν
3383 5439 3516 5492 ἕκα-

1948 5541 2073 5586 στος
2113 5523 2204 5576 καὶ
2238 5525 2533 5593 ἠγανάκτει
2558 5525 2812 5589 δικαίως,
2849 5525 2923 5596 μὴ
2959 5525 3216 5592 σιγῶντος
3258 5523 3390 5595 ἐμοῦ
3415 5542 3426 5553 °
3466 5525 3516 5577 εί

1945 5609 2000 5662 δὲ
2057 5610 2149 5664 καὶ
2203 5612 2360 5680 ήμῶν
2405 5610 2681 5679 σιγώντων
2723 5612 2836 5676 νῦν,
2882 5613 3094 5680 ἀνάγκη
3143 5611 3354 5675 πάντως
3400 5610 3518 5666 ἐκεῖ

3129 5761 3205 5827 16
