4080 6196
496 226 599 281 (ἶῦῚ

498 342 730 412 φανῆναι
781 341 847 397 τά
888 342 1331 416 πλημμελήματα
1355 384 1367 405 ,
1407 345 1459 397 τί
1502 345 1560 398 τὸ
1601 345 1790 414 ὄφελος
1822 345 1929 399 ἀπὸ
1966 345 2061 416 τῆς

497 428 657 498 σιγῆς
693 426 888 496 γένοιτ’
916 428 1011 494 άν;
1052 426 1190 480 Ἀλλ’
1232 426 1424 495 ὄφελος
1467 429 1565 497 μὲν
1594 428 1765 492 οὐδὲν,
1798 428 1966 499 βλάϐη
2006 429 2060 482 δὲ

497 511 721 582 ἐσχάτη.
753 512 850 563 Ἂν
891 510 989 580 μὲν
1028 510 1138 580 γὰρ
1172 509 1313 562 εἴπω
1354 509 1469 576 νῦν,
1505 512 1586 573 είς
1625 510 1911 581 μετάνοιαν
1946 511 2063 579 ἄγω

498 596 593 649 καὶ
618 593 907 659 κατάνυξιν
944 593 1182 654 διανοίας
1204 609 1216 623 ·
1255 591 1321 646 ἂν
1359 591 1416 645 δέ
1448 596 1679 664 σιγήσω,
1712 595 1808 648 νῦν
1838 596 1934 665 μὲν
1965 596 2064 647 ούκ

497 677 923 748 ἀναμνησόμεθα
970 676 1079 729 τῶν
1126 676 1677 748 πεπλημμελημένων
1730 680 1881 749 ἡμῖν,
1939 670 2061 731 οῦδὲ

502 764 945 834 μετανοήσομενσ
990 762 1106 815 ἐκεῖ
1146 760 1203 814 δὲ
1242 760 1383 814 αὐτὰ
1412 759 1653 830 ὀψόμεθα
1688 763 1794 832 πρὸ
1830 761 1940 815 τῶν
2001 762 2058 813 όο

498 845 759 916 φθαλμῶν
792 843 973 914 γυμνὰ
994 844 1088 897 καὶ
1107 843 1591 914 τετραχηλισμένα,
1613 845 1707 896 καὶ
1723 844 2064 914 θρηνήσομεν

496 930 621 999 εἰκῆ
655 928 748 982 καὶ
779 928 977 999 μάτην.

566 1035 616 1106 γ’
621 1076 634 1091 .
674 1036 824 1089 Ἐπεὶ
839 1031 931 1089 οὖν
951 1033 1162 1105 ἀνάγκη
1188 1033 1423 1109 πάντως,
1448 1033 1481 1105 ἢ
1504 1034 1637 1097 ἐκεῖ,
1659 1035 1692 1104 ἢ
1717 1030 1949 1086 ἐνταῦθα
1963 1047 2065 1086 κα-

495 1119 796 1189 τανυγῆναι
831 1118 923 1172 ἐπὶ
960 1120 1070 1181 τοῖς
1119 1118 1516 1188 ἁμαρτήμασι,
1562 1115 1769 1186 βέλτιον
1810 1114 2063 1179 ἐνταῦθα,

499 1205 593 1257 καὶ
620 1203 696 1274 μὴ
725 1204 859 1256 ἐκεῖ.
885 1200 1055 1254 Πόθεν
1087 1199 1245 1255 τοῦτο
1268 1200 1459 1270 δῆλον;
1499 1199 1631 1252 Ἀπὸ
1659 1198 1767 1253 τῶν
1798 1214 2065 1268 προφητι-

498 1287 611 1342 κῶν
650 1287 942 1358 ῥημάτων,
970 1285 1077 1339 ἀπὸ
1115 1284 1224 1338 τῶν
1256 1282 1646 1352 εύαγγελικῶν.
1679 1280 1828 1354 [662]
1877 1283 1937 1335 '0
1969 1282 2066 1352 μὲν

498 1387 533 1439 γ
542 1369 608 1441 ἀρ
653 1370 939 1442 ’προφήτης
968 1368 1153 1440 φησὶν,
1194 1368 1291 1421 Ἑν
1319 1367 1398 1433 τῷ
1430 1366 1543 1434 ᾅδῃ
1585 1366 1676 1431 τίς
1703 1363 2068 1435 ἐξομολοῖὛθ

499 1452 675 1523 σεταί
715 1467 851 1516 σοι;
892 1451 993 1521 οὐχ
1036 1451 1117 1504 ὅτι
1146 1452 1247 1505 ούκ
1290 1447 1792 1521 ὲξομολογούμεθα,
1831 1447 1947 1502 ἀλλ’
1985 1449 2066 1501 ὄτι

500 1534 622 1604 εἰκῆ
644 1532 804 1589 τοῦτο
822 1534 1102 1604 ποιοῦμεν.
1119 1533 1177 1587 ‘0
1204 1532 1259 1586 δὲ
1275 1533 1320 1585 Χ
1329 1532 1508 1604 ριστδς
1525 1532 1618 1586 καὶ
1643 1531 1731 1584 διὰ
1748 1531 2063 1602 παραϐολῆς

498 1618 631 1671 αὐτὸ
665 1617 823 1670 τοῦτο
848 1616 1154 1669 ἐπαίδευσε.
1185 1614 1437 1686 Λάζαρος
1467 1613 1576 1684 γάρ
1607 1630 1693 1678 τις
1723 1610 1790 1684 ῆν
1827 1614 2060 1683 πτωχὸς,

500 1701 688 1772 φησὶν,
728 1698 1043 1771 ἡλκωμένος
1090 1698 1379 1761 πάντοθεν,
1422 1698 1577 1751 νόσον
1629 1698 1848 1752 ἀνίατον
1890 1695 2064 1767 ἔχων

499 1784 686 1854 ἕτερος
723 1782 780 1835 δέ
806 1799 892 1846 τις
921 1780 1175 1844 πλούσιος
1210 1781 1320 1835 τῶν
1356 1780 1553 1855 ψιχίων
1594 1781 1656 1833 οὐ
1690 1778 1962 1850 μετεδίδου
1993 1778 2070 1849 τῷ

502 1867 715 1938 πένητι.
747 1866 857 1919 Καὶ
888 1864 941 1919 τί
971 1864 1053 1917 δεῖ
1079 1865 1259 1918 πᾶσαν
1295 1863 1545 1916 ἐπελθεῖν
1576 1862 1676 1933 τήν
1716 1862 2065 1934 παραϐολήνς

505 1950 615 2004 ἴστε
655 1950 763 2022 γὰρ
804 1948 902 2021 τὴν
946 1949 1182 2020 ἱστορίαν
1226 1948 1463 2013 ἃπασαν,
1511 1946 1608 2019 τὴν
1665 1946 1928 2017 ὡμότητα
1972 1945 2068 1999 τοῦ

503 2033 779 2098 πλουσίου,
815 2031 932 2097 πῶς
962 2033 1022 2085 ού
1058 2031 1331 2103 μετεδίδου
1357 2031 1458 2102 τῆς
1483 2030 1765 2102 τραπέζης
1802 2028 1880 2098 τῷ
1925 2044 2072 2082 πτω-

504 2114 602 2184 χῷ,
628 2115 724 2186 τὴν
756 2115 947 2169 πενίαν
977 2116 1077 2188 τὴν
1101 2115 1310 2168 ἐκείνου
1339 2114 1434 2167 καὶ
1464 2113 1556 2166 τὸν
1585 2111 1761 2182 λιμὸν,
1794 2105 1841 2179 ᾧ
1901 2127 2071 2183 προσ-

506 2198 731 2255 επάλαιε
772 2198 1055 2269 διηνεκῶς.
1098 2197 1238 2250 Ἀλλ’
1284 2196 1519 2250 ἐνταῦθα
1556 2195 1749 2249 ταῦτα’
1792 2194 1978 2267 ἐπειδὴ
2013 2193 2071 2247 δὲ

504 2282 854 2352 ἐτελεύτησεν
880 2283 1129 2347 ἕκαστος,
1157 2282 1260 2353 ὁρᾷ
1279 2280 1370 2334 τὸν
1402 2279 1617 2350 πτωχὸν
1645 2280 1851 2332 ἐκεῖνον
1879 2281 1937 2331 ἐν
1959 2280 2073 2341 τοῖς

504 2365 722 2436 κόλποις
744 2364 837 2417 τοῦ
867 2365 1133 2436 Ἁϐραάμ.
1159 2366 1267 2416 Καὶ
1286 2365 1338 2416 τί
1364 2378 1525 2434 φησιο
1562 2361 1753 2430 Πάτερ
1798 2357 2069 2431 Ἀϐραὰμ,

503 2433 869 2501 ἀπόστειλον
907 2433 1125 2509 αὐτόν,
1176 2448 1275 2500 ἵνα
1328 2433 1625 2512 ἐπιστὰξῃ
1671 2442 1753 2509 τῷ
1797 2443 2075 2509 δακτύλῳ

505 2532 662 2601 ἄκρῳ
687 2532 763 2602 τῇ
786 2533 1014 2604 γλώττῃ
1044 2549 1184 2602 μου,
1218 2533 1319 2585 ἵνα
1352 2531 1783 2598 ἀναπαύσωμαι
1812 2527 1922 2596 τῆς
1946 2527 2073 2581 ὀδύ-

505 2634 637 2684 νης.
666 2613 818 2681 Εἶδες
855 2616 1151 2681 ἁντίδοσινς
1176 2616 1237 2668 ού
1273 2614 1576 2685 μετέδωκεν
1600 2611 1748 2683 αύτῴ
1776 2610 1992 2682 ψιχίων,
2010 2612 2071 2665 ού

508 2700 913 2771 μεταλαμϐάνει
938 2700 1197 2768 σταγόνος
1229 2692 1522 2768 ῦδατος.⁷ῼ
1542 2696 1656 2767 γὰρ
1677 2696 1890 2769 μέτρῳ,
1916 2695 2070 2766 φησὶ,

500 2783 796 2853 μετρεῖτε,
834 2782 1268 2852 μετρηθήσεται
1310 2780 1472 2850 ὑμῖν.
1508 2780 1573 2833 Τί
1602 2777 1695 2833 οὖν
1730 2782 1759 2833 0
1787 2778 2070 2850 Ἀϐραάμς

511 2864 749 2930 Τέκνον,
797 2865 1094 2930 ἀπέλαϐες
1130 2864 1204 2917 τὰ
1248 2862 1442 2932 ἀγαθά
1484 2876 1622 2927 σου,
1664 2861 1763 2915 καὶ
1813 2859 2075 2929 Λάζαρος

504 2947 579 3002 τὰ
599 2947 755 3002 κακά
774 2966 788 2981 -
811 2948 910 3002 καί
938 2948 1054 3002 νῦν
1087 2943 1265 3013 οὗτος
1291 2947 1409 3016 μὲν
1431 2946 1687 3000 ἐνταῦθα
1719 2945 2075 3012 παρακαλεῖ-

506 3048 619 3096 ται,
652 3030 734 3086 σὺ
766 3030 834 3084 δὲ
859 3029 1172 3086 ὀδυνᾶσαι.
1214 3030 1371 3083 Ἀλλά
1396 3029 1457 3082 τὸ
1491 3028 1842 3100 ζητούμενον,
1868 3027 1949 3080 ὅτι
1976 3043 2075 3080 κα-

506 3116 862 3169 τανύσσονται
917 3116 1017 3187 μὲν
1064 3116 1157 3170 ἐπὶ
1197 3117 1310 3179 τοῖς
1358 3115 1720 3186 ἁμαρτήμασι
1776 3113 1871 3166 καὶ
1914 3128 2076 3183 μετα-

507 3198 793 3252 ϐάλλονται
825 3199 921 3252 καὶ
962 3198 1205 3268 βελτίους
1232 3200 1472 3267 γίνονται
1522 3198 1631 3251 ἀπὸ
1680 3197 1778 3268 τῆς
1816 3196 2074 3266 γεέννης,

507 3282 658 3336 οὐδὲν
688 3282 746 3335 δὲ
789 3280 1165 3352 κερδαίνουσιν
1214 3283 1295 3344 εἰς
1336 3280 1688 3352 παραμυθίαν
1718 3280 1817 3349 τῆς
1842 3278 2039 3349 φλογός
2058 3296 2071 3309 ο

507 3365 699 3434 Πάτερ
725 3365 855 3437 γὰρ,
885 3366 1249 3431 ἀπόστειλον
1283 3365 1471 3419 αὐτὸν
1502 3367 1587 3431 είς
1614 3364 1719 3417 τὸν
1739 3359 1912 3419 οἶκόν
1932 3380 2070 3431 μου,

509 3450 707 3519 φησὶν,
750 3449 851 3502 ἵνα
894 3447 1021 3513 τοῖς
1064 3447 1387 3518 συγγενέσι
1434 3464 1553 3517 μου
1593 3447 2073 3516 διαμαρτύρηται,

508 3534 608 3588 καί
634 3533 720 3603 μὴ
748 3533 1008 3588 ἔλθωσιν
1030 3535 1117 3598 εις
1146 3531 1252 3584 τὸν
1278 3533 1463 3585 τόπον
1486 3530 1721 3585 τοῦτον.
1744 3531 1914 3593 Αὐτὸς
1941 3531 2077 3583 ἀπο-

504 3616 686 3687 τυχὼν
718 3617 815 3687 τῆς
846 3615 1195 3687 εὐεργεσίας,
1228 3610 1437 3685 ἑτέροις
1477 3614 1724 3685 προξενεῖ
1757 3613 1855 3685 τὴν
1895 3629 2073 3685 σωτη-

511 3702 634 3774 ρίαν
667 3700 874 3755 λοιπόν.
922 3696 1075 3764 Εἶδες
1121 3699 1236 3763 πῶς
1270 3699 1421 3770 ὠμὸς
1449 3694 1518 3771 ἦν
1560 3699 1667 3769 πρὸ
1704 3699 1919 3764 τούτου,
1959 3697 2076 3760 πῶς

510 3787 896 3858 φιλάνθρωπος
931 3787 1148 3856 ἐγένετο
1180 3786 1317 3857 μετὰ
1341 3786 1550 3853 ταῦτα;
1594 3785 1705 3857 Πρὸ
1738 3785 1846 3839 τῶν
1881 3783 2077 3855 ὀφθαλ-

516 3872 635 3943 μῶν
674 3871 926 3943 κείμενον
962 3870 1266 3942 παρέτρεχε
1294 3869 1383 3924 τὸν
1416 3870 1665 3937 Λάζαρον
1703 3868 1832 3935 ζῶν,
1866 3868 1986 3924 νυνὶ
2020 3867 2075 3921 δὲ

515 3958 609 4011 καὶ
630 3957 880 4011 ἀπόντων
908 3955 1185 4027 φροντίζει
1209 3954 1316 4009 τῶν
1353 3956 1629 4024 συγγενῶν
1647 3970 1661 3984 ·
1692 3955 1785 4009 καὶ
1814 3954 1937 4008 τότε
1980 3954 2077 4024 μὲν

512 4039 571 4092 ἐν
602 4039 888 4111 περιουσίει⁴
910 4037 1005 4101 ὢν,
1024 4038 1159 4110 πρὸς
1180 4036 1277 4109 τὴν
1304 4036 1542 4108 ἐλεεινὴν
1562 4038 1663 4091 οὐκ
1695 4034 2079 4108 ἐπεκάμπτετο

511 4121 607 4175 τοῦ
636 4121 852 4193 πτωχοῦ
874 4121 1022 4187 θέαν,
1042 4120 1159 4174 νυνὶ
1188 4120 1245 4174 δὲ
1274 4121 1332 4173 ἐν
1355 4120 1567 4185 ὀδύναις
1594 4122 1687 4174 καὶ
1714 4120 1982 4189 ἀνάγκαις
2004 4117 2079 4173 ὢν

513 4205 927 4276 ἀπαραιτήτοις,
960 4204 1180 4274 κήδεται
1213 4202 1323 4256 τῶν
1363 4202 1511 4273 αύτῷ
1548 4204 1954 4275 προσηκόντων,
1987 4204 2079 4257 καὶ

513 4286 652 4352 ἀξιοῖ
697 4286 1009 4357 πεμφθῆναι
1051 4287 1144 4339 τὸν
1187 4287 1359 4339 ταῦτα
1415 4286 1829 4356 ἀπαγγελοῦντα
1875 4287 2074 4349 αὐτοῖς.

525 4372 687 4443 ὐρᾷς
742 4370 855 4433 πῶς
902 4369 1282 4441 φιλάνθρωπος
1327 4370 1518 4439 γέγονε
1588 4372 1681 4424 καὶ
1730 4372 1937 4441 ἦμερος
1986 4371 2079 4424 καὶ

516 4471 578 4507 συ
588 4451 929 4525 μπαθητικός
947 4472 961 4521 ;

585 4559 650 4612 Τί
696 4554 826 4626 οὖνς
873 4544 1128 4613 ἀπώνατό
1159 4578 1209 4613 τι
1253 4559 1353 4629 τῆς
1412 4558 1729 4630 μετανοίας;
1779 4558 1992 4628 ἐγένετό
2028 4576 2079 4612 τι

515 4645 704 4716 κέρδος
733 4643 880 4715 αύτῷ
921 4645 1029 4698 ἀπὸ
1066 4645 1162 4716 τῆς
1191 4645 1570 4711 κατανύξεως;
1608 4644 1899 4715 Οὐδαμῶςο
1930 4645 2083 4699 ἄκαι-

519 4748 607 4802 ρος
637 4729 802 4801 γάρὴ
836 4728 1112 4799 μετάνοια.
1152 4728 1346 4801 Ἐλύθη
1380 4728 1440 4780 τὸ
1474 4728 1723 4797 θέατρον,
1765 4728 1972 4799 ἀπῆλθε
2015 4730 2081 4783 τὰ

517 4814 839 4884 σκάμματα,
887 4814 987 4866 οὐκ
1034 4813 1116 4865 ἔτι
1160 4813 1351 4885 καιρὸς
1393 4811 1500 4865 τῶν
1546 4811 1937 4881 παλαισμάτων
1976 4806 2078 4883 ἦν’

513 4899 600 4952 διὰ
630 4898 789 4951 τοῦτο
818 4897 1141 4968 παρακαλῶ,
1170 4898 1267 4950 καὶ
1299 4896 1486 4966 δέομαι
1537 4897 1630 4949 καὶ
1674 4895 1957 4960 ἀντιϐολῶ,
2000 4900 2083 4949 ἐν·

513 4981 691 5034 ταῦθα
727 4980 1012 5052 ὀδύρεσθαι
1053 4980 1160 5053 χρὴ
1191 4982 1283 5035 καὶ
1322 4980 1540 5051 θρηνεῖν
1574 4980 1666 5033 ἐπὶ
1694 4982 1807 5042 τοῖς
1835 4983 2083 5051 ἁμαρτή-

519 5083 673 5137 μασι.
722 5066 975 5119 Λυπείτω
1002 5068 1149 5136 ἡμᾶς
1188 5066 1420 5120 ἐνταῦθα
1468 5064 1537 5118 τὰ
1580 5065 1830 5134 ῥήματα,
1874 5066 1967 5116 καὶ
2009 5065 2083 5137 μὴ

516 5152 751 5221 φοϐείτω
788 5150 907 5205 ἐκεῖ
936 5150 1004 5205 τὰ
1039 5151 1372 5222 πράγματα’
1421 5151 1661 5204 δακνέτω
1688 5151 1837 5220 ἡμᾶς
1868 5150 1896 5201 0
1928 5149 2084 5217 λόγος

516 5233 768 5299 ἐνταῦθα,
801 5232 895 5287 καὶ
932 5233 1008 5305 μὴ
1044 5234 1288 5288 δακνέτω
1319 5235 1463 5305 ἡμᾶς
1489 5236 1607 5286 ἐκεῖ
1641 5232 1858 5303 σκώληξ
1879 5236 1906 5287 0
1943 5234 2083 5286 i060-

516 5319 641 5383 λος·
678 5319 880 5373 καιέτω
918 5319 1067 5391 ἡμᾶς
1123 5317 1359 5372 ἐνταῦθα
1402 5319 1435 5389 ή
1483 5317 1831 5388 ἐπιτίμησις,
1874 5320 1969 5370 καὶ
2010 5317 2084 5388 μὴ

518 5406 720 5458 καιέτω
749 5406 865 5458 ἐκεῖ
896 5406 928 5476 ἡ
954 5405 1147 5474 γέεννα
1175 5404 1270 5459 τοῦ
1301 5406 1490 5475 πυρός.
1524 5406 1665 5467 Τοὺς
1691 5401 1922 5456 ἐνταῦθα
1955 5402 2085 5472 θρη-

517 5489 743 5552 νοῦντας
770 5490 1062 5545 ἀκόλουθον
1085 5492 1202 5544 ἐκεῖ
1230 5490 1645 5561 παρακληθῆναι
1665 5504 1678 5518 ⁸
1697 5488 1822 5550 τοὺς
1855 5486 2083 5539 ἐνταῦθα

517 5575 839 5646 τρυφῶντας
881 5576 976 5630 καὶ
1023 5576 1299 5645 γελῶντας
1342 5576 1434 5629 καὶ
1479 5575 1795 5644 ἀναλγήτως
1846 5573 1971 5643 περὶ
2016 5573 2084 5625 τὰ

521 5660 891 5731 ἁμαρτήματα
925 5661 1300 5731 διακειμένους
1331 5659 1541 5729 ἀνάγκη
1582 5660 1727 5710 πᾶσα
1756 5658 1870 5709 ἐκεῖ
1894 5657 2083 5728 θρηνῆ-

1222 229 1282 284 S.
1322 227 1603 285 JOANNIS
1642 228 2118 287 CHBYSOSTOMI
2159 231 2473 295 ARCHIEP.
2516 242 3053 303 CONSTANTINOP.

3632 253 3738 313 658

2172 366 2261 403 σαι
2308 353 2401 406 καὶ
2438 354 2743 427 ὀδύρεσθαι,
2794 363 2888 416 καὶ
2930 362 3123 435 βρῦξαι
3156 367 3280 431 τοὺς
3335 366 3572 435 ὀδόντας.
3616 373 3740 431 Οὔκ

2168 445 2299 515 ἐμὸς
2323 439 2477 513 οὗτος
2508 452 2538 504 0
2567 451 2751 521 λόγος,
2787 455 2902 507 ἀλλ’
2943 456 3109 510 αὑτοῦ
3145 458 3241 511 τοῦ
3272 459 3393 514 τότε
3419 462 3739 532 δικάζοντος

2164 542 2297 611 ἡμῖν
2317 557 2331 572 ⁸
2365 544 2652 613 Μακάριοι
2680 547 2819 618 γὰρ,
2860 550 3061 619 φησὶν,
3101 553 3156 606 οί
3200 554 3599 626 πενθοῦντες,
3645 560 3741 615 ὅτι

2165 632 2332 688 αὐτοί
2359 639 2963 707 παριικληθήσονταιο
2994 644 3135 698 Οὐαί
3165 645 3397 714 ὐμῒν,οἰ
3420 648 3737 720 γελῶντες,

2165 726 2255 780 ὅτι
2292 730 2609 784 κλαύσετε.
2653 731 2812 803 Πόσῳ
2833 733 3013 787 τοίνυν
3042 733 3192 808 [663]
3225 736 3434 807 βέλτιον
3467 741 3740 812 πρόσκαι-

2166 837 2260 891 ρον
2305 823 2597 888 κατάνυξιν
2645 824 2740 878 καὶ
2792 825 3024 898 όδυρμὸν
3075 829 3359 884 ἀθανάτων
3403 831 3741 900 ἀλλάξασθαι

2165 912 2347 966 καλῶν
2375 915 2471 968 καὶ
2501 912 2695 985 ἡδονῆς
2722 916 2874 981 τέλος
2914 918 3015 975 οὐκ
3043 919 3309 992 ἐχούσης,
3335 921 3370 992 ἢ
3397 923 3491 977 τὸν
3529 925 3741 997 βραχὺν

2165 1001 2354 1056 τοῦτον
2403 1004 2497 1057 καὶ
2541 1005 2875 1077 πρόσκαιρον
2928 1006 3044 1077 βίον
3080 1009 3314 1064 ἐνταῦθα
3364 1013 3740 1082 γελάσαντας,

2166 1094 2423 1149 ἀπελθεῖν
2450 1098 2568 1151 ἐκεῖ
2596 1098 3098 1172 κολασθησομένους
3133 1103 3409 1171 ἀθάνατα;
3460 1100 3603 1160 ’Ἀλλ’
3648 1108 3742 1161 αἰ-

2169 1184 2337 1258 σχύνῃ
2350 1188 2445 1241 καὶ
2461 1189 2718 1261 ἐρυθριᾷς
2732 1189 2803 1244 τὰ
2817 1193 3190 1265 ἁμαρτήματα
3200 1194 3435 1260 ἐξειπεῖν
3450 1215 3466 1264 ;
3483 1198 3742 1255 Μάλιστα

2171 1277 2269 1346 μὲν
2297 1277 2345 1329 εἰ
2373 1278 2467 1332 καὶ
2496 1279 2581 1332 ἐπ’
2611 1280 2914 1351 ἀιθρώπων
2952 1283 3059 1337 ἔδει
3083 1284 3256 1339 ταῦτα
3295 1287 3475 1356 λέγειν
3516 1291 3610 1343 καὶ
3637 1292 3743 1344 ἐκ-

2172 1369 2497 1438 πομπεύειν,
2543 1371 2664 1425 οὐδὲ
2706 1373 2880 1439 οὕτως
2923 1375 3272 1446 αἰσχύνεσθαι
3317 1377 3461 1432 ἔδεν
3501 1382 3743 1455 αἰσχύνη

2167 1461 2276 1532 γὰρ
2323 1460 2386 1515 τὸ
2428 1463 2786 1534 ἁμαρτάνειν,
2832 1467 2893 1520 ού
2925 1465 2987 1519 τὸ
3021 1466 3351 1541 ὁμολογῆσαι
3381 1470 3450 1525 τά
3479 1474 3742 1546 ἁμαρτηο

2169 1551 2328 1606 θέντα
2345 1568 2358 1581 ·
2387 1553 2504 1607 νυνὶ
2529 1552 2589 1608 δὲ
2618 1554 2736 1609 οὐδὲ
2763 1557 2974 1630 ἀνάγκη
3015 1560 3297 1631 παρόντων
3323 1563 3615 1636 μαρτύρων
3644 1566 3744 1634 ἐξ-

2167 1642 2565 1715 ομολογεῖσθαι.
2626 1646 2787 1719 Παρὰ
2830 1649 2943 1707 τοῖς
2986 1649 3268 1723 λογισμοῖς
3299 1653 3393 1707 τοῦ
3435 1656 3744 1722 συνειδότος

2167 1736 2439 1805 γιγνέσθω
2466 1738 2575 1792 τῶν
2607 1738 3155 1812 πεπλημμελημένων
3186 1745 3220 1815 ἡ
3262 1744 3532 1811 ἐξέτασις’
3557 1749 3744 1820 ἁμάρ-

2167 1843 2331 1898 τυρον
2362 1826 2502 1882 ἔστω
2531 1829 2591 1881 τὸ
2627 1829 2977 1903 δικαστήριον
2997 1850 3010 1863 ·
3054 1834 3085 1887 0
3128 1834 3251 1898 Θεὸς
3276 1836 3458 1908 ὁράτω
3484 1854 3542 1891 σε
3574 1839 3745 1909 μόνος

2172 1919 2683 1992 ἐξομολογούμενοι),
2707 1924 2736 1977 ό
2759 1922 2891 1988 Θεὸς
2912 1925 2943 1977 0
2971 1924 3048 1996 μὴ
3075 1926 3350 1992 ὀνειδίζων
3387 1929 3455 1984 τὰ
3485 1932 3747 2004 ἁμαρτή-

2174 2029 2337 2085 ματα,
2363 2015 2503 2069 ἀλλὰ
2535 2015 2678 2071 λύων
2703 2016 2773 2072 τὰ
2809 2018 3180 2091 ἁμαρτήματα
3210 2021 3321 2076 ἀπὸ
3351 2023 3453 2095 τῆς
3482 2025 3747 2097 ἐξομολο-

2169 2109 2405 2179 γήσεως.
2447 2108 2611 2162 Ἀλλὰ
2638 2111 2731 2163 καὶ
2766 2109 2940 2174 οὕτως
2971 2112 3151 2177 ὀκνεῖς
3188 2115 3283 2168 καὶ
3320 2117 3560 2190 ἀναδύῃ;
3603 2115 3749 2174 Οἶδα.

2170 2199 2349 2269 κάγὼ,
2380 2202 2463 2254 δτι
2487 2203 2586 2256 οὐκ
2608 2203 2857 2273 ἀνέχεται
2888 2202 2951 2256 τὸ
2980 2206 3219 2270 συνειδὸς
3244 2206 3344 2278 τῆς
3375 2210 3591 2281 μνήμης
3625 2211 3749 2265 τῶν

2170 2290 2386 2345 οἰκείων
2412 2292 2918 2365 πλημμελημάτων.
2947 2298 3045 2352 Ἂν
3066 2298 3174 2368 γάρ
3203 2299 3445 2370 ἔλθωμεν
3468 2302 3628 2372 μόνον
3657 2303 3749 2367 εἰς

2172 2384 2479 2456 ἀνάμνησιν
2526 2387 2635 2442 τῶν
2680 2389 3231 2464 πεπλημμελημένων
3284 2395 3436 2465 ἡμῖν,
3485 2397 3751 2471 καθάπερ

2173 2476 2352 2543 πῶλός
2371 2496 2455 2542 τις
2478 2479 2786 2552 ἀδάμαστος
2810 2485 2907 2538 καὶ
2930 2485 3199 2557 δυσήνιος,
3220 2490 3417 2560 σκιρτᾷ
3446 2490 3480 2560 ἡ
3507 2489 3747 2546 διάνοια.

2184 2569 2346 2623 Ἀλλὰ
2373 2571 2635 2643 κάτασχε,
2659 2574 2977 2643 χαλίνωσον,
3008 2578 3291 2650 κατάψηχε
3321 2583 3386 2651 τῇ
3418 2582 3583 2652 χειρὶ,
3602 2581 3754 2652 ἥμε-

2175 2677 2268 2731 ρον
2297 2661 2466 2732 αὐτὴν
2492 2663 2736 2736 ποίησον,
2766 2667 2951 2724 πεῖσον
2978 2669 3062 2723 ὅτι
3091 2668 3157 2724 ἂν
3184 2670 3258 2742 μὴ
3289 2669 3384 2725 νῦν
3411 2671 3755 2747 ἐξομολογή-

2176 2770 2359 2824 σηται,
2393 2756 2509 2808 ἐκεῖ
2540 2756 3013 2830 ἐξομολογήσεται,
3044 2761 3180 2815 ὅπου
3208 2761 3410 2817 πλείων
3436 2765 3471 2835 ὴ
3496 2765 3751 2833 κόλασις,

2173 2850 2306 2903 ὅπου
2333 2850 2533 2921 μείζων
2561 2853 2589 2906 0
2615 2853 3175 2927 παραδειγματισμός.
3214 2857 3477 2912 Ἐνταῦθα
3500 2859 3759 2931 ἀμάρτυ-

2176 2941 2270 3012 ρόν
2306 2944 2423 2997 ἐστι
2464 2944 2525 2998 τὸ
2565 2944 2936 3018 δικαστήριον,
2985 2949 3083 3004 καὶ
3119 2951 3185 3003 σὺ
3219 2949 3402 3021 σαυτῷ
3444 2950 3692 3016 δικάζεις
3723 2954 3756 3005 0

2174 3036 2513 3108 ἡμαρτηκὼς
2533 3055 2548 3070 ·
2576 3040 2695 3093 ἐκεῖ
2717 3039 2774 3093 δὲ
2799 3042 2878 3105 εἰς
2910 3041 3074 3112 μέσον
3098 3041 3158 3096 τὸ
3180 3042 3408 3116 θέατρον
3436 3044 3536 3115 τῆς
3563 3048 3757 3099 οἰκου-

2179 3128 2346 3200 μένης
2369 3130 2583 3184 ἅπαντα
2611 3132 3046 3203 παραχθήσεται,
3074 3132 3140 3189 ἂν
3168 3134 3244 3208 μή
3268 3136 3633 3208 προλαϐόντες
3655 3139 3754 3191 ἐν·

2174 3221 2347 3276 ταῦθα
2369 3223 2505 3277 αὐτὰ
2524 3223 2931 3296 ἀπαλείψωμεν.
2958 3226 3196 3300 Αίσχύνῃ
3219 3226 3551 3299 ὁμολογῆσαι
3572 3231 3754 3301 ἁμαρ-

2175 3316 2425 3384 τήματα;
2474 3313 2728 3385 αἰσχύνου
2772 3314 2977 3386 πρᾶξαι
3020 3318 3408 3390 ἁμαρτήματα.
3455 3320 3649 3392 Ἡμεῖς
3687 3321 3752 3374 δέ

2175 3406 2302 3460 ὅταν
2347 3406 2486 3461 αύτά
2549 3407 2906 3479 πράττωμεν,
2957 3409 3166 3480 ἰταμῶς
3232 3411 3327 3465 καὶ
3373 3411 3751 3483 ἀναισχύντως

2175 3495 2461 3570 τολμῶμεν
2482 3514 2495 3528 ’
2513 3499 2639 3553 ὅταν
2662 3499 2719 3553 δὲ
2738 3498 3068 3571 ὁμολογῆσαι
3092 3500 3207 3575 δέῃ,
3233 3501 3355 3555 τότε
3378 3504 3749 3575 αἰσχυνόμεθα

2177 3579 2274 3644 καῖ
2296 3590 2581 3662 όκνοῦμεν,
2601 3592 2719 3646 δέον
2750 3592 2888 3663 μετά
2915 3592 3221 3665 προθυμίας
3250 3594 3409 3649 τοῦτο
3434 3599 3627 3653 ποιεῖν.
3668 3596 3750 3652 Ού

2177 3683 2285 3754 γάρ
2317 3685 2463 3737 ἐστιν
2492 3683 2719 3755 αἰσχύνη
2760 3689 3083 3758 κατηγορεῖν
3127 3688 3570 3760 ἁμαρτημάτων,
3609 3689 3753 3745 ἀλλὰ

2176 3774 2487 3847 δικαιοσύνη
2526 3776 2620 3830 καὶ
2664 3777 2861 3850 ἀρετή·
2901 3781 2949 3833 εἰ
2974 3780 3058 3851 ’μὴ
3096 3779 3408 3854 δικαιοσύνη
3446 3784 3541 3836 καὶ
3571 3783 3751 3854 ἀρετὴ

2176 3860 2266 3936 ἦν,
2306 3866 2406 3920 οὐκ
2437 3866 2504 3920 ἂν
2548 3867 2738 3938 μισθὸν
2775 3868 3016 3939 έθηκενιι
3049 3870 3185 3943 αὐτῇ
3229 3873 3259 3925 0
3295 3871 3446 3936 Θεός.
3473 3874 3597 3927 Ὀτι
3635 3874 3753 3944 γάρ

2183 3956 2408 4025 μισθοὺς
2437 3957 2548 4028 ἔχει
2579 3959 2612 4029 ή
2635 3956 3036 4029 ἐξομολόγησις,
3064 3948 3293 4013 ἄκουσον
3321 3960 3374 4013 τί
3404 3977 3537 4031 φησι
3556 3978 3571 3993 ⁸
3598 3961 3752 4031 Λέγε

2180 4046 2262 4100 σὺ
2299 4047 2403 4113 τὰς
2435 4048 2685 4116 ἀνομίας
2726 4060 2843 4101 σου
2869 4045 3120 4116 πρῶτος,
3149 4049 3250 4102 ἵνα
3278 4048 3616 4118 δικαιωθῇς.
3651 4050 3754 4114 Τίς

2179 4138 2492 4210 αἰσχύνεται
2525 4139 2703 4210 ἔργον,
2734 4141 2828 4209 ἀφ’
2853 4134 2914 4194 οῦ
2945 4140 3154 4209 γίνεται
3185 4140 3422 4208 δίκαιος;
3449 4142 3533 4205 τίς
3557 4141 3753 4213 αἰσχύ-

2180 4249 2329 4286 νεται
2370 4231 2699 4302 ὁμολογῆσαι
2748 4233 3137 4306 ἁμαρτήματα,
3188 4234 3273 4287 ῖνα
3312 4232 3447 4305 λύσῃ
3499 4235 3755 4306 ἁμαρτή-

2183 4342 2361 4396 ματα;
2387 4324 2476 4395 Μὴ
2505 4324 2614 4395 γάρ
2637 4325 2724 4379 διὰ
2743 4324 2901 4379 τοῦτο
2927 4326 3136 4379 κελεύει
3156 4324 3511 4397 ὁμολογῆσαι,
3539 4328 3629 4381 ἵνα
3656 4344 3755 4381 κο-

2179 4415 2317 4488 λάσῃ
2342 4435 2357 4483 ;
2388 4417 2485 4487 οὐχ
2515 4418 2602 4470 ἵνα
2633 4417 2858 4488 κολάσῃ,
2888 4416 3004 4471 ἀλλ’
3040 4419 3126 4472 ἴνα
3156 4420 3508 4492 συγχωρήσῃ.

2249 4506 2312 4560 δ’.
2354 4507 2480 4561 Ἐπὶ
2500 4506 2608 4577 γὰρ
2632 4506 2740 4560 τῶν
2763 4506 2868 4572 ἔξω
2886 4507 3245 4580 δικαστηρίων
3277 4509 3413 4580 μετὰ
3437 4511 3538 4580 τὴν
3552 4510 3756 4579 09010-

2182 4600 2306 4669 γίαν
2324 4598 2561 4665 κόλασις.
2580 4599 2680 4653 Διὰ
2708 4597 2866 4653 τοῦτο
2898 4601 2991 4654 καὶ
3007 4602 3036 4654 0
3060 4599 3272 4671 ψαλμὺς
3294 4601 3425 4654 αὐτὸ
3449 4600 3606 4655 τοῦτο
3629 4603 3756 4670 ὑφο-

2184 4696 2443 4769 ρώμενος,
2463 4695 2536 4767 μή
2553 4712 2635 4760 τις
2656 4694 2906 4759 δεδοικὼς
2920 4694 3136 4750 κόλασιν
3154 4695 3290 4766 μετά
3306 4695 3400 4766 τὴν
3424 4694 3756 4767 ἐξομολόγη-

2185 4809 2296 4855 σιν,
2334 4792 2636 4863 άρνήσηται
2668 4791 2737 4844 τὰ
2763 4791 3162 4862 ἁμαρτήματα,
3194 4789 3385 4860 φησίνο
3438 4790 3757 4858 Ἐξομολοο

2181 4886 2380 4954 Teia-05
2415 4884 2493 4949 τῷ
2524 4886 2736 4951 Κυρίῳ,
2767 4883 2854 4937 ὅτι
2883 4885 3177 4954 χρηστὸς,
3211 4883 3301 4938 ὅτι
3324 4885 3411 4949 εἰς
3431 4883 3538 4936 τὸν
3564 4880 3758 4937 αίῶνα

2183 4976 2249 5031 τὸ
2293 4978 2461 5044 ἕλεος
2505 4978 2708 5032 αὑτοῦ.
2752 4978 2845 5049 Μὴ
2871 4980 2978 5050 γὰρ
3006 4981 3107 5033 οὐκ
3146 4975 3253 5032 οἵδε
3281 4979 3348 5032 τὰ
3378 4977 3757 5050 ἁμαρτήματά

2185 5083 2301 5131 σου,
2330 5065 2423 5119 ἐὰν
2458 5065 2532 5136 μὴ
2555 5067 2618 5119 σὺ
2645 5066 3013 5138 όμολογήσῃς;
3046 5067 3110 5120 Τί
3129 5064 3223 5121 οὖν
3253 5085 3332 5121 σοι
3355 5067 3561 5135 γίνεται
3586 5064 3755 5117 πλέον

2185 5150 2248 5209 ἐκ
2270 5153 2363 5208 τοῦ
2399 5152 2473 5224 μὴ
2513 5153 2824 5224 όμολογεῖν;
2870 5156 2945 5226 μὴ
2974 5154 3080 5227 γάρ
3121 5157 3346 5211 δύνασαι
3383 5155 3599 5219 λαθεῖν;
3628 5151 3755 5208 Κᾶν

2188 5245 2262 5314 μὴ
2290 5241 2470 5316 εἴπῃς,
2506 5244 2709 5306 ἐκεῖνος
2737 5239 2901 5299 εἶδεν·
2926 5244 2992 5299 ἂν
3023 5246 3081 5299 δέ
3105 5248 3170 5299 σὺ
3201 5246 3379 5323 εἴπῃς,
3406 5246 3610 5306 ἐκεῖνος
3628 5244 3753 5294 ἐπι-

2186 5332 2522 5386 λανθάνεται.
2573 5332 2728 5387 Ἰδοὺ
2771 5334 2881 5405 γὰρ
2915 5334 3030 5404 ἐγὼ
3067 5336 3211 5401 Θεός
3245 5337 3362 5403 ειμι
3414 5332 3754 5401 ἐξαλείφοιεν

2185 5420 2291 5485 τὰς
2312 5421 2561 5487 ἀνομίας
2584 5436 2722 5485 σου,
2753 5424 2849 5477 καὶ
2872 5423 2945 5481 οὐ
2965 5421 3050 5491 μὴ
3072 5423 3340 5491 μνησθῶ.
3377 5422 3575 5492 Ὀρᾷς;
3609 5420 3753 5489 Ἐγὼ

2186 5510 2257 5561 οἱ»
2276 5510 2363 5577 μὴ
2394 5510 2664 5578 μνησθῶ.
2699 5511 2861 5581 φησί·
2894 5511 3301 5583 φιλανθρωπίας
3322 5510 3430 5582 γὰρ
3452 5507 3645 5563 τοῦτο·
3686 5508 3756 5561 σὺ

2251 5661 2276 5690 ⁸
2301 5652 2515 5702 Colhert.
2538 5653 2703 5713 μισθὸν
2738 5654 2925 5702 ἔδωκεν.
