4080 6196
313 288 412 346 657

303 403 426 474 quid
459 398 659 470 poterit
695 395 962 452 silentium
991 390 1284 462 prodesse?
1317 389 1426 443 lmo
1457 385 1583 441 nihil
1613 380 1844 453 proderit
1872 421 1884 440 .

303 492 396 548 sed
426 502 769 558 summopere
807 483 1034 540 nocebit.
1065 481 1196 537 Nam
1227 481 1270 534 si
1301 478 1515 547 quidem
1543 491 1683 532 nunc
1711 475 1891 546 prolo-

303 598 454 654 quar,
485 580 554 635 ad
584 577 952 650 pmnitentiam
983 585 1035 630 ct
1064 573 1225 627 animi
1248 571 1712 641 compunctioncm
1737 567 1894 622 indu-

303 689 418 729 cam
452 689 466 725 :
499 671 582 727 sin
629 681 869 730 taceam,
905 680 1047 720 nunc
1072 664 1284 735 quidem
1327 677 1512 718 eorum
1542 675 1661 732 quae
1699 673 1892 728 pecca-

303 762 560 826 verimus,
589 776 695 814 non
722 758 1122 814 recordabimnr
1141 799 1155 822 ,
1184 770 1354 825 neque
1381 753 1744 823 paenitentiam
1771 765 1894 820 age-

302 872 458 921 mus;
489 862 541 908 at
583 853 636 906 in
666 852 840 907 futuro
870 850 1068 905 saeculo
1100 849 1236 903 nuda
1281 857 1336 903 et
1360 858 1540 916 aperta
1582 862 1692 917 pra:
1727 845 1894 900 oculis

304 947 503 1002 nostris
524 943 867 1008 intuebimur,
899 956 963 996 ac
993 941 1186 996 frustra
1213 951 1266 995 et
1294 940 1556 995 incassum
1584 935 1896 991 lamentabi-

304 1053 443 1092 mur.

374 1133 427 1185 5.
470 1129 690 1195 Quando
732 1128 891 1199 igitur
914 1127 1129 1181 omnino
1161 1139 1378 1181 necesse
1421 1133 1521 1188 cSI,
1557 1132 1614 1176 ιιι
1638 1123 1721 1177 vel
1765 1121 1892 1189 illic,

303 1221 388 1274 vel
419 1220 472 1272 in
500 1220 600 1273 hac
625 1219 730 1272 vita
764 1218 833 1271 ob
862 1217 1052 1272 delicta
1080 1229 1516 1285 compungamur,
1549 1213 1715 1268 satius
1738 1223 1818 1267 est
1842 1221 1897 1266 ut

305 1311 430 1368 illud
461 1308 548 1366 hic
569 1309 763 1378 potius,
794 1317 973 1363 etnon
1007 1307 1114 1362 illic
1146 1308 1253 1360 fiat.
1286 1305 1435 1362 Unde
1464 1305 1514 1360 id
1543 1304 1792 1360 constat?
1821 1305 1895 1358 Ex

306 1401 635 1472 propheticis
661 1400 858 1468 verbis,
882 1416 944 1455 ex
974 1400 1313 1469 evangelicis.
1341 1399 1475 1454 Nam
1504 1398 1757 1468 propheta
1773 1399 1860 1466 qui
1877 1426 1894 1439 -

305 1491 428 1546 dem
468 1492 545 1546 sic
571 1492 644 1546 ait
685 1509 699 1546 :
734 1490 799 1545 In
848 1491 1046 1560 inferno
1096 1500 1258 1545 autem
1293 1491 1403 1560 quis
1447 1489 1762 1559 conﬁtebitur
1810 1491 1897 1543 tibi

306 1581 482 1651 (Psal.
535 1581 588 1636 6.
619 1580 721 1652 6)?
771 1596 876 1636 non
907 1581 1045 1652 quod
1091 1597 1194 1636 non
1221 1583 1572 1636 conliteamur
1591 1622 1604 1643 ,
1633 1581 1727 1636 sed
1754 1579 1897 1651 quod

307 1675 500 1730 frustra
531 1674 656 1729 illud
678 1674 953 1730 faciamus.
985 1673 1230 1729 Christus
1257 1682 1432 1730 autem
1463 1689 1557 1743 per
1591 1672 1894 1742 parabolam

307 1767 409 1822 hoc
435 1767 606 1835 ipsum
635 1767 831 1821 docuit.
862 1767 988 1820 Erat
1016 1767 1177 1833 enim,
1211 1766 1396 1837 inquit,
1424 1765 1654 1821 Lazarus
1681 1764 1896 1836 quidam

306 1857 585 1912 mendicus
638 1856 871 1927 undique
923 1857 1189 1912 ulceribus
1234 1857 1423 1926 plenus
1465 1857 1613 1927 (Luc.
1670 1857 1758 1912 l6.
1804 1856 1923 1912 l9;

306 1949 488 2020 δαίμ),
538 1949 909 2005 immedicabili
959 1949 1149 2005 morbo
1198 1949 1488 2005 laborans:
1535 1949 1670 2004 alter
1718 1958 1894 2004 autem

306 2041 520 2111 quidam
547 2041 693 2097 dives
713 2041 928 2111 pauperi
953 2041 1118 2098 micas
1149 2057 1254 2096 non
1285 2042 1639 2112 impertiebat.
1676 2043 1740 2097 Et
1767 2043 1895 2112 quid

305 2147 441 2202 opus
472 2140 556 2188 est
585 2133 891 2202 parabolam
917 2141 1080 2188 totam
1111 2133 1461 2203 percurrere?
1506 2135 1701 2204 quippe
1730 2133 1896 2189 nostis

308 2223 586 2278 historiam
631 2239 865 2290 omnem,
925 2223 1292 2281 crudelitatem
1331 2225 1527 2289 divitis,
1587 2241 1692 2294 quo
1743 2234 1898 2295 pacto

306 2314 613 2369 mendicum
644 2315 949 2384 participem
979 2330 1178 2378 mensae
1215 2331 1318 2368 non
1351 2313 1578 2380 faceret;
1607 2324 1896 2386 egestatem

308 2405 448 2460 illius
470 2420 533 2460 ac
565 2404 778 2472 famem,
814 2422 914 2475 qua
939 2417 1196 2476 perpetuo
1225 2406 1644 2461 conflictabatur.
1692 2408 1757 2460 At
1785 2407 1900 2462 haec

309 2497 360 2549 in
395 2499 494 2550 hac
528 2498 631 2549 vita
685 2515 698 2551 :
741 2507 1018 2567 postquam
1050 2507 1224 2551 autem
1264 2507 1504 2552 mortuus
1541 2506 1624 2552 est
1654 2509 1893 2570 uterque,

308 2589 454 2644 videt
483 2589 631 2642 illum
661 2590 962 2644 mendicum
996 2590 1046 2644 in
1071 2591 1190 2645 sinu
1219 2591 1444 2644 Abrahae
1480 2591 1647 2645 dives.
1681 2592 1745 2645 Et
1773 2593 1898 2661 quid

306 2683 418 2736 ait?
449 2681 611 2736 Pater
638 2684 913 2748 Abraham,
948 2686 1082 2739 mitte
1121 2685 1284 2749 illum,
1329 2695 1381 2739 ut
1426 2684 1632 2740 iustillet
1679 2696 1900 2750 extremo

307 2772 456 2840 digiti
485 2773 566 2826 sui
592 2773 643 2825 in
665 2773 888 2844 linguam
910 2791 1092 2839 meam,
1118 2786 1172 2828 ut
1193 2775 1496 2845 requiescam
1525 2793 1555 2828 a
1583 2777 1757 2831 dolore
1788 2775 1895 2846 (Ib.

308 2880 356 2916 υ.
389 2864 517 2934 2i).
556 2863 718 2920 Vides
746 2867 1188 2922 retributionem?
1218 2884 1322 2923 non
1368 2868 1619 2938 impertiit
1657 2871 1754 2940 ipsi
1795 2871 1900 2924 mi-

308 2972 423 3020 cas,
456 2957 612 3012 unius
638 2973 786 3028 aqua:
813 2971 976 3028 gutta:
1004 2976 1107 3015 non
1139 2963 1196 3016 lit
1224 2963 1506 3032 particeps.
1535 2963 1604 3016 lu
1628 2981 1726 3035 qua
1766 2965 1901 3020 enim

308 3066 569 3116 mensura,
595 3051 782 3120 inquit,
812 3053 968 3106 mensi
985 3054 1199 3123 fueritis,
1227 3055 1510 3108 remetietur
1539 3055 1674 3110 vobis
1703 3056 1899 3126 (Marc.

308 3141 364 3196 4.
406 3142 538 3213 24).
585 3142 721 3211 Quid
774 3159 902 3215 ergo
947 3145 1255 3200 Abraham?
1310 3146 1436 3213 Fili,
1486 3149 1716 3217 recepisti
1766 3149 1901 3203 bona

309 3243 418 3300 tua,
449 3246 497 3287 et
532 3233 760 3291 Lazarus
789 3237 923 3290 mala
944 3253 964 3290 :
991 3247 1037 3292 et
1065 3255 1198 3292 nunc
1231 3239 1312 3292 Itic
1349 3239 1551 3308 quidem
1597 3240 1678 3294 Itic
1719 3257 1902 3296 conto-

307 3327 466 3395 latur,
495 3341 546 3381 tu
573 3346 689 3384 vero
717 3332 958 3386 cruciaris
990 3331 1138 3400 (Luc.
1168 3333 1253 3388 16.
1283 3332 1409 3403 25).
1436 3334 1540 3390 Sed
1568 3336 1706 3406 quod
1742 3345 1825 3391 est
1851 3338 1902 3390 in

308 3421 605 3487 quaestione
635 3423 900 3490 positum,
948 3424 1066 3478 illos
1115 3425 1365 3479 nimirum
1391 3425 1460 3481 ob
1501 3435 1716 3496 peccata
1759 3441 1906 3482 com-

312 3512 476 3580 pungi
509 3522 563 3565 et
591 3515 851 3579 converti,
880 3530 943 3570 ac
991 3517 1162 3584 poenis
1203 3517 1461 3586 gehennae
1491 3519 1605 3574 fieri
1635 3521 1900 3585 meliores,

313 3604 442 3657 nihil
466 3614 641 3660 tamen
666 3606 764 3661 hoc
786 3609 888 3664 illis
908 3610 972 3664 ad
992 3610 1210 3664 levanda
1227 3611 1449 3667 flamma:
1469 3623 1728 3669 tormenta
1749 3613 1906 3683 prod-

314 3712 466 3762 esse,
493 3713 609 3758 mw
637 3711 929 3769 sequuntur
957 3701 1281 3766 ostendunt;
1315 3702 1470 3756 Pater
1494 3706 1634 3759 enim
1655 3747 1669 3770 ,
1702 3707 1902 3777 inquit,

315 3793 452 3845 mitte
481 3793 623 3846 illum
650 3795 701 3846 in
726 3794 930 3848 domum
961 3813 1120 3850 meam
1145 3839 1158 3864 ,
1190 3809 1245 3852 ut
1274 3801 1497 3870 cognatis
1525 3802 1645 3854 meis
1677 3811 1903 3869 testatur,

313 3891 359 3934 et
399 3900 501 3936 non
551 3887 745 3938 veniant
775 3887 827 3940 in
867 3887 999 3940 ltum:
1035 3889 1200 3944 locum
1227 3890 1386 3962 (Ibid.
1421 3910 1464 3946 υ.
1492 3893 1582 3948 27.
1625 3894 1745 3965 28).
1772 3893 1903 3950 Cum

311 3973 630 4030 beneficium
670 3977 782 4046 ipse
826 3995 930 4032 non
961 3981 1298 4050 obtinuisset,
1330 3984 1552 4040 aliorum
1598 3996 1778 4054 postea
1817 4001 1903 4039 sa-

316 4066 479 4120 lutem
514 4079 783 4134 procurat.
818 4070 1004 4126 Vidisti
1031 4089 1136 4142 quo
1161 4086 1317 4145 pacto
1343 4076 1574 4131 crudelis
1609 4086 1763 4131 antea
1793 4077 1905 4132 fue-

317 4159 405 4223 rit,
435 4175 544 4228 quo
565 4171 718 4229 pacto
747 4163 939 4219 deinde
966 4163 1226 4236 benignus
1252 4169 1513 4222 evaserit?
1531 4169 1785 4224 Lazarum
1812 4187 1907 4224 an-

319 4260 369 4303 te
421 4251 608 4306 orulos
646 4253 911 4322 jacentem
960 4258 1264 4326 prieteribat
1293 4299 1308 4322 ,
1353 4259 1478 4313 dum
1517 4261 1753 4324 viveret;
1794 4261 1903 4330 jam

318 4355 444 4395 vero
495 4347 654 4398 etiam
695 4346 991 4403 absentium
1029 4360 1371 4420 cognatorum
1408 4367 1590 4407 curam
1635 4353 1770 4423 gerit
1801 4372 1814 4407 :
1843 4369 1906 4410 ac

320 4448 430 4492 tum
465 4442 716 4511 quidem,
746 4443 870 4498 dum
902 4447 1091 4515 Opibus
1118 4449 1549 4517 circumflueret,
1591 4450 1654 4504 ad
1687 4451 1907 4506 misera-

317 4530 423 4585 bile
441 4533 666 4588 mendici
689 4537 1044 4603 spectaculum
1071 4553 1176 4593 non
1201 4539 1564 4595 iuflectebatur
1586 4559 1600 4607 ;
1626 4542 1733 4611 jam
1755 4557 1901 4607 vero,

312 4623 444 4676 dum
475 4625 529 4677 in
555 4624 830 4680 doloribus
872 4643 935 4683 ac
974 4631 1380 4686 necessitatibus
1417 4642 1657 4688 versatur
1686 4635 1908 4688 inevita-

313 4714 536 4780 bilibus,
567 4717 635 4772 de
658 4721 965 4790 propinquis
1001 4723 1112 4778 suis
1137 4732 1220 4779 est
1245 4725 1520 4790 sollicitus,
1560 4740 1624 4780 ac
1660 4727 1794 4781 mitti
1822 4741 1909 4780 ro-

309 4809 515 4878 gatqui
545 4811 658 4865 haec
686 4813 787 4866 illis
829 4816 1126 4868 annuntiet.
1160 4816 1320 4871 Vides
1345 4826 1402 4872 ut
1428 4817 1686 4889 benignus
1711 4828 1764 4874 ct
1799 4818 1909 4874 ele-

310 4916 470 4955 mens
500 4906 729 4958 evaserit
756 4913 811 4959 et
835 4907 1180 4961 misericors?

392 4995 699 5050 l’aruiteutia
716 5015 815 5051 non
843 5000 1043 5067 prodest
1070 5010 1181 5071 post
1204 5011 1432 5054 mortem.
1459 5031 1532 5042 ——
1553 5001 1689 5070 Quid
1715 4981 1908 5074 igitur?

311 5090 575 5160 numquid
606 5091 678 5144 illi
703 5091 895 5159 profuit
929 5094 1272 5160 paenitentia?
1300 5110 1424 5148 nttm
1452 5094 1646 5164 aliquid
1681 5097 1810 5150 lucri
1840 5113 1906 5150 ex

313 5183 406 5235 illa
463 5183 872 5250 compunctionc
907 5185 1157 5254 collegit?
1206 5185 1346 5240 Nihil
1393 5189 1609 5241 omnino
1657 5205 1669 5239 :
1715 5186 1907 5256 quippe

311 5273 460 5342 quod
521 5273 892 5344 intempestiva
937 5285 1079 5331 esset
1131 5279 1459 5346 pmititentia.
1510 5278 1749 5334 Solutum
1791 5287 1907 5332 erat

325 5363 618 5428 theatrum,
645 5363 885 5414 sublatus
915 5361 1060 5415 locus
1091 5363 1422 5428 certaminis,
1443 5378 1546 5417 non
1576 5363 1802 5433 amplius
1832 5361 1914 5417 lu-

324 5463 536 5508 ctarum
570 5464 774 5523 tempus
804 5455 919 5508 fuit.
955 5454 1239 5523 Propterea
1274 5470 1485 5521 moneo,
1515 5470 1703 5524 precor
1733 5467 1787 5509 et
1815 5456 1914 5511 oh-

318 5552 501 5606 secro,
536 5543 620 5598 hic
667 5545 944 5599 lamentari
974 5555 1204 5614 oportet,
1238 5559 1299 5599 ac
1331 5554 1550 5614 propter
1590 5557 1802 5612 peccata
1833 5546 1909 5600 lu-

319 5650 454 5705 gere
504 5634 600 5689 llic
632 5650 730 5690 nos
762 5639 920 5690 verba
949 5639 1287 5703 contristent,
1325 5653 1390 5692 ne
1420 5652 1515 5691 nos
1560 5638 1662 5691 illis
1691 5652 1778 5690 res
1807 5647 1912 5691 ter-

323 5737 476 5782 reant
503 5744 516 5781 :
544 5728 628 5783 hic
671 5743 769 5783 nos
820 5737 1022 5799 pungat
1065 5731 1254 5791 oratio.
1299 5746 1366 5786 ne
1411 5745 1506 5785 nos
1555 5729 1662 5785 illic
1717 5730 1909 5784 rermis

1273 272 1406 329 NON
1444 267 1610 326 ESSE
1651 267 1738 322 AD
1779 262 2089 322 GRATIAM
2127 262 2676 324 CONCIONANDUM.

3482 266 3582 322 (758

2007 390 2202 450 pungat
2231 391 2518 438 venenatus
2565 401 2576 436 :
2607 383 2692 438 hic
2724 399 2819 441 nos
2849 396 2966 441 urat
3008 387 3369 458 reprehensio,
3399 404 3467 451 oe
3495 404 3591 450 nos

2010 472 2251 542 gehcnna
2284 473 2418 541 ignis
2450 475 2556 530 illic
2595 485 2730 530 urat.
2759 477 2862 531 Eos
2888 478 2974 548 qui
3008 477 3093 534 hic
3124 479 3324 550 lugent.
3363 495 3587 538 consen-

2011 575 2221 618 taneum
2253 575 2334 620 est
2358 566 2463 622 illic
2491 567 2754 624 consolari
2787 586 2801 622 :
2830 584 2924 626 eos
2955 571 3044 640 qui
3074 570 3160 626 hic
3187 572 3240 627 in
3265 573 3471 628 deliciis
3496 574 3589 630 de-

2006 663 2138 727 gunt
2164 665 2216 709 et
2245 656 2438 721 rident,
2469 673 2568 713 nec
2595 658 2699 714 ullo
2741 669 2957 731 propter
2983 661 3214 719 admissa
3245 675 3460 734 peccata
3486 664 3586 723 do-

2005 748 2119 801 lore
2161 757 2464 819 tanguntur,
2520 751 2678 820 plane
2721 752 2831 806 illic
2875 753 3055 824 lugere
3095 769 3159 810 ac
3206 756 3481 812 lamentari
3534 771 3597 813 ac

2007 841 2255 897 frendere
2303 843 2551 899 dentibus
2595 853 2678 900 est
2717 861 2954 901 necesse.
2989 847 3100 902 Non
3152 865 3269 904 mea
3318 861 3445 905 sunt
3473 851 3593 906 haec

2004 933 2184 997 verba,
2218 933 2311 1007 sed
2355 935 2540 1002 ipsius,
2569 936 2659 1005 qui
2701 935 2956 1004 judicium
2987 939 3036 992 in
3070 954 3168 994 nos
3194 948 3303 994 tum
3333 941 3592 1011 temporis

2003 1026 2275 1080 exercebit
2333 1045 2346 1081 :
2394 1027 2536 1080 Beati
2578 1029 2789 1098 quippe,
2827 1029 3010 1097 inquit,
3047 1031 3101 1089 ii.
3131 1032 3216 1100 qui
3245 1032 3433 1102 lugent,
3463 1049 3592 1104 quo-

2003 1116 2139 1169 niam
2178 1117 2274 1186 ipsi
2302 1118 2690 1172 consolabuutur
2711 1120 2920 1191 (Matth.
2969 1122 3019 1174 5.
3051 1120 3145 1193 5).
3187 1121 3272 1177 Va:
3312 1124 3468 1189 vobis,
3499 1127 3586 1192 qui

2001 1207 2194 1273 ridetis,
2222 1209 2338 1276 quia
2364 1209 2544 1277 ﬂebitis
2576 1209 2732 1280 (Luc.
2765 1211 2815 1265 6.
2851 1208 2979 1281 9.5).
3013 1211 3222 1279 Quanto
3247 1213 3407 1284 igitur
3433 1215 3594 1270 satius

2002 1309 2086 1356 est
2113 1302 2487 1370 temporariam
2517 1304 2976 1372 compunctioncm
2999 1316 3050 1362 et
3073 1306 3270 1361 luctum
3291 1320 3413 1362 cum
3439 1316 3598 1363 teter-

2004 1392 2087 1444 nis
2116 1393 2266 1447 bonis
2294 1403 2346 1448 et
2373 1394 2641 1465 voluptate
2695 1412 2813 1466 qua:
2843 1397 3000 1450 finem
3031 1413 3136 1451 non
3188 1397 3402 1466 habeat,
3446 1413 3597 1454 com-

2005 1493 2232 1550 mutare,
2272 1500 2432 1554 quam
2475 1487 2623 1542 brevi
2671 1488 2768 1542 hac
2793 1498 2845 1542 ct
2886 1491 3203 1556 temporaria
3230 1491 3334 1545 vita
3378 1490 3598 1546 ridendo

2005 1583 2294 1639 transacta,
2320 1577 2446 1632 illuc
2471 1577 2618 1633 abire
2651 1580 2933 1635 immortali
2956 1583 3218 1652 supplicio
3245 1583 3598 1654 plectendos?

2004 1666 2072 1720 At
2097 1667 2473 1723 verecundaris
2500 1677 2554 1724 et
2579 1670 2848 1725 erubescis
2881 1673 3162 1727 enuntiare
3182 1675 3431 1743 peccata?
3456 1674 3598 1730 Sane

2003 1761 2214 1831 quidem
2234 1763 2277 1817 si
2295 1779 2474 1818 coram
2504 1765 2806 1820 hominibus
2828 1781 2888 1821 ea
2920 1766 3142 1822 dicenda
3173 1776 3355 1832 essent
3379 1779 3433 1824 et
3457 1769 3599 1825 evul-

2001 1853 2171 1924 ganda
2194 1869 2207 1918 ;
2231 1869 2334 1908 non
2369 1864 2542 1913 tamen
2571 1857 2639 1911 ita
2671 1857 2870 1928 pudere
2894 1867 2943 1914 te
2969 1860 3229 1930 oportuit:
3255 1860 3426 1930 pudor
3453 1861 3597 1916 enim

2001 1953 2085 2000 est
2103 1955 2160 2002 et
2176 1947 2459 2016 ignominia
2473 1951 2719 2018 peccare,
2742 1965 2844 2004 nou
2863 1966 2980 2021 qum
3000 1954 3299 2022 peccaveris
3315 1953 3555 2010 confiteri
3581 1972 3594 2019 ;

1998 2036 2108 2104 jam
2136 2053 2263 2092 vero
2298 2054 2470 2109 neque
2499 2040 2856 2096 necessarium
2883 2051 2964 2096 est
2997 2043 3219 2098 testibus
3241 2044 3593 2113 prmsentibus

2003 2129 2267 2184 confiteri.
2296 2130 2450 2200 Apud
2474 2132 2813 2187 conscientim
2840 2133 3076 2189 rationes
3103 2134 3191 2206 fiat
3209 2134 3480 2206 inquisitio
3499 2136 3597 2192 de-

2005 2218 2249 2275 lictorum
2282 2238 2294 2274 :
2327 2222 2444 2277 sine
2475 2223 2704 2278 testibus
2733 2225 2802 2279 sit
2834 2223 3092 2295 judicium
3118 2267 3134 2292 ,
3163 2227 3303 2282 Deus
3345 2237 3398 2284 te
3432 2229 3600 2284 confi-

2006 2318 2202 2366 tentem
2234 2313 2379 2368 solus
2400 2313 2599 2380 audiat,
2630 2314 2770 2370 Deus
2795 2315 2882 2386 qui
2911 2326 3128 2385 peccata
3159 2332 3262 2372 non
3285 2319 3592 2388 exprobrat,

2005 2403 2098 2460 scd
2148 2405 2484 2462 confessione
2528 2419 2741 2478 peccata
2793 2409 2953 2464 delet.
3004 2412 3072 2464 At
3102 2410 3203 2466 hoc
3248 2422 3402 2481 pacto
3439 2415 3600 2470 etiam

2008 2495 2274 2565 pigritaris
2298 2512 2360 2551 ac
2402 2498 2708 2554 detractas?
2755 2499 2878 2555 Scio
2921 2501 3165 2570 equidem
3220 2505 3600 2561 conscientiam

2006 2602 2221 2642 suorum
2255 2589 2568 2644 delictorum
2613 2595 2921 2648 memoriam
2956 2595 3171 2650 minime
3203 2595 3360 2652 ferre.
3391 2597 3520 2652 Nam
3555 2601 3600 2654 si

2009 2687 2209 2734 tantum
2239 2682 2426 2736 subeat
2445 2683 2680 2738 animum
2707 2699 2890 2739 eorum
2916 2702 3033 2755 qua:
3059 2687 3378 2757 deliquimus
3405 2706 3590 2746 recor-

2005 2771 2153 2826 datio
2181 2814 2195 2836 ,
2231 2783 2496 2844 tamquam
2527 2777 2698 2841 pullus
2724 2777 2936 2847 quidam
2967 2779 3255 2834 indomitus
3293 2797 3356 2837 ac
3381 2782 3592 2839 frenattt

2006 2864 2243 2924 difficilis
2269 2882 2420 2922 mens
2441 2869 2629 2924 resilit.
2657 2869 2762 2926 Sed
2792 2881 2845 2924 tu
2870 2885 3058 2926 coerce
3097 2873 3238 2928 illam
3269 2889 3331 2930 ac
3360 2875 3592 2942 refrena,

2006 2957 2248 3014 demulce
2279 2975 2436 3015 manu
2461 3003 2476 3030 ,
2515 2963 2747 3018 cicurem
2811 2963 2951 3018 illam
2998 2964 3180 3030 redde,
3207 2967 3466 3036 persuade
3485 2965 3599 3024 fore

2007 3059 2086 3116 ut,
2111 3050 2211 3106 nisi
2250 3068 2392 3107 nunc
2417 3054 2736 3108 confiteatur
2755 3095 2768 3116 ,
2798 3055 2907 3109 illic
2928 3054 3244 3110 confiteatur
3263 3097 3278 3122 ,
3315 3058 3403 3112 ubi
3421 3057 3594 3128 major

2009 3157 2185 3210 poena,
2222 3143 2307 3198 ubi
2338 3142 2627 3198 dill'amatio
2653 3145 2840 3215 major.
2868 3145 2963 3201 llic
2993 3146 3254 3216 judicium
3285 3147 3342 3202 fit
3366 3148 3481 3202 sine
3511 3157 3592 3203 te-

2007 3233 2196 3300 stibus,
2223 3249 2285 3289 ac
2313 3242 2367 3290 tu
2396 3235 2574 3305 ipsein
2596 3246 2645 3290 te
2668 3235 2926 3306 judicium
2949 3251 3191 3304 exerces,
3215 3238 3305 3308 qui
3328 3239 3590 3308 peccasti;

2008 3335 2063 3380 at
2093 3327 2199 3382 illic
2225 3328 2275 3381 in
2298 3329 2528 3383 medium
2550 3328 2696 3383 orbis
2718 3337 2980 3382 terrarum
3005 3337 3194 3384 cuncta
3217 3329 3592 3399 producentur.

2010 3421 2109 3474 nisi
2139 3421 2282 3489 prius
2306 3421 2390 3476 hic
2412 3421 2606 3477 fuerint
2624 3437 2653 3475 a
2677 3422 2830 3478 nobis
2861 3422 3052 3478 deleta.
3073 3422 3357 3478 Erubescis
3379 3434 3595 3492 peccata

2009 3513 2250 3569 confiteri
2274 3514 2569 3570 ?erubesce
2586 3524 2804 3585 peccata
2826 3515 3178 3570 committere.
3201 3513 3310 3569 Nos
3328 3529 3456 3569 vero
3472 3515 3598 3569 dum

2011 3605 2098 3658 illa
2139 3604 2520 3660 committimus
2543 3647 2558 3670 ,
2588 3614 2791 3661 temere
2814 3614 2868 3660 et
2895 3604 3228 3674 impudenter
3265 3619 3327 3659 ea
3358 3606 3601 3675 aggredi-

2011 3710 2162 3762 mur;
2193 3710 2314 3751 cum
2345 3703 2521 3751 autem
2551 3711 2612 3751 ea
2639 3694 2834 3751 fuerint
2869 3695 3164 3751 confitenda
3190 3737 3204 3758 ,
3233 3705 3343 3749 tum
3375 3709 3472 3750 nos
3500 3712 3567 3765 pu
3587 3726 3600 3735 -

2010 3785 2101 3840 det
2119 3787 2382 3857 pigetque,
2411 3803 2531 3843 cum
2559 3786 2611 3841 id
2647 3786 2894 3842 alacriter
2920 3801 2952 3840 a
2983 3786 3134 3841 nobis
3161 3786 3274 3840 fieri
3305 3796 3600 3856 oporteret.

2010 3879 2124 3936 Non
2165 3881 2306 3936 ettim
2349 3880 2759 3951 ignominiosum
2799 3891 2882 3936 est
2932 3883 3172 3937 incusare
3218 3893 3454 3951 peccata,
3503 3884 3597 3938 sed

2007 3973 2208 4045 justitia
2255 3983 2312 4030 et
2358 3976 2525 4030 virtus
2555 3992 2570 4030 :
2618 3975 2716 4030 nisi
2737 3975 2940 4044 justitia
2973 3985 3114 4031 esset
3156 3989 3220 4031 ac
3249 3977 3438 4042 virtus,
3474 3989 3596 4032 'nou

2014 4069 2372 4138 proposuisset
2408 4069 2480 4123 illi
2509 4069 2807 4124 mercedem
2841 4070 2998 4125 Deus.
3039 4068 3169 4122 Nam
3204 4071 3598 4126 confessionem

2012 4162 2254 4218 obtinere
2295 4164 2615 4230 mercedem,
2644 4165 2766 4218 audi
2794 4165 2985 4235 quibus
3011 4165 3188 4221 verbis
3215 4165 3490 4236 Scriptura
3521 4176 3594 4221 te-
3660 4205 3680 4219 ς

2011 4265 2183 4312 statur
2214 4258 2346 4312 :Dic
2387 4269 2441 4311 tu
2482 4259 2767 4328 iniquitates
2788 4269 2900 4312 tuas
2951 4260 3171 4329 primus,
3205 4269 3259 4313 ut
3302 4260 3601 4330 justi/icerit

2013 4349 2166 4418 (Isai.
2199 4352 2288 4406 45.
2324 4349 2394 4406 25
2419 4353 2456 4420 ).
2494 4351 2662 4418 Quem
2695 4352 2906 4407 tandem
2939 4353 3152 4422 pudebit
3200 4353 3340 4408 illius
3391 4353 3588 4422 cperis,

2013 4458 2118 4510 quo
2142 4441 2196 4496 fit
2223 4443 2434 4511 justus?
2459 4459 2616 4514 quem
2641 4444 2880 4499 conﬁteri
2910 4454 3119 4514 peccata
3153 4445 3366 4515 pudeat,
3397 4454 3452 4499 ut
3478 4460 3601 4515 pec-

2013 4547 2128 4591 c.ita
2150 4537 2356 4590 Solvat?
2377 4537 2509 4591 Num
2541 4539 2681 4593 enim
2705 4537 2904 4593 idcirco
2922 4547 3131 4607 peccata
3159 4537 3308 4608 jubet
3330 4539 3596 4602 confiteri,

2016 4637 2072 4681 ut
2099 4629 2322 4698 puniat?
2350 4631 2456 4685 imo
2484 4641 2538 4684 ut
2563 4630 2814 4686 dimittat.
3327 4633 3329 4636 ’

2088 4725 2138 4779 4.
2189 4725 2319 4781 Nam
2362 4727 2412 4781 in
2440 4726 2674 4781 externis
2699 4723 2909 4794 quidem
2938 4722 3292 4777 tribunalibus
3320 4731 3434 4792 post
3465 4737 3591 4777 con-

2016 4819 2304 4874 fessionem
2332 4819 2570 4888 sequitur
2618 4833 2793 4888 poma.
2836 4816 3124 4886 Propterea
3167 4816 3400 4885 psalmus
3441 4815 3601 4870 etiam

2016 4912 2116 4967 hoc
2167 4913 2337 4981 ipsum
2383 4911 2733 4967 reformidans
2758 4952 2773 4977 ,
2807 4927 2873 4966 ne
2915 4910 3033 4979 quis
3073 4920 3217 4964 metu
3257 4923 3448 4979 patum,
3481 4925 3601 4979 qua:

2013 5007 2410 5061 confessionem
2457 5014 2725 5075 sequatur,
2767 5013 2980 5074 peccata
3008 5003 3325 5074 denegaret,
3352 5003 3446 5070 ait,
3472 5003 3600 5058 Cou-

2015 5099 2228 5167 [itemiui
2248 5097 2486 5160 Domino,
2517 5100 2753 5164 quoniam
2782 5098 2973 5159 bonus;
3003 5097 3240 5166 quoniam
3279 5095 3331 5148 in
3363 5095 3604 5150 stt'culum

2015 5191 2359 5246 misericordia
2383 5191 2490 5261 ejus
2534 5188 2703 5262 (Psul.
2736 5188 2857 5244 105.
2891 5189 2968 5256 1).
3001 5187 3136 5242 Num
3179 5187 3320 5241 enim
3365 5195 3450 5239 tua
3481 5200 3603 5254 pec-

2015 5295 2130 5338 cata
2159 5282 2349 5348 nescit,
2396 5281 2496 5336 nisi
2537 5289 2590 5334 tu
2635 5281 2911 5335 confessus
2956 5278 3158 5334 fueris?
3186 5275 3320 5344 Quid
3346 5289 3472 5344 ergo
3502 5273 3596 5327 tihi

2016 5377 2233 5447 prodest
2262 5379 2303 5432 si
2329 5375 2546 5430 minime
2571 5374 2891 5429 confiteare?
2922 5389 3046 5427 num
3065 5371 3204 5426 enim
3229 5378 3376 5439 potes
3399 5367 3604 5422 latere?

2014 5471 2268 5536 Quamvis
2299 5485 2402 5522 non
2434 5467 2652 5531 dixeris,
2687 5467 2774 5521 ille
2805 5466 2950 5520 novit
2987 5483 2999 5518 :
3042 5463 3181 5533 quod
3209 5462 3252 5516 si
3283 5470 3336 5516 tu
3378 5459 3602 5527 dixeris,

2018 5566 2106 5620 ille
2145 5564 2491 5618 obliviscitur.
2535 5559 2668 5614 Ecce
2712 5560 2850 5614 enim
2882 5575 2972 5628 ego
3015 5573 3124 5610 sum
3166 5553 3324 5622 Deus,
3351 5554 3438 5624 qui
3463 5553 3606 5607 deleo
3687 5607 3694 5618 ,

2014 5660 2300 5729 iniquitates
2343 5667 2474 5718 tuas,
2513 5664 2560 5706 et
2599 5669 2699 5706 nou
2724 5650 3024 5705 recordabar
3055 5643 3205 5715 (Isai.
3232 5647 3320 5703 A3.
3352 5643 3479 5714 25).
3513 5644 3604 5697 γε-

2018 5753 2152 5810 des?
2183 5749 2294 5804 Non
2320 5745 2662 5809 recordabar,
2693 5743 2896 5814 inquit;
2931 5751 3010 5796 est
3035 5739 3177 5794 enim
3223 5738 3326 5796 hoc
3364 5739 3604 5793 clemeu~
