4080 6196
337 3489 364 3506 Ι

443 288 548 343 659

443 409 563 458 tiae:
593 413 645 459 at
675 412 726 458 tu
749 403 1052 468 recordare,
1105 411 1158 456 ut
1189 405 1546 472 castigationis
1574 413 1755 474 captes
1792 405 2026 460 occasiu-

443 510 584 552 nem.
620 495 743 550 llzec
772 510 890 550 cum
913 494 1164 549 audiisset
1189 494 1400 558 Paulus,
1427 505 1783 566 peccatorum,
1806 511 2026 565 quorum

444 601 550 640 non
589 585 968 640 recordabatur
997 586 1156 650 Deus,
1192 595 1448 656 perpetuo
1477 587 1875 654 recordabatur,
1905 603 2026 643 cum

443 676 514 730 ita
537 675 740 730 diceret
771 693 784 729 :
816 674 936 728 Non
985 659 1095 729 sum
1145 676 1325 746 dignus
1368 677 1534 730 vacari
1585 678 1860 749 apostolus,
1913 695 2029 748 quo-

444 769 580 820 niam
621 775 948 837 persequutus
973 784 1086 820 sum
1114 767 1390 821 Ecclesium
1425 767 1516 822 Dei
1543 767 1619 838 (1.
1652 767 1767 823 Cor.
1801 769 1886 824 15.
1927 769 1980 838 9)
2012 787 2026 825 :

439 867 513 922 et,
539 857 772 912 Christus
817 858 946 912 venit
979 859 1030 911 in
1057 859 1297 911 mundum
1342 868 1624 928 peccatores
1651 860 1814 913 salvos
1842 863 2027 931 facere,

440 967 655 1020 quarunt
696 952 886 1020 primus
913 968 1003 1022 ego
1040 968 1150 1005 sum
1183 952 1258 1022 (l.
1301 951 1432 1004 Tim.
1467 953 1516 1005 l.
1569 952 1691 1022 15).
1736 952 1848 1005 Non
1878 952 2026 1014 dixit,

444 1040 625 1108 Eram,
645 1041 760 1108 sed,
781 1041 930 1096 Sum.
957 1041 1113 1096 Facta
1137 1052 1248 1096 erat
1275 1042 1517 1096 remissio
1538 1052 1872 1112 peccatorum
1892 1041 2030 1110 apud

443 1133 630 1199 Deum,
658 1141 712 1186 et
740 1132 878 1202 apud
907 1132 1126 1187 Paulum
1153 1143 1487 1201 peccatorum
1519 1135 1774 1188 memoria
1803 1149 1906 1186 non
1925 1132 2022 1186 de-

439 1225 679 1288 lebatur;
713 1240 830 1296 qua:
874 1225 1129 1279 Dominus
1155 1225 1450 1287 deleverat,
1485 1223 1602 1279 haec
1640 1226 1754 1294 ipse
1791 1224 2033 1294 divulga-

439 1313 548 1370 liat.
598 1314 834 1368 Audistis
887 1315 1027 1368 enim
1075 1314 1386 1383 protihetam
1439 1313 1705 1369 dicentem
1751 1333 1762 1368 :
1823 1313 1884 1367 Et
1933 1331 2034 1368 non

440 1404 744 1459 recordabar
773 1403 924 1474 (Isai.
951 1406 1018 1460 45
1045 1405 1064 1476 )
1093 1421 1105 1458 :
1131 1416 1187 1458 at
1209 1414 1269 1459 tu
1293 1405 1596 1460 recordare.
1625 1405 1763 1460 Deus
1797 1420 1886 1459 vas
1917 1405 2028 1460 ele-

445 1495 639 1550 ctionis
669 1495 842 1565 ipsum
869 1505 1019 1550 vocat
1045 1496 1190 1566 (Act.
1233 1496 1283 1550 9.
1325 1497 1447 1566 15),
1475 1506 1528 1550 et
1563 1496 1661 1550 iste
1691 1511 1750 1551 se
1791 1505 2035 1566 peccato—

443 1604 559 1642 rum
594 1588 822 1658 primum
850 1598 1024 1644 vocat.
1059 1590 1210 1654 Quod
1259 1591 1302 1642 si
1335 1596 1672 1658 peccatorum
1703 1604 1809 1642 nun
1837 1588 2032 1644 oblivi-

441 1679 708 1745 scebatur,
737 1680 908 1750 cogita
935 1696 1040 1750 quo
1069 1690 1221 1750 pacto
1251 1681 1341 1734 Dei
1375 1681 1753 1736 beneﬁciorum
1790 1679 2038 1736 recorda-

441 1777 608 1826 retur.
641 1770 778 1838 Quid
809 1786 910 1841 ego
945 1771 1066 1826 dico
1105 1773 1414 1826 memoriam
1450 1781 1786 1842 peccatorum
1821 1773 2036 1827 minime

443 1860 639 1931 probro
669 1861 921 1918 afficere?
951 1878 1056 1918 non
1089 1863 1160 1918 ita
1201 1879 1296 1918 nos
1323 1865 1576 1918 memoria
1604 1875 1749 1920 recte
1779 1865 2035 1919 factorum

445 1953 620 2010 reddit
663 1956 916 2022 illustres,
967 1965 1024 2012 ut
1064 1959 1318 2012 memoria
1351 1967 1687 2026 peccaturum
1719 1976 1732 2012 :
1778 1959 1884 2012 imo
1911 1973 2038 2013 vero

445 2063 552 2103 non
581 2048 741 2104 modo
769 2064 876 2104 non
908 2049 1078 2105 reddit
1122 2051 1355 2105 illustres
1383 2052 1636 2104 memoria
1689 2060 1834 2106 recte
1875 2052 2042 2106 faeto-

445 2153 586 2205 rum,
615 2139 710 2195 sed
755 2141 918 2198 etiam
969 2142 1256 2212 opprobrio
1295 2142 1458 2197 aflicit
1507 2151 1560 2198 et
1598 2143 1949 2210 condemnat;
1987 2152 2041 2196 at

447 2239 790 2298 peccatorum
833 2231 1088 2288 memoria
1144 2231 1331 2287 fiducia
1377 2247 1476 2288 nos
1514 2248 1576 2288 ac
1614 2235 1816 2302 justitia
1871 2234 2036 2288 multa

449 2320 702 2376 cumulat.
756 2321 885 2389 Quis
913 2323 1016 2376 hoc
1040 2321 1212 2376 dicit?
1258 2322 1558 2376 Pliarismus
1603 2333 1658 2377 et
1703 2323 2037 2393 publicanus.

447 2411 580 2468 Nam
614 2413 698 2466 hic
723 2413 933 2482 quidem
965 2429 1083 2469 cum
1125 2429 1217 2468 sua
1259 2426 1473 2485 peccata
1503 2415 1742 2482 dixisset,
1779 2415 2038 2486 justitica-

455 2512 540 2556 tus
577 2502 880 2568 descendit;
911 2503 998 2558 ille
1028 2518 1154 2559 vero
1181 2519 1302 2560 eum
1333 2519 1426 2560 sua
1454 2515 1598 2560 recte
1624 2505 1760 2562 facta
1793 2506 2034 2572 dixisset,

450 2592 732 2662 publicano
782 2593 951 2648 factus
997 2593 1217 2649 inferior
1255 2595 1548 2650 descendit.
1602 2597 1759 2654 Vides
1788 2608 2040 2668 quantum

454 2685 643 2742 atl'erat
669 2686 848 2742 damni
893 2699 1034 2744 recte
1083 2687 1340 2744 factorum
1391 2691 1744 2746 meminisse:
1791 2701 2042 2762 quautam

451 2782 624 2850 pariat
677 2782 958 2835 utilitatem
1011 2790 1349 2851 peccatorum
1402 2782 1621 2840 minime
1663 2784 2046 2839 oblivisci‘iAc

457 2876 646 2928 merito
675 2890 802 2929 sane
833 2893 845 2930 :
875 2875 962 2944 qui
989 2891 1216 2945 namque
1239 2883 1384 2931 recte
1409 2875 1670 2930 factorum
1701 2877 1962 2942 meminit,
1992 2877 2041 2930 in

454 2966 760 3035 superbiam
827 2966 1084 3033 ell'ertur,
1136 2976 1360 3023 caeteros
1410 2967 1652 3023 homines
1701 2978 2044 3037 aspernatur,

456 3057 597 3126 quod
629 3066 680 3112 et
705 3057 898 3112 accidit
940 3057 1206 3114 Pharisaeo
1236 3075 1248 3111 :
1277 3073 1452 3130 neque
1475 3058 1616 3114 enim
1643 3059 1695 3112 in
1721 3067 1924 3113 tantam
1951 3073 2047 3112 ve-

459 3153 629 3208 nisset
651 3153 1004 3224 arrogantiam
1024 3195 1040 3222 ,
1071 3169 1176 3208 non
1205 3152 1446 3218 dixisset,
1479 3151 1600 3207 Non
1635 3169 1746 3206 sum
1772 3153 1902 3207 sicut
1944 3167 2048 3206 cte-
2075 3171 2082 3174 -

466 3248 559 3300 teri
585 3247 810 3300 homines
845 3246 994 3317 (Luc.
1039 3247 1126 3302 18.
1169 3247 1228 3301 11
1257 3247 1310 3316 ),
1343 3245 1444 3300 nisi
1492 3245 1680 3315 jejunii
1709 3245 1790 3299 sui
1817 3245 2052 3300 decima-

460 3353 684 3408 rumque
711 3338 1073 3416 meminisset;
1101 3339 1354 3392 memoria
1380 3352 1504 3393 vero
1531 3345 1868 3408 peccatorum
1895 3341 2060 3390 men-’

463 3441 569 3486 tem
597 3431 855 3500 reprimit,
884 3431 1233 3486 humilitatem
1263 3431 1471 3496 suadet,
1501 3445 1563 3486 ac
1586 3447 1678 3502 per
1695 3431 2047 3486 humilitatem

465 3525 888 3581 benevolentiam
923 3527 1010 3581 Dei
1039 3527 1308 3581 conciliat.
1333 3527 1488 3593 Audi,
1529 3543 1734 3598 qumso,
1759 3542 1866 3598 quo
1897 3537 2050 3597 pacto

469 3633 569 3674 nos
619 3617 863 3674 Christus
904 3629 1049 3674 recte
1095 3619 1232 3674 facta
1265 3619 1515 3675 oblivioni
1569 3619 1779 3676 tradere
1819 3621 2000 3689 jubeat
2036 3639 2049 3676 :

465 3707 594 3764 Cum
635 3712 847 3781 feceritis
894 3710 1002 3764 Ita'c
1031 3712 1218 3777 onmia,
1253 3711 1420 3776 dicite,
1466 3710 1611 3766 Servi
1656 3713 1858 3766 inutiles
1882 3729 2054 3766 sumus

468 3802 620 3872 (Luc.
666 3805 751 3858 17.
777 3803 843 3859 10
873 3803 916 3874 ).
967 3803 1045 3859 Tu
1071 3804 1156 3860 dic
1183 3805 1422 3859 inutilem
1453 3819 1570 3860 esse
1600 3814 1650 3860 te
1675 3820 1912 3870 servum,
1943 3821 2048 3859 non

475 3912 575 3967 ego
597 3906 647 3952 te
674 3897 911 3952 inutilem
943 3897 1110 3953 reddo
1140 3915 1152 3950 :
1179 3907 1232 3952 ιιι
1261 3898 1303 3951 si
1337 3909 1478 3952 tuam
1509 3899 1622 3967 ipse
1641 3898 1898 3952 vilitatem
1922 3911 2052 3952 con-

471 3987 640 4045 fessus
667 3989 848 4056 fueris,
881 4003 980 4062 ego
1001 3998 1052 4046 te
1081 3989 1338 4046 illustrem
1363 3989 1546 4056 reddo,
1579 3999 1630 4044 et
1654 4003 1850 4044 corona
1879 4004 2056 4044 remu-

471 4095 602 4135 llCl‘O

555 4170 883 4226 Peccatorum
925 4173 1181 4228 recordari
1217 4189 1367 4244 quam
1409 4174 1548 4228 utile.
1591 4173 1820 4228 Eri-amen
1861 4175 2055 4227 consci-

471 4264 617 4317 entia:
668 4263 965 4318 ineundum.
1005 4295 1078 4304 —
1113 4265 1274 4320 Vides
1321 4273 1450 4335 quot
1501 4265 1820 4319 testimoniis
1873 4264 2056 4318 utilem

475 4368 596 4409 esse
630 4363 972 4424 peccatorum
1001 4359 1314 4410 memoriam
1345 4356 1496 4411 nobis
1541 4356 1700 4412 fuerit
1740 4356 2056 4425 comproba-

474 4455 605 4506 tum.
633 4453 690 4500 et
715 4447 926 4500 noxiam
949 4449 1259 4502 memoriam
1287 4457 1432 4503 recte
1457 4446 1714 4503 factorum
1747 4467 1760 4503 ἶ
1791 4459 1844 4502 et
1873 4457 2056 4502 contra

474 4551 660 4592 rursus
710 4537 1025 4607 supplicium
1072 4538 1223 4594 nobis
1271 4554 1334 4594 ex
1384 4539 1648 4594 oblivione
1693 4548 2056 4609 peccatorum,

473 4630 753 4684 utilitatem
799 4636 974 4683 autem
996 4643 1062 4684 ex
1094 4629 1358 4686 oblivione
1411 4640 1554 4686 recte
1597 4629 1853 4686 factorum
1895 4631 2061 4685 oriri?

474 4723 566 4778 Vis
593 4723 754 4778 etiam
788 4721 1002 4778 aliunde
1049 4735 1372 4793 cognoscere
1413 4723 1700 4778 maximum
1747 4737 1866 4778 esse
1918 4733 2063 4780 recte

475 4815 670 4872 factum
712 4825 1044 4887 peccatorum
1076 4817 1376 4872 recordari?
1416 4816 1548 4871 Audi
1572 4817 1782 4874 Jobum.
1815 4819 1885 4876 Ut
1921 4821 2062 4875 enim

475 4907 686 4964 czeteris
731 4908 1073 4980 gloriabatur,
1119 4909 1187 4962 ita
1229 4919 1281 4964 et
1321 4909 1654 4965 confessione
1694 4920 2060 4980 peccatorum,

510 5015 596 5054 um
639 5001 710 5054 ita
757 4999 994 5055 diceret:
1029 5001 1178 5065 Quod
1206 5001 1250 5054 si
1286 5012 1598 5078 cumspaute
1633 5018 1931 5072 peccassem,
1973 5020 2063 5058 ea:-

478 5091 592 5160 paai
621 5091 953 5158 frequentiam
980 5092 1353 5158 multitudinis;
1388 5104 1440 5145 ut
1467 5109 1568 5147 non
1612 5095 1921 5149 enuntiarem
1947 5113 2065 5165 pec-

463 5206 471 5228 ‹
503 5191 597 5234 ata
629 5199 736 5236 utea
783 5181 914 5252 (Job
949 5185 1038 5238 5|.
1073 5183 1192 5257 54).
1220 5185 1416 5240 [lorum
1459 5195 1634 5240 autem
1671 5186 1951 5241 verborum
1981 5187 2066 5243 hic

477 5287 668 5328 sensus
711 5285 788 5328 est
835 5291 847 5327 :
877 5290 1162 5343 numquam
1195 5275 1318 5329 mihi
1347 5285 1516 5332 etetus
1558 5293 1934 5332 conservorum
1967 5293 2064 5348 pu-

479 5365 665 5419 dorem
709 5367 977 5434 imposuit.
1023 5366 1155 5431 Quid
1203 5368 1344 5421 enim
1393 5369 1608 5436 prodest
1663 5369 1899 5438 ignotum
1947 5385 2066 5425 esse

485 5455 808 5522 horninibus,
835 5458 1140 5514 cumJudex
1169 5460 1348 5512 omnia
1378 5459 1620 5513 noverit?
1647 5459 1773 5528 quid
1801 5474 1930 5513 vero
1961 5476 2059 5514 uo-

483 5556 590 5613 cet,
623 5547 764 5617 qnod
811 5548 862 5602 lii
908 5565 1027 5619 qua:
1054 5565 1082 5600 a
1115 5549 1266 5602 nobis
1297 5551 1576 5602 commissa
1623 5559 1766 5613 sunt,
1799 5551 2062 5615 noverint,

489 5641 534 5694 si
567 5657 660 5695 nos
691 5641 778 5695 ille
823 5657 975 5712 paena
1002 5642 1228 5697 voluerit
1255 5643 1525 5698 liberare?
1549 5643 1698 5698 Licet
1719 5659 1906 5699 omnes
1932 5660 2062 5700 con-

485 5729 762 5800 demueut,
787 5733 830 5787 si
859 5749 941 5788 me
973 5733 1179 5788 calculo
1200 5748 1297 5792 suo
1315 5735 1482 5791 ludet
1504 5737 1763 5808 absolvat,
1795 5737 1924 5796 nihil
1945 5739 2064 5796 illo-

1188 287 1247 343 S.
1285 287 1560 347 JO.\NNlS
1599 291 2066 349 CllRYSOSTO.\ll
2110 292 2423 352 AllCllllil’.
2465 299 2986 360 CUNSTANTINOP.

3620 305 3724 362 660

2140 423 2254 461 rum
2282 411 2595 466 sententiam
2639 429 2767 467 curo
2803 433 2815 469 :
2861 415 2982 469 licet
3023 429 3208 472 omnes
3242 419 3457 475 laudent
3496 433 3550 477 et
3575 419 3722 472 cele-

2135 500 2310 564 brent,
2340 501 2382 554 si
2409 518 2492 556 me
2515 504 2602 558 ille
2637 507 2977 574 condemnet,
3011 508 3144 562 nihil
3167 511 3296 563 mihi
3322 511 3575 580 judicium
3607 516 3722 570 illo-

2135 607 2250 646 rum
2289 593 2520 662 prodest.
2553 595 2775 665 Semper
2814 599 2956 652 enim
2995 601 3178 654 oculos
3209 601 3258 656 in
3315 604 3462 658 illum
3512 620 3724 676 oportet

2134 692 2461 750 convertere,
2491 686 2734 756 idemque
2757 690 3110 756 praestandum
3129 701 3208 745 est
3236 693 3284 745 in
3307 695 3554 762 peccatis,
3579 701 3720 766 quod

2133 773 2185 830 in
2219 777 2556 844 pecuniarum
2604 779 2840 848 impensa
2873 790 3205 849 prteslamtts.
3245 781 3433 838 Statim
3472 787 3611 840 enim
3645 799 3722 842 at-

2133 879 2238 936 que
2283 882 2314 922 e
2352 867 2510 921 cubili
2554 869 2903 934 surreximus,
2959 883 3241 942 antequam
3297 875 3483 943 pedem
3543 877 3592 930 in
3641 877 3714 930 [ορ

2132 973 2250 1012 rum
2301 959 2610 1026 inferamus,
2667 969 2759 1015 aut
2807 962 3018 1031 aliquod
3071 965 3331 1030 privat'm
3390 967 3722 1035 publicumve

2135 1050 2402 1118 negotium
2458 1050 2827 1120 aggrediamur
2854 1094 2870 1118 ,
2913 1063 3100 1108 vocato
3147 1067 3304 1109 servo
3341 1057 3602 1112 rationem
3649 1059 3718 1112 ab

2135 1155 2198 1194 eo
2251 1141 2509 1210 exigimus
2553 1157 2940 1211 expensarum,
2999 1153 3054 1198 ut
3107 1145 3379 1201 videamus
3427 1148 3552 1216 quid
3605 1163 3723 1217 per-

2135 1245 2354 1300 peram,
2413 1231 2538 1300 quid
2583 1232 2636 1286 in
2689 1234 2950 1304 legitimos
2997 1251 3124 1290 usus
3177 1237 3498 1306 insumptum
3543 1237 3718 1303 fuerit,

2135 1332 2496 1392 quantumque
2517 1323 2587 1378 sit
2615 1324 2880 1394 reliquum
2903 1343 2916 1381 :
2933 1325 3071 1396 quod
3090 1327 3134 1381 si
3159 1328 3498 1396 perexiguum
3517 1343 3635 1383 esse
3649 1329 3726 1382 vi-

2137 1413 2376 1468 derimus
2396 1414 2467 1479 id,
2487 1415 2625 1485 quod
2645 1425 2833 1482 restat,
2863 1431 3047 1472 omnes
3065 1418 3173 1473 vias
3200 1419 3560 1488 augendarum
3583 1419 3723 1474 redi-

2142 1513 2292 1558 tuum
2317 1505 2696 1574 excogitamus,
2721 1521 2788 1561 ne
2814 1506 2952 1562 forte
2981 1509 3176 1562 incauti
3195 1509 3331 1564 fame
3356 1510 3722 1565 conﬁciantur.

2147 1595 2261 1651 lloe
2303 1595 2462 1664 igitur
2499 1606 2550 1650 et
2584 1596 2636 1650 in
2677 1599 2974 1653 actionibus
3015 1599 3209 1654 nostris
3256 1601 3526 1656 faciamus.
3549 1602 3730 1656 Λᾶν-οε

2137 1699 2253 1741 cata
2284 1689 2603 1743 conscientia
2644 1699 2825 1744 nostra
2861 1692 3096 1746 rationes
3131 1691 3402 1762 exigamus
3422 1693 3489 1746 ab
3517 1708 3578 1747 ea
3609 1709 3719 1747 ver-

2103 1778 2349 1846 borum,
2391 1781 2680 1844 actionum,
2725 1781 3139 1852 cogitationum;
3192 1783 3544 1853 disquiramus
3590 1783 3716 1854 quid

2139 1869 2420 1924 commode
2474 1871 2777 1942 utiliterque
2827 1874 2898 1927 sit
2955 1873 3316 1944 insumptum,
3370 1875 3492 1945 quid
3534 1875 3584 1930 in
3627 1891 3722 1930 no-

2141 1971 2306 2016 strum
2330 1961 2614 2028 damnum;
2641 1964 2758 2032 quis
2785 1978 2963 2018 sermo
2985 1979 3260 2035 perperam
3283 1965 3436 2021 fuerit
3457 1966 3728 2038 impensus

2143 2056 2194 2111 in
2226 2056 2600 2124 detractiones,
2635 2056 2686 2112 in
2718 2057 3057 2128 turpiloquia,
3093 2059 3145 2112 in
3163 2060 3544 2125 contumelias;
3577 2075 3726 2130 quae-

2143 2164 2264 2202 nam
2293 2151 2544 2218 cogitatio
2581 2149 2646 2204 ad
2693 2149 2961 2204 lasciviam
3009 2150 3220 2205 oculum
3261 2151 3558 2216 concitarit,
3581 2153 3724 2220 quod

2143 2241 2424 2296 consilium
2455 2243 2505 2296 in
2533 2241 2781 2296 damnum
2824 2251 3062 2297 nostrum
3095 2243 3146 2296 in
3178 2257 3312 2313 opus
3351 2246 3566 2311 exierit,
3611 2247 3726 2299 sive

2145 2333 2392 2388 manibus
2437 2333 2564 2388 illud
2590 2375 2605 2400 ,
2657 2334 2769 2388 sive
2813 2333 3025 2404 lingua,
3067 2334 3179 2388 sive
3225 2335 3392 2388 oculis
3433 2335 3561 2406 ipsis
3609 2336 3728 2390 fue-

2145 2425 2310 2479 rimus
2337 2425 2618 2495 exsequuli
2649 2443 2662 2479 :
2695 2433 2748 2480 et
2776 2425 2842 2478 ab
2863 2425 3246 2494 intempestivis
3263 2425 3475 2495 quidem
3499 2427 3732 2494 sumpti-

2147 2517 2244 2571 bus
2269 2517 2536 2572 abstinere
2563 2515 2890 2584 Studeamus,
2913 2517 2964 2571 in
2993 2517 3163 2572 locum
3187 2529 3362 2571 autem
3385 2533 3731 2588 eorum,quae

2147 2610 2286 2664 male
2329 2611 2592 2680 insumpta
2622 2621 2763 2673 sunt,
2795 2610 2930 2664 alios
2961 2609 3162 2664 reditus
3189 2611 3538 2665 recondamus
3568 2628 3579 2664 :
3613 2611 3736 2666 loco

2147 2709 2432 2761 verborum
2459 2715 2660 2762 temere
2685 2705 3010 2776 prolaturum
3039 2720 3245 2774 preces,
3274 2705 3392 2759 loco
3419 2715 3734 2773 aSpectuum

2149 2799 2466 2854 lascivorum
2517 2799 2886 2867 eleemosynas
2929 2805 2984 2852 et
3021 2795 3242 2866 jejunia.
3269 2795 3324 2851 Si
3353 2795 3494 2850 enim
3535 2796 3735 2850 intem-

2151 2893 2350 2962 pestive
2392 2889 2559 2945 simus
2604 2889 2956 2959 iusumpturi,
2992 2887 3124 2942 nihil
3166 2896 3342 2942 autem
3369 2885 3738 2950 recondituri,

2153 2999 2325 3054 neque
2347 2983 2470 3038 boui
2491 2981 2776 3052 quidquam
2796 2981 2947 3036 nobis
2977 2981 3028 3034 in
3057 2979 3318 3034 thesauris
3347 2979 3650 3048 reposituri,
3679 2977 3736 3032 in

2151 3085 2442 3129 extremam
2481 3081 2768 3142 egestatem
2795 3070 3039 3126 redactos
3081 3070 3320 3124 incautos
3367 3069 3420 3123 in
3460 3076 3718 3122 :eternum

2153 3165 2290 3236 ignis
2334 3163 2648 3234 supplicium
2691 3163 2990 3234 prtecipites
3019 3175 3254 3232 agemus.
3283 3162 3362 3216 Ac
3395 3161 3737 3231 pecuniarum

2151 3257 2362 3328 quidem
2396 3271 2603 3310 summo
2629 3269 2784 3310 mane
2801 3253 3005 3308 olemus
3025 3253 3257 3307 rationes
3284 3253 3437 3318 inire,
3468 3252 3734 3306 actionum

2153 3364 2282 3404 vero
2310 3357 2430 3418 post
2458 3347 2756 3418 prandium,
2789 3345 2871 3400 vel
2898 3346 2998 3400 sub
3023 3345 3194 3416 ipsam
3221 3359 3497 3414 vesperam
3519 3343 3570 3398 iu
3600 3343 3742 3398 lecto

2151 3444 2410 3515 jaccntes,
2441 3440 2651 3496 nemine
2691 3437 3081 3508 interpellante,
3115 3437 3326 3491 nemine
3352 3435 3740 3490 interturbante

2155 3551 2186 3590 a
2215 3537 2366 3591 nobis
2397 3535 2522 3605 ipsis
2549 3533 2809 3598 omnium,
2829 3548 2945 3602 qum
2976 3529 3196 3586 fecimus
3214 3544 3276 3584 ac
3293 3529 3541 3593 diximus,
3569 3527 3738 3581 ratio-

2155 3642 2279 3682 nem
2306 3625 2595 3695 exigamus.
2627 3621 2776 3690 Quod
2803 3622 2846 3676 si
2871 3620 2992 3692 quid
3019 3629 3293 3690 peccatum
3337 3633 3456 3673 esse
3497 3617 3740 3672 animad-

2156 3727 2447 3781 vertamus,
2490 3716 2812 3784 castigemus
2859 3713 3259 3776 conscientiam,
3293 3721 3527 3766 mcntem
3567 3709 3744 3763 inere-

2159 3821 2365 3879 pemus,
2393 3822 2486 3862 cor
2519 3813 2756 3860 nostrum
2799 3803 2871 3858 ita
2915 3801 3260 3856 vehementer
3298 3814 3739 3870 compungamus,

2162 3908 2218 3953 ut
2243 3913 2346 3952 nou
2371 3897 2616 3966 amplius,
2645 3894 2733 3949 ubi
2757 3897 3169 3960 surrexerimus,
3194 3893 3246 3946 in
3265 3891 3402 3946 idem
3427 3891 3626 3960 peccati
3652 3891 3746 3944 ba-

2158 3989 2396 4046 rathrum
2425 4003 2520 4042 nos
2546 3985 2832 4040 audeamus
2859 3983 3152 4054 impellere,
3179 3983 3493 4052 vespertina:
3533 3993 3740 4034 memo-

2159 4097 2247 4138 res
2272 4081 2548 4136 sectionis.

2230 4175 2284 4229 5.
2306 4173 2417 4228 lloc
2432 4173 2570 4226 enim
2591 4181 2796 4240 tempus
2825 4169 2998 4238 aptius
3019 4181 3137 4222 esse
3161 4165 3228 4220 ad
3253 4163 3515 4235 ejusmodi
3541 4163 3748 4218 ratioci-

2163 4268 2328 4333 nium,
2347 4265 2584 4334 audiquo
2605 4271 2756 4333 pacto
2777 4271 2996 4317 testetur
3014 4258 3414 4330 prapheta,cum
3427 4256 3596 4311 dicat:
3619 4255 3751 4321 0m

2162 4359 2327 4412 dicitis
2341 4359 2390 4410 iu
2401 4355 2632 4409 cordibus
2643 4355 2835 4419 vestris,
2851 4353 2904 4405 in
2916 4351 3156 4405 cubilibus
3172 4350 3344 4404 vestris
3355 4347 3751 4418 compungimini

2164 4448 2392 4522 (PsaM.
2407 4447 2460 4518 5)
2473 4487 2486 4498 .
2503 4445 2660 4500 Multa
2674 4443 2900 4498 interdiu
2919 4457 3022 4496 non
3041 4453 3096 4495 ut
3113 4441 3353 4495 volumus
3368 4455 3397 4492 a
3416 4439 3568 4492 nobis
3585 4439 3712 4491 fiunt
3733 4454 3749 4500 ;

2151 4551 2218 4596 'et
2255 4540 2408 4594 amici
2457 4537 2761 4600 offendunt,
2809 4544 2862 4588 et
2900 4531 3420 4602 exasperantzservi,
3468 4531 3752 4583 contristat

2167 4646 2320 4696 uxor,
2347 4629 2486 4683 ﬁlius
2524 4628 2707 4683 dolore
2747 4625 2924 4690 allicit,
2956 4625 3286 4694 negotiorum
3323 4621 3658 4677 smeularium
3687 4637 3756 4676 ac

2167 4723 2497 4795 publicorum
2525 4737 2622 4776 nos
2651 4719 2802 4774 turba
2843 4717 3203 4779 circumsidet,
3251 4731 3422 4785 neque
3467 4729 3758 4784 possumus

2169 4816 2479 4886 intelligere,
2513 4829 2580 4869 ne
2607 4813 2822 4884 quidem
2855 4829 2959 4882 qua
2999 4812 3202 4866 ratione
3231 4809 3654 4879 supplantemur.
3687 4813 3758 4862 At

2170 4908 2253 4962 his
2298 4907 2542 4962 erunibus
2589 4903 2859 4974 expediti,
2905 4918 3026 4957 cum
3077 4901 3174 4956 soli
3221 4900 3477 4954 fuerimus
3513 4901 3754 4967 vesperi,

2169 5004 2440 5072 multaque
2469 4999 2566 5054 frui
2595 4997 2800 5053 licuerit
2824 4995 3223 5065 tranquillitate,
3248 4993 3503 5064 judicium
3535 4995 3586 5045 in
3617 4994 3762 5046 lecto

2171 5095 2483 5158 excitemus,
2509 5099 2567 5145 ut
2593 5090 2757 5144 Deum
2784 5088 2936 5143 nobis
2967 5087 3248 5156 propitium
3275 5084 3536 5154 ejusmodi
3573 5083 3764 5137 habita

2170 5185 2464 5255 quaestione
2505 5181 2808 5236 reddamus.
2837 5179 2988 5245 Quod
3010 5181 3052 5232 si
3083 5177 3316 5248 quotidie
3365 5191 3672 5244 peccemus,
3709 5187 3765 5229 ct

2171 5279 2404 5332 animum
2434 5283 2671 5328 nostrum
2711 5271 3070 5328 vulneremus.
3105 5283 3389 5334 numquam
3417 5275 3596 5320 autem
3635 5281 3766 5318 sen-

2175 5373 2386 5433 tiamus,
2408 5378 2464 5421 ut
2484 5367 2572 5436 qui
2596 5365 2814 5418 vulnera
2841 5362 3144 5431 frequenter
3171 5360 3452 5429 accipiunt,
3477 5373 3540 5411 ac
3559 5357 3762 5412 deinde

2172 5462 2490 5532 contemptis
2529 5459 2630 5513 illis
2679 5457 2864 5511 febrim
2891 5457 2991 5510 sibi
3023 5455 3104 5508 vel
3139 5452 3524 5508 intolerandum
3570 5465 3764 5504 accer-

2173 5565 2289 5608 sunt
2315 5554 2581 5608 interitum
2616 5567 2628 5603 :
2659 5551 2734 5604 sic
2751 5559 2803 5603 et
2821 5563 2918 5602 nos
2937 5548 3036 5601 hoc
3059 5547 3311 5600 continuo
3333 5555 3570 5613 stupore,
3599 5544 3778 5599 inevi-

2181 5645 2325 5698 tabili
2349 5659 2445 5698 nos
2471 5643 2727 5698 obnoxios
2755 5639 3010 5709 supplicio
3044 5635 3388 5692 reddidimus.
3428 5635 3556 5689 Scio
3587 5635 3770 5688 mole-

2175 5749 2254 5797 sta
2280 5753 2397 5795 esse
2427 5753 2543 5810 qua:
2577 5736 2821 5805 dicimus,
2845 5733 2939 5790 sed
2969 5733 3183 5791 multam
3214 5731 3422 5804 pariunt
3451 5729 3776 5786 utilitatem.
