4080 6196
331 221 438 276 659

331 329 389 386 δὲ
413 330 709 417 μνήσθητι,
746 333 830 386 ἴνα
859 341 1237 410 σωφρονισμοῦ
1273 341 1443 417 λάϐῃς
1473 347 1748 408 ὑπόθεσιν.
1776 355 1904 408 Τού.

331 430 442 465 των
485 413 724 477 ἀκούσας
755 418 783 469 6
813 417 1020 505 ῌαῦλος
1043 459 1057 482 ,
1087 413 1521 496 ἁμαρτημάτων,
1552 424 1626 483 ὧν
1652 435 1751 486 οὐκ
1777 437 1904 505 ἐμέ-

335 513 503 566 μνητο
527 498 556 551 6
583 496 717 559 Θεὸς
741 540 756 562 ,
776 499 949 580 αὐτὸς
986 502 1245 572 διηνεκῶς
1276 509 1550 580 ἐμέμνητο
1580 515 1777 568 οὐτωσὶ
1808 496 1902 570 ¹λέ-

330 593 477 642 γων·
510 581 632 663 Οὐκ
670 579 789 648 εἰμὶ
826 582 1030 648 ἱκανὸς
1069 587 1381 642 καλεῖσθαι
1421 579 1784 663 ἀπόστολος,
1813 598 1902 653 ὅτι

329 657 544 723 ἐδίωξα
570 659 683 727 τὴν
715 663 1106 731 Ἐκκλησίαν·
1157 670 1248 722 καὶ
1266 711 1281 736 ,
1309 674 1559 741 Χριστὸς
1605 657 1791 748 ἦλθεν·
1814 684 1902 748 εἰς

328 740 436 793 τὸν
458 742 1101 828 κόσξμονᾼιὶμίέρτωλοὺς
1129 748 1276 823 [664]
1318 740 1544 821 σῶσαι,
1559 740 1644 812 ὧι)
1671 740 1900 828 πρῶτός·

327 827 441 892 εἰμι
475 823 612 916 ἐγώ..
641 826 753 878 Οὐκ
786 822 957 916 εἶπεν,
989 831 1198 916 Ἤμην,
1237 822 1372 901 ἀλλ’,
1400 839 1552 907 Είμι.
1593 841 1654 893 'H
1689 822 1901 916 ολυγχώζ

329 921 487 974 ρησις
521 905 737 973 ἐγένετο
760 907 867 960 τῶν
896 911 1308 983 ἁμαρτημάτων
1342 905 1491 990 παρά
1527 922 1604 992 τῷ
1638 923 1775 994 Θεῷ,
1794 905 1899 980 ⁷καὶ

327 989 359 1056 ἡ
407 989 595 1074 μνήμη
645 987 752 1041 τῶν
791 997 1303 1074 συγκεχωρημένων
1353 987 1770 1074 ἁμαρτημάτων
1800 1010 1904 1063 οὐκ

326 1070 618 1138 ἠφανίζετο
669 1072 815 1160 παρά
843 1073 1141 1160 τῷ-Ιξίαύλῳ
1163 1094 1176 1109 ·
1212 1080 1355 1153 άπερ
1387 1070 1414 1136 6
1458 1070 1733 1160 Δεσπότης
1787 1092 1895 1144 ἀπ-

325 1152 531 1222 ήλειψε,
559 1153 729 1207 ταῦτα
756 1155 916 1218 αὐτὸς
932 1152 1331 1228 ἐξεπόμπευενζ
1347 1165 1642 1222 Ἠκούσατε
1668 1152 1776 1242 γάρ
1803 1173 1894 1226 τοῦ

325 1236 601 1304 προφήτου
627 1235 911 1326 λέγοντοςἐ
937 1240 1044 1326 καί
1065 1245 1143 1326 σὺ
1168 1243 1255 1312 μὴ
1276 1248 1556 1315 μνησθῶ·
1594 1254 1656 1306 σὺ
1681 1235 1897 1326 δὲ’μνή-

326 1316 502 1385 σθητι.
542 1317 597 1370 Ὀ
622 1318 753 1381 Θεὸς
783 1320 974 1386 σκεῦος
998 1324 1227 1397 ἐκλογῆς
1251 1329 1412 1384 αὐτὸν
1431 1332 1602 1397 καλεῖ,
1620 1336 1713 1388 καί¹
1741 1316 1894 1401 οῦτοΙς

324 1400 537 1469 πρῶτον
575 1399 681 1454 τῶν
727 1403 1068 1474 ἁμαρτωλῶν
1117 1409 1304 1464 ἐαυτὸν
1371 1414 1541 1468 καλεῖ.
1581 1417 1643 1468 Εἰ
1685 1418 1742 1470 δὲ
1785 1399 1893 1474 τῶν

326 1485 826 1554 συγκεχωρημένων
875 1487 1288 1560 ἁμαρτημάτων
1332 1496 1431 1549 οὐκ
1481 1498 1889 1566 ἐπελανθάνετο,

321 1566 573 1634 ἐννόησον
607 1566 722 1628 πῶς
754 1568 861 1620 τῶν
903 1570 1231 1641 εὐεργεσιῶν
1275 1577 1560 1649 ἐμέμνητο
1593 1581 1685 1634 τοῦ
1734 1583 1887 1637 Θεοῦ.

320 1645 436 1700 Καὶ
471 1648 524 1699 τί
550 1648 712 1736 λέγω,
757 1650 837 1736 ὄτί.
863 1652 924 1736 οὐ
966 1645 1317 1726 καταισχύνει
1349 1645 1534 1733 μνήμη
1566 1665 1890 1736 ἁμαρτημά-

321 1747 465 1796 των;
499 1731 596 1801 οὐχ
613 1729 783 1794 οὕτως
809 1735 956 1803 ἡμᾶς
973 1740 1115 1789 ποιεῖ
1141 1729 1426 1812 λαμπροὺς
1441 1729 1890 1818 *κατορθωμάτων

323 1813 424 1880 μνῆ
436 1830 534 1902 μἿυ
561 1813 637 1876 ὠς
664 1816 694 1883 ἡ
731 1816 834 1902 τῷν
872 1817 1282 1902 ἁμαρτημάτων
1308 1825 1527 1897 μνήμη·
1560 1813 1755 1898 μᾶλλον
1777 1831 1832 1884 δὲ
1857 1834 1888 1902 ἡ

322 1896 418 1961 μὲν
449 1894 558 1947 τῶν
599 1895 1031 1968 κατορθωμάτων
1090 1903 1275 1975 μνήμη
1322 1894 1589 1978 οὐημόνον
1637 1914 1696 1966 οὐ
1749 1917 1892 1968 ποιεῖ

317 1975 630 2047 λαμπροὺς,
671 1978 806 2064 ἀλλά
839 1981 932 2033 καὶ
961 1983 1222 2056 αἰσχύνης
1255 1975 1449 2060 πληροῖ
1488 1993 1581 2046 καὶ
1609 1997 1890 2064 καταγνώ-

318 2074 488 2120 σεως·
538 2061 570 2131 ἡ
616 2061 694 2150 δὲ-
719 2061 826 2114 τῶν
877 2064 1285 2150 ἀμαρτημάτων
1343 2074 1528 2145 μνήμη
1584 2061 1888 2150 παρρησίας

314 2141 464 2210 ἡμᾶς
498 2142 802 2214 ἐμπίπλησι
832 2147 925 2199 καὶ
953 2148 1296 2222 δικαιοσύνης
1337 2141 1555 2226 πολλῆς.
1598 2141 1888 2224 Τίςτοῦτό

315 2240 516 2314 φησινς
557 2227 616 2278 '0
648 2228 936 2297 Φαρισαῖος
977 2233 1070 2285 καὶ
1103 2237 1130 2286 6
1157 2235 1413 2306 τελώνης.
1457 2240 1516 2293 Ὀ
1543 2243 1640 2311 μὲν
1666 2243 1773 2314 γὰρ
1810 2246 1886 2297 ει.

314 2305 430 2394 πὼν
461 2308 528 2360 τά
568 2309 954 2394 ἁμαρτήματα,
996 2316 1229 2386 κατῆλθε
1279 2305 1794 2394 δεδικαιωμένοςδό
1828 2327 1884 2379 δὲ

311 2388 482 2440 εἰπὼν
503 2391 572 2443 τά
592 2392 1007 2463 κατορθώματα,
1039 2401 1303 2470 κατῆλθεν
1337 2404 1573 2460 ἐλάττων
1598 2408 1694 2462 τοῦ
1718 2409 1884 2463 τελώ-

312 2489 400 2524 νου
431 2474 738 2566 γενόμενος.
778 2476 938 2566 ’ρρςξς
985 2480 1082 2551 ὅση
1128 2483 1300 2555 βλάϐη
1338 2489 1645 2559 μεμνῆσθαι
1689 2511 1885 2566 κατορ-

310 2555 615 2625 θωμάτων,
645 2559 742 2649 ὅση
773 2559 1008 2649 ὠφέλεια
1055 2566 1132 2649 μὴ
1177 2555 1526 2640 ἐπιλελῆσθαι
1552 2555 1884 2649 ἁμαρτημά-

308 2653 448 2704 των;
479 2641 586 2692 Καὶ
617 2641 761 2729 μάλα
792 2644 1112 2729 εἰκότως.⁹0
1143 2651 1241 2718 μὲν
1273 2652 1380 2725 γὰρ
1402 2655 1507 2707 τῶν
1534 2641 1884 2729 κατορθωμά-

308 2737 417 2812 των
444 2724 808 2812 -μεμνημένος
835 2729 914 2812 εἰς
947 2728 1201 2784 ἀπόνοιαν
1233 2735 1465 2804 αἴρεται,
1499 2724 1754 2812 ὑπερορᾷ
1773 2724 1881 2799 τῶν

308 2803 510 2857 λοιπῶν
533 2805 854 2897 ἀνθρῶπων,
880 2810 1016 2897 δπερ
1042 2814 1070 2864 6
1093 2803 1394 2897 ,Φαρισαῖος
1429 2803 1629 2877 ἔπαθεν
1647 2803 1745 2876 ’.οὐ
1772 2825 1878 2897 γὰρ

309 2887 376 2939 ἂν
410 2890 491 2950 εἰς
541 2889 809 2959 τοσαύτην
855 2891 1169 2957 ἀλαζονείαν
1217 2894 1402 2969 ἦλθεν,
1445 2905 1544 2956 οὐκ
1588 2905 1654 2960 ἂν
1706 2903 1877 2973 εἶπεν,

312 2971 431 3023 Οὐκ
459 2971 572 3038 εἰμί
604 2971 682 3037 ὡς
709 2975 1007 3060 οἰ-λοιποίν
1029 2977 1348 3047 ἄνθρωποι,
1399 2985 1448 3037 εἰ
1492 2986 1566 3058 μὴ
1610 2971 1880 3060 ἐμέμνητο

306 3053 406 3122 τῆς
433 3054 686 3124 νηστείας
719 3055 877 3145 αὐτοῦ
925 3059 1024 3120 ,καὶ
1053 3061 1413 3145 τῆς-δεκάτης
1434 3085 1447 3098 ·
1555 3053 1652 3122 ’δέ-
1687 3053 1876 3145 μνήμη

308 3135 415 3188 τῶν
441 3137 854 3208 ἁμαρτημάτων
895 3134 1364 3218 καταστέλλείτὴν
1405 3149 1658 3217 διάνοιαν,
1689 3171 1876 3208 ταπει-

305 3222 582 3286 νοφρονεῖν
613 3221 820 3285 πείθει,
861 3223 954 3275 καὶ
984 3224 1072 3278 διὰ
1103 3228 1202 3297 τῆς
1233 3234 1728 3306 ταπεινοφροσύνης
1757 3240 1876 3290 ἐπιο

307 3302 508 3353 σπᾶται
541 3301 634 3354 τοῦ
663 3302 795 3354 Θεοῦ
822 3305 918 3375 τὴν
951 3306 1458 3367 εὐνοιαν.”Ακουσον
1487 3301 1617 3383 γοῦν
1643 3319 1758 3382 πῶς
1780 3321 1874 3373 καὶ

303 3386 331 3435 6
355 3385 592 3455 Χριστὸς
619 3385 824 3439 κελεύει
855 3387 991 3460 λήθῃ
1025 3395 1413 3474 παραπέμπειν
1431 3399 1577 3468 ἡμᾶς
1593 3401 1660 3453 τὰ
1677 3418 1871 3474 κατορ-

304 3466 552 3537 θώματα.
581 3469 756 3522 Ὃταν
781 3471 967 3524 ταῦτα
994 3471 1190 3527 πάντα
1215 3466 1529 3546 ποιήσητε,
1550 3482 1754 3551 λέγετε
1781 3466 1870 3538 ὅτι

316 3549 557 3633 ᾉχρεῑοι
590 3549 797 3604 δοῦλοί
823 3552 1027 3621 ἐσμεν.
1044 3555 1115 3608 Σὺ
1147 3556 1271 3626 λέγε
1303 3561 1382 3613 ὅτι
1423 3549 1637 3633 ἀχρεῖος
1674 3566 1864 3631 δοῦλος

303 3626 372 3691 εἷ,
413 3631 524 3699 ἐγώ
562 3649 622 3684 σε
651 3634 710 3684 οὐ
741 3634 877 3686 ποιῶ
907 3637 1154 3719 ἀχρεῖον·
1186 3643 1248 3694 σὺ
1277 3641 1372 3694 ἐὰν
1399 3626 1741 3718 ὁμολογήσῃς

304 3713 577 3767 εὐτέλειαν
621 3714 719 3786 τήν
754 3718 1003 3783 σεαυτοῦ,
1048 3718 1160 3788 ἐγώ
1207 3738 1266 3774 σε
1316 3724 1564 3795 λαμπρὸν
1602 3713 1739 3784 ποιῶ
1775 3732 1868 3784 καὶ

302 3812 570 3865 στεφανῶ.

379 3881 545 3950 Ὁρᾷς
571 3878 659 3932 διὰ
683 3881 860 3966 πόσων
896 3885 1027 3954 ἡμῖν
1056 3886 1428 3945 ἀποδέδεικται
1454 3892 1642 3963 κέρδος
1669 3893 1866 3966 ἔχουσα

299 3962 405 4015 τῶν
432 3965 847 4051 ἁμαρτημάτων
874 3970 906 4038 ἡ
942 3971 1151 4041 μνήμη,
1189 3973 1282 4024 καὶ
1306 3974 1502 4043 βλάϐος
1527 3962 1634 4029 τῶν
1668 3962 1864 4051 κατορ-

299 4045 564 4114 θωμάτων
600 4049 631 4116 ἡ
664 4050 850 4120 μνήμη
873 4091 886 4112 ,
932 4053 1024 4103 καὶ
1069 4054 1376 4108 τούναντίον
1420 4058 1609 4124 πάλιν,
1644 4045 1864 4127 κόλασις

301 4129 397 4196 μὲν
434 4129 544 4182 ἀπὸ
571 4131 668 4199 τῆς
710 4131 876 4202 λήθης
914 4135 1022 4187 τῶν
1057 4137 1487 4208 ἁμαρτημάτων,
1529 4143 1770 4211 ὠφέλεια
1805 4147 1862 4199 δὲ

299 4210 406 4261 ἀπὸ
437 4214 536 4280 τῆς
574 4212 744 4283 λήθης
773 4214 881 4266 τῶν
922 4215 1359 4300 κατορθωμάτων
1401 4223 1532 4293 ήμῖν
1569 4210 1857 4300 γινομένη;

299 4291 483 4344 Βούλει
509 4294 697 4378 μαθεῖν
728 4297 822 4349 καὶ
847 4298 1108 4369 ἑτέρωθεν
1141 4302 1222 4354 ὅτι
1251 4291 1860 4378 κατόρθωμαήμέγιστόν

295 4377 354 4425 τὸ
415 4377 722 4445 μεμνῆσθαι
774 4379 1216 4450 ἀμαρτημάτων;
1264 4385 1525 4440 ’Ἄκουσον
1570 4377 1664 4444 τοῦ
1718 4393 1852 4450 Ἰὼϐ.

295 4455 506 4527 Ὠσπερ
536 4460 643 4529 γάρ
672 4461 764 4513 ἐπὶ
805 4465 915 4526 τοῖς
956 4464 1135 4548 ἄλλοις
1165 4466 1585 4536 ἐκαλλωπίζετο,
1619 4473 1761 4528 οὕτω
1791 4477 1856 4548 δή

293 4541 385 4591 καὶ
419 4543 510 4592 ἐπὶ
543 4545 608 4612 τῇ
634 4542 1017 4615 ἐξομολογήσει
1046 4547 1153 4598 τῶν
1195 4549 1625 4622 ἁμαρτημάτων,
1658 4541 1856 4612 οὑτωσί

290 4619 465 4688 λέγων
486 4640 498 4651 ·
537 4626 606 4676 Εἰ
652 4624 720 4676 δὲ
753 4627 851 4680 καὶ
888 4626 1162 4696 ἁμαρτὼν
1199 4619 1492 4700 ἑκουσίως
1533 4619 1856 4707 διετράπην

287 4706 669 4770 πολυοχλίαν
716 4709 868 4761 λαοῦ
915 4727 1056 4777 μου,
1103 4712 1208 4766 τοῦ
1242 4714 1327 4782 μὴ
1371 4717 1708 4786 ἐξαγγεῖλαι
1750 4706 1856 4788 τὰς

285 4787 576 4854 ἁμαρτίας
597 4807 736 4857 μου.
774 4792 838 4843 Ὃ
862 4791 918 4844 δέ
943 4792 1089 4860 λέγει
1122 4797 1358 4850 τοιοῦτόν
1388 4799 1534 4852 ἐστιν
1556 4816 1570 4830 ·
1601 4787 1852 4857 οὐδέποτέ

291 4885 357 4936 με
400 4868 653 4937 σύλλογος
689 4872 798 4925 τῶν
828 4875 1122 4930 συνδούλων
1154 4881 1233 4942 εἰς
1263 4881 1522 4952 αἰσχύνην
1551 4883 1745 4953 ήγαγε.
1788 4887 1852 4938 Τί

285 4953 394 5022 γὰρ
415 4951 607 5020 ὄφελος
634 4957 697 5006 ἐκ
721 4955 818 5024 τῆς
843 4958 1064 5024 ἀγνοίας
1081 4959 1187 5012 τῶν
1213 4951 1530 5032 ἀνθρώπων,
1549 4951 1640 5018 τοῦ
1665 4951 1850 5038 κριτοῦ

285 5034 462 5085 πάντα
497 5034 727 5102 εἰδότος;
758 5039 810 5089 τί
843 5038 898 5090 δέ
929 5039 1122 5109 βλάϐος
1157 5045 1219 5095 ἐκ
1255 5045 1348 5097 τοῦ
1381 5045 1579 5101 εἰδέναι
1622 5034 1849 5115 τούτους

281 5114 350 5167 τά
382 5115 892 5189 πεπλημμελημένα
913 5163 926 5186 ,
959 5124 1088 5175 ὅταν
1127 5127 1329 5190 ἐκεῖνος
1355 5129 1623 5185 ἀπολῦσαι
1652 5114 1847 5206 βούληὲ

279 5213 370 5250 ται
399 5200 496 5268 τῆς
528 5199 710 5270 δίκης;
744 5204 862 5256 Κᾶν
891 5208 1087 5269 πάντες
1114 5208 1422 5274 δικάζωσιν,
1452 5215 1480 5266 6
1506 5214 1562 5266 δὲ
1589 5199 1848 5290 δικαστής

281 5281 713 5353 ἀποιζιηφίσηται,
757 5287 928 5352 οὐδείς
959 5307 1048 5358 μοι
1076 5291 1230 5358 λόγος
1258 5293 1356 5363 τῆς
1384 5296 1605 5353 ἐκείνων
1627 5281 1841 5372 ψήφου.-

278 5362 382 5414 xiv
408 5365 648 5429 ἅπαντες
675 5370 1000 5425 ἐπαινέσωσι
1027 5375 1116 5426 καὶ
1147 5362 1516 5444 θαυμάσωσιν,
1549 5383 1756 5447 ἐκεῖνος
1788 5385 1843 5438 δέ

279 5461 348 5512 με
378 5447 744 5522 καταδικάζῃ,
783 5454 933 5507 οὐδέν
971 5473 1060 5527 μοι
1099 5459 1259 5512 πάλιν
1289 5459 1477 5528 δφελος
1498 5467 1596 5535 τῆς
1619 5467 1844 5522 ἐκείνων

278 5531 530 5597 κρίσεως.
562 5533 976 5622 Πανταχοῦγάρ
1009 5541 1142 5612 πρὸς
1173 5544 1377 5598 ἐκεῖνον
1417 5531 1561 5618 όρᾷν
1581 5551 1707 5622 χρὴ,
1749 5555 1841 5607 καὶ

272 5614 436 5666 ταύτὸ
487 5621 657 5670 ποιεῖν
687 5620 778 5672 ἐπὶ
811 5621 916 5676 τῶν
948 5624 1383 5698 ἁμαρτημάτων,
1419 5631 1549 5700 ὅπερ
1583 5634 1838 5699 ποιοῦμεν

1246 230 1380 285 NON
1422 233 1589 309 ESSE
1623 238 1714 291 AD
1751 240 2060 298 GllATlAM
2096 245 2652 308 CONClO-NANDL'M.

3469 265 3572 322 660

2011 359 2104 412 ἐπὶ
2154 363 2252 432 τῆς
2297 365 2402 419 τῶν
2455 370 2750 439 χρημάτων
2809 371 3069 442 δαπάνης.
3128 373 3338 441 Εὐθέως
3394 379 3573 456 [ϐϋίἰΙ

2010 456 2338 524 ἀναστάντες
2368 461 2475 514 ἀπὸ
2504 463 2602 534 τῆς
2633 463 2838 535 κλίνης,
2880 468 3006 538 πρὶν
3055 470 3133 532 εἰς
3173 471 3375 543 ἀγοράν
3401 476 3572 545 ἐμϐα-

2009 549 2152 619 λεῖν,
2185 553 2217 624 ἢ
2268 557 2642 628 μεταχειρίσαι
2685 576 2737 611 τι
2765 561 2874 615 τῶν
2910 562 3192 619 ἰδιωτικῶν
3233 566 3266 637 ἢ
3299 567 3573 639 δημοσίων

2010 651 2348 720 πραγμάτων
2372 691 2387 716 ,
2438 654 2528 706 τὸν
2586 656 2799 725 οἰκέτην
2864 659 3186 725 καλέσαντες
3237 663 3572 737 ἀπαιτοῦμεν

2008 741 2161 811 λόγον
2191 746 2300 800 τῶν
2323 747 2758 821 δαπανηθέντων,
2785 755 2832 807 ἵν
2857 757 3108 827 ἐἰδῶμεν
3146 759 3197 811 τί
3239 761 3335 830 μὲν
3365 763 3568 828 κακῶς,

2005 838 2058 890 τί
2088 840 2143 892 δὲ
2172 843 2250 903 είς
2275 842 2392 896 δέον
2415 845 2706 916 ἀνήλωται,
2741 850 2904 903 πόσον
2935 852 2992 905 δὲ
3031 854 3435 911 ὑπολέλειπται·
3469 859 3569 913 κᾶν

2007 935 2236 1006 εἰδῶμεν
2279 938 2457 1008 ὀλίγον
2495 941 2552 996 ὃν
2581 943 2641 996 τὸ
2679 945 3150 1018 ὑπολελειμμένον,
3195 954 3356 1006 παντὶ⁷
3385 955 3571 1026 τρόπῳ

2009 1033 2285 1104 προσόδων
2308 1036 2561 1108 ἀφορμὰς
2586 1040 2929 1112 ἐπινοοῦμεν,
2963 1045 3050 1096 ἵνα
3081 1046 3154 1115 μὴ
3187 1045 3436 1118 λάθωμεν
3463 1051 3570 1116 δια-

2006 1129 2304 1199 φθαρέντες
2338 1131 2498 1203 λιμῷ.
2548 1135 2716 1190 Τοῦτο
2740 1139 2916 1192 τοίνυν
2953 1143 3046 1194 καὶ
3074 1144 3166 1195 ἐπὶ
3191 1145 3569 1218 τῶνμπράξεων

2004 1223 2111 1278 τῶν
2141 1228 2422 1299 ἡμετέρων
2449 1230 2708 1301 ποιῶμεν.
2732 1233 2804 1286 Τὸ
2830 1235 3064 1301 συνειδὸς
3087 1239 3146 1290 τὸ
3171 1239 3437 1311 ἡμέτερον
3465 1260 3567 1296 και-

2002 1321 2258 1400 λέσοιντες
2287 1326 2600 1398 ποιήσωμεν
2639 1329 2786 1400 αὐτῷ
2825 1330 2979 1399 λόγον
3011 1333 3120 1388 τῶν
3150 1337 3428 1407 ῥημάτων.
3459 1339 3568 1392 τῶν

2005 1398 2368 1489 πραγμάτων,
2405 1421 2512 1475 τῶν
2543 1398 2928 1495 ἐνθυμήσεων·
2967 1398 3330 1501 ἐξετάσωμεν,
3367 1398 3424 1486 τί
3469 1435 3566 1504 μέν

2003 1515 2082 1576 εἰς
2105 1514 2220 1574 δέον
2245 1515 2539 1585 ἀνήλωται,
2561 1517 2614 1568 τί
2635 1518 2690 1570 δέ
2714 1521 2805 1572 ἐπὶ
2832 1520 3001 1594 βλάϐῃ
3027 1528 3092 1596 τῇ
3122 1527 3364 1600 ἡμετέρᾳ
3381 1546 3395 1561 ·
3419 1532 3567 1594 ποῖος

1999 1609 2152 1678 λόγος
2182 1610 2492 1684 ἐδαπανήθη
2521 1613 2729 1680 κακῶς,
2759 1619 2838 1681 εἰς
2867 1618 3152 1692 λοιδορίας,
3177 1627 3256 1687 εἰς
3283 1626 3567 1697 αἰσχρολο-

1999 1705 2144 1774 γίας,
2192 1709 2272 1770 εἰς
2313 1706 2533 1780 ὕϐρεις·
2573 1715 2720 1767 ποῖον
2752 1715 3036 1788 ἐνθύμημα
3064 1719 3155 1772 τὸν
3185 1721 3458 1792 ὀφθαλμὸν
3485 1725 3564 1786 εἰς

1998 1801 2291 1890 ἀκολασίαν
2318 1803 2563 1876 ἐκίνησε·
2594 1808 2678 1870 τίς
2708 1809 2964 1882 λογισμὸς
3009 1814 3100 1866 ἐπὶ
3134 1813 3305 1888 βλάϐῃ
3333 1821 3396 1890 τῇ
3423 1820 3562 1890 ἡμε-

1997 1897 2131 1970 τέρᾳ
2160 1901 2238 1962 εἰς
2263 1879 2427 1971 ἔργον
2456 1904 2716 1976 ἐξηνέχθη
2739 1948 2753 1972 ,
2787 1907 2819 1977 ἢ
2856 1879 2942 1961 διά
2973 1879 3188 1980 χειρῶν,
3214 1911 3246 1982 ἡ
3274 1879 3563 1983 διάηγλῶτ-

1997 2011 2127 2065 της,
2159 1996 2191 2066 ἢ
2225 1996 2313 2050 διά
2351 1998 2459 2051 τῶν
2494 2001 2756 2071 ὀμμάτων
2797 2003 3006 2057 αὐτῶν·
3044 2005 3136 2057 καὶ
3176 2007 3562 2079 σπουδάσωμεν

1995 2093 2093 2163 τῆς
2139 2094 2235 2164 μὲν
2268 2094 2498 2168 ἀκαίρου
2537 2097 2777 2170 δαπάνης
2821 2100 3162 2172 ἀποστῆναι,
3211 2103 3330 2156 ἀντὶ
3359 2105 3417 2157 δὲ
3453 2105 3560 2159 τῶν

1997 2189 2142 2254 ἅπαξ
2170 2191 2550 2247 ἀναλωθέντων
2577 2195 2781 2260 κακῶς,
2825 2197 3017 2268 ἐτέραν
3051 2198 3347 2254 ἀποθέσθαι
3391 2201 3560 2270 πρόσ-

1997 2285 2138 2354 οδον,
2165 2287 2288 2340 ἀντὶ
2319 2288 2426 2341 τῶν
2471 2290 2731 2360 ῥημάτων
2759 2291 2868 2345 τῶν
2908 2294 3030 2364 εἰκῆ
3070 2296 3555 2366 προσενεχθέντων,

1995 2382 2158 2451 εὐχάς
2178 2422 2194 2448 ,
2227 2383 2348 2437 ἀντὶ
2391 2384 2499 2437 τῶν
2532 2385 2706 2455 ὄψεων
2748 2389 2856 2465 τῶν
2893 2389 3204 2453 ἀκολάστως
3230 2393 3555 2462 γενομένων,

1993 2478 2382 2550 ἐλεημοσύνας,
2431 2482 2700 2551 νηστείας.
2748 2484 2810 2536 Εἰ
2843 2484 2951 2555 γάρ
2983 2485 3270 2556 μέλλοιμεν
3313 2487 3557 2558 δαπανᾷν

1995 2577 2093 2646 μὲν
2118 2577 2381 2649 ἀκαίρως,
2402 2579 2564 2649 μηδὲν
2590 2580 2645 2632 δέ
2663 2581 3034 2648 ἀποτίθεσθαι,
3055 2584 3187 2654 μηδέ
3211 2584 3556 2655 θησαυρίζειν

1991 2673 2204 2736 ἑαυτοῖς
2235 2673 2438 2743 ἀγαθὸν
2457 2715 2471 2738 ,
2524 2678 2602 2739 εἰς
2633 2677 2864 2748 ἐσχάτην
2894 2679 3304 2748 κατενεχθέντες
3343 2683 3553 2746 πενίαν,

1990 2771 2227 2843 λήσομεν
2259 2772 2395 2842 πρὸς
2426 2773 2525 2843 τὴν
2549 2772 2812 2827 ἀθάνατον
2855 2774 2947 2828 τοῦ
2987 2775 3154 2844 πυρὸς
3192 2777 3417 2840 ἐαυτούς
3445 2795 3553 2832 πα-

1993 2868 2368 2939 ραπέμποντες
2414 2868 2652 2923 κόλασιν.
2695 2867 2814 2924 Τῶν
2839 2869 2934 2938 μὲν
2984 2866 3076 2924 οὖν
3109 2873 3402 2942 χρημάτων
3447 2874 3553 2926 ὑπὸ

1986 2965 2084 3036 τὴν
2110 2965 2183 3017 ἕω
2211 2965 2304 3017 τὸν
2347 2964 2504 3033 λόγον
2531 2969 2702 3019 ποιεῖν
2729 2965 3022 3037 εἰώθαμεν,
3051 2967 3158 3020 τῶν
3201 2967 3256 3020 δὲ
3300 2968 3553 3039 πράξεων

1989 3061 2126 3132 μετά
2179 3062 2240 3114 τὸ
2289 3063 2501 3115 δεῖπνον
2534 3064 2627 3115 καί
2661 3063 2759 3134 τὴν
2806 3063 3043 3134 ἑσπέραν
3075 3065 3262 3134 αὐτὴν,
3315 3067 3405 3118 ἐπὶ
3452 3067 3552 3135 τῆς

1985 3157 2170 3229 κλίνης
2203 3158 2476 3228 κείμενοι,
2506 3159 2718 3222 οὐδενὸς
2746 3159 3084 3229 ἐνοχλοῦντος
3108 3199 3122 3224 ,
3152 3161 3360 3222 οὐδενὸς
3392 3161 3552 3233 θορυ-

1984 3252 2234 3316 δοῦντος,
2269 3253 2378 3307 τῶν
2430 3253 2546 3324 μεθ’
2586 3253 2795 3326 ἡμέραν
2842 3257 2974 3325 ἡμῖν
3017 3257 3418 3326 πεπραγμένων
3457 3258 3551 3310 καὶ

1982 3349 2325 3418 λελεγμένων
2361 3349 2616 3404 ἁπάντων
2645 3349 2966 3421 ἀπαιτῶμεν
3008 3351 3105 3415 τὰς
3138 3351 3364 3416 εὐθύνας
3399 3354 3550 3423 ἡμᾶς

1981 3447 2206 3511 ἑαυτούς
2225 3462 2239 3477 ·
2267 3447 2368 3502 κᾶν
2400 3447 2597 3518 ἴδωμέν
2628 3466 2681 3501 τι
2708 3450 3114 3520 ἡμαρτημένον,
3138 3451 3455 3522 κολάσωμεν
3482 3452 3543 3506 τὸ

1982 3543 2252 3609 συνειδὸς,
2304 3543 2716 3614 ἐπιτιμήσωμεν
2762 3547 2827 3615 τῇ
2878 3545 3104 3617 διανοίᾳ,
3158 3545 3546 3617 καταειύξωμεν

1977 3640 2067 3694 τὸν
2117 3640 2378 3710 λογισμὸν
2423 3639 2563 3694 οὕτω
2595 3641 2877 3712 σφοδρῶς,
2913 3642 2990 3704 ὡς
3037 3643 3231 3712 μηκέτι
3278 3642 3544 3712 τολμῆσαι

1975 3735 2362 3798 διαναστάντας
2417 3737 2568 3806 ἡμᾶς
2618 3735 2753 3806 πρὸς
2809 3735 2871 3787 τὸ
2935 3736 3066 3788 αὐτὸ
3113 3735 3208 3806 τῆς
3269 3736 3545 3807 ἁμαρτίας

1975 3834 2202 3902 ἀγαγεῖν
2246 3832 2516 3905 βάραθρον
2559 3833 2659 3904 τῆς
2699 3835 2754 3886 ἐν
2797 3830 3006 3903 ἑσπέρᾳ.
3064 3832 3272 3902 πληγῆς
3329 3849 3543 3905 μεμνη-

1977 3930 2158 4000 μένον.

2041 4026 2102 4080 ε’.
2138 4025 2262 4078 Ὀτι
2289 4024 2397 4096 γάρ
2417 4015 2570 4088 οὗτος
2600 4026 2628 4078 6
2651 4022 2840 4094 καιρός
2859 4023 3289 4096 ἐπιτηδειότερος
3323 4024 3458 4094 πρὸς
3478 4026 3540 4078 τὸ

1969 4121 2208 4176 τοιοῦτον
2239 4121 2567 4191 λογοθέσιον,
2589 4121 2815 4175 ἄκουσον
2833 4119 2926 4172 τοῦ
2951 4121 3226 4190 προφήτου
3255 4121 3502 4186 λέγοντος
3519 4140 3532 4154 ο

1976 4217 2034 4270 Ἃ
2065 4216 2271 4286 λέγετε
2295 4217 2364 4269 ὲν
2389 4213 2515 4278 ταῖς
2542 4212 2810 4281 καρδίαις
2832 4213 3018 4282 ὑμῶν,
3037 4213 3132 4267 ἐπί
3158 4215 3286 4280 ταῖς
3310 4216 3536 4284 κοίταις

1969 4313 2133 4383 ὑμῶν
2160 4313 2551 4382 κατανύγητε.
2587 4311 2762 4364 Πολλὰ
2796 4311 2914 4381 μεθ’
2941 4311 3154 4383 ἡμέραν
3183 4314 3280 4383 οὐχ
3307 4314 3383 4377 ὡς
3414 4314 3538 4384 βου-τ

1969 4409 2170 4481 λόμεθα
2215 4409 2555 4480 πράττομεν·
2598 4408 2689 4460 καὶ
2713 4406 2854 4476 φίλοι
2881 4407 3259 4479 παροξύνουσι,
3313 4409 3406 4462 καὶ
3456 4412 3535 4463 oi-

1967 4505 2120 4568 κέται
2173 4503 2517 4574 ἐκθηριοῦσι,
2563 4503 2658 4556 καὶ
2717 4503 2852 4573 γυνὴ
2905 4504 3098 4570 λυπεῖ,
3167 4505 3262 4557 καὶ
3323 4506 3532 4558 παιδίον

1965 4583 2143 4672 όδυνᾷ,
2176 4602 2268 4654 καὶ
2287 4601 2441 4670 δχλος
2472 4600 2810 4670 πραγμάτων
2842 4599 3108 4670 βιωτικῶν
3137 4602 3231 4654 καὶ
3257 4603 3531 4672 δημοσίων

1965 4697 2339 4767 περιίσταται·
2377 4697 2470 4748 καὶ
2517 4695 2578 4747 οὐ
2625 4694 2898 4765 δυνάμεθα
2947 4696 3172 4750 συνιδεῖν
3215 4699 3358 4761 τότε,
3410 4701 3530 4752 οὐδὲ

1963 4793 2111 4856 ὅπως
2152 4791 2634 4861 ὐποσκελιζὸμεθα.
2684 4793 2906 4846 Πάντων
2950 4793 3007 4845 δὲ
3042 4793 3246 4847 τούτων
3287 4796 3529 4848 ἀπαλλα-

1962 4890 2150 4957 γέντες
2169 4929 2184 4952 ,
2213 4888 2306 4940 καὶ
2336 4887 2459 4939 καθ’
2493 4888 2716 4951 ἑαυτοὺς
2755 4889 3034 4958 γενόμενοι
3065 4890 3202 4943 κατὰ
3234 4891 3331 4962 τὴν
3366 4893 3526 4945 ἐσπέ-

1962 5003 2084 5057 ραν,
2117 4985 2211 5039 καὶ
2239 4984 2440 5054 πολλῆς
2471 4985 2832 5048 ἀπολαύοντες
2858 4987 3105 5056 ἡσυχίας,
3140 4990 3527 5060 συγκροτῶμεν

1959 5082 2051 5134 ἐπὶ
2093 5080 2192 5151 τῆς
2235 5079 2420 5150 κλίνης
2454 5081 2513 5133 τὸ
2555 5082 2922 5153 δικαστήριον,
2959 5085 3044 5136 ἵνα.
3076 5085 3166 5138 τὸν
3203 5087 3333 5141 Θεὸν
3367 5088 3524 5141 ἵλεων

1957 5179 2043 5232 διά
2071 5179 2171 5249 τῆς
2202 5177 2454 5249 τοιαύτης
2486 5179 2720 5250 κρίσεως
2752 5179 2982 5251 ἔχωμεν.
3012 5183 3109 5234 Ἂν
3145 5181 3200 5235 δὲ
3239 5183 3359 5236 καθ’
3394 5181 3522 5239 ἐκά-

1960 5288 2091 5341 στην
2121 5271 2335 5342 ἡμέραν
2370 5271 2790 5343 ἀμαρτάνωμεν,
2817 5273 2908 5326 καὶ
2939 5274 3187 5343 παίωμεν
3221 5274 3318 5344 τὴν
3344 5273 3520 5342 ψυχὴν

1956 5363 2053 5435 τὴν
2086 5365 2358 5434 ἡμετέραν
2379 5404 2394 5430 ,
2428 5363 2696 5434 μηδέποτε
2732 5364 2788 5417 δέ
2823 5363 3203 5434 αἰσθανώμεθα
3223 5405 3237 5429 ,
3270 5363 3518 5431 καθάπερ

1953 5455 2000 5508 οἰ
2049 5455 2241 5524 συνεχῆ
2302 5455 2591 5526 τραύματα
2639 5455 3032 5526 λαμϐάνοντες,
3083 5454 3198 5508 εἶτα
3248 5471 3518 5527 καταφρο-

1952 5546 2195 5608 νοῦντες,
2245 5547 2509 5615 πυρετοὺς
2561 5547 2654 5601 καὶ
2705 5547 2934 5601 θάνατον
2990 5548 3198 5608 ἑαυτοῖς
3247 5549 3516 5618 ἀφόρητον

1951 5637 2320 5692 ἐπισπῶνται·
2368 5637 2510 5692 οὕτω
2562 5637 2626 5706 δὴ
2669 5639 2762 5694 καὶ
2803 5639 2963 5706 ἡμεῖς
3003 5637 3066 5690 ἐκ
3109 5638 3207 5707 τῆς
3264 5639 3513 5710 συνεχοῦς
