4080 6196
493 281 590 338 661

491 393 694 462 ταύτης
728 389 1081 459 ἀναισθησίας
1113 390 1484 459 ἀπαραίτητον
1517 387 1878 459 ἐπισπώμεθα
1911 387 2062 460 [666]

489 473 780 545 τιμωρίαν.
817 466 946 525 Οἶδα
977 472 1056 524 ὅτι
1085 472 1316 540 φορτικά
1341 471 1411 523 τὰ
1445 470 1710 542 εἰρημένα
1732 511 1747 536 ,
1783 472 1898 525 ἀλλ’
1949 471 2062 542 ἔχει

489 558 625 612 πολὺ
675 557 734 610 τὸ
781 555 990 627 κέρδος.
1037 555 1281 626 ’Ήμερον
1328 553 1524 624 ἔχομεν
1583 555 1886 626 Δεσπότηψ
1939 571 2066 626 προ-

490 642 709 710 φάσεως
765 635 1118 692 ὲπιλαϐἐσθαι
1174 636 1421 706 βούλεται
1476 637 1673 707 μόνον,
1738 639 1832 690 καὶ
1884 639 2063 690 πᾶσαν

490 723 692 786 εὐθέως
742 719 1110 773 ἐπιδείκνυται
1165 720 1262 790 τὴν
1326 719 1758 792 φιλανθρωπίαν.
1829 721 1891 773 Εί
1953 720 2062 792 γάρ

491 803 894 876 ἁμαρτάνοντες
945 801 1039 856 καὶ
1076 801 1324 872 μένοντες
1369 802 1704 875 ἀτιμώρητοι
1757 803 1830 875 μὴ
1885 805 2062 872 ἐγινό-

494 887 629 956 μεθα
665 885 903 956 χείρους,
949 884 1050 940 κᾶν
1094 885 1304 956 ἀφῆκεν
1339 888 1471 956 ἡμῖν
1515 879 1614 956 τὴν
1647 885 1898 939 κόλασινο
1947 885 2062 939 ἀλλ’

489 965 597 1022 οἵδε
618 968 775 1022 τοῦτο
810 968 996 1037 σαφῶς
1017 1009 1035 1035 ,
1077 967 1158 1021 ὅτι
1187 969 1297 1022 τῶν
1329 969 1737 1041 ἁμαρτημάτων
1760 967 1937 1024 αὐτῶν
1961 971 2062 1023 οὐκ

491 1052 709 1104 ἔλαττον
737 1051 884 1122 ἡμᾶς
925 1051 985 1105 τὺ
1021 1052 1096 1122 μὴ
1139 1051 1462 1117 κολάζεσθαι
1498 1054 1909 1125 ἁμαρτάνοντας
1937 1053 2064 1124 βλά-

491 1151 636 1188 πτει.
681 1135 782 1188 Διά
831 1133 988 1188 τοῦτο
1036 1134 1308 1203 ἐπιτίθησι
1360 1135 1459 1206 τὴν
1507 1135 1798 1207 τιμωρίαν,
1842 1138 1901 1190 οὐ
1953 1135 2062 1190 τῶν

491 1217 832 1272 ἀπελθόντων
871 1217 1113 1270 ἀπαιτῶν
1139 1218 1316 1290 δίκην,
1356 1217 1490 1272 ἀλλὰ
1517 1219 1584 1272 τὰ
1615 1219 1875 1289 μέλλοντα
1917 1219 2062 1292 διορ-

493 1300 773 1368 θούμενος.
818 1301 929 1354 Καὶ
971 1302 1058 1354 ἵνα
1103 1302 1279 1374 μάθῃς
1323 1302 1405 1355 ὅτι
1453 1301 1610 1356 τοῦτό
1653 1304 1801 1356 ἐστιν
1839 1303 2058 1373 ἀληθὲς,

493 1383 722 1438 ἄκουσον
766 1385 820 1436 τί
865 1401 997 1454 φησι
1032 1383 1166 1456 πρὸς
1191 1385 1283 1436 τὸν
1311 1383 1549 1444 Μωῡσέα
1568 1399 1582 1415 ·
1612 1385 1787 1452 Ἄφες
1807 1401 1885 1453 με
1908 1385 2059 1448 rami

494 1465 782 1534 θυμωθεὶς
808 1467 1066 1534 ἐπιτρίψω
1085 1467 1505 1534 αὑτούς.”Αφες
1535 1483 1623 1536 με,
1640 1465 1844 1534 ἔλεγεν,
1859 1467 1956 1536 οὐχ
1979 1467 2060 1520 ὅτι

493 1549 732 1622 Μωῦσῆς
761 1547 921 1601 αὐτὸν
958 1551 1206 1618 κατεῖχεν
1227 1566 1240 1579 ·
1273 1547 1422 1601 οὐδὲν
1455 1545 1566 1618 γὰρ
1593 1545 1888 1616 ἐφθέγξατο
1926 1547 2062 1619 πρὸς

493 1633 672 1698 αὐτὸν,
706 1631 839 1686 ἀλλά
863 1635 988 1704 σιγῇ
1019 1633 1374 1704 παρειστήκει
1396 1649 1408 1662 ⁸
1440 1631 1573 1685 ἀλλὰ
1605 1631 1880 1700 πρόφασιν
1907 1631 2055 1701 αὐτῷ

492 1715 672 1768 δοῦναι
700 1715 1021 1787 βουλόμενος
1041 1715 1140 1784 τῆς
1163 1715 1304 1785 ὑπὲρ
1338 1714 1516 1768 αὐτῶν
1545 1715 1848 1786 ίκετηρίας.
1882 1715 2060 1768 Ἐπειο

494 1797 558 1868 δὴ
595 1798 704 1870 γάρ
737 1799 863 1865 ἄξια
893 1800 991 1870 μὲν
1020 1799 1292 1861 κολάσεως
1317 1799 1564 1868 ἥμαρτον
1591 1799 1810 1860 ἐκεῖνοι,
1847 1797 1940 1850 καὶ
1963 1813 2060 1849 κο-

492 1879 702 1942 λάσεως
733 1882 1130 1952 ἀπαραιτήτου,
1179 1880 1402 1934 κολάσαι
1436 1880 1492 1934 δὲ
1532 1879 1724 1943 αὐτοὺς
1770 1881 1868 1932 οὐκ
1916 1879 2062 1931 ἐϐού-

493 1963 636 2026 λετο,
655 1963 793 2016 ἀλλά
815 1963 1005 2033 φιλανθ
1014 1962 1588 2035 ρωπεύσασθαι,τοῦτο
1601 1962 1656 2015 δὲ
1677 1963 1872 2026 αὐτοὺς
1899 1963 2060 2034 ῥᾳθυ-

500 2045 760 2116 μοτέρους
778 2047 970 2109 ἐποίει,
993 2047 1276 2118 ἀμφότερα
1303 2045 1723 2109 κατεσκεύαζεν,
1760 2044 1898 2097 ὥστε
1923 2045 2059 2114 μήτε

496 2125 594 2198 τὴν
625 2129 896 2199 τιμωρίαν
915 2129 1295 2200 ἐπενεχθῆναι,
1329 2129 1466 2198 μήτε
1495 2129 1734 2191 ἐκείνους
1761 2127 2062 2198 ῥᾳθυμοτέ-

499 2226 624 2279 ρους
659 2211 724 2263 ὲκ
743 2212 841 2280 τῆς
871 2211 1246 2283 ἀτιμωρησίας
1279 2211 1551 2280 γενέσθαι.
1587 2210 1854 2281 μαθόντας
1885 2211 1966 2262 ὅτι
1997 2211 2058 2262 ού

495 2293 648 2364 παρὰ
668 2293 766 2363 τὴν
787 2294 990 2348 οἰκείαν
1027 2295 1202 2360 ἀξίαν,
1229 2293 1365 2348 ἀλλά
1385 2294 1533 2363 παρά
1551 2295 1652 2362 τὴν
1673 2293 1767 2346 τοῦ
1787 2293 2060 2356 Μωῦσέως

494 2377 829 2445 προστασίαν
860 2377 957 2448 τὴν
974 2378 1144 2448 ὀργὴν
1173 2377 1264 2430 τοῦ
1287 2377 1556 2430 Δεσπότου
1589 2377 1860 2446 διέφυγον.
1891 2376 2062 2428 Τοῦτο

497 2460 768 2530 καὶήμείς
795 2459 1052 2524 πολλάκις
1085 2459 1366 2529 ποιοῦμεν,
1396 2460 1487 2512 καὶ
1508 2459 1725 2520 οἰκέτας
1753 2459 1877 2523 ἀξια
1909 2457 2062 2512 κολά-

498 2551 634 2606 σεως
665 2543 1160 2614 πλημμελήσαντας
1183 2543 1306 2596 οὔτε
1335 2541 1556 2598 κολάσαι
1591 2539 2060 2612 βουλόμενοι,οῦτε

493 2623 587 2676 τοῦ
603 2626 665 2676 ἐκ
681 2625 779 2694 τῆς
795 2626 1066 2689 κολάσεως
1079 2625 1380 2692 ἀπαλλάξαι
1393 2625 1756 2694 φόϐου,φίλοις
1769 2624 2060 2694 κελεύομεν

493 2705 602 2758 τῶν
615 2707 897 2777 ἡμετέρων
915 2709 1112 2770 αὐτοὺς
1125 2707 1430 2779 ἐξαρπάσαι
1446 2708 1666 2778 χειρῶν,
1687 2707 1829 2760 ὥστε
1858 2706 2060 2760 καὶτὸν

495 2789 657 2857 φόϐον
683 2790 866 2853 αὐτοῖς
893 2789 1270 2861 ἐνακμάζοντα
1301 2791 1504 2862 μένειν,
1520 2790 1731 2854 καὶτὰς
1751 2791 1881 2860 παρ’
1902 2789 2060 2860 ἡμῶν

495 2872 707 2941 πληγάς
737 2873 1034 2942 διαφυγεῖν.
1087 2873 1256 2928 Τοῦτο
1297 2875 1390 2926 καὶ
1435 2875 1464 2927 6
1493 2873 1627 2936 Θεὸς
1665 2873 1888 2942 ἐποίησε
1909 2891 1922 2904 ·
1965 2873 2059 2926 καὶ

495 2957 580 3008 ὅτι
605 2956 750 3008 ἐστὶν
793 2956 1020 3026 ἀληθὲς,
1061 2958 1154 3012 ἀπ’
1199 2957 1378 3010 αὐτῶν
1421 2957 1529 3010 τῶν
1579 2957 1838 3028 ῥημάτων
1876 2956 2053 3027 δῆλον·

499 3041 682 3106 Ἄφες
703 3055 800 3106 με,
827 3040 980 3110 φησὶ,
1003 3039 1102 3093 καί
1129 3041 1434 3108 θυμωθείς.
1455 3041 1564 3094 Καὶ
1581 3037 1688 3110 μὴν
1716 3040 1842 3092 ὅταν
1877 3039 2058 3110 βουλο-

498 3120 690 3190 μένους
713 3123 1126 3192 τιμωρήσασθαι
1168 3122 1355 3192 μηδεὶς
1388 3124 1521 3193 ἁφῇ,
1559 3122 1677 3174 τότε
1708 3121 2054 3192 θυμούμεθα·

493 3203 652 3265 αὐτὸς
678 3203 734 3255 δὲ
754 3203 920 3272 λέγει,
952 3205 1120 3272 Ἄφες
1147 3221 1212 3271 με
1238 3205 1330 3257 καὶ
1347 3204 1758 3274 θυμωθήσομαι,
1779 3205 1866 3258 ἵνα
1884 3205 2059 3277 μάθῃς

493 3287 575 3339 ὃτι
606 3286 774 3356 θυμὸς
802 3291 860 3339 οὐ
891 3287 1059 3350 πάθος
1084 3287 1202 3340 ἐστὶ
1233 3290 1360 3358 περί
1379 3289 1532 3352 Θεὸν,
1557 3289 1670 3340 ἀλλ’
1699 3291 1731 3358 ὴ
1761 3287 1883 3342 καθ’
1903 3287 2061 3358 ἡμῶν

493 3371 752 3439 γινομένη
800 3371 1020 3433 κόλασις
1063 3371 1234 3441 ταύτῃ
1283 3371 1526 3424 καλεῖται
1581 3373 1646 3442 τῇ
1696 3371 2056 3443 προσηγορίᾳ.

496 3453 664 3505 Ὅταν
693 3447 788 3504 οὖν
822 3452 1059 3522 ἀκούσῃς
1091 3453 1183 3506 τοῦ
1225 3453 1502 3516 Μωῦσέως
1537 3453 1808 3522 λέγοντος,
1843 3457 1914 3508 El
1945 3455 2062 3522 μὲν

494 3533 656 3603 ἀφῇς
695 3535 899 3600 αὐτοῖς
925 3534 1036 3602 τὴν
1061 3535 1372 3603 ἁμαρτίαν,
1403 3535 1571 3604 ἄφες,
1607 3537 1712 3606 πρὸ
1735 3535 1828 3590 τοῦ
1871 3537 2058 3589 δούλου

492 3617 584 3670 τὸν
618 3617 892 3686 Δεσπότην
919 3617 1242 3687 ἐκπλάγηθι,
1273 3618 1356 3672 ὅτι
1391 3619 1551 3682 αὐτὸς
1579 3618 1728 3688 αὑτῷ
1755 3619 1854 3690 τῆς
1877 3619 2058 3688 φιλαν-

496 3699 740 3772 θρωπίας
766 3701 967 3772 ταύτης
999 3702 1238 3772 παρέσχε
1267 3701 1365 3764 τὰς
1393 3701 1664 3774 ἀφορμάς.
1697 3703 1810 3756 Οὐκ
1829 3703 2059 3757 ἐνταῦθα

491 3783 551 3839 δὲ
591 3783 750 3854 μόνον
782 3781 940 3837 τοῦτο
975 3784 1258 3856 ἐποίησεν,
1305 3783 1438 3838 ἀλλὰ
1467 3785 1560 3838 καὶ
1595 3785 1724 3856 πρὸς
1763 3785 1853 3838 τὸν
1897 3786 2058 3857 Ἰερε-

488 3939 1418 3972 W

1217 279 1274 332 S.
1310 275 1594 332 JOANNIS
1629 271 2110 332 CHRYSOSTOMI
2151 266 2469 327 ARCHIEP.
2517 263 3060 324 CONSTANTINOP.

3635 263 3740 318 663

2169 385 2318 457 μίαν,
2366 384 2458 438 καὶ
2517 383 2649 453 πρὸς
2687 379 2778 434 τὸν
2819 379 3074 448 Ἰεζεκιὴλ
3103 379 3162 429 τὺ
3212 375 3342 428 αὐτὸ
3379 374 3533 428 τοῦτό
3579 393 3738 446 φησι·

2165 467 2555 537 Περιδράμετε
2583 465 2681 518 καὶ
2705 463 2859 518 ἴδετε
2879 463 2948 515 ἐν
2969 462 3097 528 ταῖς
3122 459 3283 526 ὁδοῖς
3318 461 3739 530 Ἰερουσαλὴμ,

2163 554 2216 604 εί
2252 553 2382 606 ἔστι
2418 567 2508 616 τις
2540 547 2727 601 ποιῶν
2751 547 2930 616 κρίμα
2959 546 3056 598 καὶ
3097 544 3529 610 δικαιοσύνην·
3563 543 3740 611 ἵλεως

2162 635 2374 704 ἔσομαι
2403 633 2626 698 αὐτοῖς.
2670 627 2825 694 Εἶδες
2863 629 3305 699 φιλανθρωπίαν;
3339 627 3454 696 Τῆς
3487 626 3592 700 μὴν
3620 630 3740 692 ἐνὸς

2163 717 2366 788 ἀρετῆς
2395 717 2579 770 πολλοὶ
2599 713 3026 792 συναπολαύουσκι
3045 713 3140 765 καὶ
3163 711 3270 765 τῶν
3291 727 3427 782 πονη
3437 711 3564 792 ρῶν·
3595 717 3659 783 τῇ
3680 714 3740 766 δὲ

2161 801 2268 855 τῶν
2309 799 2520 853 πολλῶν
2564 797 2763 869 κακίᾳ,
2811 795 2916 851 κᾶν
2945 791 3024 859 εἷς
3067 797 3096 847 6
3142 791 3484 867 κατορθῶν
3517 795 3722 865 μεταξὺ

2161 885 2332 956 δήμου
2368 883 2588 948 πολλοῦ,
2615 883 2678 936 οὐ
2719 878 3214 951 συγκαταφέρεται·
3251 877 3364 932 ἀλλ’
3397 873 3478 942 είς
3514 881 3611 950 μὲν
3639 881 3739 934 ἄν-

2162 971 2378 1042 θρωπος
2445 969 2622 1041 ὀρθῶς
2681 967 2789 1032 ζῶν
2841 965 3012 1036 δῆμον
3075 961 3369 1034 ὁλόκληρον
3428 963 3740 1036 ἐξαρπάσαι

2160 1055 2439 1127 δυνήσεται
2473 1053 2572 1122 τῆς
2601 1052 2770 1124 όργῆς
2799 1049 2894 1103 τοῦ
2941 1046 3076 1102 Θεοῦ
3098 1087 3112 1110 ,
3156 1047 3308 1110 πόλις
3347 1045 3404 1098 δὲ
3441 1047 3739 1119 ὁλόκληρος

2161 1137 2527 1210 διεφθαρμένη
2558 1135 2692 1208 πρὸς
2725 1133 2823 1206 τὴν
2851 1132 3060 1187 οἰκείαν
3090 1131 3309 1184 κόλασιν
3343 1131 3435 1183 καὶ
3461 1131 3738 1201 τιμωρίαν

2162 1222 2568 1276 ἐπισπάσασθαι
2596 1221 2686 1274 τὸν
2715 1214 2774 1272 εὖ
2805 1218 3023 1289 βιοῦντα
3051 1216 3154 1270 καὶ
3185 1213 3434 1268 καθελεῖν
3472 1217 3530 1267 οὺ
3567 1215 3735 1286 δυνή-

2161 1323 2335 1362 σεται.
2373 1305 2484 1360 Καὶ
2523 1303 2682 1358 τοῦτο
2730 1301 2838 1356 ἀπὸ
2865 1299 2959 1353 τοῦ
2993 1299 3115 1352 Νῶε
3146 1297 3324 1368 δῆλον
3357 1298 3572 1351 πάντων
3601 1299 3736 1366 γοῦν

2161 1389 2363 1444 ἀπολλυ
2373 1389 2547 1460 μένων
2570 1386 2858 1450 διεσώζετο
2891 1385 3070 1456 μόνος·
3101 1383 3195 1436 καὶ
3211 1382 3318 1436 ἀπὸ
3345 1381 3434 1435 τοῦ
3456 1383 3738 1448 Μωῦσέως

2162 1471 2412 1542 φανερόν·
2469 1471 2626 1542 μόνος
2660 1469 2790 1538 γοῦν
2817 1467 3004 1538 ἴσχυσε
3043 1465 3212 1537 δῆμον
3245 1463 3496 1518 τοσοῦτον
3529 1483 3737 1538 παραι-

2161 1552 2449 1624 τήσασθαι.
2497 1551 2639 1620 Ἐγὼ
2667 1551 2723 1605 δὲ
2754 1549 2848 1604 καὶ
2879 1550 3067 1619 ἕτερον
3090 1545 3272 1618 μεῖζον
3297 1546 3406 1617 ἔχω
3425 1549 3522 1618 τῆς
3543 1549 3736 1616 φιλαν-

2161 1635 2407 1707 θρωπίας
2438 1635 2532 1688 τοῦ
2558 1633 2692 1688 Θεοῦ
2725 1634 2924 1704 δεῖγμα
2957 1633 3150 1684 εἰπεῖν.
3187 1631 3356 1684 Ὅταν
3375 1631 3484 1702 γάρ
3525 1631 3738 1696 ζῶντας

2161 1717 2481 1788 ἀνθρώπους
2506 1717 2600 1769 καὶ
2628 1716 2942 1787 παρρησίαν
2971 1714 3191 1784 ἔχοντας
3227 1714 3299 1783 μὴ
3335 1711 3470 1784 εῦρῃ
3501 1713 3736 1785 δυναμέ-

2161 1817 2285 1863 νους
2316 1798 2705 1869 ἐξαιτήσασθαι
2742 1799 2868 1862 τοὺς
2901 1797 3310 1868 ἡμαρτηκότας,
3357 1798 3450 1850 ἐπὶ
3494 1797 3622 1860 τοὺς
3650 1815 3735 1850 τε-

2158 1881 2522 1952 λευτήσαντας
2576 1879 2946 1950 καταφεύγει,
3004 1880 3098 1932 καὶ
3155 1879 3222 1932 δι’
3279 1879 3521 1944 ἐκείνους
3565 1882 3734 1951 φησὶν

2159 1965 2378 2034 ἀφιέναι
2401 1963 2468 2017 τά
2497 1965 2893 2035 ἁμαρτήματα,
2925 1962 3113 2034 ῶσπερ
3139 1959 3232 2016 οῦν
3269 1962 3347 2034 τῷ
3385 1963 3600 2034 Ἐζεκίᾳ
3625 1983 3734 2036 φη-

2161 2047 2268 2100 σίν-
2315 2045 2696 2116 ’Υπερασπιῶ
2723 2046 2835 2112 τῆς
2867 2047 3098 2110 πόλεως
3127 2045 3347 2114 ταύτης
3369 2045 3442 2099 δι’
3479 2047 3604 2116 ἐμὲ,
3633 2047 3736 2100 καὶ

2159 2129 2258 2185 διὰ
2276 2129 2459 2184 Δαυίδ
2485 2130 2591 2184 τόν
2615 2127 2797 2182 παῖδά
2811 2147 2950 2198 μου,
2978 2129 3084 2182 τὸν·
3109 2128 3224 2197 ἤδη
3246 2130 3734 2198 τετελευτηκότα.

2161 2213 2324 2267 Ταῦτ’
2361 2209 2452 2268 οὖν
2482 2213 2682 2276 εἰδότες
2715 2213 2798 2266 ὅτι
2827 2211 3004 2266 πάντα
3035 2214 3172 2265 κινεῖ
3201 2213 3296 2265 καὶ
3339 2211 3738 2282 πραγματεύεσν

2157 2313 2246 2350 ται
2275 2299 2303 2350 6
2329 2296 2482 2362 Θεὸς,
2515 2295 2656 2350 ὥστε
2685 2297 2833 2366 ἡμᾶς
2872 2287 3177 2362 ἀπαλλάξαι
3215 2295 3487 2360 κολάσεως
3517 2297 3612 2350 καὶ
3649 2316 3736 2350 τι-

2163 2379 2391 2450 μωρίας,
2414 2377 2609 2441 πολλάς
2628 2377 2954 2449 παρέχωμεν
2975 2377 3122 2446 αὐτῷ
3141 2377 3240 2440 τὰς
3259 2377 3732 2450 ἀφορμάς,ὲξομο-

2159 2461 2500 2531 λογούμενοι,
2565 2459 2974 2532 μετανοοῦντες,
3025 2460 3369 2531 δακρύοντες,
3421 2461 3732 2531 εὐχόμενοι,

2157 2547 2270 2607 τοῖς
2301 2543 2526 2614 πλησίον
2557 2543 2659 2614 τὴν
2706 2541 2876 2614 ὀργὴν
2927 2541 3216 2610 ἀφιέντες,
3269 2541 3367 2612 τὴν
3412 2543 3518 2595 τῶν
3561 2544 3736 2606 πέλας

2161 2626 2350 2680 πενίαν
2377 2624 2784 2696 διορθούμενοι,
2835 2626 2892 2677 ὲν
2931 2627 3048 2689 ταῖς
3089 2624 3276 2693 εὐχαῖς
3307 2626 3586 2694 νήφοντες,
3629 2643 3733 2678 τα-

2160 2707 2588 2778 πεινοφροσύνην
2638 2705 3104 2778 ἐπιδεικνύμενοι,
3153 2707 3264 2761 τῶν
3321 2709 3734 2780 ἁμαρτημάτων

2163 2792 2501 2864 μεμνημένοι
2531 2788 2790 2859 συνεχῶς.
3587 2779 3598 2794 ⁷

2235 2876 2308 2928 Οὐ
2345 2873 2452 2946 ’γὰρ
2481 2875 2640 2946 ἀρκεῖ
2660 2873 2721 2926 τὸ
2757 2875 2950 2938 είπεῖν,
2978 2874 3059 2926 ὅτι
3089 2873 3410 2946 ἁμαρτωλός
3437 2876 3568 2944 εἰμι,
3593 2875 3735 2930 ἀλλά

2163 2960 2243 3012 δεῖ
2266 2957 2361 3010 καὶ
2397 2957 2514 3010 κατ’
2554 2953 2690 3018 εἶδος
2720 2955 2897 3010 αὐτῶν
2923 2955 3231 3026 μεμνῆσθαι
3263 2957 3370 3010 τῶν
3399 2958 3734 3028 πλημμελη-

2169 3042 2372 3111 μάτων.
2425 3039 2692 3109 Καθάπερ
2738 3039 2848 3108 γάρ
2904 3037 3015 3109 πῦρ
3066 3039 3146 3101 είς
3195 3038 3434 3102 ἀκάνθας
3489 3041 3734 3109 ἐμπεσὸν

2163 3123 2413 3192 ἀφανίζει
2445 3121 2642 3194 ῥᾳδίως
2673 3120 2864 3184 αὑτὰς,
2892 3119 3034 3174 οὕτω
3063 3121 3157 3174 καὶ⁹
3189 3121 3446 3192 λογισμὸς
3491 3123 3732 3192 συνεχῶς

2163 3207 2292 3277 παρ’
2322 3204 2499 3276 ἐαυτῷ
2542 3203 2920 3275 περιστρέφων
2951 3203 3018 3256 τά
3047 3204 3557 3275 πεπλημμελημὲνα
3578 3245 3592 3270 ,
3631 3209 3735 3276 ρᾳ-

2160 3287 2287 3351 δίως
2315 3287 2453 3340 αὑτά
2483 3285 2741 3340 ἀπόλλυσι
2768 3285 2862 3338 καὶ
2886 3285 3161 3338 καταδύει.
3198 3285 3255 3338 ’0
3273 3287 3328 3338 δὲ
3351 3287 3482 3356 Θεὸς
3509 3289 3538 3339 6
3559 3288 3734 3358 ὑπερ-

2161 3371 2358 3425 ϐαίνων
2385 3369 2633 3441 ἀνομίας,
2663 3367 2892 3439 ἐξαίρων
2927 3369 3162 3432 ἀδικίας,
3189 3369 3286 3422 καὶ
3313 3369 3418 3423 τῶν
3445 3371 3734 3441 ἁμαρτιῶν

2159 3456 2308 3524 ἡμᾶς
2352 3453 2701 3520 ἀπαλλάξειε,
2747 3453 2840 3505 καὶ
2887 3453 2986 3522 τῆς
3027 3450 3301 3520 βασιλείας
3345 3452 3453 3506 τῶν
3486 3453 3732 3523 οὐρανῶν

2165 3535 2436 3602 ἀξιώσειε,
2471 3536 2652 3606 χάριτι
2677 3535 2773 3588 καὶ
2801 3534 3179 3604 φιλανθρωπίᾳ
3215 3533 3309 3587 τοῦ
3343 3536 3545 3605 Κυρίου
3575 3535 3734 3605 ἡμῶν

2180 3619 2352 3689 Ἰησοῦ
2387 3617 2642 3690 Χριστοῦ,
2675 3617 2740 3668 δι’
2786 3611 2846 3670 οὗ
2877 3617 2968 3668 καὶ
3012 3615 3129 3686 μεθ’
3159 3609 3220 3669 οῦ
3251 3617 3329 3686 τῷ
3365 3618 3538 3687 Πατρὶ
3565 3617 3693 3681 δόξα
3713 3661 3726 3684 ,

2168 3701 2283 3772 ἅμα
2312 3701 2389 3772 τῷ
2436 3704 2572 3772 ἁγίῳ
2601 3699 2900 3769 Πνεύματι,
2941 3699 3034 3752 νῦν
3077 3699 3172 3752 καὶ
3215 3699 3332 3766 ἀεὶ,
3362 3700 3452 3756 καὶ
3485 3701 3566 3762 είς
3601 3702 3729 3764 τοὺς

2167 3783 2369 3847 αίῶνας
2389 3785 2498 3838 τῶν
2525 3782 2753 3838 αἰώνων.
2791 3781 2985 3852 Ἀμήν.

2313 3944 2580 3954 w—

2581 3943 2676 3954 ..ιο-ι·

2261 3959 2698 3970 ο--ω--η--ι--υ--Α-φ

1935 4109 2170 4170 ΜΟΝΙΤ
2179 4111 2284 4170 UM

551 4295 702 4352 Hane
731 4297 1110 4353 brevissimam
1150 4299 1450 4365 homiliam,
1481 4316 1602 4354 cum
1634 4315 1740 4354 non
1789 4299 2132 4354 commodior
2159 4309 2410 4369 suppetat
2441 4301 2614 4364 locus,
2657 4301 3044 4369 subiungimus
3081 4301 3342 4368 humili-.13,
3379 4301 3472 4355 cui
3525 4301 3742 4370 titulus,

481 4407 604 4463 Non
655 4425 765 4462 esse
791 4410 861 4462 ad
899 4413 1129 4479 gratiam
1166 4409 1607 4476 concionaudum,
1643 4413 1832 4466 eodem
1883 4413 2097 4468 scilicet
2129 4413 2259 4477 situ,
2289 4429 2398 4482 quo
2451 4415 2504 4466 in
2539 4414 2777 4468 editione
2809 4413 3100 4469 Frontonis
3123 4413 3330 4469 'Ducai.
3367 4413 3734 4484 Suspicamur

479 4527 700 4598 quidam
735 4525 836 4580 viri
859 4525 1025 4590 docti,
1061 4535 1172 4581 lum
1197 4543 1266 4584 ex
1291 4529 1573 4594 brevitate,
1611 4538 1726 4584 tum
1751 4547 1816 4584 ex
1843 4530 2092 4585 ordiendi
2117 4531 2301 4594 modo,
2333 4546 2452 4584 eam
2479 4531 2634 4584 initio
2663 4545 2786 4585 esse
2811 4530 3079 4584 mutilam.
3117 4529 3186 4582 Λι
3219 4543 3284 4582 ex
3315 4527 3580 4582 brevitate
3609 4527 3736 4596 qui-

478 4640 600 4692 dem
638 4635 774 4690 nihil
805 4635 1006 4692 inferre
1039 4651 1352 4707 possumus,
1384 4640 1822 4711 quandoquidem
1858 4657 1925 4694 ex
1951 4642 2305 4697 coneionibus
2337 4642 2676 4712 panegyricis
2703 4643 2760 4697 in
2815 4642 3046 4698 Sanclos
3083 4641 3204 4696 aliae
3242 4639 3472 4710 proferri
3503 4649 3742 4708 possunt

483 4755 584 4810 bac
619 4755 925 4822 breviores,
960 4771 1082 4826 quae
1127 4765 1302 4812 tamen
1335 4766 1464 4812 sunt
1499 4757 1754 4812 omnibus
1773 4765 1826 4811 et
1865 4759 2108 4815 numeris
2137 4769 2191 4814 et
2221 4759 2468 4828 partibus
2499 4759 2616 4814 suis
2643 4758 2928 4814 absolutae.
2963 4757 3040 4811 Ex
3067 4757 3314 4812 ordiendi
3345 4763 3527 4812 autem
3569 4755 3742 4810 modo

485 4885 592 4924 non
623 4869 792 4938 liquet
817 4868 952 4924 mihi
983 4885 1052 4924 an
1095 4869 1276 4940 aliqua
1303 4869 1484 4926 desint
1527 4870 1706 4926 initio.
1744 4869 1812 4926 Ut
1843 4887 1974 4927 vero
2001 4881 2169 4941 patet,
2211 4873 2326 4927 Ιηοο
2349 4871 2570 4926 humilia
2605 4873 2658 4926 in
2708 4887 2839 4942 agro
2877 4871 3222 4927 Antiocbeno
3251 4871 3436 4927 babila
3486 4877 3590 4936 cst,
3630 4887 3744 4940 quo

510 5009 1864 5048 .-.........-..--.-....-ι.---.--..

1469 5195 1640 5280 ΕΙΣ
1715 5195 2279 5280 ΜΛΡΤΥΡΑΣ
2347 5195 2766 5282 ΟΜΙΛΙΑ.

2099 5427 2162 5442 ﬂ

567 5561 630 5615 Δί
656 5559 766 5615 τῶν
809 5561 1100 5635 μαρτύρων
1139 5561 1321 5634 ἑορταὶ
1365 5565 1462 5618 οὐκ
1505 5565 1560 5618 ὲν
1593 5568 1658 5634 τῇ
1691 5563 1920 5634 περιόδῳ
1947 5563 2050 5617 τῶν
2160 5581 2266 5619 των
2297 5566 2584 5635 κρίνονται.
2636 5565 2760 5620 Οἷόν
2815 5583 2866 5618 τι
2901 5565 3064 5633 λέγω·
3121 5567 3378 5637 ἐμιμήσω
3423 5567 3720 5640 μάρτυρας

493 5645 715 5716 ἡμερῶν
748 5647 926 5714 μόνον,
973 5645 1108 5700 ἀλλὰ
1149 5647 1240 5700 καὶ
1283 5649 1346 5719 τῇ
1389 5648 1579 5720 γνώμῃ
1609 5649 1712 5705 τᾶν
1745 5648 2052 5703 ἐπιτελῡύνε
2165 5649 2438 5718 ἐζήλωσας
2481 5649 2644 5704 αὐτοῦ
2681 5650 2776 5720 τὴν
2817 5650 3044 5720 άρετήνς
3087 5652 3204 5702 κατ’
3241 5651 3382 5720 ἴχνος
3425 5651 3587 5706 αὑτοῦ
3625 5653 3724 5721 τῆς
