4080 6196
285 273 384 330 ϐϐὶ

280 366 612 421 Clementem
641 359 920 416 Dominum
948 358 1203 414 habemus
1237 376 1248 411 :
1279 355 1612 412 occasionem
1658 365 1860 411 tantum

280 453 521 524 arripere
570 451 709 516 vult,
735 461 789 505 et
814 464 1027 506 omnem
1076 447 1350 532 confestim
1380 447 1596 504 exhibet
1621 446 1862 501 humaui-

280 553 464 600 tatem.
495 542 552 600 Si
583 542 724 598 enim
749 555 869 596 cum
896 555 1175 610 peccamus
1205 549 1257 594 et
1286 539 1530 609 impuniti
1566 554 1860 603 manemus,

278 635 578 692 deteriores
601 648 707 689 non
733 633 1001 695 fieremus,
1030 632 1216 688 saltem
1246 631 1400 686 nobis
1426 645 1636 701 pinnam
1677 629 1863 685 remit-

280 735 449 793 teret;
481 724 574 781 sed
603 725 705 780 hoc
733 724 898 794 probe
937 723 1102 791 novit,
1134 737 1240 778 non
1285 722 1459 777 minus
1503 720 1683 776 damni
1713 719 1868 774 nobis

280 825 620 886 peccatorum
647 815 1032 886 impunitatem,
1056 828 1212 885 quam
1252 814 1474 883 ipsamet
1502 810 1693 866 afferre
1735 824 1862 880 pec-

284 917 416 962 cata.
448 907 740 977 Propterea
784 905 1098 977 supplicium
1139 903 1316 967 infert,
1349 918 1455 958 non
1484 909 1542 957 ut
1566 901 1861 970 praeterito-

280 1013 396 1052 rum
422 1013 609 1070 ptenas
633 997 831 1067 exigat,
862 995 958 1052 sed
985 996 1111 1052 utin
1137 996 1373 1052 futurum
1401 991 1668 1047 emendet.
1693 991 1866 1060 Atque

282 1095 336 1142 ut
369 1087 471 1143 hoc
514 1102 702 1143 verum
749 1101 870 1142 esse
910 1086 1144 1151 noveris,
1194 1077 1315 1140 audi
1354 1082 1480 1154 quid
1527 1081 1594 1136 ad
1631 1081 1864 1151 Moysem

284 1177 428 1232 dicat
475 1177 617 1232 Deus
644 1195 658 1231 :
687 1176 900 1230 Dimitte
923 1193 1021 1243 me,
1049 1187 1093 1230 et
1121 1175 1410 1245 indignatus
1438 1174 1516 1227 ira
1548 1181 1758 1226 atteram
1783 1187 1866 1224 eos

287 1265 480 1340 (Exod.
506 1267 731 1338 52.10).
765 1267 979 1324 Dimitte
1007 1281 1115 1329 me,
1143 1265 1371 1329 dicebat,
1405 1278 1510 1318 non
1559 1261 1699 1332 quod
1742 1275 1866 1315 eum

283 1356 492 1428 Moyses
519 1357 811 1413 retineret:
841 1357 968 1411 nihil
995 1356 1138 1411 enim
1161 1355 1225 1410 ad
1254 1357 1426 1424 ipsum
1452 1353 1698 1424 loquutus
1728 1360 1862 1418 erat,

285 1445 377 1502 sed
426 1447 618 1501 tacitus
667 1460 846 1502 coram
868 1457 934 1498 eo
957 1445 1163 1509 stabat;
1209 1459 1393 1500 verum
1437 1443 1767 1498 occasionem
1814 1441 1866 1496 ei

283 1535 524 1606 praebere
567 1535 780 1592 volebat
823 1548 920 1605 pro
961 1535 1064 1589 illis
1109 1533 1316 1592 orandi.
1359 1532 1490 1586 Nam
1516 1532 1761 1604 quoniam
1786 1530 1867 1587 illi

283 1626 546 1696 supplicio
589 1625 748 1697 digna
787 1634 999 1696 peccata
1045 1625 1458 1692 commiserant,
1509 1635 1564 1682 et
1607 1625 1866 1696 supplicio

283 1716 596 1783 inevitabili,
625 1731 725 1774 nec
755 1724 930 1771 tamen
961 1716 1080 1770 illos
1112 1715 1321 1771 volebat
1343 1715 1545 1786 punire,
1565 1716 1660 1772 sed
1679 1715 1868 1771 huma~

284 1805 504 1861 nitatem
535 1805 588 1860 in
617 1819 712 1866 eos
737 1819 1005 1873 exercere,
1026 1804 1127 1860 hoc
1151 1820 1279 1861 vero
1304 1805 1576 1876 segniores
1602 1807 1720 1861 illos
1741 1805 1866 1862 red-

284 1894 444 1952 debat
473 1912 487 1950 :
520 1904 804 1966 utrumque
831 1894 1134 1966 praestabat,
1157 1904 1216 1950 ut
1255 1910 1427 1966 neque
1451 1895 1763 1966 supplicium
1787 1897 1868 1951 in—

285 1985 531 2055 ferretur,
553 2002 649 2043 nec
671 1987 961 2043 deteriores
994 1987 1304 2058 impunitate
1332 1987 1408 2042 illi
1424 1987 1629 2054 ﬁerent,
1649 2003 1768 2044 cum
1787 1988 1869 2043 in-

285 2077 602 2148 telligerent,
651 2093 712 2135 se
745 2095 851 2134 non
893 2094 990 2134 suo
1032 2079 1242 2148 merito,
1273 2079 1369 2135 sed
1418 2088 1632 2151 propter
1670 2080 1866 2153 Moysis

282 2169 637 2238 patrocinium
685 2168 818 2230 iram
864 2169 1073 2226 Domini
1116 2171 1362 2227 evitasse.
1406 2171 1520 2228 Hoc
1565 2187 1665 2227 nos
1707 2173 1867 2230 etiam

282 2273 655 2327 saepenumero
681 2260 922 2326 facimus,
939 2259 1064 2317 dum
1091 2274 1275 2316 servos
1289 2262 1378 2333 qui
1401 2262 1868 2320 animadversione

283 2347 437 2419 digna
483 2349 674 2405 delicta
714 2353 1098 2420 commiserint,
1148 2367 1318 2423 neque
1359 2354 1546 2424 punire
1590 2354 1865 2424 volumus,

285 2453 455 2510 neque
490 2455 766 2510 pinnarum
793 2450 935 2498 metu
966 2443 1213 2512 liberare,
1240 2445 1424 2499 amicis
1449 2445 1790 2515 injungimus,
1810 2455 1868 2501 ut

283 2545 314 2585 e
340 2531 587 2588 manibus
628 2533 825 2588 nostris
871 2548 967 2589 eos
1013 2534 1261 2606 eripiant,
1304 2545 1364 2590 ut
1409 2543 1466 2592 et
1506 2544 1679 2592 metus
1707 2537 1758 2592 in
1789 2539 1868 2594 eis

283 2636 434 2692 teque
461 2623 750 2678 vehemens
789 2633 1020 2691 maneat,
1053 2635 1107 2680 et
1125 2627 1305 2696 plagas
1332 2641 1364 2681 a
1389 2626 1542 2681 nobis
1569 2627 1868 2684 inferendas

282 2715 551 2786 effugiant.
582 2716 711 2772 Tale
737 2717 863 2788 quid
903 2719 1061 2774 etiam
1089 2719 1228 2773 Deus
1272 2719 1518 2789 praestitit
1545 2735 1559 2772 :
1588 2720 1748 2789 idque
1772 2735 1866 2776 ve-

283 2822 400 2861 rum
429 2821 570 2874 esse,
591 2808 758 2878 ipsius
785 2816 992 2863 constat
1017 2824 1082 2863 ex
1110 2809 1308 2874 verbis,
1327 2807 1534 2862 Dimitte
1559 2825 1656 2877 me,
1677 2809 1866 2878 inquit,

284 2909 326 2952 et
355 2899 650 2970 indignatus
673 2901 772 2954 ira.
806 2900 965 2969 Atqui
992 2915 1088 2956 nos
1114 2915 1233 2956 cum
1262 2914 1447 2970 poenas
1480 2914 1692 2956 sumere
1719 2901 1869 2956 volu-

286 3005 422 3054 mus,
453 2999 507 3046 et
533 3005 690 3046 nemo
725 2991 1000 3060 permittit,
1031 3000 1140 3046 tum
1167 2991 1428 3061 indignari
1456 2991 1721 3056 solemus;
1755 2990 1868 3061 ipse

285 3095 410 3134 vero
461 3079 610 3146 dicit,
639 3080 874 3146 Dimitte,
903 3089 957 3136 et
985 3081 1299 3151 indignabor
1342 3081 1460 3136 ira‘:
1490 3087 1548 3135 ut
1577 3080 1863 3150 intelligas,

286 3170 413 3223 iram
442 3169 495 3223 in
514 3170 625 3224 Deo
653 3170 1102 3241 perturbationem
1124 3185 1228 3225 non
1252 3186 1389 3234 esse,
1415 3170 1508 3225 scd
1529 3171 1864 3240 supplicium,

285 3273 386 3327 quo
415 3273 514 3314 nos
538 3259 722 3326 afﬁcit,
757 3263 854 3315 hac
880 3261 1234 3330 appellatione
1253 3260 1540 3330 designari.
1557 3258 1689 3316 Cum
1710 3260 1869 3330 igitur

285 3349 518 3421 Moysem
535 3351 801 3406 dicentem
843 3351 1111 3407 audiveris
1151 3368 1166 3405 :
1207 3351 1271 3408 Si
1312 3352 1512 3422 quidem
1552 3351 1760 3405 remittis
1797 3352 1867 3405 eis

285 3451 560 3509 peccatum,
583 3443 777 3496 remitte
805 3441 998 3514 (Exod.
1022 3443 1111 3498 32.
1133 3442 1222 3512 '51)
1247 3459 1261 3496 :
1282 3443 1429 3514 prius
1448 3458 1604 3514 quam
1633 3456 1867 3508 servum,

289 3530 572 3586 Dominum
599 3532 818 3599 mirare,
843 3533 984 3604 quod
1009 3533 1166 3610 hujus
1195 3534 1309 3606 ipse
1332 3535 1667 3604 benignitatis
1708 3547 1866 3589 occa-

287 3619 489 3674 sionem
541 3621 620 3674 illi
663 3623 982 3691 praebuerit.
1029 3623 1210 3693 Neque
1254 3638 1381 3679 vero
1421 3633 1624 3679 tantum
1666 3623 1720 3679 id
1766 3623 1868 3679 hoc

290 3708 402 3762 loco
446 3708 592 3775 fecit,
622 3711 715 3766 sed
741 3722 792 3766 ct
817 3713 884 3766 ad
913 3713 1197 3769 Jcremiam
1218 3725 1273 3769 et
1312 3715 1379 3769 ad
1417 3714 1749 3770 Ezechielem
1783 3715 1864 3769 id-

1462 264 1735 324 llOMILl'A
1775 265 1838 320 lN
1880 267 1968 320 MA
1981 267 2274 324 RTYRBS.

3443 278 3546 332 66?.

1973 357 2140 427 ipsum
2166 359 2395 427 loquitur
2424 377 2435 412 ε
2462 359 2867 425 Circumcurrite,
2903 371 2946 415 et
2973 363 3129 416 videte
3157 363 3205 415 in
3237 365 3326 417 viis
3347 364 3549 420 Jerusa-

1970 448 2086 514 lem,
2120 450 2162 503 si
2189 459 2262 504 est
2286 451 2471 521 aliquis
2515 451 2701 522 faciens
2732 453 2975 522 iudicium
3001 464 3047 506 et
3065 455 3339 523 justitiam,
3371 465 3414 509 et
3437 473 3556 524 pro-

1971 539 2126 610 pitius
2164 556 2248 594 ero
2290 541 2335 594 ei
2387 540 2518 610 (Jer.
2550 542 2603 597 5.
2634 542 2708 612 l).
2745 540 2901 596 Vides
2945 542 3356 612 benignitatem?
3390 545 3555 600 Unius

1970 629 2162 684 virtute
2205 631 2354 686 multi
2403 633 2560 686 etiam
2604 634 2747 702 pravi
2802 634 2956 687 simul
3003 633 3248 689 fruuntur
3277 653 3290 688 :
3318 643 3372 690 at
3399 637 3444 691 si
3471 639 3554 691 vel

1969 737 2106 776 unus
2129 723 2289 778 fuerit
2329 724 2521 779 virtute
2564 725 2813 794 prmditus
2858 740 2976 778 cum
3027 740 3311 779 numeroso
3356 725 3555 795 populo

1973 812 2188 878 mixtus,
2219 828 2325 867 non
2349 813 2609 883 abripitur
2630 813 2817 880 simul;
2846 813 2936 869 sed
2970 814 3362 883 homoquidem
3388 830 3546 879 unus,

1973 906 2234 982 quirecte
2263 907 2422 973 vivat,
2441 906 2701 976 integrum
2735 908 2980 976 populum
3009 908 3212 977 eripere
3239 907 3434 976 poterit
3455 907 3548 962 irte

1973 995 2187 1061 divinze,
2215 996 2307 1050 sed
2335 995 2536 1066 integra
2567 997 2751 1050 civitas
2796 996 3077 1065 depravata
3118 996 3384 1051 hominem
3431 997 3554 1051 vita:

1969 1086 2147 1155 proba:
2167 1086 2232 1140 ad
2261 1087 2564 1141 societatem
2591 1101 2760 1155 poena:
2780 1101 2842 1141 ac
2861 1087 3100 1155 supplicii
3130 1088 3212 1142 sui
3242 1087 3550 1156 pertrahere

1970 1191 2074 1230 non
2119 1178 2332 1244 poterit,
2363 1191 2425 1231 ac
2470 1177 2630 1231 simul
2673 1177 2918 1246 perdere.
2967 1179 3142 1246 Atque
3187 1178 3288 1231 hoc
3331 1194 3398 1231 ex
3438 1177 3550 1231 Noe

1969 1265 2133 1336 liquet
2161 1282 2174 1319 :
2203 1267 2294 1336 qui
2323 1265 2666 1335 pereuntibus
2695 1266 2898 1320 cunctis
2939 1265 3083 1320 solus
3129 1267 3310 1320 salvus
3349 1266 3550 1329 evasit;

1969 1367 2126 1429 atque
2149 1374 2216 1414 ex
2243 1359 2357 1428 ipso
2382 1359 2562 1429 Moyse
2590 1351 2861 1429 patet,qui
2882 1357 3025 1414 solus
3047 1358 3257 1412 veniam
3284 1366 3428 1410 tanto
3455 1371 3555 1426 po-

1969 1449 2095 1518 pulo
2137 1449 2302 1503 valuit
2350 1449 2654 1518 impetrare.
2704 1449 2814 1518 Ego
2862 1463 2989 1503 vero
3043 1462 3260 1516 possum
3304 1457 3360 1502 et
3407 1446 3552 1500 aliud

1970 1538 2136 1593 multo
2166 1538 2334 1608 majus
2376 1538 2571 1593 divina:
2617 1538 2956 1608 benignitatis
2997 1538 3247 1592 indicium
3289 1538 3550 1607 proferre.

1971 1630 2105 1685 Cum
2131 1630 2271 1684 enim
2305 1631 2547 1684 homines
2575 1629 2831 1695 viventes,
2861 1640 2913 1684 et
2939 1630 3027 1698 qui
3049 1630 3216 1699 gratia
3261 1630 3470 1683 valeant
3489 1643 3552 1682 ac

1972 1721 2181 1787 ﬁducia,
2213 1736 2318 1776 non
2348 1722 2564 1784 invenit,
2595 1722 2682 1791 qui
2705 1721 2906 1790 peccati
2937 1734 3056 1775 reos
3095 1720 3303 1790 possint
3343 1719 3551 1788 pericu-

1973 1812 2037 1867 lis
2066 1812 2312 1876 liberare,
2343 1812 2408 1866 ad
2433 1812 2537 1866 vita
2563 1813 2773 1866 functos
2800 1811 3053 1890 confugit,
3085 1819 3140 1865 et
3168 1818 3386 1880 propter
3429 1810 3549 1862 illos

1971 1902 2044 1955 ait
2071 1916 2128 1957 se
2167 1901 2358 1956 delicta
2403 1902 2687 1967 dimittere,
2733 1900 3177 1970 quemadmodum
3214 1909 3273 1956 et
3311 1900 3552 1955 Ezechia:

1970 1993 2105 2047 dixit
2135 2010 2148 2046 :
2181 1993 2451 2064 Protegam
2495 1993 2666 2047 urbem
2702 1993 2851 2046 istam
2895 2003 3097 2062 propter
3137 2008 3236 2057 me,
3269 2000 3316 2044 et
3344 2000 3548 2060 propter

1970 2082 2136 2138 David
2175 2100 2373 2138 servum
2401 2099 2565 2137 meum
2595 2083 2669 2154 (4.
2696 2082 2822 2153 Reg.
2839 2082 2930 2137 20.
2963 2082 3042 2152 6),
3067 2081 3156 2152 qui
3177 2081 3287 2151 jam
3312 2090 3552 2135 mortuus

1969 2183 2102 2232 erat.
2133 2175 2266 2230 Cum
2294 2175 2452 2245 igitur
2471 2175 2584 2230 hcce
2625 2174 2777 2230 nobis
2799 2173 3068 2244 explorata
3090 2173 3215 2238 sint,
3240 2172 3406 2226 Deum
3435 2185 3552 2226 om-

1969 2268 2057 2322 nia
2081 2282 2297 2322 movere
2319 2282 2383 2322 ae
2410 2267 2603 2333 moliri,
2638 2277 2693 2321 ut
2719 2280 2816 2321 nos
2840 2265 3014 2335 poenis
3037 2279 3100 2320 ac
3127 2263 3386 2333 supplicio
3417 2262 3547 2316 libe-

1969 2366 2072 2422 ret,
2123 2358 2317 2413 multas
2359 2358 2666 2414 occasiones
2710 2357 2784 2411 illi
2822 2356 3171 2426 prtebeamus,
3219 2355 3553 2420 confitentes,

1969 2450 2334 2519 paenitentiam
2377 2461 2616 2519 agentes,
2668 2448 2928 2518 lacrymas
2969 2445 3284 2511 fundentes,
3313 2454 3544 2506 orantes,

1970 2541 2101 2596 iram
2132 2540 2384 2610 proximis
2421 2539 2766 2605 dimittentes,
2795 2539 3216 2608 propinquorum
3262 2542 3552 2605 egestatem

1971 2630 2344 2696 sublevantes,
2379 2628 2434 2684 in
2477 2628 2803 2684 orationibus
2847 2627 3126 2698 vigilantes
3148 2667 3162 2690 ,
3198 2625 3548 2679 humilitatem

1971 2723 2301 2787 exhibentes,
2326 2730 2658 2791 peccatorum
2686 2718 2898 2775 assidue
2924 2717 3282 2773 recordantes.

2044 2812 2264 2867 Peccata
2303 2811 2594 2880 singulatim
2617 2807 2968 2877 exprimenda.
2989 2837 3064 2846 —
3086 2806 3201 2870 Non
3229 2806 3369 2860 enim
3397 2802 3545 2858 suffi-

1977 2905 2052 2958 cit
2079 2902 2276 2964 dicere,
2307 2901 2560 2957 Peccalor
2585 2915 2724 2965 sum,
2751 2898 2847 2954 sed
2865 2906 2920 2953 et
2942 2897 3162 2967 singulm
3182 2905 3304 2950 sunt
3332 2895 3556 2952 delicto-

1976 3007 2094 3047 rum
2125 2991 2332 3062 species
2373 2989 2749 3060 cxprimendm.
2800 2987 2865 3044 Ut
2891 2987 3032 3043 enim
3059 2987 3105 3048 si
3134 2985 3189 3040 in
3212 2985 3390 3054 Spinas
3416 2984 3553 3054 ignis

1973 3082 2241 3149 inciderit,
2273 3080 2428 3136 facile
2457 3080 2574 3135 illas
2591 3079 2894 3136 consumit:
2925 3079 3003 3133 sic
3027 3077 3188 3134 etiam
3233 3090 3386 3134 mens
3433 3091 3553 3145 qua:

1972 3175 2163 3231 delicta
2183 3189 2277 3230 sua
2299 3174 2606 3243 frequenter
2625 3172 2767 3240 apud
2796 3186 2855 3232 se
2872 3178 3067 3236 versat,
3094 3169 3250 3224 facile
3272 3169 3358 3222 illa
3379 3167 3552 3237 perdit

1971 3281 2036 3322 ac
2062 3265 2343 3335 demergit,
2372 3264 2510 3319 Deus
2540 3271 2716 3318 autem
2757 3262 2846 3332 qui
2878 3259 3202 3317 transcendit
3225 3259 3548 3329 iniquitates.

1971 3365 2027 3412 et
2042 3357 2210 3411 aufert
2228 3355 2529 3424 injustitias,
2558 3368 2657 3409 nos
2674 3361 2729 3408 et
2757 3367 2786 3405 a
2809 3352 3043 3422 peccatis
3071 3351 3279 3415 liberet,
3309 3357 3365 3405 et
3393 3348 3552 3404 θεειο-

1972 3463 2092 3502 rum
2120 3461 2284 3517 rcgno
2309 3446 2493 3512 donet,
2522 3445 2689 3514 gratia
2713 3453 2767 3499 et
2794 3443 3120 3512 benignitate
3149 3441 3358 3496 Domini
3383 3440 3551 3496 nostri

1979 3537 2106 3593 Jesu
2135 3535 2352 3598 Christi,
2385 3549 2479 3604 per
2503 3549 2660 3602 quem
2689 3541 2744 3588 et
2780 3547 2900 3588 cum
2923 3547 3026 3602 quo
3047 3531 3192 3586 Patri
3233 3528 3420 3599 gloria,
3448 3541 3552 3580 una

1977 3641 2098 3682 cum
2125 3625 2321 3695 Spiritu
2347 3631 2552 3688 sancto,
2581 3638 2719 3678 nunc
2741 3631 2797 3678 et
2821 3637 3052 3691 semper,
3078 3629 3132 3676 et
3156 3619 3209 3675 in
3230 3617 3420 3674 saecula
3445 3629 3549 3670 sre-

1977 3715 2239 3770 culorum.
2263 3716 2453 3796 Amen.

296 3867 3514 3908 W

1317 4060 1420 4119 AD
1467 4059 1899 4119 CONCIONEM
1948 4059 2027 4118 IN
2072 4059 2507 4120 MARTYRES.

285 4272 622 4330 conﬂuebant
658 4287 726 4327 ex
759 4271 977 4331 civitate
1005 4272 1196 4338 multi;
1239 4272 1334 4328 sed
1385 4279 1674 4342 postquam
1719 4278 1772 4325 et
1802 4271 2008 4326 cultum
2045 4271 2381 4342 martyribus
2411 4270 2797 4336 exhibuerant,
2833 4281 2887 4328 et
2915 4273 3208 4329 conciones
3237 4274 3543 4342 audierant,

283 4387 350 4443 sd
378 4388 606 4460 popinas
631 4396 686 4443 et
723 4387 1160 4457 compotationes
1190 4387 1552 4445 divertebant.
1588 4387 1706 4455 Qua
1745 4387 1814 4444 de
1854 4402 1912 4444 re
1937 4389 1991 4443 in
2030 4403 2125 4444 eos
2167 4388 2369 4444 acriter
2412 4389 2695 4446 invehitur
2723 4400 2951 4447 sanctus
2996 4389 3208 4445 doctor.
3245 4387 3544 4459 Perpende,

284 4503 478 4574 inquit,
507 4519 668 4572 quam
689 4504 972 4558 ridiculum
1001 4507 1091 4572 sit,
1121 4514 1239 4574 post
1262 4505 1525 4574 ejusmodi
1553 4514 1885 4572 conventum,
1911 4515 2028 4574 post
2060 4505 2291 4578 vigilias,
2324 4515 2439 4577 post
2463 4525 2745 4563 sacrarum
2773 4508 3092 4564 auditionem
3121 4506 3544 4576 Scripturarum,

280 4632 395 4690 post
424 4621 724 4680 divinorum
760 4627 1222 4697 participationem
1247 4628 1639 4699 mysteriorum,
1676 4636 1725 4682 et
1749 4636 1866 4698 post
1893 4630 2228 4697 spiritualem
2259 4630 2621 4702 largitionem,
2645 4631 2815 4686 uirum
2846 4640 2940 4685 aut
2963 4630 3238 4684 mulierem
3272 4639 3407 4692 totos
3435 4627 3547 4684 dies

281 4737 336 4791 in
369 4736 577 4805 popinis
613 4740 964 4811 transigentes
995 4743 1181 4797 videri.

353 4852 734 4922 interpretatio
760 4852 950 4910 Latina
984 4865 1068 4912 est
1101 4854 1394 4912 Frontonis
1429 4857 1632 4913 Ducaei.

1191 5268 1306 5340 IN
1366 5263 1956 5338 MABTYRES
2004 5261 2468 5346 HOMILIA
2515 5246 2624 5334 (α).

1673 5405 1917 5447 -σ-θο

324 5523 577 5595 Martyres
615 5539 725 5577 aere
749 5525 913 5577 colere
940 5521 1059 5593 quid
1083 5523 1168 5576 sit.
1215 5519 1498 5591 Martyrum
1544 5517 1832 5572 solemnitas

317 5679 387 5742 (tr)
417 5678 598 5731 Oollata
619 5692 729 5730 cum
745 5681 852 5730 Cod.
877 5679 1065 5731 Cetsliu.
1093 5694 1139 5730 n.
1166 5677 1268 5737 I93,
1293 5678 1376 5742 qui
1403 5683 1479 5731 est
1497 5683 1567 5728 Xl.
1598 5679 1780 5730 muli.

1924 5414 2082 5428 ﬁ.—

1935 5496 2108 5549 schola
2132 5495 2388 5549 virtutum.
2413 5526 2483 5536 —
2505 5495 2793 5568 Martyrum
2812 5495 2943 5552 festa
2971 5509 3075 5550 non
3095 5510 3164 5550 ex
3185 5494 3513 5550 diernmcir-

1933 5587 2076 5640 cuitu
2105 5588 2274 5643 solum
2294 5589 2420 5654 ,sed
2447 5588 2606 5643 etiam
2627 5603 2692 5644 ex
2725 5603 2910 5643 eorum
2933 5587 3112 5642 animo
3130 5627 3145 5654 ,
3163 5587 3251 5657 qui
3280 5601 3341 5642 ea
3371 5587 3510 5640 cele-

1930 5677 2100 5747 brant,
2119 5681 2466 5742 aestimantur.
2487 5679 2728 5752 Exempli
2751 5694 2909 5737 causa
2936 5677 3198 5734 :imitatus
3214 5692 3273 5734 es
3303 5687 3498 5752 marty-
