4080 6198
453 281 560 340 663

456 412 573 454 rem
587 391 863 451 ivit-tutam
883 408 994 462 ejus
1007 389 1284 446 atumlatus
1301 388 1384 442 es?
1401 382 1752 457 philosophia:
1764 380 1929 450 ipsius
1946 392 2039 429 ve-

457 487 628 558 stigiis
651 485 928 542 institisti?
955 484 1112 538 etiam
1132 497 1253 537 cum
1269 479 1457 534 festum
1475 492 1580 534 non
1599 483 1746 531 esset
1773 471 2041 543 martyris,

465 578 807 634 festivitatem
831 573 1080 644 martyris
1095 569 1402 626 celebrasli.
1425 567 1609 623 Honor
1633 565 1828 635 quippe
1843 569 2044 630 marty-

467 686 542 724 ris
565 668 786 722 imitatio
807 674 889 722 est
913 664 1180 735 martyris.
1215 662 1284 718 Ut
1303 661 1442 716 enim
1463 659 1554 729 qui
1577 656 1780 713 scelera
1803 652 2046 709 commit-

466 769 603 824 tum,
627 761 784 812 etiam
809 757 858 811 in
879 754 1252 812 festivitatibus
1277 752 1394 807 sine
1421 750 1555 806 festo
1581 757 1703 804 sunt
1723 757 1777 804 et
1799 744 2002 817 profani
2030 761 2044 797 :

465 851 544 905 sic
565 851 653 920 qui
673 850 915 903 virtutem
938 857 1222 911 exercent,
1247 845 1408 898 etiam
1431 857 1552 898 cum
1580 841 1722 895 nulla
1747 849 1829 894 est
1849 837 2048 892 solem-

467 945 624 1007 nitas,
653 941 846 996 festum
867 939 1139 995 celebrant
1157 955 1171 992 :
1193 937 1452 1010 siquidem
1467 932 1807 990 conscientia:
1825 929 2050 1000 puritate

467 1033 658 1088 festum
679 1034 1012 1101 exprimitur.
1045 1031 1155 1086 lloc
1171 1029 1580 1084 etiamindicans
1603 1026 1794 1080 Paulus
1807 1021 2014 1076 dicebat
2034 1037 2048 1073 :

469 1122 650 1192 Itaque
675 1126 854 1192 festum
874 1122 1174 1176 celebremus
1195 1137 1296 1174 non
1321 1121 1375 1173 in
1400 1119 1644 1188 fermento
1671 1115 1822 1169 veteri
1843 1110 2053 1166 malitia:

470 1228 516 1276 et
539 1219 791 1288 nequitiae,
819 1217 906 1271 sed
933 1218 984 1269 in
1007 1215 1196 1286 azymis
1220 1213 1522 1268 sinceritatis
1535 1220 1584 1266 et
1603 1209 1820 1264 veritatis
1837 1207 1884 1276 (l
1899 1245 1912 1259 .
1931 1204 2050 1260 Cor.

472 1308 526 1363 5.
557 1308 634 1377 8).
661 1307 796 1362 Sunt
816 1307 976 1376 igitur
1003 1321 1188 1377 azyma
1213 1304 1352 1374 apud
1381 1303 1614 1365 Judaaos,
1661 1309 1784 1354 sunt
1809 1307 1864 1352 et
1914 1293 2054 1365 apud

474 1413 572 1452 nos
599 1415 610 1451 :
636 1413 821 1452 verum
851 1397 990 1466 apud
1019 1397 1143 1452 illos
1164 1394 1376 1465 quidem
1404 1407 1647 1466 azymum
1671 1399 1752 1445 est
1777 1405 1840 1442 ex
1887 1385 2053 1440 farina

475 1486 798 1551 confectum,
830 1486 969 1557 apud
991 1501 1088 1541 nos
1107 1495 1282 1540 autem
1311 1486 1432 1538 vita:
1455 1481 1674 1552 puritas,
1731 1489 1786 1534 et
1835 1491 2058 1532 conver-

475 1579 614 1634 mtio
638 1579 705 1633 ab
733 1579 878 1634 omni
901 1578 1136 1648 nequitia
1161 1578 1354 1632 aliena.
1377 1574 1478 1642 Qui
1499 1588 1627 1644 ergo
1643 1572 1710 1627 ab
1733 1571 1878 1626 omni
1899 1567 2057 1625 sorde

477 1685 542 1724 ac
569 1671 772 1724 macula
803 1685 986 1740 puram
1009 1670 1172 1724 vitam
1203 1683 1352 1724 suam
1377 1674 1681 1730 conservat,
1716 1661 1951 1733 quotidie
1977 1659 2058 1714 fe-

482 1771 622 1816 stum
650 1762 964 1818 celebratae
986 1763 1400 1826 solemnitatem,
1421 1760 1544 1814 licet
1573 1772 1671 1812 nec
1699 1758 1749 1810 in
1780 1755 1866 1809 die
1894 1769 1992 1808 nec
2007 1753 2059 1806 in

485 1856 695 1925 templis
717 1865 1030 1927 martyrum,
1050 1857 1144 1910 sed
1173 1855 1312 1910 domi
1333 1854 1537 1908 sedeat.
1563 1852 1744 1906 Potest
1764 1849 1904 1904 enim
1922 1845 2060 1916 apud

481 1959 544 2000 se
573 1947 937 2016 unusquisque
967 1947 1160 2000 festum
1211 1955 1501 2016 martyrum
1541 1943 1835 1998 celebrare.
1887 1943 2062 2009 Atque

487 2037 600 2091 haec
649 2053 679 2090 a
731 2052 818 2092 me
859 2039 1123 2102 dicuntur,
1155 2053 1259 2090 non
1304 2047 1360 2090 ut
1401 2035 1466 2090 ad
1503 2045 1795 2106 martyrum
1821 2029 2064 2103 sepulcra

485 2142 591 2181 non
609 2126 959 2191 accedamus;
991 2127 1084 2182 sed
1107 2137 1162 2180 ut
1185 2127 1502 2182 accedentes
1541 2140 1661 2180 cum
1701 2139 1761 2179 ea
1783 2139 1884 2193 qua
1911 2121 2067 2176 decet

486 2219 762 2274 alacritate
782 2220 946 2272 animi
974 2221 1272 2284 veniamus,
1296 2229 1349 2273 et
1379 2235 1484 2274 non
1512 2219 1682 2273 solum
1713 2217 1922 2270 illorum
1953 2213 2067 2268 die-

491 2313 608 2378 bus,
633 2312 726 2366 sed
757 2313 861 2366 alio
890 2329 1100 2382 quoque
1119 2322 1358 2382 tempore
1389 2313 1641 2382 pietatem
1669 2309 1912 2365 eamdem
1958 2320 2067 2376 pra:

489 2404 642 2459 nobis
695 2403 948 2459 feramus.
997 2406 1126 2472 Quis
1172 2409 1313 2458 enim
1361 2405 1616 2458 hodierno
1662 2402 1749 2456 die
1800 2415 1902 2455 non
1950 2413 2066 2454 cte-

493 2506 600 2550 tmn
646 2505 887 2551 nostrum
933 2506 1174 2561 nurctur,
1219 2496 1554 2566 splendidum
1599 2493 1737 2549 istud
1780 2493 2064 2556 theatrum,

489 2587 760 2642 caritatem
833 2589 1155 2654 ferventem,
1211 2587 1456 2643 alfectmn
1521 2586 1834 2650 ardentem,
1915 2583 2069 2640 indo-

491 2676 678 2731 mitum
719 2680 996 2734 amorem?
1048 2680 1120 2734 fta
1167 2689 1274 2733 tota
1301 2677 1684 2748 prepemodum
1735 2677 1920 2730 civitas
1968 2675 2072 2731 huc

491 2776 886 2846 commigravit,
937 2787 991 2832 et
1035 2793 1206 2848 neque
1241 2793 1452 2831 servum
1497 2776 1696 2831 dotnini
1743 2777 1900 2830 timor
1945 2775 2072 2830 reti-

492 2867 642 2932 nuit,
700 2882 871 2936 neque
917 2884 1200 2938 pauperem
1245 2871 1493 2940 egestatis
1541 2870 1858 2932 necessitas,
1905 2883 2074 2938 neque

493 2970 676 3010 senem
703 2960 876 3012 aetatis
929 2959 1264 3016 imbecillitas
1298 3003 1313 3027 ,
1371 2975 1540 3030 neque
1589 2961 1867 3014 ntulicrem
1915 2975 2074 3014 serus

495 3045 780 3112 mollities;
809 3064 914 3102 non
941 3050 1158 3105 divitem
1191 3051 1355 3106 fastus
1377 3065 1558 3121 Opum,
1584 3065 1686 3104 non
1711 3052 2074 3120 magistratum

496 3139 744 3206 superbia
775 3144 1049 3210 potestatis
1081 3160 1094 3196 :
1124 3143 1218 3198 sed
1269 3159 1418 3197 amor
1447 3152 1763 3215 martyrmn,
1785 3145 1884 3197 hac
1931 3144 2076 3197 omni

497 3229 704 3283 sublata
725 3231 1100 3302 inaequalitate,
1121 3243 1320 3289 natura:
1349 3235 1731 3300 imbecillitate,
1763 3249 1824 3290 ac
1848 3250 2074 3306 pauper-

497 3323 623 3376 tatis
663 3325 1009 3390 necessitate,
1055 3336 1256 3382 tamam
1295 3328 1684 3382 multitudinem
1733 3344 1836 3383 una
1890 3339 2077 3384 eatena

501 3409 802 3467 devinctam
829 3413 932 3468 huc
947 3417 1187 3482 attraxit,
1213 3427 1268 3471 et
1299 3417 1488 3472 affectu
1541 3417 1592 3470 in
1621 3427 1884 3488 martyres
1927 3420 2080 3488 quasi

503 3504 698 3604 pennis
729 3505 1033 3574 subvectos,
1059 3509 1202 3562 velut
1229 3510 1293 3562 ad
1335 3510 1496 3563 vitam
1551 3510 1602 3564 in
1643 3510 1790 3566 caelis
1818 3512 2077 3580 agendam

504 3597 746 3649 incitavit
768 3615 782 3656 :
806 3597 1065 3667 siquidem
1094 3603 1236 3654 omni
1263 3602 1494 3656 lascivia:
1521 3603 1847 3672 luxuriaeque
1870 3613 2080 3672 pertur-

503 3687 717 3744 batione
734 3701 1004 3762 superata,
1037 3704 1326 3764 martyrum
1350 3711 1533 3752 amore
1555 3697 1799 3754 succensi
1821 3697 1968 3752 estis.
2013 3696 2084 3752 Ut

504 3780 647 3842 enim
677 3795 796 3844 cum
825 3783 1052 3851 primum
1077 3787 1208 3841 radii
1235 3789 1362 3842 solis
1392 3790 1652 3855 oriuntur,
1686 3790 1962 3860 aufugiunt
2002 3789 2082 3845 fe-

507 3886 603 3936 rar,
637 3885 800 3943 seque
823 3874 1054 3930 latibulis
1084 3879 1194 3932 suis
1224 3879 1557 3934 abscondunt
1585 3897 1598 3934 :
1644 3881 1712 3934 ita
1758 3896 1876 3936 cum
1919 3883 2084 3936 menti

503 3971 702 4016 nostra:
743 3973 1034 4036 martyrum
1064 3968 1243 4023 lmnen
1264 3969 1540 4034 affulserit,
1572 3973 1750 4026 omnia
1781 3973 1906 4026 vitia
1937 3989 2084 4026 mor-

503 4053 662 4124 bique
687 4069 747 4110 se
775 4057 1059 4120 occultant,
1085 4074 1146 4114 ac
1173 4060 1447 4129 splendida
1477 4062 1828 4132 phi1030phite
1873 4063 2084 4120 flamma

505 4148 860 4250 succenditur.
891 4151 994 4205 Sed
1016 4161 1074 4205 ut
1101 4168 1204 4207 non
1233 4155 1405 4208 solum
1459 4156 1557 4208 hoc
1609 4165 1866 4227 tempore,
1902 4173 2084 4212 verum

507 4245 664 4292 ctiam
693 4254 922 4309 semper,
959 4252 1011 4296 et
1039 4251 1314 4314 postquam
1345 4245 1574 4299 solutum
1607 4245 1762 4301 fuerit
1791 4246 1890 4302 hoc
1925 4249 2085 4316 Spiri-

509 4331 647 4390 tualc
667 4332 926 4390 theatrum
953 4375 967 4398 ,
1018 4334 1284 4396 flammam
1318 4337 1469 4396 istam
1496 4351 1870 4393 conservemus
1895 4380 1908 4400 ,
1965 4354 2086 4393 cum

508 4422 695 4475 eadem
728 4424 890 4476 animi
910 4424 1188 4480 devotione
1207 4426 1423 4480 domum
1449 4427 1780 4492 recedamus,
1801 4443 1973 4498 neque
1991 4443 2087 4482 nos

509 4515 718 4583 popinis
749 4530 810 4569 ae
839 4515 1039 4581 lustris,
1071 4519 1314 4574 ebrietati
1353 4529 1405 4574 et
1435 4519 1910 4574 eou'tessationibus
1937 4519 2087 4574 addi

507 4619 710 4660 camus.
739 4606 961 4661 Noctem
993 4611 1327 4664 convertistis
1359 4610 1409 4664 in
1437 4611 1579 4667 diem
1610 4627 1702 4680 per
1731 4625 1910 4665 sacras
1963 4611 2089 4665 istas

509 4695 716 4765 vigilias
741 4713 754 4750 :
789 4697 952 4752 nolite
976 4714 1160 4754 rursus
1182 4701 1322 4756 diem
1355 4702 1406 4755 in
1435 4713 1642 4757 noctem
1666 4717 1762 4771 per
1777 4702 2087 4759 ebrietatem

511 4797 566 4841 et
587 4787 855 4858 crapulam
873 4804 936 4844 ac
963 4793 1293 4846 meretricios
1321 4802 1510 4847 cantus
1531 4803 1871 4848 convertere.
1905 4792 2088 4847 llono-

511 4879 644 4934 rasti
671 4887 952 4952 martyres,
982 4882 1105 4938 dum
1133 4883 1368 4948 adfuisti,
1393 4883 1517 4936 dum
1546 4883 1810 4946 audivisti,
1839 4884 1962 4938 dum
1982 4893 2091 4937 stu-

511 4971 660 5034 dium
686 4989 798 5042 pra:
837 4985 888 5038 te
916 4975 1078 5039 tulisti
1109 4994 1122 5028 :
1157 4975 1358 5032 honora
1385 4977 1544 5030 etiam
1577 4976 1696 5031 illos
1724 4977 1963 5032 modeste
1991 4977 2090 5032 do-

519 5079 659 5117 mum
681 5065 1000 5130 recedendo,
1035 5069 1234 5138 nequis
1266 5068 1350 5122 ubi
1383 5077 1431 5122 te
1460 5083 1643 5139 parum
1685 5067 1878 5123 decere
1906 5085 2094 5138 geren-

517 5164 620 5208 tem
643 5154 834 5209 viderit
854 5156 905 5210 in
931 5157 1145 5225 popina,
1172 5168 1222 5214 te
1240 5173 1346 5215 non
1372 5169 1592 5230 propter
1611 5167 1869 5232 martyres
1889 5159 2095 5218 venisse

513 5247 678 5315 dicat,
705 5247 800 5303 sed
829 5257 888 5304 ut
918 5249 1103 5304 vitium
1132 5267 1376 5322 augeres,
1435 5263 1491 5307 ut
1521 5253 1777 5322 improba:
1821 5253 2092 5322 cupiditati

511 5342 766 5393 servires.
791 5339 917 5396 Hmc
940 5355 1043 5396 non
1067 5357 1132 5397 eo
1157 5344 1296 5408 dico,
1325 5352 1382 5397 ut
1411 5343 1614 5398 deliciis
1638 5342 1834 5413 perfrui
1875 5351 2046 5396 vetem
2075 5384 2090 5406 ,

511 5429 608 5484 sed
631 5438 687 5484 ut
716 5443 932 5500 peccata
951 5431 1218 5489 committi
1239 5443 1414 5490 vetem
1441 5451 1454 5488 :
1487 5451 1590 5488 non
1621 5434 1761 5503 quod
1789 5433 1969 5487 bibere
1999 5449 2094 5487 ve-

517 5527 647 5588 tem,
671 5525 766 5578 scd
799 5533 854 5578 ut
873 5527 1082 5581 ebrium
1131 5526 1242 5582 fieri
1265 5537 1459 5582 vetem.
1486 5526 1601 5580 Non
1630 5526 1768 5580 enim
1794 5524 1988 5584 malum
2018 5534 2099 5578 est

515 5613 834 5679 \inum,sed
861 5617 1176 5676 immodicus
1201 5621 1316 5689 ejus
1335 5633 1462 5674 usus
1485 5629 1566 5672 est
1587 5633 1780 5686 pravus
1802 5631 1812 5668 :
1836 5631 1898 5671 ac
1921 5616 2096 5670 vinum

517 5703 729 5772 quidem
757 5706 852 5761 Dei
874 5708 1070 5763 donum
1101 5719 1204 5776 est,
1225 5725 1352 5768 usus
1375 5719 1550 5766 autem
1571 5708 1885 5764 inunodicus
1900 5707 2094 5763 diaboli

1161 273 1218 328 S.
1258 267 1536 328 JOANNIS
2088 253 2406 311 ARCHIEP.
2447 244 2980 306 CONSTANTINOP.

2153 377 2237 426 est
2271 371 2563 424 inventum.
2598 365 2792 421 Set-vite
2825 362 2976 432 igitur
3007 355 3226 412 Domino
3253 353 3303 406 in
3335 353 3509 406 timore
3536 391 3549 414 ,
3583 359 3630 404 et
3654 368 3740 404 er-

2152 462 2333 516 suitate
2355 461 2400 514 ei
2420 459 2472 514 in
2505 470 2716 512 tremore
2747 451 2920 525 (Psal.
2951 449 3005 503 2.
3041 449 3151 518 ).

2318 615 2517 686 popinis
2560 612 2816 666 auditores
2859 606 3054 662 avertit.
3099 633 3170 643 -
3211 601 3301 656 Vis
3345 597 3548 654 deliciis
3591 594 3738 649 frui?

2155 705 2300 762 domi
2335 705 2534 770 fruere,
2561 703 2683 764 ubi,
2717 701 2841 756 licet
2885 698 2938 752 in
2983 695 3292 750 ebrietatem
3328 688 3560 752 incidas,
3590 687 3744 739 riinlti

2155 806 2299 862 sunt,
2328 796 2418 867 qui
2466 805 2516 850 te
2565 799 2786 864 possunt
2827 789 3081 858 obtegere
3113 801 3126 838 :
3157 797 3263 838 nou
3315 781 3366 836 in
3423 779 3614 850 popina
3635 819 3650 843 ,
3678 794 3750 831 ne

2157 889 2514 960 spectaculum
2550 885 2643 940 fias
2669 882 3041 954 praesentibus,
3075 888 3129 933 et
3157 874 3464 931 scandalum
3511 872 3741 926 cmteris.

2157 982 2330 1050 Atque
2353 979 2466 1034 haec
2494 993 2593 1047 ego
2613 975 2752 1040 dico,
2777 989 2882 1028 non
2911 970 3054 1042 quod
3092 968 3296 1024 ebrium
3325 965 3439 1019 fieri
3477 963 3618 1017 domi
3655 962 3743 1030 jn-

2157 1072 2334 1132 beam.
2356 1070 2450 1125 sed
2493 1068 2631 1139 quod
2662 1069 2714 1122 in
2765 1065 2976 1136 popinis
3027 1061 3226 1118 versari
3261 1058 3593 1130 prohibeam.
3623 1057 3730 1110 Per

2159 1164 2334 1232 pende
2361 1177 2518 1232 quam
2543 1159 2822 1215 ridiculum
2857 1157 2946 1223 sit,
2970 1163 3090 1226 post
3112 1150 3378 1222 ejusmodi
3399 1159 3745 1213 conventum,

2161 1265 2281 1324 post
2307 1253 2550 1324 vigilias,
2583 1259 2702 1322 post
2743 1259 3015 1304 sacrarum
3063 1242 3389 1298 auditionem
3437 1239 3742 1308 Scripturao

2160 1361 2302 1411 rum,
2337 1353 2458 1414 post
2499 1342 2798 1396 divinorum
2845 1333 3303 1408 participationem
3333 1330 3706 1401 mysteriorum
3729 1367 3748 1394 ,

2163 1447 2214 1490 et
2240 1443 2359 1506 post
2385 1431 2714 1504 Spiritualem
2743 1428 3076 1498 largitionem
3103 1465 3118 1491 ,
3145 1424 3316 1476 virum
3349 1416 3440 1474 aut
3465 1419 3746 1473 mulierem

2165 1537 2305 1582 tetes
2344 1526 2458 1580 dies
2483 1525 2533 1578 in
2578 1521 2786 1593 pepinis
2821 1518 3175 1587 transigentes
3203 1512 3390 1566 videri.
3425 1513 3503 1564 An
3531 1508 3756 1562 nescitis

2164 1626 2419 1688 quantum
2475 1615 2638 1670 ebriis
2689 1611 3002 1682 supplicium
3054 1603 3369 1660 immineat?
3409 1602 3669 1672 siquidem
3721 1615 3756 1654 e

2163 1723 2329 1778 regno
2357 1707 2450 1762 Dei
2495 1703 2853 1774 expelluntur,
2903 1709 2958 1754 et
3004 1694 3360 1752 ineffabilibus
3409 1691 3563 1746 bonis
3613 1690 3755 1744 exci-

2165 1800 2337 1863 dunt,
2367 1807 2526 1869 atque
2551 1797 2602 1850 in
2634 1796 2807 1866 ignem
2837 1800 3095 1846 aeternum
3123 1787 3454 1856 ablegantur.
3483 1781 3612 1849 Quis
3640 1781 3757 1833 haec

2166 1893 2350 1949 dicit?-
2381 1891 2575 1947 Beatus
2621 1887 2860 1943 Paulus:
2890 1882 3068 1953 Neque
3117 1879 3298 1946 avari,
3340 1876 3543 1946 inquit,
3599 1887 3756 1942 ncun

2169 1986 2368 2052 ebriosi,
2393 1999 2551 2052 neque
2580 1961 2837 2043 maledici,
2863 1991 3019 2044 neque
3047 1987 3256 2044 rapaces
3284 1985 3492 2039 regnum
3519 1965 3610 2020 Dei
3635 1981 3758 2034 pos-

2168 2076 2396 2130 sidebunt
2438 2075 2516 2144 (l.
2547 2071 2664 2128 Cor.
2708 2071 2761 2125 6.
2808 2066 2931 2140 10).
2963 2063 3102 2134 Quid
3146 2061 3295 2118 ebrio
3343 2059 3586 2114 miserius
3643 2053 3762 2108 fieri

2173 2174 2379 2237 potest,
2411 2165 2500 2235 qui
2529 2161 2598 2218 ob
2627 2161 2875 2230 exiguam
2895 2157 3222 2225 voluptatem
3253 2157 3424 2206 tantas
3453 2148 3597 2217 regni
3625 2146 3764 2200 deli-

2171 2236 2281 2312 cias
2303 2254 2531 2311 amittit?
2579 2252 2690 2307 lmo
2722 2265 2852 2305 vero
2882 2263 2948 2303 ne
2977 2245 3250 2315 voluptate
3282 2240 3494 2312 quidem
3523 2239 3624 2292 ulla
3657 2236 3760 2292 frui

2173 2355 2348 2418 potest
2372 2345 2556 2401 ebrius
2586 2361 2600 2410 ;
2633 2341 2895 2412 siquidem
2939 2339 2991 2392 in
3045 2342 3340 2404 temperato
3384 2345 3482 2386 usu
3515 2331 3766 2398 voluptas

2174 2440 2456 2505 consistit,
2491 2439 2542 2491 in
2596 2434 2879 2491 immodico
2925 2439 3099 2487 autem
3125 2470 3140 2495 ,
3181 2437 3366 2496 stupor
3403 2433 3458 2479 et
3508 2437 3766 2478 sensuum

2175 2536 2426 2608 privatio.
2459 2535 2628 2589 Porro
2655 2529 2742 2600 qui
2769 2528 2969 2584 sentire
3011 2523 3192 2596 nequit
3217 2521 3304 2576 ubi
3347 2519 3530 2573 sedeat
3559 2525 3652 2570 aut
3681 2516 3764 2584 ja-

2175 2606 2316 2692 ceat,
2340 2627 2426 2696 qui
2457 2623 2650 2694 poterit
2679 2619 2964 2689 voluptatis
3005 2617 3058 2671 in
3107 2623 3232 2685 potu
3268 2626 3482 2666 sensum
3527 2606 3766 2675 capere?

2177 2721 2268 2791 qui
2315 2735 2383 2774 ne
2411 2719 2581 2773 solem
2627 2712 2842 2784 quidem
2886 2711 3057 2780 ipsum
3104 2706 3173 2760 ob
3220 2705 3438 2758 densam
3491 2697 3774 2753 ebrietatis

2179 2790 2428 2866 nebulam
2472 2806 2639 2877 possit
2685 2803 2919 2868 intueri,
2969 2795 3237 2870 quomodo
3287 2793 3468 2848 laetitia
3519 2790 3774 2844 fruatur?

2179 2903 2365 2958 Tanta:
2391 2899 2638 2954 nimirum
2669 2897 2840 2966 ipsum
2873 2899 3135 2960 occupant
3163 2885 3414 2947 tenebrm,
3436 2891 3492 2936 ut
3523 2880 3589 2934 ad
3618 2879 3772 2932 illam

2179 2992 2565 3050 discutiendam
2593 2989 2870 3059 caliginem
2899 2984 3000 3056 ipsi
3023 2981 3154 3037 radii
3175 2994 3278 3034 non
3304 2977 3588 3034 sufficiant.
3613 2973 3776 3027 Sem-

2183 3099 2277 3155 per
2306 3083 2543 3153 quidem,
2581 3076 2931 3140 dilectissimi,
2965 3074 3158 3128 malum
3185 3080 3270 3126 est
3295 3069 3543 3132 ebrietas,
3577 3065 3776 3136 -

2183 3191 2284 3246 pue
2317 3191 2443 3232 vero
2471 3174 2604 3228 festo
2629 3179 2924 3242 martyrum
2953 3167 3057 3222 die.
3087 3164 3220 3219 Nam
3265 3172 3456 3233 praeter
3492 3167 3774 3230 peccatum

2181 3263 2505 3320 contumelia
2556 3269 2639 3318 est
2695 3259 2945 3322 maxima,
2975 3265 3030 3311 et
3085 3252 3340 3317 stultitia,
3390 3263 3778 3316 sacrorumque

2184 3357 2516 3428 eloquiorum
2554 3360 2890 3422 contemptus
2923 3367 2935 3403 :
2969 3363 3128 3418 quam
3163 3345 3231 3400 ob
3268 3358 3482 3398 causam
3517 3350 3569 3395 et
3595 3340 3774 3408 dupli-

2185 3465 2302 3506 cem
2331 3464 2540 3520 pmnam
2581 3455 2832 3501 meretur.
2859 3441 2916 3497 Si
2942 3455 3069 3510 ergo
3107 3447 3390 3508 postquam
3413 3435 3480 3488 ad
3509 3442 3776 3502 martyres

2185 3540 2456 3596 aceessisti
2480 3581 2494 3604 ,
2519 3547 2792 3608 postquam
2827 3533 2949 3590 hinc
2979 3529 3294 3586 discesseris
3317 3569 3331 3593 ,
3355 3524 3597 3580 ebrietati
3619 3538 3775 3577 vaca-

2187 3643 2338 3689 turus
2365 3647 2443 3698 es,
2472 3631 2661 3688 melius
2689 3637 2771 3686 est
2795 3667 2810 3694 ,
2843 3635 2900 3680 ut
2939 3624 3084 3679 domi
3116 3635 3332 3676 maneas
3353 3659 3369 3684 ,
3397 3633 3496 3672 nec
3523 3616 3776 3670 indecore

2191 3733 2243 3781 te
2272 3739 2422 3794 geras
2441 3762 2457 3788 ,
2484 3737 2656 3791 neque
2685 3731 2976 3789 martyrum
3009 3713 3400 3769 solemnitatem
3425 3708 3620 3777 probro
3651 3705 3772 3758 affi-

2189 3815 2298 3869 cias
2321 3855 2335 3880 ,
2369 3827 2542 3882 neque
2571 3810 2812 3881 proximo
2839 3809 2914 3863 sis
2943 3803 3263 3860 offendiculo
3283 3843 3296 3868 ,
3323 3814 3498 3870 neque
3538 3805 3778 3851 mentem

2191 3907 2458 3971 obsideas,
2491 3917 2661 3973 neque
2707 3909 2922 3970 peccata
2975 3897 3066 3952 tibi
3109 3892 3431 3949 accumulcs.
3465 3888 3672 3944 Venisti
3719 3897 3779 3940 ut

2192 3997 2434 4052 homines
2457 3993 2734 4050 tormentis
2753 3992 3013 4045 laceratos
3030 3987 3260 4051 videres,
3279 3995 3470 4038 cruore
3489 3978 3778 4041 stillantes,

2191 4092 2471 4144 vulnerum
2530 4087 2775 4142 examine
2828 4083 3143 4144 decoratos,
3200 4076 3292 4147 qui
3351 4070 3604 4142 praesenti
3672 4069 3780 4122 vita

2193 4180 2358 4242 exuti,
2385 4179 2449 4232 ad
2479 4176 2711 4232 futuram
2735 4175 3012 4229 evolarunt
3041 4187 3054 4223 :
3086 4169 3150 4223 da
3199 4181 3419 4236 operam
3465 4171 3521 4216 ut
3568 4159 3782 4213 athletis

2197 4271 2311 4325 istis
2337 4270 2524 4338 dignus
2553 4267 2766 4322 evadas.
2801 4266 3246 4326 Contempserunt
3267 4257 3344 4311 illi
3377 4255 3535 4308 vitam
3561 4293 3576 4314 ,
3601 4261 3656 4303 tu
3681 4251 3784 4302 dc.-

2195 4359 2344 4414 lieias
2390 4368 2673 4414 contemne
2749 4355 3054 4423 ahjeeernnt
3109 4349 3182 4404 illi
3233 4349 3392 4406 vitam
3435 4351 3782 4414 praesentem,

2199 4459 2250 4504 tu
2279 4448 2550 4504 ebrietatis
2575 4460 2810 4500 amorem
2835 4443 3022 4510 alijicc.

2269 4603 2401 4657 Ossa
2445 4613 2488 4656 et
2531 4601 2764 4671 sepulcra
2809 4596 3091 4665 Martyrum
3121 4587 3544 4646 benedictionibus
3569 4593 3786 4654 scatent.

2197 4726 2267 4736 -
2287 4694 2388 4750 Sed
2411 4693 2616 4748 deliciis
2643 4690 2744 4745 frui
2773 4689 2962 4758 cupis?
2991 4687 3167 4740 asside
3207 4683 3455 4754 sepulcro
3497 4678 3748 4749 martyris
3769 4718 3786 4742 ,

2199 4790 2553 4858 lacrymarum
2603 4786 2714 4839 illic
2754 4783 2930 4838 fontes
2983 4778 3216 4844 effunde,
3263 4777 3496 4830 animam
3543 4781 3787 4834 contere,

2203 4879 2627 4935 benedictionem
2645 4893 2672 4930 a
2686 4876 2930 4945 sepulcro
2947 4874 3061 4942 ejus
3081 4872 3234 4935 refer;
3255 4869 3478 4938 ejusque
3495 4863 3794 4933 patrocinio

2203 4973 2366 5026 fretus
2400 4971 2450 5022 in
2484 4969 2749 5036 precibus.
2785 4963 3182 5018 minationibus
3225 4958 3577 5018 certaminum
3625 4953 3797 5024 ipsius

2205 5061 2444 5131 legendis
2474 5069 2524 5114 te
2559 5058 2866 5127 frequenter
2904 5068 3096 5109 exerce
3117 5094 3130 5116 ,
3156 5052 3384 5105 loculum
3427 5047 3756 5117 amplectere
3779 5085 3798 5109 ,

2206 5154 2441 5223 capsulm
2473 5152 2817 5220 reliquiarum
2845 5147 3035 5201 afxus
3077 5153 3193 5202 esto
3219 5159 3233 5199 :
3264 5159 3370 5197 non
3419 5154 3544 5194 ossa
3587 5145 3796 5208 marty-

2205 5263 2322 5301 rum
2371 5254 2594 5308 tautum,
2624 5240 2715 5296 sed
2746 5249 2798 5295 et
2826 5239 3064 5310 ipsorum
3091 5235 3334 5308 sepulcra
3359 5244 3412 5287 et
3435 5230 3671 5301 capsula!
3699 5229 3799 5280 be-

2207 5335 2598 5396 nedictionibus
2621 5333 2803 5388 multis
2828 5339 3051 5386 scatent.
3081 5329 3336 5384 Sanctum
3387 5325 3568 5379 oleum
3621 5337 3798 5378 sume.

2210 5441 2483 5499 totumque
2509 5437 2651 5481 tuum
2683 5438 2878 5494 corpus
2898 5423 3092 5492 inunge
3113 5461 3128 5486 ,
3158 5419 3390 5488 linguam
3412 5456 3428 5480 ,
3462 5415 3609 5469 labra
3631 5453 3648 5478 ,
3680 5425 3796 5465 cer-

2209 5527 2400 5588 vicem,
2434 5521 2634 5584 oculos,
2665 5533 2766 5573 nec
2794 5529 3042 5585 umquam
3075 5515 3127 5567 in
3159 5511 3433 5566 ebrietatis
3463 5505 3800 5575 naufragium

2213 5616 2437 5672 incides.
2469 5611 2738 5680 Siquidem
2771 5610 2943 5664 oleum
2983 5606 3162 5661 odoris
3197 5605 3456 5658 suavitate
3502 5610 3801 5658 martvmm

2219 5711 2309 5772 tibi
2359 5709 2649 5766 certamina
2699 5705 2750 5758 in
2801 5701 3115 5762 memoriam
3179 5705 3434 5764 revocat,
3487 5705 3540 5750 et
3587 5705 3812 5752 omnem
