4080 6198
407 224 509 281 εδδ

409 332 730 422 φιλοσοφίας
763 336 1028 409 ἐδραμες;
1057 340 1146 394 καὶ
1173 342 1274 395 οὐκ
1311 342 1478 415 οὔσης
1508 348 1538 415 ἡ
1550 348 1614 418 μέ
1627 365 1724 418 ρας
1761 351 1972 422 μάρτυ-

407 439 520 493 ρος,
558 420 748 492 ἑορτὴν
779 423 1054 492 μάρτυρος
1079 424 1404 491 ὲπετέλεσας
1434 441 1482 482 ⁸.
1514 430 1660 501 Τιμὴ
1692 433 1799 504 γὰρ
1833 420 1976 504 μάρ-

404 521 587 586 τυρος,
625 505 858 576 μίμησις
893 507 1190 579 μάρτυρος.
1228 511 1436 582 Ὠσπερ
1477 513 1586 585 γὰρ
1610 517 1661 567 οί
1702 518 1768 569 τὰ.
1797 518 1978 586 φαῦλα

405 585 923 659 [6681,πράττοντες,
949 591 1041 642 καὶ
1068 593 1124 644 ἐν
1157 593 1365 665 ἑορταῖς
1383 595 1628 666 ἀνέορτοί
1657 585 1977 654 εἰσιν-οὔτω

405 673 500 725 καὶ
535 673 584 724 οἱ
613 671 712 743 τὴν
749 674 950 744 ἀρετὴν
987 676 1284 743 μετιόντες,
1340 679 1434 731 καὶ
1473 681 1833 752 πανηγύρεως
1877 685 1978 738 οὐκ

404 753 572 826 οὔσης
598 797 612 820 ,
671 756 861 828 ἑορτὴν
889 757 1242 812 ἐπιτελοῦσιν·
1276 761 1332 814 έν
1363 762 1582 834 γὰρ-τῷ
1618 765 1844 837 καθαρῷ
1883 768 1976 822 τοῦ

406 838 709 902 συνειδότος
750 841 782 910 ἡ
832 841 992 910 ἑορτὴ
1048 843 1529 915 χαρακτηρίζεται.
1595 845 1766 901 Τοῦτο
1809 850 1902 902 καὶ
1949 851 1978 903 ό

225 939 236 943 η
301 989 306 992 _
407 919 617 1000 ῌαῦλος
662 921 835 991 δηλῶν
889 923 1092 992 ἔλεγεν⁹
1146 925 1327 980 Ὥστε
1378 928 1737 998 ἑορτάζωμεν
1783 931 1864 1000 μὴ
1909 932 1979 985 ἐν

409 996 557 1071 ζύμῃ
577 1002 804 1070 παλαιᾷ
820 1007 1033 1070 κακίας
1057 1009 1154 1060 καί
1177 1012 1484 1076 πονηρίας.
1501 996 1636 1065 ἀλλς
1653 1014 1723 1064 ἐν
1741 996 1980 1083 ἀδήλοις

401 1087 782 1152 εί.ὶικρινειάς
807 1088 902 1140 καὶ
926 1090 1230 1156 ἀληθείας.
1251 1093 1404 1145 Ἔστι
1421 1088 1599 1146 τοίνυν
1627 1093 1810 1164 ἄζυμα
1829 1098 1978 1166 παρά

416 1166 708 1231 Ἰουδαίοις,
744 1170 858 1222 ἔστι
890 1174 984 1224 καὶ
1011 1175 1136 1244 παρ’
1159 1176 1290 1244 ἡμῖν
1322 1175 1348 1213 ιι
1374 1191 1386 1204 ⁶
1423 1175 1560 1229 ἀλλά
1587 1181 1718 1248 παρ’
1751 1180 1978 1243 ἐκείνοις

407 1249 507 1333 μὲν
555 1251 765 1321 ἄζυμον
820 1253 879 1318 ἐξ
912 1254 1176 1326 ἀλεύρου,
1231 1257 1359 1328 παρ’
1393 1260 1525 1328 ἡμῖν
1561 1260 1618 1313 δὲ
1669 1262 1976 1333 καθαρότης

405 1332 544 1401 βίου,
577 1335 670 1386 καὶ
721 1333 835 1405 ζωὴ
882 1338 1078 1400 κακίας
1108 1337 1325 1410 ἁπάσης
1367 1341 1783 1413 ἀπηλλαγμένη.
1813 1332 1975 1396 Ὥστε

402 1417 432 1467 ό
467 1416 640 1486 ῥύπου
673 1419 765 1471 καὶ
791 1418 1003 1488 κηλῖδος
1045 1420 1294 1492 καθαράν
1333 1422 1430 1494 τὴν
1472 1424 1665 1477 ἑαυτοῦ
1705 1425 1975 1497 διατηρῶν

402 1499 569 1570 ζωὴν,
599 1500 719 1553 καθ’
750 1502 966 1573 ἡμέραν
1001 1503 1268 1574 ἑορτάζει,
1299 1507 1686 1577 πανηγυρίζων
1714 1509 1830 1572 ἀεὶ,
1870 1509 1975 1561 κᾶν

405 1581 480 1650 μὴ
522 1583 578 1635 ἐν
609 1582 810 1654 ἡμέρα,
848 1585 983 1654 μηδὲ
1016 1587 1073 1638 ἐν
1121 1589 1308 1657 σηκοῖς
1352 1589 1676 1659 μαρτύρων,
1717 1590 1851 1644 ἀλλά
1882 1593 1976 1645 καὶ

401 1665 544 1718 οἴκοι
589 1666 917 1737 καθήμενος.
956 1670 1110 1722 Ἔστι
1140 1670 1249 1742 γὰρ
1287 1671 1379 1723 καὶ
1407 1671 1528 1726 καθ’
1556 1673 1748 1726 ἑαυτὸν
1783 1675 1975 1746 ἑορτὴν

404 1747 699 1821 μαρτύρων
733 1750 1021 1804 ἐπιτελεῖν.
1056 1753 1166 1804 Καὶ
1212 1752 1384 1805 ταῦτα
1403 1753 1567 1822 λέγω,
1619 1757 1717 1825 οὐχ
1771 1757 1858 1810 ἵνα
1898 1758 1972 1830 μὴ

401 1830 835 1903 παραγινὼμεθα
851 1835 986 1904 πρὸς
1009 1836 1132 1898 τοὺς
1157 1836 1362 1904 τάφους
1386 1837 1497 1891 τῶν
1521 1838 1833 1911 μαρτύρων,
1858 1841 1974 1894 ἀλλ’

399 1913 488 1967 ἵνα
523 1917 957 1987 παραγενόμενοι
993 1919 1131 1988 μετὰ
1162 1921 1261 1990 τῆς
1302 1922 1686 1993 προσηκούσης
1723 1925 1976 1979 ἀπαντῶ-

402 2014 503 2066 μεν
543 1998 872 2069 προθυμίας,
907 2001 1002 2054 καὶ
1030 2001 1104 2073 μὴ
1150 2002 1310 2072 μόνον
1340 2006 1461 2067 ταῖς
1495 2006 1730 2076 ἡμέραις
1770 2007 1972 2069 αὐτῶν,

398 2079 536 2134 ἀλλά
573 2082 666 2134 καὶ
697 2081 906 2136 τούτων
941 2087 1128 2154 χωρὶς,
1162 2085 1260 2156 τὴν
1291 2087 1463 2156 αὐτὴν
1509 2088 1796 2143 εὐλάϐειαν
1832 2107 1976 2161 παρ’

398 2163 677 2232 εχὼμεθα.
710 2165 806 2228 Τίς
855 2166 965 2237 γάρ
1002 2167 1101 2219 οὐκ
1146 2165 1211 2221 ἂν
1258 2168 1526 2236 ἀγάσαιτο
1551 2171 1790 2241 σήμερον
1819 2171 1972 2243 ἡμῶν

395 2246 490 2299 τὸν
525 2247 809 2315 σύλλογον,
841 2249 900 2302 τὸ
939 2249 1189 2320 λαμπρὸν
1227 2251 1385 2304 τοῦτο
1414 2251 1659 2324 θέατρον,
1694 2255 1794 2324 τὴν
1824 2255 1974 2320 ζέου-

401 2345 503 2382 σαν
523 2331 766 2400 ἀγάπην,
793 2332 896 2401 τὴν
927 2331 1136 2403 θερμήν
1166 2333 1422 2398 διάθεσιν,
1465 2334 1554 2387 τὸν
1603 2335 1974 2407 ἀκατάσχετον

397 2410 608 2482 ἐρωτα;
655 2414 741 2477 Ὠς
773 2416 920 2466 πᾶσα
945 2415 1043 2484 μὲν
1068 2415 1252 2485 σχεδὸν
1275 2419 1307 2486 ἡ
1339 2418 1492 2482 πόλις
1513 2418 1746 2472 ἐνταῦθα
1771 2419 1977 2490 μεθώρ-

402 2511 611 2562 μισται,
659 2498 751 2550 καὶ
779 2495 902 2549 οὐτε
949 2496 1168 2568 οἰκέτην
1197 2499 1454 2551 δεσπότου
1486 2499 1649 2568 φόϐος
1680 2501 1971 2572 κατέσχεν,

397 2576 524 2630 οὔτε
577 2578 783 2648 πένητα
825 2583 858 2651 ἡ
902 2581 998 2650 τῆς
1029 2581 1300 2651 πτωχείας
1329 2583 1564 2654 ἀνάγκη,
1592 2583 1715 2636 οὔτε
1744 2585 1975 2657 γηραιὸν

397 2661 498 2730 τῆς
550 2661 764 2731 ἡλικίας
810 2663 1140 2734 ήάσθένεια,
1193 2665 1316 2718 οὐτε
1364 2668 1598 2733 γυναῖκα
1638 2667 1700 2720 τὸ
1736 2669 1834 2737 τῆς
1871 2667 1972 2736 φύο

403 2759 540 2805 σεως
571 2744 796 2812 ἁπαλὸν,
821 2745 942 2798 οὐτε
976 2747 1228 2800 πλούσιον
1253 2749 1350 2818 τῆς
1385 2749 1702 2818 περιουσίας
1721 2747 1762 2803 ’ό
1785 2748 1975 2819 τῦφος,

399 2824 464 2882 οὐ
518 2825 610 2879 τὸν
667 2827 900 2897 ἄρχοντα
951 2829 1049 2900 τῆς
1091 2829 1338 2896 ἐξουσίας
1384 2832 1417 2900 ἡ
1473 2830 1736 2883 ἀπόνοιαο
1781 2831 1895 2884 ἀλλ’
1948 2835 1977 2886 ὁ

401 2908 510 2960 τῶν
540 2910 832 2982 μαρτύρων
881 2912 1044 2977 πόθος
1081 2915 1264 2967 πᾶσαν
1288 2912 1490 2983 ταύτην
1520 2913 1619 2984 τὴν
1660 2914 1976 2985 ἀνωμαλίαν

403 2990 667 3056 ἐκϐαλὼν,
690 2994 782 3047 καὶ
815 2995 1028 3062 φύσεως
1054 2996 1336 3049 ἀσθένειαν
1368 2997 1461 3048 καὶ
1487 2996 1674 3060 πενίας
1702 2998 1974 3069 ἀνάγκην,

405 3077 503 3146 μιᾷ
552 3077 740 3131 ἁλύσει
791 3078 992 3149 πλῆθος
1036 3079 1284 3132 τοσοῦτον
1325 3078 1558 3132 ἐνταῦθα
1595 3079 1849 3146 εἵλκυσε,
1884 3083 1978 3135 καὶ

405 3159 481 3228 τῷ
519 3159 668 3230 πόθῳ
689 3161 797 3214 τῶν
849 3162 1142 3234 μαρτύρων
1183 3161 1512 3233 ἐπτέρωσεν,
1553 3161 1628 3225 ὡς
1667 3165 1725 3217 ὲν
1766 3164 1979 3236 οὐρανῷ

403 3242 498 3294 νύν
529 3242 972 3313 πολιτευομένους
997 3244 1312 3315 διατρίϐεινο
1342 3247 1519 3298 πᾶσαν
1546 3245 1660 3317 γὰρ
1685 3247 1979 3312 ἀκολασίας

405 3326 499 3378 καὶ
544 3326 831 3395 ἀσελγείας
884 3330 1227 3400 πατήσαντες
1287 3329 1690 3398 προσπάθειαν,
1746 3330 1824 3401 τῷ
1869 3332 1978 3386 τῶν

407 3409 716 3480 μαρτύρων
747 3410 1150 3478 καταφλέγεσθε
1201 3410 1367 3480 πόθῳ.
1424 3411 1690 3483 Καθάπερ
1727 3413 1835 3484 γὰρ
1882 3415 1980 3484 τῆς

404 3492 623 3555 ἀκτῖνος
663 3493 993 3566 ἀνισχούσης
1023 3493 1348 3564 δραπετεύει
1377 3493 1444 3546 τά
1473 3493 1670 3564 θηρία,
1709 3497 1804 3549 καὶ
1843 3495 1981 3566 πρὸς

401 3576 529 3635 τοὺς
556 3574 785 3638 οἰκείους
821 3577 1144 3629 καταδύεται
1171 3575 1476 3647 χηραμούς’
1505 3576 1648 3629 οὓτω
1673 3576 1765 3630 τοῦ
1804 3578 1979 3646 φωτὸς

401 3656 511 3709 τῶν
541 3657 834 3729 μαρτύρων
857 3662 936 3722 είς
960 3659 1056 3723 τὰς
1090 3660 1360 3729 ὑμετέρας
1387 3659 1834 3730 καταλάμποντος
1866 3661 1981 3712 δια-

403 3739 574 3804 νοίας,
625 3741 840 3794 ἅπαντα
885 3742 1275 3813 κατορύττεται
1326 3742 1394 3794 τά
1452 3743 1753 3812 νοσήματα,
1803 3743 1897 3795 καὶ
1945 3744 1979 3811 ἡ

403 3821 634 3893 λαμπρά
659 3825 758 3894 τῆς
785 3825 1102 3894 φιλοσοφίας
1123 3825 1421 3878 ἀνάπτεται
1464 3824 1614 3893 φλόξ.
1667 3825 1806 3877 Ἀλλ’
1832 3826 1980 3890 ὅπως

409 3907 484 3976 μή
505 3905 602 3958 νῦν
636 3907 818 3976 μόνον,
853 3907 989 3960 ἁλλά
1027 3908 1122 3960 καὶ
1151 3907 1433 3977 διηνεκῶς,
1487 3909 1582 3960 καὶ
1617 3907 1710 3960 τοῦ
1749 3907 1977 3978 θεάτρου

406 3987 658 4053 λυθέντος
697 3989 788 4042 τοῦ
821 3991 1188 4060 πνευματικοῦ
1233 3990 1446 4056 τούτου,
1481 3989 1684 4060 ταύτην
1709 3990 1978 4060 διατηρῶο

410 4089 509 4142 μεν
555 4071 654 4143 τὴν
712 4073 918 4142 φλόγα,
975 4074 1069 4128 καὶ
1133 4073 1274 4141 μετά
1326 4077 1425 4145 τῆς
1477 4072 1648 4142 αὐτῆς
1699 4072 1980 4136 εὐλαϐείας

405 4155 587 4210 οἶκαδε
634 4155 1030 4225 ἀναχωρῶμεν,
1075 4155 1150 4225 μὴ
1184 4157 1266 4218 εἰς
1309 4155 1582 4230 καπηλεῖα
1612 4156 1702 4208 καὶ
1737 4159 1975 4232 πορνεῖα,

408 4237 499 4289 καὶ
549 4237 740 4308 μέθην,
781 4238 873 4290 καὶ
910 4239 1114 4307 κώμοις
1147 4248 1169 4276 ο
1208 4237 1432 4300 ἑαυτοὺς
1456 4237 1723 4305 ἀφιέντες.
1761 4237 1979 4308 Ἐποιήα

411 4335 536 4374 σατε
582 4319 678 4389 τὴν
727 4320 897 4373 νύκτα
941 4320 1152 4391 ἡμέραν
1200 4319 1286 4372 διά
1339 4319 1448 4371 τῶν
1490 4318 1822 4387 παννυχίδων
1871 4320 1979 4372 τῶν

413 4400 594 4470 ίερῶψ
639 4401 714 4473 μὴ
759 4404 1017 4473 ποιήσατε
1074 4402 1232 4456 πάλιν
1275 4402 1373 4471 τὴν
1419 4401 1632 4471 ἡμέραν
1677 4401 1846 4458 νύκτα
1894 4402 1982 4454 διὰ

407 4483 505 4551 τῆς
563 4484 733 4554 μέθης
791 4486 884 4537 καὶ
933 4485 1030 4554 τῆς
1073 4485 1416 4555 κραιπάλης,
1449 4485 1541 4536 καὶ
1579 4484 1685 4536 τῶν
1723 4484 1981 4553 ᾀσμάτων

409 4566 518 4620 τῶν
549 4567 841 4639 πορνικῶν.
887 4568 1184 4640 Ἐτίμησας
1216 4569 1340 4631 τοὺς
1377 4567 1655 4639 μάρτυρας
1679 4569 1744 4637 τῇ
1772 4583 1978 4636 παρουο

412 4649 522 4720 σία,
561 4653 628 4720 τῇ
670 4651 965 4719 ἀκροάσει,
1011 4654 1076 4721 τῇ
1135 4651 1359 4720 σπουδῇο
1399 4651 1628 4719 τίμησον
1655 4650 1848 4710 αὐτοὺς
1877 4651 1982 4702 ’καὶ

409 4735 475 4801 τῇ
505 4734 716 4803 κοσμίῳ
770 4736 1138 4805 ἀναχωρήσει,
1194 4735 1267 4804 μή
1323 4751 1404 4794 τις
1447 4732 1568 4784 ἰδών
1624 4749 1683 4784 σε
1732 4733 1981 4801 ἀσχημο-

410 4816 604 4868 νοῦντα
635 4819 693 4869 ὲν
721 4817 1000 4886 καπηλείῳ
1023 4817 1173 4886 εἴπῃ,
1211 4817 1293 4868 ὅτι
1333 4817 1394 4868 οὐ
1421 4815 1510 4868 διὰ
1534 4816 1658 4878 τοὺς
1698 4816 1983 4886 μάρτυρας

411 4902 737 4971 παρεγένου,
759 4901 873 4954 ἀλλ’
899 4901 984 4953 ἵνα
1009 4901 1068 4953 τὸ
1096 4900 1266 4964 πάθος
1294 4900 1554 4971 αὐξήσῃς,
1579 4900 1666 4952 ἵνα
1687 4902 1752 4969 τῇ
1772 4899 1984 4970 πονηρᾷ

410 4983 676 5055 ἐπιθυμίᾳ
706 4985 926 5057 χαρίσῃ.
969 4982 1154 5036 Ταῦτα
1182 4983 1346 5050 λέγω,
1377 4983 1438 5036 οὐ
1487 4982 1706 5034 κωλύων
1738 4985 1980 5052 τρυφᾷν,

410 5068 548 5121 ἀλλά
586 5067 810 5120 κωλύων
843 5066 1210 5137 ἁμαρτάνειν,
1242 5066 1302 5117 οὐ
1347 5064 1570 5118 κωλύων
1609 5065 1810 5128 πίνειν,
1848 5065 1984 5120 ἀλλά

411 5150 638 5203 κωλύων
689 5149 927 5220 μεθύειν.
973 5149 1050 5202 Οὐ
1096 5148 1204 5218 γάρ
1255 5149 1284 5199 ὁ
1325 5142 1465 5209 οἶνος
1511 5147 1739 5216 φαῦλον,
1785 5147 1898 5200 ἀλλ’
1946 5152 1979 5220 ἡ

413 5233 650 5304 ἀμετρία
681 5234 934 5304 πονηρόν·
968 5235 999 5284 ό
1032 5233 1128 5302 μὲν
1169 5230 1277 5301 γὰρ
1313 5227 1452 5292 οἶνος
1487 5230 1580 5284 τοῦ
1612 5230 1745 5284 θεοῦ
1775 5231 1979 5299 δῶρον,

414 5315 562 5389 ίϋϐθ]
585 5317 616 5387 ἡ
643 5316 700 5368 δὲ
721 5315 958 5386 ἀμετρία
982 5314 1075 5368 τοῦ
1091 5313 1334 5367 διαϐόλου
1353 5312 1410 5366 εὖ
1420 5329 1487 5386 ρη
1497 5330 1587 5382 μα.
1609 5314 1984 5367 Δουλεύσατε

477 5539 500 5602 _‘
524 5539 720 5602 Cojslin.
744 5540 908 5602 έορτήν
941 5523 1232 5602 ἐπετέλεσας.

475 5599 502 5642 ι»
524 5598 718 5650 Coisin.
748 5594 879 5651 Eri-tw-
893 5602 1046 5661 ἄζυμα
1063 5600 1190 5661 παρὰ
1211 5598 1467 5661 Ἰουδαίοις.
1492 5595 1545 5643 οὐ
1569 5596 1676 5656 παρ’
1700 5598 1832 5652 ἡμῶν
1854 5594 1979 5657 (sic).

482 5664 502 5692 ³
530 5661 610 5711 Sic
635 5667 780 5712 etiam
801 5660 1019 5720 Comum,
1042 5660 1141 5710 sed
1157 5660 1417 5724 legendum
1443 5661 1645 5717 κώμους.

1581 236 1864 294 HOMILIA
1902 239 1969 296 IN
2005 240 2188 297 MM"
2207 241 2406 299 YRES.

3545 237 3651 290 63$

2085 359 2293 412 τοίνυν
2325 354 2405 420 τῷ
2439 355 2629 424 Κυρίῳ
2656 355 2724 408 ἐν
2753 355 2933 424 φόϐῳ,
2963 354 3058 409 καί
3088 352 3456 424 ἀγαλλιᾶσθε
3494 349 3652 418 αὐτῷ

2085 446 2154 498 ὲν
2189 447 2395 514 τρόμῳ.

2159 535 2346 588 Βούλει
2405 536 2618 608 τρυφῆς
2675 535 3005 600 ἀπολαύειν;
3061 534 3298 588 ἀπόλαυε
3358 536 3415 587 ὲν
3463 532 3650 605 οἰκίᾳ,

2086 623 2241 687 ὅπου,
2273 623 2374 675 κᾶν
2425 623 2562 693 μέθη
2594 623 2837 693 γένηται,
2873 622 3058 675 πολλοὶ
3089 624 3135 675 οί
3170 621 3610 693 περιστέλλοντες
3635 635 3650 651 ⁸

2090 711 2164 780 μὴ
2209 712 2266 762 ἐν
2311 711 2622 781 καπηλείῳ,
2673 711 2758 764 ἴνα
2816 711 2888 782 μὴ
2939 711 3113 764 κοινὸν
3157 708 3223 785 ᾖς
3274 711 3496 780 θέατρον
3542 713 3654 774 τοῖς

2086 797 2320 867 παροῦσι
2343 800 2368 835 ά
2407 798 2500 850 καὶ
2529 798 2819 851 σκάνδαλον
2851 799 3078 866 ἑτέροις.
3122 798 3233 850 Καὶ
3272 797 3442 850 ταῦτα
3474 796 3615 864 λέγω
3635 836 3649 861 ,

2086 883 2144 934 οὐ
2185 883 2418 936 κελεύων
2438 885 2572 936 οἴκοι
2607 883 2844 954 μεθύειν,
2879 884 2992 935 ἀλλ’
3027 885 3084 935 ὲν
3123 881 3398 952 καπηλείῳ
3431 881 3504 951 μὴ
3532 881 3650 934 δια⁴

2084 970 2311 1040 τρίϐειν.
2367 971 2647 1040 Ἐννόησον
2698 971 2881 1040 ἡλίκος
2939 971 3145 1038 γέλως,
3218 969 3352 1040 μετὰ
3399 969 3652 1038 τοιαύτην

2087 1058 2340 1122 σύνοδον,
2396 1059 2534 1128 μετά
2586 1059 2943 1127 παννυχίδας,
3002 1057 3139 1126 μετὰ
3193 1056 3423 1127 Γραφῶν
3482 1056 3652 1124 ἁγίων

2085 1145 2365 1216 ἀκρόασιν,
2422 1144 2557 1214 μετά
2615 1145 2926 1214 μυστηρίων
2982 1143 3139 1196 θείων
3199 1144 3497 1206 κοινωνίαν,
3559 1143 3654 1197 καὶ

2088 1232 2225 1300 μετὰ
2251 1233 2627 1301 πνευματικὴν
2675 1232 2955 1302 χορηγίαν,
2990 1232 3160 1301 ἄνδρα
3219 1233 3248 1302 ἢ
3299 1234 3532 1298 γυναῖκα
3595 1230 3655 1284 ἐν

2084 1319 2364 1390 καπηλείῳ
2393 1318 2674 1387 φαίνεσθαι
2703 1319 3142 1390 διημερεύοντας.
3167 1321 3280 1372 Οὐκ
3300 1318 3472 1371 οἴδατε
3490 1318 3650 1388 ἡλίκη

2084 1408 2258 1458 κεῖται
2282 1406 2502 1468 κόλασις
2522 1409 2634 1468 τοῖς
2669 1405 2961 1476 μεθύουσι;
2993 1407 3092 1471 τῆς
3118 1406 3224 1477 γὰρ
3256 1405 3530 1476 βασιλείας
3558 1404 3650 1456 τοῦ

2083 1493 2217 1546 Θεοῦ
2263 1493 2630 1558 έκϐάλλονται,
2673 1495 2766 1546 καί
2799 1493 2905 1546 τῶν
2937 1495 3258 1566 ἀπορρήτων
3300 1495 3654 1546 ἐκπίπτουσιν

2083 1579 2323 1648 ἀγαθῶν,
2369 1581 2462 1634 καὶ
2495 1583 2574 1644 εἰς
2607 1580 2667 1632 τὸ
2710 1580 2924 1633 αἰώνιον
2975 1580 3084 1653 πῦρ
3129 1581 3519 1651 ἐκπέμπονται.
3557 1581 3652 1643 Τίς

2081 1667 2252 1721 ταῦτά
2281 1685 2476 1738 φησιν;
2504 1669 2563 1720 '0
2595 1667 2862 1739 μακάριος
2888 1669 3098 1731 Παῦλος
3119 1687 3130 1698 ·
3161 1672 3244 1722 Οὐ
3275 1668 3666 1733 πλεονέκται,

2083 1755 2268 1826 φησὶν,
2292 1755 2644 1824 οὐμέθυσοι,
2663 1757 2732 1809 οὐ
2755 1755 3036 1822 λοίδοροι,
3066 1757 3175 1823 οὐχ
3203 1755 3622 1824 ἅρπαγεςβασι
3638 1785 3650 1794 -

2081 1843 2254 1896 λείαν
2271 1842 2418 1896 Θεοῦ
2439 1845 2510 1896 οὺ
2534 1840 3150 1910 κληρονομήσουσι.Τί
3166 1843 3358 1908 γένοιτ’
3380 1841 3445 1894 ἂν
3461 1840 3652 1893 ἀθλιώ-

2080 1947 2234 2002 τερον
2266 1931 2356 1984 τοῦ
2391 1930 2695 2000 μεθύοντος,
2723 1931 2849 1983 ὅταν
2886 1928 2975 1982 διὰ
3004 1929 3205 2000 μικρὰν
3235 1930 3424 1998 ἡδονὴν
3454 1928 3652 1982 τοσαύ-

2080 2035 2179 2088 της
2209 2017 2445 2088 ἀπολέσῃ
2473 2017 2748 2088 βασιλείας
2779 2017 3110 2081 ἀπόλαυσιν;
3140 2016 3353 2069 Μᾶλλον
3378 2016 3496 2068 οὐδὲ
3525 2015 3650 2086 ἡδο-

2081 2105 2178 2174 νὴν
2223 2106 2251 2157 ό
2289 2104 2500 2175 μεθύων
2558 2103 2954 2173 καρπώσασθαι
3002 2103 3261 2156 δύναται·
3314 2105 3371 2155 ἐν
3425 2104 3530 2175 γὰρ
3582 2107 3648 2174 τῇ

2083 2191 2395 2262 συμμετρίᾳ
2429 2191 2498 2244 τὰ
2523 2191 2623 2260 τῆς
2656 2190 2868 2261 ἡδονῆς.
2901 2192 2957 2242 ὲν
2993 2191 3047 2244 δι
3081 2193 3145 2260 τῇ
3174 2190 3409 2262 ἀμετρία
3442 2191 3509 2242 τὰ
3551 2190 3650 2259 τῆς

2083 2278 2456 2348 ἀναισθησίας.
2502 2279 2560 2330 Ὀ
2603 2279 2659 2331 δὲ
2703 2278 2802 2330 οὐκ
2829 2277 3214 2347 αἰσθανόμενος
3248 2277 3350 2330 ποῦ
3396 2278 3646 2346 κάθηται,

2082 2364 2115 2434 ἢ
2163 2366 2502 2428 κατάκειται,
2559 2364 2676 2427 πῶς
2729 2364 2795 2417 ἂν
2842 2364 3080 2418 αἴσθοιτο
3120 2367 3218 2434 τῆς
3273 2364 3365 2417 τοῦ
3415 2365 3654 2433 πόματος

2084 2452 2294 2522 ἡδονῆς,
2341 2451 2473 2522 μηδὲ
2517 2451 2607 2504 τὸν
2651 2451 2800 2521 ἥλιον
2852 2451 3014 2504 αὐτὸν
3053 2451 3351 2520 δυνάμενος
3391 2452 3522 2521 όρᾷν
3567 2451 3655 2504 διὰ

2083 2538 2182 2606 τὴν
2213 2539 2424 2610 πυκνὴν
2465 2538 2563 2606 τῆς
2619 2539 2792 2609 μέθης
2833 2539 3081 2608 νεφέλην,
3134 2539 3250 2601 πῶς
3301 2539 3367 2592 ἂν
3413 2538 3654 2591 ἀπολαύ-

2086 2643 2227 2680 σειεν
2259 2627 2629 2698 εὐφροσύνης;
2674 2627 2925 2680 τοσοῦτον
2969 2628 3078 2697 γάρ
3125 2628 3289 2680 αὐτοῦ
3336 2627 3396 2679 τὸ
3442 2629 3652 2689 σκότος,

2085 2714 2160 2777 ὼς
2197 2715 2271 2786 μὴ
2300 2715 2488 2786 ἀρκεῖν
2530 2715 2678 2782 αὐτῷ
2721 2715 2820 2778 τὰς
2867 2715 3091 2776 ἀκτῖνας
3145 2715 3222 2777 είς
3268 2714 3327 2765 τὸ
3377 2712 3535 2766 λῦσαι
3563 2714 3655 2766 τὸν

2085 2801 2246 2870 ζόφον
2273 2802 2498 2855 ἐκεῖνον.
2545 2801 2658 2853 Ἀεὶ
2694 2800 2826 2870 μὲν,
2863 2802 3154 2870 ἀγαπητοὶ,
3195 2800 3362 2853 κακὸν
3394 2802 3427 2870 ἡ
3477 2800 3652 2871 μέθη,

2089 2887 2323 2958 μάλιστα
2350 2889 2406 2942 δὲ
2429 2891 2485 2942 ὲν
2515 2890 2544 2958 ἡ
2555 2888 2698 2960 μέρᾳ
2721 2889 3030 2960 μαρτύρων.
3055 2888 3208 2941 Μετά
3225 2887 3331 2958 γὰρ
3355 2889 3453 2958 τῆς
3479 2889 3655 2958 ἀμαρο

2084 2977 2206 3040 τίας
2244 2976 2338 3029 καὶ
2383 2975 2539 3048 ὕϐρις
2565 2976 2680 3028 ἐστὶ
2722 2976 2950 3046 μεγίστη
2985 2975 3078 3028 καὶ
3106 2975 3517 3045 παραφροσύνη.
3558 2975 3654 3028 καὶ

2087 3063 2428 3128 ὲξουδένωσις
2462 3063 2620 3116 θείων
2652 3063 2866 3131 λογίων·
2901 3062 3021 3116 ὅθεν
3050 3062 3210 3131 διπλῆ
3242 3062 3436 3130 γένοιτ’
3467 3061 3532 3116 ἂν
3562 3063 3656 3116 καὶ

2087 3154 2120 3223 ἡ
2153 3152 2391 3215 κόλασις.
2441 3153 2504 3205 El
2550 3151 2763 3222 μέλλεις
2794 3151 3006 3215 τοίνυν,
3041 3153 3120 3213 είς
3159 3151 3438 3221 μάρτυρας
3478 3167 3657 3222 παρα-

2085 3239 2393 3310 γενόμενος,
2437 3239 2574 3309 μετά
2610 3238 2708 3309 τὴν
2737 3237 2982 3292 ἐντεῦθεν
3026 3236 3368 3309 ἀναχώρησιν
3407 3238 3650 3307 μεθύειν,

2089 3327 2294 3397 βέλτιον
2346 3326 2484 3378 οἴκοι
2539 3325 2754 3396 μένειν,
2811 3325 2905 3378 καὶ
2971 3325 3044 3396 μὴ
3105 3328 3451 3396 ἀσχημονεῖν,
3523 3325 3654 3395 μηδὲ

2075 3413 2330 3485 κύϐρίζειν
2367 3412 2472 3466 τῶν
2511 3412 2801 3484 μαρτύρων
2825 3413 2924 3482 τὴν
2957 3412 3168 3483 ἑορτὴν,
3205 3411 3337 3482 μηδὲ
3371 3411 3654 3464 σκανδαλί-

2089 3501 2202 3567 ζειν
2247 3501 2338 3554 τὸν
2376 3500 2632 3572 πλησίον,
2696 3499 2830 3570 μηδὲ
2879 3500 3185 3569 πολιορκεῖν
3240 3498 3337 3568 τήν
3383 3498 3652 3562 διάνοιαν,

2091 3589 2228 3662 μηδὲ
2257 3591 2629 3662 ἁμαρτήματα
2655 3589 3018 3660 προστιθέναι.
3044 3584 3246 3650 Ἦλθες
3281 3588 3407 3639 ἰδεῖν
3444 3587 3656 3658 ἀνθρὼ-

2089 3696 2222 3742 πους
2257 3679 2562 3749 ξεομένους,
2594 3679 2782 3748 αἵματι
2819 3677 3294 3749 περιρρεομένους,
3327 3677 3655 3746 τραυμάτων

2087 3767 2232 3837 χορῷ
2267 3765 2804 3835 καλλωπιζομένους,
2852 3763 2948 3834 τὴν
2995 3761 3275 3833 παροῦσαν
3308 3761 3653 3828 ἀποδυσαμέ-

2088 3871 2206 3916 νους
2243 3852 2407 3922 ζωὴν,
2453 3852 2588 3922 πρὸς
2616 3851 2715 3921 τὴν
2755 3849 3051 3920 μέλλουσαν
3097 3847 3423 3917 ίπταμένους
3447 3865 3460 3878 ο
3494 3849 3653 3916 γενοῦ

2087 3938 2194 3991 τῶν
2225 3939 2538 4006 ἀγωνιστῶν
2568 3937 2732 4002 ἄξιος.
2779 3935 3200 4006 Κατεφρόνησαν
3239 3936 3435 3988 ἐκεῖνοι
3468 3935 3614 4004 ζωῆς
3635 3975 3652 4000 ,

2089 4025 2494 4095 καταφρόνησον
2543 4026 2606 4078 σὺ
2649 4023 2861 4094 τρυφῆς
2889 4038 2902 4052 ’
2951 4021 3285 4074 ἀπεδύσαντο
3329 4024 3523 4073 ἐκεῖνοι
3562 4022 3655 4073 τὸν

2089 4114 2329 4183 παρόντα
2361 4112 2493 4181 βίον,
2517 4111 2781 4164 ἀπόδυσαι
2810 4112 2872 4162 σὺ
2902 4109 3001 4178 τῆς
3035 4108 3202 4179 μέθης
3233 4109 3320 4160 τὸν
3346 4109 3530 4162 πόθον.

2171 4201 2328 4254 Ἀλλὰ
2373 4198 2548 4270 βούλει
2592 4199 2833 4268 τριιφᾷν;
2880 4197 3158 4266 παράμενε
3189 4207 3211 4235 θ
3243 4195 3320 4265 τῷ
3359 4197 3515 4265 τάφῳ
3560 4196 3652 4248 τοῦ

2091 4289 2384 4362 μάρτυρος,
2411 4287 2564 4360 έκχεε
2592 4288 2770 4357 πηγὰς
2797 4285 3045 4356 δακρύων
3075 4287 3206 4348 ἐκεῖ,
3243 4283 3528 4354 σύντριψον
3558 4283 3654 4354 τὴν

2086 4372 2341 4434 διάνοιαν,
2374 4367 2505 4441 ἆρον
2531 4369 2778 4437 εὐλογίαν
2808 4368 2915 4420 ἀπὸ
2935 4368 3026 4419 τοῦ
3055 4367 3248 4434 τάφου·
3280 4365 3458 4419 λαϐὼν
3485 4367 3653 4434 αὐτὴν

2091 4459 2386 4527 συνήγορον
2407 4459 2462 4508 ὲν
2495 4458 2613 4517 ταῖς
2650 4456 2854 4524 εὐχαῖς,
2885 4453 3184 4523 ὲνδιάτριϐε
3213 4453 3300 4505 ἀεὶ
3327 4456 3436 4516 τοῖς
3463 4453 3654 4523 διηγή-

2093 4562 2223 4618 μασι
2275 4544 2383 4597 τῶν
2429 4542 2818 4612 παλαισμάτων
2861 4542 3089 4593 ἐκείνου·
3142 4540 3508 4610 περιπλάκηθι
3556 4539 3654 4610 τὴν

2092 4633 2270 4704 σορὸν,
2301 4627 2678 4700 προσηλώθητι
2719 4631 2784 4698 τῇ
2825 4627 3070 4698 λάρνακι·
3106 4627 3224 4694 οὐχὶ
3245 4627 3310 4679 τά
3333 4627 3466 4678 ὀστᾶ
3497 4625 3653 4694 μόνον

2088 4721 2197 4773 τῶν
2225 4719 2533 4791 μαρτύρων,
2564 4717 2698 4770 ἁλλά
2725 4717 2817 4769 καὶ
2838 4717 2885 4768 οἱ
2920 4718 3080 4784 τάφοι
3105 4715 3301 4775 αὐτῶν,
3333 4716 3425 4767 καὶ
3446 4716 3502 4766 αἱ
3525 4715 3654 4783 λάρ-

2089 4825 2253 4870 νακες
2283 4807 2482 4875 πολλὴν
2515 4803 2768 4875 βρύουσιν
2798 4803 3069 4871 εὐλογίαν.
3107 4801 3251 4855 Λάϐε
3279 4801 3456 4855 ἔλαιον
3477 4801 3652 4870 ἅγιον,

2090 4897 2182 4948 καὶ
2214 4893 2233 4934 ί
2268 4894 2594 4964 κατάχρισόν
2624 4909 2717 4944 σου
2741 4891 2860 4944 ὅλον
2887 4890 2946 4944 τὸ
2973 4890 3151 4960 σῶμα,
3182 4890 3279 4959 τὴν
3307 4889 3572 4956 γλῶτταν,
3590 4889 3658 4942 τὰ

2089 4983 2264 5054 χείλη,
2305 4982 2394 5035 τὸν
2437 4980 2724 5052 τράχηλον,
2751 4980 2875 5040 τοὺς
2903 4978 3242 5048 ὀφθαλμοὺς,
3275 4978 3367 5030 καὶ
3403 4977 3654 5030 οὐδέποτε

2091 5073 2302 5142 ἐμπεσῇ
2336 5072 2414 5132 είς
2443 5069 2502 5123 τὸ
2533 5068 2789 5134 ναυάγιον
2817 5068 2914 5137 τῆς
2938 5067 3129 5137 μέθης.
3151 5065 3224 5119 Τὸ
3251 5067 3358 5137 γὰρ
3382 5066 3556 5119 ἐλαιον
3572 5064 3656 5116 διὰ

2090 5160 2187 5228 τῆς
2223 5157 2371 5228 [670]
2403 5155 2630 5217 εὐωδίας
2665 5155 3068 5224 ἀναμιμνήσκει
3100 5170 3157 5206 σε
3205 5153 3311 5206 τῶν
3339 5153 3513 5206 ἄθλων
3550 5152 3658 5202 τῶν

2095 5245 2404 5319 μαρτύρων,
2436 5242 2528 5296 καὶ
2557 5244 2734 5296 πᾶσαν
2757 5241 3049 5296 ἀκολασίαν
3072 5240 3296 5312 χαλινοῖ,
3325 5242 3416 5294 καὶ
3439 5239 3657 5308 κατέχει

2151 5468 2178 5508 d
2203 5467 2394 5514 Coisﬁn.
2419 5465 2515 5519 τοῖς
2532 5461 2797 5526 παριοῦσιν.

2159 5532 2181 5557 θ
2209 5527 2405 5576 Cnislin.
2437 5521 2667 5586 περίμενε.
2699 5521 3197 5586 Ιιιίτιιὶιιριη-,σπᾶσοη
3240 5575 3256 5586 .
3342 5575 3372 5586 __
3463 5569 3474 5586 I
3527 5581 3601 5586 an

2159 5589 2177 5626 ῐ
2205 5569 2405 5639 (Ῑοίξίὶἶίξ
2426 5569 3095 5646 )Ῐά’έε’”έλαίοέι’τοῗςίόμηλίκοις
3116 5576 3212 5625 καί.
3240 5575 3408 5626 Lectio
3433 5569 3656 5621 (ὡδί-Γνα-

2097 5659 2147 5701 lu
2169 5652 2331 5711 digna,
