4080 6198
371 249 472 307 665

367 366 638 425 lasciviam
662 364 916 433 refrenat,
949 375 1107 437 atque
1133 367 1184 421 in
1227 364 1390 420 multa
1413 364 1615 420 detinet
1655 364 1904 435 patientia
1931 405 1946 427 ,

367 461 635 530 animique
662 459 879 514 morbos
909 459 1676 530 expugnat.Verumenimvero
1703 458 1753 510 in
1781 455 1950 510 hortis

364 552 569 606 versari
597 551 771 622 cupis,
799 551 851 606 in
883 553 1048 621 pratis
1073 591 1088 616 ,
1119 560 1174 607 et
1210 551 1516 606 viridariis?
1544 550 1621 605 Ne
1659 550 1769 622 jam
1799 549 1849 602 id
1872 548 1949 601 l’a-

366 641 502 707 eias,
530 655 651 696 cum
672 621 863 696 tantus
889 642 1063 696 adstat
1091 642 1338 711 populus,
1369 642 1463 696 sed
1493 642 1599 695 alio
1627 621 1711 695 die
1742 658 1754 693 :
1789 639 1950 694 hodie

364 749 598 805 namque
619 735 881 789 lectarum
913 743 1122 806 tempus
1149 745 1250 802 est,
1281 736 1438 790 hodie
1465 735 1824 805 Spectaculum
1867 742 1952 789 est

362 826 739 898 certaminum,
768 841 876 881 non
902 826 1214 882 deliciarum
1246 837 1337 883 aut
1363 828 1712 897 voluptatum.
1746 827 1946 882 Venisti

366 917 488 982 huc,
523 932 628 970 non
660 927 717 972 ut
748 917 977 988 teipsum
1017 919 1246 989 pigritia:
1290 918 1454 974 dedas
1476 960 1490 985 ,
1527 919 1620 974 sed
1653 928 1709 974 ut
1739 927 1949 974 certare

363 1006 538 1061 discas
557 1049 571 1069 ,
602 1009 878 1077 pancratio
908 1009 1123 1064 vincere
1143 1051 1158 1076 ,
1188 1020 1243 1066 et
1268 1010 1428 1066 homo
1457 1026 1577 1066 cum
1605 1011 1681 1066 sis
1699 1049 1715 1076 ,
1743 1012 1948 1065 daemo-

364 1114 492 1152 num
539 1097 881 1154 invisibilium
912 1100 1054 1156 vires
1083 1100 1393 1172 infringere.
1421 1102 1591 1158 Nemo
1618 1103 1813 1173 quippe
1851 1117 1948 1158 ve-

365 1189 527 1243 nitad
559 1190 856 1258 palmstram
882 1231 898 1254 ,
929 1199 988 1245 ut
1010 1190 1212 1248 deliciis
1243 1200 1428 1260 vacet,
1455 1209 1629 1264 neque
1657 1209 1778 1249 cum
1811 1205 1946 1250 tem-

366 1295 494 1349 pore
526 1281 788 1337 luctarum
811 1283 1083 1354 ingressus
1113 1285 1275 1340 fuerit
1303 1327 1318 1353 ,
1344 1287 1568 1343 formam
1593 1304 1741 1344 suam
1780 1304 1947 1344 exco-

365 1371 442 1437 lit,
487 1382 579 1427 aut
613 1389 734 1429 cum
776 1377 920 1430 acies
967 1376 1262 1432 ordinanda
1283 1388 1405 1445 est,
1433 1394 1649 1435 mensas
1695 1381 1944 1451 exquirit.

369 1463 444 1518 Ne
470 1466 631 1535 igitur
660 1476 716 1521 tu
742 1483 956 1538 quoque
1000 1484 1122 1525 cum
1171 1471 1237 1526 ad
1267 1473 1458 1527 animm
1481 1472 1842 1529 fortitudinem
1883 1491 1948 1531 ac

363 1556 558 1610 tuentis
589 1557 824 1626 vigorem
855 1559 1199 1628 spectandum
1239 1561 1519 1617 adveneris
1542 1605 1556 1630 ,
1589 1565 1654 1619 ad
1686 1573 1942 1635 tropaeum

364 1659 558 1700 novum
585 1655 639 1701 et
663 1648 996 1715 admirabile,
1022 1665 1250 1722 pugnam
1277 1653 1602 1722 inusitatam,
1633 1656 1698 1710 ad
1725 1657 1946 1712 vulnera

366 1745 420 1790 et
473 1737 696 1804 pra-lia,
746 1745 801 1792 et
842 1741 1176 1808 pancratium
1215 1741 1484 1810 hominis,
1531 1759 1601 1801 ne
1644 1746 1946 1804 daemonum

367 1827 606 1881 actiones
651 1827 976 1898 introducas,
1005 1841 1058 1887 et
1103 1843 1224 1902 post
1263 1836 1455 1890 mirum
1501 1845 1556 1891 et
1611 1839 1947 1896 tremendum

369 1917 469 1973 hoc
485 1920 845 1987 spectaculum
872 1922 1115 1978 ebrietati
1141 1939 1205 1980 ac
1229 1925 1432 1982 deliciis
1458 1928 1680 1998 teipsum
1708 1930 1944 2000 addicas,

367 2009 458 2062 sed
484 2009 721 2066 collectis
747 2012 941 2068 anima:
968 2014 1132 2070 lucris
1161 2015 1378 2073 domum
1415 2019 1606 2074 deinde
1635 2031 1903 2078 revertere
1925 2065 1941 2090 ,

364 2107 520 2165 atque
545 2100 660 2169 ipso
687 2102 760 2157 tui
788 2113 1082 2174 conspectu
1108 2115 1305 2164 testare
1323 2111 1570 2166 omnibus
1589 2126 1620 2166 a
1649 2123 1944 2184 martyrum

366 2196 419 2242 te
439 2193 744 2259 spectaculo
786 2193 981 2250 redire.
1007 2195 1136 2252 Nam
1158 2200 1606 2269 quemadmodum
1626 2203 1766 2273 quia
1797 2204 1948 2261 thea-

1545 252 1611 308 ΙΝ
1652 255 1708 308 S.
1751 247 2088 307 JULlANUM
2127 248 2532 306 MARTYREM.

3538 252 3642 306 666

2061 363 2154 416 tris
2195 362 2542 428 descendunt,
2593 363 2746 419 facile
2792 362 3038 419 omnibus
3099 363 3469 428 innotescunt,
3523 378 3643 433 per-

2059 455 2270 520 turbati,
2289 457 2518 522 confusi,
2541 455 2780 521 emolliti,
2807 463 2861 510 et
2886 469 3068 509 eorum
3096 470 3214 524 qua:
3238 454 3343 508 illic
3371 454 3504 508 facta
3521 465 3643 508 sunt

2056 547 2339 602 simulacra
2396 557 2663 618 gestantes
2699 566 2713 600 :
2743 547 2811 601 ita
2860 555 2916 601 et
2959 561 3079 602 eum
3129 547 3217 614 qui
3257 561 3288 600 a
3339 545 3644 614 spectaculo

2057 649 2349 711 martyrum
2396 649 2730 706 revertatur,
2777 639 2931 693 facile
2982 639 3049 694 ab
3120 639 3367 693 omnibus
3434 646 3645 706 Oportet

2056 732 2270 800 agnosci
2314 747 2379 786 ex
2407 741 2644 802 aspectu,
2675 747 2740 787 ex
2773 731 2949 786 habitu
2971 774 2985 798 ,
3026 747 3092 786 ex
3140 731 3372 796 incessu,
3403 745 3470 786 ex
3495 744 3646 784 com-

2057 824 2362 893 punctione,
2391 840 2455 879 ex
2486 825 2678 880 mentis
2704 825 2944 880 collectae
2971 825 3262 879 attentione
3286 842 3301 892 ;
3333 825 3508 896 ignem
3532 825 3646 895 spi-

2060 924 2264 969 rantem
2289 957 2304 982 ,
2338 915 2658 982 modestum,
2685 917 2993 981 contritum,
3023 916 3283 981 sobrium,
3313 917 3640 986 vigilantem,

2057 1015 2110 1060 et
2132 1005 2441 1061 interiorem
2475 1007 2875 1076 temperantiam
2905 1023 2967 1063 ac
2991 1007 3376 1078 philosophiam
3403 1010 3645 1078 corporis

2057 1098 2293 1152 moribus
2317 1098 2699 1167 propalantem.
2716 1099 2804 1152 Sic
2821 1099 2978 1168 igitur
2997 1100 3061 1152 ad
3083 1101 3264 1154 urbem
3288 1111 3640 1164 revertamur,

2055 1203 2175 1243 cum
2206 1204 2268 1243 ea
2298 1205 2398 1258 qua
2424 1204 2518 1259 par
2534 1198 2614 1243 est
2643 1190 2922 1253 modestia,
2943 1206 3062 1244 cum
3087 1191 3296 1244 incessu
3324 1191 3640 1260 composito,

2055 1295 2177 1334 cum
2233 1280 2509 1349 prudentia
2555 1291 2608 1336 et
2651 1282 3010 1347 continentia,
3066 1297 3185 1336 cum
3237 1283 3445 1350 placido
3496 1291 3643 1336 tran-

2055 1370 2324 1439 quilloque
2339 1378 2577 1440 aspectu.
2605 1371 2829 1424 Amictus
2856 1373 2984 1425 enim
3017 1372 3108 1425 viri
3130 1413 3143 1435 ,
3167 1382 3210 1424 ct
3236 1372 3366 1424 risus
3395 1371 3641 1436 dentium,

2057 1471 2104 1514 et
2134 1462 2388 1530 ingressus
2413 1461 2630 1516 hominis
2657 1464 2935 1516 enuntiobil
2981 1464 3043 1515 de
3083 1463 3172 1516 illo
3205 1462 3389 1534 (Eccli.
3417 1461 3500 1516 l9.
3522 1461 3642 1530 27).

2054 1554 2127 1611 lta
2169 1571 2435 1625 sempera
2481 1557 2802 1627 martyribus
2847 1566 3214 1624 revertamur,
3245 1557 3313 1612 ab
3362 1556 3646 1627 unguentis

2055 1647 2438 1718 spiritualihus,
2465 1661 2495 1700 a
2525 1647 2826 1703 caelestibus
2869 1649 3072 1718 pratis,
3113 1663 3143 1701 a
3189 1648 3342 1703 novis
3389 1631 3664 1718 mirisque.

2053 1739 2391 1810 spectaculis,
2416 1749 2472 1796 ut
2497 1748 2551 1796 et
2573 1740 2673 1810 ipsi
2703 1740 2920 1796 multam
2949 1739 3254 1796 facilitatem
3279 1741 3638 1810 experiamur,

2054 1846 2108 1890 et
2150 1835 2359 1890 caeteris
2413 1835 2710 1890 libertatem
2760 1833 3127 1899 conciliemus,
3173 1849 3236 1888 ac
3281 1833 3454 1887 futura
3502 1834 3642 1889 bona

2054 1942 2472 1998 consequamur,
2525 1928 2694 1996 gratia
2746 1937 2800 1981 et
2840 1927 3165 1996 benignitate
3211 1925 3418 1979 Domini
3471 1926 3642 1980 nostri

2053 2021 2180 2077 Jesu
2206 2021 2422 2086 Christi,
2452 2035 2571 2076 cum
2592 2035 2699 2090 quo
2729 2019 2870 2074 Patri
2910 2018 3171 2089 simulque
3207 2016 3641 2088 SpirituiSancto

2055 2114 2238 2183 gloria,
2266 2113 2569 2182 imperium,
2592 2110 2782 2178 honor,
2807 2123 2946 2165 nunc
2969 2118 3025 2165 et
3047 2123 3280 2179 semper,
3298 2118 3352 2164 et
3374 2109 3426 2162 in
3448 2105 3640 2162 srecula

2054 2206 2396 2260 smculorum.
2425 2207 2616 2259 Amen.

1043 2886 1146 2950 AD
1178 2886 1554 2951 HOMILIAM
1582 2887 1662 2949 IN
1692 2886 2044 2984 SANCTUM
2082 2885 2463 2948 JULIANUM
2493 2886 2941 2949 MARTYREM.

378 3225 727 3284 confessione
765 3221 969 3279 Christi
1012 3237 1072 3278 se
1103 3222 1170 3278 ad
1205 3231 1512 3278 extremum
1543 3236 1717 3292 usque
1751 3218 2002 3290 spiritum
2040 3227 2513 3288 perseveraturum
2554 3220 2784 3286 diceret,
2821 3222 2876 3276 in
2916 3237 3135 3278 saccum
3175 3239 3340 3280 arena
3376 3235 3429 3281 et
3457 3240 3622 3281 vene-

378 3343 521 3399 natis
545 3342 827 3412 reptilibus
843 3340 1102 3396 refertum
1124 3340 1387 3404 inclusus,
1408 3346 1461 3396 in
1477 3355 1624 3396 mare
1647 3339 1917 3412 proiectus
1932 3346 2034 3404 est,
2046 3349 2098 3392 et
2119 3337 2364 3408 martyrii
2387 3353 2642 3393 coronam
2664 3340 2911 3410 adeptus.
2930 3340 3210 3396 Postremo
3223 3341 3439 3396 additur
3458 3361 3471 3397 :
3491 3340 3624 3394 Τοῦ-

376 3471 468 3511 τον
499 3459 528 3512 ὁ
554 3457 724 3528 μέγας
756 3457 1136 3529 Χρυσόστομος
1173 3457 1468 3528 ἐγκωμίοις
1497 3456 1774 3528 ἐτίμησεν.
1804 3453 1946 3508 Ilum

2055 3469 2210 3524 mgnus
2245 3449 2651 3524 Chrysostomus
2675 3455 2920 3510 laudibus
2954 3457 3246 3511 exornavit.
3279 3455 3336 3510 In
3364 3458 3625 3530 CataIOgo

378 3580 697 3650 Augustano
729 3587 993 3634 tractatus
1025 3577 1111 3632 hic
1139 3585 1222 3634 est
1245 3563 1910 3647 ordine'septuagesimus
1940 3584 1946 3628 I

2055 3575 2154 3641 ius,
2185 3575 2267 3638 sic;
2301 3575 2393 3629 τὸν
2422 3574 2676 3646 μάρτυρα
2711 3572 3018 3631 Ἰουλιανόν.
3053 3575 3115 3627 Εἰ
3138 3576 3195 3627 ὲν
3217 3577 3284 3646 τῇ
3317 3577 3408 3645 γῇ.
3441 3574 3623 3630 Codex

379 3701 652 3758 Mediceus
682 3702 958 3772 praefixum
1001 3702 1195 3757 habuit
1221 3702 1361 3757 diem
1394 3698 1447 3773 μ’
1498 3700 1701 3772 Ίουνίῳ
1727 3705 1836 3754 καν.
1860 3699 1919 3754 1η
1949 3697 2244 3768 Ilorologio
2275 3713 2490 3769 quoque
2517 3697 2828 3754 Graecorum
2855 3697 2994 3769 apud
3035 3697 3266 3753 Usuardi
3295 3696 3622 3768 Martyrolo-

381 3817 526 3887 gium
561 3834 590 3873 a
635 3819 851 3875 Molano
879 3819 1109 3885 editum,
1138 3819 1202 3874 2|
1257 3819 1428 3886 Junii,
1465 3817 1805 3875 Sacrosancli
1845 3818 2104 3889 Martyris
2142 3818 2352 3872 Juliani
2398 3820 2570 3874 Tarsi.
2611 3819 2870 3875 Diversus
2899 3826 2983 3873 est
3014 3818 3106 3874 hic
3141 3818 3210 3872 ab
3249 3817 3343 3872 illo
3381 3813 3622 3881 Juliano,

380 3935 539 4004 cujus
571 3937 629 3992 lit
681 3937 888 3992 mentio
939 3936 993 3990 in
1026 3935 1328 4008 Menologio
1358 3938 1578 4008 vulgato
1609 3937 1859 4008 Antiquae
1884 3937 2158 3992 Lectionis
2183 3935 2247 3989 Τ.
2285 3935 2423 3991 Vlll.
2453 3935 2639 4006 Neque
2663 3936 2809 3991 enim
2849 3937 2905 3990 in
2934 3934 3188 4005 Egypto,
3239 3933 3334 3990 sed
3359 3933 3412 3987 in
3433 3932 3622 3987 Cilicia

380 4060 577 4114 passus
609 4056 693 4102 est
720 4066 734 4102 :
771 4048 844 4104 ita
875 4057 934 4103 ut
962 4049 1101 4119 quod
1131 4048 1221 4104 ille
1251 4064 1279 4103 a
1309 4047 1700 4120 Chrysostomo
1728 4050 1982 4105 laudatus
2005 4048 2224 4115 dicitur,
2259 4049 2327 4104 ab
2359 4049 2460 4105 hoc
2485 4058 2672 4105 nostro
2701 4049 2768 4103 ad
2797 4049 2948 4104 illum
2977 4061 3257 4118 perperam
3295 4045 3618 4102 translatum

382 4158 551 4221 fuisse
593 4167 854 4224 videatur.
911 4172 970 4224 In
1011 4171 1209 4227 Codice
1273 4170 1441 4242 Regio
1494 4171 1712 4226 Henrici
1766 4173 1831 4235 ll,
1880 4179 1934 4226 et
1991 4167 2251 4223 Bavarico
2292 4168 2372 4223 sic
2428 4167 2824 4223 inscribebatur
2878 4165 2966 4220 hic
3031 4171 3293 4220 tractatus
3333 4178 3346 4215 :
3382 4159 3475 4222 Εἰς
3527 4155 3621 4211 τὸν

380 4276 534 4344 ἅγιον
582 4279 1040 4352 tas-{altanimqu
1087 4281 1395 4339 Ἰουλιανόν.
1448 4302 1467 4335 ι
1498 4281 1659 4338 Plura
1702 4283 1824 4339 vide
1861 4283 1914 4338 in

2055 4280 2109 4337 .is
2143 4279 2468 4336 Sanctorum
2511 4279 2756 4336 Bollandi
2783 4280 2851 4336 ad
2878 4277 3146 4336 decimam
3185 4285 3396 4334 sextam
3443 4272 3620 4329 Martii

383 4389 546 4444 diem.

453 4539 831 4613 Interpretatio
859 4543 1049 4599 Latina
1077 4552 1162 4600 est
1191 4542 1486 4601 Frontonis
1518 4544 1717 4602 Ducati.

679 5193 708 5220 κ
861 5139 1410 5216 LAUDATIO
1453 5143 1834 5219 SANCTI
1899 5147 2484 5224 MABTYRIS
2544 5149 2971 5224 JULIANI
3039 5134 3147 5222 (α).

1867 5305 2177 5370 m

436 5455 481 5510 l.
519 5454 575 5510 Si
594 5455 726 5510 tales
745 5455 799 5510 in
825 5456 982 5512 terris
1011 5458 1240 5512 honores
1265 5457 1584 5528 martyribus
1608 5457 1940 5522 deferuntur,

368 5553 632 5612 pstquam
676 5547 1003 5602 excesserint
1054 5563 1120 5602 ex
1166 5548 1263 5602 hac
1304 5549 1439 5612 vita,
1494 5547 1677 5618 quales
1725 5563 1938 5605 corona:

422 5655 496 5721 (ω)
519 5659 814 5711 contulimus
829 5674 940 5712 cum
968 5669 1063 5722 Mss,
1093 5661 1250 5724 Regiis
1278 5660 1572 5721 1970,2029,
1603 5669 1652 5711 et
1676 5662 1821 5713 25η.

2049 5465 2243 5518 sanctis
2275 5479 2456 5519 eorum
2489 5462 2752 5534 capitibus
2781 5463 2831 5518 in
2873 5463 3018 5518 earlis
3047 5459 3364 5516 nectuntur?
3406 5458 3450 5516 si
3490 5467 3628 5513 tanta

2049 5564 2127 5610 est
2165 5565 2287 5610 ante
2329 5557 2772 5612 resurrectionem
2809 5557 2996 5626 gloria.
3025 5563 3252 5624 quantus
3286 5562 3405 5630 post
3446 5569 3631 5607 resur-

2053 5651 2340 5708 rectionem
2380 5650 2477 5707 crit
2507 5650 2788 5720 splendor?
2819 5652 2862 5705 si
2904 5657 3048 5705 tanto
3077 5663 3169 5706 eos
3205 5648 3447 5705 conservi
3482 5647 3629 5704 cultu
