4080 6198
401 263 501 318 6ϋῖ

395 376 711 448 dignantur,
753 390 948 449 quanta
993 394 1085 434 eos
1132 380 1386 432 Dominus
1423 377 1790 434 benevolentia
1829 389 1977 430 como

399 472 698 540 plectetur?
727 473 770 526 si
802 489 898 527 nos
927 473 1048 526 mali
1081 486 1387 533 conservos,
1420 473 1508 541 qui
1539 479 1684 526 recte
1713 485 1770 524 se
1797 485 1982 539 gesse-

395 571 548 624 runt,
585 563 662 618 sic
710 564 1000 618 honoribus
1039 563 1254 618 afficere
1293 565 1535 618 novimus
1573 578 1634 617 ac
1676 564 1978 632 suSpicere,

396 656 516 724 quia
555 669 650 723 pro
692 655 904 708 Christo
947 656 1320 722 decertarunt,
1371 665 1569 725 quanto
1613 654 1780 725 magis
1829 651 1984 709 Pater

394 755 579 799 noster
603 745 832 800 caelestis
861 746 1138 800 innumera
1171 747 1308 800 bona
1329 745 1474 800 dabit
1499 747 1581 812 iis,
1610 747 1699 817 qui
1737 761 1832 815 pro
1868 747 1982 815 ipso

395 833 607 888 labores
648 835 1024 890 exantlarunt?
1071 835 1164 889 Est
1211 837 1351 890 enim
1405 837 1685 892 muniﬁcus
1729 847 1782 890 et
1828 836 1981 890 beni-

394 938 567 991 gnus;
603 941 788 979 verum
827 942 931 980 non
971 927 1039 980 ob
1074 926 1172 980 hoc
1201 927 1370 994 ipsmn
1411 927 1570 981 modo
1611 927 1850 996 ingentes
1888 941 1982 981 eos

399 1017 628 1070 honores
659 1028 872 1072 manent
899 1059 912 1082 ,
957 1019 1046 1071 sed
1084 1019 1330 1087 quoniam
1370 1018 1582 1072 debitor
1611 1028 1690 1072 cst
1723 1017 1978 1087 ipsorum.

395 1105 500 1160 Pro
531 1109 682 1161 nobis
709 1119 968 1180 martyres
1007 1111 1216 1163 mactati
1252 1125 1354 1163 nan
1385 1119 1528 1174 sunt,
1560 1118 1738 1164 tamen
1785 1112 1834 1164 in
1879 1111 1980 1164 ho-

401 1213 584 1252 norem
621 1199 826 1254 illorum
857 1201 1202 1254 convenimus
1233 1217 1246 1253 :
1288 1201 1429 1269 quod
1458 1201 1502 1254 si
1534 1215 1629 1253 nos
1657 1216 1751 1269 pro
1790 1201 1982 1270 quibus

401 1292 609 1344 mactati
640 1307 742 1344 non
774 1303 915 1356 sunt,
942 1293 1308 1356 Convenimus,
1334 1291 1597 1355 Christus,
1633 1307 1727 1360 pro
1755 1307 1860 1360 quo
1886 1307 1982 1346 sua

396 1381 565 1448 capita
594 1381 942 1446 devoverunt,
971 1383 1094 1452 quid
1125 1399 1227 1434 non
1255 1381 1565 1450 praestabit?
1601 1381 1856 1450 siquibus
1895 1383 1980 1435 ni-

399 1473 470 1525 hil
493 1473 716 1527 debebat
745 1483 888 1527 tanta
918 1475 1052 1528 bOna
1079 1473 1244 1538 dedit,
1275 1473 1392 1538 hos,
1415 1472 1604 1540 quibus
1643 1473 1851 1526 debitor
1875 1480 1978 1536 est,

398 1565 586 1632 quibus
620 1565 774 1618 donis
817 1581 920 1620 non
971 1565 1436 1620 remunerabitur?
1467 1564 1604 1618 Nihil
1633 1573 1786 1618 antea
1817 1576 1984 1619 terra-

397 1671 514 1707 rum
570 1657 684 1710 orbi
751 1656 1018 1712 debebat:
1071 1655 1257 1710 Omnes
1308 1657 1442 1710 enim
1493 1669 1855 1727 peccaverunt,
1909 1661 1983 1712 ait

398 1746 590 1800 Paulus
611 1787 625 1813 ,
657 1758 703 1800 et
737 1758 878 1818 egent
923 1749 1086 1818 gloria
1122 1749 1215 1801 Dei
1245 1749 1416 1818 (liam.
1448 1749 1498 1802 5.
1528 1747 1663 1819 25):
1703 1751 1809 1804 imo
1853 1765 1982 1805 vero

403 1855 609 1906 pinnam
661 1855 724 1894 ac
761 1841 1076 1910 supplicium
1124 1840 1393 1906 debebat;
1444 1851 1808 1916 verumtamen
1859 1857 1979 1898 cum

403 1945 611 1998 pinnam
655 1931 807 1984 nobis
832 1946 894 1985 ac
921 1931 1239 2000 supplicium
1275 1931 1514 1998 deberet,
1545 1933 1702 1986 vitam
1729 1945 1980 1987 :cternam

403 2020 620 2089 largitus
663 2031 766 2075 est.
815 2021 868 2076 Si
909 2021 1098 2090 quibus
1149 2021 1304 2090 igitur
1347 2022 1666 2090 supplicium
1715 2022 1979 2088 debebat,

401 2109 484 2162 bis
510 2125 728 2179 regnum
759 2109 898 2165 dedit
928 2128 941 2164 :
973 2112 1164 2180 quibus
1194 2112 1352 2164 vitam
1383 2121 1632 2166 aeternam
1651 2111 1828 2180 debet,
1857 2113 1982 2181 quid

401 2217 506 2255 non
547 2203 729 2256 dabit?
757 2204 946 2273 quibus
988 2220 1091 2258 non
1132 2219 1226 2258 eos
1257 2205 1544 2260 honoribus
1578 2206 1864 2261 cumulabit
1887 2207 1910 2259 ?
1937 2209 1981 2262 si

407 2309 500 2361 pro
527 2294 646 2358 illis,
687 2297 775 2364 qui
808 2295 978 2363 ipsum
1028 2295 1284 2360 oderant,
1318 2296 1600 2351 crucifixus
1629 2306 1741 2362 est,
1783 2307 1836 2354 et
1862 2314 1984 2354 san-

401 2386 612 2453 guinem
645 2386 776 2439 fudit
807 2404 818 2437 :
851 2402 948 2455 pro
979 2387 1102 2446 illis.
1134 2388 1222 2455 qui
1253 2389 1562 2456 sanguinem
1595 2404 1691 2457 pro
1715 2389 1829 2458 ejus
1854 2405 1986 2444 con-

403 2477 631 2534 fessione
662 2477 924 2541 fudi-runt,
967 2477 1089 2546 quid
1138 2493 1239 2530 non
1281 2479 1562 2545 perﬁciet?
1604 2480 1646 2533 si
1675 2489 1982 2536 aversantes

404 2583 467 2621 ac
511 2568 805 2622 resilientes
845 2569 914 2622 ita
945 2567 1128 2621 dilexit
1155 2577 1210 2620 ut
1251 2584 1344 2637 pro
1373 2570 1498 2636 ipsis
1528 2582 1843 2637 moreretur,
1889 2588 1982 2626 eos

401 2661 489 2730 qui
541 2675 782 2714 mensura
830 2661 1004 2730 ipsum
1067 2663 1292 2714 maxima
1344 2661 1676 2727 dilexerunt;
1731 2663 1981 2733 Majorent

403 2755 541 2806 enim
579 2754 672 2806 hac
722 2754 1034 2807 dilectionem
1081 2771 1224 2808 nemo
1269 2755 1448 2821 habet,
1495 2765 1548 2808 ut
1581 2757 1802 2809 animant
1839 2774 1982 2810 suam

405 2857 556 2914 ponat
583 2848 693 2918 quis
728 2866 818 2917 pro
848 2850 1020 2901 amicis
1049 2850 1150 2902 suis
1180 2847 1352 2917 (Joan.
1387 2849 1471 2902 lii.
1505 2847 1611 2920 l5),
1639 2859 1832 2919 quanta
1861 2865 1981 2904 sus-

399 2937 560 3005 cipiet
613 2939 1034 2992 benevolentia?
1085 2939 1275 3008 quibus
1332 2939 1523 2992 ofliciis
1590 2939 1981 3009 prosequetur?

405 3028 631 3081 Athleta:
672 3029 883 3097 quidem
927 3030 1272 3084 certaminum
1319 3040 1656 3084 externorum
1698 3031 1884 3085 eodem
1929 3031 1980 3084 in

401 3133 691 3175 scannnate
720 3123 1022 3188 decertant,
1051 3131 1104 3176 et
1144 3128 1396 3188 vincunt,
1421 3124 1649 3178 victores
1675 3124 1984 3178 renuntian-

405 3219 508 3276 tur,
534 3221 585 3265 ct
613 3223 935 3266 coronantur
974 3229 986 3265 :
1036 3223 1089 3266 at
1124 3214 1204 3266 isti
1251 3213 1459 3282 pietatis
1490 3213 1700 3268 athletae
1741 3229 1844 3268 non
1873 3215 1978 3280 ita;

403 3301 496 3354 sed
530 3301 580 3353 in
625 3304 870 3369 prmsenti
903 3302 1112 3372 quidem
1155 3304 1350 3357 sa-culo
1384 3303 1676 3368 decertarat,
1725 3303 1776 3354 in
1809 3302 1982 3356 futuro

404 3401 578 3444 autem
615 3403 938 3446 coronantur
969 3410 980 3445 :
1008 3387 1305 3462 pugnarant
1334 3393 1417 3447 hic
1441 3408 1560 3446 cum
1591 3393 1801 3446 diabolo
1827 3402 1982 3463 atque

407 3483 684 3548 vicerunt,
735 3481 840 3536 illic
889 3491 1065 3536 autem
1110 3483 1336 3538 victores
1381 3483 1770 3536 renuntiantur.
1816 3483 1881 3536 Et
1929 3491 1985 3536 ut

403 3597 522 3635 esse
563 3595 745 3634 verum
788 3580 924 3634 istud
969 3579 1292 3648 intelligatis,
1343 3593 1444 3634 nec
1489 3579 1606 3632 illos
1649 3578 1734 3633 hic
1771 3579 1984 3632 coronis

407 3674 614 3738 donari,
649 3688 832 3728 verum
865 3673 972 3728 illic
1001 3673 1144 3742 ipsos
1183 3671 1358 3726 omnia
1393 3686 1608 3726 manere
1637 3672 1796 3740 dona,
1842 3672 1982 3726 Pau-

406 3765 512 3818 lmn
553 3765 815 3819 dicentem
855 3765 1054 3830 audite,
1083 3763 1282 3818 Bonum
1325 3775 1572 3820 certamen
1611 3766 1820 3832 certavi,
1864 3781 1981 3818 cur-

404 3872 514 3908 sum
543 3857 902 3922 consummari,
925 3856 1074 3923 fidem
1103 3857 1291 3910 servavi
1315 3871 1334 3909 :
1371 3856 1423 3909 in
1453 3855 1640 3926 reliquo
1667 3856 1886 3924 reposita
1913 3864 1984 3908 est

409 3947 526 4000 mihi
553 3963 738 4000 corona
752 3949 968 4017 justitiw
989 3947 1063 4017 (Ξ.
1090 3947 1220 4000 Tim.
1251 3948 1304 4001 4.
1334 3947 1384 4000 7.
1411 3948 1468 4018 8)
1501 3965 1513 3999 :
1556 3947 1642 4000 ubi
1669 3946 1984 4016 etquando?

415 4040 571 4101 Quam
600 4040 772 4092 reddet
813 4039 936 4092 mihi
977 4039 1222 4092 Dominus
1261 4039 1314 4092 in
1356 4039 1446 4092 illa
1473 4039 1571 4103 die,
1592 4041 1763 4109 justus
1799 4041 1984 4109 jndex.

407 4129 500 4183 llic
545 4133 797 4200 cucurrit,
843 4133 949 4186 illic
987 4141 1309 4196 coronatur;
1357 4131 1442 4185 hic
1486 4133 1642 4198 vicit,
1675 4133 1780 4187 illic
1819 4135 1986 4187 victor

407 4224 762 4279 renuntiatur.
791 4225 1027 4280 Audistis
1050 4226 1218 4294 ipsum
1245 4224 1403 4280 hodie
1431 4240 1640 4294 queque
1667 4225 1982 4279 clamantem

407 4327 468 4367 ac
508 4314 768 4370 dicentem
805 4334 817 4370 :
863 4316 1022 4370 Juxta
1051 4319 1200 4386 ﬁdem
1241 4317 1462 4388 defuncti
1503 4327 1619 4370 sunt
1648 4333 1818 4370 attines
1863 4317 1980 4382 isti,

416 4421 514 4456 non
553 4407 768 4474 acceptis
807 4407 1274 4476 repromissionibus
1298 4447 1312 4470 ,
1349 4407 1437 4460 sed
1475 4425 1506 4460 a
1545 4407 1689 4477 longe
1724 4423 1811 4460 cas
1849 4406 1987 4476 aspi-

409 4495 590 4547 cientes
617 4504 664 4548 et
693 4495 969 4549 salutantes
1009 4497 1190 4568 (Hebr.
1224 4499 1311 4552 11.
1345 4497 1454 4569 15).
1488 4497 1594 4552 Cur
1627 4498 1784 4566 igitur
1812 4505 1989 4552 exter-

412 4585 492 4636 nis
528 4585 738 4654 quidem
773 4601 836 4640 ae
881 4587 1114 4656 profanis
1153 4587 1366 4642 athletis
1409 4589 1568 4642 simul
1605 4588 1890 4644 obveniant
1933 4597 1988 4642 ct

409 4676 642 4730 victoria:
671 4685 724 4732 et
748 4691 980 4742 coronae,
1011 4679 1218 4746 pietatis
1247 4687 1424 4733 autem
1454 4679 1668 4734 athletis
1693 4695 1796 4733 non
1826 4679 1985 4733 simul

409 4777 460 4820 et
489 4767 722 4822 victoria:
763 4777 818 4823 et
843 4783 1074 4836 corona,
1106 4769 1197 4824 sed
1241 4777 1444 4824 tantum
1468 4779 1587 4839 post
1617 4769 1869 4838 temporis
1899 4770 1984 4823 in-

413 4858 733 4913 tervallum?
773 4859 1060 4927 Sudarunt,
1102 4861 1309 4916 labores
1349 4861 1432 4914 hic
1465 4862 1836 4928 exantlarunt,
1868 4877 1987 4915 sex-

406 4957 558 5002 centa
592 4951 807 5005 vulnera
848 4961 1202 5020 exceperunt,
1244 4969 1342 5006 nec
1367 4954 1542 5007 statim
1583 4953 1661 5006 eis
1699 4952 1989 5007 obveniant

405 5040 657 5093 coronae?
699 5041 1072 5112 Nequaquam,
1105 5043 1273 5112 inquit
1303 5060 1316 5097 :
1349 5059 1454 5098 non
1493 5044 1634 5098 enim
1680 5044 1800 5097 vita:
1845 5059 1986 5113 pra:-

408 5131 576 5183 scntis
615 5139 798 5186 natura
827 5133 1238 5202 magnitudinem
1276 5133 1492 5189 honoris
1521 5135 1657 5188 illius
1685 5135 1824 5203 capit
1856 5152 1869 5187 :
1899 5150 1986 5188 ca-

407 5221 598 5275 ducum
645 5231 726 5276 est
765 5223 1015 5276 sacculum
1055 5239 1328 5294 praesens,
1375 5240 1437 5279 ac
1481 5225 1674 5293 breve;
1725 5225 1985 5280 infinitum

405 5313 554 5380 illud,
587 5314 883 5369 immortale
932 5323 1279 5370 elaaternum.

479 5403 813 5479 Temporanei
842 5409 1036 5463 labores
1071 5425 1282 5463 coronas
1319 5408 1540 5478 referunt
1587 5407 1990 5460 immortales.—

409 5495 696 5564 Pronterca
739 5501 948 5556 labores
989 5501 1200 5571 quidem
1229 5515 1349 5554 cum
1381 5499 1528 5554 brevi
1569 5513 1630 5552 ac
1671 5499 1989 5566 temtorario

409 5589 604 5641 sterulo
645 5591 746 5644 isto
771 5595 1080 5660 conuexuit,
1127 5607 1351 5648 coronas
1379 5599 1554 5644 autem
1602 5599 1801 5642 aeterno
1831 5597 1989 5658 atque

413 5681 693 5733 inmortali
734 5687 1044 5753 reservavit,
1075 5695 1128 5740 ut
1166 5695 1217 5740 et
1250 5684 1490 5739 laborum
1521 5681 1760 5737 molestia
1794 5681 1984 5750 praeci-

1155 264 1212 320 S.
1253 262 1530 320 JUANNlS
1561 255 2028 326 CllRYSOSTOMI
2071 255 2386 312 ARCllIEP.
2429 257 2961 314 CONSTANTINOP.

3571 263 3676 320 6133

2089 370 2283 435 datur,
2333 387 2451 442 qua:
2481 389 2600 427 cum
2648 374 2903 442 temporis
2948 372 3205 428 brevitate
3249 372 3590 445 dissolvatur,
3617 392 3678 436 et

2089 463 2342 532 perennis
2379 479 2442 518 ac
2489 471 2772 534 perpetuus
2807 478 3125 518 coronarum
3171 479 3302 518 usus
3345 477 3670 536 permaneat,

2089 557 2177 626 qui
2213 573 2316 610 una
2347 572 2468 611 cum
2514 557 2840 612 infinitarum
2871 557 3187 610 saeculorum
3219 557 3430 612 illorum
3459 559 3664 615 itnmor.

2091 651 2288 705 talitate
2349 650 2618 718 perduret.
2660 650 2811 716 Quod
2871 651 3029 718 igitur
3081 650 3372 719 majoribus
3429 666 3522 708 eos
3579 655 3670 706 ho-

2089 743 2310 797 nuribus
2339 759 2532 797 ornare
2567 744 2748 808 vellet,
2783 759 2974 798 munus
2999 743 3201 798 distulit
3231 762 3242 798 :
3279 760 3378 799 nec
3405 745 3523 800 ideo
3556 758 3671 802 tan-

2093 845 2200 886 tum
2225 875 2239 896 ,
2283 834 2377 888 sed
2419 844 2473 886 ut
2513 850 2638 902 pura
2681 834 2930 902 deinceps
2972 835 3242 904 voluptate
3271 837 3670 904 perfunduntur.

2091 925 2221 978 Nam
2263 925 2710 994 quemadmodum
2755 927 2819 991 is,
2863 927 2954 996 qui
3009 927 3156 995 prius
3202 928 3406 982 deliciis
3435 945 3498 984 ac
3526 932 3676 1006 volu-

2093 1018 2324 1085 ptatibus
2352 1016 2562 1082 fruitur,
2587 1033 2650 1071 ac
2691 1017 2882 1071 deinde
2911 1017 3183 1070 vexandus
3217 1027 3333 1084 est,
3384 1031 3674 1089 prtesentes

2089 1109 2306 1162 delicias
2349 1110 2418 1162 ob
2447 1108 2739 1162 futurorum
2784 1108 3045 1162 malorum
3084 1112 3532 1178 exspectationem
3573 1113 3674 1166 nti—

2091 1201 2233 1254 nime
2259 1201 2418 1254 sentit
2443 1217 2456 1253 :
2496 1202 2572 1255 sic
2603 1201 2690 1254 ille
2720 1201 2806 1269 qui
2837 1200 2980 1268 prius
3011 1211 3205 1270 pugnat
3232 1216 3294 1256 ac
3319 1201 3585 1268 decertat,
3615 1214 3668 1258 et

2089 1302 2338 1346 sexcenta
2371 1291 2506 1344 mala
2553 1291 2761 1354 tolerat,
2797 1290 2988 1345 deinde
3032 1306 3158 1345 vero
3195 1304 3500 1358 coronatur,
3535 1309 3672 1362 prae-

2089 1383 2318 1437 sentium
2363 1385 2622 1437 malorum
2671 1399 2886 1439 sensum
2937 1399 3041 1438 non
3087 1385 3248 1452 capit,
3295 1385 3420 1438 dum
3465 1387 3678 1464 futuro-I

2089 1489 2206 1528 rum
2234 1473 2492 1528 bonorum
2523 1489 2616 1545 spe
2654 1485 2943 1530 recreatur.
2971 1474 3152 1544 Neque
3180 1490 3308 1530 vero
3337 1475 3518 1530 labore
3551 1486 3670 1531 tan-

2090 1574 2198 1620 tum
2238 1583 2330 1621 eos
2359 1568 2604 1636 prmsenti
2645 1583 2736 1635 per
2763 1568 2899 1622 hanc
2943 1566 3237 1622 futurorum
3263 1583 3412 1638 spem
3452 1569 3666 1637 levavit,

2089 1659 2182 1713 sed
2220 1661 2378 1714 etiam
2409 1659 2548 1728 quod
2588 1659 2844 1723 effecerit,
2887 1670 2945 1713 ut
2990 1659 3173 1714 ordine
3203 1661 3350 1730 prior
3395 1662 3668 1730 voluptate

2087 1760 2230 1804 esset
2259 1748 2476 1804 afflictio
2503 1766 2518 1804 :
2567 1765 2636 1804 ne
2673 1750 3015 1804 vehementer
3043 1764 3072 1803 a
3113 1752 3460 1819 prarsentibus
3487 1752 3662 1818 malis,

2089 1839 2213 1893 dum
2241 1840 2306 1893 ad
2336 1840 2423 1894 illa
2453 1841 2744 1908 respiciunt
2773 1827 3134 1910 torqueantur.
3161 1841 3250 1896 Sic
3268 1842 3340 1896 illi
3364 1843 3546 1911 etiam,
3573 1847 3670 1914 qui

2089 1930 2380 2000 pugilatum
2427 1937 2668 1996 certant,
2700 1932 2946 1988 alacriter
2981 1933 3199 1988 vulnera
3225 1934 3527 2002 excipiunt,
3555 1952 3670 1990 non

2089 2023 2323 2088 dolores,
2355 2023 2448 2078 sed
2479 2038 2731 2078 coronam
2777 2032 3078 2092 spectantes
3103 2041 3120 2088 ;
3151 2025 3227 2079 sic
3253 2034 3308 2080 et
3341 2035 3510 2081 nauta:
3537 2044 3668 2082 sex-

2089 2122 2243 2168 centa
2283 2113 2513 2183 pericula
2545 2114 2832 2170 subeuntes
2859 2155 2874 2179 ,
2917 2123 3263 2184 tempestates
3283 2157 3296 2181 ,
3325 2124 3376 2170 et
3415 2117 3666 2172 infestum

2089 2203 2356 2272 quoddam
2397 2204 2618 2269 bellum,
2659 2218 2722 2258 ac
2765 2205 2920 2258 sa:vis
2949 2220 3009 2259 se
3046 2205 3257 2270 belluis,
3299 2214 3354 2261 et
3379 2209 3672 2276 grassanti-

2088 2296 2185 2348 bus
2230 2295 2282 2347 in
2337 2295 2470 2348 mari
2521 2294 2860 2363 pradonibus
2905 2295 3253 2364 objicicotcs,
3301 2297 3428 2350 nihil
3472 2297 3664 2352 horum

2089 2393 2267 2440 mente
2296 2393 2530 2453 versant,
2559 2385 2652 2440 sed
2697 2384 2760 2438 ad
2793 2395 2978 2456 portus
3006 2400 3068 2438 ac
3093 2385 3302 2440 divitias
3331 2402 3396 2441 ex
3425 2389 3666 2457 negotia-

2090 2480 2234 2534 tione
2279 2478 2604 2548 colligendas
2658 2479 2987 2548 respiciunt:
3031 2480 3102 2534 ita
3138 2489 3191 2534 et
3243 2491 3500 2552 martyres
3543 2499 3670 2538 sex-

2087 2581 2240 2625 centa
2271 2571 2406 2624 mala
2433 2571 2737 2635 tolerantes,
2781 2585 3004 2640 corpore
3041 2572 3200 2625 variis
3228 2574 3504 2628 tormentis
3529 2589 3668 2629 con-

2087 2663 2220 2725 ciso,
2267 2663 2395 2716 nihil
2441 2663 2660 2716 istorum
2711 2663 3047 2730 spectabant,
3095 2663 3186 2718 sed
3213 2664 3343 2718 c:elo
3381 2675 3432 2718 ct
3477 2665 3666 2730 bonis,

2088 2769 2205 2822 qua:
2244 2753 2366 2807 inde
2395 2763 2694 2821 sperantur,
2744 2753 3032 2806 inhiabint.
3066 2755 3237 2822 Atque
3281 2765 3336 2808 ut
3361 2755 3672 2824 intelligatis

2088 2859 2170 2908 ea,
2215 2859 2332 2913 qua:
2365 2853 2546 2897 natura
2593 2857 2684 2897 sua
2723 2843 2902 2912 gravia
2941 2853 3065 2897 sunt
3101 2853 3156 2898 ct
3183 2843 3530 2910 intoleranda,
3569 2861 3672 2916 spe

2088 2936 2383 2990 futurorum
2414 2937 2545 2990 levia
2573 2935 2721 2990 reddi
2751 2952 2812 2991 ac
2851 2937 3117 3000 facillima,
3151 2939 3447 3006 prtefectum
3479 2937 3684 2994 talium.

2088 3031 2346 3084 bonorum
2379 3030 2640 3084 dicentem
2671 3029 2848 3084 audite
2878 3045 2890 3081 :
2921 3027 2988 3081 Id
3027 3029 3156 3082 enim
3184 3029 3318 3098 quod
3353 3029 3404 3081 in
3433 3030 3670 3098 presenti

2087 3129 2162 3175 est
2204 3128 2600 3174 momentaneunt
2639 3129 2686 3172 et
2727 3121 2831 3173 leve
2873 3118 3204 3172 tribulationis
3253 3128 3465 3184 nostraa,
3507 3135 3670 3188 supra

2089 3211 2290 3266 modum
2318 3211 2368 3264 in
2398 3211 2697 3265 sublimitate
2725 3221 2964 3264 wternum
3007 3207 3184 3278 gloria:
3209 3209 3407 3278 pondus
3431 3219 3670 3278 aperatur

2088 3305 2228 3357 nobis
2253 3301 2330 3372 (2.
2361 3301 2480 3356 Cor.
2511 3303 2563 3355 4.
2593 3303 2700 3369 l7).
2733 3301 2849 3366 Quo
2877 3299 3087 3353 tandem
3117 3309 3268 3368 pacto
3293 3301 3512 3370 quaeso?
3541 3299 3668 3354 Non

2089 3391 2539 3460 contemplantibus
2583 3391 2720 3444 nobis
2747 3406 2857 3460 qua:
2903 3390 3148 3456 videntur,
3179 3389 3268 3443 sed
3309 3405 3420 3459 quin
3465 3407 3564 3444 non
3593 3406 3670 3443 vr-

2089 3484 2270 3538 dentur
2307 3483 2414 3554 (Ib.
2443 3500 2492 3538 υ.
2524 3483 2630 3552 i8).
3413 3487 3416 3489 λ

2159 3575 2215 3629 2.
2259 3575 2381 3628 llaec
2419 3584 2595 3628 autem
2641 3587 2745 3628 non
2792 3571 2885 3626 abs
2931 3587 2990 3624 re
3033 3570 3172 3625 dicta
3217 3579 3396 3624 sunta
3423 3585 3528 3634 me,
3569 3571 3668 3624 sed

2091 3674 2308 3735 propter
2351 3679 2466 3728 vos,
2515 3671 2572 3716 ut
2608 3677 2728 3718 cam
2768 3663 2994 3730 aliquem
3037 3661 3088 3713 in
3126 3659 3224 3714 hac
3248 3661 3352 3714 vita
3377 3659 3578 3713 deliciis
3607 3674 3671 3712 ac

2091 3757 2443 3828 voluptatibus
2466 3754 2819 3825 perfruentem
2839 3753 3094 3818 videritis,
3113 3753 3206 3806 sed
3237 3751 3350 3805 illic
3363 3759 3540 3820 postea
3567 3766 3670 3820 pu-

2091 3850 2364 3914 niendum,
2383 3863 2486 3902 non
2509 3855 2857 3915 eumpropter
2883 3851 3176 3912 praesentes
3203 3843 3417 3896 delicias
3433 3841 3668 3906 beatum,

2091 3944 2182 3998 sed
2215 3949 2429 4012 propter
2457 3939 2692 3993 futurum
2721 3936 3036 4006 supplicium
3073 3935 3322 3988 miserum
3351 3932 3671 4002 praedicetis.

2092 4036 2323 4090 Rursum
2357 4033 2443 4087 ubi
2466 4029 2765 4100 quempiam
2790 4043 2995 4091 eorum,
3021 4027 3110 4096 qui
3137 4027 3302 4082 multo
3329 4026 3436 4078 illic
3467 4025 3674 4086 honore

2093 4125 2376 4182 decorandi
2424 4133 2569 4189 sunt,
2614 4121 2897 4176 afflictione
2925 4134 2987 4174 ac
3015 4119 3366 4180 tribulatione,
3398 4125 3556 4186 atque
3583 4117 3670 4170 in-

2093 4218 2328 4273 numeris
2355 4215 2504 4270 malis
2535 4215 2586 4268 in
2611 4213 2707 4266 hac
2729 4209 3000 4280 temporali
3027 4210 3126 4263 vita
3153 4207 3388 4263 videritis
3413 4207 3670 4266 obsideri.

2100 4325 2167 4364 ne
2215 4315 2431 4378 propter
2475 4303 2753 4374 prmsentia
2797 4301 2934 4355 mala
2982 4300 3286 4369 dcploretis,
3332 4298 3424 4352 sed
3465 4297 3672 4351 felicem

2087 4399 2334 4468 judicetis
2362 4412 2423 4450 ac
2447 4395 2658 4449 beatum
2686 4401 2902 4466 propter
2931 4390 3188 4461 repositas
3219 4389 3317 4457 ipsi
3362 4388 3411 4440 in
3456 4387 3680 4441 infinitis

2094 4493 2197 4546 illis
2225 4489 2435 4545 saeculis
2477 4502 2702 4542 coronas
2727 4484 3006 4539 censeatis.
3048 4482 3202 4536 Hunc
3229 4481 3404 4549 itaque
3431 4491 3675 4533 sanctum

2092 4582 2314 4638 Cilicum
2361 4580 2504 4633 natio
2551 4577 2684 4640 tulit,
2735 4591 2854 4645 qua:
2894 4574 3116 4629 Paulum
3163 4573 3321 4626 etiam
3355 4571 3508 4624 tulit:
3541 4571 3676 4624 civis

2093 4677 2234 4732 enim
2266 4675 2402 4728 illius
2430 4673 2544 4738 fuit,
2573 4680 2625 4727 et
2655 4679 2874 4738 uterque
2898 4667 3052 4722 nobis
3077 4665 3199 4720 inde
3217 4663 3457 4718 minister
3489 4661 3680 4714 Eccle-

2095 4770 2186 4824 sia:
2219 4767 2428 4836 prodiit.

2167 4859 2472 4912 Diuturnum
2511 4852 2710 4908 Iuliani
2753 4851 3147 4920 ntartyrium.-——
3165 4847 3450 4914 Postquam
3496 4853 3678 4897 autem

2063 4931 2066 4934 ’
2095 4950 2307 5021 pietatis
2336 4955 2576 5016 apertum
2603 4954 2684 4998 est
2712 4941 2957 5006 stadium,
2992 4949 3044 4994 et
3069 4939 3132 4993 ad
3155 4937 3444 4992 certamina
3470 4943 3684 5004 tempus

2095 5044 2265 5112 ipsum
2311 5039 2537 5104 vocavit,
2590 5037 2641 5090 in
2690 5049 2884 5088 saevam
2925 5032 3110 5086 incidit
3139 5029 3386 5094 belluam,
3413 5043 3532 5096 qua:
3561 5033 3682 5079 tum

2090 5131 2343 5204 judicium
2367 5127 2665 5182 exercebat.
2689 5126 2765 5178 Ac
2789 5121 2962 5177 videte
2983 5129 3338 5175 commentum
3359 5135 3374 5170 :
3395 5132 3512 5171 cum
3531 5115 3685 5170 enim

2095 5239 2216 5279 eum
2253 5221 2371 5275 forti
2400 5218 2576 5272 animo
2608 5215 2882 5285 prmditum
2911 5212 3134 5274 videret,
3163 5225 3336 5279 neque
3365 5221 3519 5277 posse
3545 5222 3684 5273 sup.

2097 5315 2236 5385 plicii
2271 5309 2602 5367 vehementia
2635 5306 2858 5376 rigidum
2889 5304 3015 5358 illud
3051 5302 3215 5357 animi
3245 5301 3405 5358 robur
3436 5299 3684 5366 infringi,

2095 5407 2145 5460 in
2175 5401 2676 5474 procrastinationes
2713 5399 2856 5450 illum
2900 5395 3115 5465 conjicit
3151 5409 3212 5447 ac
3250 5392 3548 5447 dilationes.
3594 5391 3688 5444 in-

2097 5497 2378 5551 troducens
2407 5490 2692 5547 identidem
2739 5499 2792 5541 et
2839 5487 3090 5542 cduccns.
3123 5485 3239 5540 Non
3265 5485 3406 5539 enim
3433 5497 3539 5536 uno
3566 5479 3690 5542 die.

2098 5605 2216 5644 cum
2247 5587 2500 5650 audisset,
2534 5583 2606 5637 illi
2633 5589 2790 5650 caput
2813 5579 3053 5644 abscidit,
3089 5594 3155 5632 ne
3179 5575 3418 5645 supplicii
3442 5569 3692 5628 brevitas

2103 5681 2386 5735 faciiiorcm
2417 5676 2491 5730 illi
2531 5687 2744 5728 cursum
2791 5669 3068 5736 redderet;
3113 5668 3204 5724 sed
3235 5665 3422 5722 diebus
3461 5659 3696 5733 singulis
