4080 6198
404 287 503 343 6ὓῖ

407 404 559 476 παρά
586 403 680 457 τοῦ
720 406 992 461 Δεσπότου
1013 407 1114 478 τῆς
1147 411 1394 479 εὐνοίας;
1424 416 1472 468 εί
1497 415 1659 485 ἡμεῖς
1679 417 1728 470 οἱ
1751 417 1978 489 πονηροὶ

402 489 626 559 οῐδαμεν
644 491 770 553 τοὺς
784 493 1178 564 κατορθοῦντας
1203 497 1309 550 τῶν
1333 498 1632 553 συνδούλων
1657 499 1800 554 οὕτω
1816 518 1866 554 τι
1875 501 1980 572 μᾷν

403 573 498 626 κα)⁸
533 572 951 643 ἐκπλήττεσθαι,
977 578 1164 650 ἐπειδὴ
1191 580 1331 652 ὐπέρ
1355 583 1592 652 Χριστοῦ
1621 584 1976 652 ἠγωνίσαντοο

403 655 556 725 πόσῳ
590 657 792 724 μᾶλλον
818 661 846 711 6
881 661 1071 732 Πατὴρ
1103 662 1260 732 ἡμῶν
1279 666 1307 716 6
1332 664 1584 736 οὐράνιος
1620 666 1783 719 δώσει
1810 667 1979 738 μυρία

400 739 583 806 ἀγαθά
604 743 716 803 τοῖς
733 741 872 812 ὐπὲρ
895 742 1060 796 αὐτοῦ
1082 747 1418 817 πεπονηκόσι
1439 766 1453 815 ;
1483 750 1592 802 Kal
1612 750 1722 821 γὰρ
1747 751 1979 821 μεγαλό-

400 823 572 892 δωρός
600 825 716 877 ἐστι
754 827 849 880 καὶ
875 827 1277 898 φιλάνθρωπος
1313 831 1428 884 ἀλλ’
1460 832 1520 885 οὐ
1561 833 1628 886 δι’
1663 834 1796 886 αὐτὸ
1818 834 1977 889 τοῦτο

404 907 658 975 μένουσιν
688 908 886 969 αὐτοὺς
919 912 1154 979 μεγάλαι
1176 915 1231 966 αἱ
1261 914 1440 984 τιμαὶ,
1471 915 1588 968 ἀλλ’
1611 917 1692 969 ὃτι
1714 919 1806 971 καὶ
1826 920 1976 988 ὀφει-

399 989 559 1060 λέτης
595 991 760 1044 ἐστὶν-
789 993 988 1049 αὐτῶν.
1038 997 1152 1049 Οὐκ
1185 998 1502 1068 ἐσφάγησαν
1547 1000 1689 1072 ὺπέρ
1732 1003 1888 1072 ἡμῶν
1925 1005 1972 1056 οἱ

401 1076 702 1147 μάρτυρες,
726 1079 820 1130 καὶ
844 1079 993 1147 ὅμως
1023 1080 1385 1151 συντρέχομεν
1417 1083 1499 1146 εἰς
1526 1083 1624 1154 τὴν
1647 1084 1869 1138 ἐκείνων
1893 1105 1974 1139 τι-

402 1161 528 1230 μήν.
561 1161 624 1213 EE
655 1159 713 1213 δέ
743 1163 924 1231 ἡμεῖς,
956 1162 1100 1233 ὐπέρ
1131 1156 1204 1216 ὧν
1229 1165 1331 1218 οὐκ
1372 1166 1712 1236 ἐσφάγησαν,
1749 1171 1973 1240 συντρέ-

395 1261 585 1313 χομεν,
621 1245 650 1296 6
675 1245 930 1315 Χριστὸς,
965 1246 1107 1317 ὑπὲρ
1139 1243 1200 1300 οἶ)
1221 1247 1322 1311 τὰς
1351 1249 1593 1318 κεφαλὰς
1613 1251 1895 1316 ἀπέθεντο,
1919 1253 1971 1306 τί

395 1327 456 1380 οὐ
504 1329 754 1398 ποιήσει;
806 1330 854 1381 εί
897 1323 977 1393 οἷς
1033 1331 1199 1401 μηδὲν
1229 1331 1451 1400 ὤφειλε,
1491 1333 1727 1388 τοσαῦτα
1772 1336 1971 1390 ἔδωκεν

396 1411 592 1478 ἀγαθά,
617 1409 862 1474 τούτους,
888 1406 969 1475 οἷς
997 1413 1281 1486 ὀφειλέτης
1303 1416 1439 1479 ἐστὶ,
1470 1416 1668 1481 πόσαις
1689 1418 1789 1472 οὐκ
1811 1419 1970 1489 ἀμεί-

393 1499 554 1568 ψεται
584 1500 854 1569 δωρεαῖς;
889 1501 1054 1554 Οὐδὲν
1103 1500 1300 1571 ὤφειλε
1330 1503 1437 1576 πρὸ
1462 1505 1653 1559 τούτου
1686 1511 1751 1578 τῇ
1787 1510 1967 1561 οἰκου-

397 1584 554 1655 μένῃ·
605 1582 832 1648 Πάντες
913 1585 1026 1652 γὰρ
1074 1584 1376 1654 ἥμαρτον,
1421 1587 1554 1658 φησὶ
1594 1589 1823 1653 Παῦλος,
1868 1591 1966 1644 καὶ

393 1665 786 1733 ὑστεροῦνται
802 1665 912 1735 τῆς
929 1665 1119 1735 δόξης
1146 1669 1250 1723 τοῦ
1273 1669 1440 1725 Θεοῦ·
1463 1672 1664 1743 μᾶλλον
1690 1673 1745 1726 δὲ
1770 1673 1966 1742 ὤφειλε

393 1749 612 1802 κόλασιν
631 1748 724 1801 καὶ
737 1747 1024 1818 τιμωρίαν⁹
1043 1749 1156 1802 ἀλλ’
1173 1752 1323 1822 ὅμως
1345 1752 1568 1808 κόλασιν
1585 1756 1714 1825 ἡμῖν
1740 1756 1966 1824 ὀφείλων

392 1833 488 1886 κα)⁸
518 1832 812 1902 τιμωρίαν,
845 1831 991 1901 ζωὴν
1020 1833 1236 1889 αίῶνιον
1259 1837 1568 1907 ἐχαρίσατο.
1590 1839 1652 1892 Εἰ
1674 1838 1853 1892 τοίνυν
1884 1835 1967 1903 οἷς

391 1916 617 1968 κόλασιν
641 1914 860 1983 ὤφειλε,
890 1915 1100 1980 τούτοις
1123 1916 1400 1986 βασιλείαν
1451 1919 1673 1973 ἔδωκεν·
1701 1916 1784 1981 οἷς
1821 1921 1966 1993 ζωὴν

392 1997 611 2050 αἰώνιον
635 1997 862 2066 ὀφείλει,
912 1999 966 2050 τί
999 1999 1060 2052 οὐ
1093 1998 1254 2054 δώσει
1279 2017 1294 2068 ;
1319 2002 1412 2055 καὶ
1445 2003 1642 2066 πόσαις
1670 2004 1870 2068 αὐτοὺς
1902 2005 1962 2057 οὐ

389 2083 612 2152 τιμήσει
636 2085 824 2150 τιμαῖς
847 2097 862 2143 ς
885 2083 933 2134 εἰ
961 2082 1102 2152 ὑπὲρ
1129 2083 1236 2138 τῶν
1271 2085 1577 2154 μισούντων
1597 2087 1759 2140 αὐτὸν
1779 2089 1967 2141 ἐσταυ-

391 2163 565 2235 ρώθη,
605 2164 701 2217 καὶ
730 2163 793 2216 τὸ
841 2159 982 2234 αἷμα
1024 2163 1260 2235 ἐξέχεεν,
1307 2167 1446 2237 ὐπέρ
1473 2168 1582 2221 τῶν
1613 2168 1676 2222 16
1703 2165 1843 2240 αἷμα
1874 2172 1966 2225 ἐκ·

387 2247 629 2318 χεάντων
673 2245 824 2319 [672]
893 2247 982 2301 διὰ
1035 2247 1133 2320 τὴν
1184 2251 1266 2312 είς
1321 2251 1484 2304 αὐτὸν
1543 2253 1854 2322 ὁμολογίαν,
1911 2256 1964 2309 τί

385 2327 487 2378 οὐκ
514 2326 843 2396 ἐργάσεται;
881 2327 930 2379 εἰ
960 2326 1086 2390 τοὺς
1132 2327 1645 2400 ἀποστρεφομένους
1697 2333 1791 2384 καὶ
1824 2333 1963 2385 ἀπο-

387 2404 674 2474 πηδῶντας
705 2405 880 2468 οὕτως
917 2405 1226 2476 ἠγάπησεν,
1255 2405 1330 2468 ὡς
1373 2409 1468 2460 καὶ
1505 2409 1795 2462 ἀποθανεῖν
1823 2411 1963 2483 ὐπέρ

387 2487 600 2550 αὐτῶν,
650 2488 778 2550 τούς
828 2488 1222 2560 ἀγαπήσαντας
1273 2489 1436 2542 αὐτὸν
1491 2491 1672 2563 μέτρῳ
1722 2493 1963 2564 μεγίστῳ

388 2571 658 2641 (Μείζονα
691 2571 801 2642 γὰρ
836 2572 1056 2638 ταύτης
1089 2570 1329 2640 ἀγάπην
1352 2572 1550 2640 οὐδεὶς
1577 2575 1722 2643 ἔχει,
1750 2577 1850 2629 ἵνα
1873 2595 1963 2643 τις

385 2649 500 2712 τὴν
533 2648 746 2717 ψυχὴν
771 2649 958 2702 αὐτοῦ
993 2647 1070 2716 θῇ
1093 2649 1245 2717 ὑπὲρ
1288 2648 1406 2703 τῶν
1447 2652 1640 2720 φίλων
1663 2653 1873 2723 αὐτοῦ)
1909 2667 1958 2717 ι,

385 2731 528 2803 πόσῃ
552 2732 761 2796 δέξεται
780 2732 964 2802 εὐνοίᾳ
984 2733 1076 2785 καὶ
1094 2731 1359 2803 θεραπεία
1379 2751 1392 2801 ;
1412 2732 1476 2788 Οἱ
1497 2735 1595 2804 μὲν
1617 2731 1716 2789 οὖν’
1731 2736 1962 2808 ἀθληταὶ

386 2816 495 2869 τῶν
528 2816 726 2881 ἔξωθεν
761 2815 988 2884 ἀγώνων
1027 2817 1085 2868 ἐν
1123 2815 1202 2886 τῷ
1231 2817 1378 2888 αὐτῷ
1413 2820 1694 2889 σκάμματι
1731 2820 1824 2872 καὶ
1855 2838 1961 2873 πα-

386 2900 620 2964 λαίουσι,
657 2901 752 2953 καὶ
779 2899 990 2966 νικῶσι,
1023 2900 1116 2952 xal
1159 2901 1658 2972 ἀνακηρύττονται,
1702 2903 1798 2956 καὶ
1837 2920 1960 2957 στε-

387 2983 701 3052 φανοῦνται·
736 2977 880 3037 οὗτοι
927 2984 984 3036 δὲ
1023 2985 1072 3036 οῖ
1119 2984 1350 3054 ἀθληταὶ
1391 2985 1492 3055 τῆς
1542 2985 1824 3049 εὐσεϐείας
1862 2988 1960 3057 οὐχ

384 3069 589 3130 οὕτως·
637 3067 751 3120 ἀλλ’
802 3067 1103 3122 ἐπάλαισαν
1156 3068 1255 3138 μὲν
1302 3070 1360 3122 ἐν
1395 3067 1473 3139 τῷ
1510 3070 1736 3140 παρόντι
1778 3071 1956 3136 αίῶνι,

386 3150 778 3218 στεφανοῦνται
807 3151 862 3204 δέ
897 3153 955 3205 ἐν
983 3151 1178 3222 ἐκείνῳ
1197 3152 1274 3222 τῷ
1306 3151 1582 3220 μέλλοντι·
1617 3153 1959 3210 ἐπύκτευσαν

383 3236 620 3288 ἐνταῦθα
651 3234 730 3306 τῷ
750 3234 980 3305 διαϐόλῳ
1010 3237 1102 3289 καὶ
1128 3235 1525 3306 περιεγένοντο,
1555 3237 1958 3308 ἀνακηρύττον-

382 3339 472 3374 ται
501 3321 557 3374 δέ
598 3322 732 3373 ἐκεῖ.
757 3321 868 3373 Kal
893 3319 979 3372 ἴνα
1009 3319 1238 3391 μάθητε,
1266 3320 1349 3372 ὃτι
1373 3319 1529 3374 τοῦτό
1559 3324 1706 3375 ἐστιν
1735 3321 1956 3393 ἀληθὲς,

382 3407 478 3458 καὶ
505 3405 608 3457 οὐκ
650 3402 884 3456 ἐνταῦθα
929 3403 1113 3466 αὐτοῖς
1169 3402 1219 3456 οἱ
1253 3403 1507 3472 στέφανοι
1545 3405 1798 3470 δίδονται,
1843 3405 1958 3460 ἀλλ’

383 3491 502 3542 ἐκεῖ
532 3490 704 3540 πᾶσαι
737 3486 936 3550 αὐτοὺς
958 3485 1320 3556 ἀναμένουσιν
1347 3488 1402 3540 al
1427 3487 1648 3559 δωρεαὶ,
1684 3489 1957 3543 ἀκούσατε

380 3572 474 3625 τοῦ
498 3570 714 3624 Παύλου
737 3571 1006 3638 λέγοντος,
1031 3571 1143 3624 Τὸν
1163 3569 1364 3639 ἀγῶνα
1395 3571 1502 3624 τὸν
1535 3571 1726 3626 καλὸν
1759 3573 1962 3643 ἠγώνι-

387 3672 558 3725 σμαι,
589 3653 696 3707 τὸν
711 3654 932 3722 δρόμον
952 3651 1249 3714 τετέλεκα,
1268 3652 1384 3719 τὴν
1411 3655 1621 3708 πίστιν
1641 3655 1956 3726 τετήρηκα·

381 3738 601 3791 λοιπὸν
614 3737 928 3791 ἀπόκειταί
937 3753 1038 3804 μοι
1058 3738 1090 3789 o'
1108 3734 1217 3802 τῆς
1237 3734 1619 3804 δικαιοσύνης
1637 3739 1958 3806 στέφανος·

385 3820 487 3874 ποῦ
520 3820 614 3874 καὶ
645 3820 805 3883 πότε;
829 3821 938 3872 Ὃν
965 3817 1262 3872 ἀποδώσει
1286 3837 1389 3887 μοι
1429 3820 1637 3888 Κύριος
1665 3821 1734 3873 ἐν
1754 3822 1958 3890 ἐκείνῃ

383 3903 457 3972 τῇ
500 3903 703 3972 ἡμέρᾳ,
755 3905 788 3955 ό
841 3901 1068 3966 δίκαιος
1117 3901 1342 3969 κριτής.
1396 3902 1663 3956 Ἐνταῦθα
1699 3903 1956 3974 ἔδραμεν,

383 3989 496 4042 ἐκεῖ
524 3985 903 4055 στεφανοῦταν
935 3983 1171 4038 ἐνταῦθα
1199 3985 1440 4054 ἐνίκησε,
1475 3987 1636 4039 κάκεῖ
1662 3987 1960 4058 ἀναγορεύ-

384 4090 522 4125 εται.
568 4070 866 4123 Ἠκούσατε
899 4068 1062 4122 αὐτοῦ
1099 4068 1193 4122 καὶ
1218 4071 1456 4140 σήμερον
1487 4069 1716 4139 βοῶντος
1746 4071 1838 4124 καὶ
1872 4070 1958 4124 λέ-

382 4172 592 4224 γοντος,
621 4153 780 4207 Κατὰ
817 4153 1024 4206 πίστιν
1056 4151 1358 4206 ἀπέθανον
1395 4148 1561 4207 οὗτοι
1599 4152 1842 4221 πάντες,
1869 4153 1956 4224 μὴ

384 4235 766 4308 κομισάμενοι
790 4235 896 4300 τὰς
919 4233 1300 4302 ἐπαγγελίας,
1333 4235 1494 4288 ἀλλὰ
1523 4237 1825 4305 πόρρωθεν
1849 4241 1957 4292 αὐ-

384 4322 488 4387 τὰς
512 4321 777 4384 ίδόντες,
831 4317 927 4372 καί
979 4316 1418 4386 ἀσπασάμενοι.
1462 4319 1617 4382 Τίνος
1652 4315 1744 4374 οῦν
1773 4322 1956 4377 ἕνεκεν

382 4409 493 4468 τοῖς
523 4405 622 4473 μὲν
648 4402 908 4473 ἀθληταῖς
936 4403 1048 4464 τοῖς
1074 4399 1272 4466 ἔξωθεν
1299 4401 1434 4472 ὁμοῦ
1467 4402 1561 4456 καὶ
1584 4405 1639 4457 αἱ
1668 4407 1834 4470 νῖκαι,
1864 4409 1956 4462 καὶ

380 4490 430 4541 οῖ
477 4487 754 4556 στέφανοι,
807 4488 922 4549 τοῖς
967 4484 1024 4538 δέ
1076 4483 1337 4553 ἀθληταῖς
1376 4485 1475 4554 τῆς
1525 4486 1808 4552 εὐσεϐείας
1858 4491 1957 4562 οὐχ

381 4570 516 4640 ὁμοῦ
541 4570 636 4623 καὶ
653 4571 708 4622 αἱ
726 4571 895 4631 νῖκαι,
916 4568 1010 4621 καὶ
1031 4569 1079 4620 οἱ
1104 4568 1379 4636 στέφανοι,
1398 4567 1532 4622 ἀλλά
1555 4570 1692 4640 μετὰ
1708 4571 1956 4628 τοσοῦτον

377 4653 438 4707 16
457 4653 732 4723 διάστημα
754 4651 846 4704 τοῦ
864 4651 1058 4722 χρόνου
1079 4667 1094 4714 ;
1114 4650 1401 4721 ’Ίδρωσαν,
1419 4651 1681 4706 ἐπόνεσαν
1701 4654 1953 4721 ἐνταῦθα,

381 4736 553 4806 μυρία
581 4735 884 4805 ὑπέμειναν
917 4731 1234 4804 τραύματα,
1268 4734 1362 4786 καλ⁵
1391 4735 1491 4788 οὐκ
1532 4734 1736 4801 εὐθέως
1761 4738 1956 4803 αὐτοὺς

378 4821 670 4886 στεφανοῖς
698 4818 853 4888 Οὐχὶ,
887 4817 1052 4888 φησίν
1073 4833 1086 4846 ·
1118 4818 1180 4870 οὐ
1207 4817 1314 4888 γὰρ
1357 4816 1571 4888 δέχεται
1605 4821 1637 4889 ἠ
1676 4819 1836 4888 φύσις
1861 4821 1955 4875 τοῦ

378 4901 652 4973 παρόντος
685 4901 798 4971 βίου
829 4901 888 4954 τὸ
927 4901 1155 4970 μεγέθος
1207 4901 1422 4970 ἐκείνης
1467 4901 1564 4971 τῆς
1616 4903 1798 4972 τιμῆς·
1839 4903 1959 4955 ἐπί-

377 5003 547 5056 κηρος
603 4989 632 5039 ὁ
674 4983 866 5055 παρὼν
922 4983 1055 5037 αἰών
1116 4987 1232 5037 ἐστι
1293 4984 1387 5037 καὶ
1444 4985 1678 5055 βραχὺς,
1733 4987 1958 5056 ἄπειρος

376 5071 614 5132 ἐκεῖνος.
655 5071 748 5121 καὶ
783 5068 1068 5130 ἀθάνατος.
1105 5068 1200 5121 καὶ
1224 5067 1599 5136 ἀτελεύτητος.

448 5152 549 5204 Διά
573 5151 728 5204 τοῦτο
760 5153 885 5212 τοὺς
919 5151 1016 5220 μὲν
1052 5150 1248 5214 πόνους
1294 5150 1673 5221 συνεκλήρωσε
1713 5151 1789 5221 τῷ
1821 5150 1954 5223 βρα-

377 5236 461 5302 χεῖ
504 5235 598 5287 καὶ
640 5234 962 5305 προσκαίρῳ
1011 5233 1191 5296 αίῶνι,
1237 5235 1363 5297 τούς
1411 5234 1468 5288 δὲ
1505 5235 1802 5304 στεφάνους
1833 5238 1954 5288 ἐτα-

381 5317 642 5386 μιεύσατο
674 5317 752 5387 τῷ
783 5318 974 5388 ἀγήρῳ
998 5316 1092 5370 καὶ
1119 5316 1392 5387 ἀθανάτῳ,
1422 5317 1507 5369 ἴνα
1534 5319 1627 5372 καὶ
1650 5318 1756 5370 τῶν
1778 5319 1954 5372 πόνων

440 5533 466 5562 ⁸
493 5532 640 5583 Savil.
666 5538 720 5582 el.
752 5547 878 5582 unus
902 5533 1024 5594 Reg.
1052 5517 1168 5596 ὐπέρ
1200 5531 1371 5596 αὐτῶν.
1397 5532 1482 5580 Διὸ
1504 5534 1582 5580 καὶ
1611 5535 1748 5596 λέγει·
1781 5557 1801 5578 κ
1833 5539 1955 5586 Μεί-

376 5597 486 5664 ζονα
500 5597 591 5664 γὰρ
616 5596 791 5664 ταύτης
809 5597 996 5664 ἀγάπην
1017 5595 1174 5664 ρύδεὶς
1197 5595 1312 5664 ξχειι,
1335 5595 1512 5664 ῖναιτις
1531 5597 1616 5650 τήν
1638 5600 1792 5664 ψυχὴν
1807 5599 1953 5648 αὐτοῦ

375 5658 431 5729 θῇ
595 5659 691 5729 τῶν
717 5659 873 5729 ’φίλων
897 5656 1062 5729 αὐτοῦ’
1105 5677 1129 5729 ξ»
1151 5657 1259 5729 τοὺς
1279 5656 1613 5729 ἀγαπήσαντας
1637 5656 1778 5708 αὐτὸν
1798 5665 1952 5726 μέτρω

373 5715 440 5782 τῷ
462 5715 576 5781 ῐσῴ,
601 5720 681 5767 καὶ
711 5715 904 5775 ἑαυτοὺς
926 5719 1041 5780 ὺπέρ
1066 5715 1211 5766 αὐτοῦ
1235 5715 1453 5774 ἐκδόντας
1473 5720 1536 5776 εἰς
1554 5720 1764 5771 θάνατον.

1499 296 1563 353 IN
1609 297 1667 353 S.
1709 295 2058 353 JULIANUM
2104 300 2507 360 MABTYREM.

3548 313 3652 370 668

2084 418 2144 471 τὸ
2174 422 2428 493 φορτικὸν
2461 423 2855 496 ὐποτέμνηται,
2897 430 2962 498 τῇ
3016 425 3289 497 ὀλιγότητι
3332 427 3426 480 τοῦ
3456 430 3649 499 χρόνον

2083 504 2622 575 συγκαταλυόμενον,
2669 511 2763 561 καὶ
2804 511 2912 562 τῶν
2947 510 3227 579 στεφάνων
3270 513 3304 580 ἡ
3351 510 3650 575 ἀπόλαυσις

2083 587 2218 660 μένῃ
2260 590 2491 660 διαρκὴς
2543 593 2637 646 καὶ
2691 593 3080 666 ἀτελεύτητος,
3122 597 3188 666 τῇ
3242 593 3350 646 τῶν
3409 593 3652 666 ἀπείρων

2077 670 2288 724 αίώνων
2308 674 2532 727 ἐκείνων
2549 675 2815 748 ἀθανασίᾳ
2839 695 2900 730 συ
2909 676 3444 749 μπαρεκτεινομένη.
3461 676 3652 739 Μειζό⁴

2077 773 2183 821 νως
2209 760 2390 813 τοίνυν
2419 762 2617 823 αὐτοὺς
2646 763 2874 832 τιμῆσαι
2899 761 3220 832 βουλόμενος
3241 761 3532 814 ἀνεϐάλετο
3553 762 3648 832 τὴν

2074 843 2304 913 δωρεάν·
2336 846 2396 897 οὐ
2422 846 2509 899 διὰ
2528 845 2686 899 τοῦτο
2716 846 2772 900 δέ
2805 848 2984 917 μόνον,
3009 847 3124 900 ἀλλ’
3158 847 3246 900 ἵνα
3281 846 3376 900 xal
3401 846 3650 917 καθαρὰν

2074 932 2259 986 λοιπὸν
2303 933 2468 1003 ἔχωσι
2509 935 2608 1006 τὴν
2641 936 2853 1008 ἡδονήν.
2901 937 3112 1008 ’Ὠσπερ
3155 937 3264 1006 γάρ
3305 938 3333 989 6
3381 937 3650 1007 πρότερον

2072 1023 2294 1092 τρυφῶν
2320 1026 2413 1077 καὶ
2437 1025 2674 1088 ἀνέσεως
2711 1026 3019 1090 ἀπολαύων,
3059 1025 3198 1096 μετὰ
3227 1025 3285 1079 δέ
3331 1025 3501 1079 ταῦτα
3531 1023 3649 1076 θλιο

2073 1107 2320 1178 ϐόμενος,
2357 1112 2458 1164 οὐκ
2508 1111 2825 1166 αἰσθάνεται
2854 1113 2954 1183 τῆς
3001 1114 3287 1186 παρούσης
3315 1115 3529 1185 τρυφῆς
3577 1115 3644 1182 τῇ

2071 1197 2369 1269 προσδοκίᾳ
2388 1199 2494 1251 τῶν
2533 1199 2834 1270 μελλόντων
2871 1201 3079 1254 δεινῶν·
3120 1201 3292 1264 οὕτως
3322 1204 3349 1255 6
3381 1201 3646 1272 πρότερον

2071 1286 2379 1350 πυκτεύων,
2417 1289 2512 1341 καὶ
2541 1287 2753 1352 ἀθλῶν,
2795 1289 2886 1342 καλ⁸
2934 1290 3100 1362 μυρία
3142 1290 3428 1360 ὑπομένων
3477 1290 3642 1355 κακά,

2075 1373 2212 1442 μετά
2236 1375 2292 1427 δὲ
2341 1375 2516 1430 ταῦτα
2552 1379 3007 1446 στεφανούμενος,
3039 1378 3138 1430 οὐκ
3185 1375 3504 1432 αἰσθάνεται
3535 1377 3645 1430 τῶν

2071 1463 2353 1532 παρόντων
2375 1463 2582 1526 δεινῶν,
2626 1467 2691 1535 τῇ
2721 1463 2895 1517 ἐλπίδι
2929 1464 3037 1518 τῶν
3085 1464 3386 1534 μελλόντων
3427 1463 3645 1532 ἀγαθῶν

2068 1549 2485 1622 ἀνανεούμενος.
2521 1554 2594 1606 Οὐ
2630 1554 2723 1608 τοῦ
2761 1555 3027 1626 παρόντος
3063 1553 3120 1606 δὲ
3164 1555 3321 1625 μόνον
3357 1554 3645 1623 ἐκούφισεν

2068 1635 2266 1700 αὐτοὺς
2289 1638 2449 1693 πόνου
2478 1643 2542 1712 τῇ
2585 1641 2854 1712 μελλούσῃ
2877 1641 3075 1705 ἐλπίδι,
3114 1641 3248 1695 ἀλλά
3281 1641 3374 1694 καὶ
3400 1643 3465 1710 τῇ
3489 1641 3643 1705 τάξει

2068 1725 2339 1795 προτέραν
2388 1729 2487 1798 τῆς
2532 1728 2769 1790 ἀνέσεως
2809 1728 3226 1791 κατασκευάσας
3265 1728 3510 1796 γίνεσθαι
3543 1727 3642 1799 τὴν

2068 1809 2275 1880 θλῖψιν,
2315 1812 2400 1866 ἵνα
2453 1813 2527 1885 μὴ
2560 1815 2764 1885 σφόδρα
2809 1816 2913 1869 ὐπὸ
2963 1816 3072 1868 τῶν
3121 1816 3404 1885 παρόντων
3453 1815 3642 1869 δεινῶν

2067 1900 2490 1956 κατατείνωνται
2541 1903 2678 1974 πρὸς
2723 1905 2906 1957 ἐκεῖνα
2941 1903 3250 1973 βλέποντες.
3282 1903 3437 1956 Οῦτω
3467 1903 3562 1956 καὶ
3590 1903 3640 1955 οί

2066 1987 2428 2052 πυκτεύοντες
2473 1989 2718 2060 δέχονται
2768 1991 2839 2046 τὰ
2888 1989 3178 2062 τραύματα
3219 1989 3536 2060 προθύμως,
3576 1989 3637 2041 οὐ

2066 2075 2204 2146 πρὸς
2232 2075 2331 2140 τάς
2363 2078 2686 2149 ἀλγηδόνας,
2715 2078 2850 2132 ἀ).λά
2894 2078 3030 2150 πρὸς
3060 2079 3151 2134 τὸν
3188 2079 3450 2147 στέφανον
3487 2075 3640 2148 [675}

2065 2165 2374 2236 βλέποντεςο
2412 2169 2554 2223 οὕτω
2601 2171 2697 2224 καὶ
2753 2169 2948 2224 ναῦται
3002 2169 3231 2241 μυρίους
3276 2167 3640 2238 ὑπομένοντες

2062 2255 2360 2320 κινδύνους,
2391 2256 2684 2327 χειμῶνας,
2719 2258 2811 2311 καὶ
2834 2257 3066 2328 πόλεμόν
3098 2272 3223 2309 τινα
3250 2253 3508 2325 χαλεπὸν,
3545 2254 3642 2306 καὶ

2063 2343 2200 2415 πρὸς
2231 2344 2395 2415 θηρία
2439 2345 2641 2416 ἄγρια,
2689 2347 2782 2400 καὶ
2816 2344 2954 2417 πρὸς
3001 2345 3127 2409 τοὺς
3173 2346 3232 2398 ἐν
3283 2347 3348 2414 τῇ
3401 2342 3637 2414 θαλάττῃ

2064 2433 2402 2505 κακούργους
2431 2435 3021 2507 ἀντιπαραταττόμενοι
3043 2474 3056 2497 ,
3080 2433 3232 2487 οὐδὲν
3259 2433 3464 2485 τούτων
3493 2426 3645 2498 λογί-

2063 2519 2268 2586 ζονται,
2324 2522 2460 2575 ἀλλά
2494 2523 2626 2593 πρὸς
2655 2523 2782 2586 τοὺς
2814 2522 3063 2592 λιμένας,
3109 2521 3204 2573 καὶ
3249 2519 3340 2573 16v
3391 2518 3501 2572 ἀπὸ
3539 2517 3642 2586 τῆς

2062 2609 2332 2677 ἐμπορίας
2352 2609 2580 2663 πλοῦτον
2611 2611 2833 2681 ὁρῶσιν·
2859 2609 3002 2664 οὓτω
3030 2609 3126 2662 καὶ
3157 2609 3205 2661 οἱ
3238 2608 3515 2678 μάρτυρες
3541 2622 3640 2675 μυ-

2061 2697 2155 2768 ρία
2187 2697 2486 2768 πάσχοντες
2518 2697 2685 2758 δεινὰ,
2717 2699 2809 2752 καὶ
2847 2699 2907 2752 16
2959 2697 3118 2768 σῶμα
3161 2696 3440 2765 διαφόροις
3472 2694 3642 2764 βασά-

2059 2803 2170 2849 νοις
2202 2787 2684 2858 κατατεμνόμενοι,
2708 2786 2843 2859 πρὸς
2865 2787 3016 2840 οὐδὲν
3042 2785 3246 2838 τούτων
3271 2782 3476 2854 ἐώρων,
3502 2781 3638 2836 ἀλλά

2059 2873 2196 2944 πρὸς
2223 2874 2313 2927 τὸν
2348 2875 2576 2946 οὐρανὸν
2619 2874 2714 2928 καὶ
2746 2874 2816 2928 τὰ
2845 2875 3052 2928 ἐκεῖθεν
3097 2874 3390 2944 κεχήνασιν
3434 2869 3636 2938 ἀγαθά.

2058 2963 2168 3017 Καὶ
2195 2965 2282 3018 ἵνα
2307 2963 2516 3036 μάθητε
2546 2965 2628 3018 ὃτι
2658 2965 2727 3019 τά
2758 2964 2919 3035 φύσει
2965 2962 3197 3035 φορτικά
3228 2961 3322 3015 καὶ
3364 2960 3634 3029 ἀφόρητα,

2057 3051 2228 3107 ταῦτα
2273 3055 2340 3124 τῇ
2374 3053 2546 3106 ἐλπίδι
2580 3053 2689 3107 τῶν
2724 3053 3026 3125 μελλόντων
3077 3049 3254 3120 κοῦφα
3311 3049 3404 3103 καὶ
3455 3049 3636 3119 ῥᾷστα

2057 3139 2301 3208 γίνεται,
2341 3140 2611 3195 ἀκούσατε
2658 3141 2753 3196 τοῦ
2795 3140 3191 3214 ,πρωτοστάτου
3235 3137 3342 3192 τῶν
3374 3134 3635 3189 τοιούτων

2058 3227 2277 3297 ἀγαθῶν
2307 3229 2574 3300 λέγοντος·
2623 3231 2694 3285 Τὸ
2721 3229 2830 3300 γὰρ
2863 3229 3199 3298 παραυτίκα
3235 3223 3501 3294 ἐλαφρόν
3530 3221 3641 3291 τῆς

2059 3319 2318 3386 θλίψεως
2361 3320 2491 3373 καθ’
2521 3317 2865 3389 ὑπερϐολὴν
2890 3321 2975 3384 εις
3016 3313 3362 3384 ὑπερϐολὴν
3396 3308 3642 3364 αιώνιον

2053 3402 2246 3473 βάρος
2281 3405 2468 3473 δόξης
2503 3405 2906 3476 κατεργάζεται
2947 3404 3110 3474 ἡμῖν.
3149 3402 3307 3468 Πῶς,
3346 3400 3468 3454 εἰπέ
3512 3416 3634 3470 μοι;

2058 3493 2156 3562 Μὴ
2196 3496 2590 3549 σκοπούντων
2633 3494 2801 3566 ἡμῶν
2840 3495 2911 3548 τὰ
2937 3493 3290 3561 βλεπόμενα
3311 3530 3326 3558 ,
3356 3487 3518 3544 ἀλλὰ
3562 3487 3638 3541 τὰ

2054 3581 2140 3652 μὴ
2181 3583 2552 3653 βλεπόμενα.

2131 3691 2195 3761 β’.
2213 3691 2400 3746 Ταῦτα
2429 3691 2484 3745 δέ
2511 3709 2601 3762 μοι
2630 3695 2728 3763 οὐχ
2756 3691 3197 3766 ἀπλῶςεῖρηται,
3218 3687 3353 3742 ἀλλά
3376 3688 3443 3742 δι’
3466 3686 3632 3757 ὑμᾶς.

2060 3779 2149 3833 ἵνα
2163 3780 2292 3833 ὃταν
2311 3779 2457 3848 ῖδητέ
2479 3797 2598 3833 τινα
2620 3779 2910 3850 τρυφῶντα
2926 3779 3020 3832 καὶ
3037 3778 3275 3835 ἀνέσεως
3293 3774 3634 3829 ἀπολαύοντα

2058 3865 2208 3937 ἐντῷ
2225 3866 2324 3936 βίῳ
2345 3866 2535 3938 τούτῳ.
2561 3866 2819 3936 μέλλοντα
2842 3865 2896 3919 δὲ
2929 3867 3046 3918 ἐκεῖ
3065 3861 3407 3927 κολάζεσθαι,
3432 3859 3506 3931 μὴ
3531 3877 3634 3929 μα-

2058 3954 2318 4024 καρίςητε
2347 3955 2510 4008 αὐτὸν
2529 3955 2614 4008 διὰ
2643 3953 2742 4025 τὴν
2766 3953 3049 4025 παροῦσαν
3066 3951 3299 4023 τρυφὴν,
3316 3948 3452 4002 ἀλλὰ
3471 3947 3633 4001 ταλα-

2059 4043 2240 4114 νίζητε
2264 4044 2350 4098 διὰ
2370 4045 2468 4115 τὴν
2495 4044 2794 4114 μέλλουσαν
2817 4043 3054 4096 κόλασιν.
3074 4041 3184 4096 Kal
3202 4039 3362 4093 πάλιν
3381 4039 3508 4090 ὅταν
3527 4037 3634 4106 ῖδηο

2057 4132 2118 4184 τέ
2141 4149 2261 4186 τινα
2295 4132 2403 4185 τῶν
2437 4133 2738 4201 μελλόντων
2766 4134 2883 4186 ἐκεῖ
2909 4130 3110 4200 πολλῆς
3146 4125 3438 4183 ἀπολαύειν
3463 4143 3515 4178 τι
3526 4125 3631 4194 μῆς

2058 4220 2115 4272 ἐν
2143 4219 2318 4290 θλίψει
2353 4221 2447 4273 xal
2491 4221 2841 4293 στενοχωρίᾳ,
2873 4220 2966 4274 καὶ
3010 4218 3222 4290 μυρίοις
3258 4214 3388 4268 ὄντα
3442 4214 3632 4273 κακοῖς

2057 4308 2115 4362 ἐν
2149 4311 2214 4380 τῇ
2261 4309 2580 4380 προσκαίρῳ
2607 4309 2780 4383 ταύτῃ
2827 4309 2962 4380 ζωῇ,
3009 4308 3083 4378 μὴ
3131 4303 3403 4375 δακρύητε
3447 4299 3533 4383 διά
3565 4299 3633 4352 τά

2058 4397 2299 4466 παρόντα
2324 4396 2491 4464 δεινά,
2515 4397 2650 4451 ἀλλὰ
2691 4382 3054 4468 μακαρίζητε,
3087 4394 3181 4448 καὶ
3221 4388 3461 4461 ζηλωτὸν
3490 4382 3631 4441 εἶναι

2056 4484 2313 4554 νομίζητε
2343 4484 2432 4539 διά
2465 4486 2592 4549 τοὺς
2622 4483 3018 4553 ἀποκειμένους
3059 4479 3208 4550 αὐτῷ
3241 4477 3540 4547 στεφάνους
3571 4476 3629 4525 ἐν

2057 4575 2170 4635 τοῖς
2205 4572 2456 4644 ἀπείροις
2488 4573 2681 4626 αἰῶσιν
2716 4573 2968 4634 ἐκείνοις.
3010 4571 3247 4637 ’Πνεγκε
3291 4566 3391 4637 μέν
3425 4561 3517 4618 οῦν
3539 4563 3630 4616 τὸν

2058 4660 2212 4727 ἆγιον
2238 4659 2426 4714 τοῦτον
2450 4659 2510 4713 τὸ
2531 4660 2637 4714 τῶν
2666 4659 2905 4713 Κιλίκων
2929 4659 3101 4720 ἔθνος,
3131 4657 3159 4710 ὃ
3188 4657 3282 4708 καὶ
3304 4655 3396 4708 τὸν
3416 4651 3629 4707 Παῦλον

2057 4748 2284 4817 ἤνεγκεο
2326 4750 2664 4820 συμπολίτης
2696 4748 2803 4818 γὰρ
2827 4745 2904 4818 ’ἦν
2938 4747 3171 4809 ἐκείνου,
3207 4745 3300 4797 καὶ
3331 4743 3629 4812 ἀμφότεροι

2058 4834 2323 4906 ὑπουργοὶ
2345 4837 2442 4906 τῆς
2471 4835 2794 4906 Ἑκκλησίας
2815 4835 3020 4890 ἐκεῖθεν
3045 4835 3173 4903 ἡμῖν
3195 4829 3626 4902 προεϐλήθησαν.

2140 4923 2356 4993 Ἐπειδὴ
2388 4923 2444 4976 δέ
2491 4924 2552 4977 16
2592 4925 2802 4978 στάδιον
2840 4923 3044 4992 ἀνέῳγε
3077 4921 3173 4990 τῆς
3202 4919 3504 4981 εὐσεϐείας,
3537 4916 3631 4972 καὶ⁵

2057 5009 2194 5080 πρὸς
2231 5012 2356 5074 τούς
2382 5011 2576 5074 ἄθλους
2599 5011 2760 5064 αὐτὸν
2782 5013 2810 5064 6
2848 5009 3038 5080 καιρὸς
3069 5006 3275 5070 ἐκάλει,
3312 5005 3629 5078 περιπίπτει

2055 5095 2279 5168 χαλεπῷ
2304 5097 2478 5168 θηρίῳ
2508 5097 2584 5168 τῷ
2609 5099 2728 5150 τότε
2758 5098 3054 5162 δικάζοντι.
3110 5096 3220 5150 Kal
3250 5098 3503 5150 σκοπεῖτε
3527 5093 3627 5163 τὴν

2059 5186 2324 5256 μηχανήν.
2352 5185 2498 5238 Ἰδὼν
2536 5186 2642 5257 γὰρ
2675 5185 2837 5238 αὐτοῦ
2873 5185 2933 5238 16
2967 5185 3220 5256 φρόνημα
3251 5181 3496 5254 στερρὸν,
3535 5183 3628 5235 καὶ

2054 5272 2129 5336 ὡς
2149 5273 2209 5327 οὐ
2233 5273 2460 5328 δυνατὸν
2480 5277 2545 5345 τῇ
2571 5274 2890 5346 σφοδρότητι
2911 5275 3010 5344 τῆς
3029 5273 3298 5343 τιμωρίας
3325 5270 3625 5324 ὐπεκλῦσαι

2054 5363 2114 5414 16
2141 5361 2354 5417 εὐτονον
2372 5365 2468 5434 τῆς
2493 5363 2818 5434 προθυμίας,
2843 5363 2922 5425 είς
2949 5362 3230 5433 μελλήσεις
3249 5359 3408 5414 αὐτὸν
3425 5360 3628 5430 ἐμϐάλ-

2053 5451 2133 5506 λει
2182 5455 2277 5506 καὶ
2303 5453 2594 5517 ἀναϐολὰς.
2626 5455 2860 5523 εἰσάγων
2889 5453 2983 5507 καὶ
3011 5451 3221 5520 ἐξάγων
3254 5451 3513 5522 συνεχῶς.
3548 5453 3623 5505 υύ

2053 5543 2160 5615 γάρ
2202 5545 2258 5597 ἐν
2286 5546 2384 5616 μιᾷ
2417 5544 2601 5616 ἡμέρᾳ
2627 5545 2865 5609 ἀκούσας
2901 5543 3176 5612 ἀπέτεμεν
3204 5541 3371 5596 αὐτοῦ
3405 5541 3503 5613 τὴν
3537 5559 3631 5595 κε-

2055 5631 2250 5702 φαλὴν,
2274 5633 2360 5685 ἵνα
2397 5634 2472 5704 μὴ
2502 5633 2566 5686 16
2605 5633 2867 5703 σύντομον
2895 5633 2994 5702 τῆς
3019 5631 3292 5702 τιμωρίας
3327 5630 3626 5684 εὐκολώτε-

2058 5738 2147 5790 ρον
2188 5720 2336 5794 αὐτῴ
2368 5722 2569 5793 ποιήσῃ
2617 5722 2707 5776 τὸν
2759 5720 2991 5794 δρόμον,
3042 5720 3176 5775 ἀλλά
3231 5720 3352 5775 καθ’
3393 5719 3630 5790 ἑκάστην
