4080 6198
414 319 517 376 613‘.)

412 432 626 504 ἡμέραν
659 433 900 501 εἰσῆγεν,
929 431 1143 501 ἐξῆγεν.
1178 431 1397 494 πεύσεις
1426 429 1690 501 προσῆγε,
1722 427 1979 498 βασάνους

419 515 619 586 μυρίας
656 516 890 584 ἠπείλει,
921 515 1098 582 λόγοις
1119 514 1524 574 κολακευτικοίς
1575 511 1841 576 ἐδελέαζε,
1877 512 1982 563 πᾶ-

417 617 517 652 σαν
543 599 713 652 ἐκίνει
745 601 994 670 μηχανὴν
1020 598 1112 650 τὸν
1142 598 1389 652 ἄσειστον
1413 597 1662 667 θεμέλιον
1693 593 1984 664 ἐπιχειρῶν

415 682 774 735 διασαλεύειν
806 683 898 734 καὶ
937 681 1200 751 περιῆγεν
1223 681 1384 735 αὐτὸν
1419 679 1664 734 ἐνιαυτὸν
1688 678 1884 748 ὀλόκλη
1896 695 1985 748 ρον

419 765 698 834 πανταχοῦ
729 766 828 835 τῆς
859 763 1112 826 Κιλικίας
1141 762 1538 834 καταισχύνων,
1569 762 1768 834 μᾶλλον
1797 761 1877 822 δέ,
1911 759 1986 822 ὡς

417 850 516 901 οὐκ
563 847 732 918 ῷετο,
787 847 1170 918 λαμπρότερον
1213 847 1559 916 ἀποφαίνων·
1607 849 1636 899 ό
1677 847 1732 900 δὲ
1778 844 1988 916 μάρτυς

418 932 548 985 ἐϐόα
571 945 596 972 ει
630 931 724 984 καὶ
751 930 912 995 αὐτὸς
938 929 1147 999 συνῳδὰ
1179 929 1255 1000 τῷ
1298 929 1524 1000 Παύλῳ,
1555 927 1733 998 Χάρις
1765 926 1846 994 τῷ
1869 925 1990 991 Θεῷ

418 1013 498 1078 τῷ
537 1014 944 1080 θριαμϐεύοντι
972 1011 1129 1082 ἡμᾶς
1150 1012 1219 1064 ἐν
1243 1011 1474 1080 Χριστῷ
1498 1012 1722 1078 Ἰησοῦ,
1753 1009 1852 1064 καὶ
1877 1008 1992 1076 τὴν

419 1096 621 1165 ὀσμὴν
651 1095 759 1162 τῆς
789 1095 1065 1164 ’γνώσεως
1103 1094 1290 1150 αὐτοῦ
1324 1094 1680 1164 φανεροῦντι
1709 1093 1783 1147 δι’
1821 1090 1992 1160 ἡμῶν

419 1181 490 1234 ἐν
513 1180 690 1232 παντὶ
719 1180 898 1242 τόπῳ.
939 1177 1209 1249 Καθάπερ
1233 1177 1341 1248 γὰρ
1381 1195 1550 1249 μυρον
1579 1177 1684 1241 ἕως
1710 1177 1807 1247 μὲν
1833 1177 1890 1228 ἐν
1912 1173 1992 1228 ἐνὶ

419 1265 571 1335 τόπῳ
609 1265 801 1328 κεῖται,
850 1263 1056 1314 ἐκεῖνον
1103 1262 1262 1330 μόνον
1306 1260 1676 1332 ἀναχρώννυσι
1723 1257 1811 1310 τὸν
1857 1257 1992 1325 ἀέρα

419 1350 517 1419 τῆς
549 1347 798 1410 εὐωδίας,
831 1345 1050 1398 ἐπειδάν
1079 1345 1134 1396 δὲ
1167 1345 1245 1408 είς
1272 1343 1443 1397 πολλά
1471 1341 1769 1414 προενεχθῇ
1795 1340 1989 1412 χωρία,

422 1431 601 1484 πάντα
632 1427 938 1499 ἐμπίπλησι
973 1426 1068 1496 τῆς
1100 1427 1307 1488 οἰκείας
1330 1427 1530 1496 ἀρετῆς
1559 1423 1608 1462 δ·
1633 1423 1774 1478 οῦτω
1802 1423 1866 1492 δὴ
1899 1421 1994 1474 καὶ

422 1515 515 1567 ἐπὶ
542 1512 636 1564 τοῦ
667 1513 940 1581 μάρτυρος
962 1509 1244 1562 συνέϐαινε
1266 1509 1407 1562 τότε.
1433 1508 1734 1580 Περιήγετο
1769 1507 1865 1577 μὲν
1885 1504 1994 1575 γάρ

423 1599 497 1659 ὡς
545 1595 694 1666 [674]
745 1594 952 1664 μέλλων
1001 1591 1488 1663 καταισχύνεσθαι,
1539 1591 1599 1644 τὺ
1647 1590 1704 1644 δὲ
1756 1589 1995 1641 ἐναντίον

424 1679 689 1745 ἐξέϐαινε’
737 1675 1116 1746 λαμπρότερος
1156 1677 1184 1728 6
1228 1675 1466 1746 ἀθλητὴς
1517 1673 1605 1728 διὰ
1635 1673 1736 1742 τῆς
1770 1671 1995 1741 πομπῆς

422 1763 638 1832 ἐκείνης
667 1759 933 1829 ἐγίγνετο,
948 1759 1044 1811 καὶ
1063 1759 1270 1822 πάντας
1296 1760 1422 1822 τοὺς
1440 1757 1537 1827 τήν
1553 1756 1792 1810 Κιλίκων
1813 1753 1994 1824 χώραν

423 1847 710 1909 οἰκοῦντας
740 1845 841 1914 τῆς
867 1843 1078 1906 οἰκείας
1116 1842 1290 1896 ἐποίει
1333 1841 1580 1912 ζηλωτὰς
1614 1839 1834 1911 ἀρετῆς.
1889 1839 1996 1890 Πε-

429 1932 650 2004 ριήγετο
683 1925 984 1998 πανταχοῦ,
1026 1927 1114 1981 ἴνα
1167 1929 1241 1998 μὴ
1277 1926 1436 1997 μόνον
1486 1925 1546 1990 ἐξ
1581 1925 1752 1994 ἀκοῆς
1785 1923 1996 1994 μάθωσι

425 2016 494 2068 τὰ
523 2013 898 2082 παλαίσματα,
921 2009 1058 2064 ἀλλά
1091 2009 1183 2062 καὶ
1211 2009 1371 2062 αὑτὸν
1411 2007 1652 2079 βλέπωσι
1673 2008 1764 2060 τὸν
1798 2023 1998 2074 στεφα-

425 2101 577 2167 νίτην
621 2099 671 2151 οἰ
711 2096 917 2150 θεαταί·
950 2093 1044 2148 καὶ
1084 2095 1193 2165 ὅσῳ
1243 2093 1614 2165 μακροτέρους
1645 2092 1793 2164 αὐτῷ
1824 2091 1999 2144 ἐποίει

426 2183 552 2244 τοὺς
585 2179 855 2244 διαύλους,
893 2175 1132 2248 τοσούτῳ
1168 2176 1540 2248 λαμπρότεροι
1571 2179 1620 2229 οἱ
1642 2175 1832 2248 δρόμοι
1861 2175 1998 2228 πάν-

425 2284 516 2330 τες
539 2265 834 2335 ἐγίγνοντο·
865 2263 976 2334 ὅσῳ
1001 2261 1224 2332 μείζονα
1253 2260 1421 2314 ἐτίθει
1452 2259 1520 2312 τά
1555 2259 1874 2330 σκάμματα,
1908 2276 1998 2312 το-

431 2352 604 2422 σούτῳ
639 2347 1058 2419 θαυμαστότερα
1097 2346 1364 2413 ἀπέφαινε
1397 2343 1468 2396 τὰ
1496 2343 1868 2413 παλαίσματαο
1891 2344 2000 2414 ὅσῳ

427 2439 526 2508 τὴν
561 2435 738 2504 θλῖψιν
775 2431 1052 2486 ἐπέτεινεν
1080 2431 1160 2492 εἰς
1181 2428 1375 2500 χρόνου
1415 2427 1611 2498 μῆκος,
1641 2426 1880 2498 τοσούτῳ
1902 2426 2000 2496 τὴν

429 2520 708 2592 ὑπομονὴν
763 2515 929 2570 αὐτοῦ
961 2513 1334 2584 δοκιμωτέραν
1383 2510 1692 2582 εἰργάζετο.
1726 2511 1844 2592 ,Καὶ
1893 2511 2001 2579 γάρ

427 2591 650 2677 χρυσίον
681 2599 900 2653 πλείονα
928 2597 1120 2667 χρόνον
1141 2598 1208 2666 τῇ
1233 2593 1330 2646 τοῦ
1356 2593 1532 2677 πυρὸς
1559 2591 1782 2663 ὁμιλοῦν
1818 2592 1998 2660 φύσει,

349 2719 354 2724 ν
429 2673 808 2758 καθαρώτερον
835 2681 1062 2750 γίνεται·
1088 2677 1338 2748 καθάπερ
1369 2676 1492 2730 τότε
1533 2675 1627 2729 καὶ
1725 2673 1818 2726 τοῦ
1846 2673 1999 2742 ἁγίου

427 2757 583 2842 ψυχή
602 2765 998 2839 βασανιζομένη
1023 2761 1098 2833 τῷ
1125 2762 1302 2832 χρόνῳ
1327 2759 1525 2829 μᾶλλον
1562 2757 1874 2842 ἀπέλαμπε,
1909 2757 2002 2810 καὶ

427 2839 580 2907 ούδέν
612 2853 820 2921 ἕτερον,
852 2848 966 2900 ἀλλ’
1002 2845 1034 2916 ἢ
1078 2845 1339 2914 τρόπαιον
1380 2842 1501 2896 καθ’
1531 2839 1728 2894 ἑαυτοῦ
1767 2841 1860 2893 καὶ
1907 2839 2000 2892 τοῦ

389 2945 392 2950 ’
429 2939 697 3000 διαϐόλου,
737 2935 827 2989 τὸν
863 2931 1110 3004 μάρτυρα
1149 2928 1492 3000 περιέφερεν,
1530 2926 1748 2996 ἔλεγχον
1776 2926 1876 2994 τῆς
1896 2925 2002 2977 τῶν

442 3021 710 3090 Ἑλλήνων
737 3015 1048 3088 ὠμότητος,
1085 3011 1362 3077 ἀπόδειξιν
1387 3011 1485 3080 τῆς
1525 3009 1633 3062 τῶν
1663 3007 2002 3079 Χριστιανῶν

433 3104 745 3167 εὐσεϐείας,
801 3100 1054 3173 μέγιστον
1101 3099 1402 3167 τεκμήριον
1469 3095 1566 3160 τῆς
1618 3093 1714 3146 τοῦ
1767 3091 2002 3162 Χριστοῦ

430 3188 732 3259 δυνάμεως,
761 3185 1085 3256 παραίνεσιν
1115 3182 1236 3234 καὶ·
1255 3177 1562 3250 συμϐουλὴν
1593 3179 1712 3240 τοῖς
1755 3177 1970 3240 πιστοῖς
1988 3217 2002 3239 ,

432 3271 574 3324 ὥστε
627 3266 924 3342 προθύμως
972 3267 1086 3327 τοῖς
1138 3265 1321 3325 αὐτοῖς
1374 3263 1730 3332 ἐγκαρτερεῖν
1790 3261 2002 3328 ἀγῶσι,

433 3357 650 3424 κήρυκα
688 3350 788 3418 τῆς
833 3347 926 3400 τοῦ
980 3347 1114 3399 Θεοῦ
1159 3345 1337 3414 δόξης,
1401 3343 1718 3398 διδάσκαλον
1765 3343 1865 3414 τῆς
1897 3342 2005 3396 τῶν

433 3435 686 3491 τοιούτων
729 3431 1124 3500 παλαισμάτων
1171 3429 1499 3498 ἐπιστήμης.
1556 3426 1860 3496 Παρεκάλει
1896 3427 2006 3497 γὰρ

436 3521 682 3580 ἅπαντας
709 3515 844 3586 πρὸς
897 3513 987 3566 τὸν
1027 3513 1223 3564 οἰκεῖον
1252 3510 1411 3580 ζῆλον
1439 3509 1858 3579 μεταναστῆναι,
1887 3509 2007 3579 οὐχὶ

433 3603 521 3656 διά
545 3603 646 3670 τῆς
678 3598 860 3669 φωνῆς
898 3597 1057 3667 μόνον
1095 3591 1497 3664 συμϐουλεύων,
1531 3591 1666 3645 ἀλλά
1697 3591 1789 3644 καὶ
1815 3590 1882 3644 δι’
1911 3592 2008 3644 αὐ-

433 3687 543 3740 τῶν
573 3685 679 3738 τῶν
715 3680 1051 3754 πραγμάτων
1086 3678 1384 3744 σάλπιγγος
1411 3674 1796 3746 λαμπροτέραν
1831 3675 2009 3742 ἀφιεὶς

437 3771 642 3838 φωνήν.
673 3767 784 3820 Καὶ
835 3763 1085 3832 καθάπερ
1135 3763 1181 3814 οἱ
1233 3759 1452 3828 ούρανοί
1499 3757 1808 3827 διηγοῦνται
1849 3756 2006 3822 δόξαν

436 3851 595 3915 Θεοῦ,
625 3850 746 3920 οὐχὶ
773 3846 952 3917 φωνὴν
978 3845 1250 3914 ἀφιέντες,
1272 3842 1407 3896 ἀλλά
1436 3844 1503 3913 τῇ
1541 3841 1882 3913 λαμπρότητι
1909 3843 2007 3912 τῆς

435 3935 613 4005 ὂψεως
647 3933 738 3986 τὸν
778 3929 974 3999 θεατὴν
1025 3929 1159 3999 πρὸς
1205 3926 1265 3979 τὸ
1311 3925 1494 3996 θαῦμα
1537 3923 1631 3977 τοῦ
1675 3924 2008 3995 δημιουργοῦ

438 4016 932 4090 παραπέμποντες·
987 4010 1131 4064 οὕτω
1191 4009 1254 4080 δὴ
1317 4010 1410 4062 καὶ
1457 4008 1486 4059 6
1536 4008 1746 4080 μάρτυς
1807 4009 2010 4070 ἐκεῖνος

437 4089 676 4170 διηγεῖτο
708 4097 826 4150 τότε
856 4095 1010 4160 δόξαν
1041 4093 1199 4156 Θεοῦ,
1231 4091 1457 4163 οὐρανὸς
1477 4091 1551 4144 ὢν
1579 4090 1668 4144 καὶ
1699 4089 1881 4152 αὐτὸς,
1917 4089 2010 4142 καὶ

441 4186 574 4238 πολὺ
611 4182 706 4236 τοῦ
747 4179 1076 4252 φαινομένου
1106 4175 1293 4230 τούτου
1325 4173 1673 4245 φαιδρότερος
1700 4185 1721 4212 ο
1747 4211 1760 4226 .
1797 4173 1870 4226 Ού
1903 4173 2012 4242 γάρ

441 4268 582 4322 οὓτω
632 4265 723 4318 τὸν
767 4263 992 4334 οὐρανὸν
1050 4258 1302 4330 λαμπρὸν
1361 4256 1753 4325 ἀποφαίνουσιν
1810 4257 1858 4308 οἱ
1903 4255 2012 4308 τῶν

443 4353 656 4422 ἄστρων
704 4348 876 4417 χοροὶ,
923 4345 998 4406 ὡς
1031 4345 1093 4395 τὸ
1127 4341 1222 4396 τοῦ
1261 4341 1537 4412 μάρτυρος
1567 4339 1728 4410 σῶμα
1759 4339 2014 4410 λαμπρό-

445 4421 599 4505 τερον
621 4431 907 4498 ἀπέφηναν
947 4427 996 4479 οἰ
1033 4425 1140 4478 τῶν
1175 4424 1504 4496 τραυμάτων
1541 4423 1753 4492 ἰχῶρες.
1787 4421 1898 4475 Καὶ
1927 4422 2013 4474 ἵνα

449 4519 656 4589 μάθητε
689 4515 769 4567 ὅτι
798 4513 867 4565 τὰ
917 4509 1208 4580 τραύματα
1240 4507 1334 4560 τοῦ
1387 4507 1661 4578 μάρτυρος
1697 4505 1804 4559 τῶν
1833 4507 1890 4557 ἐν
1926 4505 2016 4558 ού-

451 4599 592 4674 ρανῷ
618 4597 942 4666 πεπηγότων
966 4595 1178 4664 ἄστρων
1205 4591 1557 4662 λαμπρότερα
1576 4631 1592 4656 ,
1635 4591 1908 4642 σκοπεῖτε.

517 4685 561 4736 ΙΙ
572 4682 662 4754 ρδς
689 4683 892 4732 ἐκεῖνον
920 4677 1020 4748 μὲν
1046 4677 1137 4729 τὸν
1165 4674 1393 4746 οὐρανὸν
1421 4674 1650 4736 καὶτοὺς
1667 4673 1902 4742 ἀστέρας
1923 4671 2018 4724 καὶ

447 4765 544 4822 ἀνθ
554 4781 720 4835 ρωποι
741 4762 1094 4831 καὶδαίμονες
1122 4759 1397 4830 βλέπουσι,
1417 4757 1550 4828 πρὸς
1571 4756 1625 4808 δὲ
1641 4755 1710 4808 τά
1729 4755 2018 4824 τραύματα

447 4849 636 4903 τούτου
669 4847 942 4917 ἅνθρωποι
975 4845 1072 4915 μὲν
1106 4843 1394 4912 βλέπουσιν
1427 4843 1476 4893 οἱ
1511 4839 1712 4902 πιστοὶ,
1763 4837 2018 4907 δαίμονες

449 4935 506 4986 δέ
531 4931 844 5000 ἀντιϐλέψαι
878 4929 938 4982 ού
961 4927 1250 4998 τολμῶσιν,
1276 4925 1412 4980 ἀλλὰ
1443 4922 1546 4976 κᾶν
1597 4921 2018 4990 ἐπιχειρήσωσιν

453 5015 600 5076 ἰδεῖν,
624 5014 823 5076 εὐθέως
853 5009 1288 5078 ἀποτυφλοῦνται
1335 5007 1435 5070 τὰς
1469 5005 1640 5074 ὄψεις,
1681 5002 1776 5072 τήν
1813 5001 2020 5055 ἐκεῖθεν

453 5097 776 5168 ἐκπηδῶσαν
813 5093 1180 5168 μαρμαρυγὴν
1205 5092 1231 5130 ει
1258 5092 1317 5144 οὐ
1347 5088 1634 5160 δυνάμενοι
1669 5085 1876 5168 φέρειν.
1909 5087 2020 5138 Καὶ

452 5181 609 5234 τοῦτο
633 5181 730 5232 οὐκ
755 5180 862 5233 ἀπὸ
891 5179 998 5231 τῶν
1030 5176 1195 5230 πάλαι
1221 5171 1644 5244 συμϐεϐηκότων
1676 5167 2021 5238 πιστώσομαι

457 5267 638 5336 μόνον.
678 5265 813 5318 ἀλλά
858 5263 954 5317 καὶ
1001 5259 1108 5317 ἀπὸ
1139 5259 1247 5313 τῶν
1299 5257 1378 5310 ἔτι
1432 5257 1525 5310 καὶ
1555 5255 1648 5308 νῦν
1700 5251 2019 5322 γινομένων.

453 5349 649 5403 Λαϐὼν
670 5349 777 5419 γάρ
801 5365 921 5401 τινα
941 5345 1280 5418 δαιμονῶντα
1299 5341 1392 5394 καὶ
1420 5339 1742 5411 μαινόμενον
1765 5335 2022 5404 εἰσάγαγε

517 5461 544 5491 ⁸
569 5461 738 5510 Morel.
765 5459 1085 5524 λαμπρότερον
1103 5456 1392 5524 ἀποφαίνεις),
1415 5455 1441 5502 ὁ
1537 5452 1708 5524 Ripa);
1740 5449 1872 5524 ἐϐὀαί
1891 5445 2026 5524 [ἄρας

454 5509 581 5584 Reg;
617 5509 936 5585 λαμπριτὲρὸν
956 5509 1161 5585 ἀπέφηνε
1196 5509 1284 5585 καὶ.
1299 5509 1434 5585 εεδα.
1482 5509 1616 5563 ibid."
1643 5509 1792 5572 sm].
1827 5516 1877 5557 el
1901 5509 2026 5556 alius

456 5578 590 5645 Ηυξ-γ
603 5585 628 5630 6
651 5578 702 5630 δέ
724 5578 897 5645 μάρτυς
915 5578 1248 5645 περιαγόμενος
1267 5578 1396 5625 ἐϐόα.

519 5644 546 5682 Ι)
571 5644 666 5692 Alii
689 5643 772 5700 τῆς
791 5643 964 5698 οἰκείας
995 5643 1252 5702 δυνάμεως.

520 5707 544 5766 ξ
571 5705 706 5766 linus
731 5707 845 5766 1mg.
867 5705 1035 5766 τούτου
1053 5701 1384 5766 λαμπρότερος.

519 5761 546 5805 δ
565 5765 663 5815 Alii
685 5761 965 5824 ἐκτιηδῶσαν
985 5761 1242 5826 ἀστραπήν.

1104 318 1159 369 5.
1201 315 1480 370 ,ΙΟΛΝΝΙΞ
1518 306 1998 368 CHRYSOSTOMI
2037 303 2354 359 ARCIHEP.
2395 301 2936 358 CONSTANTINOP.

3545 290 3648 351 6ἷο

2087 422 2222 492 πρὸς
2241 421 2333 475 τὸν
2358 422 2510 491 άγιον
2543 421 2712 490 τάφον
2747 421 2971 479 ἐκεῖνον,
3001 412 3129 468 ἔνθα
3165 409 3256 464 τοῦ
3287 407 3559 480 μάρτυρος
3585 408 3657 461 τά

2085 505 2334 573 λείψανα,
2351 490 2444 558 καὶ
2467 504 2586 574 ὄψει
2613 504 2828 564 πάντως
2847 495 3211 568 ἀποπηδῶντα
3247 493 3342 546 καὶ
3365 490 3652 560 φεύγοντα.

2086 571 2356 659 Καθάπερ
2377 589 2486 658 γὰρ
2511 571 2801 657 ’ἀνθράκων
2835 582 3040 654 μέλλων
3061 576 3382 659 ἐπιϐαίνειν,
3400 573 3574 659 οὕτως
3597 571 3661 659 ἐξ

2087 674 2264 728 αὐτῶν
2291 655 2492 736 εύθέως
2516 655 2797 735 ἐξάλλεται
2816 667 2924 720 τῶν
2944 661 3255 736 προθύρων,
3269 658 3392 714 οὑδέ
3407 655 3541 728 πρὸς
3559 655 3662 726 τὴν

2087 759 2263 829 θήκην
2313 757 2483 827 αὐτὴν
2525 753 2844 822 ἀντιϐλέψαι
2879 747 3116 819 τολμῶν.
3167 747 3230 799 Εἰ
3277 743 3335 829 δέ
3377 740 3472 829 νῦν
3523 739 3662 829 μετά

2087 823 2340 896 τοσοῦτον
2375 823 2566 912 χρόνον
2587 880 2601 900 ,
2642 839 2730 892 ὅτε
2787 836 2937 897 κόνις
2985 831 3199 901 ἐγένετο
3229 827 3325 912 καὶ.
3346 825 3568 912 ’τέφρα
3597 823 3662 912 οῦ

2089 927 2359 998 τολμῶσιν
2377 905 2720 990 ’-ἀναϐλέψαι
2771 920 2908 990 πρὸς
2935 918 2996 970 τὸ
3035 915 3244 987 μνῆμα,
3264 909 3400 998 οὐδέ
3430 905 3567 998 πρδς
3593 905 3666 959 τά

2089 989 2270 1081 γυμνὰ
2294 1011 2426 1062 ὀστᾶ
2441 1009 2536 1062 τοῦ
2563 989 2738 1074 ἁγίου,
2757 989 2982 1074 εῦδηλον
2997 1003 3080 1055 ὅτι
3102 997 3358 1081 καὶ-τότε,
3371 994 3460 1046 ὅτε
3476 989 3665 1081 ἐώρων

2090 1095 2254 1148 αὐτὸν
2313 1092 2506 1164 αἵματι
2553 1088 2962 1159 φοινισσόμενον
3024 1079 3308 1138 πάντοθεν.
3351 1074 3665 1145 τραύμασιν

2091 1162 2482 1233 ἀποστίλϐοντα
2515 1174 2737 1246 μᾶλλον,
2771 1172 2805 1243 ἢ
2841 1169 2932 1222 τὸν
2961 1168 3110 1238 ἥλιον
3137 1166 3255 1226 ταῖς
3279 1162 3483 1222 ἀκτῖσι,
3533 1173 3666 1210 κατ-

2095 1260 2434 1328 επλάγησαν,
2463 1242 2558 1311 καὶ
2579 1242 2877 1326 πληγέντες
2903 1250 3000 1314 τὰς
3038 1249 3188 1318 δψεις
3221 1242 3594 1328 ἀνεχωρήσαν.

2167 1341 2234 1410 γ’.
2249 1319 2408 1403 Ἐἶδες
2423 1319 2549 1403 ⁷πῶς
2563 1319 2749 1392 τῶνόύ
2759 1335 2955 1404 ρανίων
2971 1332 3214 1402 ἀστέρων
3231 1326 3300 1379 τά
3323 1324 3430 1378 τῶν
3458 1319 3666 1410 μαρτύ-

2095 1404 2204 1497 ρων
2215 1424 2506 1496 τραύματα
2523 1420 2849 1493 φαιδρότερα
2867 1419 2960 1472 καὶ
2983 1411 3417 1497 θαυμαστότερα,
3545 1404 3670 1474 μεί-

2095 1489 2221 1573 ζονα
2239 1489 2469 1579 έχειττὴν
2504 1489 2686 1577 ἰσχύν-ς
2716 1489 2918 1572 Ἥγετο
2931 1502 3112 1555 τοίνυν
3131 1499 3210 1561 εἰς
3244 1495 3406 1565 μέσον
3431 1493 3470 1579 ὁ⁸
3488 1489 3668 1579 ἀγιοςι

2093 1575 2540 1666 καὶ[6¹ίῦ]πικραὶ
2555 1575 2886 1660 πανταχόθεν
2909 1584 3382 1666 περιειστήκεισαν
3395 1575 3668 1666 κολάσεις,

2095 1657 2259 1746 φόϐος
2287 1657 2394 1729 τῶν
2449 1657 2771 1744 μελλόντων,
2809 1671 2969 1733 πόνος
3003 1667 3109 1722 τῶν
3147 1664 3428 1737 παρόντων
3453 1657 3670 1746 ,ἐδύνη

2095 1738 2204 1813 τῶν
2230 1738 2585 1817 ἐπελθόν-των,
2611 1755 2819 1825 ἀγωνία
2837 1755 2945 1806 τῶν
2961 1745 3450 1822 προσδοκωμένων.
3477 1738 3670 1825 Καθά-

2097 1859 2203 1914 περ
2223 1843 2330 1914 γάρ
2357 1859 2500 1905 τινες
2527 1823 2694 1912 θῆρές
2719 1837 2968 1909 ἄγριοιοί
2995 1835 3180 1904 δήμιοι
3206 1823 3672 1914 περιστάντεςαύ-

2097 1905 2190 1978 τοῦ
2223 1905 2468 1996 σεδ-σῶμα
2491 1905 2900 1996 διώτρυττοντᾶις
2931 1915 3194 1988 πλευράς,
3221 1910 3538 1996 κατέξαινον
3569 1905 3674 1996 τάς

2101 2008 2334 2080 σάρκας,
2357 1988 2710 2075 ἀπεγύμνουν
2755 2005 2910 2066 ὀστᾶ,
2943 2001 3080 2070 πρὸς
3122 1995 3265 2052 αὐτὰ
3289 1993 3360 2046 τά
3387 1993 3515 2080 εἴσω
3561 1988 3674 2042 τῶν

2099 2075 2426 2163 σπλάγχνων
2457 2090 2723 2155 ἐϐάδιζον.
2762 2088 2900 2140 Ἀλλ’
2925 2088 3074 2156 ὅμως
3115 2081 3208 2137 καί¹
3243 2080 3438 2163 πάντα
3458 2075 3673 2163 διερευ-

2099 2177 2330 2248 νώμενοι
2353 2175 2443 2229 τὸν
2477 2173 2748 2246 θησαυρὸν
2786 2171 2887 2241 τῆς
2925 2155 3162 2229 πίστεως
3201 2159 3544 2228 άποσυλῆσαι
3571 2155 3676 2208 οῦκ

2101 2260 2349 2331 ἴσχυσαν.
2391 2258 2516 2311 Ἐπὶ
2574 2258 2672 2328 μὲν
2697 2251 2788 2310 οὖν
2811 2238 2920 2308 τῶν
2943 2250 3185 2322 ταμείων
3221 2246 3328 2300 τῶν
3358 2238 3672 2313 βασιλικῶν,

2099 2324 2226 2396 ἔνθα
2248 2342 2468 2413 χρυσίον
2489 2324 2776 2394 ἀπόκειται
2807 2337 2901 2391 καὶ
2953 2332 3180 2393 πλοῦτος
3229 2329 3416 2413 ἕτερος
3443 2324 3672 2413 ἀφίξεις.

2101 2425 2166 2480 ἂν
2194 2403 2317 2488 τοῦς
2354 2425 2563 2494 τοίχους
2597 2423 2774 2493 διέλῃς
2807 2419 2986 2491 μόνον,
3011 2418 3078 2471 ἂν
3114 2413 3212 2476 τὰς
3239 2412 3410 2482 θύρας
3433 2403 3676 2494 ἀνοίξῃς,

2101 2509 2302 2571 εὐθέως
2330 2488 2471 2578 ὁρᾷς.
2493 2507 2584 2559 τὸν
2613 2488 2882 2576 θησαυρὸν
2905 2499 3266 2573 προκείμενον
3286 2509 3300 2524 ·
3337 2490 3570 2578 ἐνταῦθα
3619 2488 3678 2542 δέ

2099 2593 2194 2646 ἐπὶ
2221 2590 2316 2644 τοῦ
2345 2574 2502 2660 ἀγίου
2537 2589 2632 2642 καὶ
2661 2574 3020 2659 χριστοφόρου
3055 2581 3246 2635 τούτου
3279 2575 3408 2632 ναοῦ
3435 2574 3496 2626 τὸ
3521 2576 3680 2626 ἐναν-

2099 2678 2214 2731 τίον
2235 2657 2498 2746 ἐγίγνετο.
2538 2657 2742 2726 Διεῖλον
2769 2670 2894 2732 τοὺς
2923 2668 3135 2738 τοίχους
3157 2664 3208 2717 οἱ
3230 2661 3312 2746 δή
3324 2677 3452 2746 μιοι,
3481 2657 3576 2746 καλ
3615 2657 3680 2708 τά

2103 2739 2301 2831 στέρνα
2330 2739 2656 2830 ἀνέρρηξαν,
2687 2755 2785 2808 καὶ
2811 2753 2902 2806 τὸν
2931 2749 3158 2831 πλοῦτον
3191 2745 3284 2798 τὸν
3317 2739 3679 2831 ἐναποκείμε-

2101 2863 2190 2899 νον
2204 2823 2342 2897 ὀὔτε
2365 2823 2590 2895 ἔϐλεπον
2611 2883 2623 2906 ,
2645 2823 2650 2824 ί
2669 2837 2793 2891 οὕτε
2819 2835 3018 2896 ,λαϐεῖν
3067 2829 3326 2902 ἠδύναντο
3349 2843 3364 2858 ο
3395 2823 3507 2878 ἀλλ’
3539 2823 3682 2906 ὅπερ

2103 2929 2340 2998 ἔπασχον
2368 2926 2417 2978 οἰ
2451 2926 2508 2977 ἐν
2527 2923 2796 2992 Σοδόμοις,
2819 2917 2949 2990 παρ’
2977 2917 3116 2986 αὐτῇ
3141 2913 3238 2986 μὲν
3257 2914 3324 2998 τῇ
3351 2905 3684 2998 θύρᾳ-ἐστῶο

2101 3031 2192 3076 τες
2209 3013 2305 3081 τῆς
2335 3010 2428 3064 τοῦ
2463 3007 2588 3062 Λὼτ
2621 3006 2819 3069 οἰκίας,
2849 3003 2946 3074 τὴν
2965 3001 3024 3055 δὲ
3051 2999 3253 3054 εῖσοδον
3273 2997 3372 3066 οὐχ
3397 2992 3684 3064 εὑρίσκον-

2103 3114 2192 3158 τες
2215 3113 2228 3125 ·
2257 3094 2398 3148 οὕτω
2425 3092 2490 3162 δὴ
2523 3091 2616 3144 καὶ
2640 3081 2785 3142 οὗτοι
2819 3073 3118 3158 διηρεύνων
3169 3093 3192 3122 ο
3231 3077 3566 3148 πανταχόθεν
3621 3073 3686 3127 τδ

2105 3157 2264 3248 σῶμα
2291 3176 2382 3229 τοῦ
2415 3157 2688 3245 μάρτυρος
2711 3212 2726 3236 ,
2756 3168 3107 3223 ἐπιλαϐέσθαι
3141 3166 3198 3218 δὲ
3239 3164 3333 3217 τοῦ
3366 3157 3680 3248 θησαυροῦ,

2105 3264 2199 3316 καὶ
2233 3259 2466 3313 κενῶσαι
2501 3257 2592 3310 τὸν
2623 3253 2854 3308 πλοῦτον
2905 3253 3002 3323 τῆς
3055 3250 3291 3310 πίστεως
3329 3247 3428 3300 οὐκ
3471 3245 3679 3313 ἴσχυον.

2105 3344 2342 3398 Τοιαῦτα
2367 3343 2464 3411 τῆς
2485 3339 2661 3410 ψυχῆς
2687 3337 2794 3391 τῶν
2827 3335 2998 3404 ἁγίων
3019 3334 3088 3388 τά
3113 3329 3534 3403 κατορθώματα,
3591 3327 3686 3380 ἀν-

2111 3429 2384 3498 αφαίρετα
2413 3425 2504 3478 καὶ
2535 3420 2974 3490 ἀκαταγώνιστα,
3006 3417 3256 3486 καθάπερ
3284 3415 3342 3466 ἐν
3365 3411 3546 3482 ἀσύλῳ
3573 3411 3684 3464 τινὶ

2107 3494 2289 3582 χωρίῳ
2308 3513 2375 3581 τῇ
2403 3509 2502 3578 τῆς
2525 3506 2705 3577 ψυχῆς
2738 3503 2960 3575 ἀνδρείᾳ
2985 3499 3403 3582 ἐναποκείμενα,
3429 3497 3524 3549 καὶ
3555 3494 3682 3548 οὔτε

2103 3579 2384 3665 τυράννων
2409 3591 2547 3646 αὑτά
2583 3590 2867 3660 βλέπουσιν
2885 3585 3176 3655 ὀφθαλμοὶ,
3197 3581 3320 3636 οὔτε
3345 3579 3555 3665 δημίων
3585 3579 3686 3646 ἀρ-

2107 3663 2282 3733 πάσαι
2307 3675 2558 3730 δύνανται
2587 3675 2788 3744 χεῖρες,
2827 3668 2966 3723 ἀλλὰ
2995 3669 3100 3722 κᾶν
3129 3666 3299 3736 αὐτὴν
3336 3664 3548 3718 διέλωσι
3581 3663 3684 3730 τὴν

2109 3761 2355 3834 καρδίαν,
2385 3760 2419 3830 ἢ
2455 3759 2686 3830 μάλιστα
2707 3755 2808 3826 τῆς
2845 3751 3024 3823 ψυχῆς
3063 3752 3161 3820 τὴν
3213 3747 3463 3818 ἀνδρείαν
3517 3745 3686 3798 πεπί-

2109 3830 2345 3912 στευται,
2377 3846 2480 3899 κάν
2503 3844 2582 3906 είς
2605 3841 2774 3912 μικρὰ
2803 3837 3153 3906 κατατέμωσι
3191 3835 3330 3905 μέρη
3357 3874 3373 3898 ,
3396 3831 3515 3885 οὐδὲ
3539 3830 3688 3884 οὕτω

2109 3931 2324 3986 κενοῦσι
2357 3929 2448 3982 τὸν
2487 3927 2735 3991 πλοῦτον,
2765 3923 2900 3977 ἀλλά
2945 3922 3042 3976 καὶ
3087 3918 3256 3972 πλείω
3303 3915 3490 3970 τοῦτον
3519 3914 3690 3985 ἐργά-

2111 4015 2312 4080 ζονται.
2339 4014 2412 4066 Τὸ
2435 4013 2489 4065 δὲ
2511 4011 2681 4065 αἴτιον
2703 3997 2836 4070 Θεός
2865 4007 3012 4058 ἐστιν
3036 4006 3064 4057 6
3093 4004 3212 4065 ταῖς
3239 3999 3516 4062 τοιαύταις
3541 4000 3688 4050 ἐνοι-

2111 4100 2223 4154 κῶν
2250 4098 2479 4167 ψυχαῖς·
2529 4095 2620 4147 τὸν
2652 4092 2708 4145 δὲ
2737 4088 2855 4160 Θεῷ
2896 4085 3234 4156 πολεμοῦντα
3285 4085 3566 4154 ἀμήχανον
3607 4098 3690 4134 νι-

2113 4165 2278 4254 κῆσαί
2299 4165 2449 4244 ποτε,
2471 4177 2583 4232 ἀλλ’
2606 4175 2818 4243 ἀνάγκη
2843 4168 3314 4240 καταγελασθὲν-ια
3333 4167 3427 4220 καὶ
3443 4165 3694 4236 αἰσχρῶς

2113 4248 2413 4337 ἡττηθέντα
2439 4261 2713 4314 ἀπελθεῖν.
2755 4257 2854 4310 Διὰ
2875 4255 3030 4308 τοῦτο
3055 4254 3148 4337 καὶ
3187 4251 3308 4305 τότε
3349 4251 3418 4303 τὰ
3467 4248 3692 4301 ἐναντία

2113 4330 2513 4402 τῶνείωθότων
2538 4344 2802 4411 ἐγίγνετο.
2836 4335 3120 4407 Πανταχοῦ
3165 4337 3264 4405 μὲν
3313 4335 3422 4405 γάρ
3449 4331 3518 4384 τά
3543 4330 3695 4400 πρά-

2113 4448 2298 4501 γματα
2315 4432 2381 4501 ρη
2391 4429 2574 4498 μάτων
2603 4427 2826 4496 κρατεῖ·
2855 4424 2976 4476 τότε
2999 4422 3053 4473 δὲ
3076 4420 3222 4487 λόγοι
3247 4417 3498 4488 πράξεων
3520 4413 3693 4484 ἐκρά-

2113 4497 2326 4586 τησαν·⁷
2347 4497 2464 4572 πῶς
2489 4527 2504 4578 ;
2534 4509 2814 4580 Προσῆγον
2850 4506 3004 4560 αὐτοὶ
3055 4503 3166 4573 πῦρ
3197 4501 3288 4556 καὶ
3345 4499 3561 4568 σίδηρον
3598 4497 3692 4547 καὶ

2119 4598 2382 4668 βασάνους
2402 4612 2416 4624 ·
2455 4593 2732 4664 προσῆγον
2757 4591 3025 4651 κολάσεις,
3059 4585 3350 4656 τιμωρίας,
3389 4582 3656 4652 μάστιγας
3675 4594 3692 4606 ·

2115 4665 2408 4755 διώρυττον
2435 4677 2698 4732 πάντοθεν
2717 4671 2848 4738 ¹τιίις
2874 4673 3006 4727 πλευ
3017 4671 3136 4743 ρὰς,
3159 4669 3254 4722 καὶ
3273 4671 3302 4722 6
3325 4667 3550 4735 πάσχων
3597 4665 3696 4714 ἀν-

2119 4747 2322 4829 ἀλιότος
2359 4765 2570 4835 ἔμενεν·
2599 4763 2807 4822 ἐκεῖνος
2845 4758 3142 4827 ἐφθέγγετο
3177 4753 3358 4824 μόνον,
3403 4751 3500 4804 καὶ
3529 4747 3698 4817 ψιλὴν

2117 4849 2270 4918 ἠφίει
2316 4831 2523 4916 φωνὴν,
2579 4845 2675 4898 καὶ
2708 4843 2862 4909 λόγος
2897 4842 3074 4912 ἐργων
3114 4837 3438 4907 ἐκράτησεν.
3503 4831 3696 4898 Ἐξήλ-

2120 4934 2243 4986 λετο
2269 4932 2375 5002 γὰρ
2397 4932 2430 5002 ἡ
2463 4929 2594 4997 ἁγία
2617 4925 2767 4998 φωνή
2800 4925 2892 4978 τοῦ
2922 4920 3258 4995 μαρτυρικοῦ
3283 4919 3573 5002 στόματος,
3601 4919 3700 5002 καὶ

2121 4997 2399 5086 ἐφείλκετο
2419 4997 2551 5082 ⁷μεθ’
2577 4997 2776 5078 ἑαυτῆς
2802 5008 2916 5077 φῶς
2939 5006 3289 5077 φαιδρότερον
3333 5001 3435 5069 τῆς
3467 4997 3702 5069 ἡλιακῆς

2123 5101 2363 5160 ἀκτῖνος.
2395 5095 2609 5164 Ταύτης
2635 5093 2888 5148 τοσοῦτον
2915 5092 2976 5144 τὸ
2999 5089 3117 5159 φῶς
3146 5089 3314 5152 ἐστιν,
3345 5087 3468 5138 ὅσον
3494 5082 3556 5134 τὸ
3583 5081 3698 5133 δια-

2127 5203 2224 5254 στη
2235 5201 2309 5252 μα
2328 5180 2435 5236 ἀπὸ
2459 5179 2551 5232 τοῦ
2569 5177 2798 5249 οὐρανοῦ
2823 5175 2958 5247 πρὸς
2984 5174 3082 5244 τήν
3107 5172 3212 5242 γῆν
3231 5187 3246 5200 ·
3281 5168 3478 5240 μᾶλλον
3503 5166 3556 5218 δέ
3577 5165 3706 5218 οὐδὲ

2124 5267 2281 5319 τοῦτο
2309 5265 2428 5318 ὅλον
2457 5262 2676 5314 δύναται
2699 5261 2967 5330 διαϐῆναι,
2999 5255 3179 5325 ὅτανὴ
3217 5254 3404 5322 στέγη,
3434 5251 3466 5320 ἢ
3497 5251 3703 5316 τοῖχος,

2125 5350 2160 5420 ἦ
2185 5349 2364 5418 νέφος,
2405 5347 2439 5416 ἠ
2473 5346 2600 5400 ἄλλο
2633 5363 2684 5398 τι
2713 5343 2868 5414 σῶμα
2925 5339 3125 5412 μεταξὺ
3179 5335 3532 5408 παρεμπέσῃ,
3565 5333 3708 5386 ἀλλά

2197 5499 2216 5520 ⁶
2240 5495 2336 5546 Alii
2369 5494 2704 5558 διερειινῶντες.

2193 5559 2214 5596 ί
2240 5539 2336 5608 ἰῦὲ
2356 5539 3046 5608 ἑί-ἱῖιϐἶὶοῇἱοτει.αιιιεοιιπι
3073 5553 3298 5604 deeranl,
3321 5556 3516 5608 quae:
3532 5539 3708 5608 βαι-ξι.

2129 5627 2181 5670 et
2204 5606 2276 5670 ei,
2315 5606 2426 5668 inss.
2473 5619 2784 5678 supplentur.
2814 5606 2920 5662 Mox
2952 5619 3058 5678 ριιςι
3089 5613 3245 5674 φωνήν
3269 5609 3402 5678 addi;
3431 5606 3713 5678 ἔπηξ’-τῶν

2131 5683 2350 5792 βασάνων
2371 5665 2630 5742 ὑπερορῶν,
2653 5679 2844 5725 καὶτῶν
2867 5665 3185 5736 μαστιζοντων
3205 5665 3513 5734 περιεγένετο.
3539 5665 3717 5720 οὕτως

2151 5745 2266 5792 .όγος
2289 5743 2433 5792 ἔργων
2456 5743 2702 5792 exosi-mos.

2151 5745 2266 5804 ,ὁγος
2289 5743 2433 5806 ἔργων
2456 5743 2702 5804 ἐκράτησε.
