4080 6198
346 327 450 382 669

345 437 728 503 introducebat,
778 434 1066 500 educebat,
1123 432 1569 503 interrogationes
1625 429 1930 488 adhibebat.

345 532 490 589 mille
513 538 781 586 tormenta
811 527 1172 590 minitabatur,
1200 524 1514 579 adulatoriis
1539 524 1716 579 verbis
1740 519 1940 576 allicie-

346 627 456 691 bat,
499 631 688 678 omnes
733 620 1007 686 machinas
1036 617 1375 682 admovebat,
1401 624 1459 672 et
1497 617 1771 670 immomm
1811 611 1936 668 illud

348 715 752 772 fundamentum
793 719 1082 765 concutere
1115 707 1418 772 nitebatur;
1449 721 1589 761 anno
1612 706 1819 775 integro
1847 717 1940 773 per

349 809 652 862 universam
677 804 824 858 illum
851 801 1087 856 Ciliciam
1117 797 1574 864 circumducebat,
1618 795 1941 868 ignominia-

347 913 448 966 que
481 891 786 950 afficiebat:
813 893 922 948 imo
946 905 1094 954 vero,
1123 890 1264 960 quod
1305 887 1527 943 minime
1567 885 1938 951 arbitrabatur,

347 987 692 1046 illustriorem
735 985 992 1040 reddebat
1036 994 1361 1054 martyrem;
1415 989 1617 1051 martyr
1663 989 1840 1038 autem
1890 985 1944 1033 et

350 1085 463 1153 ipse
493 1078 883 1136 vociferabatur
909 1075 1332 1144 concinebatqne
1357 1088 1478 1128 cum
1511 1073 1695 1138 Paulo,
1725 1071 1826 1124 Deo
1853 1087 1946 1124 au-

353 1187 448 1229 tem
494 1173 685 1246 gratias
725 1170 811 1241 qui
855 1169 1130 1238 triumphat
1182 1181 1273 1220 nos
1327 1166 1378 1219 in
1422 1165 1644 1228 Christo,
1671 1175 1716 1217 et
1742 1164 1946 1218 adorent

353 1266 544 1320 notitiw
572 1278 680 1318 sua:
718 1262 1003 1332 manifestat
1031 1275 1120 1329 per
1152 1275 1246 1313 nos
1272 1261 1325 1312 in
1351 1258 1487 1312 omni
1513 1258 1623 1311 loco
1645 1256 1718 1324 (2.
1744 1255 1860 1310 Cor.
1888 1254 1943 1308 2.

358 1357 465 1429 H).
509 1355 580 1413 Ut
621 1355 764 1411 enim
810 1361 1157 1424 unguentum,
1201 1351 1458 1422 quamdiu
1507 1349 1721 1420 quidem
1763 1363 1866 1402 uno
1896 1348 1947 1402 iu

358 1450 475 1504 loco
503 1449 663 1503 situm
692 1454 795 1510 est,
823 1445 998 1500 solum
1031 1443 1176 1497 illum
1207 1453 1386 1497 aerem
1411 1441 1573 1496 odore
1599 1441 1796 1505 inlicit;
1827 1453 1946 1493 cum

357 1549 533 1594 autem
553 1539 606 1592 in
625 1537 786 1591 multa
803 1535 964 1590 fuerit
977 1533 1092 1588 loca
1110 1531 1436 1604 dispersum,
1455 1529 1634 1586 omnia
1652 1544 1745 1584 sua
1760 1528 1952 1583 virtute

357 1630 591 1699 complet
619 1645 633 1682 :
661 1628 733 1682 ita
765 1625 1010 1680 nimirum
1041 1633 1095 1679 et
1121 1624 1172 1677 in
1202 1631 1440 1694 martyre
1470 1620 1682 1676 accidit.
1708 1617 1950 1674 Circum-

359 1721 615 1792 agebatur
638 1719 781 1774 enim
810 1725 922 1772 tum
954 1714 1210 1785 temporis
1240 1724 1297 1770 ut
1320 1712 1614 1769 inurendas
1639 1711 1949 1783 ignominia,

360 1811 455 1867 sed
479 1808 804 1866 contrarium
833 1807 1143 1863 eveniebat:
1170 1806 1428 1861 illustrior
1450 1805 1536 1859 illa
1565 1803 1956 1862 transvectione

363 1903 524 1958 ﬁebat
565 1901 800 1968 athleta,
841 1908 1166 1969 cunctosque
1212 1899 1436 1955 Cilicum
1481 1898 1714 1970 regionis
1756 1897 1956 1953 incolas

363 2010 472 2051 sure
516 1995 723 2049 virtutis
771 1993 1108 2048 aemulatores
1166 1992 1442 2048 reddebat.
1492 1992 1957 2062 Circumagebatur

365 2099 791 2158 quoquoversus,
839 2093 895 2140 ut
921 2084 1035 2154 ejus
1063 2085 1360 2140 certamina
1393 2098 1497 2139 non
1523 2098 1589 2138 ex
1618 2082 1756 2138 fama
1786 2083 1957 2137 solum

367 2177 656 2240 discerent,
685 2175 780 2230 sed
821 2183 878 2230 et
919 2175 1088 2245 ipsum
1123 2184 1431 2231 coronatum
1458 2175 1712 2230 victorem
1738 2183 1959 2231 centue-

369 2276 552 2323 reutur
575 2274 943 2336 spectatores;
973 2274 1282 2337 quantoque
1321 2267 1587 2336 longiores
1611 2265 1686 2320 illi
1712 2266 1961 2320 circuitus

368 2358 524 2414 stadii
551 2357 930 2427 curriculaque
954 2355 1236 2422 reddebat,
1265 2366 1411 2412 tanto
1433 2356 1749 2411 illustriores
1775 2371 1962 2412 cursus

368 2467 556 2507 omnes
581 2452 816 2506 fiebant:
854 2462 1056 2519 quanto
1090 2450 1289 2521 majora
1329 2451 1401 2504 illi
1445 2459 1735 2506 scammata
1767 2465 1964 2520 propo-

373 2545 553 2609 nebat,
585 2552 732 2598 tanto
759 2543 1090 2599 mirabiliora
1117 2543 1406 2599 certamina
1432 2543 1694 2599 efficiebat
1723 2558 1740 2598 :
1768 2551 1964 2614 quanto

371 2637 710 2691 afﬂictionem
740 2637 1005 2708 temporis
1026 2635 1373 2691 diuturnitate
1409 2636 1778 2705 protendebat,
1818 2645 1965 2690 tanto

375 2714 734 2798 probatiorem
757 2728 1070 2799 patientiam
1095 2727 1491 2798 ejusreddebat.
1517 2726 1647 2781 Nam
1675 2737 1729 2782 et
1754 2743 1962 2790 aurum,

375 2837 479 2892 quo
507 2821 706 2876 diutius
731 2836 858 2877 cum
887 2822 1022 2894 ignis
1049 2833 1233 2877 natura
1263 2830 1528 2890 versatur,
1555 2822 1736 2890 purius
1756 2820 1966 2875 evadit:

373 2912 824 2982 quemadmodum
852 2921 907 2968 et
951 2921 1063 2968 tum
1090 2913 1256 2968 sancti
1298 2913 1473 2965 anima
1501 2921 1736 2980 tempore
1763 2911 1967 2965 exami-

376 3012 498 3060 nata
550 3006 720 3076 magis
774 3004 1091 3074 refulgebat,
1145 3018 1244 3058 nec
1292 3003 1433 3057 aliud
1487 3002 1755 3073 quiddam,
1809 3018 1965 3072 quam

377 3105 637 3167 tropzeutn
686 3096 946 3153 adversus
990 3097 1221 3165 seipsum
1265 3109 1329 3149 ac
1356 3094 1645 3160 diabolum,
1679 3104 1968 3166 martyrem

377 3188 824 3250 circumferebat,
869 3187 1197 3242 crudelitatis
1242 3186 1516 3257 gentilium
1564 3197 1968 3256 argumentum,

377 3282 802 3338 Christianorum
831 3281 1042 3353 pietatis
1069 3280 1342 3344 indicium,
1361 3278 1569 3334 virtutis
1589 3278 1783 3334 Christi
1806 3277 1974 3332 matri-

381 3393 526 3432 mum
574 3377 804 3447 signum,
856 3375 1259 3430 incitamentum
1303 3381 1358 3428 et
1401 3373 1682 3429 consilium
1707 3371 1969 3439 fidelibus,

380 3478 436 3522 ut
462 3466 626 3522 alacri
657 3468 834 3522 animo
862 3467 918 3522 in
939 3465 1125 3521 iisdem
1139 3465 1517 3520 certaminibus
1545 3473 1969 3536 perseverarent,

380 3557 571 3612 divina:
588 3558 769 3628 gloriae
784 3556 1300 3628 praieonemaalium
1317 3555 1668 3612 certaminum
1681 3556 1974 3626 disciplina:

382 3651 713 3720 magistrum.
762 3649 998 3706 Cunctas
1037 3649 1180 3703 enim
1223 3648 1290 3703 ad
1335 3647 1685 3703 imitationem
1734 3648 1814 3702 sui
1864 3661 1974 3702 non

383 3756 516 3797 voce
541 3749 742 3796 tantum
773 3741 1028 3806 suadens,
1077 3738 1173 3795 sed
1199 3738 1350 3794 factis
1379 3739 1508 3808 ipsis
1534 3739 1654 3794 tuba
1695 3737 1974 3793 clariorem

390 3835 608 3890 mittens
629 3849 836 3901 vocem,
862 3831 1264 3889 cohortabatur.
1299 3831 1362 3884 Et
1388 3829 1832 3904 quemadmodum
1859 3829 1976 3884 creli

387 3941 491 3982 non
522 3928 714 3982 emissa
743 3942 873 3982 voce
901 3927 993 3981 Dei
1022 3925 1247 3996 gloriam
1291 3932 1545 3978 enarrant
1581 3921 1751 3994 (Paul.
1783 3922 1870 3977 18.
1895 3922 1973 3992 1),

389 4021 481 4076 sed
510 4021 635 4075 dum
660 4031 906 4091 aspectus
929 4021 1010 4075 sui
1057 4017 1350 4089 splendore
1386 4023 1741 4086 spectatorem
1785 4015 1837 4068 in
1885 4015 1978 4069 ad-

388 4113 725 4166 tuiratiouem
768 4110 1060 4166 conditoris
1115 4108 1403 4165 traducunt
1449 4125 1462 4160 :
1508 4106 1579 4164 ita
1629 4105 1875 4160 nimirum
1926 4113 1980 4159 et

389 4212 592 4274 martyr
633 4204 722 4258 ille
753 4203 841 4258 Dei
872 4203 1092 4273 gloriam
1126 4211 1253 4256 tunc
1277 4199 1578 4265 cnarrabat,
1619 4211 1740 4251 cum
1788 4195 1976 4250 (at-lum

391 4304 532 4349 esset
559 4295 672 4364 ipse
698 4309 911 4364 quoque
937 4293 1102 4348 multo
1130 4293 1236 4346 isto
1264 4289 1511 4355 lucidius,
1543 4287 1684 4358 quod
1711 4287 1972 4342 videmus.

391 4384 504 4439 Non
558 4385 702 4439 enim
753 4385 823 4438 ita
871 4383 1058 4438 caelum
1108 4393 1377 4438 astrorum
1439 4378 1592 4433 chori
1642 4378 1978 4448 Splendidam

392 4481 650 4546 reddunt,
692 4488 750 4533 ut
790 4477 1040 4549 martyris
1083 4488 1283 4545 corpus
1324 4471 1653 4544 splendidius
1699 4470 1978 4524 vulnerum

389 4572 570 4627 sanies
593 4569 840 4625 reddidit.
869 4570 1044 4640 Atque
1063 4576 1120 4622 ut
1140 4566 1391 4638 martyris
1415 4565 1631 4618 vulnera
1654 4561 1786 4617 ctelo
1808 4561 1984 4616 infixis

394 4666 554 4717 astris
580 4662 938 4732 splendidiora
966 4675 1085 4716 esse
1109 4659 1349 4718 discatis,
1375 4656 1653 4711 advertite.

467 4754 732 4808 "temones
759 4752 1046 4822 Martyrum
1083 4749 1317 4818 sepulcra
1345 4747 1727 4818 {ormidant.—
1746 4747 1826 4801 Ad
1859 4746 1982 4802 illud

393 4847 606 4917 quidem
655 4846 844 4900 caelum
893 4860 956 4900 ac
997 4844 1178 4898 Stellas
1222 4859 1342 4898 cum
1388 4841 1632 4896 homines
1673 4840 1982 4909 respiciunt,

396 4950 506 4994 tum
532 4939 842 5002 dzemones;
874 4936 971 4991 sed
1013 4935 1078 4990 ad
1111 4935 1270 5004 hujus
1290 4935 1452 4988 etiam
1497 4932 1712 4986 vulnera
1743 4932 1986 4985 homines

394 5031 608 5100 quidem
657 5028 946 5098 respiciunt
992 5027 1210 5090 fideles,
1257 5026 1530 5079 d.t.-mones
1580 5032 1756 5078 autem
1807 5024 1988 5076 oculos

394 5131 583 5177 contra
610 5135 714 5175 non
753 5119 950 5174 audent
991 5118 1261 5182 attollere;
1312 5119 1436 5187 quin
1471 5117 1629 5170 etiam
1672 5115 1716 5170 si
1747 5122 1989 5184 spectare

396 5226 679 5280 conentur,
712 5216 964 5270 continuo
1006 5213 1296 5267 luminibus
1326 5212 1605 5272 orbantur,
1632 5223 1732 5265 nec
1771 5218 1990 5278 possunt

396 5307 732 5364 exsilientcm
760 5307 883 5361 inde
917 5306 1168 5376 fulgorem
1201 5303 1481 5359 sustinere.
1513 5300 1628 5356 Hoc
1655 5316 1754 5370 ego
1781 5316 1886 5353 non
1924 5310 1990 5352 ex

401 5401 464 5451 iis
494 5408 696 5452 tantum
725 5414 844 5467 qum
874 5397 999 5450 olim
1021 5397 1350 5459 acciderunt,
1369 5393 1462 5448 sed
1490 5409 1554 5448 ex
1584 5391 1650 5446 iis
1670 5392 1851 5454 etiam,
1873 5407 1992 5461 quae

401 5488 668 5558 hodieque
708 5488 858 5553 fiunt,
907 5485 1287 5555 comprobabo.
1327 5485 1490 5539 Sume
1516 5485 1660 5538 enim
1690 5482 1992 5551 quempiam

400 5595 433 5634 a
464 5580 705 5634 damone
747 5591 1048 5648 correptmn
1092 5593 1156 5632 ac
1201 5577 1488 5642 furentem,
1536 5586 1591 5630 et
1635 5573 1705 5628 ad
1749 5584 1992 5628 sanctum

401 5673 534 5728 illud
577 5673 876 5743 sepulcrum
922 5671 1116 5735 deduc,
1149 5687 1255 5740 quo
1286 5683 1523 5740 rcuqune
1549 5666 1802 5739 martyris
1826 5668 1995 5721 couti-

400 5773 622 5834 nentur,
650 5773 759 5819 tum
788 5764 1112 5819 resilit-atem
1157 5763 1310 5832 plane
1338 5775 1493 5835 atque
1525 5767 1811 5834 fugientem
1846 5764 1993 5817 vitle-

1466 314 1530 370 IN
1566 318 1621 370 s.
1666 308 2006 368 summm
2046 281 2452 372 “tamen.
3454 339 3461 348 η
3521 325 3624 382 ατο

2046 431 2143 484 liis.
2204 433 2273 488 Ut
2323 437 2463 490 enim
2510 436 2552 490 si
2602 451 2698 508 per
2745 453 2942 509 prunas
2989 440 3292 496 incessurus
3345 453 3505 508 esset,
3549 446 3630 500 sie

2044 525 2112 578 ab
2143 525 2257 594 ipso
2300 529 2560 584 vestibulo
2589 530 2766 586 statim
2795 534 2987 600 exsilit,
3020 545 3072 587 et
3113 551 3179 588 ne
3207 536 3390 591 oculos
3413 538 3629 606 quidem

2045 615 2298 671 adversus
2329 619 2494 688 ipsam
2525 620 2728 676 thecam
2757 623 2916 678 audet
2946 627 3209 682 attollere.
3243 626 3392 694 Quod
3415 629 3458 682 si
3492 643 3630 686 nunc

2046 713 2194 762 tanto
2238 720 2357 778 post
2398 721 2658 781 tempore,
2709 728 2829 768 cum
2876 715 3049 785 pulvis
3078 727 3128 772 et
3168 718 3301 775 cinis
3325 729 3407 774 est
3438 719 3628 786 factus.

2047 799 2317 868 su5picere
2362 801 2412 854 in
2450 815 2850 859 monumentum
2889 823 2992 862 non
3033 809 3247 873 audent,
3278 826 3377 865 nec
3407 812 3457 866 in
3489 812 3629 866 nuda

2049 891 2216 944 sancti
2263 903 2404 957 ossa,
2443 894 2662 950 minime
2700 897 2916 951 dubium
2957 911 3059 965 est,
3098 902 3222 970 quin
3251 911 3361 959 tum
3398 919 3631 974 quoque,

2049 991 2168 1032 cum
2198 978 2347 1034 illum
2373 982 2630 1052 sanguine
2656 997 2997 1055 purpuratum
3033 991 3300 1058 videbant,
3329 993 3634 1048 vulneribus

2051 1069 2283 1139 undique
2328 1073 2557 1143 amplius
2610 1089 2768 1144 quam
2829 1078 2996 1133 solem
3041 1081 3204 1136 radiis
3243 1083 3590 1154 refulgentem
3617 1126 3636 1154 ,

2053 1163 2281 1230 perculsi
2304 1162 2522 1232 fuerint,
2551 1175 2605 1221 et
2627 1169 2793 1222 oculis
2821 1169 2932 1224 laesi
2957 1173 3296 1228 recesserint.

2124 1253 2176 1307 3.
2214 1254 2370 1311 Vides
2415 1267 2472 1312 ut
2517 1261 2675 1313 astris
2715 1261 3014 1319 cmlestibus
3058 1275 3350 1337 martyrum
3408 1269 3626 1326 vulnera

2054 1347 2407 1415 splendidiora
2427 1351 2608 1408 sintac
2631 1353 2976 1423 mirabiliora,
2997 1357 3290 1429 majorique
3314 1362 3505 1419 virtute
3519 1364 3636 1433 pol~

2057 1436 2238 1492 leant?
2263 1439 2487 1496 Sanctus
2530 1442 2708 1513 itaque
2747 1445 2800 1498 in
2854 1447 3087 1502 medium
3128 1451 3538 1521 producebatur,
3583 1465 3638 1512 et

2056 1529 2246 1583 acerba
2260 1531 2490 1601 undique
2512 1535 2766 1604 supplicia
2783 1538 3220 1602 circumstabant.
3244 1554 3415 1599 metus
3432 1547 3636 1601 futuro-

2059 1635 2199 1685 rum,
2216 1621 2365 1675 labor
2383 1625 2744 1692 praesentium,
2763 1625 2916 1683 dolor
2931 1629 3308 1700 ingruentium,
3322 1651 3506 1691 eorum
3522 1654 3638 1707 qum

2059 1713 2502 1783 exspectabantur
2516 1717 2746 1774 formido
2775 1737 2789 1774 :
2811 1729 3076 1792 tamquam
3099 1726 3242 1780 enim
3266 1728 3455 1784 belluae
3485 1747 3636 1802 quae-

2059 1804 2179 1858 dam
2223 1806 2484 1864 immanes
2510 1811 2785 1867 carniﬁces
2811 1829 3005 1884 corpus
3039 1816 3155 1886 ejus
3201 1819 3644 1880 circumsidentes

2062 1896 2226 1954 latera
2252 1899 2594 1971 effodiebam,
2627 1919 2841 1961 carnem
2870 1907 3216 1976 deradebant,
3249 1927 3373 1967 ossa
3399 1913 3641 1969 denuda-

2060 1991 2210 2059 baut,
2229 1993 2428 2050 viscera
2452 1995 2563 2066 ipsa
2588 1997 2838 2053 interiora
2866 2001 3241 2069 pervadebant.
3261 2005 3504 2060 Attamen
3522 2021 3641 2062 cum

2063 2095 2252 2138 cuncta
2285 2089 2720 2160 pervestigarent,
2755 2092 3061 2147 thesaurum
3090 2094 3213 2151 fidei
3231 2097 3523 2166 depraadari
3546 2101 3644 2153 mi-

2065 2175 2209 2230 nime
2228 2176 2528 2233 valuerunt.
2573 2180 2858 2237 Enimvero
2887 2184 2940 2239 in
2969 2201 3151 2255 regum
3182 2189 3386 2242 terariis
3406 2229 3420 2253 ,
3446 2190 3532 2244 ubi
3549 2207 3644 2245 au-

2067 2283 2184 2321 rum
2213 2268 2432 2339 aliaeque
2459 2271 2690 2341 c0piosae
2719 2283 2842 2327 sunt
2869 2290 2999 2343 opes
3023 2277 3328 2345 reconditae,
3351 2279 3396 2333 si
3417 2281 3645 2350 parietes

2066 2359 2235 2413 solum
2253 2359 2566 2429 perfoderis,
2588 2363 2634 2417 si
2655 2363 2794 2418 fores
2808 2368 3148 2434 reseraveris,
3166 2370 3418 2425 continuo
3435 2371 3648 2427 thesau-

2067 2467 2186 2505 rum
2221 2450 2486 2530 objectum
2507 2453 2690 2520 vides;
2721 2464 2776 2509 at
2802 2456 2888 2511 hic
2923 2457 2976 2512 in
3014 2467 3200 2514 sancto
3227 2460 3328 2516 isto
3349 2461 3649 2518 Christum-

2069 2557 2170 2612 que
2195 2545 2485 2600 continenti
2537 2547 2738 2616 templo
2766 2551 3087 2604 contrarium
3128 2552 3421 2609 accidebat.
3458 2554 3647 2612 Perfo-

2070 2633 2287 2688 diebant
2328 2651 2510 2691 muros
2531 2638 2840 2705 carnifices,
2871 2651 3190 2710 pectoraque
3219 2643 3650 2716 disrumpebant,

2070 2734 2125 2779 et
2146 2725 2444 2781 reconditas
2489 2743 2619 2797 opes
2646 2745 2743 2784 nec
2773 2733 3100 2800 cernebant,
3139 2750 3238 2790 nec
3279 2751 3469 2806 rapere
3499 2748 3651 2808 pote-

2072 2825 2232 2883 rant;
2257 2818 2350 2873 sed
2389 2819 2529 2889 quod
2557 2821 2732 2876 evenit
2761 2819 3083 2891 Sodomitis,
3119 2835 3176 2880 ut
3215 2826 3281 2882 ad
3329 2827 3519 2885 domus
3551 2831 3652 2888 Lot

2067 2908 2282 2978 jauuam
2324 2913 2537 2983 quidem
2587 2915 2753 2985 ipsam
2781 2926 3022 2985 starent,
3053 2919 3254 2975 aditum
3282 2937 3409 2978 vero
3433 2939 3538 2978 non
3583 2925 3654 2980 in-

2073 3003 2315 3056 venirent
2359 3003 2511 3074 (Gen.
2544 3005 2626 3061 19.
2659 3005 2747 3061 l0.
2790 3023 2897 3077 sqq.
2931 3006 2950 3077 )
2986 3008 3105 3064 :sic
3145 3009 3396 3066 nimirum
3435 3021 3490 3068 et
3533 3013 3651 3082 isti,

2075 3108 2194 3147 cum
2221 3107 2413 3164 corpus
2457 3097 2705 3167 martyris
2737 3098 3074 3170 undiquaque
3118 3110 3503 3171 scrutarentur,
3534 3105 3653 3162 the-

2076 3200 2290 3240 saurum
2315 3196 2487 3242 tamen
2531 3189 2933 3258 deprehendere
2961 3189 3191 3263 fideique
3216 3193 3428 3249 divitias
3454 3197 3656 3252 exhau-

2076 3277 2184 3331 rire
2207 3291 2310 3331 non
2335 3278 2601 3333 valebant.
2631 3279 2776 3334 Talia
2798 3289 2921 3334 sunt
2949 3281 3141 3338 anima:
3179 3293 3486 3340 sanctorum
3512 3298 3657 3344 recte

2077 3369 2212 3423 facta
2236 3411 2251 3436 ,
2278 3385 2396 3441 qure
2435 3387 2534 3426 nec
2559 3373 2756 3427 auferri
2786 3387 2882 3427 nec
2910 3373 3046 3431 vinci
3077 3387 3329 3446 possunt,
3358 3379 3410 3433 in
3459 3381 3654 3436 anima:

2079 3461 2387 3518 fortitudine
2438 3473 2703 3534 tamquam
2745 3465 2795 3519 in
2827 3466 2978 3538 asylo
3010 3468 3239 3537 quodam
3275 3481 3329 3525 et
3353 3485 3508 3524 sacro
3537 3472 3656 3528 loco

2080 3555 2351 3610 recondita
2373 3597 2389 3622 ,
2415 3565 2471 3610 ut
2501 3572 2598 3610 nec
2635 3557 2774 3611 oculi
2803 3569 3144 3630 tyrannorum
3171 3576 3232 3615 ea
3271 3571 3529 3628 cernant,
3562 3579 3660 3618 nec

2081 3661 2272 3700 manus
2313 3647 2617 3701 carnificum
2671 3663 2858 3717 rapere
2915 3651 3154 3718 possint;
3199 3650 3290 3705 sed
3334 3651 3457 3706 licet
3484 3653 3653 3721 ipsum

2082 3753 2178 3792 cor
2197 3738 2484 3804 dissecent,
2515 3739 2599 3793 cui
2629 3739 2891 3808 praecipue
2926 3739 3125 3794 credita
3171 3748 3253 3794 est
3290 3743 3480 3796 animae
3507 3743 3662 3798 forti-

2084 3832 2232 3897 tudo,
2263 3831 2384 3886 licet
2412 3832 2464 3885 in
2495 3831 2692 3885 minuta
2731 3832 2894 3886 frusta
2918 3831 3215 3896 concidant,
3241 3847 3308 3886 ne
3343 3833 3420 3888 sic
3443 3834 3656 3903 quidem

2083 3936 2213 3990 opes
2261 3921 2601 3987 exhauriunt,
2629 3921 2720 3976 sed
2761 3936 2852 3976 eas
2900 3921 3186 3991 ampliores
3214 3922 3374 3977 etiam
3411 3922 3663 3980 reddunt.

2084 4013 2252 4082 llujus
2271 4013 2347 4069 rei
2369 4028 2527 4068 causa
2562 4015 2701 4068 Deus
2723 4023 2825 4078 est,
2853 4014 2942 4084 qui
2970 4014 3180 4069 animas
3214 4014 3346 4070 tales
3372 4014 3662 4082 inhabitat;

2084 4109 2172 4178 qui
2195 4119 2322 4164 vero
2344 4107 2453 4162 Deo
2481 4107 2676 4162 bellum
2711 4108 2918 4174 inferat,
2949 4108 3068 4164 ﬁeri
3091 4111 3274 4179 nequit
3300 4125 3572 4179 umquam,
3605 4121 3664 4165 ut

2085 4201 2255 4254 victor
2268 4199 2473 4263 evadat,
2501 4199 2592 4254 sed
2611 4215 2828 4254 necesse
2843 4209 2945 4268 est,
2961 4210 3016 4254 ut
3029 4200 3258 4255 ludibrio
3279 4201 3491 4256 habitus
3509 4203 3668 4274 turpi-

2089 4303 2272 4363 terque
2317 4301 2593 4361 superatus
2643 4292 2912 4346 abscedat.
2953 4291 3243 4362 Propterea
3287 4301 3397 4347 tum
3450 4309 3664 4365 quoque

2087 4397 2270 4441 contra
2291 4426 2304 4450 ,
2331 4401 2489 4456 quam
2523 4401 2618 4438 usu
2659 4385 2842 4439 venire
2888 4385 3091 4450 soleat,
3116 4383 3391 4440 accidebat
3420 4402 3435 4439 :
3468 4384 3663 4456 ubique

2088 4477 2346 4547 siquidem
2365 4493 2395 4531 a
2427 4478 2578 4531 laetis
2607 4477 2765 4530 verba
2794 4484 3132 4545 superantur,
3160 4485 3272 4529 tum
3300 4491 3428 4531 vero
3456 4491 3664 4530 sermo-

2092 4583 2186 4622 nes
2214 4567 2512 4622 actionibus
2539 4567 2900 4637 prmvalebant
2925 4584 2936 4619 :
2969 4565 3274 4636 quomodo?
3297 4564 3668 4621 Admovebant

2093 4663 2264 4732 ignem
2299 4661 2369 4715 illi
2396 4671 2449 4716 et
2467 4663 2662 4716 ferrum
2689 4669 2743 4714 et
2763 4668 3046 4723 tormenta;
3076 4657 3432 4713 admovebant
3463 4671 3673 4727 pmnas,

2092 4756 2378 4826 supplicia,
2406 4755 2644 4825 ﬂagella;
2682 4751 3049 4823 perfodiebant
3071 4750 3304 4820 undique
3329 4750 3342 4777 ¹
3375 4750 3540 4806 latera
3575 4767 3589 4805 :
3624 4765 3680 4805 et

2093 4849 2181 4918 qui
2229 4848 2526 4918 patiebatur
2572 4843 2993 4914 inexpugnabilis
3042 4841 3322 4906 manebat;
3360 4841 3680 4913 loquebatur

2096 4939 2185 4992 ille
2209 4948 2432 5002 tantum,
2470 4936 2872 5006 simplicemque
2903 4948 3084 4987 vocem
3112 4933 3482 4999 etnittebat,et
3507 4947 3678 5003 opera

2095 5047 2272 5085 sermo
2319 5031 2566 5083 vincebat
2591 5031 2632 5082 ².
2677 5026 2974 5082 Exsiliebat
3025 5041 3087 5079 ex
3133 5025 3383 5097 martyris
3424 5039 3518 5080 ore
3569 5039 3672 5076 vox

2095 5132 2296 5183 sancta,
2326 5121 2590 5191 simulque
2625 5135 2744 5174 cum
2774 5119 2884 5188 ipsa
2916 5119 3097 5172 lumen
3127 5119 3280 5172 radio
3306 5118 3464 5171 solari
3498 5115 3673 5184 splen-

2098 5215 2271 5268 didius
2301 5214 2626 5268 eliciebatur.
2660 5211 2824 5281 llujus
2852 5221 3054 5265 tantum
3079 5221 3161 5265 est
3187 5212 3384 5274 lumen,
3417 5217 3674 5277 quantum

2100 5309 2238 5363 inter
2273 5307 2462 5362 cadum
2504 5316 2558 5361 et
2601 5317 2791 5360 terram
2840 5304 3120 5372 interjacet
3166 5299 3530 5364 intervallum;
3571 5300 3680 5352 itno

2100 5415 2230 5456 vero
2275 5415 2342 5455 ne
2382 5400 2483 5454 hoc
2522 5399 2734 5469 quidem
2759 5398 3022 5467 integrum
3053 5403 3222 5465 potest
3253 5390 3577 5462 pervadere,
3609 5391 3682 5445 si-

2169 5585 2184 5614 ι
2221 5582 2300 5630 llic
2325 5589 2374 5631 et
2400 5579 2518 5630 infra
2557 5582 2602 5629 in
2627 5578 2787 5629 Morel.
2813 5576 3033 5641 qutcdam
3068 5575 3291 5632 deerant,
3322 5583 3430 5636 qua:
3452 5584 3513 5619 ex
3540 5569 3676 5620 Savil.

2106 5654 2156 5696 et
2181 5657 2242 5692 ex
2265 5651 2365 5692 Mss.
2391 5642 2694 5708 supplentur.
2724 5703 2733 5708 _
2806 5703 2816 5708 _
2950 5701 2959 5708 ι
3026 5698 3036 5708 _
3111 5699 3136 5708 ,Α
3256 5704 3265 5708 Α
3436 5701 3469 5708 _V
3542 5694 3580 5708 ,Α

2169 5711 2187 5738 ²
2225 5714 2271 5754 In
2307 5694 2596 5764 SaviL'fost,
2641 5703 2897 5758 etuittvbut,
2923 5701 2991 5748 sic
3026 5698 3224 5758 legitur,
3250 5701 3480 5764 tat-menta
3501 5694 3678 5764 Δ(ιᾳιςρὶο

2170 5720 2187 5738 ²
2225 5720 2271 5754 In
2307 5720 2444 5754 δίῃ-ιι.
2496 5720 2596 5759 om,
2641 5720 2897 5758 t‘tmttt‘olu,
2923 5720 2991 5748 διε
3027 5720 3224 5758 tegitur,
3250 5720 3480 5748 wnunuu
3521 5720 3592 5741 uc.

2106 5770 2307 5827 ciens,“
2325 5771 2432 5831 ﬂag.
2453 5720 2619 5816 dantes
2638 5767 2894 5830 sapt-"erit.
2923 5764 2993 5813 sic
3015 5775 3158 5823 opera
3183 5774 3336 5810 st‘rnw
3361 5758 3592 5807 vincebat.
