4080 6198
383 306 478 364 ὓῖι

384 421 596 491 quando
647 397 881 494 tectum,
923 414 1006 468 vel
1049 425 1266 474 murus,
1311 407 1393 463 vel
1444 405 1647 469 nubes,
1682 403 1768 456 vel
1819 397 1963 452 aliud

386 509 653 584 quoddam
683 487 875 578 corpus
905 499 1300 562 intercesserit,
1327 497 1420 552 sed
1445 494 1736 550 obstruitur
1765 505 1828 544 ac
1856 487 1968 544 dis-

388 601 620 658 cinditur
669 599 834 669 septis
876 591 1155 665 ejusmodi,
1187 605 1257 644 ne
1301 587 1522 642 ulterius
1554 585 1754 639 feratur
1797 597 1810 634 :
1865 593 1966 632 vox

389 704 568 749 autem
611 687 864 760 martyris
912 702 978 742 ex
1019 684 1106 738 illa
1155 689 1336 737 sancta
1387 681 1563 748 lingua
1607 674 1888 745 prosiliens
1918 671 1970 725 in

390 787 580 841 czelum
632 779 878 837 subsiliit.
911 778 1264 832 Praetervecta
1297 781 1379 827 est
1420 771 1610 825 cadum
1651 763 1975 830 caeli;vide-

393 889 642 934 runteam
662 873 856 944 angeli,
875 873 1098 940 locoque
1117 873 1414 932 cesserunt,
1430 861 1750 930 archangeli,
1770 866 1824 912 et
1837 857 1973 910 viam

391 972 674 1034 dederunt;
703 965 988 1022 Cherubim
1015 971 1071 1017 et
1113 961 1230 1014 alia:
1273 959 1500 1012 virtutes
1549 967 1759 1009 sursum
1805 949 1974 1018 ipsam

394 1063 755 1124 deduxerunt;
786 1071 886 1112 nec
915 1056 1062 1125 prius
1087 1055 1444 1114 recesserunt,
1489 1060 1646 1116 quam
1678 1041 1744 1096 ad
1797 1041 1971 1110 ipsum

397 1156 647 1209 thronum
687 1149 894 1219 regium
945 1144 1309 1199 adduxissent.

469 1243 610 1298 Mors
661 1249 940 1309 martyrum
974 1246 1044 1288 est
1089 1231 1318 1286 victoria.
1353 1228 1414 1284 S.
1448 1225 1690 1280 Julianus
1739 1223 1792 1276 in
1841 1235 1981 1274 mare

399 1337 671 1408 projectus.
704 1361 774 1371 ——
801 1331 932 1384 Post
974 1326 1115 1380 hanc
1143 1331 1320 1378 autem
1371 1334 1554 1374 vocem
1608 1331 1728 1372 cum
1760 1313 1978 1367 vidisset

399 1429 464 1494 is,
496 1426 584 1498 qui
633 1433 740 1478 tmn
767 1419 1024 1492 judicium
1053 1415 1368 1477 exercebat,
1399 1425 1456 1464 se
1483 1418 1686 1464 temere
1709 1412 1896 1459 cuncta
1930 1409 1984 1456 et

400 1521 665 1573 incassum
696 1529 814 1570 esse
859 1511 1217 1567 machinatum
1242 1548 1255 1572 ,
1281 1519 1445 1574 seque
1485 1511 1670 1556 contra
1708 1497 1982 1552 stimulum

399 1608 710 1672 calcitrare,
743 1613 904 1674 atque
953 1600 1286 1655 adamantem
1317 1600 1594 1664 percutere
1618 1631 1633 1654 ,
1662 1585 1786 1658 quid
1819 1582 1985 1638 facit?

401 1703 480 1758 Eo
519 1699 686 1755 tendit
712 1697 964 1764 deinceps
984 1734 999 1760 ,
1027 1699 1086 1746 ut
1115 1690 1283 1743 victas
1323 1699 1512 1740 manus
1561 1680 1690 1736 dare
1717 1677 1982 1740 videatur,

403 1805 456 1850 et
491 1799 781 1862 martyrem
811 1801 880 1840 ex
909 1785 1010 1838 hac
1033 1783 1140 1836 vita
1171 1777 1420 1836 subducit
1448 1792 1462 1830 :
1502 1789 1645 1829 mors
1675 1771 1817 1826 enim
1849 1783 1990 1822 mar-

406 1899 576 1960 tyrum
602 1897 785 1939 eorum
813 1923 827 1948 ,
855 1879 940 1949 qui
971 1878 1114 1948 ipsos
1142 1879 1397 1934 enecant,
1430 1877 1512 1924 est
1541 1875 1722 1936 aperta
1771 1860 1986 1922 clades;

404 1992 591 2034 eorum
623 1983 799 2028 autem
821 2013 838 2038 ,
863 1970 954 2040 qui
981 1975 1259 2032 necantur,
1288 1963 1430 2016 clara
1475 1957 1716 2013 victoria.
1757 1953 1838 2008 Tu
1864 1965 1990 2006 vero

405 2071 532 2125 mihi
551 2065 850 2127 considera,
866 2075 970 2132 quo
987 2069 1141 2130 pacto
1164 2069 1365 2110 saevum
1390 2049 1654 2122 quoddam
1668 2053 1721 2100 et
1741 2043 1991 2100 acerbum

406 2175 572 2230 genus
593 2156 782 2211 mortis
803 2155 918 2222 ejus
939 2147 1357 2218 excogitaverit,
1389 2141 1529 2212 quod
1561 2147 1616 2195 et
1638 2135 1850 2208 tyranni
1874 2149 1997 2188 cru-

407 2254 679 2310 delitatem
709 2259 764 2305 et
790 2245 1040 2317 martyris
1069 2239 1432 2296 fortitudinem
1471 2233 1838 2289 demonstrare
1868 2243 1994 2298 pos-

411 2353 513 2398 set.
557 2340 836 2410 Quodnam
884 2335 1043 2403 igitur
1089 2329 1219 2384 illud
1273 2325 1520 2395 supplicii
1565 2323 1770 2394 genus?
1816 2319 1993 2374 Allato

412 2452 599 2502 sacco,
624 2443 679 2489 et
720 2445 880 2486 arena
909 2426 1175 2494 completo
1195 2464 1208 2488 ,
1239 2435 1358 2476 cum
1395 2420 1446 2473 in
1486 2432 1606 2471 eum
1651 2413 1995 2483 scorpiones,

413 2530 622 2598 viperas
663 2534 716 2580 et
744 2523 1005 2578 dracones
1035 2516 1304 2586 iniecisset
1327 2554 1341 2578 ,
1373 2527 1494 2567 cum
1525 2509 1631 2564 illis
1671 2516 1727 2562 et
1748 2491 1991 2560 sanctum

415 2593 616 2690 injecit,
639 2625 691 2672 et
717 2615 770 2670 in
799 2626 944 2668 mare
970 2607 1202 2665 demisit.
1227 2603 1356 2659 Erat
1380 2616 1508 2672 ergo
1533 2609 1735 2670 martyr
1763 2611 1882 2652 cum
1910 2593 2002 2648 be-

266 2695 272 2702 .
359 2777 366 2786 _
415 2688 533 2768 stiis
559 2721 630 2777 ,et
653 2719 839 2764 rursus
863 2719 984 2758 cum
1019 2699 1204 2755 bestiis
1241 2695 1523 2752 conclusus
1552 2700 1668 2747 erat
1692 2689 1772 2743 vir
1788 2688 1999 2758 justus:

417 2818 601 2858 rursus
627 2807 804 2855 autem
833 2794 962 2859 dixi,
985 2799 1044 2846 ut
1070 2798 1304 2844 veterem
1321 2785 1472 2841 vobis
1497 2783 1548 2837 in
1575 2779 1885 2836 memoriam
1913 2793 2003 2831 re-

419 2907 662 2949 vocarem
689 2889 756 2944 de
805 2885 1020 2940 Daniele
1039 2879 1419 2936 narrationem.
1443 2875 1596 2930 illum
1615 2871 1828 2944 quidem
1852 2869 1902 2923 in
1927 2870 2007 2924 la-

418 3001 538 3039 cum
556 2983 901 3042 incluserunt,
921 2976 1058 3028 hunc
1069 2981 1244 3027 autem
1265 2971 1316 3024 in
1347 2982 1556 3024 saccum
1577 2953 1908 3035 injeccrimt:
1932 2960 2006 3014 illi

423 3087 530 3132 tum
555 3071 784 3142 lapidem
813 3069 1200 3138 imposuerunt,
1232 3061 1319 3116 hic
1342 3074 1554 3115 saccum
1586 3057 1817 3122 consuit,
1848 3053 2008 3124 etju-

403 3171 504 3224 sto
523 3179 791 3221 carcerem
814 3160 1172 3232 augustiorem
1188 3155 1386 3212 effecit.
1401 3154 1469 3208 At
1487 3151 1679 3220 ubique
1701 3156 2008 3204 sanctorum

422 3275 644 3331 corpora
687 3257 872 3313 bestia:
904 3262 1236 3316 reverentur,
1269 3251 1320 3304 iu
1353 3263 1535 3304 eorum
1567 3245 1910 3316 ignominiam
1959 3249 2014 3296 et

423 3349 943 3414 condemnationem,
973 3345 1203 3415 quicum
1234 3341 1442 3396 ratione
1491 3339 1595 3393 sint
1625 3335 1796 3392 ornati
1843 3345 1897 3388 et
1925 3335 2014 3386 hu-

427 3460 597 3502 mana:
615 3452 816 3496 naturte
838 3437 1139 3494 conditione
1161 3434 1301 3504 digni
1320 3431 1505 3494 habiti,
1529 3430 1789 3485 feritatem
1805 3427 2012 3482 illarum

426 3551 630 3592 summa
649 3548 742 3588 sua
766 3531 1089 3586 immanitate
1115 3533 1396 3595 superant:
1417 3521 1624 3592 qualem
1644 3519 1784 3572 hunc
1805 3530 2016 3587 quoque

429 3640 708 3702 tyrannum
731 3623 896 3678 fuisse
923 3619 1188 3690 conjicere
1215 3628 1514 3686 possumus.
1538 3609 1734 3664 Videre
1763 3615 1877 3662 erat
1903 3615 2017 3659 stu-

429 3719 659 3790 pendum
688 3711 1000 3770 miraculum
1026 3752 1042 3778 ,
1075 3723 1175 3764 nec
1205 3721 1270 3760 eo
1296 3704 1472 3758 minus
1499 3742 1513 3768 ,
1546 3699 1687 3771 quod
1719 3699 1772 3752 in
1802 3696 2018 3752 Daniele

429 3789 668 3883 contigit.
717 3808 850 3864 Nam
901 3807 1036 3860 sicut
1081 3817 1203 3857 cum
1253 3807 1374 3869 post
1423 3795 1617 3851 multos
1671 3791 1788 3847 dies
1823 3805 1854 3845 e
1901 3789 2018 3843 lacu

433 3906 644 3958 leonum
672 3897 1046 3955 ascendentem
1075 3893 1220 3947 illum
1250 3889 1526 3953 vidissent,
1553 3896 1663 3940 tum
1693 3881 1870 3937 mirati
1897 3888 2021 3936 sunt

435 3993 705 4067 Babylonii
759 3990 918 4061 (Dan.
950 3989 1008 4058 7)
1041 4002 1053 4038 :
1081 3985 1159 4041 sic
1209 3991 1262 4038 et
1300 3981 1532 4036 animam
1576 3973 1790 4039 Juliani,
1823 3987 1945 4028 cum
1989 3985 2021 4026 e

434 4066 587 4143 sacco
611 4095 664 4141 et
693 4081 938 4138 fluctibus
959 4075 1330 4132 ascendentem
1353 4071 1406 4126 in
1439 4071 1623 4124 caelum
1652 4066 1894 4121 viderent
1923 4079 2018 4116 an-

435 4183 570 4254 geli,
600 4178 776 4235 mirati
817 4182 959 4229 sunt.
995 4167 1177 4225 Daniel
1209 4167 1360 4222 binos
1400 4165 1582 4219 leones
1625 4159 1833 4228 subegit
1860 4171 1920 4211 ac
1947 4155 2025 4208 vir

436 4274 527 4337 cit,
551 4270 642 4326 sed
669 4265 982 4324 sensibiles:
1007 4262 1094 4317 hic
1117 4261 1326 4315 leonem
1355 4271 1514 4310 unmn
1537 4294 1549 4317 ,
1577 4251 1669 4306 sed
1696 4247 2020 4320 spiritualem

439 4364 649 4434 subegit
683 4375 746 4415 ac
774 4359 920 4412 vicit.
952 4355 1131 4410 llostis
1159 4353 1355 4423 quippe
1395 4357 1576 4402 no.~tcr
1605 4343 1847 4400 diabolus
1883 4349 2022 4394 tam-

442 4469 598 4525 quam
628 4453 711 4507 leo
734 4449 948 4520 rugiens
973 4445 1200 4510 circuit,
1226 4453 1471 4512 quaerens
1513 4451 1668 4506 quem
1700 4433 1914 4489 devoret
1947 4431 2022 4501 (l.

443 4547 555 4602 Pet.
587 4546 639 4600 5.
665 4543 720 4612 8)
749 4560 762 4595 :
799 4549 852 4594 at
881 4536 1186 4593 fortitudine
1217 4531 1465 4602 martyris
1494 4535 1772 4596 superatus
1791 4532 1906 4589 est,
1930 4537 2024 4576 ve-

444 4653 638 4694 ncnmn
701 4630 960 4704 siquidem
1021 4623 1224 4698 peccati
1293 4622 1652 4691 deposuerat;
1706 4623 2029 4686 quapmpter

445 4733 585 4786 hunc
613 4727 830 4782 minime
859 4717 1151 4784 devoravit;
1181 4715 1379 4770 idcirco
1405 4726 1502 4767 nec
1524 4710 1754 4775 leonem,
1779 4721 1877 4761 nec
1897 4706 2026 4760 iram

446 4823 732 4878 bestiarum
759 4810 1141 4870 reformidavit.

515 4913 568 4966 4.
598 4907 774 4963 Vultis
799 4913 854 4960 et
880 4904 1036 4958 aliam
1063 4896 1346 4971 quamdam
1373 4903 1611 4949 veterem
1639 4889 1868 4946 referam
1901 4903 2030 4942 nar-

442 5005 704 5060 rationem
723 5040 737 5064 ,
764 4997 854 5052 ubi
884 5003 938 5050 et
973 4993 1146 5065 justus
1175 4997 1228 5045 et
1247 4985 1470 5044 bestiae?
1498 4981 1689 5039 Diluvii
1728 4980 1840 5036 Noe
1869 4986 2027 5048 atque

444 5111 585 5150 arcae
615 5087 968 5148 recordamini
998 5103 1012 5140 :
1042 5095 1151 5140 tum
1179 5083 1320 5139 enim
1347 5093 1558 5152 quoque
1575 5077 1750 5145 justus
1777 5084 1828 5130 et
1849 5073 2032 5129 bestiae

445 5188 604 5244 simul
629 5187 866 5241 fuerunt.
889 5183 956 5237 At
985 5179 1096 5236 Noe
1123 5176 1338 5248 quidem
1361 5175 1634 5244 ingressus
1659 5171 1818 5224 homo
1851 5177 1953 5232 est,
1978 5177 2033 5221 et

445 5292 694 5351 egressus
717 5284 799 5331 est
828 5273 1010 5338 homo;
1037 5269 1280 5326 Julianus
1302 5275 1480 5322 autem
1509 5265 1786 5334 ingressus
1815 5259 2032 5330 quidem

447 5349 529 5426 est
551 5372 744 5432 homo,
778 5365 871 5421 sed
899 5361 1120 5433 angelus
1157 5369 1239 5415 est
1260 5371 1502 5428 egressus
1535 5371 1549 5408 :
1581 5353 1667 5408 ille
1693 5351 1760 5406 de
1785 5359 1922 5404 terra
1954 5349 2035 5402 in-

447 5475 662 5530 gressus
690 5467 791 5524 est,
819 5467 874 5512 et
902 5457 952 5510 in
983 5463 1178 5510 terram
1221 5461 1304 5506 est
1329 5463 1514 5504 rursus
1540 5455 1820 5517 egressus;
1851 5442 1938 5496 hic
1967 5441 2034 5495 de

451 5563 591 5607 terra
621 5551 672 5604 in
702 5563 916 5603 saccum
947 5547 1214 5615 ingressus
1235 5549 1317 5596 cst
1336 5581 1350 5604 ,
1379 5547 1434 5594 et
1473 5537 1540 5593 de
1581 5551 1736 5592 sacco
1767 5537 1818 5590 in
1844 5535 2031 5588 caelum

453 5653 534 5698 est
559 5641 846 5712 profectos.
884 5637 1106 5708 Accepit
1146 5649 1267 5690 eum
1301 5646 1482 5697 mare,
1505 5644 1610 5686 non
1633 5637 1691 5684 ut
1727 5627 2033 5694 occideret,

453 5732 544 5789 scd
591 5741 650 5786 ut
695 5737 1013 5796 coronaret,
1045 5737 1097 5783 et
1149 5733 1266 5798 post
1308 5737 1558 5781 coronam
1601 5721 1752 5778 nobis
1793 5731 2030 5777 sanctam

1008 297 1066 354 S.
1107 293 1383 353 JOANNIS
1407 285 1880 348 CHRYSOSTOMI
1921 279 2236 338 ARCHIEP.
2278 279 2804 339 CONSTANTINOP.

3550 277 3656 336 67').

2078 398 2231 453 istam
2263 411 2440 451 arcam
2471 397 2724 469 martyris
2748 407 2942 464 corpus
2971 393 3202 449 reddidit
3227 409 3242 448 :
3275 391 3413 450 hanc
3433 392 3486 450 in
3517 394 3662 452 hunc

2075 505 2244 560 usque
2283 487 2426 544 diem
2465 489 2796 553 retinemus,
2823 502 2944 558 qua:
2981 499 3356 542 scxccntorum
3398 486 3662 543 bonorum

2075 595 2157 639 est
2191 583 2488 639 thesaurus.
2511 582 2722 638 Etenim
2744 589 3005 652 martyres
3025 563 3303 634 nobiscum
3333 580 3478 635 Deus
3501 581 3666 650 parti-

2079 686 2164 732 tus
2193 685 2274 730 est
2305 693 2318 730 :
2345 690 2468 730 cum
2513 675 2718 728 animas
2741 673 2842 728 sibi
2882 671 3234 741 sumpsisset,
3258 685 3482 741 corpora
3509 671 3666 726 nobis

2077 767 2472 840 quodammodo
2500 768 2721 839 largitus
2745 775 2862 832 est,
2889 776 2944 822 ut
2983 775 3254 836 perpetua:
3293 765 3505 821 virtutis
3545 781 3668 820 mo-

2080 872 2333 918 numenta
2362 869 2544 918 sancta
2579 860 2765 915 horum
2793 873 2911 913 ossa
2941 867 3234 912 teneamus.
3265 857 3400 912 Nam
3429 857 3478 913 si
3499 857 3668 913 bella-

2083 956 2214 1010 toris
2235 969 2381 1010 arma
2397 961 2674 1009 cruentata
2701 951 2819 1022 quis
2842 965 3071 1006 cernens
3087 991 3102 1014 ,
3123 951 3390 1020 clypeum,
3417 948 3626 1004 hastam
3655 991 3670 1014 ,

2083 1057 2136 1104 et
2155 1049 2394 1112 loricam,
2425 1047 2551 1101 licet
2587 1045 2825 1100 omnium
2852 1045 2918 1098 sit
2943 1043 3336 1114 ignavissimus,
3363 1045 3544 1099 statim
3572 1060 3668 1099 ex-

2084 1139 2210 1205 silit,
2241 1137 2560 1202 exardescit,
2589 1145 2643 1191 et
2672 1135 2738 1190 ad
2765 1135 2960 1189 bellum
2989 1143 3264 1204 promptus
3283 1135 3423 1200 exit,
3447 1143 3608 1205 atque
3637 1149 3668 1188 a

2085 1242 2372 1302 conspectu
2402 1245 2668 1284 armorum
2697 1229 2858 1284 sumit
2878 1228 3112 1282 animum
3131 1269 3146 1292 ,
3175 1235 3233 1282 ut
3257 1227 3470 1284 easdem
3498 1227 3671 1282 actioo

2088 1343 2182 1382 nes
2208 1325 2544 1396 aggrediatur
2571 1341 2585 1376 :
2611 1337 2708 1377 nos
2733 1322 2822 1392 qui
2851 1336 2954 1376 non
2976 1335 3144 1386 arma,
3163 1319 3256 1374 scd
3282 1334 3476 1390 corpus
3495 1319 3670 1389 ipsum

2087 1421 2353 1474 Cernimus
2398 1417 2602 1483 sancti,
2630 1415 2772 1486 quod
2813 1416 3030 1485 dignum
3079 1413 3321 1469 habitum
3349 1423 3557 1480 est,,ut
3587 1413 3672 1468 Job

2087 1511 2282 1566 Christi
2319 1509 2706 1564 confessionem
2753 1515 3137 1568 cruentaretur,
3168 1505 3291 1560 licet
3331 1506 3568 1560 omnium
3597 1505 3673 1561 si-

2091 1618 2209 1658 mus
2251 1600 2610 1666 timidissimi,
2636 1599 2724 1669 qui
2772 1613 3056 1668 possumus
3101 1611 3210 1651 non
3255 1607 3501 1668 prompto
3547 1611 3674 1652 esse

2091 1697 2292 1760 animo,
2320 1709 2439 1748 cum
2464 1693 2551 1748 hic
2574 1701 2820 1761 aspectus
2844 1691 2990 1746 velut
3019 1688 3156 1759 ignis
3181 1689 3394 1759 quidam
3427 1690 3476 1743 in
3523 1703 3675 1744 men-

2095 1798 2198 1844 tem
2237 1795 2473 1842 nostram
2502 1783 2734 1850 incidat,
2761 1791 2814 1838 et
2839 1783 2906 1836 ad
2937 1781 3076 1836 idem
3103 1795 3202 1836 nos
3239 1788 3508 1835 certamen
3535 1779 3673 1834 invi-

2095 1881 2207 1936 tet?
2235 1880 2521 1948 Propterea
2549 1886 2853 1932 sanctorum
2882 1888 3108 1943 corpora
3147 1889 3316 1943 usque
3357 1872 3426 1928 ad
3465 1882 3678 1942 tempus

2095 1967 2504 2026 resurrectionis
2543 1967 2682 2038 apud
2729 1982 2827 2021 nos
2854 1965 3102 2034 deposuit
3137 1965 3310 2030 Deus,
3341 1972 3399 2019 ut
3431 1963 3678 2018 maxima:

2097 2061 2444 2134 philosophia:
2491 2062 2766 2114 materiam
2811 2057 3152 2113 haberemus.
3200 2054 3676 2110 Verumenimvero

2099 2173 2167 2212 ne
2205 2153 2454 2226 martyris
2492 2151 2678 2208 laudes
2715 2151 2907 2220 linguae
2945 2157 3142 2203 nostra:
3183 2147 3546 2202 imbecillitate
3575 2144 3678 2198 mi-

2100 2256 2353 2312 nuantur,
2410 2243 2504 2300 sed
2557 2241 2932 2312 agonothetam
2989 2239 3158 2294 Deum
3202 2244 3513 2308 exspectent
3545 2253 3558 2288 :
3588 2235 3682 2305 qui

2101 2355 2194 2396 eos
2243 2346 2494 2402 coronat,
2551 2335 2640 2390 ille
2681 2343 2736 2390 et
2791 2331 3132 2388 collaudabit.
3205 2329 3346 2383 Laus
3407 2327 3550 2382 enim
3591 2341 3686 2382 eo-

2103 2448 2218 2488 rum
2247 2446 2352 2486 non
2379 2445 2443 2485 ex
2491 2426 2793 2482 hominibus
2832 2435 2950 2489 est,
2983 2423 3076 2478 sed
3099 2439 3164 2478 ex
3189 2423 3316 2486 Deo;
3343 2436 3463 2474 nam
3490 2429 3547 2476 et
3570 2419 3688 2474 hare

2105 2523 2252 2591 ipsa,
2303 2535 2421 2591 qua:
2470 2518 2736 2581 diximus,
2793 2531 2896 2570 non
2941 2525 2998 2568 ut
3049 2513 3392 2568 illustriorem
3429 2509 3688 2565 reddere-

2106 2627 2226 2668 mus
2255 2619 2544 2682 martyrem
2567 2649 2580 2675 ,
2610 2608 2864 2674 diximus,
2891 2605 2987 2662 sed
3018 2613 3076 2660 ut
3105 2619 3200 2659 vos
3227 2601 3582 2674 promptiores
3609 2598 3689 2656 ef-

2107 2703 2405 2759 ficeremus.

2179 2795 2395 2851 Moralis
2419 2793 2720 2849 exhortatio.
2761 2821 2829 2832 -—
2857 2790 2966 2847 Nos
2995 2805 3144 2858 vero,
3171 2787 3415 2844 laudibus
3431 2784 3684 2848 omissis,

2109 2903 2324 2944 omnem
2346 2887 2413 2941 ad
2443 2901 2538 2941 vos
2579 2885 2876 2942 orationem
2905 2893 3282 2938 convertimus
3319 2899 3332 2934 :
3357 2879 3486 2950 quin
3515 2877 3695 2947 potius

2053 3009 2058 3018 ·
2111 2989 2404 3050 martyrum
2429 2977 2612 3034 laudes
2643 2993 2748 3033 non
2777 2985 3000 3046 possunt
3036 2973 3206 3027 omitti
3233 3014 3247 3037 ,
3279 2986 3400 3026 cum
3429 2970 3482 3024 in
3509 2968 3692 3024 eccle-

2112 3073 2189 3127 sia
2215 3071 2332 3142 quis
2361 3069 2428 3124 de
2465 3069 2623 3124 rebus
2663 3066 2879 3123 utilibus
2906 3064 3065 3119 verba
3108 3063 3250 3116 facit.
3299 3059 3404 3116 Sed
3451 3061 3692 3114 animum

2114 3163 2413 3219 advertite:
2445 3175 2664 3231 pravam
2693 3159 2835 3214 enim
2874 3166 2928 3212 et
2954 3157 3301 3211 inveteratam
3343 3152 3695 3209 consuetudi-

2116 3273 2236 3312 nem
2257 3253 2574 3312 exscindere
2619 3253 2776 3307 statui
2809 3251 3065 3305 hodierno
3089 3248 3197 3314 die,
3223 3256 3404 3300 utnon
3435 3246 3606 3300 solum
3629 3245 3698 3298 ad

2115 3357 2377 3420 martyres
2407 3345 2723 3402 accedamus
2746 3385 2761 3410 ,
2793 3342 2885 3398 sed
2924 3341 3083 3396 etiam
3111 3347 3376 3410 martyres
3401 3337 3694 3390 imitemur.

2121 3441 2300 3496 Honos
2343 3439 2538 3509 quippe
2585 3445 2876 3506 martyrum
2911 3443 3026 3498 est,
3059 3447 3164 3486 non
3193 3431 3236 3484 si
3265 3429 3330 3484 ad
3371 3443 3466 3484 eos
3495 3436 3700 3481 tantum

2121 3532 2500 3605 procedamus,
2533 3529 2625 3586 sed
2654 3545 2760 3600 prae
2807 3527 2909 3582 hoc
2951 3526 2998 3580 si
3047 3522 3410 3579 fortitudinem
3459 3520 3702 3590 ipsorum

2121 3625 2452 3679 aemulemur.
2479 3621 2832 3688 Quamobrem
2878 3617 3025 3688 prius
3068 3601 3382 3686 exponenda
3410 3621 3492 3666 est
3537 3625 3706 3680 prava

2123 3719 2224 3774 ista
2259 3713 2590 3772 consuetudo
2619 3732 2636 3768 :
2663 3728 2783 3768 nam
2829 3711 3011 3782 ignoto
3073 3708 3262 3762 morbo
3293 3706 3442 3760 facile
3481 3717 3586 3757 non
3617 3711 3706 3756 est

2124 3809 2379 3866 adhibere
2396 3806 2713 3863 medicinam
2733 3824 2746 3860 :
2768 3803 2888 3858 ideo
2903 3802 3093 3857 vulnus
3114 3802 3260 3870 prius
3275 3798 3484 3866 detego,
3507 3791 3708 3848 deinde

2125 3903 2570 3958 medicamentum
2591 3913 2820 3969 appono.
2844 3896 3096 3963 Quaenam
3131 3894 3290 3963 igitur
3316 3891 3404 3945 illa
3431 3897 3512 3944 est
3538 3901 3706 3956 prava

2125 3994 2494 4052 consuetudo?
2519 3990 2768 4047 Nonnulli
2789 4005 2972 4046 eorum
2998 4031 3012 4054 ,
3039 3988 3127 4057 qui
3161 3986 3246 4040 hic
3287 3984 3442 4038 hodie
3485 3995 3714 4050 congre-

2125 4092 2232 4162 gati
2263 4099 2388 4144 sunt
2408 4088 2572 4158 (absit
2597 4087 2738 4142 enint
2769 4093 2824 4140 ut
2851 4093 3012 4138 totam
3033 4081 3326 4136 Ecclesiam
3364 4077 3585 4130 crimine
3615 4073 3714 4127 tali

2127 4178 2522 4254 condemnem),
2545 4195 2651 4248 prae
2673 4177 2915 4233 socordia
2934 4174 3156 4246 quadam
3186 4187 3248 4226 ac
3263 4170 3600 4238 simplicitate
3623 4166 3718 4219 die.

2128 4275 2382 4339 crastino,
2409 4269 2680 4326 derelictis
2707 4268 2882 4334 nobis,
2915 4267 3165 4336 Daphnen
3189 4263 3263 4335 (α)
3297 4269 3618 4332 properant,
3649 4265 3718 4310 ut

2129 4383 2248 4438 quae
2269 4364 2583 4434 collegimus
2613 4360 2800 4425 hodie,
2839 4373 2959 4414 cras
2983 4355 3255 4412 effundant
3279 4393 3296 4418 ,
3320 4363 3374 4408 et
3401 4366 3515 4422 qua:
3541 4349 3718 4404 :edifi-

2130 4461 2402 4520 cavimus,
2434 4457 2731 4511 destruant.
2781 4453 2860 4508 Ne
2907 4453 3065 4522 igitur
3107 4449 3306 4518 absque
3363 4447 3538 4500 fructu
3587 4443 3719 4497 huic

2131 4550 2374 4606 concioui
2419 4545 2790 4610 interfuerint,
2821 4543 2910 4598 ubi
2958 4542 3024 4598 de
3067 4541 3147 4595 his
3188 4553 3352 4608 pauca
3397 4534 3722 4590 disserueri-

2133 4657 2253 4698 mus
2277 4683 2291 4708 ,
2323 4639 2552 4694 orationi
2585 4639 2742 4692 finem
2792 4637 3142 4703 imponemus.
3189 4629 3324 4696 Quid
3363 4642 3544 4698 quaeso
3589 4639 3720 4694 pro-

2135 4749 2288 4804 peras
2316 4731 2380 4787 ad
2409 4730 2720 4784 suburbium
2751 4727 3019 4783 civitatis?
3051 4727 3185 4778 Ecce
3224 4721 3535 4777 suburbium
3562 4717 3724 4772 Jeru-

2135 4825 2301 4880 salem
2334 4823 2507 4888 illius,
2545 4835 2663 4890 qua:
2693 4833 2904 4873 sursum
2939 4825 3042 4879 est;
3071 4831 3197 4870 ecce
3216 4812 3436 4881 Daphne
3463 4809 3722 4879 spiritua-

2137 4917 2201 4972 lis
2230 4935 2244 4971 :
2268 4917 2372 4970 illic
2397 4913 2573 4968 fontes
2602 4927 2858 4982 aquarmu
2879 4951 2893 4976 ,
2927 4909 3014 4963 hic
3040 4907 3216 4962 fontes
3243 4915 3368 4959 sunt
3389 4911 3722 4974 martyrum:

2137 5011 2246 5066 illic
2289 5007 2530 5079 cupressi
2575 5007 2796 5060 arbores
2819 5002 3162 5058 infruclursm
3183 5040 3196 5062 ,
3225 4999 3310 5052 hic
3338 4995 3574 5063 reliquim
3597 5008 3726 5048 saw

2137 5117 2344 5160 etorum
2369 5111 2494 5158 sunt
2521 5115 2582 5156 ac
2607 5099 2811 5155 radices
2837 5097 2892 5152 in
2922 5107 3060 5151 terra
3091 5095 3360 5164 plantataz,
3389 5104 3510 5158 qua:
3539 5101 3729 5141 ramos

2139 5197 2192 5252 in
2219 5196 2406 5252 caelum
2433 5192 2780 5263 protendunt.
2816 5190 2976 5244 Visne
3003 5202 3272 5243 ramorum
3301 5183 3460 5238 etiam
3489 5181 3723 5236 istorum

2139 5287 2369 5343 fructum
2399 5284 2628 5340 intueri?
2655 5282 2816 5352 Aperi
2853 5280 3040 5336 oculos
3067 5277 3224 5344 fidei,
3256 5285 3366 5330 tum
3397 5273 3576 5328 subito
3623 5267 3730 5322 mi-

2139 5382 2382 5437 rabilium
2412 5379 2502 5434 tibi
2529 5378 2794 5433 fructuum
2822 5383 3062 5428 naturam
3091 5368 3396 5426 ostendam.
3437 5365 3554 5420 Non
3578 5361 3724 5418 enim

2142 5489 2443 5545 pomorum,
2475 5479 2564 5526 aut
2585 5483 2802 5534 nucum,
2829 5481 2928 5521 nec
2951 5462 3090 5518 aliud
3111 5461 3360 5532 quiddam
3393 5471 3578 5513 eorum
3605 5467 3726 5516 quas

2141 5573 2553 5637 corrmnpuntnr
2609 5571 2662 5616 et
2712 5569 2966 5630 pereunt,
3018 5569 3284 5610 ramorum
3339 5559 3419 5606 ρει
3473 5547 3728 5602 frue'ua':

2205 5725 2280 5790 (α)
2314 5722 2508 5787 Daphne
2533 5722 2582 5770 in
2597 5732 2714 5784 agro
2735 5715 2991 5767 Antiochia:
3013 5711 3308 5763 stthurlrtno.
