4080 6198
483 279 587 336 673

481 391 578 446 καὶ
610 386 1021 460 ἁμαρτημάτων
1081 387 1425 458 συγχώρησις
1451 429 1463 451 ,
1499 388 1696 450 κακίας
1752 388 2049 456 ἀναίρεσις,

482 474 801 544 νοσημάτων
823 473 997 541 ψυχῆς
1031 471 1315 542 Θεραπεία,
1335 472 1468 542 εὐχὴ
1499 471 1740 540 ἐκτενὴς,
1776 469 2054 541 παρρησία

483 557 620 628 πρὸς
648 555 799 618 Θεὸν,
830 555 1008 608 πάντα
1029 555 1392 625 πνευματικά,
1415 555 1509 608 καὶ
1528 554 1794 623 οὐρανίων
1818 554 2052 624 γέμοντα

483 639 721 707 ἀγαθῶν.
747 633 904 691 Οὗτοι
924 639 972 690 οἰ
999 639 1201 708 καρποὶ
1223 639 1309 691 ἀεὶ
1335 635 1674 709 τρυγώμενοι
1694 638 1782 690 ἀεὶ
1807 637 2050 707 βρύουσι,

483 723 577 774 καὶ
601 721 856 773 οὐδέποτε
891 718 1042 791 [678]
1081 719 1516 790 ἀπολιμπάνουσι
1545 721 1671 778 τοὺς
1705 718 1937 781 οἰκείους
1959 719 2055 770 αὐ-

481 803 589 856 τῶν
616 801 912 872 γεωργούς.
947 800 1052 854 Καὶ
1082 801 1150 854 τά
1186 801 1283 872 μὲν
1319 801 1411 854 ἐπὶ
1450 802 1552 872 γῆς
1585 801 1826 872 φυόμενα
1865 800 2054 871 δένδρα

481 884 629 950 ἄπαξ
666 884 760 936 τοῦ
793 883 1040 937 ἐνιαυτοῦ
1065 883 1248 937 δίδωσι
1277 883 1375 955 τὴν
1408 885 1600 955 φοράν,
1619 883 1722 936 κᾶν
1755 884 1828 953 μὴ
1849 884 2055 953 τρυγή-

482 983 601 1037 σῃς,
640 965 939 1036 ἐπιστάσης
964 967 1062 1035 τῆς
1089 965 1239 1037 ῶρας
1267 966 1361 1018 τοῦ
1383 965 1649 1036 χειμῶνος
1675 965 1936 1019 ἀπόλλυσι
1957 965 2054 1036 τὴν

478 1050 682 1102 οἰκείαν
699 1050 1056 1121 εὐπρέπειαν,
1085 1049 1442 1119 φθειρομένου
1469 1048 1565 1101 τοῦ
1597 1049 1812 1119 καρποῦ
1835 1051 1928 1102 καὶ
1955 1066 2056 1101 κα-

477 1132 831 1202 ταρρέοντος·
868 1130 1042 1184 ταῦτα
1087 1130 1145 1182 δέ
1190 1131 1251 1183 οὐ
1282 1129 1526 1201 χειμῶνα
1556 1126 1717 1194 οἶδεν,
1764 1131 1824 1182 οὐ
1875 1129 2050 1200 Θέρος,

476 1214 576 1266 οὐκ
601 1215 815 1284 ἀνάγκη
841 1213 1048 1285 καιρῶν
1075 1213 1379 1276 ὑπόκειται,
1411 1213 1531 1265 οὐδὲ
1578 1213 1693 1265 ἐστι
1725 1211 1909 1282 γυμνά
1945 1212 2053 1265 τῶν

477 1295 702 1367 καρπῶν
736 1295 876 1350 αὐτά
903 1296 1012 1349 τῶν
1031 1296 1248 1348 οἰκείων
1272 1296 1421 1361 ἰδεῖν,
1458 1295 1593 1348 ἀλλά
1621 1295 1707 1347 διὰ
1738 1294 1936 1357 παντὸς
1961 1295 2054 1346 ἐπὶ

474 1378 577 1447 τῆς
607 1379 775 1449 αὐτῆς
803 1379 1033 1450 ἕστηκεν
1067 1378 1402 1450 εὐπρεπείας
1423 1395 1435 1406 ’
1467 1379 1566 1448 οὐχ
1603 1380 1830 1432 ἅπτεται
1873 1376 2053 1430 αὐτῶν

477 1461 672 1531 φθορά,
695 1461 816 1514 οὐδέ
849 1461 1117 1532 μεταϐολὴ
1145 1461 1374 1533 καιρῶν.
1413 1463 1576 1514 Πόσοι
1605 1461 1756 1529 γοῦν,
1803 1460 1863 1525 ἐξ
1901 1453 1960 1514 o6
1991 1461 2052 1514 τὸ

478 1544 634 1613 σῶμα
678 1545 945 1615 ἐφυτεύθη
985 1545 1142 1598 τοῦτο
1189 1547 1248 1598 ἐν
1280 1549 1346 1616 τῇ
1385 1548 1477 1616 γῇ,
1515 1546 1712 1616 μυρίας
1747 1545 2053 1616 ἐτρύγησαν

478 1626 648 1690 ἰάσεις
669 1627 776 1679 ἀπὺ
803 1627 901 1698 τῆς
923 1628 1082 1696 άγίας
1106 1627 1307 1696 ταύτης
1334 1628 1528 1697 θήκης,
1551 1630 1647 1681 καὶ
1676 1628 1775 1680 οὐκ
1798 1627 2052 1681 ἐπέλιπεν

473 1708 502 1759 0
534 1708 778 1779 καρπόςο
807 1709 1057 1780 ἐθέρισαν
1090 1711 1158 1763 τά
1184 1709 1334 1779 λήῖα,
1371 1710 1466 1762 καὶ⁸
1509 1710 1608 1762 οὐκ
1638 1709 2052 1780 ἐδαπανήθησαν

472 1791 523 1844 οἰ
552 1791 808 1863 στάχυεςο
860 1792 1132 1864 ῆντλησαν
1178 1793 1275 1856 τὰς
1301 1793 1509 1864 πηγάς,
1559 1793 1655 1846 καὶ
1683 1795 1782 1846 οὐκ
1811 1792 2048 1864 ἐκενώθη

473 1873 541 1926 τά
572 1875 810 1944 νάματα,
840 1874 974 1927 ἀλλά
1002 1876 1229 1945 συνεχής
1257 1875 1340 1939 τίς
1363 1878 1510 1929 ἐστιν
1535 1877 1568 1945 ὴ
1603 1875 1832 1948 ἐπιρροὴ
1851 1914 1865 1938 ,
1899 1875 2052 1928 0600-

474 1974 603 2012 ποτε
636 1959 1095 2028 ἐπιλιμπάνουσα,
1120 1958 1256 2012 ἀλλά
1291 1958 1386 2012 τοῦ
1425 1959 1752 2029 κενουμένου
1787 1959 1945 2012 πλέον
1967 1959 2052 2011 ἀεὶ

471 2040 788 2111 παρέχουσα
813 2041 880 2094 τὸ
911 2041 1210 2105 ἀναϐλύζον
1233 2040 1435 2110 θαῦμα.
1471 2041 1546 2094 Οὐ
1575 2039 1829 2110 θαύματα
1857 2041 1914 2094 δὲ
1955 2041 2050 2112 μό-

474 2139 562 2175 νον
595 2123 907 2192 ἐργάζεται,
941 2123 1074 2176 ἀλλά
1123 2123 1218 2177 καὶ
1249 2123 1556 2192 φιλοσοφεῖν
1607 2123 1801 2177 πείθει.
1863 2124 1960 2176 Ἂν
1991 2140 2051 2176 τε

473 2205 582 2276 γάρ
615 2205 867 2269 πλούσιος
888 2201 974 2279 ᾖς,
999 2206 1092 2259 καὶ
1121 2204 1549 2276 μεγαλοφρονῇς,
1569 2205 1663 2259 καὶ
1695 2205 2054 2275 φλεγμαίνου-

473 2304 574 2342 σαν
591 2287 720 2359 ἔχῃς
742 2290 839 2358 τὴν
855 2287 1054 2359 ψυχὴν,
1073 2286 1241 2340 ἐλθὼν
1260 2286 1514 2349 ἐνταῦθα,
1539 2289 1632 2340 καὶ
1657 2286 1779 2340 ἰδών
1796 2289 1885 2341 τὸν
1907 2289 2051 2360 μάρ·

472 2388 633 2441 τυρα,
663 2374 756 2425 καὶ
787 2372 847 2424 τὸ
879 2373 1041 2442 μέσον
1067 2370 1421 2440 λογισάμενος
1441 2369 1535 2422 τοῦ
1569 2370 1662 2422 σοῦ
1689 2370 1942 2434 πλούτου,
1960 2374 2054 2427 καὶ

472 2455 572 2524 τῆς
603 2456 794 2509 τούτου
823 2454 1158 2526 περιουσίας,
1188 2452 1537 2516 καταστελεῖς
1565 2452 1767 2517 εὐθέως
1793 2454 1854 2507 τὸ
1877 2454 2052 2527 φύση-

477 2555 572 2608 μα,
603 2539 697 2592 καὶ
723 2539 820 2608 τὴν
855 2537 1161 2608 φλεγμονὴν
1181 2535 1518 2606 ἀποθέμενος
1537 2535 1813 2608 ἀπελεύσῃ
1852 2537 2052 2609 πολλήν

473 2621 611 2690 ἔχων
635 2620 842 2689 ὑγίειαν
871 2623 928 2674 ἐν
956 2622 1024 2690 τῇ
1058 2619 1232 2690 ψυχῇ*
1271 2619 1336 2672 ἄν
1363 2635 1421 2670 τε
1476 2618 1643 2689 πένης
1674 2619 1768 2672 καὶ
1815 2619 2052 2675 εὐκατα-

473 2705 741 2775 φρόνητος
767 2699 904 2757 εἰναι
933 2702 1178 2773 νομίσῃς,
1203 2700 1373 2754 ἐλθὼν
1409 2700 1502 2754 καὶ
1545 2701 1666 2754 ίδὼν
1697 2701 1789 2756 τὸν
1826 2703 2053 2757 πλοῦτον

471 2788 564 2840 τοῦ
607 2789 903 2858 μάρτυρος,
936 2786 1030 2840 καὶ
1070 2783 1449 2853 καταγελάσας
1485 2784 1594 2837 τῶν
1615 2787 1913 2856 χρημάτων
1944 2786 2053 2841 τῶν

472 2871 690 2936 ἔξωθεν,
725 2871 898 2934 οῦτως
923 2870 1296 2940 ἀναχωρήσεις
1317 2867 1520 2938 πολλῆς
1549 2870 1744 2921 σαυτὸν
1767 2869 2052 2941 ἐμπλήσας

473 2954 807 3024 φιλοσοφίας,
837 2952 941 3006 κᾶν
967 2953 1240 3023 ἐπήρειαι,
1274 2951 1377 3004 κᾶν
1401 2950 1620 3022 ζημίαι,
1664 2950 1766 3004 κᾶν
1793 2953 2053 3023 μάστιγες

473 3036 835 3107 ἐπενεχθῶσιν
854 3052 866 3066 ·
900 3034 1043 3098 ἰδὼν,
1081 3037 1164 3088 ὅτι
1195 3033 1406 3087 οὐδέπω
1427 3037 1664 3090 τοσαῦτα
1704 3034 1921 3102 ἐπαθες,
1953 3038 2054 3092 ὅσα

471 3122 500 3172 0
531 3120 740 3190 μάρτυς
760 3113 914 3182 οὗτος
941 3118 969 3169 0
1001 3116 1174 3187 ἄγιος,
1212 3117 1404 3188 ἱκανὴν
1435 3116 1595 3170 πάλιν
1625 3116 1770 3191 λήψῃ
1797 3135 2054 3190 παραμυο

473 3201 594 3255 θίαν
624 3202 893 3256 ἐντεῦθεν.
938 3195 1090 3264 Εἶδες
1124 3195 1228 3253 οἶοι
1257 3202 1306 3252 οἱ
1336 3203 1538 3271 καρποὶ
1564 3200 1673 3255 τῶν
1717 3201 1886 3272 ῥιζῶν
1925 3201 2052 3254 τού-

471 3301 615 3350 των;
647 3285 766 3348 πῶς
807 3285 1110 3349 ἀνάλωτοι;
1143 3283 1260 3347 πῶς
1288 3285 1682 3354 πνευματικοί;
1728 3286 1845 3348 πῶς
1881 3286 2050 3356 αὐτῆς

470 3367 733 3422 ἅπτονται
765 3367 863 3436 τῆς
889 3367 1102 3436 ψυχῆς;
1141 3366 1216 3419 Οὐ
1239 3366 1433 3419 κωλύω
1457 3367 1712 3421 ἀπελθεῖν
1733 3371 1812 3432 εἰς
1833 3369 1894 3422 τὸ
1921 3386 2055 3442 προ-

471 3452 721 3518 άστειον,
777 3451 890 3504 ἀλλ’
947 3449 1136 3520 αὔριον
1168 3449 1381 3504 κωλύων
1423 3449 1565 3514 τίνος
1597 3452 1814 3516 ἐνεκεν;
1872 3454 1988 3507 Ἵνα
2018 3455 2051 3523 ή

471 3533 660 3604 τέρψις
689 3533 764 3604 μὴ
785 3533 882 3605 ἔχῃ
913 3533 1276 3600 κατάγνωσιν,
1297 3533 1384 3587 ἵνα
1408 3533 1623 3607 καθαρά
1706 3537 1738 3604 ή
1761 3535 1942 3605 ήδονὴ,
1977 3537 2052 3607 μὴ

473 3617 766 3688 ὐπεισέλθῃ
799 3630 823 3657 δ
855 3617 912 3669 δέ
959 3619 992 3687 ή
1029 3615 1372 3684 κατάγνωσις
1395 3633 1408 3647 °
1469 3619 1563 3671 καὶ
1611 3619 1719 3690 γάρ
1753 3617 1960 3682 ἔξεστιν
1995 3622 2051 3673 ἐν

471 3699 606 3772 ἄλλῃ
625 3700 807 3771 ἡμέρᾳ
833 3701 928 3752 καὶ
946 3702 1012 3770 τῇ
1039 3700 1225 3771 τέρψει
1247 3699 1600 3771 χαρίσασθαι,
1620 3702 1713 3753 καὶ
1741 3701 1840 3770 τῆς
1872 3703 2055 3775 ἀμαρ-

470 3781 589 3846 τίας
617 3782 1018 3854 ἀπαλλαγῆναι.
1051 3783 1188 3836 Εἰδέ
1211 3782 1388 3852 βούλει
1411 3784 1505 3835 καὶ
1525 3781 1620 3836 νῦν
1649 3783 1895 3854 τέρψεως
1917 3788 2051 3839 ἀπο-

472 3865 688 3929 λαῦσαι,
716 3865 768 3918 τί
799 3865 1159 3937 τερπνότερον
1198 3865 1291 3919 τοῦ
1316 3865 1574 3935 συλλόγου
1612 3866 1802 3922 τούτου
1827 3887 1841 3936 ;
1877 3871 1928 3922 τί
1955 3887 2051 3940 χα-

473 3949 745 4021 ριέστερον
777 3948 871 4002 τοῦ
905 3949 1132 4020 θεάτρου
1163 3947 1258 4002 τοῦ
1284 3949 1690 4019 πνευματικοῦ;
1729 3951 1837 4005 τῶν
1871 3953 2048 4023 μελῶν

470 4031 579 4084 τῶν
608 4033 743 4098 σῶν;
775 4033 874 4102 τῆς
895 4031 1002 4084 τῶν
1023 4031 1265 4100 ἀδελφῶν
1296 4034 1617 4102 συνουσίας;
1649 4034 1806 4088 Ἀλλά
1829 4037 1922 4090 καὶ
1947 4053 2051 4089 σω-

475 4117 708 4186 ματικῆς
739 4115 914 4179 θέλεις
937 4115 1214 4187 τραπέζης
1247 4120 1566 4186 μετασχεῖν;
1599 4117 1833 4171 ἐνταῦθα
1874 4119 2047 4183 ἔξεστι

475 4199 611 4268 μετά
639 4199 700 4252 τὸ
725 4199 950 4272 λυθῆναι
972 4199 1064 4253 τὸν
1101 4199 1377 4269 σύλλογον,
1439 4201 1533 4254 τοῦ
1572 4202 1872 4274 μαρτυρίου
1914 4201 2048 4272 πλη-

474 4283 587 4335 σίον
614 4283 716 4335 ὐπὸ
744 4285 912 4354 συκῆν
963 4284 1056 4338 καὶ
1106 4285 1348 4354 ἄμπελον
1402 4284 1784 4343 καταλύσαντι.
1826 4284 1921 4338 καὶ
1969 4283 2048 4354 τῷ

474 4367 686 4434 σώματι
719 4366 1156 4438 χαρίσασθαιτήν
1182 4367 1387 4432 ἄνεσιν,
1409 4367 1581 4420 καὶτὸ
1609 4366 1846 4430 συνειδὸς
1870 4367 2045 4420 ἁπαλ-

471 4449 628 4513 λάξαι
667 4447 1087 4517 καταγνώσεως.
1131 4450 1189 4501 '0
1216 4449 1323 4521 γὰρ
1349 4450 1558 4520 μάρτυς
1586 4449 1812 4518 ἐγγύθεν
1838 4449 2048 4520 ὁρώμε-

471 4549 560 4594 νος
586 4531 680 4584 καὶ
706 4532 932 4602 πλησίον
967 4531 1044 4585 ῶν
1082 4532 1176 4584 καὶ
1226 4531 1593 4603 παρεστηκὼς
1639 4532 1774 4602 αὐτῇ
1815 4534 1881 4601 τῇ
1917 4549 2047 4602 τρα-

471 4614 632 4688 πέζῃ,
660 4615 760 4668 οὐκ
789 4615 984 4685 ἀφίησι
1020 4613 1118 4684 τὴν
1153 4614 1345 4684 ἡδονὴν
1385 4616 1465 4678 εἰς
1497 4615 1767 4684 ἁμαρτίαν
1809 4615 2044 4685 ἐκχυθῆ-

471 4715 578 4763 ναι,
614 4697 728 4751 ἀλλ’
758 4697 946 4766 ὥσπερ
993 4715 1077 4759 τις
1124 4695 1483 4765 παιδαγωγὸς,
1535 4695 1782 4768 ἢπατὴρ
1826 4697 2046 4766 ἀριστος

470 4784 579 4844 τοῖς
607 4783 703 4852 τῆς
729 4782 965 4842 πίστεως
985 4780 1258 4852 ὁρώμενος
1281 4779 1574 4850 ὀφθαλμοῖς
1592 4779 1939 4832 καταστέλλει
1954 4781 2043 4833 τὸν

470 4865 702 4934 γέλωτα,
737 4865 1054 4935 περικόπτει
1080 4863 1178 4925 τὰς
1195 4864 1384 4933 ήδονάς
1399 4862 1496 4926 τὰς
1522 4863 1775 4926 ἀτόπους,
1803 4864 1870 4916 τά
1895 4881 2044 4934 σκιρ-

469 4950 688 5019 τήματα
717 4948 816 5016 τῆς
847 4947 1048 5018 σαρκὸς
1081 4944 1294 5000 ἅπαντα
1327 4947 1556 5018 ἀναιρεῖ,
1608 4946 1750 5016 ἄπερ
1799 4947 1913 4998 ἐκεῖ
1943 4949 2043 4999 οὐκ

470 5032 585 5083 ἐστι
618 5031 918 5099 διαφυγεῖν.
954 5029 1109 5091 Τίνος
1141 5029 1324 5081 ἕνεκεν
1347 5046 1361 5095 ;
1385 5030 1508 5081 Ὅτι
1534 5030 1686 5100 χοροὶ
1714 5027 1920 5100 ἀνδρῶν
1944 5030 2041 5082 αὐι

473 5129 584 5184 ριον
612 5113 672 5165 τὸ
705 5111 1023 5183 προάστειον
1049 5110 1582 5181 καταλαμϐάνουσιν·
1628 5113 1660 5180 ή
1702 5111 1758 5162 δέ
1793 5111 1899 5163 τῶν
1931 5130 2041 5165 τοι-

467 5196 638 5249 ούτων
670 5195 792 5264 ὄψις
830 5195 924 5247 καὶ
968 5193 1058 5247 τὸν
1110 5193 1428 5264 βουλόμενον
1485 5197 1783 5264 σωφρονεῖν
1839 5196 2042 5249 ἄκοντα

469 5281 729 5348 ὑπεξάγει
757 5279 1015 5341 πολλάκις
1043 5279 1176 5349 πρὸς
1207 5279 1304 5348 τὴν
1329 5279 1428 5348 τῆς
1454 5279 1623 5348 αὐτῆς
1657 5279 2041 5349 ἀσχημοσύνης

467 5364 617 5437 [679]
651 5366 904 5436 μίμησιν,
919 5365 1010 5416 καὶ
1037 5362 1271 5433 μάλιστα
1296 5363 1421 5415 ὅταν
1443 5364 1534 5415 καὶ
1562 5365 1588 5414 0
1607 5362 1848 5426 διάϐολος
1880 5364 2040 5432 μέσος

468 5449 696 5511 ἐκείνοις
723 5451 873 5519 παρῇ
895 5465 908 5477 ο
945 5447 1040 5500 καὶ
1069 5447 1176 5517 γάρ
1212 5446 1470 5514 πάρεστιν
1495 5445 1598 5498 ὐπὸ
1635 5446 1743 5498 τῶν
1770 5448 2040 5518 πορνικῶν

469 5531 745 5600 ᾀσμάτων,
771 5532 874 5584 ὑπὸ
897 5531 1004 5586 τῶν
1028 5529 1269 5600 αἰσχρῶν
1293 5531 1572 5601 ῥημάτων,
1596 5529 1700 5582 61:0
1729 5530 1824 5599 τῆς
1850 5530 2036 5602 δαιμο-

535 5763 563 5793 λ
583 5762 684 5814 Am
707 5762 970 5823 ἐπεισέλθῃ.

1167 275 1224 328 S.
1281 273 1567 330 JOANNIS
1606 271 2049 329 ειηιγςοδτοδ

2157 269 2452 324 ιιιιηιιιῑιι.
2495 269 3041 326 CONSTANTINOP.

3617 278 3725 333 674

2160 386 2314 454 νικῆς
2351 384 2569 454 πομπῆς
2592 385 2940 455 καλούμενος.
2969 387 3039 444 Σίλ
3069 386 3124 439 δέ
3151 387 3403 454 ἀπετάξω
3433 389 3580 463 πάσῃ
3600 393 3734 444 ταύ-

2159 484 2226 539 τῃ
2251 470 2315 537 τῇ
2340 469 2551 536 πομπῇ,
2583 468 2677 520 καὶ
2709 471 2776 538 τῇ
2809 469 2901 520 τοῦ
2933 471 3168 540 Χριστοῦ
3201 471 3427 541 λατρεία
3459 475 3740 542 συνετάξω

2159 553 2300 606 κατὰ
2342 551 2441 620 τὴν
2482 551 2696 620 ἡμέραν
2734 553 2978 623 ἐκείνην,
3018 553 3139 606 καθ’
3169 554 3236 625 ἢν
3266 555 3377 606 τῶν
3406 555 3566 625 ἰερῶν
3605 574 3742 610 κατ-

2159 633 2395 705 ηξιώθης
2421 633 2752 702 μυστηρίων.
2784 635 3185 706 Ἀναμνήσθητι
3207 637 3386 690 τοίνυν
3408 637 3514 690 τῶν
3551 641 3728 709 ῥημά-

2157 733 2262 768 των
2291 715 2525 767 ἐκείνων
2543 715 2636 768 καὶ
2654 715 2752 786 τῆς
2772 715 3063 788 συνθήκης,
3101 719 3194 772 καὶ
3240 718 3380 788 φύγε
3423 719 3522 790 τὴν
3556 722 3714 792 παρά

2158 798 2335 852 ϐάσιν.

2229 959 2286 1012 ε’.
2311 958 2578 1028 Βούλομαι
2593 958 2649 1012 δέ
2667 957 2761 1011 καὶ
2783 958 2918 1028 πρὸς
2932 959 3058 1021 τοὺς
3077 959 3347 1030 παρόντας
3362 961 3454 1012 καὶ
3478 960 3552 1032 μὴ
3568 961 3737 1014 ἀνιόν-

2158 1059 2256 1105 τας
2283 1041 2644 1111 διαλεχθῆναι,
2681 1041 2776 1094 καὶ
2803 1041 3012 1104 τούτοις
3048 1043 3351 1113 ἐγχειρίσαι
3384 1043 3481 1114 τὴν
3507 1045 3734 1099 ἐκείνων

2160 1125 2455 1195 σωτηρίαν.
2484 1125 2593 1177 Καὶ
2617 1124 2726 1196 γάρ
2754 1125 2934 1195 ἰατρὸς
2965 1125 3101 1195 πρὸς
3130 1126 3222 1178 τὸν
3251 1125 3528 1196 κάμνοντα
3558 1127 3720 1179 εἰσελ-

2159 1207 2267 1260 θὼν
2296 1209 2452 1276 ὀλίγα
2480 1208 2558 1278 τῷ
2584 1209 2819 1278 κειμένῳ
2848 1208 3184 1275 διαλέγεταιο
3216 1208 3286 1261 τά
3322 1209 3378 1262 δέ
3420 1211 3546 1280 περὶ
3586 1227 3727 1280 (pap-

2162 1290 2350 1360 μάκων
2377 1290 2470 1343 καὶ
2501 1290 2684 1342 σιτίων
2713 1291 2806 1342 καὶ
2835 1291 2935 1360 τῆς
2961 1289 3123 1361 ἄλλης
3153 1291 3468 1361 θεραπείας,
3495 1293 3729 1354 καλέσας

2157 1374 2281 1435 τοὺς
2301 1373 2448 1442 αὐτῷ
2472 1374 2869 1443 προσήκοντας,
2892 1373 3119 1436 ἐκείνοις
3142 1374 3355 1426 ἅπαντα
3379 1375 3730 1444 ἐπισκήπτει.

2158 1454 2224 1507 Τί
2282 1455 2514 1525 δήποτε;
2562 1457 2680 1508 Ὀτι
2733 1457 2760 1509 0
2799 1456 2897 1526 μὲν
2933 1457 3155 1526 κάμνων
3184 1457 3243 1509 οὐ
3279 1456 3491 1527 δέχεται
3525 1458 3731 1522 εὐθέως

2157 1538 2255 1606 τήν
2283 1537 2621 1607 παραίνεσιν,
2639 1539 2668 1590 0
2693 1537 2748 1590 δέ
2768 1538 3028 1606 ὑγιαίνων
3046 1539 3181 1609 μετά
3198 1539 3397 1608 πολλῆς
3425 1538 3731 1610 προθυμίας

2158 1620 2412 1691 προσέχει
2438 1623 2550 1683 τοῖς
2569 1620 2880 1691 λεγομένοις
2899 1638 2913 1651 ·
2945 1622 3032 1675 διά
3058 1622 3216 1676 τοῦτο
3241 1625 3378 1694 μετά
3404 1624 3606 1677 τούτων
3635 1625 3728 1676 καὶ

2158 1704 2284 1774 ὑμῖν
2320 1703 2576 1774 βούλομαι
2603 1704 2970 1774 διαλεχθῆναι.
3000 1706 3509 1777 Προκαταλάόωμεν
3539 1705 3731 1776 αὔριον

2156 1787 2255 1850 τάς
2287 1785 2481 1852 πύλας,
2521 1787 2932 1858 ἐφεδρεύσωμεν
2981 1791 3100 1853 ταῖς
3159 1789 3323 1854 ὀδοῖς,
3377 1789 3567 1860 ἄνδρες
3602 1791 3732 1851 τοὺς

2157 1868 2379 1940 ἄνδρας,
2410 1872 2666 1937 γυναῖκες
2710 1869 2807 1932 τὰς
2851 1874 3117 1937 γυναῖκας
3147 1871 3588 1941 κατασπάσωμεν
3620 1873 3731 1925 ἀπὸ

2155 1952 2266 2005 τῶν
2300 1951 2608 2020 ὑποζυγίων
2628 1969 2642 1983 θ
2669 1954 3103 2024 ἐπαναγάγωμεν
3123 1955 3358 2008 ἐνταῦθα
3386 1957 3436 2020 b,
3468 1956 3541 2026 μή
3574 1959 3705 2009 ἐπαι

2159 2037 2474 2108 σχυνθῶμεν
2493 2054 2506 2066 ”
2542 2037 2669 2090 ἔνθα
2693 2039 2935 2110 σωτηρία
2967 2037 3219 2108 ἀδελφοῦ,
3237 2040 3337 2092 οὐκ
3365 2038 3509 2092 ἐστιν
3536 2040 3732 2110 αἰσχύ-

2159 2137 2245 2192 νη.
2273 2120 2335 2173 Εἰ
2362 2123 2562 2174 ἐκεῖνοι
2597 2121 2697 2174 οὐκ
2726 2121 3072 2190 αἰσχύνονται
3109 2123 3244 2193 πρὸς
3281 2124 3378 2193 τὴν
3415 2123 3732 2193 παράνομον

2159 2203 2382 2273 πομπὴν
2421 2203 2682 2266 ἀνιόντες,
2718 2203 2898 2272 πολλῴ
2949 2204 3148 2274 μᾶλλον
3181 2207 3328 2276 ήμᾶς
3379 2204 3732 2275 αἰσχύνεσθαι

2158 2287 2216 2338 οὐ
2239 2287 2343 2356 χρὴ
2371 2286 2504 2357 πρὸς
2542 2286 2640 2358 τὴν
2677 2286 2827 2358 ἱεράν
2851 2287 3055 2357 ταύτην
3087 2289 3392 2359 πανήγυριν
3441 2289 3732 2358 μέλλοντας

2159 2369 2355 2432 αὐτοὺς
2380 2372 2766 2438 ἐπαναγαγεῖν.
2799 2371 2966 2424 Ὅταν
2989 2369 3218 2440 ἀδελφοῦ
3242 2372 3482 2442 σωτηρία
3503 2371 3730 2442 προκέη·

2159 2471 2268 2519 ται,
2308 2454 2472 2524 μηδὲν
2499 2453 2916 2525 παραιτώμεθα.
2949 2455 3014 2507 Εἰ
3046 2454 3154 2524 γάρ
3173 2457 3202 2508 0
3230 2455 3462 2525 Χριστὸς
3492 2455 3734 2508 ἀπέθανε

2157 2536 2224 2590 δι’
2244 2538 2410 2608 ἡμᾶς,
2451 2538 2666 2591 ἅπαντα
2709 2536 3000 2606 ὑπομένειν
3043 2536 3108 2589 δι’
3148 2537 3344 2601 αὐτοὺς
3380 2539 3528 2607 ἡμᾶς
3583 2540 3692 2607 χρὴ
3717 2555 3731 2566 ⁸

2160 2619 2261 2674 κᾶν
2285 2620 2497 2690 πληγὰς
2513 2620 2858 2683 ἐντείνονται,
2887 2621 2990 2674 κᾶν
3014 2621 3448 2692 λοιδορήσωνται,
3467 2621 3734 2689 κάτασχε,

2161 2707 2256 2760 καὶ
2300 2705 2376 2778 μὴ
2407 2706 2675 2777 πρότερον
2705 2707 2967 2776 ἀποστῇς,
2997 2704 3101 2770 ἐως
3135 2705 3200 2759 ἂν
3227 2707 3424 2770 αὐτοὺς
3450 2706 3730 2773 ἐπαναγά-

2161 2805 2265 2860 γῃς
2295 2789 2429 2861 πρὸς
2461 2790 2550 2842 τὸν
2592 2791 2744 2858 ἆγιον
2781 2789 3068 2860 μάρτυρα⁹
3119 2789 3222 2842 κᾶν
3254 2787 3603 2860 δικαστήριον
3634 2790 3736 2862 δέη

2161 2873 2385 2926 καθίσαι
2415 2876 2478 2926 ἐκ
2504 2872 2612 2925 τῶν
2642 2873 2946 2942 παριόντων
2972 2912 2988 2937 ,
3021 2873 3069 2925 οἰ
3112 2871 3420 2944 βουλόμενοι
3453 2875 3734 2927 ἀκουέτω⁸

2160 2971 2288 3006 σανο
2343 2954 2592 3024 ἀδελφὸν,
2645 2955 2800 3021 εἰπὲ,
2857 2953 3120 3028 βούλομαι
3169 2955 3362 3019 σῶσαι,
3413 2955 3525 3026 ὀρῶ
3549 2956 3736 3028 ψυχὴν

2159 3037 2562 3109 ἀπολλυμένην,
2585 3038 2678 3090 καὶ.
2702 3038 2802 3091 οὐκ
2831 3027 3098 3108 ἀνέχομαι
3128 3037 3388 3108 περιιδεῖν
3420 3042 3518 3110 τὴν
3539 3027 3736 3108 συγγέ-

2159 3136 2336 3174 νειαν*
2374 3121 2402 3172 0
2433 3119 2752 3190 βουλόμενος
2810 3119 3127 3187 ἐγκαλείτω,
3179 3123 3208 3173 0
3238 3120 3554 3190 βουλόμενος
3607 3139 3735 3175 κατ-

2157 3202 2464 3274 ηγορείτω·
2521 3201 2722 3272 μᾶλλον
2770 3201 2828 3256 δὲ
2878 3202 3052 3265 οὐδεὶς
3105 3203 3390 3268 ἐγκαλέσει
3418 3243 3433 3268 ,
3470 3204 3605 3257 ἀλλά
3637 3207 3737 3258 καὶ

2158 3285 2360 3348 πάντες
2410 3286 2825 3348 ἐπαινέσονται,
2875 3283 3076 3348 πάντες
3110 3287 3466 3341 ἀσπάσονται.
3503 3289 3578 3340 Οὐ
3620 3289 3734 3357 γάρ

2160 3368 2301 3438 ὑπὲρ
2337 3367 2669 3438 χρημάτων,
2719 3369 2839 3421 οὐδέ
2881 3368 2949 3422 δι’
2987 3369 3196 3422 οἰκείαν
3243 3370 3535 3440 ἀπέχθειαν
3584 3372 3736 3440 ἀμυ-

2158 3451 2414 3521 νόμενος,
2475 3450 2595 3503 οὐδέ
2649 3451 2788 3522 ὑπὲρ
2855 3450 3015 3505 ἄλλου
3072 3452 3216 3516 τινὸς
3291 3453 3399 3506 τῶν
3462 3452 3732 3522 βιωτικῶν

2159 3534 2445 3604 φιλονεικῶ
2501 3535 2595 3586 καὶ
2643 3535 2921 3605 μάχομαι,
2981 3535 3095 3588 ἀλλ’
3152 3536 3292 3606 ὑπὲρ
3334 3535 3559 3604 ἀδελφοῦ
3617 3553 3732 3589 σω-

2157 3619 2381 3689 τηρίας·
2421 3617 2592 3671 ταῦτα
2643 3615 2742 3681 τί(
2783 3619 2884 3672 οὐκ
2933 3619 3286 3684 ἀποδέξεται;
3345 3620 3428 3682 τίς
3485 3619 3546 3671 οὐ
3599 3619 3737 3672 θαυ-

2161 3701 2432 3773 μάτεται;
2475 3700 2642 3758 Οὐδὲν
2672 3703 2822 3772 ἡμᾶς
2871 3702 3246 3772 προσήκοντας
3299 3701 3546 3772 ἀλλήλοις
3590 3703 3736 3755 κατά

2157 3788 2474 3856 συγγένειαν
2493 3789 2762 3859 σαρκικήν
2784 3788 2816 3856 ή
2835 3787 3177 3858 πνευματικὴ
3198 3786 3481 3855 συγγένεια
3508 3786 3735 3856 πατρῶν

2157 3870 2669 3941 φιλοστοργοτέρους
2725 3869 3000 3939 ἐποίησεν.
3066 3869 3129 3922 Εἰ
3191 3869 3467 3939 βούλεσθε,
3507 3869 3736 3922 καὶτὸν

2159 3953 2409 4024 μάρτυρα
2463 3952 2717 4022 λάϐωμεν
2761 3953 2877 4022 μεθ’
2918 3951 3153 4006 ἐαυτῶψ
3191 3952 3289 4005 οὐκ
3339 3950 3736 4022 ἐπαισχύνεται

2155 4037 2262 4108 γάρ
2302 4037 2476 4089 ἐλθεῖν
2505 4037 2599 4089 καὶ
2621 4036 2789 4089 σῶσαι
2820 4039 2945 4100 τοὺς
2989 4036 3270 4104 ἀδελφούς.
3315 4036 3737 4106 Ἐπιστήσωμεν

2154 4121 2336 4183 αὐτοῖς
2358 4119 2580 4173 ἐκείνων
2611 4118 2930 4189 ὀφθαλμοῖς,
2973 4119 3248 4190 φοϐηθῶσι
3291 4119 3554 4189 παρόντα,
3588 4118 3738 4171 αἰδε-

2155 4203 2324 4256 σθῶσι
2353 4201 2775 4273 παρακαλοῦντα
2818 4204 2914 4255 καὶ⁸
2941 4203 3212 4272 δεόμενον
3242 4201 3305 4254 οὐ
3333 4200 3444 4272 γάρ
3486 4199 3741 4270 αἰσχύνεο

2151 4305 2240 4340 ται
2267 4287 2359 4340 καί⁸
2391 4287 2787 4358 παρακαλέσαι.
2816 4285 2879 4339 Εἰ
2917 4287 3027 4358 γάρ
3057 4289 3086 4340 0
3114 4288 3394 4356 Δεσπότης
3425 4284 3590 4338 αὐτοῦ
3625 4302 3740 4338 πα-

2155 4372 2384 4445 ρακαλεῖ
2416 4373 2514 4441 τὴν
2545 4371 2819 4442 ἡμετέραν
2852 4370 3033 4439 φύσιν·
3070 4369 3248 4438 ’Υπὲρ
3284 4369 3543 4436 Χριστοῦ
3584 4385 3739 4436 πρε-

2151 4456 2465 4523 σϐεύομεν,
2499 4455 2665 4523 φησὶν
2689 4455 2718 4506 0
2751 4453 2980 4519 Παῦλος,
3012 4453 3093 4518 ὠς
3132 4452 3240 4505 τοῦ
3282 4451 3428 4506 Θεοῦ
3460 4467 3742 4520 παρακαο

2150 4541 2412 4606 λοῦντος
2443 4539 2518 4592 δι’
2547 4537 2736 4606 ἡμῶν,
2757 4535 3184 4606 Καταλλάγητε
3209 4533 3288 4600 τῷ
3314 4533 3434 4598 Θεῷ
3470 4545 3517 4573 ε’
3549 4535 3738 4605 πολλῷ

2155 4624 2353 4694 μᾶλλον
2384 4625 2412 4676 0
2437 4621 2622 4683 δοῦλος
2645 4620 2803 4672 τοῦτο
2829 4621 3063 4689 ποιήσει’
3084 4617 3145 4672 ἐν
3169 4618 3330 4671 αὐτὸν
3359 4617 3520 4670 λυπεῖ
3544 4617 3735 4686 μόνον,

2151 4711 2184 4778 ή
2213 4706 2460 4761 ἀπώλεια
2505 4707 2538 4776 ή
2589 4703 2852 4775 ἡμετέρα·
2906 4703 2964 4756 ἒν
3015 4703 3320 4773 εὐφραίνει,
3351 4704 3385 4771 ή
3418 4701 3663 4772 σωτηρία
3698 4704 3736 4771 ἡ

2149 4791 2413 4864 ἡμετέρα,
2434 4790 2528 4842 καὶ
2559 4789 2648 4842 διὰ
2681 4787 2840 4840 τοῦτο
2872 4789 2932 4839 οὐ
2980 4787 3374 4858 παραιτήσεται
3406 4785 3558 4837 οὐδὲν
3588 4784 3740 4854 ὑπὲρ

2150 4877 2319 4946 αὐτῆς
2357 4873 2603 4942 ποιῆσαι.
2639 4871 2730 4940 Μὴ
2775 4870 2955 4922 τοίνυν
2990 4869 3125 4939 μηδέ
3157 4870 3317 4939 ἡμεῖς
3351 4865 3737 4937 ἐπαισχυνθῶο

2153 4978 2273 5031 μεν,
2316 4957 2450 5028 μηδέ
2484 4954 2738 5024 περιττὸν
2773 4950 2913 5004 εἶναι
2943 4952 3272 5021 νομίσωμεν.
3292 4952 3352 5003 Εἰ
3379 4950 3488 5020 γάρ
3518 4949 3742 5018 ἄνθρω-

2151 5061 2242 5096 ποι
2274 5043 2339 5112 θη
2353 5040 2510 5111 ραταί
2539 5039 2819 5106 κρημνοὺς
2856 5035 2950 5088 καὶ
2978 5035 3076 5105 δρη
3095 5034 3190 5088 καὶ
3216 5033 3464 5103 βάραθρα
3493 5034 3590 5085 κει)⁵
3616 5034 3740 5086 πᾶν

2149 5125 2344 5179 ἄϐατον
2375 5123 2709 5194 ἀπέρχονται
2734 5119 2952 5189 χωρίον,
2983 5117 3096 5170 εἴτε
3125 5116 3356 5184 λαγωὸν,
3375 5115 3526 5186 {680]
3558 5117 3591 5184 ἢ
3614 5115 3744 5186 δορ-

2149 5211 2308 5272 κάδα,
2342 5208 2374 5278 ἢ
2407 5207 2533 5260 ἄλλο
2562 5223 2614 5258 τι
2643 5203 2749 5257 τῶν
2767 5201 3045 5263 τοιούτων,
3074 5201 3106 5270 ἢ
3145 5202 3239 5253 καὶ
3275 5199 3494 5270 ὄρνιθας
3525 5199 3743 5252 πολλά-

2149 5311 2235 5355 κις
2268 5289 2581 5352 ταύταςτὰς
2607 5287 2808 5358 ἀγρίας
2843 5283 3108 5354 θηρεῦσαι
3141 5284 3476 5352 βουλόμενοι·
3510 5283 3577 5335 σὺ
3605 5281 3743 5350 μέλ·

2147 5379 2253 5431 λων
2283 5377 2383 5428 οὐκ
2412 5374 2606 5440 ἄλογον
2636 5370 2872 5432 εὐτελὲς,
2916 5367 3030 5420 ἀλλ’
3061 5365 3292 5436 ἀδελφὸν
3330 5366 3742 5434 πνευματικὸν,

2145 5464 2212 5516 δι’
2247 5463 2306 5514 ὃν
2331 5464 2359 5513 0
2394 5459 2622 5531 Χριστὸς
2640 5455 2933 5515 ἀπέθανεν,
2966 5453 3334 5518 ἐπαναγαγεῖν
3350 5449 3407 5516 ἐξ
3425 5449 3742 5511 ἀπωλείας,

2148 5547 2240 5598 καὶ
2271 5546 2371 5598 οὐκ
2407 5543 2508 5614 ὅρη
2545 5542 2638 5594 καὶ
2695 5539 2894 5601 νάπας,
2933 5536 3069 5590 ἀλλά
3116 5535 3214 5605 τὴν
3263 5533 3440 5604 πύλην
3467 5531 3747 5598 ἐξελθεῖν,

2211 5698 2238 5732 ιο
2259 5696 2341 5742 Sic.
2361 5693 2508 5741 Savil.
2534 5697 2586 5738 et
2607 5690 2704 5738 duo
2732 5701 2842 5736 mss.
2869 5685 3032 5749 Regii.
3062 5686 3114 5734 1η
3141 5681 3543 5749 Μοτειχὶνταῦθα
3562 5683 3748 5731 deest.

2213 5758 2236 5789 '
2263 5757 2410 5807 Savil.
2436 5761 2490 5804 ει
2510 5765 2636 5804 unus
2656 5765 2744 5802 ms.
2773 5746 3121 5811 καταλλαγῆναι
3139 5749 3209 5812 τῷ
3233 5746 3360 5810 Θεῷ.
