4080 6198
345 277 412 331 73
1477 267 1542 324 IN
1581 267 1640 326 S.
1669 266 2008 328 JULIANUM
2047 270 2454 330 MARTYREM.

299 383 397 435 sed
425 393 710 449 corporum
733 379 1088 434 mutilatorum
1119 379 1342 445 sanatio,
1362 390 1416 435 et
1443 392 1777 450 peccatorum
1797 399 1882 436 re-

307 468 747 533 missio,abolitio
767 469 898 533 vitii,
917 470 1218 523 morborum
1241 471 1430 524 anima:
1454 473 1684 536 curatio,
1715 473 1884 526 oratio

300 564 572 626 continua,
589 563 782 617 ﬁducia
800 563 939 632 apud
962 564 1147 628 Deum,
1169 565 1461 633 spiritualia
1477 575 1686 631 cuncta,
1706 566 1892 620 bonis-

299 673 407 726 que
435 656 736 710 caelestibus
763 655 1134 710 redundantia.
1156 656 1220 710 Hi
1241 656 1440 710 fructus
1466 672 1679 726 semper
1699 656 1884 711 decer-

306 749 405 818 pti,
433 763 650 817 semper
671 747 950 817 pullulant,
973 763 1069 802 nec
1087 762 1332 816 umquam
1353 762 1480 802 suos
1500 749 1733 802 cultores
1749 746 1880 801 deﬁ-

299 841 468 896 ciunt.
497 841 671 910 Atque
694 840 916 894 arbores
943 839 1180 908 quidem,
1203 855 1322 909 qua:
1344 849 1631 894 nascuntur
1646 840 1697 893 in
1719 848 1878 906 terra,

298 931 468 986 semel
487 932 538 984 in
552 945 694 985 anno
711 931 938 984 fructum
959 929 1154 996 ferunt;
1169 930 1308 1000 quod
1330 931 1372 984 si
1401 947 1504 984 non
1527 930 1880 998 decerpseris,

300 1025 625 1079 adventante
671 1023 877 1094 hyemis
928 1032 1170 1092 tempore
1216 1034 1465 1092 corrupto
1507 1037 1569 1076 ac
1615 1021 1884 1077 dilabente

301 1115 478 1168 fructu
505 1114 778 1183 proprium
801 1111 1052 1168 decorem
1082 1113 1332 1166 amittunt
1363 1130 1374 1164 :
1407 1112 1492 1166 lue
1512 1126 1638 1165 vero
1676 1110 1883 1181 hyemis

301 1203 496 1257 nesciae
525 1210 649 1256 sunt
675 1210 730 1256 et
757 1201 958 1255 aestatis
978 1240 992 1265 ,
1024 1215 1128 1254 non
1157 1210 1452 1270 temporum
1483 1200 1759 1268 subjacent
1787 1214 1882 1253 ne-

300 1293 556 1356 cessitati,
585 1307 688 1346 nec
715 1293 826 1345 suis
872 1291 1128 1346 fructibus
1176 1291 1388 1344 nudatae
1429 1300 1653 1359 possunt
1679 1289 1876 1355 videri,

300 1383 394 1438 sed
439 1382 686 1438 eumdem
734 1390 990 1450 perpetuo
1031 1379 1280 1435 decorem
1321 1380 1592 1445 obtinent;
1635 1395 1737 1434 non
1791 1395 1883 1434 eas

303 1491 553 1544 umquam
584 1474 858 1542 corruptio
883 1474 966 1527 vel
993 1473 1214 1527 mutatio
1245 1482 1618 1543 tempestatum
1651 1474 1880 1542 attingit.

299 1567 470 1633 Quam
517 1567 670 1620 multi
711 1565 972 1634 siquidem
994 1606 1007 1627 .
1045 1580 1110 1620 ex
1131 1581 1236 1633 quo
1254 1565 1544 1633 plantatum
1575 1574 1657 1619 est
1690 1580 1882 1634 corpus

302 1657 444 1712 istud
479 1657 532 1710 in
584 1666 755 1718 terra,
779 1664 1060 1710 sexcentas
1096 1655 1404 1708 sanationes
1449 1670 1513 1709 ex
1557 1657 1658 1708 hoc
1699 1662 1884 1708 sancto

301 1747 479 1802 loculo
505 1746 885 1815 decerpserunt
904 1786 920 1812 ,
950 1760 1049 1800 nec
1071 1744 1271 1799 fructus
1291 1744 1517 1809 defecit;
1546 1751 1885 1798 messuerunt

301 1849 564 1908 segetem,
584 1854 686 1892 nec
706 1847 1037 1906 consumptae
1053 1847 1176 1890 sunt
1201 1837 1381 1906 spicas;
1398 1852 1427 1890 e
1443 1835 1674 1889 fontibus
1703 1835 1886 1890 hause-

303 1941 448 1998 runt,
473 1947 571 1986 nec
591 1929 843 1986 exinaniti
873 1937 998 1982 sunt
1027 1928 1231 1992 latices,
1253 1927 1345 1981 sed
1368 1927 1619 1997 perennis
1639 1936 1720 1980 est
1736 1941 1883 1995 qua:-

302 2024 428 2078 dam
475 2023 776 2092 scaturigo,
826 2034 1116 2090 numquam
1165 2018 1448 2084 deﬁciens,
1481 2017 1576 2071 sed
1619 2031 1712 2082 eo,
1744 2014 1884 2085 quod

305 2114 553 2168 haustum
584 2121 694 2178 est,
740 2111 1006 2181 copiosius
1052 2124 1264 2178 semper
1301 2107 1614 2162 miraculum
1665 2119 1887 2160 manans

303 2205 550 2260 effundit.
579 2203 762 2273 Neque
788 2218 916 2260 vero
959 2211 1166 2256 tantum
1212 2200 1468 2255 miracula
1489 2207 1760 2269 operatur,
1793 2197 1885 2252 sed

306 2297 672 2366 philosophari
715 2296 873 2350 etiam
925 2295 1135 2349 suadet.
1168 2293 1294 2348 Sive
1322 2292 1465 2348 enim
1518 2291 1667 2345 dives
1712 2291 1787 2345 sis
1825 2305 1888 2345 ac

306 2387 590 2456 superbius
636 2395 692 2440 et
733 2386 874 2440 elato
921 2385 995 2439 sis
1039 2385 1256 2450 animo,
1281 2399 1401 2439 cum
1449 2382 1552 2437 huc
1577 2383 1786 2436 veneris
1827 2395 1890 2436 ac

305 2486 596 2546 martyrem
623 2475 845 2529 intuitus
873 2474 1039 2528 fueris
1064 2516 1079 2540 ,
1109 2482 1470 2543 quantumque
1495 2473 1565 2527 sit
1594 2473 1730 2526 inter
1750 2471 1886 2528 divi-

306 2568 405 2620 tias
446 2577 563 2620 tuas
587 2577 640 2621 et
667 2565 823 2634 hujus
844 2565 1173 2634 opulentiam
1217 2563 1506 2618 discrimen
1529 2604 1543 2629 ,
1575 2571 1748 2617 tecum
1777 2562 1890 2631 ipse

304 2659 644 2728 reputaveris
674 2674 687 2710 :
716 2656 884 2712 elatos
924 2656 1131 2710 animos
1174 2656 1350 2709 subito
1395 2653 1691 2723 deprimes,
1717 2663 1769 2707 et
1798 2653 1892 2707 de-

307 2752 484 2822 posito
523 2750 658 2805 fastu
703 2765 767 2804 ac
793 2759 1036 2814 tumore,
1066 2748 1232 2801 multa
1274 2762 1396 2802 cum
1437 2746 1629 2799 anima:
1667 2744 1892 2799 sanitate

305 2843 573 2908 diseedes;
605 2841 717 2896 sive
741 2856 936 2910 pauper
969 2854 1032 2894 ac
1050 2839 1334 2908 despectus
1361 2837 1456 2891 tibi
1481 2851 1600 2892 esse
1624 2835 1852 2891 videaris
1869 2875 1886 2901 ,

305 2951 430 2990 cum
458 2936 561 2989 huc
587 2935 793 2989 veneris
816 2943 870 2988 et
893 2932 1102 2987 divitias
1133 2931 1380 3002 martyris
1399 2929 1616 2993 videris,
1641 2939 1890 2983 contem-

310 3027 416 3094 ptis
449 3037 506 3080 et
549 3024 717 3078 irrisis
752 3023 1084 3078 saicularium
1127 3022 1356 3085 divitiis,
1389 3021 1553 3074 multa
1599 3019 1890 3072 instructus

308 3115 648 3185 philosophia
697 3114 950 3178 recedes,
992 3114 1094 3168 etsi
1118 3112 1456 3167 contumelia:
1479 3152 1494 3174 .
1539 3111 1637 3166 etsi
1667 3110 1888 3175 damna,

307 3208 412 3262 etsi
445 3208 669 3262 verbera
709 3205 1034 3276 inﬂigantur;
1068 3221 1188 3260 cum
1220 3215 1272 3259 te
1319 3203 1552 3258 nondum
1582 3211 1726 3256 tanta
1769 3216 1892 3271 pas-

307 3313 428 3350 sum
456 3312 578 3352 esse
599 3339 613 3361 ,
642 3305 838 3367 quanta
866 3307 1082 3352 sanctus
1121 3296 1206 3350 hic
1233 3305 1435 3366 martyr
1477 3292 1720 3363 pertulit,
1742 3291 1891 3347 vide-

310 3390 386 3444 ris
409 3431 426 3455 ,
459 3404 704 3459 magnam
756 3387 881 3443 hinc
917 3388 1098 3458 capies
1136 3386 1576 3442 consolationem.
1607 3383 1770 3439 Vides
1796 3398 1891 3438 cu-

305 3479 543 3549 jnsmodi
587 3479 826 3534 radicum
867 3480 1086 3534 istarum
1132 3479 1240 3533 sint
1292 3477 1536 3532 fructus?
1575 3487 1632 3532 ut
1653 3477 1892 3532 consumi

312 3569 624 3641 nequeant?
651 3579 708 3624 ut
732 3571 1037 3641 spirituales
1081 3570 1225 3625 sint?
1253 3579 1309 3624 ut
1342 3569 1409 3624 ad
1449 3570 1680 3623 animam
1726 3569 1893 3637 ipsam

314 3661 655 3730 pertingant?
678 3660 793 3714 Non
819 3661 1074 3730 prohibeo
1095 3702 1110 3726 ,
1147 3677 1213 3715 ne
1239 3661 1358 3730 quis
1387 3661 1438 3714 in
1467 3660 1780 3715 subnrbium
1811 3660 1897 3713 ab~

313 3761 420 3816 eat,
445 3751 630 3805 sedne
655 3751 892 3805 crastino
921 3751 1028 3816 die,
1063 3749 1322 3820 prohibeo
1356 3767 1369 3802 :
1395 3765 1553 3819 quam
1588 3749 1796 3802 tandem
1827 3749 1896 3802 ob

314 3839 678 3896 causamiNe
725 3840 1056 3894 damnationi
1105 3841 1174 3894 sit
1225 3840 1454 3894 obnoxia
1501 3839 1814 3901 delectatio;
1842 3849 1898 3892 ut

314 3932 560 4000 voluptas
588 3933 658 3986 sit
678 3947 829 4001 pura,
865 3931 1136 3985 damnatio
1165 3945 1293 3984 vero
1321 3945 1423 3984 non
1452 3929 1722 3998 subrepat.
1751 3928 1898 3984 Licet

315 4024 458 4077 enim
487 4023 594 4077 alio
621 4023 709 4078 die
731 4032 786 4078 et
815 4024 1067 4093 voluptati
1088 4023 1364 4094 indulgere
1385 4031 1442 4077 et
1465 4022 1624 4078 eximi
1655 4033 1894 4092 peccato.

315 4114 467 4180 Quod
500 4115 545 4168 si
569 4131 709 4169 nunc
746 4117 904 4170 etiam
938 4116 1139 4184 placeat
1165 4116 1432 4182 voluptate
1462 4115 1738 4185 perfundi,
1771 4115 1896 4185 quid

312 4205 601 4274 jucundius
643 4205 743 4260 hoc
763 4207 1065 4261 conventu?
1091 4206 1214 4276 quid
1244 4207 1452 4261 theatro
1493 4205 1752 4276 Spirituali
1781 4222 1903 4276 gra-

321 4297 424 4350 tius
450 4337 464 4359 ,
496 4297 752 4350 membris
783 4297 886 4351 tuis
906 4338 921 4361 ,
956 4306 1166 4351 tuorum
1209 4297 1431 4351 fratrum
1477 4299 1806 4366 congressu?
1834 4299 1902 4352 At

315 4388 477 4440 etiam
499 4388 795 4456 corporalis
821 4403 1018 4442 mensa:
1041 4388 1120 4442 vis
1156 4386 1267 4443 ﬁeri
1294 4388 1592 4458 particeps?
1614 4387 1701 4443 hic
1727 4388 1903 4443 soluto

314 4490 585 4535 conventu
616 4481 737 4536 licet
761 4482 911 4550 juxta
962 4481 1274 4551 martyrium
1298 4482 1378 4551 (a)
1421 4483 1520 4537 sub
1550 4482 1651 4536 ﬁcu
1672 4482 1756 4537 vel
1794 4483 1902 4536 vite

316 4573 610 4626 diversanti
631 4613 647 4637 ,
680 4573 838 4626 etiam
865 4572 1074 4640 corpori
1108 4571 1488 4626 rccreationcm
1516 4572 1820 4642 indulgere,
1850 4581 1905 4626 et

317 4665 766 4719 eondemnatione
786 4664 1166 4719 conscientiam
1202 4665 1448 4718 liberare.
1480 4664 1680 4736 Martyr
1707 4665 1852 4719 enim
1874 4681 1905 4720 e

315 4757 619 4827 proliinquo
655 4767 925 4826 spectatus
955 4797 970 4820 ,
1016 4768 1070 4810 et
1107 4772 1228 4811 cum
1281 4765 1350 4810 su
1397 4757 1638 4821 vicinus,
1693 4757 1904 4826 ipsique

318 4863 525 4902 mensa:
554 4849 759 4913 adstet,
790 4849 1114 4918 voluptatem
1163 4849 1214 4902 in
1247 4859 1521 4918 peccatum
1553 4849 1752 4904 effundi
1798 4866 1902 4904 non

312 4940 466 5005 sinit;
485 4940 580 4994 sed
612 4949 878 5008 tamquam
901 4941 1216 5010 pzedagogus
1242 4953 1334 4994 aut
1361 4951 1509 5009 pater
1528 4942 1759 5010 optimus
1781 4958 1906 4997 ocu-

315 5030 389 5085 lis
431 5031 554 5085 ﬁdei
584 5045 906 5101 conspectus
935 5034 1100 5086 risum
1141 5034 1476 5102 comprimit,
1507 5034 1782 5090 indecoras
1808 5050 1905 5088 vo-

319 5121 555 5191 luptates
585 5123 948 5188 circumcidit,
979 5124 1204 5178 lascivos
1248 5139 1435 5178 omnes
1478 5124 1712 5180 insultus
1731 5126 1908 5180 carnis

318 5214 486 5280 tollit,
518 5231 652 5282 quos
681 5215 787 5268 illic
815 5230 918 5268 non
948 5215 1072 5270 licet
1101 5214 1348 5270 evadere.
1374 5215 1510 5281 Quid
1535 5217 1601 5270 ita
1624 5216 1648 5269 ?
1671 5216 1804 5284 Quia
1830 5217 1910 5270 tti-

319 5311 520 5363 ntirum
547 5309 850 5363 saltantium
881 5309 1114 5363 virorum
1140 5308 1289 5364 chori
1336 5309 1421 5363 die
1447 5309 1683 5364 crastino
1718 5310 1909 5364 subur-

320 5400 472 5453 bium
499 5399 836 5468 occupabunt
864 5419 877 5453 :
902 5408 957 5454 at
981 5399 1242 5470 ejusmodi
1288 5400 1564 5454 hominum
1592 5409 1909 5468 consliectus

317 5504 697 5559 saepenumero
728 5493 876 5546 illum
906 5492 1098 5558 etiam,
1129 5493 1218 5561 qui
1244 5501 1607 5562 temperanter
1635 5507 1824 5561 gerere
1851 5507 1910 5546 se

392 5617 462 5678 (κ)
495 5623 768 5684 Iartyrium
791 5623 897 5672 sive
917 5623 1122 5674 ecclesia
1144 5630 1214 5674 ss.
1239 5629 1510 5686 Martyrum,
1536 5634 1631 5686 qua
1649 5621 1712 5674 de
1735 5635 1789 5673 re
1815 5637 1910 5674 non

312 5687 484 5732 sentiet
507 5687 735 5748 superius
749 5693 907 5736 actum
932 5697 1025 5736 est.

3458 291 3561 347 67b

1997 383 2243 450 voluerit,
2273 388 2470 441 sensim
2495 386 2560 441 ad
2591 387 2831 458 ejusdem
2858 391 3196 462 turpitudinis
3219 396 3566 456 imitationem

1995 477 2247 544 impellit;
2279 490 2341 530 ac
2376 488 2485 531 tum
2508 480 2735 534 maxime
2763 495 2884 534 cum
2917 481 2971 536 in
2999 483 3176 538 medio
3201 486 3413 540 illorum
3450 487 3568 542 dia-

1993 566 2141 620 bolus
2171 566 2398 621 adfuerit
2430 586 2443 622 :
2472 569 2623 623 adest
2655 571 2795 624 enim
2846 586 2876 624 a
2904 574 3218 630 meretriciis
3243 577 3526 633 cantilenis
3554 621 3570 645 ,

1990 663 2020 701 a
2047 650 2219 704 verbis
2245 650 2510 706 obscmnis
2534 694 2548 716 ,
2579 668 2608 706 a
2634 653 2896 710 diabolica
2927 671 3118 726 pompa
3145 667 3383 714 vocatus.
3408 664 3477 715 At
3519 669 3575 718 tu

1993 737 2290 807 hnjusmodi
2319 756 2526 811 pompae
2572 745 2814 799 nuntium
2846 747 3133 815 remisisti,
3169 759 3324 820 teque
3373 752 3572 807 Christi

1989 829 2152 881 cultui
2185 831 2494 900 mancipasti
2516 832 2603 886 die
2626 833 2736 899 illo,
2762 850 2867 904 quo
2896 838 3061 892 sacris
3088 841 3356 909 mysteriis
3378 841 3574 912 dignus

1990 915 2204 972 habitus
2238 934 2314 974 es.
2362 919 2669 977 Recordare
2715 924 2892 994 itaque
2936 928 3218 983 verborum
3249 931 3464 986 illorum
3521 942 3577 986 et

1992 1008 2128 1075 pacti
2157 1011 2423 1074 conventi,
2458 1021 2511 1064 et
2533 1028 2599 1066 ne
2627 1013 2752 1068 illttd
2771 1015 2939 1069 violes
2965 1031 3112 1071 cave.

2061 1097 2114 1151 5.
2146 1096 2392 1152 Fratrum
2416 1110 2700 1156 nostrorum
2717 1107 2942 1158 curanda
2966 1107 3124 1162 salus.
3145 1139 3213 1151 -—
3228 1110 3375 1166 Libet
3391 1121 3573 1168 autem

1989 1197 2043 1242 et
2069 1188 2135 1242 ad
2161 1204 2274 1256 eos,
2321 1191 2411 1260 qui
2453 1191 2647 1246 adsunt
2690 1210 2791 1250 nec
2839 1197 2960 1250 illuc
3000 1199 3266 1267 abierunt,
3299 1203 3460 1257 verba
3491 1203 3574 1257 fa-

1988 1293 2131 1343 cere,
2157 1291 2315 1349 atque
2339 1281 2425 1336 his
2470 1283 2696 1338 salutem
2730 1286 2935 1340 illorum
2963 1291 3338 1345 commendare
3363 1310 3377 1353 ;
3405 1295 3573 1363 siqut-

1989 1369 2108 1423 da-m
2127 1371 2364 1426 medicus
2379 1373 2445 1426 ad
2462 1384 2716 1443 aegrotum
2739 1377 3028 1445 ingressus,
3045 1395 3213 1448 pauca
3225 1398 3350 1455 cum
3365 1381 3576 1452 jacente

1989 1460 2346 1530 colloquitur;
2377 1479 2496 1532 qua:
2539 1480 2667 1520 Vero
2707 1468 2976 1535 pertinent
3015 1470 3084 1525 ad
3115 1472 3496 1529 medicamenta
3520 1485 3576 1530 et

1988 1553 2243 1609 alimenta
2285 1556 2650 1627 reliquamque
2675 1562 3027 1628 curationem,
3059 1566 3261 1619 vocatis
3305 1567 3421 1634 ejus
3444 1582 3572 1636 pro-

1988 1644 2219 1731 pinquis,
2252 1647 2431 1701 omnia
2482 1649 2589 1703 illis
2634 1651 2878 1721 injungit.
2912 1651 3020 1707 Cur
3061 1653 3114 1708 id
3160 1656 3414 1712 tandem?
3441 1659 3572 1726 Quia

1989 1736 2238 1789 nimirum
2282 1752 2424 1808 aeger
2465 1739 2676 1809 quidem
2725 1756 2831 1796 non
2879 1744 3120 1812 protinus
3161 1747 3574 1804 admonitionem

1989 1825 2256 1891 admittit;
2288 1842 2448 1882 sanus
2478 1838 2654 1884 autem
2686 1846 2872 1901 magna
2903 1847 3022 1888 cum
3054 1835 3324 1906 diligentia
3363 1838 3429 1893 iis
3456 1855 3576 1908 qua:

1991 1915 2238 1969 dicuntur
2252 1917 2502 1972 attendit:
2523 1919 2719 1974 idcirco
2741 1931 2795 1976 et
2815 1937 2934 1977 cum
2953 1922 3069 1978 istis
3081 1925 3232 1980 vobis
3243 1929 3400 1981 etiam
3417 1929 3578 1983 collo-

1991 2009 2078 2077 qui
2094 2009 2274 2063 statui.
2300 2010 2742 2081 Prmoccupemus
2756 2015 2990 2070 crastino
3001 2015 3087 2071 die
3108 2028 3308 2086 portas,
3331 2019 3576 2075 obsidea-

1993 2114 2112 2154 mus
2132 2101 2263 2165 vias,
2289 2102 2388 2155 viri
2416 2102 2581 2171 viros,
2614 2103 2824 2159 feminae
2867 2104 3092 2162 feminas
3118 2108 3184 2163 dc
3203 2109 3458 2179 jnmentis
3482 2111 3580 2168 de-

1999 2189 2307 2258 trahamus;
2337 2194 2654 2252 reducamus
2683 2196 2806 2260 huc,
2838 2213 3009 2269 neque
3043 2201 3418 2258 erubescamus
3446 2223 3458 2258 :
3493 2204 3578 2258 ubi

1994 2281 2138 2336 salus
2168 2292 2248 2338 est
2278 2283 2476 2352 fratris,
2510 2286 2682 2355 pudor
2711 2303 2816 2343 non
2843 2297 2944 2344 est.
2978 2289 3032 2344 Si
3059 2291 3176 2346 illos
3202 2308 3306 2348 non
3331 2295 3493 2363 pudet
3515 2296 3578 2350 ad

1996 2373 2230 2444 iniquam
2261 2376 2406 2430 illam
2447 2392 2694 2447 pompam
2723 2381 2957 2449 prodire,
2988 2383 3154 2438 multo
3180 2385 3356 2440 minus
3384 2388 3584 2457 pudere

1995 2481 2094 2520 nos
2132 2466 2290 2522 debet
2317 2468 2434 2523 illos
2475 2469 2539 2523 ad
2585 2485 2789 2525 sacram
2830 2473 2983 2528 istam
3010 2475 3398 2534 solemnitatem
3427 2496 3583 2535 revo-

1996 2570 2142 2612 care.
2174 2556 2304 2612 Cum
2330 2559 2398 2614 de
2441 2560 2612 2616 salute
2661 2560 2841 2616 fratris
2882 2565 3072 2634 agitur,
3102 2567 3232 2622 nihil
3260 2585 3583 2626 recusemus.

1995 2646 2217 2714 Quando
2240 2649 2382 2702 enim
2408 2649 2648 2706 Christus
2671 2661 2890 2722 propter
2932 2671 3029 2710 nos
3058 2667 3300 2714 mortuus
3339 2670 3441 2725 est,
3488 2679 3586 2719 nos

1997 2748 2213 2807 propter
2263 2739 2382 2794 illos
2426 2749 2638 2810 oportet
2682 2752 2872 2798 cuneta
2919 2747 3148 2802 tolerare
3188 2749 3358 2804 :iicet
3402 2753 3585 2822 alapas

1999 2827 2309 2898 impingunt,
2339 2829 2463 2884 licet
2506 2832 2797 2888 maledictis
2843 2836 3128 2900 incessunt,
3179 2840 3427 2904 retineto.
3477 2860 3578 2898 nec

1997 2920 2146 2988 prius
2170 2918 2427 2986 desistito,
2463 2937 2618 2992 quam
2641 2923 2709 2978 ad
2735 2937 2975 2981 sanctum
3001 2938 3284 3001 martyrem
3313 2948 3406 2987 eos
3428 2935 3586 2989 redu-

1999 3013 2138 3066 xeris
2163 3030 2177 3077 ;
2206 3013 2330 3068 licet
2354 3015 2417 3069 ad
2445 3019 2874 3085 prmterenntium
2903 3021 3158 3086 judicium
3189 3028 3578 3092 provocandum

1999 3103 2086 3166 sit,
2117 3102 2354 3172 audiant,
2381 3107 2470 3175 qui
2498 3107 2677 3162 volent
2712 3127 2724 3163 :
2756 3110 2860 3174 dic,
2886 3110 3101 3167 Salvum
3130 3113 3308 3170 facere
3336 3117 3457 3171 volo
3483 3117 3588 3173 fra-

1999 3204 2156 3263 trem,
2188 3206 2497 3266 pereuntem
2544 3201 2776 3256 animam
2820 3187 3002 3269 cerno,
3054 3221 3228 3276 neque
3268 3210 3586 3278 cognatione

1994 3285 2209 3355 junctos
2236 3302 2449 3356 possum
2477 3299 2823 3347 contemnere
2853 3311 2866 3346 :
2900 3295 3255 3364 reprehendat
3283 3300 3372 3369 qui
3406 3302 3584 3366 volet,

1999 3389 2212 3436 accuset
2230 3382 2317 3450 qui
2346 3383 2509 3449 volet,
2532 3382 2640 3438 imo
2659 3399 2787 3440 vero
2807 3401 2968 3442 nemo
2988 3391 3372 3458 reprehendet;
3401 3408 3589 3449 omnes

2001 3471 2312 3540 laudabunt,
2343 3488 2530 3529 omnes
2570 3476 2977 3545 amplectentur.
3010 3479 3122 3534 Non
3153 3481 3296 3536 enim
3335 3485 3586 3551 pecunia-

2003 3578 2123 3616 rum
2147 3579 2326 3625 eausa,
2371 3580 2471 3620 nec
2500 3575 2556 3620 ut
2581 3578 2799 3636 prepter
2822 3568 3002 3623 odium
3047 3571 3307 3640 privatum
3339 3589 3424 3628 me
3453 3575 3587 3630 ulci-

2002 3667 2140 3718 scar,
2166 3669 2265 3708 nec
2279 3654 2349 3709 ob
2363 3655 2520 3709 aliam
2539 3671 2652 3711 rem
2671 3657 2972 3726 quampiam
2995 3661 3302 3716 satcularem
3324 3664 3590 3719 contendo

2003 3759 2307 3814 pugnoque,
2336 3747 2430 3800 sed
2458 3748 2702 3801 fraternae
2731 3749 2915 3803 salutis
2955 3751 3120 3819 gratia
3152 3770 3164 3804 :
3196 3753 3312 3821 quis
3339 3753 3453 3810 hac
3483 3770 3586 3810 non

2005 3838 2358 3906 approbabit?
2384 3838 2502 3908 quis
2532 3854 2639 3893 non
2686 3839 2918 3894 laudabit
2942 3841 2965 3894 ?
2990 3841 3143 3895 Nulla
3185 3842 3360 3899 carnis
3389 3860 3588 3914 cogna-

2005 3928 2148 3983 tione
2187 3929 2400 3998 junctos
2449 3944 2545 3983 nos
2590 3931 3007 4000 propinquorum
3054 3934 3397 4003 amantiores,
3429 3952 3622 4005 quam:

2006 4029 2205 4090 patres,
2249 4021 2494 4091 cognatio
2533 4022 2821 4091 Spiritualis
2865 4023 3053 4078 effecit.
3099 4023 3154 4079 Si
3186 4026 3380 4094 velitis,
3429 4028 3590 4082 etiam

2006 4122 2292 4183 martyrem
2322 4113 2598 4168 nobiscum
2625 4129 2957 4169 assumamus
2985 4134 2997 4169 :
3029 4131 3134 4170 non
3159 4119 3300 4171 enim
3327 4121 3593 4175 erubescit

2006 4206 2188 4260 venire
2216 4205 2282 4260 ad
2312 4204 2536 4260 fratrum
2567 4206 2812 4262 salutem.
2847 4207 3165 4276 Objieiamus
3190 4224 3311 4264 cum
3356 4212 3593 4280 ipsorum

2008 4299 2174 4354 oculis
2193 4317 2204 4351 :
2224 4298 2572 4353 reformident
2592 4310 2928 4367 prmscntcm,
2954 4311 3298 4357 revereautur
3319 4315 3591 4374 rogantem

2009 4391 2438 4444 ctobsecrantem
2456 4408 2468 4442 :
2483 4405 2589 4444 non
2606 4391 2747 4444 enim
2767 4392 3032 4446 erubescit
3051 4393 3209 4446 etiam
3228 4408 3433 4462 rogare.
3459 4394 3591 4450 Nam

2009 4482 2054 4537 si
2082 4482 2335 4536 Dominus
2350 4483 2464 4552 ejus
2490 4493 2732 4537 naturam
2762 4494 2996 4538 nostram
3024 4493 3202 4555 rogat:
3236 4485 3338 4539 Pro
3364 4485 3589 4556 Christo,

2012 4575 2182 4644 inquit
2202 4575 2416 4640 Paulus,
2436 4576 2682 4644 legatione
2701 4578 2958 4646 fungimur
2983 4587 3234 4648 tamquam
3259 4579 3361 4632 Deo
3387 4591 3597 4650 rogante

2012 4685 2101 4737 per
2127 4667 2660 4732 nos,Reconciliamini
2688 4667 2792 4721 Deo
2811 4668 3209 4740 (2.Cor.5.20),
3241 4670 3408 4724 multo
3427 4673 3596 4742 magis

2011 4775 2199 4816 servus
2225 4759 2326 4815 hoc
2353 4760 2507 4815 faciet
2533 4777 2549 4815 :
2577 4776 2737 4815 unum
2763 4762 2932 4829 ipsum
2958 4762 3240 4816 contristat
3258 4768 3453 4824 solum,
3480 4779 3601 4832 per-

2011 4850 2144 4907 ditio
2179 4861 2396 4913 nostra;
2429 4867 2591 4905 unum
2620 4853 2900 4916 exhilarat,
2925 4853 3067 4906 salus
3086 4861 3288 4918 nostra,
3325 4863 3380 4908 et
3401 4853 3601 4910 ideirco

2014 4943 2148 4997 nihil
2175 4943 2292 5012 ejus
2334 4944 2500 5012 gratia
2541 4943 2812 5010 suscipere
2842 4951 3072 4997 recusat.
3102 4943 3283 5012 Neque
3313 4961 3410 4999 nos
3443 4946 3596 5015 igitur

2019 5034 2412 5095 erubescamus,
2461 5048 2636 5103 neque
2682 5048 3128 5102 supervacaneum
3173 5049 3292 5089 esse
3321 5035 3600 5092 ducamus.

2014 5124 2068 5179 Si
2095 5124 2237 5178 enim
2265 5132 2543 5179 venatores
2569 5125 2680 5179 loca
2707 5133 2993 5194 prmrupta,
3024 5135 3232 5180 montes
3251 5137 3304 5181 et
3331 5129 3601 5192 haratltra,

2015 5226 2068 5271 et
2096 5217 2231 5270 invia
2259 5233 2480 5287 qua-que
2503 5217 2618 5271 loca
2643 5217 2956 5285 pervadunt,
2984 5233 3076 5274 seu
3104 5220 3361 5288 leporem,
3382 5230 3470 5271 aut
3502 5233 3591 5272 ea-

2017 5323 2218 5378 pream,
2267 5317 2358 5361 aut
2395 5308 2533 5363 aliud
2583 5308 2853 5378 quidpiam
2893 5311 3174 5378 ejusmodi,
3222 5326 3316 5363 seu
3362 5310 3603 5363 volucres

2016 5399 2172 5455 etiam
2203 5401 2333 5454 istas
2357 5386 2666 5470 plerumque
2687 5401 2975 5472 sylvestres
2997 5401 3174 5454 venari
3198 5399 3363 5454 velint
3391 5417 3406 5457 :
3439 5411 3491 5452 tu
3512 5401 3602 5469 qui

2017 5505 2124 5546 non
2152 5489 2375 5545 bestiam
2404 5490 2586 5554 vilem,
2617 5490 2710 5545 sed
2744 5490 2958 5546 fratrem
3003 5489 3353 5557 spiritualem,
3388 5499 3604 5558 propter

2018 5599 2179 5654 quem
2210 5594 2451 5638 mortuus
2471 5591 2554 5638 est
2573 5583 2816 5637 Christus
2843 5623 2858 5646 ,
2881 5598 2911 5636 a
2949 5579 3241 5649 perditione
3260 5587 3604 5634 revocaturus

2019 5694 2098 5742 es,
2123 5694 2228 5732 non
2246 5677 2354 5747 jam
2375 5687 2581 5732 montes
2593 5688 2644 5732 et
2674 5677 2858 5741 saltus,
2880 5673 2974 5732 sed
2993 5680 3198 5742 portam
3219 5673 3392 5730 solum
3421 5672 3598 5744 egredi
