4080 6198
469 205 574 261 875

470 315 669 386 refugis
711 321 766 370 et
806 312 1114 371 erubescis?
1142 325 1299 381 quam
1325 309 1534 364 tandem
1561 324 1771 379 quaeso,
1803 308 2008 364 veniam
2029 348 2044 374 ,

469 406 780 464 obtinebis?
807 421 910 460 non
934 403 1082 458 audis
1108 402 1400 471 sapientem
1419 400 1698 471 quemdam
1719 409 2044 467 monentem,

468 512 533 552 ac
559 497 845 562 dicentem,
873 495 964 549 Est
981 493 1210 562 confusio
1231 492 1484 546 adducens
1503 499 1758 560 peccatum
1782 489 1970 559 (Eccti.
1989 491 2042 545 4.

465 588 602 658 95)?
631 586 735 642 Sed
758 601 824 640 ne
856 582 1208 654 reprehendat
1233 582 1491 653 quispiam
1511 622 1526 649 ,
1557 579 1756 636 times?
1798 579 2046 634 Transfer

465 679 519 733 in
545 692 628 732 me
645 677 872 744 culpam,
896 677 983 745 qui
1005 674 1143 739 dixi;
1166 673 1251 728 dic
1279 674 1348 728 ita
1373 673 1597 743 jussisse
1611 670 1916 728 doctorem:
1946 685 2045 741 ego

466 778 680 840 paratus
699 782 817 822 sum
835 782 953 821 cum
979 766 1102 832 illis,
1124 767 1212 836 qui
1235 764 1651 835 reprehendunt,
1669 764 1965 832 disceptare
1984 777 2044 817 ac

467 863 728 918 rationem
756 859 982 914 reddere
1013 877 1026 912 :
1059 859 1165 913 imo
1212 873 1339 912 vero
1367 873 1538 927 neque
1581 870 1698 922 vos,
1747 870 1918 924 neque
1945 869 2044 909 nos

462 953 723 1023 quispiam
768 948 1144 1018 reprehendet,
1190 947 1399 1002 tametsi
1427 946 1576 1000 valde
1617 946 1685 1000 sit
1725 945 2040 1015 impudens;

460 1043 554 1098 sed
580 1039 868 1096 laudabunt
897 1055 1083 1094 omnes
1102 1079 1116 1104 ,
1145 1053 1207 1093 ac
1230 1053 1328 1093 nos
1355 1053 1496 1093 cura:
1523 1037 1786 1106 studiique
1829 1036 2043 1091 nomine

459 1134 924 1198 commendabunt,
971 1145 1078 1185 non
1105 1131 1158 1185 in
1185 1130 1355 1200 patria
1395 1136 1598 1184 tantum
1631 1137 1834 1192 nostra,
1864 1127 1958 1182 sed
1988 1135 2044 1182 et

459 1228 494 1281 ii
523 1227 613 1297 qui
643 1226 845 1280 vicinas
869 1223 1106 1278 habitant
1137 1223 1315 1286 urbes,
1347 1220 1486 1291 quod
1511 1219 1650 1290 apud
1680 1233 1779 1274 nos
1803 1219 1871 1274 sit
1897 1226 2041 1273 tanta

456 1317 538 1373 vis
566 1316 822 1382 caritatis,
853 1323 1028 1370 tantus
1051 1313 1210 1368 ardor
1234 1313 1432 1367 amoris
1462 1312 1512 1366 in
1540 1311 1752 1366 fratres.
1781 1309 1887 1365 Sed
1915 1309 2041 1379 quid

457 1421 558 1477 ego
589 1406 829 1460 homines
869 1404 1029 1458 dico?
1055 1403 1170 1473 ipse
1196 1403 1503 1472 angelorum
1527 1417 1627 1456 nos
1655 1401 1908 1456 Dominus
1933 1400 2034 1456 col-

455 1497 699 1552 laudabit
748 1495 879 1551 Cum
910 1495 1088 1565 itaque
1131 1495 1450 1563 propositam
1481 1492 1778 1549 mercedem
1817 1492 2031 1547 noveri-

454 1604 613 1654 mus,
665 1602 733 1642 ne
777 1585 1112 1642 venationem
1161 1585 1524 1656 negligamus,
1577 1598 1748 1653 neque
1797 1583 1897 1638 soli
1943 1582 2033 1638 die

452 1682 684 1738 crastino
711 1688 1063 1745 revertamur,
1091 1676 1186 1732 sed
1206 1677 1567 1746 unusquisque
1594 1676 1824 1746 praedam
1849 1691 2032 1731 secum

452 1773 654 1827 habens
683 1770 946 1826 adveniat.
999 1769 1056 1824 Si
1101 1768 1192 1822 illa
1238 1776 1439 1822 tantum
1487 1765 1614 1821 hora
1661 1766 1888 1832 veneris,
1935 1780 2037 1835 qua

449 1863 675 1933 quisque
714 1861 876 1916 domo
912 1872 1156 1930 egressus
1182 1858 1234 1912 in
1273 1858 1410 1911 viam
1456 1871 1514 1911 se
1557 1855 1668 1923 dat,
1717 1870 1944 1926 cumque
1971 1853 2038 1908 ad

1227 200 1285 255 S.
1323 199 1598 255 JOANNIS
1631 196 2112 254 CHRYSOSTOMI
2149 199 2463 256 ARCHIEP.
2505 198 3029 256 CONSTANTINOP.

3626 202 3732 257 676

2161 311 2316 379 hujus
2344 312 2444 366 loci
2471 311 3165 376 visitationem'tradu'xeris,
3190 311 3332 367 nulla
3360 313 3612 385 deinceps
3630 318 3735 371 erit

2155 403 2472 468 difficultas;
2520 403 2616 458 sed
2665 411 2786 472 post
2832 403 3034 471 lapsum
3079 404 3334 474 temporis
3381 407 3596 460 multam
3647 406 3735 461 ille

2155 509 2365 565 quoque
2394 495 2486 549 tibi
2515 496 2737 566 gratiam
2788 493 3033 558 habebit,
3082 505 3136 550 et
3180 511 3275 550 vos
3316 499 3494 552 caeteri
3543 513 3734 554 omnes

2152 583 2441 640 laudabunt
2466 593 2522 641 et
2559 585 2782 640 efferent
2813 601 2826 644 :
2859 586 3107 655 quodque
3149 587 3387 640 omnium
3442 590 3732 642 maximum

2150 687 2252 742 est,
2272 676 2435 731 multa
2454 677 2604 731 vobis
2630 677 2697 732 ob
2724 675 2906 730 isthaec
2933 677 3183 730 caelorum
3215 676 3468 731 Dominus
3492 679 3733 734 cenferet

2150 769 2384 837 praemia,
2409 778 2463 824 et
2485 767 2690 822 lucrum
2721 766 2859 820 istud
2884 775 2937 821 et
2960 765 3166 821 Iaudem
3195 767 3424 837 augebit.
3457 769 3730 834 Quaestum

2149 859 2308 929 igitur
2335 859 2511 912 animo
2540 865 2831 925 versantes,
2877 871 3033 927 quem
3077 857 3202 913 inde
3245 857 3576 928 colligimus,
3605 869 3733 915 ante

2149 949 2334 1004 urbem
2358 963 2542 1002 omnes
2570 947 2718 1002 etl‘usi
2743 947 3155 1016 comprehensos
3184 949 3372 1002 fratres
3395 960 3605 1005 nostros
3627 953 3730 1006 huc

2147 1037 2480 1101 reducamus,
2512 1045 2569 1091 ut
2591 1038 2824 1092 crastino
2849 1037 3007 1092 etiam
3034 1037 3122 1092 die
3149 1037 3364 1108 plenum
3399 1040 3553 1095 nobis
3581 1040 3734 1096 thea-

2147 1138 2286 1184 trum
2332 1130 2602 1194 reddatur,
2653 1144 2715 1184 ac
2742 1137 3035 1184 conventus
3080 1130 3149 1183 sit
3177 1129 3440 1199 perfectus
3468 1147 3483 1192 :
3511 1141 3568 1186 ut
3596 1147 3727 1202 pro-

2147 1235 2264 1292 pter
2308 1223 2408 1279 hoc
2449 1223 2678 1277 studium
2722 1231 2962 1277 nostrum
3003 1235 3066 1277 ac
3106 1224 3427 1293 diligentiam
3458 1227 3542 1282 hic
3569 1229 3724 1282 adhi-

2147 1316 2308 1371 bitam
2355 1315 2408 1369 in
2454 1323 2651 1369 mtema
2697 1313 3036 1369 tabernacula
3076 1326 3292 1370 sanctus
3319 1327 3517 1387 martyr
3559 1319 3726 1374 multa

2147 1421 2266 1460 cum
2286 1405 2474 1460 fiducia
2493 1419 2589 1460 nos
2617 1406 2836 1476 recipiat
2860 1423 2875 1466 ς
2901 1420 3060 1476 quam
3083 1405 3282 1460 utinam
3299 1408 3548 1478 consequi
3571 1409 3726 1463 nobis

2144 1496 2391 1550 omnibus
2410 1496 2697 1566 contingat,
2730 1511 2825 1566 per
2868 1495 3088 1567 gratiam
3115 1504 3171 1550 et
3199 1495 3568 1566 benignitatem
3609 1499 3721 1553 Do-

2145 1586 2272 1639 mini
2297 1586 2464 1640 nostri
2491 1585 2616 1640 Jesu
2655 1585 2875 1650 Christi,
2909 1599 3003 1654 per
3027 1601 3184 1654 quem
3215 1595 3414 1640 etcum
3441 1602 3547 1657 quo
3576 1589 3722 1644 Patri

2146 1677 2332 1748 gloria,
2366 1691 2466 1731 una
2498 1692 2619 1732 cum
2663 1687 2849 1733 sancto
2887 1686 2944 1733 et
2992 1677 3198 1733 viviﬁco
3239 1678 3457 1749 Spiritu,
3503 1696 3643 1737 nunc
3667 1690 3722 1737 et

2147 1781 2382 1836 semper,
2403 1774 2459 1823 et
2484 1768 2536 1822 in
2564 1768 2754 1823 saecula
2783 1768 3119 1825 saeculorum.
3144 1770 3330 1828 Amen.

509 2171 549 2205 Η
975 2172 993 2198 =
1039 2171 1206 2198 mu:
1242 2173 1250 2196 ε
1284 2171 3672 2196 ==___________________________..

1879 2413 2292 2475 ADMONI‘TIO

536 2665 604 2721 Ut
631 2672 785 2722 notat
807 2665 1011 2722 Fronto
1048 2665 1299 2732 Ducaeus,
1331 2667 1384 2721 in
1415 2665 1724 2737 Menologio
1753 2665 2066 2722 Graecorum
2105 2665 2342 2735 quodam
2373 2663 2750 2734 manuscripto
2773 2663 2842 2718 ad
2883 2663 3026 2718 diem
3052 2661 3119 2715 16
3150 2660 3470 2717 Novembris
3493 2673 3721 2714 annun-

465 2783 630 2839 tiatur
661 2782 856 2840 festum
891 2781 949 2838 S.
976 2782 1247 2838 Barlaami
1271 2783 1545 2855 martyris,
1579 2781 2040 2854 quemadmodum
2072 2789 2127 2837 et
2156 2781 2208 2834 in
2237 2779 2620 2852 Martyrologio
2650 2778 2918 2834 Romano.
2944 2778 3064 2832 Alia
3091 2791 3219 2833 vero
3245 2775 3555 2832 Graecorum
3595 2773 3720 2829 Me-

466 2901 682 2970 nologia
713 2900 818 2955 hoc
847 2898 1043 2956 festum
1079 2903 1146 2954 ad
1177 2901 1442 2956 decimam
1473 2916 1674 2956 nonam
1703 2899 2024 2956 Novembris
2047 2899 2311 2956 referunt.
2339 2899 2445 2955 Sed
2471 2900 2632 2970 longe
2653 2899 2760 2953 alia
2787 2904 3106 2968 tempestate
3128 2911 3190 2952 ea
3226 2893 3540 2950 solemnitas
3575 2900 3721 2944 tem-

460 3034 592 3090 pore
619 3019 994 3090 Chrysostomi
1015 3019 1415 3077 celebrabatur.
1441 3018 1574 3076 Nam
1601 3020 1654 3076 in
1687 3020 1911 3077 bomilia
1933 3021 1989 3077 in
2017 3021 2149 3077 illud
2172 3020 2419 3091 Apostoli
2451 3020 2680 3085 dictum,
2713 3017 2857 3074 Nolo
2886 3035 2971 3074 vos
2999 3019 3262 3089 ignorare,
3297 3015 3536 3080 Fratres,
3569 3012 3719 3082 quod

463 3135 651 3190 Patres
689 3138 859 3191 nostri
886 3155 1064 3194 omnes
1101 3138 1195 3194 sub
1225 3140 1360 3194 nube
1393 3139 1629 3207 fuerunt,
1663 3151 1794 3204 etc.,
1831 3157 1954 3212 quae
1980 3140 2207 3196 bomilia
2233 3142 2320 3197 die
2359 3140 2559 3197 festum
2587 3139 2644 3195 S.
2686 3139 2954 3196 Barlaami
2989 3137 3140 3211 [681]
3171 3138 3492 3208 insequente
3523 3135 3722 3189 habits

459 3259 563 3317 est,
599 3262 657 3305 ut
680 3250 879 3307 ibidem
913 3254 987 3308 ait
1011 3252 1456 3327 Cbrysostomus,
1487 3257 1692 3312 diserte
1717 3257 1851 3313 dicit
1879 3257 1938 3313 S.
1990 3258 2178 3314 doctor
2205 3259 2453 3331 hyemem
2488 3259 2600 3329 jam
2645 3258 2972 3329 praeteriisse
2998 3266 3351 3326 aestatemque
3377 3253 3658 3308 advenisse
3695 3273 3716 3311 :

461 3363 701 3420 Liberali
729 3383 930 3436 sumus,
987 3369 1183 3440 inquit,
1219 3369 1420 3442 hyeme,
1457 3381 1506 3426 et
1546 3381 1731 3427 testate
1759 3373 2108 3443 perfruimur,
2164 3374 2352 3428 blande
2382 3375 2590 3446 amante
2633 3374 2878 3444 zephyro.
2913 3373 3045 3439 Quae
3072 3389 3195 3430 cum
3241 3373 3308 3428 ad
3345 3370 3716 3429 Novembrem

459 3497 698 3541 mensem
731 3487 956 3544 minime
1007 3489 1276 3558 quadrare
1315 3491 1547 3557 valeant,
1603 3493 1730 3548 hinc
1759 3508 1892 3550 sane
1933 3496 2292 3566 consequitur
2323 3496 2478 3566 longe
2521 3493 2738 3550 diverso
2781 3495 2910 3549 anni
2944 3502 3188 3564 tempore
3216 3494 3540 3550 celebratum
3573 3503 3720 3548 tunc

885 3967 1433 4044 LAUDATIO
1489 3967 1871 4045 SANCTI
1925 3971 2513 4050 MARTYRIS
2561 3977 3090 4056 BARLAAM
3145 3969 3253 4058 (α).

1912 4154 2220 4216 δη

521 4307 575 4360 f.
608 4304 784 4360 Omnis
812 4313 1028 4376 potestas
1055 4307 1320 4378 impatiens
1345 4310 1586 4364 consortis
1621 4318 1711 4364 est.
1731 4337 1804 4350 --
1831 4307 1906 4361 Ad
1933 4321 2014 4362 sa-

441 4409 588 4449 cram
617 4395 771 4450 istam
797 4396 1185 4453 solemnitatem
1217 4396 1516 4468 festumque
1545 4398 1730 4453 beatus
1770 4413 1868 4453 nos
1894 4398 2021 4451 Bar-

441 4489 579 4542 laam
620 4488 961 4553 convocavit,
1015 4504 1122 4544 non
1166 4499 1222 4543 ut
1262 4490 1431 4559 ipsum
1477 4491 1771 4557 laudemus,
1823 4491 1917 4546 sed
1963 4501 2020 4546 ut

438 4579 612 4648 ipsum
650 4580 994 4643 aemulemur;
1037 4595 1143 4634 non
1171 4590 1229 4635 ut
1275 4581 1484 4636 laudum
1522 4583 1688 4636 simus
1715 4582 2013 4648 auditores,

441 4669 532 4725 sed
563 4679 620 4724 ut
646 4671 1024 4739 praeclarorum
1046 4671 1162 4741 ejus
1184 4670 1474 4727 facinorum
1500 4673 1684 4728 fiamus
1705 4673 2012 4729 imitatores.

444 4761 498 4816 In
542 4763 886 4818 saecularibus
933 4763 1144 4833 quidem
1191 4763 1386 4830 rebus,
1429 4763 1519 4834 qui
1565 4764 1630 4819 ad
1680 4765 2015 4834 magistratus

437 4865 676 4907 summos
715 4851 1097 4923 proveltuntur,
1127 4851 1267 4908 haud
1311 4853 1446 4908 alios
1484 4869 1728 4923 umquam
1774 4855 2010 4926 ejusdem

441 4939 660 4996 honoris
689 4944 1050 5012 praerogativae
1076 4953 1352 4999 consortes
1375 4945 1572 5000 vellent
1599 4960 1818 5002 cernere
1839 4964 1850 5001 :
1874 4947 2012 5002 livor

435 5035 578 5088 enim
607 5033 714 5088 illic
743 5041 798 5087 et
824 5034 1016 5089 invidia
1058 5035 1302 5091 dividunt
1340 5037 1611 5092 caritatem
1641 5056 1651 5090 :
1683 5041 1734 5093 in
1759 5039 2005 5110 spiritua-

433 5127 572 5183 libus
601 5143 731 5182 vero
758 5143 864 5182 non
913 5129 982 5183 ita
1004 5171 1018 5193 ,
1052 5129 1144 5183 scd
1187 5131 1510 5184 contrarium
1553 5132 1759 5199 penitus
1787 5131 1962 5186 evenit
1993 5151 2004 5184 :

427 5228 551 5273 tunc
589 5219 729 5274 enim
771 5221 1000 5275 maxime
1039 5220 1257 5274 honoris
1302 5223 1497 5291 proprii
1541 5237 1752 5277 sensum
1794 5223 2006 5291 capiunt

425 5320 708 5383 martyres.
736 5327 857 5367 cum
904 5328 1030 5368 suos
1066 5327 1358 5369 conservos
1398 5313 1464 5369 ad
1492 5315 1748 5370 bonorum
1787 5331 2002 5370 suorum

487 5508 562 5568 (ο)
595 5507 767 5558 foliata
791 5524 900 5560 cum
927 5520 1029 5562 Mss.
1057 5515 1214 5576 Regiis
1253 5513 1388 5572 1939,
1415 5519 1465 5562 et
1486 5513 1623 5562 2545.

2131 4317 2455 4369 consortium
2486 4319 2710 4374 Viderint
2741 4327 3064 4391 pervenisse.
3091 4325 3271 4397 Itaque
3297 4330 3338 4382 si
3365 4330 3483 4400 quis
3511 4341 3725 4404 marty-

2130 4419 2216 4459 res
2246 4407 2462 4464 laudare
2497 4413 2645 4476 velit,
2675 4425 2934 4486 martyres
2965 4417 3199 4474 imitetur
3229 4439 3242 4474 :
3273 4423 3316 4475 si
3345 4422 3464 4492 quis
3493 4424 3722 4490 religio-

2127 4497 2209 4551 nis
2235 4499 2465 4555 athletas
2485 4505 2756 4560 celebrare
2777 4511 3054 4577 praeconiis
3083 4512 3228 4574 velit,
3261 4513 3466 4568 illormn
3498 4513 3721 4570 labores

2125 4591 2403 4644 aemuletur
2435 4640 2446 4648 .
2482 4592 2582 4649 hoc
2614 4598 2780 4652 nihilo
2811 4600 3092 4663 minorem,
3123 4617 3280 4672 quam
3323 4604 3532 4673 propria
3565 4617 3721 4662 recte

2122 4677 2279 4744 facta,
2309 4686 2630 4756 martyribus
2656 4688 2840 4744 afferet
2880 4693 3227 4761 voluptatem.
3258 4695 3429 4765 Atque
3460 4706 3515 4750 ut
3546 4697 3718 4752 intel-

2121 4773 2253 4844 ligas
2280 4786 2404 4833 tunc
2431 4793 2524 4834 eos
2555 4783 2822 4851 peaceipue
2848 4798 2940 4838 sua
2959 4785 3094 4839 bona
3119 4787 3335 4851 sentire,
3364 4804 3484 4842 cum
3512 4790 3566 4843 in
3595 4802 3718 4844 tuto

2119 4881 2218 4920 nos
2263 4869 2490 4926 viderint
2535 4873 2840 4939 collocatos,
2890 4892 3107 4947 remque
3147 4880 3288 4933 illam
3329 4883 3562 4936 maximo
3601 4884 3711 4938 sibi

2121 4955 2308 5012 honori
2337 4959 2550 5024 ducere,
2582 4963 2798 5018 Paulum
2820 4965 3080 5022 dicentem
3109 4970 3228 5023 audi
3256 4989 3269 5024 :
3295 4970 3444 5024 Nunc
3465 4974 3718 5043 viritnus,

2117 5051 2158 5103 si
2185 5067 2271 5104 vos
2298 5054 2442 5107 statis
2467 5055 2517 5106 in
2545 5053 2756 5109 Domino
2789 5058 2861 5126 (l.
2883 5058 3057 5112 Thess.
3080 5061 3129 5114 5.
3152 5059 3228 5132 8).
3258 5061 3321 5115 Et
3339 5080 3465 5116 vero
3486 5065 3716 5136 Moyses

2115 5154 2240 5199 ante
2285 5147 2423 5200 hunc
2455 5149 2562 5203 Deo
2591 5149 2828 5214 dicebat,
2847 5148 2920 5206 ’δὶ
2957 5153 3153 5219 quidem
3179 5155 3386 5209 dimittis
3413 5158 3484 5210 eis
3514 5174 3720 5226 perca-

2116 5244 2241 5300 tum,
2275 5237 2469 5292 dimitte
2497 5255 2514 5293 :
2540 5240 2616 5292 sin
2660 5251 2847 5305 autem,
2881 5243 2991 5296 dele
3019 5259 3094 5296 me
3120 5244 3182 5297 de
3223 5245 3350 5298 libro
3388 5263 3534 5315 quem
3571 5253 3722 5301 acri-

2115 5329 2256 5396 psisti
2289 5328 2490 5401 (Exod.
2533 5331 2620 5384 52.
2669 5333 2760 5386 3i.
2805 5332 2896 5402 52)
2932 5351 2945 5387 :
2975 5335 3240 5390 caelestem
3279 5336 3536 5392 honorem
3585 5355 3704 5396 non

2111 5419 2283 5473 sentio
2329 5431 2545 5490 propter
2574 5423 2794 5476 istorum
2839 5425 3190 5480 calamitatem
3221 5445 3233 5481 :
3264 5430 3501 5499 corporis
3540 5446 3705 5498 quae.

2109 5511 2228 5566 dam
2257 5516 2516 5570 connexio
2544 5525 2625 5571 cst
2667 5527 2721 5571 et
2748 5525 3009 5572 structura
3051 5527 3224 5574 emtas
3252 5519 3484 5576 fidelium
3518 5538 3532 5575 :
3559 5523 3701 5588 quid
