4080 6198
342 317 444 377 675

343 437 501 509 μόνον
538 434 745 508 ἀναδύῃ
799 436 893 491 καὶ
941 437 1226 511 ἐρυθριᾷςς
1256 440 1352 494 καὶ
1385 440 1544 494 ποίαν
1587 439 1750 505 ἕξεις,
1785 437 1906 491 εἰπέ

341 536 450 589 μοι,
496 518 863 590 συγγνώμηνς
920 522 1020 575 οὐκ
1052 523 1272 587 ἀκούεις
1313 523 1477 593 σοφοῦ
1518 540 1662 586 τινος
1708 538 1907 591 παραι-

340 599 558 662 νοῦντος
609 601 704 654 καὶ
736 603 1002 672 λέγοντος·
1043 607 1254 660 Ἔστιν
1290 608 1551 676 αἰσχύνη
1598 603 1907 672 ἐπάγουσα

340 686 663 758 ἀμαρτίαη
693 687 856 767 Ἀλλά
888 689 1135 752 δέδοικας
1176 691 1249 761 μή
1303 707 1391 754 τις
1425 689 1729 760 ἐγκαλέσῃ;
1764 688 1908 740 Μετ-

339 773 512 838 άγαγε
536 769 633 841 τὴν
661 770 840 825 αἰτίαν
865 772 950 824 ἐπ’
979 772 1078 841 ἐμὲ
1097 771 1186 825 τὸν
1208 774 1482 844 εἰρηκότα·
1519 772 1641 825 εἰπέ
1668 772 1750 823 ὃτι
1779 771 1806 823 ὁ
1830 769 1908 822 δι-

338 852 607 914 δάσκαλος
646 852 822 916 οὕτως
848 854 1157 908 ἐκέλευσεν
1194 856 1415 926 ἕτοιμος
1455 854 1564 924 ἐγὼ
1590 851 1906 917 δικάζεσθαι

331 938 449 998 τοῖς
495 935 790 1003 ἐγκαλοῦσι
824 937 920 991 καὶ
972 942 1280 1009 παρασχεῖν
1317 938 1565 1003 εὐθύνας·
1622 936 1818 1008 μᾶλλον
1848 937 1905 989 δὲ

331 1018 458 1071 οὔτε
518 1019 666 1088 ὑμῖν,
717 1017 842 1072 οὐτε
894 1022 1028 1090 ἡμῖν
1080 1023 1368 1090 ἐγκαλέσει
1413 1039 1517 1086 τις,
1556 1021 1662 1074 κᾶν
1704 1020 1907 1090 σφόδρα

333 1103 690 1173 ἀναίσχυντος
715 1097 770 1175 ᾖ,
798 1103 914 1156 ἀλλ’
953 1105 1302 1169 ἀποδέξονται
1329 1106 1550 1169 πάντες,
1581 1104 1674 1158 καὶ
1699 1103 1906 1173 θαυμάο

337 1201 522 1237 σονται
559 1184 658 1254 τῆς
691 1186 1020 1256 κηδεμονίας
1053 1190 1218 1258 ἡμᾶς,
1251 1190 1371 1258 οὐχὶ
1411 1189 1459 1241 οἰ
1493 1190 1546 1241 ἐν
1592 1190 1658 1258 τῇ
1690 1185 1906 1256 πατρίδι

332 1269 400 1336 τῇ
433 1265 678 1337 ἡμετέρᾳ
725 1267 904 1337 μόνον,
938 1268 1074 1321 ἀλλὰ
1121 1271 1215 1322 καὶ
1243 1273 1291 1322 οἱ
1311 1271 1409 1334 τὰς
1444 1269 1689 1337 γείτονας
1724 1268 1908 1330 πόλεις

331 1348 629 1411 οἰκοῦντες,
663 1349 745 1401 ὅτι
773 1349 1008 1421 τοσαύτη
1045 1351 1171 1423 παρ’
1210 1354 1340 1423 ἡμῖν
1369 1353 1590 1421 ἀγάπης
1633 1351 1903 1420 τυραννὶς,

331 1430 586 1493 τοσοῦτος
622 1430 1006 1502 φιλοστοργίας
1029 1433 1208 1503 ζῆλος.
1242 1434 1398 1488 Ἀλλά
1428 1435 1481 1486 τί
1513 1434 1652 1502 λέγω
1676 1434 1800 1496 τοὺς
1816 1435 1907 1486 ἀν-

334 1512 613 1582 θρώπουςς
659 1515 821 1577 αὐτὸς
865 1518 894 1567 ό
936 1515 1046 1568 τῶν
1097 1517 1342 1586 ἀγγέλων
1392 1519 1538 1588 ἡμᾶς
1592 1515 1906 1580 ἀποδέξεται

332 1597 626 1667 Δεσπότης.
659 1597 877 1660 Εἰδότες
907 1593 1004 1651 οὖν
1038 1597 1130 1651 τὸν
1182 1599 1391 1670 μισθὸν,
1439 1599 1514 1670 μὴ
1564 1600 1905 1670 καταφρονή-

334 1694 516 1747 σωμεν
554 1680 654 1748 τῆς
683 1678 878 1750 Θήρας,
921 1680 1070 1750 μηδέ
1091 1681 1475 1752 ἐπανέλθωμεν
1506 1681 1656 1751 μόνοι
1691 1679 1897 1751 αὔριον,

331 1761 446 1814 ἀλλ’
467 1762 696 1825 Exacto;
722 1763 822 1832 τὴν
852 1762 1028 1832 ἄγραν
1063 1763 1200 1833 ἔχων
1237 1763 1355 1834 μεθ’
1391 1763 1586 1817 ἑαυτοῦ
1619 1763 1762 1817 οὕτω
1798 1778 1902 1816 πα-

337 1846 664 1915 ραγενέσθω.
697 1847 797 1899 Ἂν
824 1846 924 1916 τὴν
951 1844 1101 1916 ὤραν
1133 1847 1350 1917 ἐκείνην
1385 1847 1667 1919 παραγένῃ
1719 1847 1898 1918 μόνον,

337 1931 459 1984 καθ’
481 1931 552 2002 ἣν
577 1932 676 2004 τῆς
713 1931 889 1993 οἰκίας
937 1929 1095 1995 ἐξιὼν
1123 1932 1354 1986 ἅπτεται
1387 1931 1486 2001 τῆς
1508 1931 1647 1997 ὁδοῦ,
1683 1933 1775 1986 καὶ
1802 1948 1898 2003 με-

1395 318 1464 376 IN
1502 319 1562 376 S.
1599 318 2034 375 BABLAAMUM
2071 320 2477 378 MARTYREM.

3469 325 3574 378 676

2005 439 2283 512 ταστήσῃς
2317 439 2479 493 αὐτὸν
2514 439 2650 510 πρὸς
2695 438 2792 510 τὴν
2840 438 3072 493 ἐνταῦθα
3119 437 3325 508 ἄφιξιν,
3353 439 3577 509 οὐδεμία

2006 519 2188 576 λοιπὸν
2214 522 2364 575 ἔσται
2390 522 2668 584 δυσκολία,
2695 522 2830 576 ἀλλὰ
2858 521 2952 575 τοῦ
2987 520 3182 592 καιροῦ
3219 519 3577 591 παρελθόντος

2006 604 2205 674 πολλὴν
2248 604 2453 658 εἴσεταί
2481 622 2564 657 σοι
2590 605 2841 667 κάκεῖνος
2889 605 2987 675 τὴν
3013 605 3192 675 χάριν,
3226 604 3322 657 καὶ
3351 603 3400 655 οἰ
3427 603 3587 657 ἄλλοι.

2008 688 2209 753 πάντες
2239 689 2618 742 ἐπαινέσουσιν
2672 689 2836 758 ὑμᾶς,
2877 690 2970 742 κα)⁸
3022 688 3378 758 θαυμάσουσι*
3427 687 3520 740 καὶ
3547 686 3577 739 δ

2008 770 2226 825 πάντων
2259 768 2445 842 μεῖζόν
2476 773 2647 835 ἐστιν,
2678 772 2707 823 ό
2731 769 2839 823 τῶν
2864 771 3110 842 οὐρανῶν
3140 769 3416 839 Δεσπότης
3449 768 3578 822 πολ-

2006 854 2131 918 λοὺς
2164 857 2292 926 ὑμῖν
2354 855 2492 926 ὑπὲρ
2545 854 2752 908 τούτων
2795 856 3138 925 παρασχήσει
3166 853 3293 914 τοὺς
3327 851 3574 922 μισθοὺς,

2007 939 2100 990 καὶ
2128 937 2225 1005 τὴν
2250 938 2520 1009 ἐμπορίαν
2540 938 2745 1009 ταύτην
2771 937 2866 991 καὶ
2897 938 2986 990 τὸν
3015 937 3234 990 ἔπαινον
3265 935 3572 988 πλεονάσει.

2019 1020 2355 1085 Ἐννοοῦντες
2381 1022 2559 1075 τοίνυν
2583 1021 2642 1074 τὸ
2670 1019 2860 1092 κέρδος
2887 1019 2947 1073 τὸ
2966 1020 3173 1073 ἐκεῖθεν
3193 1020 3326 1088 ἡμῖν
3349 1033 3575 1091 προσγι-

2006 1103 2252 1173 νόμενον,
2298 1105 2404 1175 πρὸ
2441 1104 2541 1173 τῆς
2579 1103 2784 1166 πόλεως
2815 1102 3135 1172 ἐκχυθέντες
3177 1101 3438 1165 ἅπαντες,
3478 1099 3576 1153 καὶ

2008 1187 2359 1251 συλλαϐόντες
2388 1188 2512 1250 τοὺς
2537 1187 2839 1258 ἡμετέρους
2856 1186 3118 1255 ἀδελφοὺς
3135 1182 3573 1252 ἐπαναγάγωμεν

2006 1268 2262 1334 ἐνταῦθα,
2286 1271 2371 1323 ἵνα
2397 1270 2494 1322 καὶ
2528 1267 2872 1339 αῦριονοὴμῖν
2901 1268 3110 1339 πλῆρες
3139 1267 3199 1320 τὸ
3227 1266 3452 1336 θέατρον
3480 1266 3576 1332 τέ-

2007 1369 2184 1422 νηται,
2204 1353 2298 1406 καὶ
2328 1351 2470 1405 οὕτω
2499 1351 2885 1423 ἀπηρτισμένη
2905 1353 2938 1420 ἡ
2974 1351 3299 1422 πανήγυρις·
3325 1347 3391 1401 ἶν’
3433 1346 3574 1416 ὐπέρ

2006 1439 2104 1506 τῆς
2130 1435 2361 1488 ἐνταῦθα
2406 1435 2641 1504 σπουδῆς
2668 1436 2748 1498 εἰς
2777 1432 2878 1498 τὰς
2913 1435 3161 1498 αἰωνίους
3185 1433 3332 1504 ἡμᾶς
3357 1424 3597 1502 δέξηται-

2008 1516 2210 1589 σκηνὰς
2241 1518 2271 1568 ό
2293 1516 2447 1584 ἅγιος
2480 1517 2692 1587 μάρτυς
2726 1517 2863 1587 μετὰ
2897 1517 3208 1589 παρρησίας
3256 1514 3476 1583 πολλῆς
3505 1507 3573 1584 ἧς

2006 1600 2215 1668 γένοιτο
2249 1600 2457 1662 πάντας
2501 1601 2649 1668 ἡμᾶς
2692 1602 2989 1670 ἐπιτυχεῖν,
3021 1599 3204 1670 χάριτι
3252 1597 3346 1651 καὶ
3384 1595 3573 1670 φιλανς

2007 1682 2222 1753 θρωπίᾳ
2275 1683 2368 1734 τοῦ
2425 1682 2632 1752 Κυρίου
2685 1668 3058 1752 ήμῶν-Ἰησοῦ
3100 1668 3360 1751 Χριστοῦ,
3395 1677 3462 1732 δι’
3508 1668 3570 1730 οὗ

2006 1766 2099 1820 καὶ
2133 1766 2250 1838 μεθ’
2275 1758 2335 1820 οὗ
2359 1765 2434 1837 τῷ
2458 1766 2633 1837 Πατρὶ
2661 1765 2858 1837 ἡδόξα,
2887 1766 3003 1835 ἅμα
3028 1764 3107 1835 τῷ
3138 1764 3275 1834 ἁγίῳ
3303 1764 3397 1817 καὶ
3433 1763 3570 1827 ζωο-

2007 1849 2145 1920 ποιῷ
2165 1849 2461 1920 Πνεύματι,
2487 1848 2579 1903 νῦν
2601 1849 2694 1902 καὶ
2721 1848 2828 1916 ἀεὶ,
2854 1849 2948 1902 καὶ
2979 1849 3059 1912 είς
3083 1847 3206 1912 τοὺς
3234 1846 3436 1910 αἰῶνας
3461 1843 3570 1899 τῶν

2009 1933 2241 1988 αἰώνων.
2279 1931 2470 2003 Ἀμήν.

332 2303 3540 2346 W

1097 2546 1196 2606 AD
1223 2545 1602 2606 HOMILIAM
1629 2545 1709 2605 IN
1747 2544 1810 2604 S.
1844 2542 2323 2604 BARLAAMUM
2358 2544 2810 2606 MARTYREM.

327 2787 502 2844 fuisse
576 2788 878 2845 Antiochiae
931 2789 989 2844 S.
1048 2789 1317 2845 Barlaami
1375 2789 1633 2860 martyris
1699 2764 1917 2846 festum.
1993 2788 2299 2844 Antiochiae
2366 2789 2479 2844 dixi
2539 2809 2552 2844 :

2612 2804 2738 2845 nam
2791 2805 2856 2846 ea
2919 2790 2972 2845 in
3030 2790 3166 2847 urbe
3217 2790 3412 2846 concio
3485 2788 3578 2844 illa

328 2904 517 2959 habita
546 2913 631 2960 est
667 2925 680 2960 :
710 2905 764 2960 in
789 2906 948 2976 cujus
971 2906 1138 2975 agris,
1163 2914 1225 2960 ut
1252 2905 1452 2961 ibidem
1482 2904 1703 2970 dicitur,
1733 2903 2035 2975 frequentia
2073 2911 2371 2976 martyrum
2403 2905 2648 2975 sepulcra
2671 2904 2974 2974 exstabant,
2999 2920 3109 2978 quo
3141 2906 3416 2962 conﬂuere
3441 2904 3580 2961 sole—

331 3025 466 3080 bant
508 3033 776 3094 quotquot
822 3041 887 3081 ex
942 3025 1155 3081 civibus
1205 3024 1522 3085 eorumdem
1572 3033 1874 3096 martyrum
1919 3024 2240 3081 memoriam
2298 3025 2558 3092 recolere,
2614 3027 2970 3098 ipsorumque
3011 3026 3249 3097 praesidii
3299 3031 3580 3082 consortes

331 3157 456 3198 esse
508 3143 761 3198 volebant
812 3162 826 3198 :

332 3256 457 3312 dem
537 3273 701 3328 supra
771 3266 1085 3314 memoratae
1158 3258 1426 3324 homiliw,
1474 3258 1584 3312 τῶν
1645 3256 1905 3328 προέδρωε

2008 3256 2253 3310 ἱπάντων
2333 3270 2520 3326 preces
2581 3256 2821 3326 postulat
2894 3273 2910 3310 :

881 3143 1028 3213 quod
1089 3158 1224 3200 sane
1288 3141 1592 3198 Antiochiae
1647 3148 1957 3212 competere
2003 3155 2165 3226 nemo
2217 3141 2514 3214 negaverit.
2567 3141 2647 3196 Ad
2692 3141 2806 3198 haec
2871 3157 2999 3198 vero
3055 3143 3122 3198 ad
3182 3141 3385 3197 calcem
3429 3139 3577 3208 ejus-

2979 3265 3036 3311 at
3107 3253 3582 3325 Constantinopoli

335 3373 599 3443 πρόεδρον
655 3373 862 3430 nullum
905 3373 1330 3446 Chrysostomus
1366 3382 1610 3440 noverat,
1642 3374 1757 3443 ipse
1780 3387 2068 3444 supremus
2089 3372 2336 3428 omnium
2377 3387 2599 3442 praeses.
2633 3372 2848 3428 Annum
2893 3387 3041 3439 vero,
3074 3387 3184 3444 quo
3212 3371 3356 3428 hanc
3394 3370 3586 3426 habuit

336 3485 640 3553 bomiliam,
669 3500 737 3541 ne
767 3486 1085 3557 conjectura
1112 3487 1331 3556 quidem
1359 3487 1643 3558 assignare
1666 3500 1983 3556 possumus.

408 3595 791 3667 Interpretatio
821 3597 1013 3653 Latina
1054 3611 1138 3655 εει
1164 3598 1465 3655 Frontonis
1499 3597 1701 3654 Ducazi.

676 4110 1256 4201 ΕΓΚΩΜΙΟΝ
1330 4115 1501 4202 ΕΙΣ
1549 4117 1774 4202 ΤοΝ
1838 4117 1905 4201 Α

2008 4119 2174 4204 {ON
2219 4117 2722 4212 ΜΑΡΤΥΡΑ
2765 4115 3275 4216 ΒΑΡΛΑΑΜ

406 4672 479 4718 α’.
506 4666 870 4722 Συνεκάλεσεν
897 4668 1042 4740 ἡμᾶς
1074 4670 1155 4735 είς
1183 4672 1282 4744 τὴν
1313 4672 1463 4744 ίεράν
1487 4675 1690 4748 ταύτην
1717 4678 1908 4750 ἑορτὴν

335 4750 429 4802 καὶ
465 4750 772 4822 πανήγυριν
801 4752 828 4804 ό
869 4751 1138 4824 μακάριος
1177 4755 1457 4828 Βαρλαάμ,
1488 4758 1585 4830 οὐχ
1617 4761 1702 4814 ἵνα
1743 4762 1907 4816 αὐτὸν

335 4833 735 4904 ἐπαινέσωμεν,
783 4835 1016 4892 ἀλλ’ἵνα
1067 4838 1230 4893 αὐτὸν
1267 4838 1618 4910 ζηλώσωμεν·
1667 4845 1764 4916 οὐχ
1819 4845 1906 4898 ἵνα

335 4915 606 4984 ἀκροαταὶ
631 4917 916 4987 γενώμεθα
944 4919 1052 4973 τῶν
1077 4922 1388 4992 ἐγκωμίων,
1410 4923 1521 4975 ἀλλ’
1552 4925 1636 4978 ἵνα
1673 4929 1905 4997 μιμηταὶ

334 4997 624 5078 γενώμεθα
666 4999 774 5052 τῶν
802 5001 964 5054 αὐτοῦ
1013 5004 1470 5076 κατορθωμάτων.
1515 5007 1638 5060 Ἐπὶ
1670 5009 1768 5078 μὲν
1812 5007 1903 5064 οὖν

336 5077 446 5130 τῶν
487 5079 752 5148 βιωτικῶν
782 5086 1143 5156 πραγμάτων,
1195 5088 1293 5140 οὐκ
1333 5089 1398 5141 ἂν
1434 5087 1637 5142 ἓλοιντό
1672 5077 1800 5144 ποτε
1855 5096 1903 5146 οἱ

335 5158 473 5225 πρὸς
497 5161 596 5224 τὰς
627 5165 866 5233 μεγάλας
888 5169 1266 5233 ἀναϐαίνοντες
1288 5171 1462 5243 ἀρχάς
1482 5171 1698 5241 ἐτέρους
1723 5191 1907 5226 κοινω-

334 5244 457 5306 νοὺς
483 5245 584 5313 τῆς
617 5247 788 5318 αὐτῆς
818 5251 1110 5322 προεδρίας
1145 5252 1292 5304 ἰδεῖνο
1325 5252 1516 5321 φθόνος
1540 5253 1647 5325 γάρ
1677 5255 1793 5308 ἐκεῖ
1811 5258 1903 5309 καὶ

329 5326 606 5381 βασκανία
636 5328 988 5385 διακόπτουσι
1010 5333 1106 5400 τὴν
1131 5334 1369 5404 ἀγάπηνο
1399 5337 1491 5388 ἐπὶ
1517 5336 1574 5389 δὲ
1603 5337 1711 5390 τῶν
1737 5356 1894 5392 πνευ-

329 5410 582 5492 ματικῶν
605 5412 703 5483 οὐχ
730 5413 921 5479 οῦτως,
959 5416 1095 5470 ἀλλὰ
1129 5417 1439 5471 τούναντίον
1463 5419 1627 5473 art-av
1649 5420 1769 5473 τότε
1795 5422 1902 5492 γὰρ

330 5490 570 5572 μάλιστα
613 5494 715 5564 τῆς
740 5497 948 5560 οἰκείας
974 5499 1141 5570 τιμῆς
1166 5498 1416 5571 αἴσθησιν
1455 5501 1828 5572 λαμϐάνουσιν
1853 5490 1901 5557 οἰ

327 5571 632 5659 μάρτυρες,
679 5579 809 5632 ὅταν
854 5580 980 5645 τοὺς
1033 5582 1344 5648 συνδούλους
1373 5585 1498 5649 τοὺς
1529 5571 1735 5640 ἑαυτῶν
1766 5587 1900 5659 πρὸς

318 5654 424 5724 τὴν
467 5657 576 5712 τῶν
605 5659 747 5714 ἰδίων
773 5662 992 5730 ἀγαθῶν
1043 5667 1322 5720 κοινωνίαν
1354 5666 1663 5736 φθάσαντας
1695 5654 1895 5723 ἴδωσιν.

328 5737 496 5792 Ὥστε
533 5744 591 5799 εἴ
619 5760 700 5807 τις
730 5743 975 5814 βούλεται
1006 5748 1246 5803 ἐπαινεῖν
1285 5750 1589 5822 μάρτυρας,
1627 5752 1898 5822 μιμείσθω

315 5823 629 5894 μάρτυρας
656 5828 709 5880 εί
732 5845 813 5890 τις
843 5828 1085 5898 βούλεται
1112 5834 1476 5904 ἐγκωμιάζειν
1509 5836 1630 5897 τοὺς
1658 5833 1895 5906 ἀθλητὰς

2013 4682 2113 4752 τῆς
2129 4681 2429 4746 εὐσεϐείας,
2449 4683 2692 4754 ζηλούτω
2723 4683 2812 4738 τὸν
2835 4683 3060 4738 ἐκείνων
3087 4685 3268 4739 πόνον·
3290 4685 3450 4742 τοῦτο
3470 4688 3583 4753 τοῖς

2016 4767 2279 4836 μάρτυσιν
2299 4767 2398 4819 οὐκ
2415 4766 2619 4821 ἐλάττω
2646 4766 2754 4820 τῶν
2782 4768 3000 4822 οἰκείων
3035 4768 3477 4840 κατορθωμάτων
3503 4773 3582 4825 οἴ-

2014 4866 2095 4901 σει
2124 4849 2220 4919 τὴν
2259 4849 2469 4920 ἡδονήν.
2512 4849 2622 4903 Καὶ
2653 4850 2740 4904 ἵνα
2773 4850 2950 4924 μάθῃς
2971 4852 3052 4904 ὅτι
3077 4851 3196 4905 τότε
3242 4852 3476 4923 μάλιστα
3494 4855 3583 4906 ai-

2012 4931 2296 4985 σθάνονται
2318 4931 2427 4984 τῶν
2475 4933 2688 4986 οἰκείων
2719 4934 2959 5003 ἀγαθῶν,
2996 4936 3125 4988 ὅταν
3151 4937 3297 5006 ἡμᾶς
3321 4937 3505 4992 ίδωσιν
3525 4938 3584 4992 ἐν

2009 5013 2276 5086 ἀσφαλείᾳ
2326 5015 2502 5080 ὄντας,
2554 5017 2646 5069 καὶ
2699 5018 2960 5087 μεγίστην
3015 5017 3182 5088 τιμὴν
3239 5019 3302 5072 τὸ
3352 5022 3582 5093 πρᾶγμα

2009 5097 2284 5166 ἡγοῦνται,
2319 5097 2546 5151 ἄκουσον
2572 5099 2666 5152 τοῦ
2701 5099 2909 5152 Παύλου
2930 5100 3196 5168 λέγοντος·
3224 5102 3356 5156 Νῦν
3377 5101 3582 5172 ζῶμεν,

2007 5178 2116 5234 ἐὰν
2159 5181 2327 5249 ὑμεῖς
2380 5181 2643 5248 στήκητε
2672 5182 2741 5234 ἐν
2771 5183 2981 5250 Κυρίῳ.
3023 5183 3132 5237 Καὶ
3168 5186 3198 5237 ό
3242 5185 3483 5254 Μωῦσῆς
3525 5185 3584 5238 δὲ

2012 5263 2116 5334 πρὸ
2137 5263 2326 5317 τούτου
2350 5265 2486 5335 πρὸς
2509 5267 2598 5317 τὸν
2624 5265 2756 5318 Θεὸν
2780 5266 2987 5335 ἔλεγεν
3009 5270 3080 5322 Εἰ
3103 5267 3219 5336 μὲν
3265 5267 3428 5337 ἀφῇς
3471 5270 3580 5322 αὺ-

2012 5345 2134 5410 τοῖς
2170 5346 2284 5414 τὴν
2314 5348 2622 5417 ἁμαρτίαν,
2662 5349 2828 5418 ἄφες·
2852 5353 2903 5405 εί
2941 5351 3132 5421 δὲμὴ,
3169 5351 3321 5420 κάμὲ
3351 5349 3582 5415 ἐξάλει-

2009 5431 2132 5496 11:01-
2144 5430 2212 5483 ἐκ
2240 5429 2349 5498 τῆς
2367 5432 2586 5495 βίϐλου
2615 5427 2690 5502 ἧς
2713 5433 2999 5503 ἔγραψας
3025 5435 3123 5488 οὐκ
3143 5433 3470 5505 αἰσθάνομαι
3484 5438 3586 5506 τῆς

2010 5513 2121 5566 ἄνω
2158 5513 2326 5584 τιμῆς
2349 5514 2437 5567 διὰ
2465 5516 2565 5585 τὴν
2591 5516 2796 5570 τούτων
2825 5516 3194 5589 δυσπραγίαν,
3220 5518 3376 5588 φησί’
3397 5517 3584 5591 σώμαο

2009 5612 2103 5658 τος
2129 5597 2236 5668 γάρ
2263 5598 2409 5650 ἐστιν
2451 5600 2743 5655 ἀκολουθία
2785 5600 2895 5655 τῶν
2946 5597 3153 5653 πιστῶν
3186 5601 3249 5654 τὸ
3285 5601 3580 5674 πλήρωμαο

2003 5677 2053 5730 τί
2087 5679 2265 5731 τοίνυν
2308 5681 2500 5749 ὄφελος
2547 5681 2646 5752 τὴν
2701 5683 2944 5756 κεφαλὴν
2999 5683 3420 5757 στεφανοῦσθαι,
3470 5683 3581 5738 τῶν

2006 5761 2179 5816 ποδῶν
2213 5763 2583 5835 κολαζομένων
2609 5783 2621 5829 ;
