4080 6198
285 306 385 363 677

283 432 410 486 ergo
441 423 600 485 caput
627 412 872 468 coronari
903 411 1139 482 prodest,
1172 411 1296 466 dum
1328 411 1491 480 pedes
1517 412 1868 481 torquentur?

363 507 613 576 Martyres
639 522 738 572 quo
768 514 913 573 pacto
943 503 1193 558 imitandi.
1222 534 1292 543 —
1322 504 1386 558 Et
1411 504 1497 574 qui
1529 505 1641 559 ﬁeri
1672 513 1866 573 potest,

283 599 424 652 dicet
452 598 664 668 aliquis,
699 607 753 650 ut
785 605 1044 669 martyres
1069 596 1369 650 imitemur?
1393 612 1495 650 non
1527 597 1667 652 enim
1691 611 1871 666 perse-A

285 690 558 758 quutionis
582 699 667 744 est
694 699 916 758 tempus.
959 688 1214 758 Equidem
1245 688 1294 743 id
1317 689 1475 743 etiam
1501 690 1613 743 scio
1646 706 1658 740 :
1687 702 1868 757 perse-

285 779 561 848 quutionis
580 779 792 849 quidem
817 787 1024 847 tempus
1051 793 1155 832 non
1174 786 1276 844 est,
1297 787 1350 831 at
1370 778 1608 847 martyrii
1629 785 1711 832 est
1733 786 1871 830 tem-

289 886 389 939 pus
419 887 432 921 :
466 869 724 924 luctarum
752 869 1012 939 ejusmodi
1043 879 1249 939 tempus
1276 884 1382 923 non
1408 878 1509 931 est,
1553 877 1606 921 at
1645 882 1870 923 corona-

287 979 405 1016 rum
436 971 518 1018 est
548 970 757 1031 tempus
785 977 798 1013 :
830 976 933 1014 non
964 969 1354 1029 persequuntur
1379 960 1642 1024 homines,
1675 968 1726 1012 at
1753 974 1872 1028 per-

288 1061 585 1123 sequuntur
608 1052 880 1107 daemones
922 1069 937 1106 :
978 1067 1082 1106 non
1112 1061 1268 1106 vexat
1293 1060 1583 1123 tyrannus,
1629 1060 1684 1106 at
1712 1059 1874 1104 vexat

291 1144 535 1197 diabolus
563 1152 907 1214 tyrannorum
930 1143 1164 1196 omnium
1193 1143 1518 1198 saevissimus
1543 1160 1555 1204 ;
1587 1158 1690 1197 non
1727 1143 1874 1212 obje-

291 1246 407 1288 ctas
442 1250 638 1304 prunas
667 1233 965 1304 conspicis,
995 1243 1050 1288 at
1078 1233 1379 1303 cupiditatis
1415 1234 1680 1303 conspicis
1716 1235 1872 1288 ﬂam-

292 1342 433 1380 mam
456 1339 735 1381 accensam
767 1342 781 1378 :
813 1325 884 1378 illi
919 1341 1116 1394 prunas
1146 1325 1436 1390 calcarunt,
1467 1333 1754 1378 ttrnaturte
1780 1340 1875 1394 py-

296 1435 406 1474 ram
428 1419 573 1472 calea
609 1434 621 1468 :
649 1417 723 1471 illi
755 1432 874 1470 cum
903 1415 1086 1470 bestiis
1112 1423 1430 1486 pugnarunt,
1463 1425 1516 1469 tu
1549 1416 1677 1469 iram
1702 1415 1874 1469 immi-

295 1521 400 1564 tem
431 1518 486 1563 et
508 1508 816 1563 indomitam
848 1507 1081 1562 belluam
1109 1506 1254 1560 frena
1285 1522 1298 1558 :
1337 1505 1413 1560 illi
1443 1505 1698 1560 adversus
1737 1506 1874 1560 into-

292 1598 542 1654 lerabiles
590 1598 805 1653 dolores
845 1607 1137 1661 steterunt,
1181 1606 1236 1651 tu
1285 1596 1542 1652 absurdas
1583 1611 1874 1666 pravasque

293 1689 642 1759 cogitationes
663 1729 676 1752 ,
707 1703 825 1757 qua:
855 1688 907 1742 in
945 1687 1106 1742 corde
1146 1697 1236 1741 tuo
1275 1687 1552 1757 pullulant,
1574 1687 1726 1742 vince
1757 1705 1770 1741 :
1803 1689 1874 1741 ita

293 1789 560 1849 martyres
585 1778 882 1832 imitabere.
909 1776 959 1830 Ν
967 1794 1063 1831 unc
1089 1779 1218 1831 enim
1243 1777 1382 1831 nobis
1411 1794 1512 1831 non
1532 1786 1604 1832 est
1630 1779 1874 1832 collucta-

294 1873 365 1924 tio
391 1871 631 1924 adversus
658 1887 858 1924 carnem
881 1879 925 1924 et
947 1871 1240 1941 sanguinem
1263 1886 1281 1935 ;
1306 1870 1394 1924 sed
1420 1871 1657 1925 adversus
1683 1871 1874 1940 princi-

296 1978 404 2030 pes,
434 1961 672 2015 adversus
719 1970 1004 2030 potestates,
1034 1962 1272 2016 adversus
1301 1962 1476 2015 mundi
1497 1972 1709 2016 rectores
1737 1972 1875 2016 tene-

297 2055 504 2108 brarum
529 2055 728 2120 harum,
758 2064 934 2108 contra
974 2055 1257 2126 spiritualia
1290 2056 1523 2124 nequitia
1563 2054 1788 2125 (Ep/tes.
1821 2054 1874 2108 6.

298 2144 413 2216 12).
445 2145 585 2214 Ignis
610 2154 690 2200 est
718 2145 979 2214 cupiditas
1005 2153 1208 2198 natura:
1228 2187 1241 2208 ,
1271 2143 1406 2214 ignis
1433 2144 1784 2200 inexstinctus
1816 2159 1878 2200 ac

297 2235 551 2305 perennis
572 2276 588 2302 ,
629 2236 776 2290 canis
802 2245 884 2290 est
909 2235 1126 2290 rabidus
1151 2242 1206 2290 et
1243 2237 1496 2290 insanus:
1527 2235 1650 2292 licet
1687 2236 1878 2291 millies

298 2341 420 2380 eum
475 2326 756 2396 propellas,
808 2327 1002 2381 millies
1045 2327 1296 2396 impetum
1326 2327 1466 2394 facit,
1505 2343 1605 2383 nec
1628 2328 1875 2383 absistit:

300 2430 441 2469 saeva
471 2415 684 2484 quidem
729 2430 1015 2484 prunarum
1056 2425 1138 2471 est
1159 2416 1392 2482 ﬂamma,
1426 2433 1610 2473 verum
1637 2417 1750 2474 haec
1785 2434 1878 2474 ve-

301 2506 602 2560 hementior
623 2516 704 2562 est
723 2507 935 2561 ﬂamma
957 2507 1297 2577 cupiditatis:
1329 2525 1614 2579 numquam
1643 2509 1883 2566 inducias

303 2599 427 2654 belli
450 2599 607 2669 hujus
631 2599 952 2666 obtinemus,
985 2615 1270 2671 numquam
1302 2617 1492 2672 pugna:
1529 2603 1883 2660 cessationem

302 2690 605 2744 obtinemus
629 2689 755 2744 dum
784 2690 834 2743 in
866 2689 966 2746 hac
985 2690 1089 2745 vita
1119 2706 1415 2758 versamur,
1447 2692 1538 2746 sed
1570 2703 1884 2762 perpetuum

303 2789 389 2834 est
425 2789 695 2836 certamen
717 2821 731 2846 ,
760 2789 894 2836 utet
921 2781 1194 2851 splendida
1235 2781 1325 2837 fiat
1352 2797 1568 2838 corona.
1597 2774 1885 2853 Propterea

307 2871 502 2925 Paulus
529 2885 626 2925 nos
646 2885 858 2941 semper
885 2881 1075 2938 armat,
1105 2873 1226 2942 quia
1252 2873 1375 2930 belli
1397 2883 1478 2928 est
1507 2883 1734 2943 tempus,
1763 2873 1886 2944 quia

305 2965 490 3035 vigilat
517 2979 729 3035 semper
776 2964 966 3020 hostis.
1009 2965 1172 3020 Visne
1213 2965 1506 3036 intelligere
1545 2965 1885 3037 cupiditatem

309 3071 415 3109 non
446 3056 623 3109 minus
647 3070 804 3126 quam
845 3056 1019 3126 ignem
1048 3056 1242 3111 urere?
1272 3055 1410 3111 Audi
1449 3055 1786 3112 Salomonem
1809 3056 1889 3112 di-

305 3156 540 3215 centem,
564 3147 845 3202 Ambulabit
860 3151 971 3218 quis
997 3164 1147 3219 super
1174 3165 1365 3220 prunas
1387 3149 1537 3220 ignis,
1555 3158 1602 3203 et
1618 3150 1768 3220 pedes
1788 3163 1888 3203 non

307 3237 602 3292 comburet?
639 3239 711 3292 sic
737 3239 825 3309 qui
850 3239 1004 3292 intrat
1043 3238 1111 3292 ad
1140 3237 1396 3292 mulierem
1423 3239 1641 3307 proximi
1683 3239 1797 3304 sui,
1843 3249 1890 3295 et

305 3327 395 3395 qui
420 3327 582 3398 tangit
607 3343 716 3381 eam
735 3368 753 3394 ,
801 3344 901 3381 non
929 3328 1020 3381 erit
1058 3328 1291 3382 innoxius
1334 3327 1526 3397 (Prov.
1557 3328 1610 3384 6.
1637 3329 1727 3384 28.
1759 3329 1887 3400 29).

313 3417 474 3474 Vides
501 3427 558 3472 ut
585 3425 772 3472 natura
801 3419 1104 3489 cupiditatis
1133 3429 1373 3473 naturam
1414 3420 1549 3489 ignis
1573 3420 1892 3476 tumuletur?

310 3508 459 3564 Sicut
483 3509 626 3564 enim
652 3509 768 3565 ﬂeri
797 3511 998 3581 nequit,
1025 3521 1083 3564 ut
1103 3512 1191 3580 qui
1219 3512 1385 3582 tangit
1412 3513 1608 3582 ignem,
1633 3528 1738 3568 non
1768 3529 1891 3568 ura-

313 3608 438 3652 tur:
475 3599 548 3653 ita
576 3597 930 3654 formosorum
967 3600 1209 3654 vultuum
1234 3612 1484 3670 aspectus
1510 3602 1631 3672 igne
1669 3603 1896 3658 celerius

316 3690 514 3745 lascive
551 3690 842 3746 intuentem
868 3691 1098 3745 animam
1139 3692 1389 3762 corripit;
1417 3701 1471 3746 et
1501 3692 1643 3747 velut
1667 3708 1896 3749 accensu

317 3778 486 3835 facilis
520 3781 760 3850 quaedam
791 3782 1070 3848 materies,
1103 3781 1173 3835 ita
1199 3797 1422 3851 corpora
1459 3783 1698 3853 speciosa
1737 3784 1896 3839 lasci-

319 3886 510 3926 vorum
533 3872 698 3927 oculis
718 3879 841 3927 sunt
868 3872 1095 3942 objecta.
1127 3872 1483 3941 Quamobrem
1504 3882 1780 3944 aspectum
1803 3855 1924 3929 ex?

320 3965 570 4019 teriorem
615 3964 915 4033 cupiditatis
962 3965 1067 4035 igni
1100 3979 1203 4018 non
1243 3973 1455 4034 oportet
1492 3965 1545 4019 in
1590 3965 1898 4020 alimentum

319 4053 535 4122 offerre,
559 4054 653 4110 sed
680 4054 824 4109 omni
846 4070 909 4109 ex
930 4063 1081 4125 parte
1102 4055 1353 4110 cohibere
1377 4055 1547 4121 illum,
1570 4055 1905 4126 cogitationi-

320 4145 419 4200 bus
447 4147 550 4216 piis
579 4147 954 4216 exstinguere,
998 4156 1156 4217 atque
1190 4147 1412 4203 ulterius
1437 4157 1768 4218 grassantem
1809 4149 1902 4204 de-

323 4237 686 4308 ﬂagrationem
714 4237 1004 4303 refrenare,
1035 4253 1134 4294 nec
1164 4239 1326 4294 animi
1357 4240 1522 4295 nostri
1552 4242 1903 4297 constantiam

324 4327 500 4382 sinere
526 4327 878 4398 supplantari.
910 4329 1050 4384 Sane
1074 4329 1288 4399 quidem
1310 4330 1551 4401 voluptas
1577 4333 1770 4399 omnis,
1797 4348 1905 4404 quo

326 4427 567 4488 tempore
605 4420 1030 4488 perturbationes
1050 4421 1435 4492 prtevaluerint
1454 4463 1469 4486 ,
1495 4423 1634 4477 solet
1669 4425 1905 4480 animum

325 4509 447 4578 igne
491 4507 862 4564 vehementius
889 4510 1239 4579 inﬂammare,
1272 4513 1374 4567 nisi
1404 4514 1522 4583 quis
1549 4513 1756 4570 fortiter
1783 4532 1904 4571 eum

324 4599 606 4656 tolerantia
648 4595 857 4671 ﬁde'que
898 4602 1158 4658 adversus
1206 4604 1441 4674 singulas
1486 4608 1909 4676 perturbationes

325 4689 609 4744 decertet:
641 4705 748 4761 quo
781 4702 938 4762 pacto
979 4693 1166 4748 beatus
1202 4705 1362 4767 atque
1386 4711 1678 4767 generosus
1707 4699 1910 4754 athleta

325 4782 527 4837 Christi
563 4781 806 4837 Barlaam
845 4782 969 4838 fecit
989 4825 1003 4851 ,
1035 4785 1162 4840 dum
1192 4765 1584 4858 manus'ipsius
1614 4798 1904 4860 torquetur,

321 4874 586 4945 integram
607 4876 657 4929 in
683 4875 901 4932 dextera
923 4893 1106 4948 pyram
1127 4889 1360 4949 gestans,
1386 4895 1483 4936 nec
1497 4880 1667 4936 dolori
1691 4882 1907 4946 cedens,

322 4966 420 5019 sed
451 4967 522 5020 ita
550 4965 770 5022 affectus
788 5009 802 5033 ,
839 4976 896 5022 ut
924 4969 1099 5023 minus
1128 4985 1286 5040 quam
1314 4979 1484 5026 statua
1511 4971 1784 5029 doloribus
1807 4973 1910 5029 ob-

321 5057 521 5114 noxius
548 5068 710 5114 esset.
734 5059 846 5115 lmo
871 5076 999 5116 vero
1025 5061 1239 5116 dolebat
1262 5061 1351 5117 ille
1381 5063 1592 5132 quidem
1613 5105 1627 5130 ,
1651 5079 1714 5119 ac
1747 5066 1914 5134 patie-

322 5154 518 5216 batur;
541 5165 736 5221 corpus
761 5151 902 5206 enim
932 5162 1078 5220 erat,
1103 5152 1246 5224 quod
1283 5153 1622 5224 subjacebat,
1668 5170 1774 5210 non
1807 5155 1915 5211 fer-

325 5260 445 5297 rum
480 5260 493 5295 :
528 5242 622 5298 sed
648 5243 834 5300 dolens
863 5259 926 5299 ac
953 5245 1162 5315 patiens
1185 5245 1616 5315 incorporearum
1657 5248 1913 5303 virtutum

323 5337 382 5387 in
414 5335 625 5389 mortali
647 5350 873 5404 corpore
901 5336 1290 5407 philosophiam
1322 5352 1427 5406 pra:
1453 5351 1512 5391 se
1535 5336 1757 5402 ferebat,

400 5427 458 5479 2.
501 5425 864 5482 Narrationem
889 5429 951 5482 de
975 5428 1218 5500 martyrio
1245 5426 1487 5481 Barlaam
1515 5429 1726 5482 orditur.
1738 5429 1915 5485 -νο-

325 5519 731 5574 rumenimvero
758 5520 1070 5590 martyrium
1098 5519 1212 5589 ejus
1237 5519 1392 5573 altius
1411 5533 1636 5574 exorsus
1663 5525 1911 5587 narrabo,

329 5622 395 5666 ut
424 5612 758 5667 manifestior
788 5613 878 5666 fiat
906 5612 1125 5668 historia
1151 5628 1163 5663 :
1201 5621 1253 5665 tu
1281 5627 1407 5666 vero
1435 5609 1692 5666 malitiam
1723 5611 1916 5668 diaboli

321 5706 629 5761 considera.
653 5704 920 5773 Quosdam
965 5704 1178 5775 quidem
1203 5713 1506 5759 sanctorum
1538 5704 1590 5758 in
1617 5706 1916 5775 sartagines

1316 295 1383 352 IN
1423 297 1478 353 S.
1524 293 1948 351 BABLAAMUM
1987 293 2395 351 MARTYREM.

3403 301 3504 357 678

1977 407 2219 476 impulit,
2247 408 2501 477 quosdam
2532 417 2709 465 autem
2740 410 2792 464 in
2825 410 3026 466 lebetes
3057 411 3274 468 immisit
3314 415 3435 484 igne
3461 432 3551 468 ve-

1975 500 2278 555 hementius
2314 501 2631 564 bullientes;
2661 509 2714 556 et
2740 501 2928 556 horum
2955 504 3166 572 quidem
3195 505 3358 560 latera
3387 506 3550 560 lania-

1975 592 2071 658 vit,
2104 593 2219 646 illos
2242 601 2416 647 autem
2447 594 2499 646 in
2535 608 2681 648 mare
2705 593 2960 649 demersit
2987 612 3000 648 :
3033 597 3166 652 alios
3203 597 3387 653 bestiis
3408 599 3557 660 obje-

1975 682 2067 748 cit,
2103 682 2236 737 alios
2280 683 2332 736 in
2374 683 2642 739 fornacem
2673 683 2884 754 injecit;
2937 694 2990 739 et
3040 685 3227 741 horum
3266 703 3556 759 compages

1975 775 2336 830 membrorum
2364 775 2597 841 divulsit,
2633 776 2842 830 illorum
2872 777 3045 832 adhuc
3067 779 3358 835 viventium
3389 783 3556 852 pelles

1978 865 2205 920 detraxit
2228 882 2240 918 :
2268 867 2489 921 aliorum
2515 868 2806 922 cruentatis
2823 871 3133 938 corporibus
3156 888 3351 941 prunas
3371 874 3555 941 subje-

1977 956 2070 1020 cit,
2100 955 2239 1009 uude
2261 956 2505 1010 scintilla:
2534 957 2881 1026 prosiliebant
2909 960 2959 1012 in
2991 960 3190 1028 ulcera,
3216 962 3330 1016 fera
3358 965 3546 1032 quavis

1976 1046 2220 1100 acerbius
2250 1046 2468 1100 vulnera
2499 1048 2802 1103 mordentes
2833 1065 2848 1104 :
2881 1050 2998 1103 aliis
3021 1052 3123 1104 alia
3155 1053 3394 1122 graviora
3431 1070 3558 1123 sup-

1979 1136 2136 1206 plicia
2162 1137 2513 1207 excogitabat.
2547 1138 2833 1208 Postquam
2858 1140 3018 1209 igitur
3044 1141 3158 1197 haec
3181 1145 3356 1198 omnia
3380 1144 3555 1200 derisa

1976 1227 2125 1292 vidit,
2154 1235 2206 1281 et
2231 1242 2323 1281 eos
2343 1229 2427 1297 qui
2450 1228 2589 1298 passi
2610 1228 2722 1283 haec
2743 1228 2974 1297 fuerant,
3001 1247 3122 1286 cum
3145 1249 3205 1288 ea
3236 1235 3400 1288 multa
3431 1235 3559 1292 faci-

1981 1317 2125 1372 litate
2169 1333 2232 1372 ac
2276 1319 2626 1388 prmstantiori
2679 1320 2871 1376 virtute
2918 1335 3296 1392 superassent,
3351 1328 3560 1382 caeteris

1979 1407 2066 1476 qui
2111 1408 2386 1476 sequuturi
2437 1423 2530 1462 eos
2579 1419 2758 1464 essent
2810 1419 2866 1466 et
2910 1411 2964 1465 in
3018 1414 3312 1469 certamina
3368 1415 3558 1471 eadem

1978 1496 2326 1562 descensuri,
2372 1513 2618 1568 magnam
2661 1500 3000 1556 confidentia:
3041 1503 3374 1558 occasionem
3419 1514 3559 1559 attu-

1981 1589 2106 1644 lisse
2136 1606 2150 1645 :
2181 1589 2306 1658 quid
2327 1589 2473 1660 agit?
2497 1589 2702 1644 Novum
2730 1591 3036 1646 insidiarum
3062 1609 3230 1664 genus
3273 1596 3560 1666 excogitat,

1975 1689 2040 1734 ut
2079 1680 2422 1751 incogitatum
2449 1690 2503 1736 et
2529 1682 2795 1736 insolitum
2834 1685 3152 1756 supplicium
3177 1686 3388 1756 dejieiat
3417 1704 3563 1742 mar-

1982 1770 2112 1842 tyris
2159 1772 2391 1825 animum
2434 1781 2592 1842 atque
2635 1773 2908 1841 percellat.
2949 1775 3101 1842 Quod
3144 1777 3286 1832 enim
3324 1777 3562 1832 auditum

1979 1873 2062 1918 est
2087 1871 2142 1918 et
2163 1864 2428 1934 cognitum
2450 1907 2463 1930 ,
2497 1865 2621 1920 licet
2650 1866 2983 1923 intolerabile
3012 1869 3114 1935 sit,
3163 1872 3562 1940 exSpectatione

1983 1955 2293 2011 meditatum
2320 1956 2475 2013 facile
2505 1958 2555 2012 in
2596 1969 2958 2029 contemptum
2985 1961 3131 2016 venit
3161 1981 3175 2017 :
3214 1965 3355 2033 quod
3382 1975 3562 2020 autem

1982 2054 2064 2100 est
2094 2045 2421 2115 inopinatum
2443 2088 2457 2112 ,
2490 2047 2612 2103 licet
2649 2048 2764 2104 leve
2789 2051 2891 2116 sit,
2921 2050 2972 2104 id
3016 2067 3124 2121 pra:
3152 2053 3362 2108 caneris
3387 2056 3564 2110 omni-

1985 2135 2085 2190 bus
2111 2144 2194 2191 est
2233 2136 2642 2193 intolerandum.
2675 2140 2802 2194 Esto
2851 2141 3007 2211 igitur
3032 2157 3225 2197 novum
3257 2155 3524 2199 certamen
3551 2187 3565 2208 .

1986 2226 2290 2281 inusitatum
2323 2228 2829 2296 machinamentum,
2854 2239 2910 2284 ut
2935 2247 3068 2286 nova
3097 2243 3150 2288 et
3179 2234 3424 2288 inusitata
3453 2235 3568 2304 ejus

1985 2319 2192 2387 species
2223 2320 2584 2386 perturbatum
2615 2320 2768 2376 facile
2803 2322 3056 2376 athletam
3082 2325 3405 2394 snpplantet.
3432 2325 3570 2391 Quid

1985 2424 2112 2478 ergo
2140 2409 2299 2464 facit?
2321 2409 2573 2466 Sanctum
2591 2426 2621 2466 e
2638 2427 2851 2468 carcere
2879 2413 3113 2468 vinetum
3143 2413 3337 2470 educit.
3359 2414 3570 2470 Etenim

1989 2499 2093 2556 hoc
2115 2515 2326 2571 quoque
2351 2502 2564 2557 malitia:
2593 2502 2732 2558 illius
2762 2502 2889 2570 fuit,
2931 2504 3072 2575 quod
3093 2506 3270 2561 statim
3313 2521 3344 2560 a
3371 2507 3574 2577 princi-

1991 2592 2082 2663 pio
2119 2608 2307 2663 graves
2344 2593 2619 2650 machinas
2660 2610 2764 2650 non
2795 2596 3120 2664 admoverit,
3167 2613 3266 2654 nec
3311 2599 3574 2655 horrenda

1993 2683 2249 2753 supplicia
2281 2685 2548 2752 intulerit,
2577 2685 2670 2741 sed
2693 2701 2723 2740 a
2745 2687 3042 2744 minoribus
3069 2705 3294 2759 pugnam
3327 2691 3572 2758 iniverit;

1993 2773 2246 2846 quidita?
2275 2774 2342 2831 Ut
2369 2775 2415 2830 si
2459 2776 2673 2846 quidem
2701 2777 2774 2846 ii,
2813 2779 2902 2848 qui
2949 2779 3321 2850 depugnabant
3345 2823 3361 2848 ,
3393 2784 3575 2838 vince-

1989 2874 2195 2930 rentur,
2225 2866 2390 2936 turpis
2420 2865 2573 2923 fieret
2595 2883 2780 2923 eorum
2809 2869 2989 2926 clades
3015 2913 3030 2937 ,
3074 2871 3213 2942 quod
3263 2887 3328 2928 ne
3371 2874 3576 2944 exiguis

1999 2954 2216 3026 quidem
2255 2957 2603 3024 restitissent;
2649 2960 2729 3014 sin
2757 2971 2932 3015 autem
2971 2965 3272 3031 superiores
3297 2975 3478 3019 essent
3517 2981 3580 3021 ac

1996 3045 2309 3114 vincerent,
2359 3064 2480 3104 cum
2513 3050 2565 3105 in
2618 3051 2914 3107 minoribus
2965 3054 3112 3123 prius
3139 3069 3322 3108 eorum
3369 3057 3580 3112 afﬂicta:

1997 3137 2139 3192 vires
2174 3147 2382 3206 essent,
2408 3154 2438 3194 a
2483 3140 2773 3210 majoribus
2801 3145 3092 3214 expugnari
3136 3143 3294 3200 facile
3342 3158 3579 3215 possent.

1997 3226 2201 3284 Idcirco
2225 3229 2432 3285 minora
2465 3231 2610 3300 prius
2637 3232 2907 3301 adhibuit,
2936 3243 2991 3288 ut
3019 3235 3133 3290 sive
3169 3237 3580 3306 expugnaverit,

1997 3321 2110 3377 sive
2151 3337 2258 3378 non
2290 3323 2700 3393 expugnaverit,
2733 3339 2821 3380 res
2875 3334 3069 3396 praeter
3107 3334 3287 3381 votum
3329 3341 3433 3382 non
3463 3343 3586 3382 sue-

1998 3411 2154 3466 cedat
2182 3429 2195 3467 :
2227 3411 2350 3468 Sive
2379 3414 2520 3468 enim
2566 3429 2971 3485 expugnavero,
3004 3416 3209 3487 inquit,
3260 3418 3406 3487 ipsos
3445 3418 3586 3473 deri-

2001 3517 2153 3568 sero;
2183 3505 2226 3557 si
2252 3513 2428 3560 autem
2447 3521 2552 3560 non
2583 3520 2975 3576 expugnavere,
3002 3507 3326 3569 infirmiores
3349 3509 3416 3564 ad
3447 3509 3587 3564 lutu-

2001 3610 2059 3650 ra
2085 3595 2385 3652 reddidero.
2415 3599 2458 3652 E
2486 3613 2702 3655 carcere
2727 3599 2882 3670 igitur
2906 3601 3078 3669 ipsum
3096 3600 3304 3666 educit;
3336 3600 3423 3656 ille
3458 3615 3588 3656 vero

2004 3697 2270 3759 tamquam
2300 3703 2590 3759 generosus
2632 3690 2829 3746 athleta
2859 3691 3026 3745 multo
3058 3699 3295 3761 tempore
3333 3691 3387 3746 in
3427 3691 3587 3761 palat-

2003 3789 2112 3836 stra
2156 3781 2478 3836 exercitatus
2519 3783 2698 3837 exibat
2726 3799 2739 3836 :
2766 3783 3010 3854 palaastra
3061 3783 3321 3854 siquidem
3369 3787 3591 3857 martyri

2006 3887 2188 3928 carcer
2213 3883 2361 3938 erat;
2391 3873 2567 3942 ibique
2608 3888 2848 3929 seorsum
2879 3889 2998 3929 cum
3029 3874 3141 3930 Deo
3183 3875 3493 3946 colloquens
3520 3877 3592 3932 ab

2007 3964 2102 4020 illo
2141 3975 2329 4020 cuncta
2359 3965 2662 4020 luctationis
2704 3966 2924 4021 artificia
2973 3966 3208 4023 discebat
3247 3983 3261 4022 :
3314 3968 3404 4022 ubi
3446 3969 3588 4024 enim

2010 4058 2132 4112 talia
2161 4057 2368 4113 vincula
2387 4099 2402 4124 ,
2431 4057 2502 4113 ibi
2533 4065 2587 4112 et
2622 4056 2866 4114 Christus
2890 4058 3063 4114 adest.

2082 4149 2422 4221 Importuntur
2447 4151 2621 4204 manui
2648 4150 2755 4221 ejus
2784 4149 3251 4221 prume'ardentes;
3272 4150 3487 4222 eleganti
3516 4151 3588 4206 si-

2012 4243 2297 4297 militudine
2320 4241 2508 4311 factum
2533 4253 2761 4296 exornat.
2782 4272 2853 4282 —
2880 4241 3060 4312 Itaque
3079 4241 3449 4312 egrediebatur
3475 4243 3593 4299 lon-

2012 4333 2146 4404 giori
2172 4331 2402 4387 careeris
2443 4331 2767 4386 habitatione
2787 4331 3054 4387 robustior
3081 4331 3291 4400 factus;
3317 4350 3590 4405 egressum

2013 4433 2192 4479 autem
2223 4423 2371 4477 illum
2400 4438 2520 4477 cum
2560 4423 2612 4476 in
2658 4421 2892 4476 medium
2937 4422 3178 4478 diabolus
3215 4440 3308 4494 per
3335 4439 3462 4490 eos,
3502 4427 3594 4497 qui

2015 4515 2182 4585 ipsius
2211 4513 2536 4584 improbitati
2567 4511 2976 4576 famulabantur,
3010 4513 3347 4578 adduxisset,
3379 4532 3482 4570 non
3529 4517 3594 4571 ad

2016 4605 2298 4675 equuleum
2347 4603 2618 4674 alligavit,
2677 4618 2780 4658 non
2834 4603 3173 4660 carnificibus
3214 4605 3429 4661 cinxit:
3483 4607 3596 4664 haec

2017 4695 2157 4749 enim
2185 4708 2308 4748 eum
2333 4708 2654 4764 percupere,
2679 4708 2742 4748 ac
2773 4694 3196 4764 praemeditatum
3227 4712 3345 4752 esse
3367 4698 3595 4770 jampri-

2018 4784 2136 4840 dem
2161 4785 2408 4849 videbat;
2441 4783 2534 4839 sed
2565 4785 2796 4840 insolens
2821 4785 3085 4855 quoddam
3130 4803 3194 4841 ac
3222 4803 3412 4842 novum
3437 4830 3451 4856 ,
3501 4806 3599 4846 nec

2019 4891 2267 4946 umquam
2290 4875 2626 4930 formidatum
2658 4875 3139 4932 machinamentum
3167 4879 3418 4936 admovet
3446 4884 3596 4948 turri,

2022 4982 2126 5037 quo
2157 4966 2310 5020 facile
2351 4965 2519 5034 possit
2548 4965 2857 5020 deturbari:
2906 4967 3007 5022 hoc
3034 4968 3178 5023 enim
3207 4978 3318 5037 est,
3360 4970 3502 5040 quod
3546 4972 3600 5027 in

2021 5061 2266 5116 omnibus
2295 5059 2473 5115 studet
2511 5061 2769 5123 maxime,
2797 5071 2852 5115 ut
2881 5062 3182 5132 supplantet
3213 5064 3417 5133 potius,
3446 5082 3602 5136 quam

2021 5161 2078 5207 ut
2102 5151 2288 5206 dolore
2325 5161 2569 5221 torqueat
2599 5161 2832 5207 sanctos.
2863 5151 3140 5218 Quodnam
3168 5155 3327 5224 igitur
3365 5155 3496 5211 illud
3524 5166 3607 5210 est

2022 5242 2546 5298 machinamentum?
2573 5242 2704 5298 Cum
2727 5259 2888 5313 super
2910 5259 3057 5300 aram
3080 5246 3369 5302 extendere
3389 5261 3604 5302 manum

2024 5338 2264 5408 supinam
2287 5337 2575 5407 jussissent
2599 5379 2614 5401 ,
2662 5351 2857 5406 prunas
2886 5347 2942 5393 et
2965 5339 3088 5394 thus
3113 5339 3292 5394 manui
3331 5339 3606 5409 imposue-

2026 5438 2184 5497 runt,
2213 5438 2270 5484 ut
2299 5429 2342 5483 si
2387 5427 2566 5483 doleat
2595 5443 2656 5484 ac
2691 5444 2908 5484 manum
2959 5431 3218 5495 invertat,
3266 5429 3487 5500 perinde
3534 5431 3612 5488 illi

2025 5523 2222 5578 factum
2251 5523 2509 5592 imputent
2531 5563 2544 5586 ,
2579 5536 2640 5576 ac
2674 5522 2715 5576 si
2740 5521 3291 5594 saeriﬂcaveritatque
3313 5532 3612 5593 transgres-

2027 5627 2118 5667 sus
2161 5613 2340 5682 lapsus
2368 5612 2541 5668 fuerit.
2579 5611 2740 5667 Vides
2763 5628 2921 5682 quam
2955 5621 3202 5668 versutus
3227 5613 3299 5669 sit
3324 5611 3612 5668 diabolus?

2034 5706 2101 5759 At
2130 5704 2270 5772 vide,
2300 5721 2402 5776 quo
2425 5712 2578 5776 pacto
2615 5705 2686 5772 is,
2723 5706 2808 5774 qui
2837 5701 3236 5773 comprehendit
3268 5703 3533 5776 sapientes
3557 5713 3610 5766 ιη
