  <div class='ocr_page' id='page_1' title='image "/cluster/home/n/w/nwhite01/storage/ocr_20150623/50/hvd.32044069618742/277.png"; bbox 0 0 4080 6198; ppageno 0'>
   <div class='ocr_carea' id='block_1_1' title="bbox 479 305 584 366">
    <p class='ocr_par' dir='ltr' id='par_1_1' title="bbox 479 305 584 366">
     <span class='ocr_line' id='line_1_1' title="bbox 479 305 584 366; baseline 0 -3"><span class='ocrx_word' id='word_1_1' title='bbox 479 305 584 366; x_wconf 77' lang='lat'><strong>679</strong></span> 
     </span>
    </p>
   </div>
   <div class='ocr_carea' id='block_1_2' title="bbox 477 402 2060 487">
    <p class='ocr_par' dir='ltr' id='par_1_2' title="bbox 477 402 2060 487">
     <span class='ocr_line' id='line_1_2' title="bbox 477 402 2060 487; baseline -0.016 -11"><span class='ocrx_word' id='word_1_2' title='bbox 477 420 670 476; x_wconf 73' lang='lat' dir='ltr'><strong>astutia</strong></span> <span class='ocrx_word' id='word_1_3' title='bbox 697 429 884 474; x_wconf 87' lang='lat' dir='ltr'><strong>eorum</strong></span> <span class='ocrx_word' id='word_1_4' title='bbox 909 413 1034 487; x_wconf 72' lang='lat' dir='ltr'><strong>(Iob</strong></span> <span class='ocrx_word' id='word_1_5' title='bbox 1061 413 1113 469; x_wconf 79' lang='lat'><strong>5.</strong></span> <span class='ocrx_word' id='word_1_6' title='bbox 1143 411 1233 482; x_wconf 78' lang='lat' dir='ltr'><strong>l5)</strong></span> <span class='ocrx_word' id='word_1_7' title='bbox 1253 449 1270 478; x_wconf 90' lang='lat'><strong>,</strong></span> <span class='ocrx_word' id='word_1_8' title='bbox 1297 409 1444 464; x_wconf 85' lang='lat' dir='ltr'><strong>irrita</strong></span> <span class='ocrx_word' id='word_1_9' title='bbox 1477 407 1618 460; x_wconf 79' lang='lat' dir='ltr'><strong>illius</strong></span> <span class='ocrx_word' id='word_1_10' title='bbox 1638 402 2060 458; x_wconf 81' lang='lat' dir='ltr'><strong>machinamenta</strong></span> 
     </span>
    </p>
   </div>
   <div class='ocr_carea' id='block_1_3' title="bbox 482 496 2058 576">
    <p class='ocr_par' dir='ltr' id='par_1_3' title="bbox 482 496 2058 576">
     <span class='ocr_line' id='line_1_3' title="bbox 482 496 2058 576; baseline -0.015 -10"><span class='ocrx_word' id='word_1_11' title='bbox 482 510 809 576; x_wconf 76' lang='lat' dir='ltr'><strong>reddiderit,</strong></span> <span class='ocrx_word' id='word_1_12' title='bbox 831 519 886 564; x_wconf 84' lang='lat' dir='ltr'><strong>et</strong></span> <span class='ocrx_word' id='word_1_13' title='bbox 913 506 1224 561; x_wconf 87' lang='lat' dir='ltr'><strong>insidiarum</strong></span> <span class='ocrx_word' id='word_1_14' title='bbox 1245 499 1569 570; x_wconf 70' lang='lat' dir='ltr'><strong>diligentiam</strong></span> <span class='ocrx_word' id='word_1_15' title='bbox 1601 496 1938 564; x_wconf 68' lang='lat' dir='ltr'><strong>malitiarqum</strong></span> <span class='ocrx_word' id='word_1_16' title='bbox 1965 507 2058 544; x_wconf 88' lang='lat' dir='ltr'><strong>va-</strong></span> 
     </span>
    </p>
   </div>
   <div class='ocr_carea' id='block_1_4' title="bbox 481 584 2056 659">
    <p class='ocr_par' dir='ltr' id='par_1_4' title="bbox 481 584 2056 659">
     <span class='ocr_line' id='line_1_4' title="bbox 481 584 2056 659; baseline -0.015 -2"><span class='ocrx_word' id='word_1_17' title='bbox 481 604 674 656; x_wconf 82' lang='lat' dir='ltr'><strong>fritiem</strong></span> <span class='ocrx_word' id='word_1_18' title='bbox 702 603 756 654; x_wconf 91' lang='lat' dir='ltr'><strong>in</strong></span> <span class='ocrx_word' id='word_1_19' title='bbox 781 597 1073 653; x_wconf 79' lang='lat' dir='ltr'><strong>attetarium</strong></span> <span class='ocrx_word' id='word_1_20' title='bbox 1091 603 1146 648; x_wconf 89' lang='lat' dir='ltr'><strong>et</strong></span> <span class='ocrx_word' id='word_1_21' title='bbox 1169 592 1438 646; x_wconf 65' lang='lat' dir='ltr'><strong>cum-talum</strong></span> <span class='ocrx_word' id='word_1_22' title='bbox 1466 587 1652 659; x_wconf 66' lang='lat' dir='ltr'><strong>gloriae</strong></span> <span class='ocrx_word' id='word_1_23' title='bbox 1675 584 1921 655; x_wconf 75' lang='lat' dir='ltr'><strong>martyris</strong></span> <span class='ocrx_word' id='word_1_24' title='bbox 1941 597 2056 636; x_wconf 88' lang='lat' dir='ltr'><strong>am-</strong></span> 
     </span>
    </p>
   </div>
   <div class='ocr_carea' id='block_1_5' title="bbox 482 674 2066 760">
    <p class='ocr_par' dir='ltr' id='par_1_5' title="bbox 482 674 2066 760">
     <span class='ocr_line' id='line_1_5' title="bbox 482 674 2066 760; baseline -0.011 -16"><span class='ocrx_word' id='word_1_25' title='bbox 482 692 668 760; x_wconf 83' lang='lat' dir='ltr'><strong>plioris</strong></span> <span class='ocrx_word' id='word_1_26' title='bbox 699 692 933 744; x_wconf 85' lang='lat' dir='ltr'><strong>verterit.</strong></span> <span class='ocrx_word' id='word_1_27' title='bbox 977 685 1108 739; x_wconf 88' lang='lat' dir='ltr'><strong>Nam</strong></span> <span class='ocrx_word' id='word_1_28' title='bbox 1144 699 1262 738; x_wconf 87' lang='lat' dir='ltr'><strong>cum</strong></span> <span class='ocrx_word' id='word_1_29' title='bbox 1295 679 1587 736; x_wconf 74' lang='lat' dir='ltr'><strong>innumeris</strong></span> <span class='ocrx_word' id='word_1_30' title='bbox 1611 677 1769 746; x_wconf 67' lang='lat' dir='ltr'><strong>rebus</strong></span> <span class='ocrx_word' id='word_1_31' title='bbox 1797 674 2066 728; x_wconf 79' lang='lat' dir='ltr'><strong>malitiose</strong></span> 
     </span>
    </p>
   </div>
   <div class='ocr_carea' id='block_1_6' title="bbox 484 764 2058 852">
    <p class='ocr_par' dir='ltr' id='par_1_6' title="bbox 484 764 2058 852">
     <span class='ocr_line' id='line_1_6' title="bbox 484 764 2058 852; baseline -0.013 -16"><span class='ocrx_word' id='word_1_32' title='bbox 484 781 835 852; x_wconf 82' lang='lat' dir='ltr'><strong>perpetratis,</strong></span> <span class='ocrx_word' id='word_1_33' title='bbox 885 776 1216 832; x_wconf 79' lang='lat' dir='ltr'><strong>adversarius</strong></span> <span class='ocrx_word' id='word_1_34' title='bbox 1249 772 1439 827; x_wconf 84' lang='lat' dir='ltr'><strong>deinde</strong></span> <span class='ocrx_word' id='word_1_35' title='bbox 1483 771 1654 824; x_wconf 89' lang='lat' dir='ltr'><strong>victus</strong></span> <span class='ocrx_word' id='word_1_36' title='bbox 1706 764 2058 828; x_wconf 68' lang='lat' dir='ltr'><strong>abscesserit,</strong></span> 
     </span>
    </p>
   </div>
   <div class='ocr_carea' id='block_1_7' title="bbox 485 859 2062 933">
    <p class='ocr_par' dir='ltr' id='par_1_7' title="bbox 485 859 2062 933">
     <span class='ocr_line' id='line_1_7' title="bbox 485 859 2062 933; baseline -0.011 -5"><span class='ocrx_word' id='word_1_37' title='bbox 485 886 592 928; x_wconf 82' lang='lat' dir='ltr'><strong>tum</strong></span> <span class='ocrx_word' id='word_1_38' title='bbox 621 873 876 926; x_wconf 79' lang='lat' dir='ltr'><strong>illustrior</strong></span> <span class='ocrx_word' id='word_1_39' title='bbox 903 868 1079 922; x_wconf 87' lang='lat' dir='ltr'><strong>evadit</strong></span> <span class='ocrx_word' id='word_1_40' title='bbox 1121 866 1318 919; x_wconf 83' lang='lat' dir='ltr'><strong>atbh-ta-</strong></span> <span class='ocrx_word' id='word_1_41' title='bbox 1366 863 1614 933; x_wconf 86' lang='lat' dir='ltr'><strong>pietatis:</strong></span> <span class='ocrx_word' id='word_1_42' title='bbox 1654 861 1702 914; x_wconf 91' lang='lat' dir='ltr'><strong>id</strong></span> <span class='ocrx_word' id='word_1_43' title='bbox 1731 859 1868 930; x_wconf 87' lang='lat' dir='ltr'><strong>quod</strong></span> <span class='ocrx_word' id='word_1_44' title='bbox 1899 859 2062 912; x_wconf 84' lang='lat' dir='ltr'><strong>etiam</strong></span> 
     </span>
    </p>
   </div>
   <div class='ocr_carea' id='block_1_8' title="bbox 484 951 2062 1020">
    <p class='ocr_par' dir='ltr' id='par_1_8' title="bbox 484 951 2062 1020">
     <span class='ocr_line' id='line_1_8' title="bbox 484 951 2062 1020; baseline -0.012 0"><span class='ocrx_word' id='word_1_45' title='bbox 484 966 572 1020; x_wconf 83' lang='lat' dir='ltr'><strong>hic</strong></span> <span class='ocrx_word' id='word_1_46' title='bbox 597 962 792 1018; x_wconf 87' lang='lat' dir='ltr'><strong>evenit.</strong></span> <span class='ocrx_word' id='word_1_47' title='bbox 823 961 1016 1016; x_wconf 81' lang='lat' dir='ltr'><strong>Beatus</strong></span> <span class='ocrx_word' id='word_1_48' title='bbox 1063 959 1203 1012; x_wconf 85' lang='lat' dir='ltr'><strong>enim</strong></span> <span class='ocrx_word' id='word_1_49' title='bbox 1250 956 1488 1010; x_wconf 81' lang='lat' dir='ltr'><strong>Barlaam</strong></span> <span class='ocrx_word' id='word_1_50' title='bbox 1513 969 1607 1007; x_wconf 91' lang='lat' dir='ltr'><strong>nec</strong></span> <span class='ocrx_word' id='word_1_51' title='bbox 1631 951 1932 1006; x_wconf 77' lang='lat' dir='ltr'><strong>inclinatam</strong></span> <span class='ocrx_word' id='word_1_52' title='bbox 1964 961 2062 1002; x_wconf 85' lang='lat' dir='ltr'><strong>nec</strong></span> 
     </span>
    </p>
   </div>
   <div class='ocr_carea' id='block_1_9' title="bbox 483 1037 2066 1117">
    <p class='ocr_par' dir='ltr' id='par_1_9' title="bbox 483 1037 2066 1117">
     <span class='ocr_line' id='line_1_9' title="bbox 483 1037 2066 1117; baseline -0.011 -7"><span class='ocrx_word' id='word_1_53' title='bbox 483 1055 748 1110; x_wconf 68' lang='lat' dir='ltr'><strong>inversum</strong></span> <span class='ocrx_word' id='word_1_54' title='bbox 775 1065 988 1107; x_wconf 82' lang='lat' dir='ltr'><strong>manum</strong></span> <span class='ocrx_word' id='word_1_55' title='bbox 1021 1058 1210 1104; x_wconf 85' lang='lat' dir='ltr'><strong>tenens</strong></span> <span class='ocrx_word' id='word_1_56' title='bbox 1256 1047 1578 1117; x_wconf 80' lang='lat' dir='ltr'><strong>permansit,</strong></span> <span class='ocrx_word' id='word_1_57' title='bbox 1634 1043 1782 1112; x_wconf 87' lang='lat' dir='ltr'><strong>quasi</strong></span> <span class='ocrx_word' id='word_1_58' title='bbox 1829 1057 1892 1094; x_wconf 90' lang='lat' dir='ltr'><strong>ex</strong></span> <span class='ocrx_word' id='word_1_59' title='bbox 1923 1037 2066 1094; x_wconf 83' lang='lat' dir='ltr'><strong>ferro</strong></span> 
     </span>
    </p>
   </div>
   <div class='ocr_carea' id='block_1_10' title="bbox 481 1135 2060 1210">
    <p class='ocr_par' dir='ltr' id='par_1_10' title="bbox 481 1135 2060 1210">
     <span class='ocr_line' id='line_1_10' title="bbox 481 1135 2060 1210; baseline -0.012 -8"><span class='ocrx_word' id='word_1_60' title='bbox 481 1146 768 1202; x_wconf 78' lang='lat' dir='ltr'><strong>conﬂatam</strong></span> <span class='ocrx_word' id='word_1_61' title='bbox 787 1143 1006 1198; x_wconf 82' lang='lat' dir='ltr'><strong>haberet</strong></span> <span class='ocrx_word' id='word_1_62' title='bbox 1031 1159 1042 1193; x_wconf 92' lang='lat'><strong>:</strong></span> <span class='ocrx_word' id='word_1_63' title='bbox 1073 1141 1312 1210; x_wconf 77' lang='lat' dir='ltr'><strong>quamvis</strong></span> <span class='ocrx_word' id='word_1_64' title='bbox 1333 1138 1375 1192; x_wconf 87' lang='lat' dir='ltr'><strong>si</strong></span> <span class='ocrx_word' id='word_1_65' title='bbox 1400 1151 1657 1192; x_wconf 83' lang='lat' dir='ltr'><strong>coaversa</strong></span> <span class='ocrx_word' id='word_1_66' title='bbox 1689 1135 1822 1188; x_wconf 83' lang='lat' dir='ltr'><strong>foret</strong></span> <span class='ocrx_word' id='word_1_67' title='bbox 1850 1145 2060 1196; x_wconf 88' lang='lat' dir='ltr'><strong>manus,</strong></span> 
     </span>
    </p>
   </div>
   <div class='ocr_carea' id='block_1_11' title="bbox 485 1229 1704 1306">
    <p class='ocr_par' dir='ltr' id='par_1_11' title="bbox 485 1229 1704 1306">
     <span class='ocr_line' id='line_1_11' title="bbox 485 1229 1704 1306; baseline -0.014 -10"><span class='ocrx_word' id='word_1_68' title='bbox 485 1251 554 1296; x_wconf 73' lang='lat' dir='ltr'><strong>ne</strong></span> <span class='ocrx_word' id='word_1_69' title='bbox 581 1240 658 1292; x_wconf 88' lang='lat' dir='ltr'><strong>sic</strong></span> <span class='ocrx_word' id='word_1_70' title='bbox 678 1236 892 1306; x_wconf 75' lang='lat' dir='ltr'><strong>quidem</strong></span> <span class='ocrx_word' id='word_1_71' title='bbox 920 1233 1168 1303; x_wconf 75' lang='lat' dir='ltr'><strong>martyris</strong></span> <span class='ocrx_word' id='word_1_72' title='bbox 1201 1231 1250 1284; x_wconf 88' lang='lat' dir='ltr'><strong>id</strong></span> <span class='ocrx_word' id='word_1_73' title='bbox 1278 1231 1479 1284; x_wconf 83' lang='lat' dir='ltr'><strong>crimen</strong></span> <span class='ocrx_word' id='word_1_74' title='bbox 1503 1229 1704 1282; x_wconf 88' lang='lat' dir='ltr'><strong>fuisset.</strong></span> 
     </span>
    </p>
   </div>
   <div class='ocr_carea' id='block_1_12' title="bbox 553 1315 2065 1396">
    <p class='ocr_par' dir='ltr' id='par_1_12' title="bbox 553 1315 2065 1396">
     <span class='ocr_line' id='line_1_12' title="bbox 553 1315 2065 1396; baseline -0.015 -8"><span class='ocrx_word' id='word_1_75' title='bbox 553 1335 606 1388; x_wconf 77' lang='lat'><strong>5.</strong></span> <span class='ocrx_word' id='word_1_76' title='bbox 641 1331 736 1384; x_wconf 91' lang='lat' dir='ltr'><strong>llic</strong></span> <span class='ocrx_word' id='word_1_77' title='bbox 765 1328 894 1382; x_wconf 86' lang='lat' dir='ltr'><strong>mihi</strong></span> <span class='ocrx_word' id='word_1_78' title='bbox 921 1327 1202 1396; x_wconf 75' lang='lat' dir='ltr'><strong>diligenter</strong></span> <span class='ocrx_word' id='word_1_79' title='bbox 1228 1323 1456 1376; x_wconf 89' lang='lat' dir='ltr'><strong>animum</strong></span> <span class='ocrx_word' id='word_1_80' title='bbox 1484 1334 1668 1373; x_wconf 88' lang='lat' dir='ltr'><strong>omnes</strong></span> <span class='ocrx_word' id='word_1_81' title='bbox 1690 1315 1947 1372; x_wconf 82' lang='lat' dir='ltr'><strong>advertite</strong></span> <span class='ocrx_word' id='word_1_82' title='bbox 1967 1357 1982 1378; x_wconf 89' lang='lat'><strong>,</strong></span> <span class='ocrx_word' id='word_1_83' title='bbox 2011 1321 2065 1367; x_wconf 90' lang='lat' dir='ltr'><strong>ut</strong></span> 
     </span>
    </p>
   </div>
   <div class='ocr_carea' id='block_1_13' title="bbox 484 1409 2062 1490">
    <p class='ocr_par' dir='ltr' id='par_1_13' title="bbox 484 1409 2062 1490">
     <span class='ocr_line' id='line_1_13' title="bbox 484 1409 2062 1490; baseline -0.013 -13"><span class='ocrx_word' id='word_1_84' title='bbox 484 1421 788 1490; x_wconf 82' lang='lat' dir='ltr'><strong>iutelligatis</strong></span> <span class='ocrx_word' id='word_1_85' title='bbox 809 1459 823 1483; x_wconf 93' lang='lat'><strong>,</strong></span> <span class='ocrx_word' id='word_1_86' title='bbox 852 1416 1060 1473; x_wconf 82' lang='lat' dir='ltr'><strong>tametsi</strong></span> <span class='ocrx_word' id='word_1_87' title='bbox 1096 1415 1310 1468; x_wconf 81' lang='lat' dir='ltr'><strong>dextera</strong></span> <span class='ocrx_word' id='word_1_88' title='bbox 1344 1412 1527 1466; x_wconf 78' lang='lat' dir='ltr'><strong>fuisset</strong></span> <span class='ocrx_word' id='word_1_89' title='bbox 1560 1409 1798 1472; x_wconf 86' lang='lat' dir='ltr'><strong>inversa,</strong></span> <span class='ocrx_word' id='word_1_90' title='bbox 1846 1419 1952 1460; x_wconf 85' lang='lat' dir='ltr'><strong>non</strong></span> <span class='ocrx_word' id='word_1_91' title='bbox 1983 1415 2062 1457; x_wconf 88' lang='lat' dir='ltr'><strong>ta-</strong></span> 
     </span>
    </p>
   </div>
   <div class='ocr_carea' id='block_1_14' title="bbox 487 1495 2066 1565">
    <p class='ocr_par' dir='ltr' id='par_1_14' title="bbox 487 1495 2066 1565">
     <span class='ocr_line' id='line_1_14' title="bbox 487 1495 2066 1565; baseline -0.011 0"><span class='ocrx_word' id='word_1_92' title='bbox 487 1527 610 1565; x_wconf 85' lang='lat' dir='ltr'><strong>men</strong></span> <span class='ocrx_word' id='word_1_93' title='bbox 649 1511 846 1564; x_wconf 86' lang='lat' dir='ltr'><strong>idcirco</strong></span> <span class='ocrx_word' id='word_1_94' title='bbox 871 1509 1074 1562; x_wconf 84' lang='lat' dir='ltr'><strong>victum</strong></span> <span class='ocrx_word' id='word_1_95' title='bbox 1101 1519 1222 1560; x_wconf 85' lang='lat' dir='ltr'><strong>eum</strong></span> <span class='ocrx_word' id='word_1_96' title='bbox 1251 1499 1659 1557; x_wconf 85' lang='lat' dir='ltr'><strong>existimandum</strong></span> <span class='ocrx_word' id='word_1_97' title='bbox 1690 1498 1851 1552; x_wconf 87' lang='lat' dir='ltr'><strong>fuisse</strong></span> <span class='ocrx_word' id='word_1_98' title='bbox 1880 1514 1895 1552; x_wconf 88' lang='lat'><strong>:</strong></span> <span class='ocrx_word' id='word_1_99' title='bbox 1939 1495 2066 1565; x_wconf 91' lang='lat' dir='ltr'><strong>quid</strong></span> 
     </span>
    </p>
   </div>
   <div class='ocr_carea' id='block_1_15' title="bbox 487 1589 2066 1670">
    <p class='ocr_par' dir='ltr' id='par_1_15' title="bbox 487 1589 2066 1670">
     <span class='ocr_line' id='line_1_15' title="bbox 487 1589 2066 1670; baseline -0.009 -14"><span class='ocrx_word' id='word_1_100' title='bbox 487 1604 602 1657; x_wconf 80' lang='lat' dir='ltr'><strong>ita?</strong></span> <span class='ocrx_word' id='word_1_101' title='bbox 627 1602 760 1670; x_wconf 90' lang='lat' dir='ltr'><strong>Quia</strong></span> <span class='ocrx_word' id='word_1_102' title='bbox 794 1601 1042 1654; x_wconf 78' lang='lat' dir='ltr'><strong>nimirum</strong></span> <span class='ocrx_word' id='word_1_103' title='bbox 1063 1639 1077 1662; x_wconf 91' lang='lat'><strong>,</strong></span> <span class='ocrx_word' id='word_1_104' title='bbox 1111 1605 1168 1651; x_wconf 87' lang='lat' dir='ltr'><strong>ut</strong></span> <span class='ocrx_word' id='word_1_105' title='bbox 1203 1595 1270 1650; x_wconf 89' lang='lat' dir='ltr'><strong>de</strong></span> <span class='ocrx_word' id='word_1_106' title='bbox 1317 1595 1419 1648; x_wconf 88' lang='lat' dir='ltr'><strong>illis</strong></span> <span class='ocrx_word' id='word_1_107' title='bbox 1439 1636 1451 1657; x_wconf 89' lang='lat'><strong>,</strong></span> <span class='ocrx_word' id='word_1_108' title='bbox 1483 1593 1675 1663; x_wconf 84' lang='lat' dir='ltr'><strong>quibus</strong></span> <span class='ocrx_word' id='word_1_109' title='bbox 1713 1591 1878 1644; x_wconf 84' lang='lat' dir='ltr'><strong>latera</strong></span> <span class='ocrx_word' id='word_1_110' title='bbox 1911 1589 2066 1643; x_wconf 86' lang='lat' dir='ltr'><strong>dera—</strong></span> 
     </span>
    </p>
   </div>
   <div class='ocr_carea' id='block_1_16' title="bbox 484 1687 2062 1761">
    <p class='ocr_par' dir='ltr' id='par_1_16' title="bbox 484 1687 2062 1761">
     <span class='ocr_line' id='line_1_16' title="bbox 484 1687 2062 1761; baseline -0.01 -13"><span class='ocrx_word' id='word_1_111' title='bbox 484 1695 702 1758; x_wconf 80' lang='lat' dir='ltr'><strong>duutur,</strong></span> <span class='ocrx_word' id='word_1_112' title='bbox 752 1701 844 1748; x_wconf 89' lang='lat' dir='ltr'><strong>aut</strong></span> <span class='ocrx_word' id='word_1_113' title='bbox 895 1692 984 1761; x_wconf 93' lang='lat' dir='ltr'><strong>qui</strong></span> <span class='ocrx_word' id='word_1_114' title='bbox 1027 1689 1131 1744; x_wconf 88' lang='lat' dir='ltr'><strong>alia</strong></span> <span class='ocrx_word' id='word_1_115' title='bbox 1177 1689 1422 1759; x_wconf 81' lang='lat' dir='ltr'><strong>quapiam</strong></span> <span class='ocrx_word' id='word_1_116' title='bbox 1471 1687 1680 1739; x_wconf 83' lang='lat' dir='ltr'><strong>ratione</strong></span> <span class='ocrx_word' id='word_1_117' title='bbox 1727 1689 2062 1750; x_wconf 83' lang='lat' dir='ltr'><strong>torquentur,</strong></span> 
     </span>
    </p>
   </div>
   <div class='ocr_carea' id='block_1_17' title="bbox 480 1775 2062 1857">
    <p class='ocr_par' dir='ltr' id='par_1_17' title="bbox 480 1775 2062 1857">
     <span class='ocr_line' id='line_1_17' title="bbox 480 1775 2062 1857; baseline -0.008 -18"><span class='ocrx_word' id='word_1_118' title='bbox 480 1787 780 1857; x_wconf 67' lang='lat' dir='ltr'><strong>iudicamus</strong></span> <span class='ocrx_word' id='word_1_119' title='bbox 803 1825 818 1850; x_wconf 95' lang='lat'><strong>,</strong></span> <span class='ocrx_word' id='word_1_120' title='bbox 847 1786 917 1839; x_wconf 87' lang='lat' dir='ltr'><strong>ita</strong></span> <span class='ocrx_word' id='word_1_121' title='bbox 955 1784 1040 1838; x_wconf 91' lang='lat' dir='ltr'><strong>hie</strong></span> <span class='ocrx_word' id='word_1_122' title='bbox 1077 1797 1290 1852; x_wconf 90' lang='lat' dir='ltr'><strong>quoque</strong></span> <span class='ocrx_word' id='word_1_123' title='bbox 1322 1779 1578 1850; x_wconf 88' lang='lat' dir='ltr'><strong>judicium</strong></span> <span class='ocrx_word' id='word_1_124' title='bbox 1631 1775 1908 1832; x_wconf 80' lang='lat' dir='ltr'><strong>ferendum</strong></span> <span class='ocrx_word' id='word_1_125' title='bbox 1961 1781 2062 1827; x_wconf 88' lang='lat' dir='ltr'><strong>est.</strong></span> 
     </span>
    </p>
   </div>
   <div class='ocr_carea' id='block_1_18' title="bbox 484 1869 2066 1948">
    <p class='ocr_par' dir='ltr' id='par_1_18' title="bbox 484 1869 2066 1948">
     <span class='ocr_line' id='line_1_18' title="bbox 484 1869 2066 1948; baseline -0.009 -14"><span class='ocrx_word' id='word_1_126' title='bbox 484 1881 616 1934; x_wconf 80' lang='lat' dir='ltr'><strong>Nam</strong></span> <span class='ocrx_word' id='word_1_127' title='bbox 681 1880 724 1934; x_wconf 92' lang='lat' dir='ltr'><strong>si</strong></span> <span class='ocrx_word' id='word_1_128' title='bbox 787 1879 1004 1948; x_wconf 87' lang='lat' dir='ltr'><strong>quidem</strong></span> <span class='ocrx_word' id='word_1_129' title='bbox 1073 1876 1336 1931; x_wconf 89' lang='lat' dir='ltr'><strong>cesserint-</strong></span> <span class='ocrx_word' id='word_1_130' title='bbox 1388 1887 1452 1927; x_wconf 90' lang='lat' dir='ltr'><strong>ae</strong></span> <span class='ocrx_word' id='word_1_131' title='bbox 1518 1869 1905 1933; x_wconf 89' lang='lat' dir='ltr'><strong>saerifiearint,</strong></span> <span class='ocrx_word' id='word_1_132' title='bbox 1956 1876 2066 1920; x_wconf 92' lang='lat' dir='ltr'><strong>tum</strong></span> 
     </span>
    </p>
   </div>
   <div class='ocr_carea' id='block_1_19' title="bbox 487 1957 2066 2034">
    <p class='ocr_par' dir='ltr' id='par_1_19' title="bbox 487 1957 2066 2034">
     <span class='ocr_line' id='line_1_19' title="bbox 487 1957 2066 2034; baseline -0.01 -8"><span class='ocrx_word' id='word_1_133' title='bbox 487 1972 540 2026; x_wconf 91' lang='lat' dir='ltr'><strong>in</strong></span> <span class='ocrx_word' id='word_1_134' title='bbox 611 1970 1026 2025; x_wconf 79' lang='lat' dir='ltr'><strong>imbecillitatem</strong></span> <span class='ocrx_word' id='word_1_135' title='bbox 1074 1967 1285 2022; x_wconf 90' lang='lat' dir='ltr'><strong>illorum</strong></span> <span class='ocrx_word' id='word_1_136' title='bbox 1335 1965 1490 2034; x_wconf 89' lang='lat' dir='ltr'><strong>culpa</strong></span> <span class='ocrx_word' id='word_1_137' title='bbox 1543 1962 1880 2026; x_wconf 86' lang='lat' dir='ltr'><strong>transfertur,</strong></span> <span class='ocrx_word' id='word_1_138' title='bbox 1924 1957 2066 2030; x_wconf 90' lang='lat' dir='ltr'><strong>quod</strong></span> 
     </span>
    </p>
   </div>
   <div class='ocr_carea' id='block_1_20' title="bbox 489 2053 2065 2123">
    <p class='ocr_par' dir='ltr' id='par_1_20' title="bbox 489 2053 2065 2123">
     <span class='ocr_line' id='line_1_20' title="bbox 489 2053 2065 2123; baseline -0.01 -7"><span class='ocrx_word' id='word_1_139' title='bbox 489 2077 610 2117; x_wconf 89' lang='lat' dir='ltr'><strong>cum</strong></span> <span class='ocrx_word' id='word_1_140' title='bbox 639 2061 849 2116; x_wconf 87' lang='lat' dir='ltr'><strong>dolores</strong></span> <span class='ocrx_word' id='word_1_141' title='bbox 891 2059 1108 2112; x_wconf 87' lang='lat' dir='ltr'><strong>minime</strong></span> <span class='ocrx_word' id='word_1_142' title='bbox 1139 2057 1362 2123; x_wconf 90' lang='lat' dir='ltr'><strong>ferrent,</strong></span> <span class='ocrx_word' id='word_1_143' title='bbox 1407 2054 1790 2116; x_wconf 86' lang='lat' dir='ltr'><strong>sacrifiearint;</strong></span> <span class='ocrx_word' id='word_1_144' title='bbox 1837 2053 1882 2107; x_wconf 88' lang='lat' dir='ltr'><strong>si</strong></span> <span class='ocrx_word' id='word_1_145' title='bbox 1911 2065 2065 2114; x_wconf 88' lang='lat' dir='ltr'><strong>vero,</strong></span> 
     </span>
    </p>
   </div>
   <div class='ocr_carea' id='block_1_21' title="bbox 489 2141 2068 2218">
    <p class='ocr_par' dir='ltr' id='par_1_21' title="bbox 489 2141 2068 2218">
     <span class='ocr_line' id='line_1_21' title="bbox 489 2141 2068 2218; baseline -0.009 -11"><span class='ocrx_word' id='word_1_146' title='bbox 489 2167 610 2207; x_wconf 89' lang='lat' dir='ltr'><strong>cum</strong></span> <span class='ocrx_word' id='word_1_147' title='bbox 645 2153 696 2205; x_wconf 87' lang='lat' dir='ltr'><strong>in</strong></span> <span class='ocrx_word' id='word_1_148' title='bbox 725 2151 1008 2206; x_wconf 86' lang='lat' dir='ltr'><strong>tormentis</strong></span> <span class='ocrx_word' id='word_1_149' title='bbox 1049 2155 1484 2218; x_wconf 84' lang='lat' dir='ltr'><strong>perseverassent</strong></span> <span class='ocrx_word' id='word_1_150' title='bbox 1508 2187 1522 2208; x_wconf 85' lang='lat'><strong>,</strong></span> <span class='ocrx_word' id='word_1_151' title='bbox 1551 2145 1820 2200; x_wconf 87' lang='lat' dir='ltr'><strong>doluerint</strong></span> <span class='ocrx_word' id='word_1_152' title='bbox 1849 2143 1921 2197; x_wconf 88' lang='lat' dir='ltr'><strong>illi</strong></span> <span class='ocrx_word' id='word_1_153' title='bbox 1949 2141 2068 2211; x_wconf 89' lang='lat' dir='ltr'><strong>qui-</strong></span> 
     </span>
    </p>
   </div>
   <div class='ocr_carea' id='block_1_22' title="bbox 488 2237 2072 2312">
    <p class='ocr_par' dir='ltr' id='par_1_22' title="bbox 488 2237 2072 2312">
     <span class='ocr_line' id='line_1_22' title="bbox 488 2237 2072 2312; baseline -0.008 -15"><span class='ocrx_word' id='word_1_154' title='bbox 488 2244 610 2297; x_wconf 84' lang='lat' dir='ltr'><strong>dem</strong></span> <span class='ocrx_word' id='word_1_155' title='bbox 646 2242 715 2296; x_wconf 87' lang='lat' dir='ltr'><strong>ob</strong></span> <span class='ocrx_word' id='word_1_156' title='bbox 743 2257 801 2297; x_wconf 89' lang='lat' dir='ltr'><strong>ea</strong></span> <span class='ocrx_word' id='word_1_157' title='bbox 824 2283 839 2307; x_wconf 89' lang='lat'><strong>,</strong></span> <span class='ocrx_word' id='word_1_158' title='bbox 867 2255 985 2310; x_wconf 78' lang='lat' dir='ltr'><strong>qua:</strong></span> <span class='ocrx_word' id='word_1_159' title='bbox 1013 2239 1366 2312; x_wconf 83' lang='lat' dir='ltr'><strong>patiebantur,</strong></span> <span class='ocrx_word' id='word_1_160' title='bbox 1401 2247 1455 2290; x_wconf 90' lang='lat' dir='ltr'><strong>at</strong></span> <span class='ocrx_word' id='word_1_161' title='bbox 1475 2237 1782 2305; x_wconf 79' lang='lat' dir='ltr'><strong>religionem</strong></span> <span class='ocrx_word' id='word_1_162' title='bbox 1811 2245 1916 2288; x_wconf 90' lang='lat' dir='ltr'><strong>n0n</strong></span> <span class='ocrx_word' id='word_1_163' title='bbox 1943 2247 2072 2302; x_wconf 83' lang='lat' dir='ltr'><strong>pro-</strong></span> 
     </span>
    </p>
   </div>
   <div class='ocr_carea' id='block_1_23' title="bbox 489 2325 2071 2400">
    <p class='ocr_par' dir='ltr' id='par_1_23' title="bbox 489 2325 2071 2400">
     <span class='ocr_line' id='line_1_23' title="bbox 489 2325 2071 2400; baseline -0.006 -14"><span class='ocrx_word' id='word_1_164' title='bbox 489 2333 751 2397; x_wconf 88' lang='lat' dir='ltr'><strong>dideriut,</strong></span> <span class='ocrx_word' id='word_1_165' title='bbox 789 2333 988 2386; x_wconf 90' lang='lat' dir='ltr'><strong>nullum</strong></span> <span class='ocrx_word' id='word_1_166' title='bbox 1021 2331 1095 2384; x_wconf 86' lang='lat' dir='ltr'><strong>eis</strong></span> <span class='ocrx_word' id='word_1_167' title='bbox 1125 2345 1154 2382; x_wconf 90' lang='lat' dir='ltr'><strong>a</strong></span> <span class='ocrx_word' id='word_1_168' title='bbox 1182 2344 1445 2400; x_wconf 87' lang='lat' dir='ltr'><strong>quoquam</strong></span> <span class='ocrx_word' id='word_1_169' title='bbox 1481 2335 1696 2397; x_wconf 86' lang='lat' dir='ltr'><strong>propter</strong></span> <span class='ocrx_word' id='word_1_170' title='bbox 1727 2327 1824 2380; x_wconf 90' lang='lat' dir='ltr'><strong>hos</strong></span> <span class='ocrx_word' id='word_1_171' title='bbox 1862 2325 2071 2378; x_wconf 89' lang='lat' dir='ltr'><strong>dolores</strong></span> 
     </span>
    </p>
   </div>
   <div class='ocr_carea' id='block_1_24' title="bbox 491 2415 2072 2492">
    <p class='ocr_par' dir='ltr' id='par_1_24' title="bbox 491 2415 2072 2492">
     <span class='ocr_line' id='line_1_24' title="bbox 491 2415 2072 2492; baseline -0.006 -15"><span class='ocrx_word' id='word_1_172' title='bbox 491 2424 694 2478; x_wconf 89' lang='lat' dir='ltr'><strong>crimen</strong></span> <span class='ocrx_word' id='word_1_173' title='bbox 737 2422 1044 2492; x_wconf 82' lang='lat' dir='ltr'><strong>impingitur</strong></span> <span class='ocrx_word' id='word_1_174' title='bbox 1073 2439 1087 2475; x_wconf 92' lang='lat'>:</span> <span class='ocrx_word' id='word_1_175' title='bbox 1119 2421 1244 2491; x_wconf 87' lang='lat' dir='ltr'><strong>quin</strong></span> <span class='ocrx_word' id='word_1_176' title='bbox 1277 2421 1450 2490; x_wconf 78' lang='lat' dir='ltr'><strong>petitis</strong></span> <span class='ocrx_word' id='word_1_177' title='bbox 1480 2418 1706 2487; x_wconf 87' lang='lat' dir='ltr'><strong>amplius</strong></span> <span class='ocrx_word' id='word_1_178' title='bbox 1733 2431 1827 2471; x_wconf 89' lang='lat' dir='ltr'><strong>eos</strong></span> <span class='ocrx_word' id='word_1_179' title='bbox 1876 2415 2072 2470; x_wconf 91' lang='lat' dir='ltr'><strong>idcirco</strong></span> 
     </span>
    </p>
   </div>
   <div class='ocr_carea' id='block_1_25' title="bbox 495 2506 2074 2582">
    <p class='ocr_par' dir='ltr' id='par_1_25' title="bbox 495 2506 2074 2582">
     <span class='ocr_line' id='line_1_25' title="bbox 495 2506 2074 2582; baseline -0.008 -9"><span class='ocrx_word' id='word_1_180' title='bbox 495 2515 763 2573; x_wconf 72' lang='lat' dir='ltr'><strong>efferimus</strong></span> <span class='ocrx_word' id='word_1_181' title='bbox 804 2527 866 2567; x_wconf 85' lang='lat' dir='ltr'><strong>ac</strong></span> <span class='ocrx_word' id='word_1_182' title='bbox 892 2513 1197 2578; x_wconf 87' lang='lat' dir='ltr'><strong>laudamus,</strong></span> <span class='ocrx_word' id='word_1_183' title='bbox 1245 2511 1384 2582; x_wconf 87' lang='lat' dir='ltr'><strong>quod</strong></span> <span class='ocrx_word' id='word_1_184' title='bbox 1432 2510 1703 2564; x_wconf 85' lang='lat' dir='ltr'><strong>doloribus</strong></span> <span class='ocrx_word' id='word_1_185' title='bbox 1739 2507 1913 2562; x_wconf 82' lang='lat' dir='ltr'><strong>affecti</strong></span> <span class='ocrx_word' id='word_1_186' title='bbox 1941 2506 2074 2560; x_wconf 83' lang='lat' dir='ltr'><strong>tole-</strong></span> 
     </span>
    </p>
   </div>
   <div class='ocr_carea' id='block_1_26' title="bbox 489 2599 2070 2674">
    <p class='ocr_par' dir='ltr' id='par_1_26' title="bbox 489 2599 2070 2674">
     <span class='ocr_line' id='line_1_26' title="bbox 489 2599 2070 2674; baseline -0.007 -12"><span class='ocrx_word' id='word_1_187' title='bbox 489 2606 759 2670; x_wconf 87' lang='lat' dir='ltr'><strong>raverint,</strong></span> <span class='ocrx_word' id='word_1_188' title='bbox 803 2619 901 2660; x_wconf 89' lang='lat' dir='ltr'><strong>nec</strong></span> <span class='ocrx_word' id='word_1_189' title='bbox 939 2603 1270 2674; x_wconf 86' lang='lat' dir='ltr'><strong>abnegarint.</strong></span> <span class='ocrx_word' id='word_1_190' title='bbox 1313 2602 1382 2657; x_wconf 85' lang='lat' dir='ltr'><strong>Et</strong></span> <span class='ocrx_word' id='word_1_191' title='bbox 1425 2601 1511 2656; x_wconf 91' lang='lat' dir='ltr'><strong>hic</strong></span> <span class='ocrx_word' id='word_1_192' title='bbox 1549 2601 1727 2670; x_wconf 81' lang='lat' dir='ltr'><strong>igitur,</strong></span> <span class='ocrx_word' id='word_1_193' title='bbox 1777 2599 2070 2669; x_wconf 86' lang='lat' dir='ltr'><strong>siquidem,</strong></span> 
     </span>
    </p>
   </div>
   <div class='ocr_carea' id='block_1_27' title="bbox 489 2695 2074 2764">
    <p class='ocr_par' dir='ltr' id='par_1_27' title="bbox 489 2695 2074 2764">
     <span class='ocr_line' id='line_1_27' title="bbox 489 2695 2074 2764; baseline -0.004 -9"><span class='ocrx_word' id='word_1_194' title='bbox 489 2715 610 2755; x_wconf 91' lang='lat' dir='ltr'><strong>cum</strong></span> <span class='ocrx_word' id='word_1_195' title='bbox 660 2701 739 2755; x_wconf 91' lang='lat' dir='ltr'><strong>uri</strong></span> <span class='ocrx_word' id='word_1_196' title='bbox 810 2715 869 2755; x_wconf 90' lang='lat' dir='ltr'><strong>se</strong></span> <span class='ocrx_word' id='word_1_197' title='bbox 919 2715 1024 2754; x_wconf 88' lang='lat' dir='ltr'><strong>non</strong></span> <span class='ocrx_word' id='word_1_198' title='bbox 1080 2698 1269 2764; x_wconf 88' lang='lat' dir='ltr'><strong>ferret,</strong></span> <span class='ocrx_word' id='word_1_199' title='bbox 1325 2698 1514 2752; x_wconf 89' lang='lat' dir='ltr'><strong>beatus</strong></span> <span class='ocrx_word' id='word_1_200' title='bbox 1575 2697 1818 2751; x_wconf 88' lang='lat' dir='ltr'><strong>Barlaam</strong></span> <span class='ocrx_word' id='word_1_201' title='bbox 1869 2695 2074 2750; x_wconf 77' lang='lat' dir='ltr'><strong>sacriﬁ-</strong></span> 
     </span>
    </p>
   </div>
   <div class='ocr_carea' id='block_1_28' title="bbox 489 2787 2075 2862">
    <p class='ocr_par' dir='ltr' id='par_1_28' title="bbox 489 2787 2075 2862">
     <span class='ocr_line' id='line_1_28' title="bbox 489 2787 2075 2862; baseline -0.004 -15"><span class='ocrx_word' id='word_1_202' title='bbox 489 2803 730 2848; x_wconf 88' lang='lat' dir='ltr'><strong>caturmn</strong></span> <span class='ocrx_word' id='word_1_203' title='bbox 796 2809 856 2849; x_wconf 88' lang='lat' dir='ltr'><strong>se</strong></span> <span class='ocrx_word' id='word_1_204' title='bbox 933 2791 1308 2862; x_wconf 85' lang='lat' dir='ltr'><strong>promisisset,</strong></span> <span class='ocrx_word' id='word_1_205' title='bbox 1373 2789 1545 2844; x_wconf 82' lang='lat' dir='ltr'><strong>vietus</strong></span> <span class='ocrx_word' id='word_1_206' title='bbox 1610 2797 1783 2852; x_wconf 87' lang='lat' dir='ltr'><strong>esset;</strong></span> <span class='ocrx_word' id='word_1_207' title='bbox 1836 2787 1880 2842; x_wconf 90' lang='lat' dir='ltr'><strong>si</strong></span> <span class='ocrx_word' id='word_1_208' title='bbox 1946 2799 2075 2840; x_wconf 86' lang='lat' dir='ltr'><strong>vero</strong></span> 
     </span>
    </p>
   </div>
   <div class='ocr_carea' id='block_1_29' title="bbox 491 2879 2074 2951">
    <p class='ocr_par' dir='ltr' id='par_1_29' title="bbox 491 2879 2074 2951">
     <span class='ocr_line' id='line_1_29' title="bbox 491 2879 2074 2951; baseline -0.003 -12"><span class='ocrx_word' id='word_1_209' title='bbox 491 2903 598 2940; x_wconf 88' lang='lat' dir='ltr'><strong>nou</strong></span> <span class='ocrx_word' id='word_1_210' title='bbox 625 2888 850 2941; x_wconf 84' lang='lat' dir='ltr'><strong>cedente</strong></span> <span class='ocrx_word' id='word_1_211' title='bbox 877 2887 968 2941; x_wconf 91' lang='lat' dir='ltr'><strong>illo</strong></span> <span class='ocrx_word' id='word_1_212' title='bbox 996 2901 1184 2940; x_wconf 90' lang='lat' dir='ltr'><strong>manus</strong></span> <span class='ocrx_word' id='word_1_213' title='bbox 1215 2887 1422 2939; x_wconf 90' lang='lat' dir='ltr'><strong>inversa</strong></span> <span class='ocrx_word' id='word_1_214' title='bbox 1451 2885 1668 2948; x_wconf 90' lang='lat' dir='ltr'><strong>fuisset,</strong></span> <span class='ocrx_word' id='word_1_215' title='bbox 1702 2897 1805 2935; x_wconf 91' lang='lat' dir='ltr'><strong>non</strong></span> <span class='ocrx_word' id='word_1_216' title='bbox 1829 2883 1938 2951; x_wconf 87' lang='lat' dir='ltr'><strong>jam</strong></span> <span class='ocrx_word' id='word_1_217' title='bbox 1973 2879 2074 2934; x_wconf 90' lang='lat' dir='ltr'><strong>hoc</strong></span> 
     </span>
    </p>
   </div>
   <div class='ocr_carea' id='block_1_30' title="bbox 495 2975 2075 3052">
    <p class='ocr_par' dir='ltr' id='par_1_30' title="bbox 495 2975 2075 3052">
     <span class='ocr_line' id='line_1_30' title="bbox 495 2975 2075 3052; baseline -0.004 -18"><span class='ocrx_word' id='word_1_218' title='bbox 495 2983 742 3052; x_wconf 82' lang='lat' dir='ltr'><strong>martyris</strong></span> <span class='ocrx_word' id='word_1_219' title='bbox 762 2982 921 3034; x_wconf 89' lang='lat' dir='ltr'><strong>animi</strong></span> <span class='ocrx_word' id='word_1_220' title='bbox 951 2981 1152 3035; x_wconf 88' lang='lat' dir='ltr'><strong>crimen</strong></span> <span class='ocrx_word' id='word_1_221' title='bbox 1173 2989 1314 3033; x_wconf 83' lang='lat' dir='ltr'><strong>esset</strong></span> <span class='ocrx_word' id='word_1_222' title='bbox 1347 2997 1360 3032; x_wconf 92' lang='lat'><strong>:</strong></span> <span class='ocrx_word' id='word_1_223' title='bbox 1393 2994 1500 3032; x_wconf 88' lang='lat' dir='ltr'><strong>non</strong></span> <span class='ocrx_word' id='word_1_224' title='bbox 1531 2978 1670 3031; x_wconf 91' lang='lat' dir='ltr'><strong>enim</strong></span> <span class='ocrx_word' id='word_1_225' title='bbox 1697 2991 1760 3031; x_wconf 90' lang='lat' dir='ltr'><strong>ex</strong></span> <span class='ocrx_word' id='word_1_226' title='bbox 1792 2975 2075 3028; x_wconf 77' lang='lat' dir='ltr'><strong>voluntatis</strong></span> 
     </span>
    </p>
   </div>
   <div class='ocr_carea' id='block_1_31' title="bbox 495 3063 2075 3136">
    <p class='ocr_par' dir='ltr' id='par_1_31' title="bbox 495 3063 2075 3136">
     <span class='ocr_line' id='line_1_31' title="bbox 495 3063 2075 3136; baseline -0.004 -12"><span class='ocrx_word' id='word_1_227' title='bbox 495 3072 834 3136; x_wconf 79' lang='lat' dir='ltr'><strong>infirmitate,</strong></span> <span class='ocrx_word' id='word_1_228' title='bbox 879 3069 972 3126; x_wconf 89' lang='lat' dir='ltr'><strong>sed</strong></span> <span class='ocrx_word' id='word_1_229' title='bbox 1011 3081 1212 3125; x_wconf 71' lang='lat' dir='ltr'><strong>naturae</strong></span> <span class='ocrx_word' id='word_1_230' title='bbox 1239 3083 1526 3124; x_wconf 85' lang='lat' dir='ltr'><strong>nervorum</strong></span> <span class='ocrx_word' id='word_1_231' title='bbox 1559 3083 1656 3122; x_wconf 90' lang='lat' dir='ltr'><strong>suo</strong></span> <span class='ocrx_word' id='word_1_232' title='bbox 1689 3067 1868 3135; x_wconf 81' lang='lat' dir='ltr'><strong>vigore</strong></span> <span class='ocrx_word' id='word_1_233' title='bbox 1906 3063 2075 3119; x_wconf 90' lang='lat' dir='ltr'><strong>desti-</strong></span> 
     </span>
    </p>
   </div>
   <div class='ocr_carea' id='block_1_32' title="bbox 496 3153 2077 3232">
    <p class='ocr_par' dir='ltr' id='par_1_32' title="bbox 496 3153 2077 3232">
     <span class='ocr_line' id='line_1_32' title="bbox 496 3153 2077 3232; baseline -0.003 -18"><span class='ocrx_word' id='word_1_234' title='bbox 496 3173 621 3215; x_wconf 71' lang='lat' dir='ltr'><strong>tutae</strong></span> <span class='ocrx_word' id='word_1_235' title='bbox 641 3202 654 3224; x_wconf 92' lang='lat'><strong>,</strong></span> <span class='ocrx_word' id='word_1_236' title='bbox 679 3161 818 3232; x_wconf 84' lang='lat' dir='ltr'><strong>quod</strong></span> <span class='ocrx_word' id='word_1_237' title='bbox 849 3163 996 3216; x_wconf 84' lang='lat' dir='ltr'><strong>inviti</strong></span> <span class='ocrx_word' id='word_1_238' title='bbox 1017 3162 1173 3216; x_wconf 90' lang='lat' dir='ltr'><strong>etiam</strong></span> <span class='ocrx_word' id='word_1_239' title='bbox 1198 3161 1366 3215; x_wconf 90' lang='lat' dir='ltr'><strong>sancti</strong></span> <span class='ocrx_word' id='word_1_240' title='bbox 1391 3153 1578 3214; x_wconf 80' lang='lat' dir='ltr'><strong>manus</strong></span> <span class='ocrx_word' id='word_1_241' title='bbox 1607 3160 1674 3213; x_wconf 89' lang='lat' dir='ltr'><strong>ab</strong></span> <span class='ocrx_word' id='word_1_242' title='bbox 1727 3161 1848 3228; x_wconf 88' lang='lat' dir='ltr'><strong>igne</strong></span> <span class='ocrx_word' id='word_1_243' title='bbox 1889 3158 2077 3212; x_wconf 79' lang='lat' dir='ltr'><strong>fuisset</strong></span> 
     </span>
    </p>
   </div>
   <div class='ocr_carea' id='block_1_33' title="bbox 497 3251 2074 3326">
    <p class='ocr_par' dir='ltr' id='par_1_33' title="bbox 497 3251 2074 3326">
     <span class='ocr_line' id='line_1_33' title="bbox 497 3251 2074 3326; baseline -0.003 -18"><span class='ocrx_word' id='word_1_244' title='bbox 497 3255 718 3321; x_wconf 87' lang='lat' dir='ltr'><strong>inflexa,</strong></span> <span class='ocrx_word' id='word_1_245' title='bbox 753 3255 889 3309; x_wconf 90' lang='lat' dir='ltr'><strong>istud</strong></span> <span class='ocrx_word' id='word_1_246' title='bbox 937 3257 1264 3326; x_wconf 79' lang='lat' dir='ltr'><strong>contigisset.</strong></span> <span class='ocrx_word' id='word_1_247' title='bbox 1296 3251 1754 3322; x_wconf 83' lang='lat' dir='ltr'><strong>Quemadmodum</strong></span> <span class='ocrx_word' id='word_1_248' title='bbox 1795 3251 1936 3306; x_wconf 89' lang='lat' dir='ltr'><strong>enim</strong></span> <span class='ocrx_word' id='word_1_249' title='bbox 1979 3251 2074 3318; x_wconf 91' lang='lat' dir='ltr'><strong>iis,</strong></span> 
     </span>
    </p>
   </div>
   <div class='ocr_carea' id='block_1_34' title="bbox 497 3343 2073 3416">
    <p class='ocr_par' dir='ltr' id='par_1_34' title="bbox 497 3343 2073 3416">
     <span class='ocr_line' id='line_1_34' title="bbox 497 3343 2073 3416; baseline -0.001 -20"><span class='ocrx_word' id='word_1_250' title='bbox 497 3349 691 3416; x_wconf 83' lang='lat' dir='ltr'><strong>quibus</strong></span> <span class='ocrx_word' id='word_1_251' title='bbox 736 3347 1066 3400; x_wconf 86' lang='lat' dir='ltr'><strong>deraduntur</strong></span> <span class='ocrx_word' id='word_1_252' title='bbox 1113 3349 1308 3412; x_wconf 83' lang='lat' dir='ltr'><strong>latera,</strong></span> <span class='ocrx_word' id='word_1_253' title='bbox 1364 3361 1468 3398; x_wconf 91' lang='lat' dir='ltr'><strong>non</strong></span> <span class='ocrx_word' id='word_1_254' title='bbox 1523 3343 1731 3399; x_wconf 90' lang='lat' dir='ltr'><strong>crimini</strong></span> <span class='ocrx_word' id='word_1_255' title='bbox 1781 3343 2073 3408; x_wconf 86' lang='lat' dir='ltr'><strong>vertimus,</strong></span> 
     </span>
    </p>
   </div>
   <div class='ocr_carea' id='block_1_35' title="bbox 496 3435 2076 3508">
    <p class='ocr_par' dir='ltr' id='par_1_35' title="bbox 496 3435 2076 3508">
     <span class='ocr_line' id='line_1_35' title="bbox 496 3435 2076 3508; baseline -0.003 -18"><span class='ocrx_word' id='word_1_256' title='bbox 496 3439 636 3508; x_wconf 85' lang='lat' dir='ltr'><strong>quod</strong></span> <span class='ocrx_word' id='word_1_257' title='bbox 666 3454 850 3494; x_wconf 86' lang='lat' dir='ltr'><strong>eorum</strong></span> <span class='ocrx_word' id='word_1_258' title='bbox 891 3453 1016 3492; x_wconf 88' lang='lat' dir='ltr'><strong>caro</strong></span> <span class='ocrx_word' id='word_1_259' title='bbox 1045 3438 1338 3492; x_wconf 83' lang='lat' dir='ltr'><strong>dissecetur</strong></span> <span class='ocrx_word' id='word_1_260' title='bbox 1373 3457 1384 3490; x_wconf 91' lang='lat'><strong>:</strong></span> <span class='ocrx_word' id='word_1_261' title='bbox 1426 3438 1533 3491; x_wconf 92' lang='lat' dir='ltr'><strong>imo</strong></span> <span class='ocrx_word' id='word_1_262' title='bbox 1560 3447 1618 3490; x_wconf 91' lang='lat' dir='ltr'><strong>ut</strong></span> <span class='ocrx_word' id='word_1_263' title='bbox 1643 3435 1862 3505; x_wconf 89' lang='lat' dir='ltr'><strong>propius</strong></span> <span class='ocrx_word' id='word_1_264' title='bbox 1891 3447 2076 3488; x_wconf 84' lang='lat' dir='ltr'><strong>exem-</strong></span> 
     </span>
    </p>
   </div>
   <div class='ocr_carea' id='block_1_36' title="bbox 498 3528 2079 3602">
    <p class='ocr_par' dir='ltr' id='par_1_36' title="bbox 498 3528 2079 3602">
     <span class='ocr_line' id='line_1_36' title="bbox 498 3528 2079 3602; baseline -0.001 -18"><span class='ocrx_word' id='word_1_265' title='bbox 498 3534 640 3602; x_wconf 86' lang='lat' dir='ltr'><strong>plum</strong></span> <span class='ocrx_word' id='word_1_266' title='bbox 672 3533 928 3586; x_wconf 86' lang='lat' dir='ltr'><strong>adducam</strong></span> <span class='ocrx_word' id='word_1_267' title='bbox 954 3572 969 3598; x_wconf 91' lang='lat'><strong>,</strong></span> <span class='ocrx_word' id='word_1_268' title='bbox 998 3533 1133 3586; x_wconf 88' lang='lat' dir='ltr'><strong>sicut</strong></span> <span class='ocrx_word' id='word_1_269' title='bbox 1159 3547 1278 3596; x_wconf 85' lang='lat' dir='ltr'><strong>eos,</strong></span> <span class='ocrx_word' id='word_1_270' title='bbox 1312 3533 1398 3601; x_wconf 88' lang='lat' dir='ltr'><strong>qui</strong></span> <span class='ocrx_word' id='word_1_271' title='bbox 1433 3531 1564 3585; x_wconf 80' lang='lat' dir='ltr'><strong>febri</strong></span> <span class='ocrx_word' id='word_1_272' title='bbox 1604 3539 1696 3583; x_wconf 89' lang='lat' dir='ltr'><strong>aut</strong></span> <span class='ocrx_word' id='word_1_273' title='bbox 1745 3543 1959 3599; x_wconf 91' lang='lat' dir='ltr'><strong>spasmo</strong></span> <span class='ocrx_word' id='word_1_274' title='bbox 1999 3528 2079 3582; x_wconf 83' lang='lat' dir='ltr'><strong>la-</strong></span> 
     </span>
    </p>
   </div>
   <div class='ocr_carea' id='block_1_37' title="bbox 498 3623 2079 3693">
    <p class='ocr_par' dir='ltr' id='par_1_37' title="bbox 498 3623 2079 3693">
     <span class='ocr_line' id='line_1_37' title="bbox 498 3623 2079 3693; baseline -0.004 -15"><span class='ocrx_word' id='word_1_275' title='bbox 498 3625 723 3690; x_wconf 85' lang='lat' dir='ltr'><strong>borant,</strong></span> <span class='ocrx_word' id='word_1_276' title='bbox 762 3639 918 3678; x_wconf 89' lang='lat' dir='ltr'><strong>nemo</strong></span> <span class='ocrx_word' id='word_1_277' title='bbox 961 3623 1322 3688; x_wconf 71' lang='lat' dir='ltr'><strong>accusat-erit,</strong></span> <span class='ocrx_word' id='word_1_278' title='bbox 1367 3623 1508 3693; x_wconf 87' lang='lat' dir='ltr'><strong>quod</strong></span> <span class='ocrx_word' id='word_1_279' title='bbox 1540 3623 1642 3676; x_wconf 87' lang='lat' dir='ltr'><strong>illis</strong></span> <span class='ocrx_word' id='word_1_280' title='bbox 1669 3637 1857 3675; x_wconf 89' lang='lat' dir='ltr'><strong>manus</strong></span> <span class='ocrx_word' id='word_1_281' title='bbox 1899 3623 2079 3674; x_wconf 90' lang='lat' dir='ltr'><strong>incur-</strong></span> 
     </span>
    </p>
   </div>
   <div class='ocr_carea' id='block_1_38' title="bbox 498 3715 2080 3787">
    <p class='ocr_par' dir='ltr' id='par_1_38' title="bbox 498 3715 2080 3787">
     <span class='ocr_line' id='line_1_38' title="bbox 498 3715 2080 3787; baseline -0.001 -16"><span class='ocrx_word' id='word_1_282' title='bbox 498 3729 688 3773; x_wconf 80' lang='lat' dir='ltr'><strong>ventur</strong></span> <span class='ocrx_word' id='word_1_283' title='bbox 719 3735 731 3773; x_wconf 91' lang='lat'><strong>:</strong></span> <span class='ocrx_word' id='word_1_284' title='bbox 758 3735 860 3772; x_wconf 89' lang='lat' dir='ltr'><strong>non</strong></span> <span class='ocrx_word' id='word_1_285' title='bbox 891 3719 1031 3772; x_wconf 89' lang='lat' dir='ltr'><strong>enim</strong></span> <span class='ocrx_word' id='word_1_286' title='bbox 1076 3719 1124 3772; x_wconf 90' lang='lat' dir='ltr'><strong>id</strong></span> <span class='ocrx_word' id='word_1_287' title='bbox 1174 3733 1355 3773; x_wconf 90' lang='lat' dir='ltr'><strong>eorum</strong></span> <span class='ocrx_word' id='word_1_288' title='bbox 1381 3719 1599 3787; x_wconf 80' lang='lat' dir='ltr'><strong>ignavia:</strong></span> <span class='ocrx_word' id='word_1_289' title='bbox 1643 3717 1793 3786; x_wconf 84' lang='lat' dir='ltr'><strong>Culpa</strong></span> <span class='ocrx_word' id='word_1_290' title='bbox 1843 3717 1930 3783; x_wconf 84' lang='lat' dir='ltr'><strong>fit,</strong></span> <span class='ocrx_word' id='word_1_291' title='bbox 1985 3715 2080 3770; x_wconf 88' lang='lat' dir='ltr'><strong>sed</strong></span> 
     </span>
    </p>
   </div>
   <div class='ocr_carea' id='block_1_39' title="bbox 499 3810 2081 3883">
    <p class='ocr_par' dir='ltr' id='par_1_39' title="bbox 499 3810 2081 3883">
     <span class='ocr_line' id='line_1_39' title="bbox 499 3810 2081 3883; baseline -0.003 -19"><span class='ocrx_word' id='word_1_292' title='bbox 499 3813 638 3883; x_wconf 85' lang='lat' dir='ltr'><strong>quod</strong></span> <span class='ocrx_word' id='word_1_293' title='bbox 669 3813 940 3866; x_wconf 91' lang='lat' dir='ltr'><strong>humorem</strong></span> <span class='ocrx_word' id='word_1_294' title='bbox 986 3811 1176 3866; x_wconf 88' lang='lat' dir='ltr'><strong>ardore</strong></span> <span class='ocrx_word' id='word_1_295' title='bbox 1201 3811 1370 3864; x_wconf 84' lang='lat' dir='ltr'><strong>morbi</strong></span> <span class='ocrx_word' id='word_1_296' title='bbox 1409 3810 1945 3879; x_wconf 73' lang='lat' dir='ltr'><strong>depascenteprzeter</strong></span> <span class='ocrx_word' id='word_1_297' title='bbox 1986 3824 2081 3862; x_wconf 88' lang='lat' dir='ltr'><strong>na-</strong></span> 
     </span>
    </p>
   </div>
   <div class='ocr_carea' id='block_1_40' title="bbox 499 3901 2081 3975">
    <p class='ocr_par' dir='ltr' id='par_1_40' title="bbox 499 3901 2081 3975">
     <span class='ocr_line' id='line_1_40' title="bbox 499 3901 2081 3975; baseline -0.001 -19"><span class='ocrx_word' id='word_1_298' title='bbox 499 3917 671 3959; x_wconf 88' lang='lat' dir='ltr'><strong>turam</strong></span> <span class='ocrx_word' id='word_1_299' title='bbox 731 3919 987 3975; x_wconf 80' lang='lat' dir='ltr'><strong>compago</strong></span> <span class='ocrx_word' id='word_1_300' title='bbox 1049 3919 1329 3958; x_wconf 80' lang='lat' dir='ltr'><strong>nervorum</strong></span> <span class='ocrx_word' id='word_1_301' title='bbox 1397 3901 1741 3956; x_wconf 85' lang='lat' dir='ltr'><strong>contrahatur</strong></span> <span class='ocrx_word' id='word_1_302' title='bbox 1789 3919 1801 3954; x_wconf 92' lang='lat'>:</span> <span class='ocrx_word' id='word_1_303' title='bbox 1864 3901 1936 3954; x_wconf 83' lang='lat' dir='ltr'><strong>ita</strong></span> <span class='ocrx_word' id='word_1_304' title='bbox 1983 3914 2081 3955; x_wconf 89' lang='lat' dir='ltr'><strong>nec</strong></span> 
     </span>
    </p>
   </div>
   <div class='ocr_carea' id='block_1_41' title="bbox 501 3996 2082 4062">
    <p class='ocr_par' dir='ltr' id='par_1_41' title="bbox 501 3996 2082 4062">
     <span class='ocr_line' id='line_1_41' title="bbox 501 3996 2082 4062; baseline -0.003 -11"><span class='ocrx_word' id='word_1_305' title='bbox 501 4007 740 4051; x_wconf 86' lang='lat' dir='ltr'><strong>sanetum</strong></span> <span class='ocrx_word' id='word_1_306' title='bbox 787 3996 962 4062; x_wconf 88' lang='lat' dir='ltr'><strong>hunc,</strong></span> <span class='ocrx_word' id='word_1_307' title='bbox 1007 3996 1051 4049; x_wconf 90' lang='lat' dir='ltr'><strong>si</strong></span> <span class='ocrx_word' id='word_1_308' title='bbox 1093 4010 1349 4049; x_wconf 89' lang='lat' dir='ltr'><strong>conversa</strong></span> <span class='ocrx_word' id='word_1_309' title='bbox 1396 4009 1581 4047; x_wconf 88' lang='lat' dir='ltr'><strong>manus</strong></span> <span class='ocrx_word' id='word_1_310' title='bbox 1607 4001 1782 4056; x_wconf 85' lang='lat' dir='ltr'><strong>esset,</strong></span> <span class='ocrx_word' id='word_1_311' title='bbox 1830 4007 2082 4047; x_wconf 87' lang='lat' dir='ltr'><strong>accusare</strong></span> 
     </span>
    </p>
   </div>
   <div class='ocr_carea' id='block_1_42' title="bbox 500 4085 2083 4160">
    <p class='ocr_par' dir='ltr' id='par_1_42' title="bbox 500 4085 2083 4160">
     <span class='ocr_line' id='line_1_42' title="bbox 500 4085 2083 4160; baseline -0.004 -18"><span class='ocrx_word' id='word_1_312' title='bbox 500 4092 618 4160; x_wconf 83' lang='lat' dir='ltr'><strong>quis</strong></span> <span class='ocrx_word' id='word_1_313' title='bbox 649 4090 923 4160; x_wconf 87' lang='lat' dir='ltr'><strong>potuisset.</strong></span> <span class='ocrx_word' id='word_1_314' title='bbox 976 4088 1032 4142; x_wconf 90' lang='lat' dir='ltr'><strong>Si</strong></span> <span class='ocrx_word' id='word_1_315' title='bbox 1057 4088 1197 4142; x_wconf 88' lang='lat' dir='ltr'><strong>enim</strong></span> <span class='ocrx_word' id='word_1_316' title='bbox 1254 4085 1414 4140; x_wconf 82' lang='lat' dir='ltr'><strong>febris</strong></span> <span class='ocrx_word' id='word_1_317' title='bbox 1465 4085 1630 4139; x_wconf 89' lang='lat' dir='ltr'><strong>invito</strong></span> <span class='ocrx_word' id='word_1_318' title='bbox 1679 4085 1838 4138; x_wconf 88' lang='lat' dir='ltr'><strong>etiam</strong></span> <span class='ocrx_word' id='word_1_319' title='bbox 1883 4091 2083 4154; x_wconf 77' lang='lat' dir='ltr'><strong>:egroto</strong></span> 
     </span>
    </p>
   </div>
   <div class='ocr_carea' id='block_1_43' title="bbox 503 4171 2084 4238">
    <p class='ocr_par' dir='ltr' id='par_1_43' title="bbox 503 4171 2084 4238">
     <span class='ocr_line' id='line_1_43' title="bbox 503 4171 2084 4238; baseline -0.004 -4"><span class='ocrx_word' id='word_1_320' title='bbox 503 4182 738 4236; x_wconf 89' lang='lat' dir='ltr'><strong>membra</strong></span> <span class='ocrx_word' id='word_1_321' title='bbox 788 4179 1104 4238; x_wconf 83' lang='lat' dir='ltr'><strong>contrahere</strong></span> <span class='ocrx_word' id='word_1_322' title='bbox 1136 4185 1323 4232; x_wconf 88' lang='lat' dir='ltr'><strong>natura</strong></span> <span class='ocrx_word' id='word_1_323' title='bbox 1349 4192 1444 4231; x_wconf 85' lang='lat' dir='ltr'><strong>sua</strong></span> <span class='ocrx_word' id='word_1_324' title='bbox 1483 4176 1761 4230; x_wconf 85' lang='lat' dir='ltr'><strong>consuevit</strong></span> <span class='ocrx_word' id='word_1_325' title='bbox 1789 4191 1851 4230; x_wconf 90' lang='lat' dir='ltr'><strong>ac</strong></span> <span class='ocrx_word' id='word_1_326' title='bbox 1889 4171 2084 4229; x_wconf 78' lang='lat' dir='ltr'><strong>distor-</strong></span> 
     </span>
    </p>
   </div>
   <div class='ocr_carea' id='block_1_44' title="bbox 500 4267 2078 4344">
    <p class='ocr_par' dir='ltr' id='par_1_44' title="bbox 500 4267 2078 4344">
     <span class='ocr_line' id='line_1_44' title="bbox 500 4267 2078 4344; baseline -0.004 -17"><span class='ocrx_word' id='word_1_327' title='bbox 500 4289 686 4344; x_wconf 85' lang='lat' dir='ltr'><strong>quere,</strong></span> <span class='ocrx_word' id='word_1_328' title='bbox 717 4273 882 4326; x_wconf 90' lang='lat' dir='ltr'><strong>multo</strong></span> <span class='ocrx_word' id='word_1_329' title='bbox 933 4272 1099 4342; x_wconf 82' lang='lat' dir='ltr'><strong>magis</strong></span> <span class='ocrx_word' id='word_1_330' title='bbox 1145 4270 1243 4324; x_wconf 91' lang='lat' dir='ltr'><strong>hoc</strong></span> <span class='ocrx_word' id='word_1_331' title='bbox 1287 4269 1546 4338; x_wconf 70' lang='lat' dir='ltr'><strong>impositae</strong></span> <span class='ocrx_word' id='word_1_332' title='bbox 1581 4267 1816 4322; x_wconf 74' lang='lat' dir='ltr'><strong>dextera:</strong></span> <span class='ocrx_word' id='word_1_333' title='bbox 1864 4281 2078 4335; x_wconf 79' lang='lat' dir='ltr'><strong>prome,</strong></span> 
     </span>
    </p>
   </div>
   <div class='ocr_carea' id='block_1_45' title="bbox 502 4361 2084 4434">
    <p class='ocr_par' dir='ltr' id='par_1_45' title="bbox 502 4361 2084 4434">
     <span class='ocr_line' id='line_1_45' title="bbox 502 4361 2084 4434; baseline -0.006 -14"><span class='ocrx_word' id='word_1_334' title='bbox 502 4366 662 4420; x_wconf 88' lang='lat' dir='ltr'><strong>etiam</strong></span> <span class='ocrx_word' id='word_1_335' title='bbox 690 4373 920 4434; x_wconf 82' lang='lat' dir='ltr'><strong>martyre</strong></span> <span class='ocrx_word' id='word_1_336' title='bbox 952 4379 1055 4416; x_wconf 90' lang='lat' dir='ltr'><strong>non</strong></span> <span class='ocrx_word' id='word_1_337' title='bbox 1085 4361 1590 4432; x_wconf 71' lang='lat' dir='ltr'><strong>cedente,pr:estare</strong></span> <span class='ocrx_word' id='word_1_338' title='bbox 1631 4367 1915 4428; x_wconf 89' lang='lat' dir='ltr'><strong>potuerunt</strong></span> <span class='ocrx_word' id='word_1_339' title='bbox 1948 4375 1960 4410; x_wconf 90' lang='lat'><strong>:</strong></span> <span class='ocrx_word' id='word_1_340' title='bbox 1990 4371 2084 4411; x_wconf 88' lang='lat' dir='ltr'><strong>ve-</strong></span> 
     </span>
    </p>
   </div>
   <div class='ocr_carea' id='block_1_46' title="bbox 503 4451 2087 4523">
    <p class='ocr_par' dir='ltr' id='par_1_46' title="bbox 503 4451 2087 4523">
     <span class='ocr_line' id='line_1_46' title="bbox 503 4451 2087 4523; baseline -0.004 -13"><span class='ocrx_word' id='word_1_341' title='bbox 503 4464 801 4510; x_wconf 89' lang='lat' dir='ltr'><strong>rumtamen</strong></span> <span class='ocrx_word' id='word_1_342' title='bbox 822 4469 924 4509; x_wconf 90' lang='lat' dir='ltr'><strong>non</strong></span> <span class='ocrx_word' id='word_1_343' title='bbox 941 4455 1315 4523; x_wconf 65' lang='lat' dir='ltr'><strong>praestiterunt,</strong></span> <span class='ocrx_word' id='word_1_344' title='bbox 1340 4461 1395 4506; x_wconf 93' lang='lat' dir='ltr'><strong>ut</strong></span> <span class='ocrx_word' id='word_1_345' title='bbox 1409 4467 1472 4507; x_wconf 88' lang='lat' dir='ltr'><strong>ex</strong></span> <span class='ocrx_word' id='word_1_346' title='bbox 1491 4451 1776 4507; x_wconf 87' lang='lat' dir='ltr'><strong>abundanti</strong></span> <span class='ocrx_word' id='word_1_347' title='bbox 1795 4463 2087 4520; x_wconf 80' lang='lat' dir='ltr'><strong>cognoscas</strong></span> 
     </span>
    </p>
   </div>
   <div class='ocr_carea' id='block_1_47' title="bbox 504 4543 2086 4622">
    <p class='ocr_par' dir='ltr' id='par_1_47' title="bbox 504 4543 2086 4622">
     <span class='ocr_line' id='line_1_47' title="bbox 504 4543 2086 4622; baseline -0.005 -18"><span class='ocrx_word' id='word_1_348' title='bbox 504 4551 726 4622; x_wconf 79' lang='lat' dir='ltr'><strong>gratiam</strong></span> <span class='ocrx_word' id='word_1_349' title='bbox 763 4549 854 4604; x_wconf 89' lang='lat' dir='ltr'><strong>Dei</strong></span> <span class='ocrx_word' id='word_1_350' title='bbox 885 4549 1078 4611; x_wconf 89' lang='lat' dir='ltr'><strong>fuisse,</strong></span> <span class='ocrx_word' id='word_1_351' title='bbox 1121 4563 1240 4617; x_wconf 78' lang='lat' dir='ltr'><strong>qua:</strong></span> <span class='ocrx_word' id='word_1_352' title='bbox 1270 4548 1425 4601; x_wconf 90' lang='lat' dir='ltr'><strong>simul</strong></span> <span class='ocrx_word' id='word_1_353' title='bbox 1471 4545 1686 4608; x_wconf 75' lang='lat' dir='ltr'><strong>aderat,</strong></span> <span class='ocrx_word' id='word_1_354' title='bbox 1733 4553 1788 4599; x_wconf 93' lang='lat' dir='ltr'><strong>et</strong></span> <span class='ocrx_word' id='word_1_355' title='bbox 1828 4543 2086 4598; x_wconf 85' lang='lat' dir='ltr'><strong>corrobo-</strong></span> 
     </span>
    </p>
   </div>
   <div class='ocr_carea' id='block_1_48' title="bbox 505 4636 2088 4707">
    <p class='ocr_par' dir='ltr' id='par_1_48' title="bbox 505 4636 2088 4707">
     <span class='ocr_line' id='line_1_48' title="bbox 505 4636 2088 4707; baseline -0.004 -10"><span class='ocrx_word' id='word_1_356' title='bbox 505 4643 656 4697; x_wconf 86' lang='lat' dir='ltr'><strong>rahat</strong></span> <span class='ocrx_word' id='word_1_357' title='bbox 695 4641 949 4695; x_wconf 86' lang='lat' dir='ltr'><strong>athletam</strong></span> <span class='ocrx_word' id='word_1_358' title='bbox 970 4681 986 4707; x_wconf 89' lang='lat'><strong>,</strong></span> <span class='ocrx_word' id='word_1_359' title='bbox 1013 4655 1075 4694; x_wconf 89' lang='lat' dir='ltr'><strong>ac</strong></span> <span class='ocrx_word' id='word_1_360' title='bbox 1106 4649 1307 4693; x_wconf 81' lang='lat' dir='ltr'><strong>natura:</strong></span> <span class='ocrx_word' id='word_1_361' title='bbox 1332 4639 1594 4694; x_wconf 71' lang='lat' dir='ltr'><strong>defectuum</strong></span> <span class='ocrx_word' id='word_1_362' title='bbox 1625 4636 1956 4706; x_wconf 76' lang='lat' dir='ltr'><strong>corrigebat:</strong></span> <span class='ocrx_word' id='word_1_363' title='bbox 1991 4650 2088 4690; x_wconf 87' lang='lat' dir='ltr'><strong>nec</strong></span> 
     </span>
    </p>
   </div>
   <div class='ocr_carea' id='block_1_49' title="bbox 508 4727 2088 4808">
    <p class='ocr_par' dir='ltr' id='par_1_49' title="bbox 508 4727 2088 4808">
     <span class='ocr_line' id='line_1_49' title="bbox 508 4727 2088 4808; baseline -0.006 -15"><span class='ocrx_word' id='word_1_364' title='bbox 508 4741 558 4792; x_wconf 89' lang='lat' dir='ltr'><strong>in</strong></span> <span class='ocrx_word' id='word_1_365' title='bbox 593 4737 693 4793; x_wconf 89' lang='lat' dir='ltr'><strong>hoc</strong></span> <span class='ocrx_word' id='word_1_366' title='bbox 735 4739 846 4808; x_wconf 88' lang='lat' dir='ltr'><strong>ipsa</strong></span> <span class='ocrx_word' id='word_1_367' title='bbox 890 4735 1173 4808; x_wconf 89' lang='lat' dir='ltr'><strong>quidquam</strong></span> <span class='ocrx_word' id='word_1_368' title='bbox 1206 4747 1300 4788; x_wconf 85' lang='lat' dir='ltr'><strong>sua</strong></span> <span class='ocrx_word' id='word_1_369' title='bbox 1340 4733 1645 4788; x_wconf 78' lang='lat' dir='ltr'><strong>coaditione</strong></span> <span class='ocrx_word' id='word_1_370' title='bbox 1678 4741 1732 4786; x_wconf 89' lang='lat' dir='ltr'><strong>et</strong></span> <span class='ocrx_word' id='word_1_371' title='bbox 1779 4727 2088 4784; x_wconf 80' lang='lat' dir='ltr'><strong>infirmitate</strong></span> 
     </span>
    </p>
   </div>
   <div class='ocr_carea' id='block_1_50' title="bbox 505 4824 2088 4904">
    <p class='ocr_par' dir='ltr' id='par_1_50' title="bbox 505 4824 2088 4904">
     <span class='ocr_line' id='line_1_50' title="bbox 505 4824 2088 4904; baseline -0.008 -18"><span class='ocrx_word' id='word_1_372' title='bbox 505 4833 720 4904; x_wconf 83' lang='lat' dir='ltr'><strong>dignum</strong></span> <span class='ocrx_word' id='word_1_373' title='bbox 768 4847 920 4901; x_wconf 84' lang='lat' dir='ltr'><strong>passa</strong></span> <span class='ocrx_word' id='word_1_374' title='bbox 950 4839 1060 4892; x_wconf 89' lang='lat' dir='ltr'><strong>est,</strong></span> <span class='ocrx_word' id='word_1_375' title='bbox 1092 4827 1184 4882; x_wconf 89' lang='lat' dir='ltr'><strong>sed</strong></span> <span class='ocrx_word' id='word_1_376' title='bbox 1225 4825 1372 4898; x_wconf 87' lang='lat' dir='ltr'><strong>quasi</strong></span> <span class='ocrx_word' id='word_1_377' title='bbox 1415 4842 1478 4879; x_wconf 86' lang='lat' dir='ltr'><strong>ex</strong></span> <span class='ocrx_word' id='word_1_378' title='bbox 1527 4824 1810 4877; x_wconf 88' lang='lat' dir='ltr'><strong>adamante</strong></span> <span class='ocrx_word' id='word_1_379' title='bbox 1840 4832 2088 4876; x_wconf 89' lang='lat' dir='ltr'><strong>concreta</strong></span> 
     </span>
    </p>
   </div>
   <div class='ocr_carea' id='block_1_51' title="bbox 507 4911 2088 4988">
    <p class='ocr_par' dir='ltr' id='par_1_51' title="bbox 507 4911 2088 4988">
     <span class='ocr_line' id='line_1_51' title="bbox 507 4911 2088 4988; baseline -0.009 -10"><span class='ocrx_word' id='word_1_380' title='bbox 507 4934 681 4988; x_wconf 82' lang='lat' dir='ltr'><strong>esset,</strong></span> <span class='ocrx_word' id='word_1_381' title='bbox 739 4937 928 4976; x_wconf 89' lang='lat' dir='ltr'><strong>manus</strong></span> <span class='ocrx_word' id='word_1_382' title='bbox 973 4919 1062 4974; x_wconf 91' lang='lat' dir='ltr'><strong>illa</strong></span> <span class='ocrx_word' id='word_1_383' title='bbox 1116 4917 1463 4988; x_wconf 87' lang='lat' dir='ltr'><strong>permanebat</strong></span> <span class='ocrx_word' id='word_1_384' title='bbox 1514 4917 1751 4970; x_wconf 90' lang='lat' dir='ltr'><strong>immota.</strong></span> <span class='ocrx_word' id='word_1_385' title='bbox 1801 4911 1930 4980; x_wconf 89' lang='lat' dir='ltr'><strong>Quis</strong></span> <span class='ocrx_word' id='word_1_386' title='bbox 1979 4919 2088 4964; x_wconf 92' lang='lat' dir='ltr'><strong>tum</strong></span> 
     </span>
    </p>
   </div>
   <div class='ocr_carea' id='block_1_52' title="bbox 509 5006 2092 5085">
    <p class='ocr_par' dir='ltr' id='par_1_52' title="bbox 509 5006 2092 5085">
     <span class='ocr_line' id='line_1_52' title="bbox 509 5006 2092 5085; baseline -0.008 -12"><span class='ocrx_word' id='word_1_387' title='bbox 509 5021 557 5073; x_wconf 87' lang='lat' dir='ltr'><strong>id</strong></span> <span class='ocrx_word' id='word_1_388' title='bbox 582 5033 810 5074; x_wconf 84' lang='lat' dir='ltr'><strong>cernens</strong></span> <span class='ocrx_word' id='word_1_389' title='bbox 835 5033 940 5072; x_wconf 88' lang='lat' dir='ltr'><strong>non</strong></span> <span class='ocrx_word' id='word_1_390' title='bbox 971 5016 1332 5085; x_wconf 89' lang='lat' dir='ltr'><strong>obstupuisset</strong></span> <span class='ocrx_word' id='word_1_391' title='bbox 1355 5013 1379 5066; x_wconf 68' lang='grc' dir='ltr'><strong><em>Ἰ</em></strong></span> <span class='ocrx_word' id='word_1_392' title='bbox 1406 5011 1523 5082; x_wconf 87' lang='lat' dir='ltr'><strong>quis</strong></span> <span class='ocrx_word' id='word_1_393' title='bbox 1551 5027 1656 5065; x_wconf 88' lang='lat' dir='ltr'><strong>non</strong></span> <span class='ocrx_word' id='word_1_394' title='bbox 1688 5006 2092 5065; x_wconf 88' lang='lat' dir='ltr'><strong>cohorruisset?</strong></span> 
     </span>
    </p>
   </div>
   <div class='ocr_carea' id='block_1_53' title="bbox 507 5101 2088 5182">
    <p class='ocr_par' dir='ltr' id='par_1_53' title="bbox 507 5101 2088 5182">
     <span class='ocr_line' id='line_1_53' title="bbox 507 5101 2088 5182; baseline -0.008 -18"><span class='ocrx_word' id='word_1_395' title='bbox 507 5113 832 5182; x_wconf 76' lang='lat' dir='ltr'><strong>Spectabunt</strong></span> <span class='ocrx_word' id='word_1_396' title='bbox 895 5109 1102 5163; x_wconf 65' lang='lat' dir='ltr'><strong>etelitus</strong></span> <span class='ocrx_word' id='word_1_397' title='bbox 1161 5105 1370 5176; x_wconf 81' lang='lat' dir='ltr'><strong>angeli,</strong></span> <span class='ocrx_word' id='word_1_398' title='bbox 1438 5101 1937 5172; x_wconf 80' lang='lat' dir='ltr'><strong>contemplabantur</strong></span> <span class='ocrx_word' id='word_1_399' title='bbox 1997 5115 2088 5152; x_wconf 87' lang='lat' dir='ltr'><strong>ar-</strong></span> 
     </span>
    </p>
   </div>
   <div class='ocr_carea' id='block_1_54' title="bbox 508 5192 2093 5276">
    <p class='ocr_par' dir='ltr' id='par_1_54' title="bbox 508 5192 2093 5276">
     <span class='ocr_line' id='line_1_54' title="bbox 508 5192 2093 5276; baseline -0.006 -20"><span class='ocrx_word' id='word_1_400' title='bbox 508 5205 754 5276; x_wconf 61' lang='lat' dir='ltr'><strong>changeli</strong></span> <span class='ocrx_word' id='word_1_401' title='bbox 786 5222 798 5257; x_wconf 95' lang='lat'>:</span> <span class='ocrx_word' id='word_1_402' title='bbox 831 5201 1141 5272; x_wconf 67' lang='lat' dir='ltr'><strong>prteclarum</strong></span> <span class='ocrx_word' id='word_1_403' title='bbox 1172 5208 1287 5254; x_wconf 89' lang='lat' dir='ltr'><strong>erat</strong></span> <span class='ocrx_word' id='word_1_404' title='bbox 1313 5197 1674 5268; x_wconf 86' lang='lat' dir='ltr'><strong>spectaculum</strong></span> <span class='ocrx_word' id='word_1_405' title='bbox 1699 5237 1714 5262; x_wconf 91' lang='lat'><strong>,</strong></span> <span class='ocrx_word' id='word_1_406' title='bbox 1745 5195 1886 5265; x_wconf 86' lang='lat' dir='ltr'><strong>quod</strong></span> <span class='ocrx_word' id='word_1_407' title='bbox 1911 5202 1964 5249; x_wconf 88' lang='lat' dir='ltr'><strong>et</strong></span> <span class='ocrx_word' id='word_1_408' title='bbox 1995 5192 2093 5247; x_wconf 91' lang='lat' dir='ltr'><strong>hu-</strong></span> 
     </span>
    </p>
   </div>
   <div class='ocr_carea' id='block_1_55' title="bbox 511 5285 2092 5366">
    <p class='ocr_par' dir='ltr' id='par_1_55' title="bbox 511 5285 2092 5366">
     <span class='ocr_line' id='line_1_55' title="bbox 511 5285 2092 5366; baseline -0.008 -13"><span class='ocrx_word' id='word_1_409' title='bbox 511 5314 721 5353; x_wconf 85' lang='lat' dir='ltr'><strong>manam</strong></span> <span class='ocrx_word' id='word_1_410' title='bbox 763 5295 919 5366; x_wconf 80' lang='lat' dir='ltr'><strong>plane</strong></span> <span class='ocrx_word' id='word_1_411' title='bbox 947 5301 1189 5346; x_wconf 84' lang='lat' dir='ltr'><strong>naturam</strong></span> <span class='ocrx_word' id='word_1_412' title='bbox 1218 5291 1527 5346; x_wconf 75' lang='lat' dir='ltr'><strong>excedebat.</strong></span> <span class='ocrx_word' id='word_1_413' title='bbox 1560 5288 1689 5356; x_wconf 86' lang='lat' dir='ltr'><strong>Quis</strong></span> <span class='ocrx_word' id='word_1_414' title='bbox 1717 5287 1860 5342; x_wconf 86' lang='lat' dir='ltr'><strong>enim</strong></span> <span class='ocrx_word' id='word_1_415' title='bbox 1910 5285 2092 5340; x_wconf 89' lang='lat' dir='ltr'><strong>videre</strong></span> 
     </span>
    </p>
   </div>
   <div class='ocr_carea' id='block_1_56' title="bbox 513 5381 2095 5459">
    <p class='ocr_par' dir='ltr' id='par_1_56' title="bbox 513 5381 2095 5459">
     <span class='ocr_line' id='line_1_56' title="bbox 513 5381 2095 5459; baseline -0.009 -13"><span class='ocrx_word' id='word_1_416' title='bbox 513 5406 616 5446; x_wconf 85' lang='lat' dir='ltr'><strong>non</strong></span> <span class='ocrx_word' id='word_1_417' title='bbox 670 5397 905 5459; x_wconf 86' lang='lat' dir='ltr'><strong>optasset</strong></span> <span class='ocrx_word' id='word_1_418' title='bbox 943 5385 1210 5440; x_wconf 87' lang='lat' dir='ltr'><strong>hominem</strong></span> <span class='ocrx_word' id='word_1_419' title='bbox 1257 5381 1650 5444; x_wconf 87' lang='lat' dir='ltr'><strong>decertantem,</strong></span> <span class='ocrx_word' id='word_1_420' title='bbox 1703 5391 1804 5431; x_wconf 86' lang='lat' dir='ltr'><strong>nec</strong></span> <span class='ocrx_word' id='word_1_421' title='bbox 1848 5391 1947 5440; x_wconf 86' lang='lat' dir='ltr'><strong>ea,</strong></span> <span class='ocrx_word' id='word_1_422' title='bbox 1978 5391 2095 5445; x_wconf 67' lang='lat' dir='ltr'><strong>qum</strong></span> 
     </span>
    </p>
   </div>
   <div class='ocr_carea' id='block_1_57' title="bbox 514 5469 2095 5550">
    <p class='ocr_par' dir='ltr' id='par_1_57' title="bbox 514 5469 2095 5550">
     <span class='ocr_line' id='line_1_57' title="bbox 514 5469 2095 5550; baseline -0.009 -14"><span class='ocrx_word' id='word_1_423' title='bbox 514 5495 636 5536; x_wconf 85' lang='lat' dir='ltr'><strong>sunt</strong></span> <span class='ocrx_word' id='word_1_424' title='bbox 679 5483 952 5537; x_wconf 87' lang='lat' dir='ltr'><strong>hominum</strong></span> <span class='ocrx_word' id='word_1_425' title='bbox 974 5523 987 5542; x_wconf 84' lang='lat'><strong>,</strong></span> <span class='ocrx_word' id='word_1_426' title='bbox 1018 5477 1344 5550; x_wconf 83' lang='lat' dir='ltr'><strong>patientem?</strong></span> <span class='ocrx_word' id='word_1_427' title='bbox 1371 5475 1458 5545; x_wconf 85' lang='lat' dir='ltr'><strong>qui</strong></span> <span class='ocrx_word' id='word_1_428' title='bbox 1486 5473 1654 5528; x_wconf 89' lang='lat' dir='ltr'><strong>altare</strong></span> <span class='ocrx_word' id='word_1_429' title='bbox 1682 5471 1845 5535; x_wconf 89' lang='lat' dir='ltr'><strong>idem,</strong></span> <span class='ocrx_word' id='word_1_430' title='bbox 1885 5480 1940 5524; x_wconf 87' lang='lat' dir='ltr'><strong>et</strong></span> <span class='ocrx_word' id='word_1_431' title='bbox 2013 5469 2095 5522; x_wconf 85' lang='lat' dir='ltr'><strong>vi-</strong></span> 
     </span>
    </p>
   </div>
   <div class='ocr_carea' id='block_1_58' title="bbox 515 5557 2096 5640">
    <p class='ocr_par' dir='ltr' id='par_1_58' title="bbox 515 5557 2096 5640">
     <span class='ocr_line' id='line_1_58' title="bbox 515 5557 2096 5640; baseline -0.01 -9"><span class='ocrx_word' id='word_1_432' title='bbox 515 5577 694 5640; x_wconf 79' lang='lat' dir='ltr'><strong>etima,</strong></span> <span class='ocrx_word' id='word_1_433' title='bbox 723 5587 772 5628; x_wconf 86' lang='lat' dir='ltr'><strong>et</strong></span> <span class='ocrx_word' id='word_1_434' title='bbox 797 5575 1046 5628; x_wconf 80' lang='lat' dir='ltr'><strong>sacerdos</strong></span> <span class='ocrx_word' id='word_1_435' title='bbox 1073 5571 1238 5624; x_wconf 84' lang='lat' dir='ltr'><strong>factus</strong></span> <span class='ocrx_word' id='word_1_436' title='bbox 1264 5567 1444 5624; x_wconf 86' lang='lat' dir='ltr'><strong>esset?</strong></span> <span class='ocrx_word' id='word_1_437' title='bbox 1465 5565 1796 5632; x_wconf 86' lang='lat' dir='ltr'><strong>Quapropter</strong></span> <span class='ocrx_word' id='word_1_438' title='bbox 1829 5567 1880 5614; x_wconf 88' lang='lat' dir='ltr'><strong>ct</strong></span> <span class='ocrx_word' id='word_1_439' title='bbox 1899 5557 2096 5630; x_wconf 81' lang='lat' dir='ltr'><strong>duplex</strong></span> 
     </span>
    </p>
   </div>
   <div class='ocr_carea' id='block_1_59' title="bbox 517 5655 2100 5734">
    <p class='ocr_par' dir='ltr' id='par_1_59' title="bbox 517 5655 2100 5734">
     <span class='ocr_line' id='line_1_59' title="bbox 517 5655 2100 5734; baseline -0.008 -10"><span class='ocrx_word' id='word_1_440' title='bbox 517 5671 690 5724; x_wconf 82' lang='lat' dir='ltr'><strong>fumus</strong></span> <span class='ocrx_word' id='word_1_441' title='bbox 721 5668 1078 5730; x_wconf 84' lang='lat' dir='ltr'><strong>ascendebat,</strong></span> <span class='ocrx_word' id='word_1_442' title='bbox 1133 5665 1216 5720; x_wconf 90' lang='lat' dir='ltr'><strong>hic</strong></span> <span class='ocrx_word' id='word_1_443' title='bbox 1247 5663 1458 5734; x_wconf 88' lang='lat' dir='ltr'><strong>quidem</strong></span> <span class='ocrx_word' id='word_1_444' title='bbox 1501 5657 1669 5714; x_wconf 88' lang='lat' dir='ltr'><strong>thuris</strong></span> <span class='ocrx_word' id='word_1_445' title='bbox 1719 5657 1953 5720; x_wconf 85' lang='lat' dir='ltr'><strong>incensi.</strong></span> <span class='ocrx_word' id='word_1_446' title='bbox 2012 5655 2100 5712; x_wconf 90' lang='lat' dir='ltr'><strong>ille</strong></span> 
     </span>
    </p>
   </div>
   <div class='ocr_carea' id='block_1_60' title="bbox 521 5753 2096 5834">
    <p class='ocr_par' dir='ltr' id='par_1_60' title="bbox 521 5753 2096 5834">
     <span class='ocr_line' id='line_1_60' title="bbox 521 5753 2096 5834; baseline -0.005 -18"><span class='ocrx_word' id='word_1_447' title='bbox 521 5777 646 5818; x_wconf 82' lang='lat' dir='ltr'><strong>vero</strong></span> <span class='ocrx_word' id='word_1_448' title='bbox 674 5759 965 5834; x_wconf 73' lang='lat' dir='ltr'><strong>liquefactae</strong></span> <span class='ocrx_word' id='word_1_449' title='bbox 1004 5761 1185 5818; x_wconf 84' lang='lat' dir='ltr'><strong>carnis</strong></span> <span class='ocrx_word' id='word_1_450' title='bbox 1219 5778 1230 5812; x_wconf 92' lang='lat'>:</span> <span class='ocrx_word' id='word_1_451' title='bbox 1262 5769 1419 5833; x_wconf 83' lang='lat' dir='ltr'><strong>atque</strong></span> <span class='ocrx_word' id='word_1_452' title='bbox 1469 5753 1554 5811; x_wconf 90' lang='lat' dir='ltr'><strong>hic</strong></span> <span class='ocrx_word' id='word_1_453' title='bbox 1582 5763 1696 5812; x_wconf 87' lang='lat' dir='ltr'><strong>erat</strong></span> <span class='ocrx_word' id='word_1_454' title='bbox 1743 5755 1832 5810; x_wconf 91' lang='lat' dir='ltr'><strong>illo</strong></span> <span class='ocrx_word' id='word_1_455' title='bbox 1886 5753 2096 5808; x_wconf 82' lang='lat' dir='ltr'><strong>suavior</strong></span> 
     </span>
    </p>
   </div>
   <div class='ocr_carea' id='block_1_61' title="bbox 1188 276 2984 351">
    <p class='ocr_par' dir='ltr' id='par_1_61' title="bbox 1188 276 2984 351">
     <span class='ocr_line' id='line_1_61' title="bbox 1188 276 2984 351; baseline -0.01 0"><span class='ocrx_word' id='word_1_456' title='bbox 1188 296 1245 351; x_wconf 84' lang='lat' dir='ltr'><strong>S.</strong></span> <span class='ocrx_word' id='word_1_457' title='bbox 1285 291 1561 351; x_wconf 76' lang='lat' dir='ltr'><strong>JOANNIS</strong></span> <span class='ocrx_word' id='word_1_458' title='bbox 1590 276 2060 344; x_wconf 70' lang='lat' dir='ltr'><strong>CIIRYSOSTOMI</strong></span> <span class='ocrx_word' id='word_1_459' title='bbox 2099 280 2416 338; x_wconf 74' lang='lat' dir='ltr'><strong>ARCilI-EP.</strong></span> <span class='ocrx_word' id='word_1_460' title='bbox 2455 279 2984 338; x_wconf 75' lang='lat' dir='ltr'><strong>CONSTANTINOP.</strong></span> 
     </span>
    </p>
   </div>
   <div class='ocr_carea' id='block_1_62' title="bbox 3641 284 3750 342">
    <p class='ocr_par' dir='ltr' id='par_1_62' title="bbox 3641 284 3750 342">
     <span class='ocr_line' id='line_1_62' title="bbox 3641 284 3750 342; baseline 0.009 -1"><span class='ocrx_word' id='word_1_461' title='bbox 3641 284 3750 342; x_wconf 75' lang='lat' dir='ltr'><strong>68f)</strong></span> 
     </span>
    </p>
   </div>
   <div class='ocr_carea' id='block_1_63' title="bbox 2171 395 3752 470">
    <p class='ocr_par' dir='ltr' id='par_1_63' title="bbox 2171 395 3752 470">
     <span class='ocr_line' id='line_1_63' title="bbox 2171 395 3752 470; baseline 0.005 -22"><span class='ocrx_word' id='word_1_462' title='bbox 2171 395 2380 455; x_wconf 85' lang='lat' dir='ltr'><strong>fumus.</strong></span> <span class='ocrx_word' id='word_1_463' title='bbox 2409 404 2463 450; x_wconf 86' lang='lat' dir='ltr'><strong>et</strong></span> <span class='ocrx_word' id='word_1_464' title='bbox 2489 395 2603 451; x_wconf 80' lang='lat' dir='ltr'><strong>ltzec</strong></span> <span class='ocrx_word' id='word_1_465' title='bbox 2649 398 2760 468; x_wconf 86' lang='lat' dir='ltr'><strong>ipsa</strong></span> <span class='ocrx_word' id='word_1_466' title='bbox 2809 397 3146 467; x_wconf 72' lang='lat' dir='ltr'><strong>prmstantior</strong></span> <span class='ocrx_word' id='word_1_467' title='bbox 3191 398 3277 452; x_wconf 90' lang='lat' dir='ltr'><strong>illa</strong></span> <span class='ocrx_word' id='word_1_468' title='bbox 3325 399 3629 470; x_wconf 85' lang='lat' dir='ltr'><strong>fragrant-ia.</strong></span> <span class='ocrx_word' id='word_1_469' title='bbox 3685 405 3752 458; x_wconf 82' lang='lat' dir='ltr'><strong>Et</strong></span> 
     </span>
    </p>
   </div>
   <div class='ocr_carea' id='block_1_64' title="bbox 2167 486 3748 564">
    <p class='ocr_par' dir='ltr' id='par_1_64' title="bbox 2167 486 3748 564">
     <span class='ocr_line' id='line_1_64' title="bbox 2167 486 3748 564; baseline 0.006 -26"><span class='ocrx_word' id='word_1_470' title='bbox 2167 486 2438 542; x_wconf 85' lang='lat' dir='ltr'><strong>accidebat</strong></span> <span class='ocrx_word' id='word_1_471' title='bbox 2467 488 2610 544; x_wconf 91' lang='lat' dir='ltr'><strong>idem</strong></span> <span class='ocrx_word' id='word_1_472' title='bbox 2637 489 2776 558; x_wconf 87' lang='lat' dir='ltr'><strong>quod</strong></span> <span class='ocrx_word' id='word_1_473' title='bbox 2808 498 2860 544; x_wconf 88' lang='lat' dir='ltr'><strong>et</strong></span> <span class='ocrx_word' id='word_1_474' title='bbox 2891 489 2942 542; x_wconf 92' lang='lat' dir='ltr'><strong>in</strong></span> <span class='ocrx_word' id='word_1_475' title='bbox 2971 489 3104 544; x_wconf 89' lang='lat' dir='ltr'><strong>rubo</strong></span> <span class='ocrx_word' id='word_1_476' title='bbox 3131 488 3325 562; x_wconf 77' lang='lat' dir='ltr'><strong>(Exod.</strong></span> <span class='ocrx_word' id='word_1_477' title='bbox 3345 493 3398 548; x_wconf 78' lang='grc'><strong>5.</strong></span> <span class='ocrx_word' id='word_1_478' title='bbox 3427 493 3567 564; x_wconf 81' lang='lat' dir='ltr'><strong>init.)</strong></span> <span class='ocrx_word' id='word_1_479' title='bbox 3596 511 3610 546; x_wconf 90' lang='lat'><strong>:</strong></span> <span class='ocrx_word' id='word_1_480' title='bbox 3637 495 3748 548; x_wconf 84' lang='lat' dir='ltr'><strong>sic-</strong></span> 
     </span>
    </p>
   </div>
   <div class='ocr_carea' id='block_1_65' title="bbox 2171 577 3748 646">
    <p class='ocr_par' dir='ltr' id='par_1_65' title="bbox 2171 577 3748 646">
     <span class='ocr_line' id='line_1_65' title="bbox 2171 577 3748 646; baseline 0.004 -16"><span class='ocrx_word' id='word_1_481' title='bbox 2171 585 2228 630; x_wconf 86' lang='lat' dir='ltr'><strong>ut</strong></span> <span class='ocrx_word' id='word_1_482' title='bbox 2251 577 2392 632; x_wconf 88' lang='lat' dir='ltr'><strong>enim</strong></span> <span class='ocrx_word' id='word_1_483' title='bbox 2433 577 2593 631; x_wconf 89' lang='lat' dir='ltr'><strong>rubus</strong></span> <span class='ocrx_word' id='word_1_484' title='bbox 2637 579 2726 634; x_wconf 90' lang='lat' dir='ltr'><strong>ille</strong></span> <span class='ocrx_word' id='word_1_485' title='bbox 2767 579 3014 645; x_wconf 85' lang='lat' dir='ltr'><strong>ardebat,</strong></span> <span class='ocrx_word' id='word_1_486' title='bbox 3061 590 3116 634; x_wconf 89' lang='lat' dir='ltr'><strong>et</strong></span> <span class='ocrx_word' id='word_1_487' title='bbox 3165 595 3270 635; x_wconf 85' lang='lat' dir='ltr'><strong>non</strong></span> <span class='ocrx_word' id='word_1_488' title='bbox 3315 579 3748 646; x_wconf 83' lang='lat' dir='ltr'><strong>comburehatur,</strong></span> 
     </span>
    </p>
   </div>
   <div class='ocr_carea' id='block_1_66' title="bbox 2170 671 3750 740">
    <p class='ocr_par' dir='ltr' id='par_1_66' title="bbox 2170 671 3750 740">
     <span class='ocr_line' id='line_1_66' title="bbox 2170 671 3750 740; baseline 0.003 -16"><span class='ocrx_word' id='word_1_489' title='bbox 2170 671 2246 724; x_wconf 88' lang='lat' dir='ltr'><strong>sic</strong></span> <span class='ocrx_word' id='word_1_490' title='bbox 2289 677 2346 725; x_wconf 88' lang='lat' dir='ltr'><strong>et</strong></span> <span class='ocrx_word' id='word_1_491' title='bbox 2368 671 2450 724; x_wconf 87' lang='lat' dir='ltr'><strong>hie</strong></span> <span class='ocrx_word' id='word_1_492' title='bbox 2475 671 2696 725; x_wconf 86' lang='lat' dir='ltr'><strong>ardebat</strong></span> <span class='ocrx_word' id='word_1_493' title='bbox 2736 671 2946 740; x_wconf 81' lang='lat' dir='ltr'><strong>quidem</strong></span> <span class='ocrx_word' id='word_1_494' title='bbox 2993 672 3241 738; x_wconf 86' lang='lat' dir='ltr'><strong>dextera,</strong></span> <span class='ocrx_word' id='word_1_495' title='bbox 3273 675 3366 727; x_wconf 89' lang='lat' dir='ltr'><strong>sed</strong></span> <span class='ocrx_word' id='word_1_496' title='bbox 3419 676 3598 729; x_wconf 77' lang='lat' dir='ltr'><strong>anima</strong></span> <span class='ocrx_word' id='word_1_497' title='bbox 3641 691 3750 729; x_wconf 84' lang='lat' dir='ltr'><strong>non</strong></span> 
     </span>
    </p>
   </div>
   <div class='ocr_carea' id='block_1_67' title="bbox 2171 761 3750 834">
    <p class='ocr_par' dir='ltr' id='par_1_67' title="bbox 2171 761 3750 834">
     <span class='ocr_line' id='line_1_67' title="bbox 2171 761 3750 834; baseline 0.004 -18"><span class='ocrx_word' id='word_1_498' title='bbox 2171 761 2594 817; x_wconf 82' lang='lat' dir='ltr'><strong>incendebatur:</strong></span> <span class='ocrx_word' id='word_1_499' title='bbox 2642 764 3022 817; x_wconf 83' lang='lat' dir='ltr'><strong>conficiebatur</strong></span> <span class='ocrx_word' id='word_1_500' title='bbox 3065 779 3295 834; x_wconf 84' lang='lat' dir='ltr'><strong>corpus,</strong></span> <span class='ocrx_word' id='word_1_501' title='bbox 3343 775 3398 820; x_wconf 85' lang='lat' dir='ltr'><strong>at</strong></span> <span class='ocrx_word' id='word_1_502' title='bbox 3452 768 3582 822; x_wconf 79' lang='lat' dir='ltr'><strong>fides</strong></span> <span class='ocrx_word' id='word_1_503' title='bbox 3641 785 3750 823; x_wconf 79' lang='lat' dir='ltr'><strong>non</strong></span> 
     </span>
    </p>
   </div>
   <div class='ocr_carea' id='block_1_68' title="bbox 2169 855 3751 921">
    <p class='ocr_par' dir='ltr' id='par_1_68' title="bbox 2169 855 3751 921">
     <span class='ocr_line' id='line_1_68' title="bbox 2169 855 3751 921; baseline 0.004 -13"><span class='ocrx_word' id='word_1_504' title='bbox 2169 855 2584 910; x_wconf 87' lang='lat' dir='ltr'><strong>consumebatur</strong></span> <span class='ocrx_word' id='word_1_505' title='bbox 2619 871 2787 910; x_wconf 86' lang='lat' dir='ltr'><strong>:caro</strong></span> <span class='ocrx_word' id='word_1_506' title='bbox 2833 855 3138 921; x_wconf 82' lang='lat' dir='ltr'><strong>fatiscebat,</strong></span> <span class='ocrx_word' id='word_1_507' title='bbox 3193 867 3248 910; x_wconf 90' lang='lat' dir='ltr'><strong>at</strong></span> <span class='ocrx_word' id='word_1_508' title='bbox 3283 859 3532 913; x_wconf 87' lang='lat' dir='ltr'><strong>alacritas</strong></span> <span class='ocrx_word' id='word_1_509' title='bbox 3585 862 3751 915; x_wconf 84' lang='lat' dir='ltr'><strong>animi</strong></span> 
     </span>
    </p>
   </div>
   <div class='ocr_carea' id='block_1_69' title="bbox 2171 951 3752 1023">
    <p class='ocr_par' dir='ltr' id='par_1_69' title="bbox 2171 951 3752 1023">
     <span class='ocr_line' id='line_1_69' title="bbox 2171 951 3752 1023; baseline 0.003 -17"><span class='ocrx_word' id='word_1_510' title='bbox 2171 969 2276 1006; x_wconf 90' lang='lat' dir='ltr'><strong>non</strong></span> <span class='ocrx_word' id='word_1_511' title='bbox 2310 953 2605 1008; x_wconf 71' lang='lat' dir='ltr'><strong>fatiscelmt.</strong></span> <span class='ocrx_word' id='word_1_512' title='bbox 2637 951 2696 1007; x_wconf 87' lang='lat' dir='ltr'><strong>Et</strong></span> <span class='ocrx_word' id='word_1_513' title='bbox 2729 967 2910 1022; x_wconf 65' lang='lat' dir='ltr'><strong>pruna}</strong></span> <span class='ocrx_word' id='word_1_514' title='bbox 2937 952 3149 1023; x_wconf 89' lang='lat' dir='ltr'><strong>quidem</strong></span> <span class='ocrx_word' id='word_1_515' title='bbox 3179 968 3300 1007; x_wconf 90' lang='lat' dir='ltr'><strong>cum</strong></span> <span class='ocrx_word' id='word_1_516' title='bbox 3339 955 3512 1008; x_wconf 83' lang='lat' dir='ltr'><strong>volam</strong></span> <span class='ocrx_word' id='word_1_517' title='bbox 3557 969 3752 1011; x_wconf 85' lang='lat' dir='ltr'><strong>manus</strong></span> 
     </span>
    </p>
   </div>
   <div class='ocr_carea' id='block_1_70' title="bbox 2173 1045 3752 1114">
    <p class='ocr_par' dir='ltr' id='par_1_70' title="bbox 2173 1045 3752 1114">
     <span class='ocr_line' id='line_1_70' title="bbox 2173 1045 3752 1114; baseline 0.001 -14"><span class='ocrx_word' id='word_1_518' title='bbox 2173 1045 2533 1114; x_wconf 86' lang='lat' dir='ltr'><strong>perforassent</strong></span> <span class='ocrx_word' id='word_1_519' title='bbox 2553 1088 2566 1108; x_wconf 85' lang='lat'><strong>,</strong></span> <span class='ocrx_word' id='word_1_520' title='bbox 2595 1045 2848 1099; x_wconf 87' lang='lat' dir='ltr'><strong>deorsum</strong></span> <span class='ocrx_word' id='word_1_521' title='bbox 2876 1045 3161 1108; x_wconf 85' lang='lat' dir='ltr'><strong>cadebant,</strong></span> <span class='ocrx_word' id='word_1_522' title='bbox 3196 1055 3249 1099; x_wconf 92' lang='lat' dir='ltr'><strong>at</strong></span> <span class='ocrx_word' id='word_1_523' title='bbox 3275 1047 3466 1102; x_wconf 80' lang='lat' dir='ltr'><strong>anima:</strong></span> <span class='ocrx_word' id='word_1_524' title='bbox 3494 1047 3752 1102; x_wconf 81' lang='lat' dir='ltr'><strong>fortitudo</strong></span> 
     </span>
    </p>
   </div>
   <div class='ocr_carea' id='block_1_71' title="bbox 2173 1135 3753 1206">
    <p class='ocr_par' dir='ltr' id='par_1_71' title="bbox 2173 1135 3753 1206">
     <span class='ocr_line' id='line_1_71' title="bbox 2173 1135 3753 1206; baseline 0.004 -18"><span class='ocrx_word' id='word_1_525' title='bbox 2173 1151 2278 1188; x_wconf 87' lang='lat' dir='ltr'><strong>non</strong></span> <span class='ocrx_word' id='word_1_526' title='bbox 2299 1136 2645 1200; x_wconf 86' lang='lat' dir='ltr'><strong>concidebat;</strong></span> <span class='ocrx_word' id='word_1_527' title='bbox 2676 1135 2770 1188; x_wconf 88' lang='lat' dir='ltr'><strong>sed</strong></span> <span class='ocrx_word' id='word_1_528' title='bbox 2793 1149 2982 1189; x_wconf 88' lang='lat' dir='ltr'><strong>manus</strong></span> <span class='ocrx_word' id='word_1_529' title='bbox 3011 1135 3224 1205; x_wconf 88' lang='lat' dir='ltr'><strong>quidem</strong></span> <span class='ocrx_word' id='word_1_530' title='bbox 3251 1147 3562 1206; x_wconf 87' lang='lat' dir='ltr'><strong>consumpta</strong></span> <span class='ocrx_word' id='word_1_531' title='bbox 3587 1147 3670 1194; x_wconf 87' lang='lat' dir='ltr'><strong>est</strong></span> <span class='ocrx_word' id='word_1_532' title='bbox 3695 1149 3753 1195; x_wconf 85' lang='lat' dir='ltr'><strong>et</strong></span> 
     </span>
    </p>
   </div>
   <div class='ocr_carea' id='block_1_72' title="bbox 2171 1224 3750 1294">
    <p class='ocr_par' dir='ltr' id='par_1_72' title="bbox 2171 1224 3750 1294">
     <span class='ocr_line' id='line_1_72' title="bbox 2171 1224 3750 1294; baseline 0.003 -14"><span class='ocrx_word' id='word_1_533' title='bbox 2171 1224 2428 1290; x_wconf 75' lang='lat' dir='ltr'><strong>diffluxit,</strong></span> <span class='ocrx_word' id='word_1_534' title='bbox 2473 1239 2600 1280; x_wconf 87' lang='lat' dir='ltr'><strong>caro</strong></span> <span class='ocrx_word' id='word_1_535' title='bbox 2627 1225 2893 1294; x_wconf 86' lang='lat' dir='ltr'><strong>siquidem</strong></span> <span class='ocrx_word' id='word_1_536' title='bbox 2924 1235 3073 1291; x_wconf 88' lang='lat' dir='ltr'><strong>erat,</strong></span> <span class='ocrx_word' id='word_1_537' title='bbox 3121 1242 3226 1281; x_wconf 90' lang='lat' dir='ltr'><strong>non</strong></span> <span class='ocrx_word' id='word_1_538' title='bbox 3275 1227 3517 1294; x_wconf 80' lang='lat' dir='ltr'><strong>adamas;</strong></span> <span class='ocrx_word' id='word_1_539' title='bbox 3571 1231 3750 1285; x_wconf 86' lang='lat' dir='ltr'><strong>anima</strong></span> 
     </span>
    </p>
   </div>
   <div class='ocr_carea' id='block_1_73' title="bbox 2171 1319 3752 1389">
    <p class='ocr_par' dir='ltr' id='par_1_73' title="bbox 2171 1319 3752 1389">
     <span class='ocr_line' id='line_1_73' title="bbox 2171 1319 3752 1389; baseline 0.005 -19"><span class='ocrx_word' id='word_1_540' title='bbox 2171 1333 2300 1372; x_wconf 86' lang='lat' dir='ltr'><strong>vero</strong></span> <span class='ocrx_word' id='word_1_541' title='bbox 2319 1331 2505 1372; x_wconf 90' lang='lat' dir='ltr'><strong>rursus</strong></span> <span class='ocrx_word' id='word_1_542' title='bbox 2531 1319 2752 1372; x_wconf 85' lang='lat' dir='ltr'><strong>alteram</strong></span> <span class='ocrx_word' id='word_1_543' title='bbox 2784 1333 3002 1371; x_wconf 87' lang='lat' dir='ltr'><strong>manum</strong></span> <span class='ocrx_word' id='word_1_544' title='bbox 3029 1319 3366 1389; x_wconf 83' lang='lat' dir='ltr'><strong>requirebat.</strong></span> <span class='ocrx_word' id='word_1_545' title='bbox 3403 1330 3459 1374; x_wconf 91' lang='lat' dir='ltr'><strong>ut</strong></span> <span class='ocrx_word' id='word_1_546' title='bbox 3497 1323 3628 1376; x_wconf 88' lang='lat' dir='ltr'><strong>etin</strong></span> <span class='ocrx_word' id='word_1_547' title='bbox 3661 1324 3752 1378; x_wconf 85' lang='lat' dir='ltr'><strong>illa</strong></span> 
     </span>
    </p>
   </div>
   <div class='ocr_carea' id='block_1_74' title="bbox 2174 1412 3755 1485">
    <p class='ocr_par' dir='ltr' id='par_1_74' title="bbox 2174 1412 3755 1485">
     <span class='ocr_line' id='line_1_74' title="bbox 2174 1412 3755 1485; baseline 0.004 -20"><span class='ocrx_word' id='word_1_548' title='bbox 2174 1413 2502 1465; x_wconf 71' lang='lat' dir='ltr'><strong>tolerantiam</strong></span> <span class='ocrx_word' id='word_1_549' title='bbox 2531 1412 2827 1467; x_wconf 88' lang='lat' dir='ltr'><strong>exhiberet.</strong></span> <span class='ocrx_word' id='word_1_550' title='bbox 2878 1412 2946 1466; x_wconf 88' lang='lat' dir='ltr'><strong>Et</strong></span> <span class='ocrx_word' id='word_1_551' title='bbox 2974 1414 3418 1482; x_wconf 84' lang='lat' dir='ltr'><strong>quemadmodum</strong></span> <span class='ocrx_word' id='word_1_552' title='bbox 3460 1431 3755 1485; x_wconf 84' lang='lat' dir='ltr'><strong>generosus</strong></span> 
     </span>
    </p>
   </div>
   <div class='ocr_carea' id='block_1_75' title="bbox 2173 1503 3754 1572">
    <p class='ocr_par' dir='ltr' id='par_1_75' title="bbox 2173 1503 3754 1572">
     <span class='ocr_line' id='line_1_75' title="bbox 2173 1503 3754 1572; baseline 0.003 -15"><span class='ocrx_word' id='word_1_553' title='bbox 2173 1504 2324 1558; x_wconf 90' lang='lat' dir='ltr'><strong>miles</strong></span> <span class='ocrx_word' id='word_1_554' title='bbox 2351 1504 2402 1558; x_wconf 92' lang='lat' dir='ltr'><strong>in</strong></span> <span class='ocrx_word' id='word_1_555' title='bbox 2431 1505 2612 1558; x_wconf 88' lang='lat' dir='ltr'><strong>hostes</strong></span> <span class='ocrx_word' id='word_1_556' title='bbox 2659 1503 3066 1572; x_wconf 82' lang='lat' dir='ltr'><strong>impressionem</strong></span> <span class='ocrx_word' id='word_1_557' title='bbox 3113 1504 3346 1572; x_wconf 86' lang='lat' dir='ltr'><strong>faciens,</strong></span> <span class='ocrx_word' id='word_1_558' title='bbox 3391 1521 3510 1561; x_wconf 91' lang='lat' dir='ltr'><strong>cum</strong></span> <span class='ocrx_word' id='word_1_559' title='bbox 3554 1508 3754 1562; x_wconf 83' lang='lat' dir='ltr'><strong>adver-</strong></span> 
     </span>
    </p>
   </div>
   <div class='ocr_carea' id='block_1_76' title="bbox 2173 1595 3756 1668">
    <p class='ocr_par' dir='ltr' id='par_1_76' title="bbox 2173 1595 3756 1668">
     <span class='ocr_line' id='line_1_76' title="bbox 2173 1595 3756 1668; baseline 0.002 -18"><span class='ocrx_word' id='word_1_560' title='bbox 2173 1598 2400 1650; x_wconf 85' lang='lat' dir='ltr'><strong>santium</strong></span> <span class='ocrx_word' id='word_1_561' title='bbox 2423 1595 2524 1650; x_wconf 91' lang='lat' dir='ltr'><strong>sibi</strong></span> <span class='ocrx_word' id='word_1_562' title='bbox 2557 1596 2868 1666; x_wconf 77' lang='lat' dir='ltr'><strong>phalangem</strong></span> <span class='ocrx_word' id='word_1_563' title='bbox 2899 1597 3227 1664; x_wconf 88' lang='lat' dir='ltr'><strong>conciderit,</strong></span> <span class='ocrx_word' id='word_1_564' title='bbox 3256 1598 3590 1668; x_wconf 81' lang='lat' dir='ltr'><strong>gladiumque</strong></span> <span class='ocrx_word' id='word_1_565' title='bbox 3617 1613 3756 1653; x_wconf 88' lang='lat' dir='ltr'><strong>con-</strong></span> 
     </span>
    </p>
   </div>
   <div class='ocr_carea' id='block_1_77' title="bbox 2175 1687 3757 1757">
    <p class='ocr_par' dir='ltr' id='par_1_77' title="bbox 2175 1687 3757 1757">
     <span class='ocr_line' id='line_1_77' title="bbox 2175 1687 3757 1757; baseline 0 -15"><span class='ocrx_word' id='word_1_566' title='bbox 2175 1688 2442 1742; x_wconf 89' lang='lat' dir='ltr'><strong>tinuorum</strong></span> <span class='ocrx_word' id='word_1_567' title='bbox 2499 1687 2776 1741; x_wconf 81' lang='lat' dir='ltr'><strong>vulnerant</strong></span> <span class='ocrx_word' id='word_1_568' title='bbox 2827 1687 3112 1742; x_wconf 86' lang='lat' dir='ltr'><strong>crebritate</strong></span> <span class='ocrx_word' id='word_1_569' title='bbox 3154 1687 3511 1757; x_wconf 83' lang='lat' dir='ltr'><strong>confregerit,</strong></span> <span class='ocrx_word' id='word_1_570' title='bbox 3559 1689 3757 1742; x_wconf 86' lang='lat' dir='ltr'><strong>deinde</strong></span> 
     </span>
    </p>
   </div>
   <div class='ocr_carea' id='block_1_78' title="bbox 2174 1779 3756 1850">
    <p class='ocr_par' dir='ltr' id='par_1_78' title="bbox 2174 1779 3756 1850">
     <span class='ocr_line' id='line_1_78' title="bbox 2174 1779 3756 1850; baseline -0.001 -15"><span class='ocrx_word' id='word_1_571' title='bbox 2174 1793 2462 1836; x_wconf 86' lang='lat' dir='ltr'><strong>conversus</strong></span> <span class='ocrx_word' id='word_1_572' title='bbox 2523 1780 2746 1835; x_wconf 86' lang='lat' dir='ltr'><strong>alterum</strong></span> <span class='ocrx_word' id='word_1_573' title='bbox 2811 1779 3070 1848; x_wconf 85' lang='lat' dir='ltr'><strong>requirit,</strong></span> <span class='ocrx_word' id='word_1_574' title='bbox 3127 1779 3270 1850; x_wconf 89' lang='lat' dir='ltr'><strong>quod</strong></span> <span class='ocrx_word' id='word_1_575' title='bbox 3336 1795 3460 1834; x_wconf 91' lang='lat' dir='ltr'><strong>eum</strong></span> <span class='ocrx_word' id='word_1_576' title='bbox 3519 1780 3756 1833; x_wconf 86' lang='lat' dir='ltr'><strong>nondum</strong></span> 
     </span>
    </p>
   </div>
   <div class='ocr_carea' id='block_1_79' title="bbox 2174 1853 3758 1942">
    <p class='ocr_par' dir='ltr' id='par_1_79' title="bbox 2174 1853 3758 1942">
     <span class='ocr_line' id='line_1_79' title="bbox 2174 1853 3758 1942; baseline -0.003 -13"><span class='ocrx_word' id='word_1_577' title='bbox 2174 1874 2335 1929; x_wconf 65' lang='lat' dir='ltr'><strong>caedis</strong></span> <span class='ocrx_word' id='word_1_578' title='bbox 2377 1873 2608 1927; x_wconf 89' lang='lat' dir='ltr'><strong>hostium</strong></span> <span class='ocrx_word' id='word_1_579' title='bbox 2630 1875 2846 1927; x_wconf 86' lang='lat' dir='ltr'><strong>satietas</strong></span> <span class='ocrx_word' id='word_1_580' title='bbox 2871 1873 3076 1942; x_wconf 88' lang='lat' dir='ltr'><strong>ceperit</strong></span> <span class='ocrx_word' id='word_1_581' title='bbox 3103 1889 3116 1924; x_wconf 87' lang='lat'><strong>:</strong></span> <span class='ocrx_word' id='word_1_582' title='bbox 3149 1872 3227 1926; x_wconf 91' lang='lat' dir='ltr'><strong>sic</strong></span> <span class='ocrx_word' id='word_1_583' title='bbox 3256 1871 3504 1925; x_wconf 84' lang='lat' dir='ltr'><strong>nimirum</strong></span> <span class='ocrx_word' id='word_1_584' title='bbox 3535 1881 3588 1925; x_wconf 90' lang='lat' dir='ltr'><strong>et</strong></span> <span class='ocrx_word' id='word_1_585' title='bbox 3615 1853 3758 1926; x_wconf 82' lang='lat' dir='ltr'><strong>beati</strong></span> 
     </span>
    </p>
   </div>
   <div class='ocr_carea' id='block_1_80' title="bbox 2177 1961 3758 2032">
    <p class='ocr_par' dir='ltr' id='par_1_80' title="bbox 2177 1961 3758 2032">
     <span class='ocr_line' id='line_1_80' title="bbox 2177 1961 3758 2032; baseline -0.003 -13"><span class='ocrx_word' id='word_1_586' title='bbox 2177 1965 2420 2019; x_wconf 83' lang='lat' dir='ltr'><strong>Barlaam</strong></span> <span class='ocrx_word' id='word_1_587' title='bbox 2473 1965 2648 2018; x_wconf 89' lang='lat' dir='ltr'><strong>anima</strong></span> <span class='ocrx_word' id='word_1_588' title='bbox 2679 1978 2798 2018; x_wconf 90' lang='lat' dir='ltr'><strong>cum</strong></span> <span class='ocrx_word' id='word_1_589' title='bbox 2827 1963 3125 2017; x_wconf 64' lang='lat' dir='ltr'><strong>daemonum</strong></span> <span class='ocrx_word' id='word_1_590' title='bbox 3152 1961 3440 2032; x_wconf 85' lang='lat' dir='ltr'><strong>phalanges</strong></span> <span class='ocrx_word' id='word_1_591' title='bbox 3468 1963 3758 2018; x_wconf 72' lang='lat' dir='ltr'><strong>conciden-</strong></span> 
     </span>
    </p>
   </div>
   <div class='ocr_carea' id='block_1_81' title="bbox 2176 2053 3750 2124">
    <p class='ocr_par' dir='ltr' id='par_1_81' title="bbox 2176 2053 3750 2124">
     <span class='ocr_line' id='line_1_81' title="bbox 2176 2053 3750 2124; baseline -0.001 -16"><span class='ocrx_word' id='word_1_592' title='bbox 2176 2055 2245 2109; x_wconf 89' lang='lat' dir='ltr'><strong>do</strong></span> <span class='ocrx_word' id='word_1_593' title='bbox 2275 2071 2487 2109; x_wconf 88' lang='lat' dir='ltr'><strong>manum</strong></span> <span class='ocrx_word' id='word_1_594' title='bbox 2535 2056 2984 2124; x_wconf 85' lang='lat' dir='ltr'><strong>consumpsisset,</strong></span> <span class='ocrx_word' id='word_1_595' title='bbox 3032 2053 3252 2109; x_wconf 85' lang='lat' dir='ltr'><strong>alteram</strong></span> <span class='ocrx_word' id='word_1_596' title='bbox 3279 2054 3549 2108; x_wconf 78' lang='lat' dir='ltr'><strong>dexteram</strong></span> <span class='ocrx_word' id='word_1_597' title='bbox 3579 2055 3750 2124; x_wconf 84' lang='lat' dir='ltr'><strong>requi-</strong></span> 
     </span>
    </p>
   </div>
   <div class='ocr_carea' id='block_1_82' title="bbox 2177 2144 3756 2216">
    <p class='ocr_par' dir='ltr' id='par_1_82' title="bbox 2177 2144 3756 2216">
     <span class='ocr_line' id='line_1_82' title="bbox 2177 2144 3756 2216; baseline -0.003 -15"><span class='ocrx_word' id='word_1_598' title='bbox 2177 2147 2330 2202; x_wconf 90' lang='lat' dir='ltr'><strong>rebat</strong></span> <span class='ocrx_word' id='word_1_599' title='bbox 2349 2188 2362 2210; x_wconf 95' lang='lat'><strong>,</strong></span> <span class='ocrx_word' id='word_1_600' title='bbox 2392 2157 2448 2200; x_wconf 91' lang='lat' dir='ltr'><strong>ut</strong></span> <span class='ocrx_word' id='word_1_601' title='bbox 2473 2147 2524 2200; x_wconf 89' lang='lat' dir='ltr'><strong>in</strong></span> <span class='ocrx_word' id='word_1_602' title='bbox 2543 2147 2628 2200; x_wconf 87' lang='lat' dir='ltr'><strong>illa</strong></span> <span class='ocrx_word' id='word_1_603' title='bbox 2652 2161 2861 2216; x_wconf 88' lang='lat' dir='ltr'><strong>quoque</strong></span> <span class='ocrx_word' id='word_1_604' title='bbox 2889 2145 3051 2204; x_wconf 88' lang='lat' dir='ltr'><strong>animi</strong></span> <span class='ocrx_word' id='word_1_605' title='bbox 3079 2145 3404 2200; x_wconf 87' lang='lat' dir='ltr'><strong>alacritatem</strong></span> <span class='ocrx_word' id='word_1_606' title='bbox 3427 2144 3756 2200; x_wconf 85' lang='lat' dir='ltr'><strong>ostenderet.</strong></span> 
     </span>
    </p>
   </div>
   <div class='ocr_carea' id='block_1_83' title="bbox 2177 2235 3761 2304">
    <p class='ocr_par' dir='ltr' id='par_1_83' title="bbox 2177 2235 3761 2304">
     <span class='ocr_line' id='line_1_83' title="bbox 2177 2235 3761 2304; baseline -0.001 -12"><span class='ocrx_word' id='word_1_607' title='bbox 2177 2237 2293 2293; x_wconf 85' lang='lat' dir='ltr'><strong>Noli</strong></span> <span class='ocrx_word' id='word_1_608' title='bbox 2327 2238 2467 2292; x_wconf 90' lang='lat' dir='ltr'><strong>enim</strong></span> <span class='ocrx_word' id='word_1_609' title='bbox 2497 2237 2624 2291; x_wconf 88' lang='lat' dir='ltr'><strong>mihi</strong></span> <span class='ocrx_word' id='word_1_610' title='bbox 2647 2237 2824 2292; x_wconf 89' lang='lat' dir='ltr'><strong>dicere</strong></span> <span class='ocrx_word' id='word_1_611' title='bbox 2849 2251 3008 2290; x_wconf 88' lang='lat' dir='ltr'><strong>unam</strong></span> <span class='ocrx_word' id='word_1_612' title='bbox 3033 2235 3178 2290; x_wconf 91' lang='lat' dir='ltr'><strong>illum</strong></span> <span class='ocrx_word' id='word_1_613' title='bbox 3208 2237 3516 2304; x_wconf 77' lang='lat' dir='ltr'><strong>exposuisse</strong></span> <span class='ocrx_word' id='word_1_614' title='bbox 3541 2251 3761 2290; x_wconf 88' lang='lat' dir='ltr'><strong>manum</strong></span> 
     </span>
    </p>
   </div>
   <div class='ocr_carea' id='block_1_84' title="bbox 2180 2326 3764 2399">
    <p class='ocr_par' dir='ltr' id='par_1_84' title="bbox 2180 2326 3764 2399">
     <span class='ocr_line' id='line_1_84' title="bbox 2180 2326 3764 2399; baseline -0.003 -16"><span class='ocrx_word' id='word_1_615' title='bbox 2180 2337 2378 2384; x_wconf 90' lang='lat' dir='ltr'><strong>tantum</strong></span> <span class='ocrx_word' id='word_1_616' title='bbox 2403 2345 2416 2392; x_wconf 91' lang='lat'><strong>;</strong></span> <span class='ocrx_word' id='word_1_617' title='bbox 2440 2329 2533 2383; x_wconf 90' lang='lat' dir='ltr'><strong>sed</strong></span> <span class='ocrx_word' id='word_1_618' title='bbox 2574 2328 2674 2382; x_wconf 91' lang='lat' dir='ltr'><strong>hoc</strong></span> <span class='ocrx_word' id='word_1_619' title='bbox 2700 2328 2876 2399; x_wconf 89' lang='lat' dir='ltr'><strong>potius</strong></span> <span class='ocrx_word' id='word_1_620' title='bbox 2895 2368 2910 2392; x_wconf 93' lang='lat'><strong>,</strong></span> <span class='ocrx_word' id='word_1_621' title='bbox 2943 2341 3100 2396; x_wconf 90' lang='lat' dir='ltr'><strong>quam</strong></span> <span class='ocrx_word' id='word_1_622' title='bbox 3133 2326 3260 2380; x_wconf 90' lang='lat' dir='ltr'><strong>illud</strong></span> <span class='ocrx_word' id='word_1_623' title='bbox 3290 2326 3460 2396; x_wconf 87' lang='lat' dir='ltr'><strong>cogita</strong></span> <span class='ocrx_word' id='word_1_624' title='bbox 3481 2367 3496 2390; x_wconf 86' lang='lat'><strong>,</strong></span> <span class='ocrx_word' id='word_1_625' title='bbox 3521 2326 3610 2395; x_wconf 90' lang='lat' dir='ltr'><strong>qui</strong></span> <span class='ocrx_word' id='word_1_626' title='bbox 3642 2341 3764 2379; x_wconf 62' lang='lat' dir='ltr'><strong>ma-</strong></span> 
     </span>
    </p>
   </div>
   <div class='ocr_carea' id='block_1_85' title="bbox 2181 2418 3762 2489">
    <p class='ocr_par' dir='ltr' id='par_1_85' title="bbox 2181 2418 3762 2489">
     <span class='ocr_line' id='line_1_85' title="bbox 2181 2418 3762 2489; baseline -0.004 -12"><span class='ocrx_word' id='word_1_627' title='bbox 2181 2437 2305 2477; x_wconf 90' lang='lat' dir='ltr'><strong>num</strong></span> <span class='ocrx_word' id='word_1_628' title='bbox 2336 2421 2585 2488; x_wconf 87' lang='lat' dir='ltr'><strong>tradidit,</strong></span> <span class='ocrx_word' id='word_1_629' title='bbox 2613 2435 2734 2475; x_wconf 88' lang='lat' dir='ltr'><strong>eum</strong></span> <span class='ocrx_word' id='word_1_630' title='bbox 2767 2428 2926 2489; x_wconf 89' lang='lat' dir='ltr'><strong>caput</strong></span> <span class='ocrx_word' id='word_1_631' title='bbox 2949 2419 3108 2473; x_wconf 89' lang='lat' dir='ltr'><strong>etiam</strong></span> <span class='ocrx_word' id='word_1_632' title='bbox 3137 2418 3446 2487; x_wconf 75' lang='lat' dir='ltr'><strong>exposuisse</strong></span> <span class='ocrx_word' id='word_1_633' title='bbox 3465 2459 3479 2480; x_wconf 86' lang='lat'><strong><em>.</em></strong></span> <span class='ocrx_word' id='word_1_634' title='bbox 3502 2432 3565 2472; x_wconf 88' lang='lat' dir='ltr'><strong>ac</strong></span> <span class='ocrx_word' id='word_1_635' title='bbox 3591 2418 3762 2470; x_wconf 83' lang='lat' dir='ltr'><strong>latera</strong></span> 
     </span>
    </p>
   </div>
   <div class='ocr_carea' id='block_1_86' title="bbox 2176 2509 3760 2584">
    <p class='ocr_par' dir='ltr' id='par_1_86' title="bbox 2176 2509 3760 2584">
     <span class='ocr_line' id='line_1_86' title="bbox 2176 2509 3760 2584; baseline -0.005 -14"><span class='ocrx_word' id='word_1_636' title='bbox 2176 2513 2425 2580; x_wconf 86' lang='lat' dir='ltr'><strong>dedisse,</strong></span> <span class='ocrx_word' id='word_1_637' title='bbox 2474 2525 2527 2569; x_wconf 91' lang='lat' dir='ltr'><strong>et</strong></span> <span class='ocrx_word' id='word_1_638' title='bbox 2562 2513 2693 2584; x_wconf 88' lang='lat' dir='ltr'><strong>igni,</strong></span> <span class='ocrx_word' id='word_1_639' title='bbox 2721 2513 2905 2568; x_wconf 90' lang='lat' dir='ltr'><strong>bestiis</strong></span> <span class='ocrx_word' id='word_1_640' title='bbox 2927 2553 2943 2579; x_wconf 94' lang='lat'><strong>,</strong></span> <span class='ocrx_word' id='word_1_641' title='bbox 2992 2513 3160 2581; x_wconf 88' lang='lat' dir='ltr'><strong>mari,</strong></span> <span class='ocrx_word' id='word_1_642' title='bbox 3199 2511 3536 2581; x_wconf 79' lang='lat' dir='ltr'><strong>przecipitiis,</strong></span> <span class='ocrx_word' id='word_1_643' title='bbox 3575 2509 3760 2578; x_wconf 85' lang='lat' dir='ltr'><strong>cruci,</strong></span> 
     </span>
    </p>
   </div>
   <div class='ocr_carea' id='block_1_87' title="bbox 2177 2601 3764 2678">
    <p class='ocr_par' dir='ltr' id='par_1_87' title="bbox 2177 2601 3764 2678">
     <span class='ocr_line' id='line_1_87' title="bbox 2177 2601 3764 2678; baseline -0.004 -16"><span class='ocrx_word' id='word_1_644' title='bbox 2177 2617 2333 2674; x_wconf 66' lang='lat' dir='ltr'><strong>rotae,</strong></span> <span class='ocrx_word' id='word_1_645' title='bbox 2349 2615 2504 2678; x_wconf 89' lang='lat' dir='ltr'><strong>atque</strong></span> <span class='ocrx_word' id='word_1_646' title='bbox 2525 2605 2791 2671; x_wconf 90' lang='lat' dir='ltr'><strong>omnibus,</strong></span> <span class='ocrx_word' id='word_1_647' title='bbox 2823 2620 2940 2675; x_wconf 76' lang='lat' dir='ltr'><strong>qua:</strong></span> <span class='ocrx_word' id='word_1_648' title='bbox 2963 2617 3208 2673; x_wconf 88' lang='lat' dir='ltr'><strong>umquam</strong></span> <span class='ocrx_word' id='word_1_649' title='bbox 3227 2601 3386 2656; x_wconf 88' lang='lat' dir='ltr'><strong>fando</strong></span> <span class='ocrx_word' id='word_1_650' title='bbox 3405 2611 3530 2656; x_wconf 90' lang='lat' dir='ltr'><strong>sunt</strong></span> <span class='ocrx_word' id='word_1_651' title='bbox 3555 2601 3764 2664; x_wconf 81' lang='lat' dir='ltr'><strong>audita,</strong></span> 
     </span>
    </p>
   </div>
   <div class='ocr_carea' id='block_1_88' title="bbox 2179 2691 3766 2768">
    <p class='ocr_par' dir='ltr' id='par_1_88' title="bbox 2179 2691 3766 2768">
     <span class='ocr_line' id='line_1_88' title="bbox 2179 2691 3766 2768; baseline -0.004 -16"><span class='ocrx_word' id='word_1_652' title='bbox 2179 2697 2454 2768; x_wconf 89' lang='lat' dir='ltr'><strong>suppliciis</strong></span> <span class='ocrx_word' id='word_1_653' title='bbox 2491 2697 2786 2766; x_wconf 72' lang='lat' dir='ltr'><strong>obiecisse,</strong></span> <span class='ocrx_word' id='word_1_654' title='bbox 2840 2703 3137 2764; x_wconf 86' lang='lat' dir='ltr'><strong>cunctaque</strong></span> <span class='ocrx_word' id='word_1_655' title='bbox 3167 2707 3478 2763; x_wconf 89' lang='lat' dir='ltr'><strong>perpessum</strong></span> <span class='ocrx_word' id='word_1_656' title='bbox 3519 2705 3674 2753; x_wconf 85' lang='lat' dir='ltr'><strong>esse,</strong></span> <span class='ocrx_word' id='word_1_657' title='bbox 3715 2691 3766 2746; x_wconf 86' lang='lat' dir='ltr'><strong>si</strong></span> 
     </span>
    </p>
   </div>
   <div class='ocr_carea' id='block_1_89' title="bbox 2180 2783 3766 2858">
    <p class='ocr_par' dir='ltr' id='par_1_89' title="bbox 2180 2783 3766 2858">
     <span class='ocr_line' id='line_1_89' title="bbox 2180 2783 3766 2858; baseline -0.006 -14"><span class='ocrx_word' id='word_1_658' title='bbox 2180 2792 2354 2845; x_wconf 85' lang='lat' dir='ltr'><strong>minus</strong></span> <span class='ocrx_word' id='word_1_659' title='bbox 2402 2789 2802 2858; x_wconf 84' lang='lat' dir='ltr'><strong>experimento,</strong></span> <span class='ocrx_word' id='word_1_660' title='bbox 2841 2787 3001 2840; x_wconf 88' lang='lat' dir='ltr'><strong>animi</strong></span> <span class='ocrx_word' id='word_1_661' title='bbox 3033 2785 3244 2855; x_wconf 87' lang='lat' dir='ltr'><strong>quidem</strong></span> <span class='ocrx_word' id='word_1_662' title='bbox 3289 2793 3436 2838; x_wconf 90' lang='lat' dir='ltr'><strong>certe</strong></span> <span class='ocrx_word' id='word_1_663' title='bbox 3467 2783 3766 2852; x_wconf 89' lang='lat' dir='ltr'><strong>proposito.</strong></span> 
     </span>
    </p>
   </div>
   <div class='ocr_carea' id='block_1_90' title="bbox 2179 2876 3765 2949">
    <p class='ocr_par' dir='ltr' id='par_1_90' title="bbox 2179 2876 3765 2949">
     <span class='ocr_line' id='line_1_90' title="bbox 2179 2876 3765 2949; baseline -0.006 -11"><span class='ocrx_word' id='word_1_664' title='bbox 2179 2883 2310 2938; x_wconf 83' lang='lat' dir='ltr'><strong>Nam</strong></span> <span class='ocrx_word' id='word_1_665' title='bbox 2333 2897 2432 2937; x_wconf 90' lang='lat' dir='ltr'><strong>nec</strong></span> <span class='ocrx_word' id='word_1_666' title='bbox 2452 2883 2515 2936; x_wconf 90' lang='lat' dir='ltr'><strong>ad</strong></span> <span class='ocrx_word' id='word_1_667' title='bbox 2536 2891 2707 2937; x_wconf 85' lang='lat' dir='ltr'><strong>certas</strong></span> <span class='ocrx_word' id='word_1_668' title='bbox 2728 2897 2786 2936; x_wconf 88' lang='lat' dir='ltr'><strong>se</strong></span> <span class='ocrx_word' id='word_1_669' title='bbox 2807 2895 2868 2935; x_wconf 89' lang='lat' dir='ltr'><strong>ac</strong></span> <span class='ocrx_word' id='word_1_670' title='bbox 2891 2879 3136 2933; x_wconf 74' lang='lat' dir='ltr'><strong>definitus</strong></span> <span class='ocrx_word' id='word_1_671' title='bbox 3163 2891 3346 2949; x_wconf 67' lang='lat' dir='ltr'><strong>pinnas</strong></span> <span class='ocrx_word' id='word_1_672' title='bbox 3369 2876 3596 2932; x_wconf 75' lang='lat' dir='ltr'><strong>offerunt</strong></span> <span class='ocrx_word' id='word_1_673' title='bbox 3616 2891 3765 2930; x_wconf 80' lang='lat' dir='ltr'><strong>mar-</strong></span> 
     </span>
    </p>
   </div>
   <div class='ocr_carea' id='block_1_91' title="bbox 2183 2971 3768 3049">
    <p class='ocr_par' dir='ltr' id='par_1_91' title="bbox 2183 2971 3768 3049">
     <span class='ocr_line' id='line_1_91' title="bbox 2183 2971 3768 3049; baseline -0.005 -19"><span class='ocrx_word' id='word_1_674' title='bbox 2183 2985 2358 3049; x_wconf 81' lang='lat' dir='ltr'><strong>tyres,</strong></span> <span class='ocrx_word' id='word_1_675' title='bbox 2392 2975 2484 3030; x_wconf 83' lang='lat' dir='ltr'><strong>sed</strong></span> <span class='ocrx_word' id='word_1_676' title='bbox 2517 2973 2582 3028; x_wconf 91' lang='lat' dir='ltr'><strong>ad</strong></span> <span class='ocrx_word' id='word_1_677' title='bbox 2633 2975 2833 3028; x_wconf 83' lang='lat' dir='ltr'><strong>incerta</strong></span> <span class='ocrx_word' id='word_1_678' title='bbox 2881 2972 3136 3042; x_wconf 87' lang='lat' dir='ltr'><strong>supplicia</strong></span> <span class='ocrx_word' id='word_1_679' title='bbox 3181 2985 3239 3025; x_wconf 91' lang='lat' dir='ltr'><strong>se</strong></span> <span class='ocrx_word' id='word_1_680' title='bbox 3287 2971 3570 3039; x_wconf 86' lang='lat' dir='ltr'><strong>accingunt</strong></span> <span class='ocrx_word' id='word_1_681' title='bbox 3597 2985 3614 3020; x_wconf 90' lang='lat'><strong>:</strong></span> <span class='ocrx_word' id='word_1_682' title='bbox 3655 2982 3768 3022; x_wconf 89' lang='lat' dir='ltr'><strong>non</strong></span> 
     </span>
    </p>
   </div>
   <div class='ocr_carea' id='block_1_92' title="bbox 2181 3063 3768 3135">
    <p class='ocr_par' dir='ltr' id='par_1_92' title="bbox 2181 3063 3768 3135">
     <span class='ocr_line' id='line_1_92' title="bbox 2181 3063 3768 3135; baseline -0.006 -11"><span class='ocrx_word' id='word_1_683' title='bbox 2181 3071 2322 3125; x_wconf 87' lang='lat' dir='ltr'><strong>enim</strong></span> <span class='ocrx_word' id='word_1_684' title='bbox 2371 3069 2540 3124; x_wconf 89' lang='lat' dir='ltr'><strong>estin</strong></span> <span class='ocrx_word' id='word_1_685' title='bbox 2587 3081 2768 3121; x_wconf 91' lang='lat' dir='ltr'><strong>eorum</strong></span> <span class='ocrx_word' id='word_1_686' title='bbox 2815 3074 3075 3135; x_wconf 89' lang='lat' dir='ltr'><strong>potestate</strong></span> <span class='ocrx_word' id='word_1_687' title='bbox 3127 3063 3337 3117; x_wconf 90' lang='lat' dir='ltr'><strong>animus</strong></span> <span class='ocrx_word' id='word_1_688' title='bbox 3379 3071 3768 3134; x_wconf 82' lang='lat' dir='ltr'><strong>tyrannorum,</strong></span> 
     </span>
    </p>
   </div>
   <div class='ocr_carea' id='block_1_93' title="bbox 2181 3153 3770 3230">
    <p class='ocr_par' dir='ltr' id='par_1_93' title="bbox 2181 3153 3770 3230">
     <span class='ocr_line' id='line_1_93' title="bbox 2181 3153 3770 3230; baseline -0.004 -16"><span class='ocrx_word' id='word_1_689' title='bbox 2181 3174 2355 3230; x_wconf 88' lang='lat' dir='ltr'><strong>neque</strong></span> <span class='ocrx_word' id='word_1_690' title='bbox 2405 3159 2688 3213; x_wconf 88' lang='lat' dir='ltr'><strong>terminum</strong></span> <span class='ocrx_word' id='word_1_691' title='bbox 2719 3157 2823 3210; x_wconf 88' lang='lat' dir='ltr'><strong>illis</strong></span> <span class='ocrx_word' id='word_1_692' title='bbox 2873 3157 3194 3224; x_wconf 83' lang='lat' dir='ltr'><strong>mod-umque</strong></span> <span class='ocrx_word' id='word_1_693' title='bbox 3237 3154 3617 3224; x_wconf 71' lang='lat' dir='ltr'><strong>prtescribunt,</strong></span> <span class='ocrx_word' id='word_1_694' title='bbox 3665 3153 3770 3208; x_wconf 90' lang='lat' dir='ltr'><strong>sed</strong></span> 
     </span>
    </p>
   </div>
   <div class='ocr_carea' id='block_1_94' title="bbox 2181 3243 3769 3319">
    <p class='ocr_par' dir='ltr' id='par_1_94' title="bbox 2181 3243 3769 3319">
     <span class='ocr_line' id='line_1_94' title="bbox 2181 3243 3769 3319; baseline -0.004 -16"><span class='ocrx_word' id='word_1_695' title='bbox 2181 3249 2598 3319; x_wconf 88' lang='lat' dir='ltr'><strong>quibuscumque</strong></span> <span class='ocrx_word' id='word_1_696' title='bbox 2627 3247 2782 3303; x_wconf 86' lang='lat' dir='ltr'><strong>malis</strong></span> <span class='ocrx_word' id='word_1_697' title='bbox 2822 3259 2914 3300; x_wconf 90' lang='lat' dir='ltr'><strong>eos</strong></span> <span class='ocrx_word' id='word_1_698' title='bbox 2941 3243 3153 3300; x_wconf 84' lang='lat' dir='ltr'><strong>afﬁcere</strong></span> <span class='ocrx_word' id='word_1_699' title='bbox 3187 3245 3505 3298; x_wconf 89' lang='lat' dir='ltr'><strong>inhumanus</strong></span> <span class='ocrx_word' id='word_1_700' title='bbox 3541 3257 3604 3298; x_wconf 84' lang='lat' dir='ltr'><strong>ac</strong></span> <span class='ocrx_word' id='word_1_701' title='bbox 3644 3243 3769 3298; x_wconf 89' lang='lat' dir='ltr'><strong>bel—</strong></span> 
     </span>
    </p>
   </div>
   <div class='ocr_carea' id='block_1_95' title="bbox 2183 3333 3768 3404">
    <p class='ocr_par' dir='ltr' id='par_1_95' title="bbox 2183 3333 3768 3404">
     <span class='ocr_line' id='line_1_95' title="bbox 2183 3333 3768 3404; baseline -0.004 -10"><span class='ocrx_word' id='word_1_702' title='bbox 2183 3341 2358 3395; x_wconf 88' lang='lat' dir='ltr'><strong>luinus</strong></span> <span class='ocrx_word' id='word_1_703' title='bbox 2409 3355 2595 3394; x_wconf 89' lang='lat' dir='ltr'><strong>eorum</strong></span> <span class='ocrx_word' id='word_1_704' title='bbox 2639 3339 2848 3393; x_wconf 88' lang='lat' dir='ltr'><strong>animus</strong></span> <span class='ocrx_word' id='word_1_705' title='bbox 2896 3335 3246 3402; x_wconf 88' lang='lat' dir='ltr'><strong>desiderarit,</strong></span> <span class='ocrx_word' id='word_1_706' title='bbox 3286 3339 3364 3388; x_wconf 90' lang='lat' dir='ltr'><strong>tot</strong></span> <span class='ocrx_word' id='word_1_707' title='bbox 3393 3342 3642 3404; x_wconf 87' lang='lat' dir='ltr'><strong>tantaque</strong></span> <span class='ocrx_word' id='word_1_708' title='bbox 3689 3333 3768 3388; x_wconf 89' lang='lat' dir='ltr'><strong>illi</strong></span> 
     </span>
    </p>
   </div>
   <div class='ocr_carea' id='block_1_96' title="bbox 2183 3428 3772 3503">
    <p class='ocr_par' dir='ltr' id='par_1_96' title="bbox 2183 3428 3772 3503">
     <span class='ocr_line' id='line_1_96' title="bbox 2183 3428 3772 3503; baseline -0.004 -17"><span class='ocrx_word' id='word_1_709' title='bbox 2183 3431 2448 3503; x_wconf 89' lang='lat' dir='ltr'><strong>prodeunt</strong></span> <span class='ocrx_word' id='word_1_710' title='bbox 2469 3432 2771 3502; x_wconf 85' lang='lat' dir='ltr'><strong>perpessuri</strong></span> <span class='ocrx_word' id='word_1_711' title='bbox 2805 3449 2817 3485; x_wconf 96' lang='lat'>:</span> <span class='ocrx_word' id='word_1_712' title='bbox 2848 3431 2946 3485; x_wconf 90' lang='lat' dir='ltr'><strong>nisi</strong></span> <span class='ocrx_word' id='word_1_713' title='bbox 2976 3429 3111 3484; x_wconf 89' lang='lat' dir='ltr'><strong>forte</strong></span> <span class='ocrx_word' id='word_1_714' title='bbox 3142 3429 3350 3482; x_wconf 89' lang='lat' dir='ltr'><strong>interim</strong></span> <span class='ocrx_word' id='word_1_715' title='bbox 3375 3428 3620 3482; x_wconf 83' lang='lat' dir='ltr'><strong>fatiscens</strong></span> <span class='ocrx_word' id='word_1_716' title='bbox 3648 3441 3772 3481; x_wconf 88' lang='lat' dir='ltr'><strong>cor-</strong></span> 
     </span>
    </p>
   </div>
   <div class='ocr_carea' id='block_1_97' title="bbox 2187 3517 3772 3594">
    <p class='ocr_par' dir='ltr' id='par_1_97' title="bbox 2187 3517 3772 3594">
     <span class='ocr_line' id='line_1_97' title="bbox 2187 3517 3772 3594; baseline -0.004 -16"><span class='ocrx_word' id='word_1_717' title='bbox 2187 3541 2280 3594; x_wconf 89' lang='lat' dir='ltr'><strong>pus</strong></span> <span class='ocrx_word' id='word_1_718' title='bbox 2349 3525 2666 3593; x_wconf 81' lang='lat' dir='ltr'><strong>inexpletam</strong></span> <span class='ocrx_word' id='word_1_719' title='bbox 2719 3524 2769 3575; x_wconf 91' lang='lat' dir='ltr'><strong>in</strong></span> <span class='ocrx_word' id='word_1_720' title='bbox 2817 3522 2991 3576; x_wconf 87' lang='lat' dir='ltr'><strong>medio</strong></span> <span class='ocrx_word' id='word_1_721' title='bbox 3040 3529 3382 3592; x_wconf 81' lang='lat' dir='ltr'><strong>tyrannorum</strong></span> <span class='ocrx_word' id='word_1_722' title='bbox 3423 3517 3772 3587; x_wconf 83' lang='lat' dir='ltr'><strong>cupiditatem</strong></span> 
     </span>
    </p>
   </div>
   <div class='ocr_carea' id='block_1_98' title="bbox 2187 3610 3772 3684">
    <p class='ocr_par' dir='ltr' id='par_1_98' title="bbox 2187 3610 3772 3684">
     <span class='ocr_line' id='line_1_98' title="bbox 2187 3610 3772 3684; baseline -0.004 -16"><span class='ocrx_word' id='word_1_723' title='bbox 2187 3615 2478 3684; x_wconf 88' lang='lat' dir='ltr'><strong>reliquerit.</strong></span> <span class='ocrx_word' id='word_1_724' title='bbox 2509 3613 2814 3668; x_wconf 87' lang='lat' dir='ltr'><strong>Tabeficbat</strong></span> <span class='ocrx_word' id='word_1_725' title='bbox 2843 3627 2968 3682; x_wconf 84' lang='lat' dir='ltr'><strong>ergo</strong></span> <span class='ocrx_word' id='word_1_726' title='bbox 2991 3625 3118 3664; x_wconf 85' lang='lat' dir='ltr'><strong>caro</strong></span> <span class='ocrx_word' id='word_1_727' title='bbox 3135 3652 3150 3678; x_wconf 88' lang='lat'><strong>,</strong></span> <span class='ocrx_word' id='word_1_728' title='bbox 3173 3619 3226 3662; x_wconf 89' lang='lat' dir='ltr'><strong>at</strong></span> <span class='ocrx_word' id='word_1_729' title='bbox 3251 3610 3413 3662; x_wconf 90' lang='lat' dir='ltr'><strong>animi</strong></span> <span class='ocrx_word' id='word_1_730' title='bbox 3436 3611 3772 3680; x_wconf 88' lang='lat' dir='ltr'><strong>propositum</strong></span> 
     </span>
    </p>
   </div>
   <div class='ocr_carea' id='block_1_99' title="bbox 2186 3701 3772 3773">
    <p class='ocr_par' dir='ltr' id='par_1_99' title="bbox 2186 3701 3772 3773">
     <span class='ocr_line' id='line_1_99' title="bbox 2186 3701 3772 3773; baseline -0.005 -15"><span class='ocrx_word' id='word_1_731' title='bbox 2186 3705 2416 3760; x_wconf 86' lang='lat' dir='ltr'><strong>alacrius</strong></span> <span class='ocrx_word' id='word_1_732' title='bbox 2445 3705 2633 3770; x_wconf 88' lang='lat' dir='ltr'><strong>flebat,</strong></span> <span class='ocrx_word' id='word_1_733' title='bbox 2666 3703 2806 3773; x_wconf 91' lang='lat' dir='ltr'><strong>quod</strong></span> <span class='ocrx_word' id='word_1_734' title='bbox 2831 3701 3113 3772; x_wconf 89' lang='lat' dir='ltr'><strong>splendore</strong></span> <span class='ocrx_word' id='word_1_735' title='bbox 3137 3701 3396 3756; x_wconf 87' lang='lat' dir='ltr'><strong>carbones</strong></span> <span class='ocrx_word' id='word_1_736' title='bbox 3433 3702 3574 3768; x_wconf 86' lang='lat' dir='ltr'><strong>ipsos</strong></span> <span class='ocrx_word' id='word_1_737' title='bbox 3605 3715 3772 3768; x_wconf 85' lang='lat' dir='ltr'><strong>supe-</strong></span> 
     </span>
    </p>
   </div>
   <div class='ocr_carea' id='block_1_100' title="bbox 2187 3791 3774 3866">
    <p class='ocr_par' dir='ltr' id='par_1_100' title="bbox 2187 3791 3774 3866">
     <span class='ocr_line' id='line_1_100' title="bbox 2187 3791 3774 3866; baseline -0.005 -13"><span class='ocrx_word' id='word_1_738' title='bbox 2187 3799 2346 3853; x_wconf 86' lang='lat' dir='ltr'><strong>rabat</strong></span> <span class='ocrx_word' id='word_1_739' title='bbox 2366 3807 2420 3852; x_wconf 88' lang='lat' dir='ltr'><strong>et</strong></span> <span class='ocrx_word' id='word_1_740' title='bbox 2442 3797 2608 3852; x_wconf 91' lang='lat' dir='ltr'><strong>multo</strong></span> <span class='ocrx_word' id='word_1_741' title='bbox 2628 3797 2854 3866; x_wconf 87' lang='lat' dir='ltr'><strong>amplius</strong></span> <span class='ocrx_word' id='word_1_742' title='bbox 2875 3794 3136 3849; x_wconf 89' lang='lat' dir='ltr'><strong>emicabat</strong></span> <span class='ocrx_word' id='word_1_743' title='bbox 3161 3809 3176 3848; x_wconf 89' lang='lat'>:</span> <span class='ocrx_word' id='word_1_744' title='bbox 3200 3792 3489 3862; x_wconf 88' lang='lat' dir='ltr'><strong>spiritualis</strong></span> <span class='ocrx_word' id='word_1_745' title='bbox 3506 3791 3774 3860; x_wconf 81' lang='lat' dir='ltr'><strong>siquidem</strong></span> 
     </span>
    </p>
   </div>
   <div class='ocr_carea' id='block_1_101' title="bbox 2189 3885 3772 3961">
    <p class='ocr_par' dir='ltr' id='par_1_101' title="bbox 2189 3885 3772 3961">
     <span class='ocr_line' id='line_1_101' title="bbox 2189 3885 3772 3961; baseline -0.003 -19"><span class='ocrx_word' id='word_1_746' title='bbox 2189 3889 2332 3945; x_wconf 90' lang='lat' dir='ltr'><strong>intus</strong></span> <span class='ocrx_word' id='word_1_747' title='bbox 2361 3889 2496 3961; x_wconf 89' lang='lat' dir='ltr'><strong>ignis</strong></span> <span class='ocrx_word' id='word_1_748' title='bbox 2546 3901 2802 3945; x_wconf 86' lang='lat' dir='ltr'><strong>accensus</strong></span> <span class='ocrx_word' id='word_1_749' title='bbox 2832 3897 2949 3944; x_wconf 89' lang='lat' dir='ltr'><strong>erat</strong></span> <span class='ocrx_word' id='word_1_750' title='bbox 2979 3887 3142 3941; x_wconf 88' lang='lat' dir='ltr'><strong>multo</strong></span> <span class='ocrx_word' id='word_1_751' title='bbox 3185 3885 3456 3940; x_wconf 87' lang='lat' dir='ltr'><strong>ardentior</strong></span> <span class='ocrx_word' id='word_1_752' title='bbox 3485 3885 3604 3955; x_wconf 82' lang='lat' dir='ltr'><strong>igne</strong></span> <span class='ocrx_word' id='word_1_753' title='bbox 3631 3885 3772 3948; x_wconf 82' lang='lat' dir='ltr'><strong>isto;</strong></span> 
     </span>
    </p>
   </div>
   <div class='ocr_carea' id='block_1_102' title="bbox 2191 3975 3774 4038">
    <p class='ocr_par' dir='ltr' id='par_1_102' title="bbox 2191 3975 3774 4038">
     <span class='ocr_line' id='line_1_102' title="bbox 2191 3975 3774 4038; baseline -0.006 -1"><span class='ocrx_word' id='word_1_754' title='bbox 2191 3981 2388 4037; x_wconf 90' lang='lat' dir='ltr'><strong>idcirco</strong></span> <span class='ocrx_word' id='word_1_755' title='bbox 2439 3981 2710 4036; x_wconf 86' lang='lat' dir='ltr'><strong>flammam</strong></span> <span class='ocrx_word' id='word_1_756' title='bbox 2751 3991 3026 4035; x_wconf 84' lang='lat' dir='ltr'><strong>externam</strong></span> <span class='ocrx_word' id='word_1_757' title='bbox 3067 3977 3155 4032; x_wconf 89' lang='lat' dir='ltr'><strong>ille</strong></span> <span class='ocrx_word' id='word_1_758' title='bbox 3207 3977 3427 4031; x_wconf 87' lang='lat' dir='ltr'><strong>minime</strong></span> <span class='ocrx_word' id='word_1_759' title='bbox 3476 3975 3774 4038; x_wconf 85' lang='lat' dir='ltr'><strong>sentiebat,</strong></span> 
     </span>
    </p>
   </div>
   <div class='ocr_carea' id='block_1_103' title="bbox 2189 4067 3778 4146">
    <p class='ocr_par' dir='ltr' id='par_1_103' title="bbox 2189 4067 3778 4146">
     <span class='ocr_line' id='line_1_103' title="bbox 2189 4067 3778 4146; baseline -0.004 -17"><span class='ocrx_word' id='word_1_760' title='bbox 2189 4076 2330 4146; x_wconf 90' lang='lat' dir='ltr'><strong>quod</strong></span> <span class='ocrx_word' id='word_1_761' title='bbox 2369 4074 2600 4129; x_wconf 86' lang='lat' dir='ltr'><strong>fervidus</strong></span> <span class='ocrx_word' id='word_1_762' title='bbox 2623 4074 2770 4128; x_wconf 91' lang='lat' dir='ltr'><strong>illum</strong></span> <span class='ocrx_word' id='word_1_763' title='bbox 2799 4081 2853 4128; x_wconf 90' lang='lat' dir='ltr'><strong>et</strong></span> <span class='ocrx_word' id='word_1_764' title='bbox 2893 4071 3087 4126; x_wconf 89' lang='lat' dir='ltr'><strong>ardens</strong></span> <span class='ocrx_word' id='word_1_765' title='bbox 3123 4067 3318 4125; x_wconf 87' lang='lat' dir='ltr'><strong>Christi</strong></span> <span class='ocrx_word' id='word_1_766' title='bbox 3356 4069 3594 4125; x_wconf 86' lang='lat' dir='ltr'><strong>caritatis</strong></span> <span class='ocrx_word' id='word_1_767' title='bbox 3637 4068 3778 4138; x_wconf 83' lang='lat' dir='ltr'><strong>ignis</strong></span> 
     </span>
    </p>
   </div>
   <div class='ocr_carea' id='block_1_104' title="bbox 2191 4165 2731 4221">
    <p class='ocr_par' dir='ltr' id='par_1_104' title="bbox 2191 4165 2731 4221">
     <span class='ocr_line' id='line_1_104' title="bbox 2191 4165 2731 4221; baseline -0.006 0"><span class='ocrx_word' id='word_1_768' title='bbox 2191 4165 2332 4221; x_wconf 90' lang='lat' dir='ltr'><strong>intus</strong></span> <span class='ocrx_word' id='word_1_769' title='bbox 2359 4166 2731 4220; x_wconf 83' lang='lat' dir='ltr'><strong>inﬂammaret.</strong></span> 
     </span>
    </p>
   </div>
   <div class='ocr_carea' id='block_1_105' title="bbox 2262 4251 3778 4315">
    <p class='ocr_par' dir='ltr' id='par_1_105' title="bbox 2262 4251 3778 4315">
     <span class='ocr_line' id='line_1_105' title="bbox 2262 4251 3778 4315; baseline -0.008 -2"><span class='ocrx_word' id='word_1_770' title='bbox 2262 4261 2316 4314; x_wconf 76' lang='lat'><strong>4.</strong></span> <span class='ocrx_word' id='word_1_771' title='bbox 2350 4257 2406 4312; x_wconf 83' lang='grc' dir='ltr'><em>Μ</em></span> <span class='ocrx_word' id='word_1_772' title='bbox 2413 4259 2566 4312; x_wconf 77' lang='lat' dir='ltr'><strong>oratis</strong></span> <span class='ocrx_word' id='word_1_773' title='bbox 2587 4255 2889 4310; x_wconf 72' lang='lat' dir='ltr'><strong>exhortatio.</strong></span> <span class='ocrx_word' id='word_1_774' title='bbox 2917 4285 2986 4295; x_wconf 95' lang='lat'><strong><em>—</em></strong></span> <span class='ocrx_word' id='word_1_775' title='bbox 3009 4251 3136 4310; x_wconf 73' lang='lat' dir='ltr'><strong>Hatc</strong></span> <span class='ocrx_word' id='word_1_776' title='bbox 3157 4267 3224 4308; x_wconf 89' lang='lat' dir='ltr'><strong>ne</strong></span> <span class='ocrx_word' id='word_1_777' title='bbox 3249 4251 3525 4308; x_wconf 88' lang='lat' dir='ltr'><strong>audiamus</strong></span> <span class='ocrx_word' id='word_1_778' title='bbox 3546 4257 3778 4315; x_wconf 79' lang='lat' dir='ltr'><strong>tantum,</strong></span> 
     </span>
    </p>
   </div>
   <div class='ocr_carea' id='block_1_106' title="bbox 2192 4341 3780 4414">
    <p class='ocr_par' dir='ltr' id='par_1_106' title="bbox 2192 4341 3780 4414">
     <span class='ocr_line' id='line_1_106' title="bbox 2192 4341 3780 4414; baseline -0.005 -11"><span class='ocrx_word' id='word_1_779' title='bbox 2192 4349 2556 4414; x_wconf 88' lang='lat' dir='ltr'><strong>dilectissimi,</strong></span> <span class='ocrx_word' id='word_1_780' title='bbox 2588 4347 2681 4402; x_wconf 79' lang='lat' dir='ltr'><strong>sed</strong></span> <span class='ocrx_word' id='word_1_781' title='bbox 2707 4355 2760 4402; x_wconf 90' lang='lat' dir='ltr'><strong>et</strong></span> <span class='ocrx_word' id='word_1_782' title='bbox 2789 4347 3056 4400; x_wconf 91' lang='lat' dir='ltr'><strong>imitemur</strong></span> <span class='ocrx_word' id='word_1_783' title='bbox 3085 4365 3098 4401; x_wconf 90' lang='lat'>:</span> <span class='ocrx_word' id='word_1_784' title='bbox 3125 4345 3266 4414; x_wconf 88' lang='lat' dir='ltr'><strong>quod</strong></span> <span class='ocrx_word' id='word_1_785' title='bbox 3292 4343 3432 4399; x_wconf 92' lang='lat' dir='ltr'><strong>enim</strong></span> <span class='ocrx_word' id='word_1_786' title='bbox 3461 4357 3491 4396; x_wconf 90' lang='lat' dir='ltr'><strong>a</strong></span> <span class='ocrx_word' id='word_1_787' title='bbox 3513 4341 3780 4412; x_wconf 88' lang='lat' dir='ltr'><strong>principio</strong></span> 
     </span>
    </p>
   </div>
   <div class='ocr_carea' id='block_1_107' title="bbox 2193 4436 3782 4506">
    <p class='ocr_par' dir='ltr' id='par_1_107' title="bbox 2193 4436 3782 4506">
     <span class='ocr_line' id='line_1_107' title="bbox 2193 4436 3782 4506; baseline -0.004 -12"><span class='ocrx_word' id='word_1_788' title='bbox 2193 4440 2432 4496; x_wconf 90' lang='lat' dir='ltr'><strong>dicebam</strong></span> <span class='ocrx_word' id='word_1_789' title='bbox 2457 4482 2472 4506; x_wconf 95' lang='lat'><strong>,</strong></span> <span class='ocrx_word' id='word_1_790' title='bbox 2498 4455 2637 4494; x_wconf 91' lang='lat' dir='ltr'><strong>nunc</strong></span> <span class='ocrx_word' id='word_1_791' title='bbox 2656 4440 2812 4495; x_wconf 85' lang='lat' dir='ltr'><strong>etiam</strong></span> <span class='ocrx_word' id='word_1_792' title='bbox 2831 4439 2951 4493; x_wconf 89' lang='lat' dir='ltr'><strong>dico</strong></span> <span class='ocrx_word' id='word_1_793' title='bbox 2976 4455 2989 4491; x_wconf 91' lang='lat'><strong>:</strong></span> <span class='ocrx_word' id='word_1_794' title='bbox 3019 4453 3086 4492; x_wconf 95' lang='lat' dir='ltr'><strong>ne</strong></span> <span class='ocrx_word' id='word_1_795' title='bbox 3113 4437 3212 4492; x_wconf 89' lang='lat' dir='ltr'><strong>hac</strong></span> <span class='ocrx_word' id='word_1_796' title='bbox 3243 4445 3441 4490; x_wconf 88' lang='lat' dir='ltr'><strong>tantum</strong></span> <span class='ocrx_word' id='word_1_797' title='bbox 3471 4436 3600 4488; x_wconf 87' lang='lat' dir='ltr'><strong>hora</strong></span> <span class='ocrx_word' id='word_1_798' title='bbox 3623 4477 3638 4500; x_wconf 90' lang='lat'><strong>,</strong></span> <span class='ocrx_word' id='word_1_799' title='bbox 3671 4450 3782 4500; x_wconf 78' lang='lat' dir='ltr'><strong>qua</strong></span> 
     </span>
    </p>
   </div>
   <div class='ocr_carea' id='block_1_108' title="bbox 2195 4527 3780 4602">
    <p class='ocr_par' dir='ltr' id='par_1_108' title="bbox 2195 4527 3780 4602">
     <span class='ocr_line' id='line_1_108' title="bbox 2195 4527 3780 4602; baseline -0.008 -12"><span class='ocrx_word' id='word_1_800' title='bbox 2195 4535 2284 4591; x_wconf 89' lang='lat' dir='ltr'><strong>hic</strong></span> <span class='ocrx_word' id='word_1_801' title='bbox 2326 4549 2602 4591; x_wconf 85' lang='lat' dir='ltr'><strong>versamur</strong></span> <span class='ocrx_word' id='word_1_802' title='bbox 2625 4575 2641 4600; x_wconf 93' lang='lat'><strong>,</strong></span> <span class='ocrx_word' id='word_1_803' title='bbox 2687 4533 2985 4588; x_wconf 89' lang='lat' dir='ltr'><strong>celebretur</strong></span> <span class='ocrx_word' id='word_1_804' title='bbox 3035 4539 3236 4602; x_wconf 87' lang='lat' dir='ltr'><strong>martyr</strong></span> <span class='ocrx_word' id='word_1_805' title='bbox 3263 4571 3279 4595; x_wconf 96' lang='lat'><strong>,</strong></span> <span class='ocrx_word' id='word_1_806' title='bbox 3335 4528 3427 4583; x_wconf 90' lang='lat' dir='ltr'><strong>sed</strong></span> <span class='ocrx_word' id='word_1_807' title='bbox 3466 4539 3521 4582; x_wconf 93' lang='lat' dir='ltr'><strong>et</strong></span> <span class='ocrx_word' id='word_1_808' title='bbox 3557 4527 3780 4580; x_wconf 88' lang='lat' dir='ltr'><strong>domum</strong></span> 
     </span>
    </p>
   </div>
   <div class='ocr_carea' id='block_1_109' title="bbox 2196 4618 3786 4698">
    <p class='ocr_par' dir='ltr' id='par_1_109' title="bbox 2196 4618 3786 4698">
     <span class='ocr_line' id='line_1_109' title="bbox 2196 4618 3786 4698; baseline -0.009 -14"><span class='ocrx_word' id='word_1_809' title='bbox 2196 4629 2379 4684; x_wconf 87' lang='lat' dir='ltr'><strong>abiens</strong></span> <span class='ocrx_word' id='word_1_810' title='bbox 2399 4626 2759 4698; x_wconf 89' lang='lat' dir='ltr'><strong>unusquisque</strong></span> <span class='ocrx_word' id='word_1_811' title='bbox 2780 4633 3019 4679; x_wconf 85' lang='lat' dir='ltr'><strong>sanctum</strong></span> <span class='ocrx_word' id='word_1_812' title='bbox 3045 4621 3305 4687; x_wconf 88' lang='lat' dir='ltr'><strong>deducat,</strong></span> <span class='ocrx_word' id='word_1_813' title='bbox 3332 4629 3385 4675; x_wconf 90' lang='lat' dir='ltr'><strong>et</strong></span> <span class='ocrx_word' id='word_1_814' title='bbox 3405 4619 3455 4672; x_wconf 91' lang='lat' dir='ltr'><strong>in</strong></span> <span class='ocrx_word' id='word_1_815' title='bbox 3483 4618 3628 4672; x_wconf 72' lang='lat' dir='ltr'><strong>aedes</strong></span> <span class='ocrx_word' id='word_1_816' title='bbox 3653 4631 3786 4672; x_wconf 78' lang='lat' dir='ltr'><strong>suas</strong></span> 
     </span>
    </p>
   </div>
   <div class='ocr_carea' id='block_1_110' title="bbox 2198 4710 3782 4788">
    <p class='ocr_par' dir='ltr' id='par_1_110' title="bbox 2198 4710 3782 4788">
     <span class='ocr_line' id='line_1_110' title="bbox 2198 4710 3782 4788; baseline -0.009 -13"><span class='ocrx_word' id='word_1_817' title='bbox 2198 4722 2280 4777; x_wconf 85' lang='lat' dir='ltr'><strong>vel</strong></span> <span class='ocrx_word' id='word_1_818' title='bbox 2307 4723 2360 4776; x_wconf 92' lang='lat' dir='ltr'><strong>in</strong></span> <span class='ocrx_word' id='word_1_819' title='bbox 2385 4735 2478 4775; x_wconf 88' lang='lat' dir='ltr'><strong>cor</strong></span> <span class='ocrx_word' id='word_1_820' title='bbox 2515 4735 2667 4774; x_wconf 91' lang='lat' dir='ltr'><strong>suum</strong></span> <span class='ocrx_word' id='word_1_821' title='bbox 2697 4718 2874 4788; x_wconf 88' lang='lat' dir='ltr'><strong>potius</strong></span> <span class='ocrx_word' id='word_1_822' title='bbox 2915 4731 3010 4786; x_wconf 92' lang='lat' dir='ltr'><strong>per</strong></span> <span class='ocrx_word' id='word_1_823' title='bbox 3036 4729 3220 4769; x_wconf 91' lang='lat' dir='ltr'><strong>eorum</strong></span> <span class='ocrx_word' id='word_1_824' title='bbox 3246 4755 3258 4778; x_wconf 92' lang='lat'><strong>,</strong></span> <span class='ocrx_word' id='word_1_825' title='bbox 3283 4727 3404 4782; x_wconf 68' lang='lat' dir='ltr'><strong>qua:</strong></span> <span class='ocrx_word' id='word_1_826' title='bbox 3428 4710 3568 4766; x_wconf 90' lang='lat' dir='ltr'><strong>dicta</strong></span> <span class='ocrx_word' id='word_1_827' title='bbox 3613 4719 3740 4762; x_wconf 88' lang='lat' dir='ltr'><strong>sunt</strong></span> <span class='ocrx_word' id='word_1_828' title='bbox 3765 4750 3782 4772; x_wconf 83' lang='lat'><strong>,</strong></span> 
     </span>
    </p>
   </div>
   <div class='ocr_carea' id='block_1_111' title="bbox 2198 4803 3774 4877">
    <p class='ocr_par' dir='ltr' id='par_1_111' title="bbox 2198 4803 3774 4877">
     <span class='ocr_line' id='line_1_111' title="bbox 2198 4803 3774 4877; baseline -0.01 -7"><span class='ocrx_word' id='word_1_829' title='bbox 2198 4813 2618 4870; x_wconf 90' lang='lat' dir='ltr'><strong>recordationem</strong></span> <span class='ocrx_word' id='word_1_830' title='bbox 2650 4811 2966 4865; x_wconf 86' lang='lat' dir='ltr'><strong>introducat.</strong></span> <span class='ocrx_word' id='word_1_831' title='bbox 2993 4807 3217 4877; x_wconf 91' lang='lat' dir='ltr'><strong>Suscipe</strong></span> <span class='ocrx_word' id='word_1_832' title='bbox 3247 4805 3413 4868; x_wconf 88' lang='lat' dir='ltr'><strong>illum,</strong></span> <span class='ocrx_word' id='word_1_833' title='bbox 3445 4813 3500 4858; x_wconf 92' lang='lat' dir='ltr'><strong>ut</strong></span> <span class='ocrx_word' id='word_1_834' title='bbox 3538 4813 3662 4857; x_wconf 90' lang='lat' dir='ltr'><strong>ante</strong></span> <span class='ocrx_word' id='word_1_835' title='bbox 3698 4803 3774 4856; x_wconf 85' lang='lat' dir='ltr'><strong>di-</strong></span> 
     </span>
    </p>
   </div>
   <div class='ocr_carea' id='block_1_112' title="bbox 2199 4894 3786 4970">
    <p class='ocr_par' dir='ltr' id='par_1_112' title="bbox 2199 4894 3786 4970">
     <span class='ocr_line' id='line_1_112' title="bbox 2199 4894 3786 4970; baseline -0.009 -8"><span class='ocrx_word' id='word_1_836' title='bbox 2199 4915 2342 4962; x_wconf 87' lang='lat' dir='ltr'><strong>ctum</strong></span> <span class='ocrx_word' id='word_1_837' title='bbox 2372 4913 2472 4970; x_wconf 91' lang='lat' dir='ltr'><strong>est,</strong></span> <span class='ocrx_word' id='word_1_838' title='bbox 2497 4915 2550 4958; x_wconf 89' lang='lat' dir='ltr'><strong>et</strong></span> <span class='ocrx_word' id='word_1_839' title='bbox 2580 4904 2632 4957; x_wconf 90' lang='lat' dir='ltr'><strong>in</strong></span> <span class='ocrx_word' id='word_1_840' title='bbox 2663 4902 2824 4957; x_wconf 89' lang='lat' dir='ltr'><strong>corde</strong></span> <span class='ocrx_word' id='word_1_841' title='bbox 2845 4903 2989 4955; x_wconf 89' lang='lat' dir='ltr'><strong>illum</strong></span> <span class='ocrx_word' id='word_1_842' title='bbox 3018 4909 3106 4954; x_wconf 91' lang='lat' dir='ltr'><strong>tuo</strong></span> <span class='ocrx_word' id='word_1_843' title='bbox 3127 4909 3427 4970; x_wconf 85' lang='lat' dir='ltr'><strong>protensam</strong></span> <span class='ocrx_word' id='word_1_844' title='bbox 3447 4909 3662 4948; x_wconf 87' lang='lat' dir='ltr'><strong>manum</strong></span> <span class='ocrx_word' id='word_1_845' title='bbox 3685 4894 3786 4947; x_wconf 85' lang='lat' dir='ltr'><strong>ha-</strong></span> 
     </span>
    </p>
   </div>
   <div class='ocr_carea' id='block_1_113' title="bbox 2200 4995 3792 5066">
    <p class='ocr_par' dir='ltr' id='par_1_113' title="bbox 2200 4995 3792 5066">
     <span class='ocr_line' id='line_1_113' title="bbox 2200 4995 3792 5066; baseline -0.009 -11"><span class='ocrx_word' id='word_1_846' title='bbox 2200 5001 2410 5055; x_wconf 89' lang='lat' dir='ltr'><strong>bentem</strong></span> <span class='ocrx_word' id='word_1_847' title='bbox 2441 5000 2572 5055; x_wconf 90' lang='lat' dir='ltr'><strong>siste</strong></span> <span class='ocrx_word' id='word_1_848' title='bbox 2599 5015 2612 5050; x_wconf 93' lang='lat'>:</span> <span class='ocrx_word' id='word_1_849' title='bbox 2641 4996 2852 5066; x_wconf 88' lang='lat' dir='ltr'><strong>suscipe</strong></span> <span class='ocrx_word' id='word_1_850' title='bbox 2880 4995 3131 5050; x_wconf 88' lang='lat' dir='ltr'><strong>victorem</strong></span> <span class='ocrx_word' id='word_1_851' title='bbox 3169 5001 3476 5047; x_wconf 85' lang='lat' dir='ltr'><strong>coronatum</strong></span> <span class='ocrx_word' id='word_1_852' title='bbox 3500 5032 3514 5054; x_wconf 90' lang='lat'><strong>,</strong></span> <span class='ocrx_word' id='word_1_853' title='bbox 3543 5003 3646 5042; x_wconf 86' lang='lat' dir='ltr'><strong>nec</strong></span> <span class='ocrx_word' id='word_1_854' title='bbox 3669 5003 3792 5040; x_wconf 82' lang='lat' dir='ltr'><strong>um-</strong></span> 
     </span>
    </p>
   </div>
   <div class='ocr_carea' id='block_1_114' title="bbox 2201 5075 3791 5161">
    <p class='ocr_par' dir='ltr' id='par_1_114' title="bbox 2201 5075 3791 5161">
     <span class='ocr_line' id='line_1_114' title="bbox 2201 5075 3791 5161; baseline -0.011 -14"><span class='ocrx_word' id='word_1_855' title='bbox 2201 5106 2358 5161; x_wconf 88' lang='lat' dir='ltr'><strong>quam</strong></span> <span class='ocrx_word' id='word_1_856' title='bbox 2384 5106 2450 5145; x_wconf 88' lang='lat' dir='ltr'><strong>ex</strong></span> <span class='ocrx_word' id='word_1_857' title='bbox 2477 5097 2655 5144; x_wconf 87' lang='lat' dir='ltr'><strong>mente</strong></span> <span class='ocrx_word' id='word_1_858' title='bbox 2685 5095 2772 5142; x_wconf 82' lang='lat' dir='ltr'><strong>tua</strong></span> <span class='ocrx_word' id='word_1_859' title='bbox 2795 5087 2944 5142; x_wconf 80' lang='lat' dir='ltr'><strong>exire</strong></span> <span class='ocrx_word' id='word_1_860' title='bbox 2969 5081 3240 5155; x_wconf 85' lang='lat' dir='ltr'><strong>permitte.</strong></span> <span class='ocrx_word' id='word_1_861' title='bbox 3267 5075 3466 5136; x_wconf 79' lang='lat' dir='ltr'><strong>idcirco</strong></span> <span class='ocrx_word' id='word_1_862' title='bbox 3497 5093 3592 5132; x_wconf 88' lang='lat' dir='ltr'><strong>vos</strong></span> <span class='ocrx_word' id='word_1_863' title='bbox 3623 5078 3791 5132; x_wconf 80' lang='lat' dir='ltr'><strong>etiam</strong></span> 
     </span>
    </p>
   </div>
   <div class='ocr_carea' id='block_1_115' title="bbox 2203 5171 3798 5253">
    <p class='ocr_par' dir='ltr' id='par_1_115' title="bbox 2203 5171 3798 5253">
     <span class='ocr_line' id='line_1_115' title="bbox 2203 5171 3798 5253; baseline -0.01 -15"><span class='ocrx_word' id='word_1_864' title='bbox 2203 5183 2268 5238; x_wconf 90' lang='lat' dir='ltr'><strong>ad</strong></span> <span class='ocrx_word' id='word_1_865' title='bbox 2296 5183 2439 5253; x_wconf 87' lang='lat' dir='ltr'><strong>ipsos</strong></span> <span class='ocrx_word' id='word_1_866' title='bbox 2465 5189 2769 5236; x_wconf 89' lang='lat' dir='ltr'><strong>sanctorum</strong></span> <span class='ocrx_word' id='word_1_867' title='bbox 2795 5183 3086 5248; x_wconf 84' lang='lat' dir='ltr'><strong>martyrum</strong></span> <span class='ocrx_word' id='word_1_868' title='bbox 3116 5173 3316 5230; x_wconf 90' lang='lat' dir='ltr'><strong>loculos</strong></span> <span class='ocrx_word' id='word_1_869' title='bbox 3340 5171 3662 5226; x_wconf 86' lang='lat' dir='ltr'><strong>adduximus</strong></span> <span class='ocrx_word' id='word_1_870' title='bbox 3681 5210 3698 5232; x_wconf 90' lang='lat'><strong>,</strong></span> <span class='ocrx_word' id='word_1_871' title='bbox 3737 5177 3798 5222; x_wconf 90' lang='lat' dir='ltr'><strong>ut</strong></span> 
     </span>
    </p>
   </div>
   <div class='ocr_carea' id='block_1_116' title="bbox 2206 5261 3793 5346">
    <p class='ocr_par' dir='ltr' id='par_1_116' title="bbox 2206 5261 3793 5346">
     <span class='ocr_line' id='line_1_116' title="bbox 2206 5261 3793 5346; baseline -0.014 -13"><span class='ocrx_word' id='word_1_872' title='bbox 2206 5277 2320 5346; x_wconf 91' lang='lat' dir='ltr'><strong>ipse</strong></span> <span class='ocrx_word' id='word_1_873' title='bbox 2344 5291 2434 5330; x_wconf 90' lang='lat' dir='ltr'><strong>vos</strong></span> <span class='ocrx_word' id='word_1_874' title='bbox 2454 5280 2769 5343; x_wconf 90' lang='lat' dir='ltr'><strong>conspectus</strong></span> <span class='ocrx_word' id='word_1_875' title='bbox 2805 5269 2870 5324; x_wconf 92' lang='lat' dir='ltr'><strong>ad</strong></span> <span class='ocrx_word' id='word_1_876' title='bbox 2899 5269 3146 5323; x_wconf 88' lang='lat' dir='ltr'><strong>virtutem</strong></span> <span class='ocrx_word' id='word_1_877' title='bbox 3165 5263 3554 5338; x_wconf 89' lang='lat' dir='ltr'><strong>quodammodo</strong></span> <span class='ocrx_word' id='word_1_878' title='bbox 3581 5261 3793 5326; x_wconf 83' lang='lat' dir='ltr'><strong>incitet,</strong></span> 
     </span>
    </p>
   </div>
   <div class='ocr_carea' id='block_1_117' title="bbox 2207 5353 3796 5431">
    <p class='ocr_par' dir='ltr' id='par_1_117' title="bbox 2207 5353 3796 5431">
     <span class='ocr_line' id='line_1_117' title="bbox 2207 5353 3796 5431; baseline -0.015 -3"><span class='ocrx_word' id='word_1_879' title='bbox 2207 5383 2262 5428; x_wconf 83' lang='lat' dir='ltr'><strong>et</strong></span> <span class='ocrx_word' id='word_1_880' title='bbox 2284 5371 2348 5426; x_wconf 90' lang='lat' dir='ltr'><strong>ad</strong></span> <span class='ocrx_word' id='word_1_881' title='bbox 2374 5369 2616 5426; x_wconf 89' lang='lat' dir='ltr'><strong>eumdem</strong></span> <span class='ocrx_word' id='word_1_882' title='bbox 2650 5385 2744 5424; x_wconf 89' lang='lat' dir='ltr'><strong>vos</strong></span> <span class='ocrx_word' id='word_1_883' title='bbox 2759 5365 2930 5421; x_wconf 79' lang='lat' dir='ltr'><strong>zelum</strong></span> <span class='ocrx_word' id='word_1_884' title='bbox 2950 5360 3255 5431; x_wconf 86' lang='lat' dir='ltr'><strong>accingatis.</strong></span> <span class='ocrx_word' id='word_1_885' title='bbox 3275 5357 3403 5412; x_wconf 79' lang='lat' dir='ltr'><strong>Nam</strong></span> <span class='ocrx_word' id='word_1_886' title='bbox 3425 5355 3648 5409; x_wconf 88' lang='lat' dir='ltr'><strong>militem</strong></span> <span class='ocrx_word' id='word_1_887' title='bbox 3673 5353 3796 5420; x_wconf 88' lang='lat' dir='ltr'><strong>qui-</strong></span> 
     </span>
    </p>
   </div>
   <div class='ocr_carea' id='block_1_118' title="bbox 2207 5447 3796 5538">
    <p class='ocr_par' dir='ltr' id='par_1_118' title="bbox 2207 5447 3796 5538">
     <span class='ocr_line' id='line_1_118' title="bbox 2207 5447 3796 5538; baseline -0.016 -15"><span class='ocrx_word' id='word_1_888' title='bbox 2207 5469 2326 5524; x_wconf 89' lang='lat' dir='ltr'><strong>dem</strong></span> <span class='ocrx_word' id='word_1_889' title='bbox 2359 5464 2780 5538; x_wconf 69' lang='lat' dir='ltr'><strong>praestantissimi</strong></span> <span class='ocrx_word' id='word_1_890' title='bbox 2805 5459 3098 5530; x_wconf 85' lang='lat' dir='ltr'><strong>cujuspiam</strong></span> <span class='ocrx_word' id='word_1_891' title='bbox 3117 5453 3386 5512; x_wconf 85' lang='lat' dir='ltr'><strong>bellatoris</strong></span> <span class='ocrx_word' id='word_1_892' title='bbox 3413 5449 3614 5505; x_wconf 84' lang='lat' dir='ltr'><strong>excitat</strong></span> <span class='ocrx_word' id='word_1_893' title='bbox 3632 5447 3796 5501; x_wconf 88' lang='lat' dir='ltr'><strong>etiam</strong></span> 
     </span>
    </p>
   </div>
   <div class='ocr_carea' id='block_1_119' title="bbox 2211 5548 3794 5626">
    <p class='ocr_par' dir='ltr' id='par_1_119' title="bbox 2211 5548 3794 5626">
     <span class='ocr_line' id='line_1_119' title="bbox 2211 5548 3794 5626; baseline -0.018 -8"><span class='ocrx_word' id='word_1_894' title='bbox 2211 5565 2343 5618; x_wconf 88' lang='lat' dir='ltr'><strong>fama</strong></span> <span class='ocrx_word' id='word_1_895' title='bbox 2365 5581 2378 5626; x_wconf 91' lang='lat'><strong>;</strong></span> <span class='ocrx_word' id='word_1_896' title='bbox 2407 5562 2571 5617; x_wconf 86' lang='lat' dir='ltr'><strong>multo</strong></span> <span class='ocrx_word' id='word_1_897' title='bbox 2593 5568 2768 5613; x_wconf 89' lang='lat' dir='ltr'><strong>autem</strong></span> <span class='ocrx_word' id='word_1_898' title='bbox 2797 5551 3161 5610; x_wconf 88' lang='lat' dir='ltr'><strong>vehementius</strong></span> <span class='ocrx_word' id='word_1_899' title='bbox 3183 5549 3403 5602; x_wconf 87' lang='lat' dir='ltr'><strong>intuitus</strong></span> <span class='ocrx_word' id='word_1_900' title='bbox 3425 5553 3478 5596; x_wconf 90' lang='lat' dir='ltr'><strong>et</strong></span> <span class='ocrx_word' id='word_1_901' title='bbox 3501 5548 3758 5610; x_wconf 86' lang='lat' dir='ltr'><strong>aspectus</strong></span> <span class='ocrx_word' id='word_1_902' title='bbox 3779 5578 3794 5601; x_wconf 89' lang='lat'><strong>,</strong></span> 
     </span>
    </p>
   </div>
   <div class='ocr_carea' id='block_1_120' title="bbox 2210 5635 3798 5725">
    <p class='ocr_par' dir='ltr' id='par_1_120' title="bbox 2210 5635 3798 5725">
     <span class='ocr_line' id='line_1_120' title="bbox 2210 5635 3798 5725; baseline -0.018 -13"><span class='ocrx_word' id='word_1_903' title='bbox 2210 5672 2269 5710; x_wconf 82' lang='lat' dir='ltr'><strong>ac</strong></span> <span class='ocrx_word' id='word_1_904' title='bbox 2295 5655 2586 5725; x_wconf 69' lang='lat' dir='ltr'><strong>praesertim</strong></span> <span class='ocrx_word' id='word_1_905' title='bbox 2613 5650 2655 5704; x_wconf 92' lang='lat' dir='ltr'><strong>si</strong></span> <span class='ocrx_word' id='word_1_906' title='bbox 2685 5651 2856 5719; x_wconf 89' lang='lat' dir='ltr'><strong>ipsum</strong></span> <span class='ocrx_word' id='word_1_907' title='bbox 2884 5641 3154 5701; x_wconf 88' lang='lat' dir='ltr'><strong>fortissimi</strong></span> <span class='ocrx_word' id='word_1_908' title='bbox 3202 5635 3474 5694; x_wconf 86' lang='lat' dir='ltr'><strong>bellatoris</strong></span> <span class='ocrx_word' id='word_1_909' title='bbox 3503 5635 3798 5688; x_wconf 82' lang='lat' dir='ltr'><strong>tentorium</strong></span> 
     </span>
    </p>
   </div>
   <div class='ocr_carea' id='block_1_121' title="bbox 2218 5727 3802 5824">
    <p class='ocr_par' dir='ltr' id='par_1_121' title="bbox 2218 5727 3802 5824">
     <span class='ocr_line' id='line_1_121' title="bbox 2218 5727 3802 5824; baseline -0.018 -17"><span class='ocrx_word' id='word_1_910' title='bbox 2218 5755 2504 5824; x_wconf 81' lang='lat' dir='ltr'><strong>ingressus,</strong></span> <span class='ocrx_word' id='word_1_911' title='bbox 2531 5741 2989 5817; x_wconf 80' lang='lat' dir='ltr'><strong>sanguinolentum</strong></span> <span class='ocrx_word' id='word_1_912' title='bbox 3014 5747 3195 5794; x_wconf 85' lang='lat' dir='ltr'><strong>ensem</strong></span> <span class='ocrx_word' id='word_1_913' title='bbox 3217 5729 3434 5798; x_wconf 85' lang='lat' dir='ltr'><strong>viderit,</strong></span> <span class='ocrx_word' id='word_1_914' title='bbox 3453 5737 3614 5799; x_wconf 84' lang='lat' dir='ltr'><strong>caput</strong></span> <span class='ocrx_word' id='word_1_915' title='bbox 3631 5727 3802 5781; x_wconf 85' lang='lat' dir='ltr'><strong>hostis</strong></span> 
     </span>
    </p>
   </div>
  </div>
