4080 6198
365 326 469 379 679

365 439 458 494 καὶ
502 438 564 490 τὺ
603 439 704 508 τῆς
743 439 1031 510 ἐπιϐουλῆς
1059 439 1442 510 ἐπιτεταμένον
1469 441 1557 492 καὶ
1578 438 1649 490 -τὸ
1677 437 1774 506 τῆς
1805 450 1942 487 κακ-

365 521 589 593 ουργίας
633 522 876 576 ποικίλον
934 523 1248 594 προσθήκην
1278 523 1371 576 καὶ
1404 519 1736 590 πλεονασμὸν
1764 518 1942 570 πλείο-

364 621 452 666 νος
481 602 642 672 δόξης
690 605 1067 674 παρεσκεύασε
1111 606 1458 674 γενέσθαιτῴ
1484 605 1737 674 μάρτυρι.
1773 603 1938 654 Ὅταν

363 686 472 755 γὰρ
490 686 657 756 μυρία
673 689 1054 758 κακουργήσας
1068 690 1096 740 6
1117 689 1537 760 ἀνταγωνιστὴς,
1553 684 1672 739 εἶτα
1689 683 1940 756 ἡττηθεὶς

362 768 594 839 ἀπέλθῃ,
635 769 757 821 τότε
813 770 1189 842 λαμπρότερος
1217 773 1420 840 γίνεται
1468 771 1565 840 τῆς
1609 768 1886 830 εὐσεϐείας
1910 769 1939 821 ὁ

361 851 624 920 ἀθλητής·
655 851 789 921 ὅπερ
810 842 902 904 καὶ
927 854 1162 907 ἐνταῦθα
1191 854 1520 907 συνέϐαινεν.
1551 852 1750 921 Ἔμενε
1782 849 1890 919 γάρ
1911 850 1940 901 6

365 936 640 1005 μακάριος
686 934 949 1006 Βαρλαάμ
978 936 1167 1007 ἀκλινῆ
1215 939 1307 990 καὶ
1339 936 1734 1006 ἀπερίτρεπτον
1759 931 1938 1003 τηρῶν

360 1019 460 1085 τὴν
485 1020 662 1087 χεῖρα,
691 1017 944 1090 καθάπερ
974 1020 1083 1073 ἀπὸ
1128 1021 1341 1090 σιδήρου
1383 1017 1744 1087 συγκειμένην
1776 1014 1933 1084 ἔχων·

361 1099 542 1152 καίτοι
569 1101 624 1152 εἰ-
648 1098 796 1171 [684]
830 1103 1155 1174 παρετράπη
1187 1105 1220 1174 ἡ
1250 1104 1390 1174 χεὶρ,
1417 1102 1526 1156 οὐδ’
1549 1101 1720 1164 οὕτως
1748 1095 1815 1169 ἦν
1843 1098 1936 1166 ἔγ-

362 1182 464 1250 κλη
472 1199 548 1250 μα
579 1183 672 1235 τοῦ
708 1185 881 1254 μάρτυ
891 1201 1002 1254 ρος.

431 1265 500 1332 γ’.
536 1265 800 1321 Ἑνταῦθά
824 1285 913 1336 μοι
940 1268 1079 1338 μετά
1095 1269 1377 1342 ἀκριϐείας
1399 1269 1692 1341 προσέχετε
1716 1266 1933 1331 πάντες,

366 1346 451 1398 ἵνα
485 1345 713 1416 μάθητε,
750 1350 832 1402 ὅτι
871 1352 920 1402 εἰ
948 1353 1040 1404 καὶ
1077 1353 1415 1422 περιετράπη
1465 1350 1694 1422 ἠδεξιά,
1727 1352 1826 1403 οὐκ
1867 1345 1935 1419 ἦν

363 1425 496 1500 ἧττα
528 1430 590 1482 τὸ
624 1432 930 1502 γενόμενον·
954 1435 1006 1486 τί
1027 1434 1393 1505 δήποτεςὍτι
1427 1435 1677 1504 καθάπερ
1706 1435 1796 1486 ἐπὶ
1827 1432 1934 1485 τῶν

366 1514 458 1576 τὰς
485 1512 723 1583 πλευράς
772 1515 1245 1586 καταξαινομένων
1272 1517 1304 1586 ἢ
1341 1517 1434 1570 καὶ
1463 1517 1661 1585 ἑτέρω-ς
1688 1533 1804 1576 πως
1841 1514 1935 1584 βα-

364 1595 727 1665 σανιζομένων
769 1598 1047 1668 κρίνομεν,
1091 1600 1234 1653 οὕτω
1280 1600 1374 1653 καὶ
1422 1599 1655 1653 ἐνταῦθα
1695 1599 1933 1662 δικάζειν

365 1681 486 1749 χρή.
515 1678 612 1730 Ἂν
634 1678 729 1749 μὲν
762 1681 868 1751 γάρ
891 1682 1079 1735 ἐνδῶσι
1102 1683 1194 1736 καὶ
1223 1683 1445 1742 θύσωσι,
1476 1683 1537 1736 τὸ
1558 1682 1808 1752 ἔγκλημα
1835 1681 1933 1750 τῆς

363 1761 643 1824 ἀσθενείας
668 1763 846 1815 αὐτῶν
875 1763 1100 1832 γίνεται,
1131 1765 1323 1828 ὃτιτάς
1358 1765 1546 1828 ὀδύνας
1572 1765 1671 1817 οὐκ
1694 1765 1937 1832 ἐνεγκόν-

362 1861 448 1907 τες
473 1844 691 1897 ἔθυσαν·
715 1845 780 1898 ἂν
808 1847 865 1899 δὲ
893 1849 1392 1918 ἐγκαρτερήσαντες
1414 1851 1533 1910 ταῖς
1574 1847 1825 1916 βασάνοις
1848 1847 1934 1898 ἀλ-

366 1927 571 1996 γήσωσι
605 1928 704 1997 μὲν
725 1928 810 1996 ἐφ’
843 1923 924 1992 οἷς
948 1932 1216 2000 πάσχωσι,
1262 1933 1336 2001 μὴ
1364 1930 1606 2000 προδῶσι
1637 1929 1693 1982 δὲ
1719 1930 1817 2000 τὴν
1839 1930 1932 1982 εὑ-

363 2008 596 2070 σέὸειαν,
624 2010 799 2072 οὐδεὶς
823 2011 1017 2075 αὐτοὺς
1042 2014 1180 2082 ὑπὲρ
1204 2013 1312 2066 τῶν
1347 2013 1653 2082 ἀλγηδόνων
1694 2014 1930 2065 αἰτιᾶται

361 2091 580 2152 τούτων,
597 2092 734 2146 ἀλλά
756 2094 849 2147 διά
872 2093 1028 2148 τοῦτο
1047 2096 1305 2165 μειζόνως
1322 2097 1516 2159 αὐτοὺς
1535 2095 1928 2166 ἀποδεχόμεθα,

362 2174 452 2226 καὶ
475 2173 847 2246 θαυμάζομεν,
887 2177 969 2230 ὅτι
995 2178 1090 2230 καὶ
1115 2178 1464 2249 ὀδυνηθέντες
1482 2178 1802 2248 ὑπέμειναν,
1838 2179 1932 2232 καὶ

356 2256 455 2309 οὐκ
483 2258 806 2327 ἠρνήσαντο.
838 2260 946 2314 Καὶ
968 2259 1201 2312 ἐνταῦθα
1222 2261 1419 2324 τοίνυν,
1451 2261 1622 2329 εἰμὲν
1643 2261 1743 2313 οὐκ
1774 2265 1928 2329 ἐνεγ-

360 2339 469 2390 κὼν
492 2342 520 2392 ὀ
538 2340 805 2410 μακάριος
837 2342 1100 2412 Βαρλαάμ
1121 2344 1182 2395 τὺ
1207 2343 1451 2396 καίεσθαι
1474 2343 1739 2412 ὑπέσχετο
1759 2343 1926 2409 θύειν,

358 2421 585 2492 ἡττήθη·
621 2423 670 2474 εἰ
719 2421 776 2475 δέ
833 2423 998 2477 αὐτοῦ
1049 2424 1123 2495 μὴ
1162 2425 1452 2488 ἐνδιδόντος
1506 2426 1846 2495 περιετράπη
1894 2427 1926 2496 ή

361 2507 498 2573 χεὶρ,
523 2504 622 2557 οὐκ
660 2505 805 2559 ἔστιν
836 2506 1085 2577 ἔγκλημα
1110 2507 1268 2560 τοῦτο
1284 2508 1380 2579 τῆς
1399 2507 1622 2578 γνώμης
1647 2507 1737 2561 τοῦ
1786 2509 1928 2578 μάρα-

359 2600 538 2656 τυρος·
587 2588 646 2639 ού
681 2589 787 2657 γάρ
841 2589 938 2660 τῆς
976 2591 1348 2661 προαιρέσεως
1394 2590 1743 2661 ἀσθενούσης,
1793 2592 1928 2645 ἀλλά

359 2669 452 2740 τῆς
486 2669 598 2724 τῶν
651 2671 856 2742 νεύρων
895 2672 1106 2741 φύσεως
1145 2673 1286 2726 κατά
1324 2674 1415 2727 τὸν
1443 2674 1570 2728 ίδιον
1613 2675 1783 2738 τόνον,
1835 2681 1928 2732 καὶ

356 2751 580 2815 ἄκοντος
602 2753 701 2822 τῆς
743 2754 922 2825 χειρὸς
949 2755 1041 2808 τοῦ
1065 2757 1221 2824 ἁγίου
1252 2757 1664 2828 καμπτομένης,
1701 2757 1806 2811 ὑπὸ
1833 2756 1926 2810 τοῦ

361 2834 528 2904 πυρὸς
554 2835 711 2888 τοῦτο
731 2837 1062 2892 συνέϐαινεν.
1097 2838 1303 2908 ’Ὠσπερ
1335 2839 1441 2910 γὰρ
1467 2843 1577 2903 τοῖς
1615 2853 1638 2880 ο
1675 2840 1926 2910 ξαινομέ-

358 2931 468 2978 νοις
493 2917 592 2978 τὰς
649 2918 890 2988 πλευρὰς
941 2921 1041 2972 οὐκ
1079 2921 1437 2990 ἐγκαλοῦμεν,
1469 2923 1549 2975 ὅτι
1592 2921 1925 2992 διασχίζεται

355 2999 535 3052 αὐτῶν
584 3001 616 3068 ἡ
660 3001 816 3072 σάρξ·
861 3003 1059 3072 μᾶλλον
1099 3004 1156 3056 δὲ
1201 3005 1284 3056 ἵνα
1314 3005 1603 3077 ἐγγύτερον
1635 3008 1825 3074 ἀγάγω
1866 3009 1930 3059 τὸ

357 3082 727 3154 παράδειγμα·
781 3084 970 3157 ὥσπερ
1010 3090 1120 3149 τοῖς
1150 3088 1473 3158 πυρέττουσι
1502 3091 1592 3141 καὶ
1624 3091 1928 3158 σπωμένοις

355 3164 527 3227 οὐδεὶς
547 3165 612 3218 ἂν
637 3167 902 3236 μέμφοιτο
934 3171 1333 3238 καμπτομένων
1362 3172 1542 3234 αὐτοῖς
1570 3170 1676 3223 τῶν
1708 3172 1922 3242 χειρῶν·

352 3250 416 3302 οὐ
449 3248 559 3320 γὰρ
587 3250 684 3320 τῆς
706 3251 929 3303 ἐκείνων
961 3251 1212 3320 βλακείας
1238 3255 1354 3306 ἐστὶ
1380 3254 1441 3306 τὸ
1475 3254 1774 3324 γινόμενον,
1793 3256 1928 3309 ἀλλὰ

353 3331 454 3400 τῆς
487 3332 684 3399 φλογὸς
713 3333 806 3385 τοῦ
856 3336 1158 3405 νοσήματος
1190 3339 1286 3405 τὴν
1320 3335 1497 3389 νοτίδα
1534 3335 1928 3407 ἀναλισκούσης

354 3414 448 3467 καὶ
495 3414 856 3485 συνελκούσης
905 3418 1054 3490 παρά
1094 3417 1254 3486 φύσιν
1301 3419 1484 3472 λοιπὸν
1516 3421 1624 3473 τῶν
1663 3422 1691 3460 b
1722 3421 1927 3492 νεύρων

354 3497 452 3563 τὴν
484 3496 825 3552 ἀκολουθίαν·
868 3499 1040 3562 οὕτως
1078 3500 1196 3554 οὐδὲ
1229 3500 1321 3553 τὸν
1354 3501 1507 3570 ἆγιον
1525 3502 1713 3556 τοῦτον
1737 3505 1802 3558 ἄν
1843 3522 1928 3568 τις

355 3577 640 3647 ἐμέμψατο
690 3580 788 3650 τῆς
836 3582 1014 3653 χειρὸς
1069 3584 1514 3655 περιτραπείσης.
1577 3587 1638 3640 Εἰ
1675 3586 1783 3655 γὰρ
1821 3604 1928 3639 πυ-

358 3661 510 3731 ρετὸς
540 3663 632 3714 καὶ
660 3661 880 3726 ἄκοντος
912 3663 1005 3716 τοῦ
1050 3664 1344 3734 κάμνοντος
1381 3669 1656 3721 συνέλκειν
1681 3670 1748 3722 τά
1790 3670 1924 3741 μέλη

357 3745 568 3812 πέφυκε
623 3746 716 3799 καὶ
763 3747 1138 3819 διαστρέφειν,
1187 3750 1364 3820 πολλῷ
1413 3752 1610 3821 μᾶλλον
1657 3753 1928 3824 ἄνθρακες

357 3829 693 3898 ἐπικείμενοι
739 3830 907 3902 δεξιᾷ,
959 3834 1053 3886 καὶ
1104 3835 1178 3904 μὴ
1235 3835 1472 3900 ἐνδόντος
1505 3837 1598 3890 τοῦ
1651 3840 1926 3910 μάρτυρος

354 3910 514 3964 τοῦτο
543 3912 610 3964 ἂν
633 3913 978 3983 εἰργάσαντο.
1021 3917 1156 3970 Ἀλλ’
1173 3919 1322 3988 ὅμως
1354 3920 1453 3973 οὑκ
1478 3922 1821 3992 εἰργάσαντο,
1841 3925 1927 3977 ἵνα

352 3996 419 4048 ἐκ
443 3998 975 4070 περιουσίαςμάθης,
993 4002 1075 4054 ὃτι
1093 4002 1224 4055 Θεοῦ
1247 4000 1534 4076 χάριςῆνή
1566 4007 1926 4077 συμπαροῦσα

355 4078 448 4130 καὶ
480 4078 777 4146 ἀλείφουσα
801 4081 888 4134 τὸν
915 4083 1170 4155 ἀθλητὴν,
1203 4087 1297 4140 καὶ
1324 4087 1386 4139 τὸ
1404 4088 1502 4158 τῆς
1535 4088 1747 4157 φύσεως
1765 4089 1924 4142 ἐλάτ-

352 4177 510 4230 τωμα
540 4161 914 4234 διορθουμένη·
944 4166 1066 4220 οὔτε
1097 4168 1234 4240 αὑτὴ
1271 4169 1340 4222 τὰ
1359 4172 1559 4240 ἑαυτῆς
1585 4173 1751 4224 ἔπαθε
1785 4174 1926 4228 κατὰ

351 4242 530 4328 τρῦτο,
559 4245 672 4297 ἀλλ’
694 4247 768 4310 ὡς
793 4249 853 4312 ἐξ
867 4261 887 4287 ο
911 4251 1212 4320 ἀδάμαντος
1229 4257 1507 4324 πεπηγυῖα
1531 4257 1565 4326 η
1585 4256 1704 4326 χεὶρ
1719 4257 1923 4328 ἐκείνη,

352 4325 527 4389 οὕτως
571 4329 970 4401 ἀπερίτρεπτος
1018 4333 1227 4404 ἔμενεν.
1262 4336 1356 4400 Τίς
1386 4337 1508 4390 τότε
1548 4325 1690 4407 ὀρῶν
1723 4340 1822 4393 οὐκ
1859 4325 1925 4395 ἀν

353 4410 669 4495 ἐθαύμασε;
700 4414 784 4478 τίς
812 4415 912 4470 ούκ
933 4417 1000 4471 ἂν
1024 4418 1244 4489 ἔφριξε;
1279 4420 1574 4476 Διέκυπτον
1601 4422 1807 4478 ἀνωθεν
1829 4427 1927 4495 ἀγ-

351 4493 522 4581 γελοι,
546 4494 814 4581 ἐθεώρουν
841 4499 1190 4570 ἀρχάγγελοι·
1214 4504 1466 4574 λαμπρὸν
1496 4501 1566 4576 ἦν
1590 4506 1652 4560 τὸ
1681 4493 1924 4581 θέατρον,

351 4577 448 4665 καὶ
471 4578 798 4665 ἀπερδαῖνον
816 4581 983 4647 ὅντως
1012 4586 1110 4656 τὴν
1134 4587 1476 4659 ἀνθρωπίνην
1505 4590 1686 4659 φύσιν.
1708 4592 1803 4658 Τίς
1814 4577 1928 4665 γὰρ

351 4659 452 4744 ούκ
487 4659 556 4744 ἀν
577 4661 923 4734 ἐπεθύμησεν
941 4666 1067 4720 ἰδεῖν
1087 4669 1372 4740 ἄνθρωπον
1397 4673 1816 4744 ἀγωνιζόμενον,
1832 4659 1928 4731 καὶ

350 4742 412 4795 οὐ
431 4743 711 4813 πάσχοντα
738 4748 806 4801 τά
831 4749 940 4802 τῶν
967 4750 1303 4819 ἀνθρώπων;
1333 4755 1424 4808 τὸν
1446 4758 1610 4810 αὐτὸν
1634 4742 1927 4832 θυσιαστή-

353 4841 493 4894 ριον,
518 4829 612 4880 καὶ
631 4831 846 4897 ἰερεῖον,
868 4834 963 4886 καὶ
986 4835 1030 4886 ίε
1040 4837 1134 4905 ρέα
1154 4839 1465 4908 γινόμενον’;
1487 4841 1577 4892 Διὸ
1597 4843 1690 4895 καὶ
1709 4829 1930 4904 διπλοῦς

349 4911 376 4961 6
399 4909 607 4972 καπνὸς
627 4911 800 4982 ἀνῄει,
815 4916 843 4966 ὁ
864 4916 962 4984 μὲν
982 4917 1076 4970 τοῦ
1099 4918 1396 4974 λιϐανωτοῦ
1416 4923 1720 4993 ἁπτομένου
1737 4925 1783 4990 τὶ,
1825 4931 1853 4980 6
1871 4927 1922 4982 δέ

347 4992 447 5059 τῆς
479 4994 682 5062 σαρκὸς
711 4998 1019 5068 τηκομένης
1042 5015 1056 5027 ·
1090 5003 1182 5054 καὶ
1221 4999 1288 5073 ἦν
1312 5006 1340 5056 6
1365 4992 1570 5069 καπνὸς
1593 5001 1749 5069 οὗτος
1780 5010 1926 5063 ἐκεί-

351 5091 442 5125 νου
490 5077 921 5152 προσηνέστερος
943 5093 988 5148 ε,
1017 5083 1157 5155 αὕτη
1180 5086 1237 5140 δὲ
1273 5090 1306 5158 ἡ
1337 5091 1534 5147 εὺιώία
1566 5094 1779 5166 ἐκείνης
1811 5097 1927 5166 βελ-

411 5218 440 5289 _‘
464 5219 564 5289 {ﬁlii
581 5221 742 5289 ὥσπερ
763 5225 843 5274 οὖν
861 5229 976 5284 τοῖς.

413 5277 442 5350 ξ)
473 5279 609 5329 Unus
635 5277 754 5344 Reg.
781 5289 910 5357 τζαρᾲ
933 5277 1070 5352 ᾧύσιν
1087 5292 1223 5342 λυπεῖ
1242 5295 1353 5343 τῶν.
1391 5296 1516 5348 Infra
1536 5300 1662 5365 δεξιᾷ
1689 5305 1799 5363 post
1822 5303 1928 5352 ἐπι-

351 5355 557 5398 κειμενοι
579 5344 721 5394 deest
746 5348 796 5394 in
818 5351 1104 5398 ombusdam
1134 5368 1251 5398 mss-

419 5357 721 5414 ,μενοιρρθει
746 5357 796 5394 ιιι
818 5357 1104 5410 qmbusdam
1134 5368 1251 5403 mss.
1645 5357 1653 5365 ’
1690 5357 1702 5363 ’

419 5409 450 5474 ι,
467 5401 634 5480 SaVl
650 5407 974 5480 διορθουμένης
998 5415 1132 5462 οὐδὲν
1153 5417 1241 5479 γάρ
1259 5435 1303 5465 τι
1323 5420 1419 5466 τῶν
1443 5423 1610 5480 ἑαυτῆς
1643 5425 1766 5472 κατά
1787 5423 1930 5474 τοῦτο

355 5461 576 5541 ἐδείκνυ..
594 5461 740 5540 Ἀλλῆ
760 5461 910 5541 ώςξέξ.
943 5461 1073 5536 Reg;
1111 5461 1235 5526 lususr
1259 5461 1872 5548 διορθουῖιὲἷιῆ’·”οῠ”δ’ὲῖγᾶξ›’

351 5539 445 5583 των
461 5541 604 5582 αυτης
629 5544 751 5577 κατα
770 5548 929 5581 τουτο·
959 5537 1060 5583 ἀλλ’
1084 5540 1163 5583 ὡς.

414 5555 604 5593 nutu“
631 5555 751 5577 una
770 5555 928 5581 τουτο·
959 5555 1057 5583 αλλ’
1084 5555 1163 5592 ως.

414 5581 449 5666 ’ξ
469 5589 552 5666 ξιξ
580 5595 890 5666 ςιοιιεχὶιῃυε
911 5608 937 5642 e
961 5597 1169 5666 ngilio;
1193 5601 1453 5666 lpgobalur
1471 5605 1761 5666 ὀπτωμένου.
1791 5608 1925 5656 Ῑῖοιτ.

343 5717 368 5761 θ
425 5658 449 5686 e
469 5648 550 5730 διε
580 5649 750 5703 Morel.
774 5662 826 5704 el
851 5670 975 5707 unus
1001 5661 1120 5722 Reg.
1147 5648 1285 5713 Ᾱιὶιίὲ
1311 5648 1440 5724 Ῑιὶ-ξζ
1459 5648 1926 5731 τὲέῖρὲᾶξεξιῖξξ

369 5732 706 5780 τμηρεστερος.

1423 320 1490 374 ΙΝ
1531 321 1568 374 S
1630 313 2060 373 BARLAAMUM
2100 314 2508 376 MARTYBEM.

3503 325 3610 382 630

2044 433 2195 486 τίων.
2226 437 2335 490 Καὶ
2366 438 2528 490 ταυτὸ
2556 438 2862 490 συνέϐαινεν
2885 439 3019 509 ὅπερ
3048 437 3140 491 καὶ
3164 438 3256 491 ἐπὶ
3281 438 3378 508 τῆς
3407 439 3567 509 βάτου
3589 458 3606 474 ο

2043 517 2292 590 καθάπερ
2325 521 2431 592 γάρ
2462 523 2642 592 ἐκείνη
2685 525 2717 592 ἡ
2768 523 2926 590 βάτος
2968 523 3202 584 ἐκαίετο,
3244 521 3336 574 καὶ
3378 523 3437 574 οὺ
3472 541 3607 576 κατ-

2041 601 2278 664 εκαίετο,
2310 603 2452 658 οὕτω
2471 605 2564 656 καὶ
2587 605 2821 658 ἐνταῦθα
2844 606 3059 658 ἐκαίετο
3085 605 3182 675 μὲν
3211 605 3432 676 ἡδεξιά,
3457 605 3610 678 [685]

2042 684 2104 736 οὐ
2129 685 2495 754 κατεφλέγετο
2526 687 2581 740 δὲ
2607 689 2638 757 ή
2666 687 2812 758 ψυχή
2834 703 2847 717 ⁸
2882 688 3186 740 ἐδαπανᾶτο
3211 688 3271 740 τὸ
3303 689 3481 758 σῶμα,
3517 690 3610 741 καὶ

2039 766 2139 819 οὐκ
2170 767 2431 836 ἀνηλοῦτο
2460 771 2491 840 ἡ
2527 769 2706 832 πίστις
2726 787 2738 798 ·
2777 771 3119 840 ἀπηγόρευεν
3149 771 3181 840 ἡ
3211 767 3366 840 σὰρξ,
3395 771 3486 822 καὶ
3511 771 3612 822 οὐκ

2040 851 2382 922 ἀπηγόρευεν
2409 854 2442 921 ἡ
2470 852 2748 923 προθυμία
2766 869 2779 882 ·
2812 854 2905 904 καὶ
2925 856 2972 905 οί
3009 854 3104 922 μὲν
3134 852 3404 924 ἄνθρακες
3433 852 3494 905 τὸ
3522 853 3613 923 μέ-

2041 949 2131 985 σον
2164 933 2264 1002 τῆς
2303 934 2481 1004 χειρὸς
2511 934 2896 1004 διατρήσαντες
2939 935 3226 1000 ἐξέπιπτον
3273 935 3442 998 κάτω,
3475 937 3506 1006 ή
3552 936 3610 988 δέ

2038 1015 2259 1083 ἀνδρεία
2303 1018 2400 1086 τῆς
2443 1017 2620 1088 ψυχῆς
2665 1019 2724 1070 οὐ
2772 1018 3075 1070 διέπιπτεν·
3125 1018 3298 1088 ἀλλ’ἢ
3347 1019 3442 1088 μὲν
3487 1019 3609 1090 χεὶρ

2038 1099 2282 1168 ἀνήλωτο
2307 1101 2402 1152 καὶ
2427 1101 2598 1172 ἐρρύη
2618 1119 2632 1133 ·
2665 1102 2800 1174 σὰρξ
2827 1101 2934 1173 γάρ
2961 1097 3050 1171 ἦν,
3097 1102 3189 1153 καὶ
3221 1102 3320 1152 οὐκ
3355 1101 3565 1170 ἀδάμας
3591 1120 3604 1132 ⁸

2037 1181 2071 1248 ἡ
2101 1181 2156 1232 δὲ
2183 1181 2327 1251 ψυχὴ
2355 1183 2550 1252 ἑτέραν
2578 1185 2830 1256 ἐπεζήτει
2854 1187 3011 1254 χεῖρα
3043 1183 3222 1244 πάλιν,
3254 1182 3394 1235 ὥστε
3429 1181 3522 1235 καὶ
3551 1186 3608 1235 ἐν

2037 1262 2218 1333 ἐκείνῃ
2267 1265 2364 1334 τὴν
2411 1268 2704 1337 καρτερίαν
2751 1267 3142 1332 ἐπιδείξασθαι.
3197 1267 3307 1318 Καὶ
3359 1265 3608 1336 καθάπερ

2038 1345 2375 1417 στρατιώτης
2424 1352 2668 1414 γενναῖος
2714 1351 2795 1412 εἰς
2845 1349 3136 1418 πολεμίους
3186 1347 3466 1410 εἰσελθὼν,
3513 1349 3608 1401 καὶ

2036 1428 2350 1497 κατακόψας
2374 1429 2470 1499 τὴν
2487 1431 2744 1500 φάλαγγα
2767 1432 2875 1485 τῶν
2898 1430 3412 1500 ἀνταγωνιζομένων
3437 1429 3604 1500 αὐτῷ,

2034 1510 2329 1574 διακλάσας
2370 1515 2429 1565 τὸ
2470 1513 2620 1582 ξίφος
2668 1517 2732 1584 τῇ
2786 1514 3082 1584 πυκνότητι
3134 1513 3242 1565 τῶν
3291 1511 3608 1582 ἐπαλλήλων

2037 1593 2278 1662 πληγῶν,
2321 1589 2438 1647 εἶτα
2487 1598 2844 1666 ἐπιστραφεὶς
2895 1596 3080 1666 ἕτερον
3127 1596 3396 1661 ἐπιζητεῖ,
3433 1595 3519 1648 διὰ
3549 1596 3610 1649 τὸ

2036 1675 2260 1744 μηδέπω
2286 1677 2444 1747 κόρον
2471 1678 2748 1748 εἰληφέναι
2781 1682 2879 1750 τῆς
2909 1680 3016 1732 τῶν
3050 1680 3322 1750 πολεμίων
3354 1682 3567 1748 σφαγῆς
3588 1695 3604 1711 ⁸

2032 1756 2175 1810 οὕτω
2197 1758 2262 1828 δὴ
2283 1761 2374 1812 καὶ
2398 1762 2429 1829 ἡ
2458 1761 2602 1830 ψυχὴ
2625 1760 2717 1812 τοῦ
2747 1763 3017 1832 μακαρίου
3039 1761 3305 1833 Βαρλαάμ
3331 1762 3426 1832 τὴν
3449 1765 3608 1832 χεῖρα

2033 1841 2354 1895 ἀναλώσασα
2399 1845 2456 1895 ἐν
2502 1845 2582 1913 τῷ
2629 1844 2992 1897 κατακόπτειν
3033 1845 3132 1906 τὰς
3179 1844 3467 1912 φάλαγγας
3498 1845 3606 1898 τῶν

2031 1922 2320 1992 δαιμόνων,
2343 1924 2535 1994 ἑτέραν
2565 1925 2818 1995 ἐπεζήτει
2849 1926 3026 1990 δεξιὰν
3057 1926 3236 1992 πάλιν,
3270 1925 3410 1979 ὥστε
3437 1928 3529 1980 καὶ
3550 1929 3606 1979 ἐν

2032 2006 2212 2076 ἐκείνῃ
2235 2008 2332 2078 τὴν
2355 2007 2664 2078 προθυμίαν
2690 2008 3081 2072 ἐπιδείξασθαι.
3100 2007 3186 2082 Μὴ
3209 2010 3317 2081 γάρ
3342 2028 3429 2080 μοι
3450 2010 3608 2064 τοῦτο

2031 2089 2210 2161 εἴπῃς,
2235 2091 2316 2142 ὃτι
2349 2091 2476 2160 μίαν
2498 2092 2728 2158 ἐξέδωκε
2758 2095 2916 2163 χεῖρα
2945 2093 3104 2163 μόνον
3125 2111 3139 2125 ⁶
3164 2094 3299 2148 ἀλλά
3323 2095 3479 2147 τοῦτο
3503 2095 3608 2166 πρὸ

2031 2171 2236 2224 ἐκείνου
2266 2174 2456 2235 ἐννόει,
2498 2174 2580 2226 ὅτι
2628 2176 2656 2227 ὁ
2704 2175 2802 2246 τὴν
2836 2178 2994 2246 χεῖρα
3025 2177 3276 2246 προδοὺς,
3312 2171 3467 2240 οὗτος
3513 2179 3607 2229 καὶ

2031 2254 2128 2324 τὴν
2175 2256 2417 2326 κεφαλὴν
2460 2255 2721 2322 ἐξέδωκεν
2750 2256 2836 2320 ἂν,
2879 2260 2973 2311 καὶ
3011 2259 3109 2321 τὰς
3146 2259 3384 2332 πλευράς
3435 2259 3606 2331 προῦο

2033 2336 2188 2407 θηκε,
2224 2339 2318 2390 καὶ
2353 2340 2506 2409 πυρὶ,
2549 2339 2640 2391 καὶ
2674 2338 2903 2410 θηρίοις,
2942 2341 3033 2393 καὶ
3058 2341 3303 2409 πελάγει,
3341 2343 3435 2394 καὶ
3479 2359 3609 2413 κρη-

2034 2420 2169 2489 μνῷ,
2201 2423 2294 2473 καὶ
2325 2421 2562 2493 σταυρῷ,
2599 2424 2693 2474 καὶ
2741 2422 2941 2492 τροχῷ,
2977 2425 3070 2476 καὶ
3117 2426 3252 2494 πρὸς
3299 2425 3480 2488 πάσας
3508 2427 3607 2490 τὰς

2029 2503 2391 2567 ἁκουσθείσας
2439 2505 2571 2557 ποτέ
2601 2505 2870 2575 τιμωρίας
2912 2507 3272 2575 παρετάξατο,
3306 2509 3400 2560 καὶ
3432 2510 3606 2562 πάντα

2029 2584 2252 2648 ἔπαθεν,
2299 2588 2348 2639 εἰ
2395 2587 2488 2639 καὶ
2531 2586 2606 2658 μὴ
2633 2590 2698 2658 τῇ
2731 2588 2917 2659 πείρᾳ,
2954 2589 3094 2642 ἀλλά
3123 2593 3188 2660 τῇ
3220 2589 3494 2661 προθέσει.
3530 2593 3606 2644 U6

2028 2666 2136 2737 γὰρ
2171 2668 2307 2738 πρὸς
2345 2668 2658 2739 ὡρισμένας
2687 2670 2941 2732 κολάσεις
2977 2671 3288 2725 ἀπαντῶσιν
3321 2673 3370 2724 οἰ
3403 2673 3606 2743 μάρτυ-

2032 2767 2142 2821 ρες,
2183 2752 2317 2805 ἀλλά
2346 2753 2482 2822 πρὸς
2518 2752 2803 2824 ἀορίστους
2842 2753 3166 2808 ἀποδύονται
3210 2756 3508 2827 τιμωρίας·
3543 2758 3604 2808 οὐ

2027 2833 2136 2903 γάρ
2181 2836 2284 2887 εἰσι
2333 2835 2512 2904 κύριοι
2559 2836 2658 2906 τῆς
2705 2834 2930 2905 γνώμης
2975 2836 3083 2888 τῶν
3140 2837 3438 2907 τυράννων,
3485 2839 3605 2890 οὐδὲ

2027 2917 2185 2987 ὄρους
2217 2919 2401 2981 αὐτοῖς
2426 2920 2517 2971 καὶ
2545 2919 2720 2989 μέτρα
2749 2919 3026 2990 τιμωριῶν
3055 2919 3296 2972 τιθέασιν
3317 2938 3329 2950 ·
3368 2920 3482 2973 ἀλλ’
3505 2923 3605 2974 ὅσα

2028 2999 2094 3052 ἂν
2119 3001 2316 3062 αὐτοὺς
2344 3001 2376 3070 ή
2407 3000 2773 3071 ἀπάνθρωπος
2798 3002 2890 3054 καὶ
2922 3001 3191 3072 θηριώδης
3218 3002 3440 3056 ἐκείνων
3467 3003 3599 3071 γνώο

2031 3098 2104 3151 μη
2135 3082 2399 3136 διαθεῖναι
2443 3083 2761 3156 ἐπιθυμήσῃ
2806 3084 2970 3148 κακὰ,
3005 3085 3238 3137 τοσαῦτα
3267 3085 3604 3156 εἰσέρχονται

2027 3164 2371 3234 πεισόμενοι·
2406 3166 2545 3235 πλὴν
2577 3166 2642 3219 ἂν
2684 3166 2758 3236 μὴ
2787 3167 2990 3236 μεταξὺ
3021 3168 3081 3220 τὸ
3110 3168 3269 3237 σῶμα
3300 3168 3606 3238 ἀπαγορεῦ-

2029 3263 2125 3299 σαν
2151 3247 2470 3317 ἀπλήρωτον
2506 3252 2562 3301 ἐν
2609 3247 2687 3319 τῷ
2744 3250 2894 3318 μέσῳ
2925 3251 3204 3324 καταλίπῃ
3229 3253 3329 3322 τὴν
3367 3253 3476 3304 τῶν
3511 3271 3607 3305 τυ-

2028 3330 2238 3402 ράννων
2273 3330 2586 3402 ἐπιθυμίαν.
2606 3333 2964 3403 Ἐμαραίνετο
2988 3334 3165 3387 τοίνυν
3198 3338 3229 3405 ή
3259 3335 3423 3406 σὰρξ,
3456 3337 3548 3388 καὶ
3574 3337 3606 3406 ὴ

2028 3413 2342 3484 προαίρεσις
2367 3414 2750 3486 προθυμοτέρα
2776 3416 3006 3483 ἐγίνετο,
3031 3417 3226 3480 αὐτοὺς
3258 3418 3385 3482 τοὺς
3414 3417 3609 3488 ἀνθρα-

2027 3511 2128 3556 κας
2155 3497 2538 3568 παρερχομένη
2571 3500 2638 3569 τῇ
2671 3498 3036 3569 λαμπρότητι,
3067 3500 3160 3551 καὶ
3197 3499 3395 3570 μᾶλλον
3428 3501 3608 3552 αὐτῶν

2026 3579 2428 3633 ἀποστίλϐουσα
2447 3597 2460 3610 ·
2492 3582 2863 3652 πνευματικὸν
2882 3583 2991 3652 γάρ
3017 3583 3161 3634 ἔνδον
3188 3583 3472 3634 ἀνεκαίετο
3497 3583 3606 3653 πῦρ

2027 3663 2160 3716 πολὺ
2211 3663 2303 3716 τοῦ
2350 3665 2519 3737 πυρὸς
2559 3666 2750 3719 τούτου
2800 3666 3260 3736 φλογωδέστερον.
3297 3666 3398 3718 Διά
3448 3666 3607 3718 τοῦτο

2027 3748 2229 3810 ἐκεῖνος
2263 3747 2360 3816 τῆς
2389 3748 2587 3813 ἔξωθεν
2621 3749 2720 3801 οὐκ
2750 3748 3017 3821 ᾐσθάνετο
3061 3748 3278 3817 φλογὸς,
3315 3748 3500 3820 ἐπειδὴ
3544 3749 3606 3802 τὸ

2026 3829 2173 3882 ἔνδον
2217 3831 2378 3883 αὑτὸν
2424 3832 2576 3884 ἔκαιε
2612 3833 2722 3904 πῦρ
2748 3833 2809 3886 τὸ
2831 3833 3089 3904 διάπυρον
3117 3832 3212 3886 καὶ
3241 3831 3465 3896 διακαὲς
3507 3832 3605 3903 τῆς

2025 3913 2244 3983 ἀγάπης
2277 3913 2368 3966 τοῦ
2405 3915 2663 3984 Χριστοῦ.

2097 4085 2159 4139 δ’.
2202 4084 2385 4138 Ταῦτα
2419 4084 2490 4154 μὴ
2518 4083 2678 4153 μόνον
2707 4081 3013 4152 ἀκούωμεν,
3037 4083 3328 4154 ἀγαπητοὶ,
3355 4083 3488 4138 ἀλλά
3512 4085 3606 4138 καὶ

2031 4167 2324 4239 μιμώμεθα
2352 4166 2370 4206 ί
2381 4168 2581 4238 ,Ὅπερ
2610 4167 2717 4237 γὰρ
2747 4166 2808 4232 ἐξ
2835 4169 3006 4238 ἀρχῆς
3032 4167 3236 4236 ἔλεγον,
3271 4167 3366 4221 καὶ
3396 4167 3490 4220 νῦν
3525 4167 3607 4221 λέ-

2027 4268 2139 4323 γω·
2195 4253 2270 4322 μὴ
2306 4250 2468 4321 μέχρι
2513 4251 2611 4322 τῆς
2645 4251 2924 4322 παρούσης
2969 4251 3118 4324 ὥρας
3169 4250 3532 4322 θαυμαζέσθω
3576 4253 3606 4309 6

2031 4337 2241 4409 μάρτυς
2264 4335 2442 4405 μόνον,
2463 4335 2599 4389 ἀλλά
2620 4336 2714 4391 καὶ
2731 4337 2912 4390 οἴκαδε
2932 4336 3109 4390 ἀπιὼν
3139 4334 3369 4398 ἕκαστος
3401 4337 3604 4407 ἐπαγές

2031 4421 2142 4475 σθω
2169 4421 2260 4474 τὸν
2286 4421 2458 4488 ἅγιον,
2484 4421 2576 4474 καὶ
2601 4422 2680 4484 εἰς
2711 4419 2809 4491 τὴν
2841 4422 3018 4477 οἰκίαν
3049 4421 3318 4488 εἰσαγέτω
3338 4422 3437 4492 τὴν
3479 4423 3607 4475 ἐαυ.

2029 4507 2146 4572 τοῦ,
2189 4505 2388 4578 μᾶλλον
2430 4505 2489 4558 δέ
2526 4507 2606 4569 εἰς
2632 4505 2732 4576 τὴν
2760 4505 2954 4559 ἐαυτοῦ
2984 4506 3214 4577 καρδίαν
3248 4505 3338 4559 διὰ
3369 4508 3468 4577 τῆς
3497 4505 3608 4560 τῶν

2028 4589 2330 4661 εἰρημένων
2367 4590 2606 4660 μνήμης.
2624 4587 2911 4653 ’Υπόδεξαι
2941 4589 3125 4656 αὐτὸν,
3154 4589 3229 4652 ώς
3258 4589 3603 4662 προείρηται,

2029 4673 2124 4726 καὶ
2153 4673 2346 4743 στῆσον
2377 4672 2470 4724 ἐπὶ
2495 4672 2592 4742 τῆς
2614 4673 2842 4742 καρδίας
2869 4672 2968 4742 τῆς
2994 4673 3092 4743 σῆς
3111 4673 3210 4744 τὴν
3235 4676 3390 4744 χεῖρα
3415 4673 3605 4743 ἔχοντα

2029 4755 2394 4826 ἐκτεταμένην
2416 4772 2429 4784 ·
2465 4755 2716 4819 ὑπόδεξαι
2732 4756 2822 4809 τὸν
2841 4757 3186 4829 στεφανίτην,
3215 4758 3308 4812 καὶ
3339 4758 3607 4828 μηδέποτε

2028 4839 2173 4910 ἀφῇς
2204 4839 2440 4906 ἐξελθεῖν
2466 4840 2565 4910 τῆς
2601 4839 2837 4903 διανοίας
2865 4841 2962 4910 τῆς
2993 4841 3111 4909 σῆς.
3150 4840 3248 4894 Διά
3274 4840 3432 4894 τοῦτο
3463 4842 3608 4911 ὑμᾶς

2029 4924 2122 4976 καὶ
2150 4923 2299 4994 παρά
2320 4923 2419 4984 τὰς
2449 4923 2624 4992 θήκας
2647 4921 2757 4975 τῶν
2781 4922 2955 4990 ἁγίων
2983 4923 3276 4996 μαρτύρων
3305 4925 3606 4995 ἠγάγομεν,

2029 5006 2116 5060 ἵνα
2168 5008 2262 5059 καὶ
2313 5007 2421 5060 ἀπὸ
2471 5007 2570 5075 τῆς
2621 5005 2795 5075 ὅψεως
2848 5005 3049 5076 λάϐητέ
3090 5025 3212 5060 τινα
3263 5007 3608 5079 παράκλησιν

2027 5090 2226 5159 ἀρετῆς
2244 5099 2291 5151 ε,
2329 5089 2423 5142 καὶ
2471 5089 2605 5160 πρὸς
2645 5091 2734 5142 τὸν
2773 5091 2933 5144 αὐτὸν
2967 5091 3382 5161 ἐπαποδύσησθε
3425 5091 3604 5160 ζῆλον.

2029 5174 2138 5226 Καὶ
2157 5175 2264 5243 γάρ
2285 5174 2620 5243 στρατιώτην
2646 5172 2896 5244 ἀνίστησι
2921 5174 3020 5245 μὲν
3042 5176 3134 5228 καί⁵
3155 5175 3292 5246 ἀκοὴ
3316 5176 3604 5247 ἀριστέως·

2030 5254 2208 5324 πολλῷ
2228 5255 2284 5308 δὲ
2303 5255 2464 5308 πλέον
2483 5255 2606 5325 ὄψις
2627 5257 2720 5308 καὶ⁸
2741 5257 2964 5326 θεωρία,
2989 5258 3080 5310 καὶ
3113 5257 3343 5327 μάλιστα
3370 5259 3494 5310 ὅταν
3527 5259 3606 5320 εἰς

2029 5337 2197 5407 αὐτὴν
2215 5338 2308 5391 τοῦ
2333 5339 2598 5410 ἀριστέως
2623 5340 2720 5409 τὴν
2749 5341 2953 5410 σκηνὴν
2980 5340 3236 5392 εἰσελθὼν
3265 5341 3346 5409 ἴδῃ
3372 5338 3431 5390 τὸ
3452 5338 3606 5406 ξίφος,-

2030 5421 2369 5491 ᾑμαγμένον,
2391 5420 2540 5492 [68ϋ]
2554 5421 2652 5491 τὴν
2673 5422 2913 5492 κεφαλὴν
2934 5423 3026 5475 τοῦ
3048 5423 3304 5492 πολεμίου
3324 5422 3601 5494 κειμένην,

2069 5614 2114 5690 ,τ
2155 5618 2285 5677 Ητιιε,
2308 5621 2427 5668 ἀλλὰ
2467 5623 2545 5668 καὶ
2573 5624 2837 5685 μιμώμεθα,
2861 5623 3039 5672 desunt
3075 5623 3124 5670 iu
3165 5623 3312 5675 Savil.
3343 5633 3394 5676 et
3422 5627 3467 5675 in
3504 5623 3601 5673 Re-

2082 5694 2109 5721 Π
2132 5694 2242 5727 11110.

2067 5691 2109 5725 In
2132 5694 2242 5727 uno.

2031 5694 2058 5741 ἕ
2097 5744 2120 5779 ιι
2156 5741 2344 5805 ’Λρετῆς
2367 5745 2503 5795 deest
2527 5746 2575 5794 in
2601 5747 2749 5797 Sam.
2779 5753 2825 5795 et
2852 5751 2900 5799 in
2927 5759 3021 5795 uno
3042 5747 3217 5811 [ιε-εἰσ.
