4080 6198
390 302 489 357 681

381 413 604 482 jacens,
627 414 797 483 spolia
820 413 1048 470 sublime
1073 412 1354 483 pendentia
1377 453 1391 477 ,
1421 420 1691 468 recentem
1720 428 1964 469 cruorem

383 518 449 555 ex
495 504 742 559 manibus
782 506 897 574 ejus
954 504 1277 573 stillantem,
1321 505 1411 574 qni
1466 514 1721 574 tropaeum
1760 506 1963 573 erexit,

382 596 579 664 ubique
609 597 820 653 lanceas
840 610 892 653 ct
912 599 1157 669 clypeos,
1186 606 1239 651 et
1263 612 1449 663 arcus,
1484 604 1539 651 et
1562 612 1773 652 omnem
1808 598 1963 652 aliam

388 700 713 743 armaturam
732 690 1018 759 jacentem.
1051 690 1250 744 idcirco
1275 704 1370 743 nos
1399 689 1556 743 etiam
1590 689 1674 744 hic
1703 690 1962 743 conveni-

381 796 502 835 mus
531 797 545 834 :
582 784 867 834 tentorium
912 782 1051 836 enim
1095 790 1177 834 est
1202 780 1429 834 militare
1465 789 1755 851 martyrum
1787 791 1962 835 tumn-

382 872 464 924 lus
498 889 511 924 :
538 885 600 924 ac
621 871 664 924 si
692 871 811 924 fidei
840 871 1022 924 oculos
1051 872 1323 939 aperueris
1343 911 1359 934 ,
1390 870 1475 924 hic
1498 871 1717 938 justitia!
1744 870 1959 925 loricam

372 961 642 1030 jacentem
696 962 1002 1023 intuebere,
1049 973 1254 1015 scutum
1302 962 1457 1023 fidei,
1497 963 1699 1031 galeam
1732 962 1914 1016 salutis
1942 1003 1956 1027 ,

376 1066 561 1105 ocreas
591 1047 888 1119 Evangelii,
914 1050 1146 1121 gladium
1180 1050 1407 1120 Spiritus
1428 1051 1644 1121 (Ep/tes.
1669 1052 1720 1105 6.
1748 1051 1956 1121 11-17),

374 1143 548 1211 ipsum
581 1142 782 1196 diaboli
808 1151 965 1211 caput
993 1143 1045 1196 in
1078 1152 1269 1196 terram
1301 1142 1612 1212 projectum.
1656 1142 1787 1195 Cum
1816 1144 1957 1195 enim

372 1234 644 1289 hominem
673 1244 974 1303 correptum
994 1250 1021 1287 a
1052 1234 1292 1289 dzemone
1328 1234 1474 1303 juxta
1505 1234 1750 1305 martyris
1783 1234 1958 1301 sepul-

371 1339 521 1379 crum
551 1325 749 1380 videris
774 1327 1019 1395 supinum
1043 1328 1308 1395 jacentem
1332 1368 1346 1392 ,
1380 1341 1441 1379 ac
1461 1326 1692 1394 seipsum
1718 1339 1955 1394 perszepe

369 1414 658 1471 laniantem
682 1459 696 1479 ,
722 1416 850 1470 nihil
877 1417 1019 1470 aliud
1058 1417 1156 1470 nisi
1189 1417 1308 1469 mali
1339 1427 1496 1484 caput
1519 1426 1843 1485 amputatum
1872 1416 1953 1469 vi-

368 1505 483 1560 des.
516 1506 754 1577 Namque
780 1507 974 1561 Christi
1005 1508 1256 1562 militibus
1290 1508 1403 1561 bavc
1452 1522 1597 1561 arma
1630 1522 1766 1561 nunc
1795 1508 1952 1561 etiam

365 1598 613 1666 adjacent
656 1617 670 1652 :
710 1608 761 1652 et
812 1598 1257 1667 quemadmodum
1307 1598 1589 1653 bellatores
1638 1598 1951 1653 fortissimos

365 1701 486 1741 cum
539 1687 652 1743 suis
696 1689 959 1758 sepeliunt
1005 1689 1168 1743 armis
1219 1689 1589 1758 Imperatores,
1618 1689 1687 1742 ita
1730 1688 1855 1743 fecit
1897 1697 1952 1742 et

362 1775 606 1833 Christus
634 1795 648 1831 :
673 1793 792 1832 cum
815 1780 925 1833 suis
950 1794 1043 1834 eos
1067 1780 1229 1833 armis
1254 1780 1494 1850 st-pelivit
1514 1820 1528 1843 ,
1554 1790 1609 1833 ut
1633 1780 1790 1834 etiam
1824 1788 1948 1833 ante

362 1869 807 1923 resurrectionem
836 1869 1059 1939 gloriam
1088 1885 1300 1924 omnem
1333 1871 1685 1941 virtutemque
1732 1879 1943 1925 sancto-

360 1973 478 2013 rum
510 1960 835 2015 ostenderet.
863 1961 1138 2031 Cognosce
1177 1962 1333 2032 igitur
1356 1963 1684 2032 spiritualem
1709 1963 1941 2032 ipsorum

360 2061 721 2119 armaturam;
766 2063 820 2109 et
860 2056 1107 2109 maximis
1159 2058 1421 2125 perceptis
1469 2058 1779 2112 utilitatibus
1820 2056 1943 2112 hinc

358 2141 622 2197 discedes.
654 2144 874 2199 Multum
895 2154 947 2200 et
972 2146 1066 2201 tibi
1090 2162 1208 2200 cum
1236 2146 1449 2201 diabolo
1478 2148 1672 2202 bellum
1711 2160 1828 2214 est,
1860 2149 1941 2204 di-

356 2231 645 2288 lectissime
664 2277 678 2299 ,
699 2235 919 2288 multum
948 2235 1161 2305 inquam
1179 2278 1194 2302 ,
1218 2252 1465 2306 magnum
1493 2248 1547 2291 et
1572 2252 1828 2307 perenne.

428 2321 768 2379 Invehitur'in
790 2326 996 2379 delicias
1024 2336 1070 2380 et
1112 2328 1286 2381 luxum
1306 2366 1324 2394 ,
1347 2338 1391 2380 ei
1418 2328 1471 2380 in
1501 2344 1585 2382 eos
1610 2330 1696 2397 qui
1720 2330 1939 2383 theatro-

355 2432 467 2468 rum
492 2418 779 2486 spectacula
807 2422 1093 2488 frequenter
1118 2418 1556 2476 adeunt.â€”Disce
1586 2422 1743 2492 igitur
1767 2423 1937 2477 lucta-

356 2507 563 2573 tiones,
593 2517 650 2563 ut
694 2509 945 2564 victorias
991 2510 1255 2565 imiteris:
1300 2527 1585 2582 aspernare
1620 2514 1836 2570 divitias
1877 2530 1940 2571 ac

354 2600 639 2668 pecunias,
693 2611 747 2655 et
815 2617 1030 2657 omnem
1083 2603 1341 2673 reliquam
1394 2605 1573 2661 saeculi
1626 2622 1872 2677 pompam
1918 2625 1932 2661 :

354 2705 419 2744 ne
446 2689 629 2746 beatos
642 2692 848 2762 judices
868 2709 981 2757 eos,
1012 2695 1099 2763 qui
1128 2694 1319 2750 divites
1340 2708 1483 2765 sunt,
1508 2698 1599 2752 sed
1631 2699 1813 2759 beatos
1842 2714 1936 2754 eos

349 2780 525 2850 judica
550 2823 565 2848 ,
588 2783 676 2852 qui
716 2785 1026 2855 martyrium
1058 2785 1332 2855 patiuntur
1362 2803 1377 2841 :
1403 2802 1506 2841 non
1529 2802 1623 2842 eos
1642 2788 1732 2858 qni
1763 2789 1813 2842 in
1835 2789 1935 2843 de-

351 2874 517 2941 liciis,
549 2875 643 2930 sed
686 2877 775 2946 qui
816 2876 868 2930 in
905 2878 1260 2947 sartaginibus
1292 2887 1573 2933 versantur
1605 2897 1618 2933 :
1649 2894 1754 2933 non
1804 2896 1931 2948 eos,

350 2967 439 3036 qui
486 2967 719 3036 opipara:
745 2983 943 3022 mensa:
971 2968 1246 3036 assident,
1272 2969 1365 3024 sed
1391 2984 1485 3024 eos
1504 3010 1519 3033 ,
1556 2970 1645 3039 qui
1677 2970 1730 3023 in
1761 2970 1934 3027 lebete

350 3069 622 3113 torrentur
647 3076 661 3114 :
686 3074 790 3114 non
818 3075 945 3125 eos,
977 3061 1065 3131 qui
1087 3061 1291 3116 diurnis
1312 3061 1362 3115 in
1392 3061 1595 3116 balneis
1619 3102 1634 3127 ,
1667 3061 1763 3116 sed
1803 3078 1930 3129 eos,

346 3150 433 3219 qui
458 3149 512 3204 in
539 3149 673 3204 diris
695 3159 822 3204 sunt
859 3150 1202 3206 fornacibus:
1235 3167 1339 3205 non
1380 3166 1507 3217 eos,
1537 3152 1626 3221 qui
1654 3152 1802 3207 olent
1835 3169 1934 3207 un-

342 3253 570 3309 guenta,
602 3242 694 3295 sed
721 3256 848 3309 eos,
875 3242 962 3312 qui
1005 3241 1206 3297 fumum
1252 3256 1318 3297 ac
1348 3242 1587 3297 nidorem
1626 3244 1728 3297 usti
1773 3245 1931 3299 emit-

344 3342 465 3387 tnnt
499 3352 512 3387 :
541 3333 628 3389 hic
658 3334 821 3388 multo
866 3334 961 3389 illo
1004 3335 1341 3403 praestantior
1369 3344 1422 3389 et
1461 3335 1642 3389 utilior
1656 3344 1738 3390 est
1764 3336 1929 3402 odor;

343 3424 607 3495 siquidem
632 3425 721 3480 ille
745 3425 809 3479 ad
838 3425 1161 3495 supplicium
1204 3426 1325 3480 illos
1345 3427 1431 3495 qui
1454 3441 1519 3481 eo
1545 3425 1812 3493 fruuntur,
1844 3426 1931 3481 hic

342 3526 518 3570 autem
544 3515 610 3569 ad
639 3515 850 3585 prmmia
876 3530 1205 3585 coronasque
1224 3518 1463 3572 cmlestes
1490 3518 1723 3573 abducit.
1756 3520 1930 3589 Atque

342 3613 400 3657 ut
421 3604 685 3675 intelligas
701 3604 889 3667 malam
903 3620 1016 3660 rem
1033 3620 1151 3661 esse
1164 3605 1399 3672 delicias,
1419 3623 1678 3677 usumque
1693 3624 1932 3678 unguen-

343 3705 518 3750 torum
538 3736 553 3759 ,
602 3704 658 3751 et
685 3696 996 3751 ebrietatem
1017 3736 1033 3763 ,
1055 3706 1110 3751 et
1137 3698 1313 3750 vinum
1341 3698 1621 3752 immodice
1635 3710 1925 3769 sumptum,

342 3796 398 3841 et
424 3787 695 3856 Opiparam
722 3802 959 3841 mensam
979 3828 994 3852 ,
1028 3788 1150 3841 audi
1181 3787 1305 3856 quid
1333 3787 1475 3841 dicat
1500 3788 1758 3857 propheta
1792 3807 1804 3841 :
1842 3788 1930 3844 Va:

342 3881 647 3935 domu'entes
672 3883 723 3935 in
746 3880 886 3935 lectis
912 3882 1158 3942 eburneis.
1182 3882 1434 3952 aï¬‚luentes
1462 3882 1655 3935 deliciis
1680 3883 1733 3935 in
1758 3883 1929 3937 stratis

341 3973 476 4037 suis,
502 3983 550 4025 et
577 3972 888 4026 comedentes
908 3972 1082 4026 haedos
1106 3972 1168 4025 de
1188 3972 1438 4042 gregibus,
1468 3982 1514 4026 et
1530 3973 1767 4028 lactentes
1797 3975 1927 4028 vitu-

344 4064 419 4117 los
461 4063 525 4117 de
547 4064 820 4129 armentis;
848 4065 930 4133 qui
960 4063 1131 4116 bibunt
1163 4064 1327 4117 vinum
1356 4064 1656 4134 defarcatum
1678 4106 1693 4129 ,
1745 4074 1791 4118 et
1818 4065 1927 4133 pri-

341 4156 436 4207 mis
461 4154 726 4225 unguentis
756 4163 1014 4222 unguntur
1060 4153 1239 4224 (Amos
1278 4154 1331 4208 á½ƒ.
1363 4154 1507 4226 Î¹-Î´).
1536 4154 1688 4221 Quod
1718 4156 1761 4209 si
1810 4155 1928 4210 hmc

342 4246 539 4300 veteris
591 4244 917 4299 Testamenti
968 4254 1204 4314 tempore
1270 4245 1705 4314 prohibebantur,
1761 4248 1929 4301 multo

342 4338 512 4408 magis
555 4348 794 4407 tempore
832 4337 1049 4408 gratim,
1103 4337 1190 4391 ubi
1240 4339 1410 4406 major
1451 4346 1533 4392 est
1572 4337 1925 4408 philosophia.

343 4429 469 4483 ll:ec
490 4444 611 4483 cum
641 4428 708 4483 ad
737 4429 911 4495 viros,
936 4438 1048 4483 tum
1073 4428 1139 4482 ad
1173 4428 1419 4483 mulieres
1440 4444 1468 4482 a
1498 4445 1583 4484 me
1612 4430 1923 4483 suntdicta:

318 4568 321 4571 ,
340 4535 627 4574 commune
650 4519 908 4590 siquidem
925 4530 1002 4575 est
1026 4521 1252 4575 stadium
1270 4538 1283 4586 ;
1308 4536 1412 4574 non
1437 4532 1652 4589 propter
1668 4535 1826 4575 sexus
1841 4520 1925 4574 di-

343 4612 655 4667 versitatem
677 4613 877 4667 divisus
901 4624 983 4668 est
1004 4613 1201 4668 Christi
1230 4614 1495 4668 exercitus
1520 4654 1535 4680 ,
1559 4614 1652 4669 sed
1681 4630 1817 4669 unus
1844 4624 1927 4669 est

341 4712 531 4756 emtas.
564 4703 791 4758 Possunt
814 4713 867 4758 et
896 4704 1105 4758 femina:
1135 4704 1351 4758 loricam
1381 4704 1601 4759 induere
1622 4746 1635 4768 ,
1690 4720 1751 4760 ac
1802 4707 1920 4778 cly-

344 4808 501 4863 peum
541 4809 813 4864 Opponere
840 4837 853 4859 ,
902 4797 1172 4865 telumque
1219 4795 1473 4864 jaculari,
1518 4812 1639 4851 cum
1680 4798 1919 4869 martyrii

341 4894 619 4954 tempore,
652 4895 761 4940 tum
806 4887 964 4941 etiam
995 4887 1100 4939 alio
1124 4928 1139 4949 ,
1171 4886 1312 4956 quod
1364 4886 1607 4941 fiduciam
1655 4888 1923 4958 ingentem

342 4976 599 5044 requirat.
626 4975 691 5030 Et
718 4976 854 5031 sicut
879 4978 1109 5046 optimus
1129 4977 1462 5046 sagittarius,
1492 4980 1579 5047 qui
1608 4989 1752 5035 recte
1776 4980 1926 5034 colli-

343 5070 769 5125 mansachorda
818 5072 1060 5141 sagittam
1112 5071 1382 5136 emiserit,
1430 5087 1644 5126 omnem
1689 5074 1923 5127 hostium

342 5160 625 5215 conturbat
651 5162 819 5215 aciem
851 5177 866 5215 :
910 5162 988 5216 sic
1022 5169 1076 5215 et
1103 5162 1271 5216 sancti
1299 5170 1563 5233 martyres
1604 5172 1762 5232 atque
1788 5164 1922 5219 adeo

343 5250 521 5305 cuncti
552 5252 790 5307 veritatis
820 5252 1099 5308 bellatores
1121 5294 1136 5321 ,
1169 5252 1255 5323 qui
1287 5252 1542 5308 adversus
1568 5254 1787 5310 insidias
1807 5255 1918 5309 dia-

1488 300 1557 358 Î™Î
1595 302 1651 359 5.
1694 300 2119 359 BARLAAMUM
2148 304 2550 395 MAilTYREM.

3538 318 3643 374 682

2073 412 2179 468 boli
2222 412 2536 484 fraudesque
2575 415 2907 488 depugnant,
2939 429 3202 491 tamquam
3228 441 3258 480 a
3288 425 3485 484 chorda
3513 445 3648 500 qua-
3678 484 3681 493 _

2072 504 2223 569 dam,
2254 521 2282 557 a
2314 509 2485 576 lingua
2517 508 2672 562 verba
2719 510 2854 564 bene
2884 512 3215 570 collimantes
3240 520 3516 587 emittunt,
3553 538 3647 577 ea-

2070 611 2174 665 que
2201 607 2463 666 tamquam
2486 600 2585 654 tela
2606 616 2702 669 per
2726 617 2903 656 aerem
2926 605 3152 659 volantia
3171 648 3187 672 ,
3214 623 3335 663 eum
3361 611 3649 667 invisibiles

2069 684 2372 741 daemonum
2404 689 2454 742 in
2501 690 2787 760 phalanges
2842 694 3162 763 inciderint,
3204 713 3416 753 omnem
3463 716 3647 757 eorum

2068 778 2235 831 aciem
2286 781 2644 834 conturbant:
2677 782 2816 851 quod
2871 785 3049 855 utique
3097 797 3150 843 et
3204 790 3360 845 beato
3398 793 3647 849 Barlaam

2070 868 2288 922 evenit:
2338 870 2492 924 nudis
2517 872 2659 924 enim
2701 873 2876 927 verbis
2923 885 3187 943 tamquam
3216 880 3517 935 volantibus
3560 899 3643 936 sa-

2065 956 2212 1023 gittis
2256 958 2496 1022 emissis,
2541 970 2705 1014 totum
2749 962 2939 1016 diaboli
2966 968 3254 1020 exercitum
3297 972 3645 1037 perturbavit.

2064 1044 2212 1099 Hanc
2249 1054 2303 1099 et
2351 1061 2448 1101 nos
2486 1049 2749 1117 jaculandi
2792 1054 3058 1108 solertiam
3109 1056 3395 1112 imitemur.
3452 1061 3641 1117 Nonne

2066 1133 2185 1187 illos
2210 1178 2223 1199 ,
2245 1136 2334 1205 qni
2365 1152 2393 1190 a
2424 1138 2644 1192 theatris
2669 1140 3026 1209 descendunt,
3059 1145 3246 1200 videtis
3272 1150 3539 1206 molliores
3568 1152 3647 1207 ef-

2063 1222 2265 1277 fecms?
2304 1227 2353 1279 id
2377 1243 2503 1281 vero
2534 1230 2585 1282 in
2630 1244 2786 1283 causa
2815 1242 2926 1298 est,
2951 1234 3093 1302 quod
3134 1236 3197 1290 iis
3227 1239 3493 1308 studiose,
3523 1258 3643 1312 qua:

2062 1315 2131 1368 ibi
2156 1315 2315 1384 fiunt,
2348 1321 2621 1374 attendant
2648 1337 2661 1373 :
2694 1338 2815 1376 nam
2842 1340 2961 1378 cum
2993 1328 3265 1382 oculorum
3292 1331 3637 1401 inversiones,

2061 1421 2420 1478 manuumque
2440 1414 2805 1469 contorsiones
2828 1457 2843 1480 ,
2887 1432 2949 1470 ac
2976 1418 3166 1485 pedum
3186 1435 3375 1491 gyros,
3424 1433 3478 1477 et
3524 1441 3639 1480 om-

2060 1499 2203 1553 nium
2246 1503 2682 1571 simulacrorum,
2729 1523 2847 1576 qua:
2878 1509 2930 1561 in
2959 1510 3279 1567 distorsione
3324 1516 3629 1572 circumacti

2057 1592 2297 1657 corporis
2318 1604 2605 1660 apparent,
2637 1596 2893 1666 imagines
2924 1600 2974 1652 in
3003 1603 3268 1657 mentibus
3295 1607 3407 1660 suis
3431 1606 3633 1663 defixe-

2056 1681 2195 1747 rint,
2226 1681 2420 1739 deinde
2447 1685 2744 1741 discedunt.
2788 1689 2978 1744 Annon
3026 1692 3185 1762 igitur
3223 1695 3496 1766 indignum
3522 1708 3631 1766 est,

2054 1783 2111 1825 ut
2140 1774 2213 1827 illi
2238 1785 2433 1830 tantam
2462 1778 2513 1831 in
2540 1780 2732 1833 animas
2760 1796 2869 1835 sum
2909 1786 3142 1852 pernicie
3170 1790 3498 1856 procuranda
3525 1794 3631 1847 sol-

2054 1864 2382 1923 licitudinem
2404 1873 2721 1940 exhibeant,
2746 1888 2809 1929 ac
2833 1890 3114 1943 perennem
3137 1893 3320 1933 eorum
3341 1921 3356 1945 ,
3378 1896 3497 1951 quae
3527 1884 3633 1940 illic

2050 1965 2172 2009 sunt
2196 1969 2339 2026 gesta
2360 2001 2375 2024 ,
2408 1963 2715 2015 memoriam
2761 1976 3102 2029 CODSCIâ€˜VCIâ€™H,
3131 1984 3227 2023 nos
3254 1979 3429 2024 autem
3447 2012 3462 2034 ,
3493 1988 3629 2042 quos

2048 2044 2233 2100 isthaac
2257 2048 2478 2103 imitatio
2506 2067 2660 2119 pares
2683 2054 2884 2123 angelis
2914 2055 3178 2112 redditura
3206 2067 3304 2122 est,
3328 2075 3393 2113 ne
3422 2064 3627 2131 mquale

2046 2138 2259 2206 quidem
2303 2140 2406 2194 illis
2453 2142 2685 2197 studium
2733 2148 2799 2199 ad
2845 2162 2939 2213 ea,
2969 2164 3087 2218 quae
3127 2149 3265 2203 dicta
3309 2160 3466 2217 sunt,
3496 2168 3630 2207 con-

2046 2230 2303 2284 servanda
2331 2233 2706 2291 conferamus?
2734 2237 2839 2301 Ne,
2873 2252 2968 2292 oro
2988 2281 3003 2305 ,
3033 2240 3377 2313 obtestorque
3405 2258 3517 2311 vos,
3560 2260 3629 2300 ne

2044 2320 2267 2375 salutem
2313 2334 2546 2379 nostram
2597 2327 2665 2381 ita
2721 2330 3082 2399 negligamus,
3111 2331 3205 2387 sed
3238 2336 3500 2389 mentibus
3526 2351 3625 2391 no-

2042 2410 2169 2464 stris
2193 2427 2381 2469 omnes
2411 2427 2670 2487 martyres
2697 2420 2938 2473 conditos
2960 2432 3251 2488 teneamus,
3272 2439 3375 2477 una
3402 2440 3523 2479 cum
3547 2427 3626 2481 leâ€”

2042 2498 2289 2567 betibns,
2342 2519 2443 2557 una
2479 2520 2596 2559 cum
2644 2507 2762 2561 aliis
2800 2509 3103 2578 suppliciis,
3152 2520 3206 2565 et
3234 2512 3371 2566 sicut
3400 2514 3628 2583 pictores

2044 2591 2325 2663 imaginem
2353 2611 2497 2665 saepe
2525 2596 2672 2651 fumo
2715 2614 2778 2653 ac
2818 2600 3035 2669 fuligine
3080 2602 3344 2671 longoque
3389 2611 3630 2672 tempore

2041 2681 2433 2738 inobscuratam
2461 2686 2741 2758 detergnnt
2765 2704 2827 2742 ac
2846 2690 3122 2753 mnndant.
3154 2693 3231 2746 sic
3253 2701 3308 2746 tu
3323 2702 3625 2749 sanctorum

2039 2786 2335 2849 martyrum
2382 2790 2531 2835 utere
2578 2781 2857 2849 memoria,
2885 2782 3230 2839 dilectissime
3267 2802 3281 2838 :
3318 2800 3437 2839 cum
3473 2786 3627 2841 obre-

2038 2878 2227 2938 pentes
2272 2872 2553 2925 sreculares
2595 2887 2739 2927 cura:
2796 2880 2939 2927 tuam
2978 2884 3212 2929 mentem
3253 2875 3621 2940 obscurarint,

2039 2973 2156 3012 eam
2188 2975 2282 3027 per
2303 2971 2596 3032 martyrum
2624 2964 2933 3017 memoriam
2956 2963 3191 3033 deterge.
3221 2964 3275 3021 Si
3315 2967 3456 3022 enim
3488 2968 3624 3023 hanc

2041 3050 2093 3105 in
2119 3052 2292 3105 anima
2331 3061 2416 3106 tua
2460 3055 2771 3108 memoriam
2803 3058 3164 3124 conservaris,
3196 3074 3301 3112 non
3354 3074 3483 3129 opes
3531 3076 3623 3114 su-

2040 3143 2269 3211 Spicies,
2301 3160 2407 3199 non
2448 3154 2811 3215 paupertatem
2844 3146 3164 3216 dcplorabis,
3195 3164 3299 3202 non
3323 3149 3545 3219 gloriam
3570 3159 3626 3204 et

2038 3235 2327 3303 potentiam
2349 3236 2592 3290 laudabis
2612 3279 2626 3304 ,
2658 3238 2791 3291 nihil
2818 3238 3046 3309 denique
3075 3256 3140 3295 ex
3170 3243 3327 3296 rebus
3354 3241 3621 3307 humanis,

2036 3332 2169 3387 nihil
2216 3348 2439 3398 eorum,
2495 3349 2615 3402 quae
2661 3334 2938 3403 splendida
2985 3344 3145 3401 sunt,
3200 3352 3444 3407 magnum
3494 3350 3615 3391 esse

2036 3423 2283 3493 quiddam
2312 3424 2640 3479 arbitrabere
2659 3468 2675 3491 ,
2700 3426 2830 3479 nihil
2853 3441 3058 3492 eorum,
3087 3443 3205 3497 quae
3228 3430 3448 3482 molesta
3471 3436 3615 3494 sunt,

2018 3518 2461 3583 .intolerandum;
2490 3518 2583 3573 sed
2613 3534 2733 3572 cum
2767 3519 2849 3574 his
2878 3520 3122 3574 onmibus
3148 3521 3390 3588 superior
3430 3534 3622 3574 evase-

2035 3612 2128 3674 ris,
2157 3621 2478 3682 perpetuum
2506 3627 2569 3666 ex
2617 3611 2860 3681 imaginis
2891 3611 3048 3678 hujus
3076 3610 3517 3680 contemplatione
3535 3624 3625 3664 ca-

2036 3704 2150 3773 pies
2178 3705 2576 3758 documentum.
2598 3702 2730 3757 Nam
2752 3702 2839 3771 qui
2870 3702 3066 3755 milites
3089 3702 3140 3754 in
3169 3701 3319 3755 bellis
3339 3715 3402 3754 ac
3424 3700 3621 3767 przeliis

2034 3804 2251 3850 strenue
2281 3811 2339 3850 se
2361 3804 2605 3865 gerentes
2632 3794 2868 3862 quotidie
2897 3800 3132 3863 Spectat,
3165 3808 3271 3847 non
3304 3792 3617 3847 deliciarum

2034 3900 2285 3954 umquam
2314 3886 2599 3953 cupiditate
2625 3885 2912 3948 tenebitur,
2946 3899 3048 3935 non
3091 3883 3371 3937 delicatam
3408 3893 3462 3937 et
3488 3884 3619 3937 mol.

2034 3976 2138 4030 lem
2163 3974 2370 4029 vivendi
2401 3975 2658 4028 rationem
2686 3975 2736 4028 in
2761 3974 2931 4042 pretio
2952 3973 3198 4037 habebit,
3245 3974 3338 4028 sed
3376 3988 3619 4043 asperam

2035 4076 2090 4122 et
2115 4065 2336 4135 rigidam
2360 4074 2521 4135 atque
2556 4065 2621 4119 ad
2649 4076 2918 4119 certamen
2942 4066 3311 4134 compositam.
3335 4066 3463 4133 Quae
3475 4066 3619 4120 enim

2034 4157 2265 4211 societas
2303 4164 2384 4210 est
2422 4155 2667 4209 ebrietati
2709 4169 2829 4208 cum
2881 4154 3090 4223 pugna?
3135 4169 3279 4209 cura:
3322 4155 3620 4209 abdominis

2033 4262 2155 4302 cum
2183 4246 2360 4300 studio
2395 4244 2754 4300 fortitudinis?
2780 4245 3055 4314 urguentis
3081 4259 3202 4298 cum
3234 4245 3397 4298 armis
3419 4285 3435 4310 ,
3480 4244 3623 4299 bello

2033 4347 2086 4392 et
2113 4337 2625 4392 comessationibns?
2676 4335 2827 4391 Miles
2873 4334 3070 4389 Christi
3124 4348 3203 4399 es,
3234 4334 3616 4400 dilectissime;

2032 4441 2266 4493 armare,
2295 4442 2400 4480 non
2444 4440 2659 4481 comere
2685 4444 2697 4479 :
2731 4425 2931 4479 athleta
2955 4440 3011 4478 es
3032 4438 3323 4494 generosus
3350 4442 3364 4489 ;
3394 4424 3621 4479 viriliter

2032 4533 2150 4588 age,
2183 4534 2287 4571 non
2318 4517 2539 4572 concilia
2568 4526 2921 4571 venustatem.
2958 4514 3029 4569 Ita
3076 4524 3290 4569 sanctos
3337 4516 3464 4569 istos
3505 4515 3623 4569 imi-

2034 4620 2240 4675 temur;
2280 4610 2347 4663 ita
2382 4610 2546 4663 fortes
2572 4609 2875 4676 bellatores,
2903 4616 3188 4662 coronatos
3214 4607 3474 4676 athletas,
3526 4606 3620 4661 Dei

2032 4702 2234 4756 amicos
2264 4700 2560 4755 honoribus
2592 4715 3016 4771 prosequamur;
3045 4708 3238 4755 etcum
3263 4714 3357 4769 per
3376 4700 3620 4754 eamdem

2033 4810 2154 4849 cum
2198 4795 2297 4849 illis
2324 4795 2463 4849 viam
2495 4793 2893 4857 inccsserimus,
2925 4792 3138 4847 easdem
3169 4807 3290 4847 cum
3323 4792 3426 4846 illis
3455 4806 3614 4845 coro-

2032 4904 2130 4943 nas
2155 4904 2544 4959 consequemur
2574 4905 2588 4943 :
2628 4902 2759 4958 quas
2788 4886 2942 4941 nobis
2971 4885 3218 4939 onmibus
3247 4885 3447 4938 utinam
3479 4882 3618 4939 obti-

2033 4998 2161 5037 nere
2181 4983 2473 5051 contingat,
2505 4981 2670 5051 gratia
2721 4988 2776 5034 et
2821 4979 3143 5048 benignitate
3200 4976 3407 5031 Domini
3454 4975 3620 5031 nostri

2030 5074 2157 5129 Jesu
2196 5072 2428 5138 Christi,
2478 5088 2598 5127 cum
2629 5086 2731 5141 quo
2751 5071 2889 5125 Patri
2912 5070 3075 5140 gloria
3096 5112 3111 5135 ,
3144 5083 3247 5122 una
3273 5084 3392 5123 cum
3421 5066 3621 5137 Spiritu

2031 5174 2252 5221 sancto.
2286 5179 2426 5219 nunc
2473 5174 2526 5219 et
2571 5178 2803 5233 semper,
2848 5170 2902 5217 ct
2946 5161 2997 5216 in
3047 5161 3237 5217 szecnla
3278 5160 3618 5216 saeculorum.

2032 5259 2221 5310 Amen.

1404 5539 2548 5621 Man-â€”
