4080 6198
430 317 538 372 683

1122 312 1180 366 5.
1221 306 1507 365 JOANNIS
1543 299 2035 363 CHRYSOSTOMI
2073 295 2393 356 ARCHIEP.
2433 265 2990 352 CONS’I’ANTINOP.

2819 483 3124 496 —————-

1108 789 1210 852 AD
1233 785 1612 851 HOMILIAM
1657 786 1736 846 IN
1764 784 2113 846 SANCTAM
2140 777 2526 844 DROSIDEM
2572 770 3028 836 MARTYREM.

511 1083 660 1157 [688]
685 1082 834 1138 lianc
852 1083 1133 1138 homiliam
1153 1081 1206 1136 in
1230 1097 1358 1154 agro
1373 1081 1712 1137 Antiocheno
1731 1078 2374 1150 habuitChrysostomus,
2394 1088 2518 1130 cum
2537 1079 2753 1138 arrepta
2773 1078 2980 1122 serena:
2995 1062 3099 1116 diei
3119 1059 3404 1118 occasione
3427 1059 3681 1130 populum

439 1204 838 1260 Antiochenum
861 1218 926 1257 eo
949 1201 1170 1257 deduxit
1188 1200 1482 1256 Flavianus
1504 1200 1827 1269 Episcopus,
1853 1206 1912 1252 ut
1935 1211 2161 1250 numero
2184 1193 2218 1247 2
2239 1194 2458 1248 dicitur.
2490 1188 2664 1258 Hujus
2694 1199 2858 1255 porro
2885 1180 2944 1235 S.
2971 1176 3226 1246 martyris
3255 1191 3427 1244 pauca
3462 1174 3658 1227 admo-

442 1316 570 1368 dum
603 1322 897 1382 supersunt
929 1318 1281 1366 monumenta
1314 1329 1327 1364 :
1367 1312 1563 1380 vixque
1590 1310 1736 1364 aliud
1759 1309 2034 1379 quidpiam
2065 1306 2213 1362 circa
2240 1303 2557 1374 martyrium
2587 1297 2997 1367 certaminaque
3037 1296 3156 1366 ejus
3184 1291 3454 1354 novimus,
3513 1300 3682 1356 quam

445 1429 586 1499 quod
609 1429 686 1482 ait
714 1427 771 1482 S.
812 1428 1000 1483 doctor
1033 1442 1172 1489 eam,
1205 1426 1259 1479 in
1291 1441 1481 1496 rogum
1514 1426 1816 1494 conjectam
1853 1424 2040 1479 fuisse.
2073 1419 2260 1491 Neque
2283 1421 2458 1475 solum
2497 1418 2556 1474 S.
2583 1413 2890 1481 Drosidem,
2915 1412 3009 1469 sed
3052 1422 3106 1467 et
3142 1411 3284 1466 alios
3311 1408 3475 1464 etiam
3504 1400 3683 1475 pluri-

425 1643 3687 1675 Μ

1755 1734 2355 1822 LAUDATIO

962 1923 1198 1967 MAGNE
1233 1923 1314 1964 ΕΤ
1358 1920 1614 1965 SANCTE
1658 1918 1977 1964 MARTYBIS

2118 1916 2336 1972 DSIDIS,
2386 1917 2469 1958 ET
2511 1916 2595 1958 DE
2624 1915 2922 1962 MEMORIA
2965 1913 3224 1960 HORTIS.

1846 2055 2270 2115 mm»-

493 2197 544 2250 1.
571 2195 674 2250 SS.
719 2193 1066 2265 Reliquinrum
1091 2190 1304 2245 utilitas.
1327 2221 1396 2230 ——
1424 2189 1710 2260 Diligentes
1736 2196 2007 2259 pastores,

423 2289 509 2341 ubi
538 2302 631 2356 per
654 2287 859 2357 longam
877 2284 1120 2355 hyemem
1143 2282 1559 2338 viderintradios
1576 2282 1703 2335 solis
1725 2280 2010 2347 affulsisse,

421 2381 668 2449 diemque
696 2376 1006 2432 calidiorem
1039 2373 1336 2429 reddidisse
1366 2415 1380 2438 ,
1410 2372 1640 2442 pecudes
1669 2387 1699 2426 e
1725 2373 1888 2426 caulis
1919 2387 2011 2424 ex-

420 2473 552 2524 citas
577 2469 644 2523 ad
681 2482 873 2536 pascua
915 2474 1169 2521 consueta
1207 2463 1503 2518 deducunt:
1548 2463 1647 2518 hos
1694 2462 1928 2516 imitatus
1960 2475 2015 2516 et

421 2561 594 2614 bonus
624 2559 723 2614 iste
765 2565 945 2626 pastor
976 2571 1184 2610 sacrum
1215 2553 1357 2608 hunc
1395 2569 1610 2624 gregem
1651 2568 1713 2609 ac
1739 2551 2014 2622 spirituale

427 2650 620 2705 Christi
665 2649 808 2702 ovile
843 2646 907 2700 ad
960 2645 1075 2699 hinc
1123 2645 1415 2714 spiritualia
1465 2658 1654 2713 pascua
1708 2653 2012 2698 sanctorum

419 2741 621 2797 eduxit.
655 2739 784 2794 Nam
816 2739 1146 2794 exsatiantur
1179 2737 1390 2807 quidem
1420 2747 1473 2790 et
1502 2735 1751 2805 pecudes,
1780 2734 1906 2788 dum
1944 2734 2010 2789 ad

423 2833 679 2904 praesepia
725 2839 1098 2885 stantzverum
1133 2827 1222 2882 ubi
1263 2827 1458 2882 fuerint
1486 2842 1516 2881 e
1554 2825 1720 2880 caulis
1748 2841 2008 2896 egressa},

422 2926 589 2979 multo
618 2923 875 2993 majorem
904 2938 968 2976 ex
995 2923 1197 2992 campis
1228 2921 1505 2974 utilitatem
1534 2919 1858 2990 percipiunt,
1886 2919 2010 2972 dum

424 3020 476 3073 in
507 3029 701 3072 terram
732 3031 914 3085 prome
944 3016 1108 3068 multa
1138 3030 1256 3068 cum
1300 3013 1572 3082 voluptate
1603 3011 1848 3066 dentibus
1887 3027 2010 3080 gra-

425 3125 547 3163 men
579 3107 903 3172 detondent,
939 3121 1116 3160 aerem
1163 3120 1351 3174 purum
1398 3103 1696 3172 reSpirant,
1743 3111 1796 3155 et
1841 3101 2012 3154 claros

423 3198 834 3268 Splendidosque
861 3198 1036 3251 radios
1073 3196 1201 3250 solis
1243 3203 1504 3265 spectant,
1550 3202 1603 3248 et
1643 3193 1792 3262 juxta
1841 3193 2005 3256 lacus,

425 3292 622 3354 fontes,
654 3299 708 3345 et
739 3290 954 3342 ﬂumina
986 3290 1255 3354 saltitant;
1291 3302 1463 3356 neque
1502 3301 1632 3340 vero
1675 3283 2013 3338 mediocriter

423 3398 513 3435 eas
547 3391 684 3433 terra
717 3379 964 3442 delectat,
1013 3378 1232 3432 ﬂoribus
1259 3377 1404 3430 omni
1443 3391 1509 3430 ex
1552 3384 1699 3444 parte
1739 3374 2008 3428 decorata.

422 3471 527 3527 Sed
557 3488 658 3525 non
688 3472 790 3524 illis
821 3479 1044 3535 tantum,
1074 3483 1257 3523 verum
1289 3467 1447 3522 etiam
1481 3466 1632 3519 nobis
1661 3464 1763 3518 hoc
1792 3465 2011 3517 multam

425 3563 706 3616 utilitatem
736 3561 872 3630 parit
905 3578 919 3614 :
955 3560 1080 3613 licet
1123 3559 1265 3615 enim
1309 3557 1448 3611 intus
1491 3555 1851 3624 spiritualibus
1881 3555 2014 3610 cibis

425 3652 618 3708 referta
649 3651 917 3722 proposita
968 3649 1119 3703 nobis
1160 3656 1305 3703 esset
1333 3661 1536 3713 mensa,
1573 3656 1745 3700 tamen
1793 3645 1906 3699 hzec
1946 3645 2014 3699 ad

425 3755 638 3797 sanctos
695 3743 825 3796 istos
873 3740 1110 3810 egressio
1163 3739 1343 3792 nescio
1383 3752 1488 3807 quo
1544 3745 1747 3790 recreat
1790 3749 1888 3789 nos
1927 3750 2014 3789 so-

427 3835 576 3898 latio,
624 3841 680 3888 et
717 3831 994 3886 utilitatem
1037 3829 1202 3884 nihilo
1241 3828 1575 3883 recreatione
1604 3827 1865 3880 minorem
1916 3841 2012 3895 pa-

426 3927 514 3990 rit,
546 3942 650 3979 non
679 3923 818 3994 quod
848 3938 1035 3992 purum
1065 3935 1245 3977 aerem
1274 3920 1617 3989 reSpiremus,
1649 3918 1741 3972 sed
1766 3917 1906 3988 quod
1945 3916 2013 3971 ad

426 4015 679 4087 pra-clara
701 4028 1081 4085 generosarum
1111 4012 1335 4066 istorum
1361 4011 1596 4065 virorum
1625 4009 1857 4064 facinora
1887 4023 2015 4063 ocu-

426 4109 506 4162 los
543 4115 946 4171 convertamns;
978 4119 1083 4157 non
1127 4101 1267 4174 quod
1293 4101 1442 4174 juxta
1482 4101 1756 4155 ﬂuminum
1793 4101 2010 4165 ﬂuenta,

425 4201 519 4256 sed
551 4200 691 4270 quod
715 4200 863 4268 juxta
889 4197 1116 4275 Spiritus
1144 4195 1311 4250 sancti
1341 4195 1600 4249 donorum
1630 4193 1822 4248 ﬂuenta
1852 4193 2014 4247 salte-

425 4308 580 4359 mus;
610 4307 715 4347 non
743 4291 883 4360 quod
907 4291 958 4344 in
981 4298 1174 4344 terram
1201 4287 1351 4357 proni
1378 4287 1625 4341 dentibus
1654 4285 1872 4340 herbam
1895 4295 2015 4338 ton-

429 4385 671 4449 deamus,
703 4383 795 4438 sed
839 4382 982 4452 quod
1031 4381 1253 4435 virtutes
1295 4388 1585 4450 martyrum
1626 4377 2011 4445 decerpamus;

425 4490 536 4531 non
557 4473 696 4546 quod
720 4482 957 4528 ornatam
978 4471 1195 4526 ﬂoribus
1217 4479 1410 4526 terram
1437 4483 1736 4531 cernamus,
1759 4466 1850 4521 sed
1874 4465 2014 4535 quod

423 4581 656 4637 corpora
685 4563 841 4620 donis
869 4562 1232 4632 spiritualihus
1260 4561 1532 4616 afﬂuentia
1573 4558 2012 4627 contemplemur.

427 4658 510 4714 Ac
551 4655 772 4725 singula:
813 4652 1025 4724 quidem
1057 4661 1347 4723 martyrum
1379 4650 1617 4705 ecclesiae
1658 4649 1864 4702 lucrum
1909 4663 2012 4702 non

427 4750 681 4820 exiguum
709 4746 947 4816 praebent
977 4744 1061 4810 iis,
1089 4743 1174 4812 qui
1202 4741 1340 4812 apud
1366 4757 1458 4796 eas
1487 4747 1890 4810 congregantur,
1921 4737 2014 4793 sed

429 4859 544 4914 prae
571 4842 782 4897 caneris
809 4837 1054 4892 omnibus
1083 4836 1178 4888 ista
1206 4851 1220 4888 :
1251 4834 1409 4888 simul
1434 4832 1575 4887 enim
1601 4839 1760 4901 atque
1787 4829 2019 4884 vestibu-

435 4938 544 4992 lum
575 4934 694 5004 quis
733 4933 1006 5002 ingressus
1039 4939 1141 4994 est,
1179 4935 1232 4982 et
1267 4927 1544 4982 confestim
1573 4926 1624 4980 in
1648 4925 1834 4980 oculos
1863 4923 2016 4979 undi-

426 5044 539 5100 que
589 5025 872 5080 multitudo
925 5023 1289 5092 sepulcrorum
1319 5020 1560 5085 incurrit,
1601 5028 1655 5074 et
1682 5032 2016 5088 quocumque

429 5120 744 5190 respexerit,
773 5117 1036 5186 capsulas,
1061 5115 1347 5169 memorias
1363 5122 1416 5168 et
1445 5112 1626 5167 thecas
1645 5110 2014 5167 defunctorum

425 5216 690 5268 intuetur.
722 5209 904 5278 Neque
945 5222 1073 5262 vero
1106 5205 1446 5260 mediocriter
1493 5204 1645 5259 nobis
1687 5204 1904 5273 prodest
1950 5203 2015 5256 ad

426 5304 768 5362 inserendam
791 5301 982 5356 animis
1002 5299 1196 5355 nostris
1217 5297 1529 5354 modestiam
1551 5313 1612 5352 ac
1629 5296 2014 5366 philosophiam

427 5398 534 5454 hoc
562 5396 925 5468 spectaculum
957 5393 1299 5449 tumulorum.
1329 5391 1552 5447 Animus
1596 5391 1737 5446 enim
1768 5390 1885 5444 sive
1929 5404 2014 5444 se-

427 5491 550 5561 gnis
591 5491 679 5553 sit,
725 5487 828 5542 huc
856 5495 1072 5554 aspectu
1103 5494 1422 5546 commotus,
1452 5483 1626 5536 statim
1654 5481 1960 5550 percellitur
1997 5497 2011 5532 :

428 5582 544 5634 sive
569 5579 794 5649 diligens
811 5577 879 5631 sit
903 5586 956 5631 et
985 5577 1263 5640 excitatus,
1284 5573 1585 5643 diligentior
1605 5571 1844 5626 redditur
1869 5589 1883 5626 :
1907 5573 2017 5627 sive

425 5679 795 5741 paupertatem
825 5669 943 5740 quis
975 5669 1310 5732 lamentetur,
1343 5681 1407 5721 ex
1438 5664 1540 5720 hoc
1579 5663 1756 5719 statim
1799 5671 2016 5736 aspectu

2117 2189 2537 2244 consolationem
2566 2191 2790 2261 percipit
2823 2209 2836 2246 :
2867 2192 2980 2247 sive
3009 2191 3205 2248 divitiis
3236 2192 3570 2257 intumescat,
3601 2196 3706 2252 hu-

2118 2281 2259 2335 milis
2297 2283 2352 2336 fit
2379 2291 2432 2337 et
2459 2282 2810 2338 contrahitur.
2844 2282 2941 2337 Hic
2971 2285 3112 2337 enim
3142 2295 3390 2353 aspectus
3426 2289 3706 2357 sepulcro-

2117 2387 2236 2426 rum
2269 2388 2698 2443 unumquemque
2723 2382 3086 2442 Spectatorum
3114 2375 3256 2444 cogit
3277 2375 3496 2430 invitum
3518 2378 3586 2432 de
3610 2394 3707 2435 sua

2117 2475 2289 2518 morte
2315 2463 2695 2533 philosophari,
2722 2474 2882 2534 utque
2911 2463 3039 2518 nihil
3070 2465 3124 2519 in
3154 2464 3258 2521 hoc
3287 2467 3486 2522 mundo
3510 2469 3709 2526 stabile

2117 2567 2236 2608 esse
2263 2563 2498 2620 censeat,
2544 2554 2847 2623 persuadet,
2899 2561 2994 2609 se’u
3034 2555 3315 2611 molestum
3359 2558 3450 2623 sit,
3491 2574 3587 2614 seu
3614 2559 3712 2629 ju-

2116 2645 2344 2700 cundum
2376 2662 2390 2698 :
2425 2659 2583 2714 porro
2611 2645 2654 2699 is
2681 2646 2766 2700 cui
2795 2660 3100 2714 persuasum
3142 2645 3244 2702 hoc
3275 2647 3451 2712 fuerit,
3482 2665 3586 2704 non
3620 2651 3707 2704 fa-

2114 2736 2216 2790 cile
2237 2737 2432 2804 peccati
2462 2736 2650 2804 laqueo
2675 2736 2932 2805 capietur.
2959 2736 3247 2806 Pmpterea
3275 2739 3487 2807 sapiens
3513 2740 3705 2795 admo-

2117 2833 2207 2878 net
2233 2825 2494 2894 quispiam
2524 2825 2709 2880 dicens
2740 2843 2754 2880 :
2787 2824 2851 2878 In
2881 2827 3110 2880 omnibus
3135 2829 3446 2883 sermonibus
3477 2832 3574 2883 tuis
3606 2848 3710 2885 me-

2113 2933 2312 2971 morare
2340 2918 2611 2970 novissima
2639 2929 2745 2983 tua,
2774 2929 2818 2971 et
2845 2917 2896 2970 in
2925 2927 3163 2971 wternum
3187 2935 3285 2972 non
3314 2920 3538 2988 peccabis
3574 2921 3709 2989 (Ec-

2115 3009 2198 3060 cli.
2233 3009 2280 3062 7.
2314 3008 2405 3076 40)
2442 3026 2454 3063 :
2500 3017 2555 3063 et
2583 3011 2718 3062 alter
2749 3010 3009 3078 quispiam
3045 3009 3125 3064 his
3173 3024 3407 3064 consona
3447 3011 3707 3081 loquitur,

2115 3100 2241 3154 dum
2284 3101 2352 3153 ita
2397 3101 2626 3154 consulit
2659 3119 2672 3154 :
2707 3099 2954 3170 Prwpara
2997 3102 3050 3152 in
3090 3101 3278 3154 exitum
3312 3117 3466 3172 Opera
3502 3112 3621 3169 tua,
3659 3115 3712 3156 et

2117 3209 2349 3263 prwpara
2380 3203 2427 3246 le
2453 3193 2520 3245 ad
2547 3195 2638 3246 iter
2667 3191 2848 3263 (Prov.
2884 3193 2977 3249 24.
3003 3193 3096 3264 27)
3134 3211 3147 3248 :
3177 3209 3285 3248 non
3313 3195 3454 3264 quod
3482 3197 3547 3251 de
3576 3213 3710 3251 sen-

2116 3284 2267 3338 sibus
2291 3284 2534 3352 subjecto
2565 3284 2753 3340 itinere
2780 3284 2939 3339 verba
2963 3285 3138 3353 faciat,
3167 3287 3260 3340 sed
3289 3287 3355 3341 de
3384 3287 3619 3343 discessu
3641 3305 3709 3344 ex

2117 3377 2217 3430 hac
2246 3377 2371 3431 vita.
2402 3377 2535 3432 Nam
2576 3379 2619 3431 si
2665 3386 2922 3447 perpetuo
2951 3392 3014 3433 ac
3050 3379 3269 3448 singulis
3311 3379 3514 3446 diebus,
3547 3397 3710 3451 quam

2117 3467 2352 3523 incertus
2375 3468 2653 3534 sitobitus,
2674 3469 3126 3538 praemeditemur,
3151 3469 3288 3524 haud
3314 3470 3467 3525 facile
3489 3483 3708 3540 peccata

2117 3560 2509 3614 committemus
2539 3577 2552 3612 :
2578 3559 2670 3613 sed
2698 3574 2873 3629 neque
2899 3557 3058 3614 rebus
3084 3559 3242 3630 hujus
3269 3561 3388 3615 vitae
3417 3562 3712 3631 splendidis

2117 3658 2274 3720 atque
2303 3650 2596 3720 magniﬁcis
2625 3651 2999 3718 intumescere,
3024 3666 3194 3719 neque
3221 3651 3458 3706 molestis
3478 3652 3709 3722 deprimi

2117 3743 2410 3812 poterimus
2437 3752 2528 3797 aut
2557 3743 2779 3809 turbari,
2825 3757 2945 3797 cum
2988 3744 3221 3798 incertus
3260 3751 3602 3815 utrarumque
3636 3747 3711 3800 sit

2118 3832 2259 3887 finis.
2287 3833 2440 3903 Stepe
2469 3847 2700 3901 namque
2745 3833 2833 3904 qui
2867 3833 3026 3888 hodie
3051 3833 3200 3898 vivit,
3235 3850 3302 3888 ne
3326 3835 3392 3888 ad
3424 3851 3708 3905 vesperam

2118 3924 2330 3994 quidem
2359 3931 2440 3978 est
2459 3931 2748 3992 superstes.
2781 3923 2964 3994 Itaque
3005 3923 3050 3977 si
3082 3925 3134 3978 in
3179 3925 3310 3979 urbe
3355 3927 3712 3981 remansisse-

2117 4031 2258 4083 mus,
2290 4029 2397 4070 non
2426 4014 2710 4070 admodum
2733 4015 3018 4070 verisimile
3043 4025 3126 4070 est
3149 4031 3246 4070 nos
3275 4017 3399 4070 talia
3424 4017 3710 4072 meditatu-

2118 4122 2208 4163 ros
2238 4121 2299 4162 ac
2343 4106 2814 4176 philosophaturos
2857 4105 3056 4172 fuisse;
3097 4116 3152 4161 at
3195 4116 3345 4163 extra
3389 4111 3709 4178 pomarium

2119 4212 2384 4268 egressos,
2418 4207 2471 4251 et
2500 4197 2564 4251 ad
2598 4197 2710 4251 hmc
2740 4196 2980 4266 sepulcra
3031 4198 3328 4266 venientes,
3364 4207 3520 4269 atque
3569 4200 3710 4256 hanc

2119 4289 2483 4345 defunctorum
2532 4288 2922 4342 multitudinem
2963 4297 3268 4358 spectantes
3296 4304 3515 4344 necesse
3545 4291 3708 4360 plane

2120 4380 2237 4444 fuit,
2265 4381 2523 4435 vellemus
2549 4379 2830 4445 nollemus,
2852 4378 2954 4434 hoc
2974 4383 3261 4449 conspeCtu
3283 4379 3584 4434 admonitos
3607 4380 3708 4436 has

2119 4471 2465 4541 cogitationes
2489 4471 2668 4524 animo
2695 4470 2930 4534 volvere,
2959 4485 3022 4525 ac
3047 4469 3384 4525 sublimiores
3413 4470 3544 4536 fieri,
3577 4471 3710 4526 dum

2121 4562 2238 4617 illas
2268 4561 2548 4623 volvimus,
2597 4574 2918 4628 omnemque
2945 4575 3068 4630 erga
3115 4575 3205 4615 res
3245 4561 3527 4616 saeculares
3571 4561 3710 4617 aﬂ'e-

2119 4663 2262 4708 ctum
2284 4666 2501 4707 exuere.
2534 4651 2716 4720 Neque
2747 4665 2874 4704 vero
2905 4660 3105 4704 tantum
3135 4650 3393 4720 ejusmodi
3421 4653 3707 4721 cogitatio-

2120 4762 2216 4802 nes
2244 4747 2478 4801 animum
2511 4753 2748 4799 nostrum
2779 4743 3052 4808 subibunt,
3085 4742 3179 4799 sed
3222 4751 3276 4798 et
3299 4743 3584 4800 sufficienti
3609 4757 3711 4799 co-

2122 4837 2422 4892 hortatione
2443 4835 2847 4899 coneitabimur,
2877 4841 2936 4887 ut
2971 4833 3034 4887 ad
3061 4842 3314 4888 mternam
3355 4834 3577 4903 patriam
3602 4849 3709 4888 no-

2121 4939 2284 4984 stram
2327 4927 2657 4992 festinemus,
2704 4925 2769 4980 ad
2817 4940 3042 4993 eamque
3077 4939 3174 4979 nos
3216 4939 3606 4995 comparemus,
3652 4936 3712 4980 et

2121 5020 2298 5075 omnia
2327 5019 2478 5073 nobis
2506 5017 2571 5072 ad
2595 5017 2736 5071 illam
2759 5013 3140 5085 profectionem
3164 5016 3462 5070 necessaria
3493 5031 3712 5084 pra-pa-

2122 5126 2319 5177 remus,
2345 5125 2463 5164 cum
2491 5110 2740 5175 sciamus,
2764 5122 3152 5176 quamcumque
3179 5121 3353 5161 rerum
3395 5115 3708 5160 nostrarum

2122 5203 2207 5258 hic
2233 5201 2627 5272 reliquerimus,
2671 5214 2788 5252 eam
2821 5198 2974 5252 nobis
2997 5197 3372 5252 detrimentum
3401 5197 3705 5251 allaturam.

2122 5294 2253 5349 Nam
2299 5289 2742 5363 quemadmodum
2773 5289 2860 5359 qui
2893 5289 3106 5359 longum
3139 5290 3240 5343 iter
3267 5289 3441 5341 viator
3463 5286 3708 5356 conficit,

2120 5394 2174 5442 et
2199 5386 2249 5440 in
2280 5384 2500 5454 patriam
2529 5397 2678 5436 suam
2701 5380 2875 5435 redire
2905 5378 3134 5444 festinat,
3167 5377 3541 5447 quodcumque
3573 5381 3709 5433 reli-

2120 5476 2296 5548 querit
2324 5475 2374 5529 in
2405 5474 2653 5544 hospitio,
2686 5472 2840 5541 plane
2868 5471 3078 5535 amittit,
3102 5470 3322 5539 ejusque
3337 5469 3602 5539 jactumm
3627 5471 3710 5524 fa-

2121 5569 2193 5623 cit
2223 5583 2236 5623 :
2269 5567 2348 5622 sic
2372 5566 2618 5621 nimirum
2649 5573 2702 5620 et
2730 5579 2828 5618 nos
2861 5577 3220 5634 quascumque
3251 5576 3336 5615 res
3375 5573 3589 5615 nostras
3619 5564 3707 5618 hic

2120 5662 2444 5718 dimittentes
2471 5658 2775 5724 abierimus,
2805 5670 2985 5712 earum
3007 5654 3240 5710 omnium
3257 5653 3514 5724 jacturam
3545 5653 3712 5712 facie-
