4080 6198
297 205 405 261 685
1467 209 1551 268 DE
1593 217 1650 270 S.
1695 215 1988 272 DROSIDE
2038 217 2393 274 MARTYRE.
3460 222 3564 275 685

1757 685 2130 747 MONITUM.

305 961 423 1000 mos
462 956 752 1018 martyres,
789 966 1023 1020 quorum
1055 971 1176 1013 ossa
1200 959 1388 1014 eodem
1419 960 1540 1014 loco
1563 960 1804 1029 deposita
1835 972 2012 1030 erant,
2046 964 2298 1021 laudibus
2323 971 2667 1023 commendat
2694 971 3138 1043 Chrysostomus,
3173 987 3474 1046 eorumque
3501 971 3556 1026 in

295 1058 572 1118 dmutonas
608 1073 660 1116 et
693 1064 744 1118 in
778 1066 997 1124 morbos
1026 1074 1299 1140 quoslibet
1326 1084 1646 1144 potestatem
1680 1077 2039 1146 depratdicat;
2072 1095 2134 1134 ac
2159 1091 2417 1150 quantam
2447 1097 2512 1136 ex
2547 1099 2736 1137 eorum
2773 1085 2920 1139 aditu
2957 1087 3245 1143 utilitatem
3269 1089 3559 1159 decerpere

295 1177 476 1244 liceat,
513 1181 764 1250 pluribus
797 1189 1040 1256 exponit.
1066 1188 1140 1244 De
1167 1207 1313 1245 anno
1339 1209 1450 1262 quo
1481 1194 1595 1248 hac
1632 1196 1858 1250 homilia
1896 1201 2248 1266 pronuntiata
2278 1199 2377 1255 fuit
2401 1201 2534 1254 nihil
2565 1219 2789 1272 prorsus
2820 1203 3104 1260 habemus.

370 1293 749 1362 lnterpretatio
781 1297 966 1352 Latina
991 1309 1073 1354 est
1106 1299 1397 1357 Frontonis
1422 1302 1623 1357 Ducwi.

1533 1777 1684 1854 [6⁸⁸]
1749 1791 1967 1878 ΕΓΚ
1979 1793 2338 1884 ΩΜΙΟΝ

779 1972 887 2038 Είς
923 1973 1039 2042 τὴν
1066 1974 1240 2045 ἁγίαν
1262 1973 1756 2046 μεγαλομάρτυρα
1781 1979 2057 2048 Δροσίδα,
2087 1975 2182 2028 καί
2210 1977 2297 2039 εὶς
2320 1975 2387 2028 τὸ
2406 1974 2746 2045 μεμνῆσθαι
2781 1973 3061 2030 θανάτου.

371 2286 442 2342 α’.
473 2289 533 2341 Ol
569 2288 841 2356 φιλόπονοι
866 2295 975 2349 τῶν
997 2295 1524 2367 ποιμένων,ὲπειδάν
1547 2297 1634 2350 διὰ
1658 2295 1866 2369 μακροῦ
1976 2315 2073 2368 της
2117 2295 2318 2359 εὐθέως
2362 2295 2714 2366 παραμυθίαν
2756 2296 2994 2365 δέχεται,
3037 2294 3139 2348 κᾶν
3185 2295 3277 2347 ἐπὶ
3331 2291 3554 2361 πλούτῳ·

303 2377 563 2444 χειμῶνος
611 2376 760 2431 ἴδωσι
808 2380 1064 2455 λαμπρὰν
1117 2385 1331 2448 ἀκτῖνα,
1381 2385 1474 2438 καὶ
1527 2385 1867 2454 θερμοτέραν
1977 2383 2118 2452 μέγα
2152 2385 2344 2454 φρονῇ,
2372 2383 2720 2436 ταπεινοῦται
2754 2383 2846 2436 καὶ
2889 2381 3410 2435 καταστέλλεται.Ἡ
3437 2378 3546 2448 γάρ

301 2461 594 2532 γενομένην
621 2464 854 2536 ἡμέραν,
875 2469 973 2538 τῆς
1007 2469 1246 2540 μάνδρας
1269 2469 1624 2537 ἐξαγαγόντες
1644 2470 1711 2522 τὰ
1732 2471 1866 2540 πρό-
1971 2471 2078 2523 τῶν
2125 2472 2310 2540 τάφων
2357 2471 2477 2540 ὄψις
2523 2471 2752 2524 ἕκαστον
2785 2471 2890 2523 τῶν
2919 2469 3166 2540 ὁρώντων
3190 2468 3258 2520 τὰ
3285 2485 3349 2520 πε
3361 2467 3412 2537 ρί
3445 2467 3542 2534 τῆς

300 2547 458 2612 ϐατά,
496 2550 630 2620 πρὸς
659 2551 756 2613 τὰς
783 2555 1033 2624 συνήθεις
1059 2557 1248 2624 ἄγουσι
1277 2559 1446 2628 νομάς
1471 2575 1483 2588 ·
1530 2557 1750 2620 τούτους
1777 2559 1870 2611 καὶ

297 2636 325 2686 ὁ
363 2635 521 2699 καλὸς
559 2638 758 2709 ποιμὴν
786 2632 939 2702 οὗτος
971 2644 1324 2713 μιμούμενος,
1350 2644 1450 2713 τὴν
1488 2644 1637 2716 ἱερὰν
1667 2643 1870 2713 ταύτην

295 2723 520 2794 ἀγέλην,
558 2727 650 2778 καὶ
673 2727 771 2796 τὴν
803 2729 1174 2799 πνευματικὴν
1217 2730 1308 2783 τοῦ
1359 2731 1596 2801 Χριστοῦ
1637 2732 1869 2802 ποίμνην

296 2809 431 2880 πρὸς
474 2810 572 2873 τὰς
612 2812 718 2864 τῶν
747 2813 918 2880 ἁγίων
949 2817 1119 2885 νομὰς
1149 2817 1322 2888 ἤγαγε
1349 2817 1550 2880 ταύτας
1584 2819 1680 2879 τὰς
1709 2837 1870 2871 πνευ-

297 2904 550 2968 ματικὰς.
582 2903 943 2972 Κορέννυνται
973 2907 1072 2976 μὲν
1096 2910 1185 2960 ἐπὶ
1213 2907 1312 2976 τῆς
1339 2909 1542 2978 φάτνης
1570 2908 1780 2961 ἑστῶτα
1801 2909 1869 2962 τὰ

294 2986 569 3054 πρόϐατασ
612 2988 726 3040 ἀλλ’
767 2991 986 3045 ἐπειδὰν
1041 2993 1145 3057 ἔξω
1198 2994 1424 3064 γένηται
1483 2995 1590 3048 τῶν
1647 2996 1865 3066 σηκῶν,

293 3072 513 3126 πλείονα
550 3074 656 3126 ἀπὸ
691 3076 798 3128 τῶν
837 3078 1034 3131 πεδίων
1072 3080 1407 3152 καρποῦνται
1447 3081 1546 3152 τὴν
1576 3082 1865 3151 ὠφέλειαν,

294 3161 429 3230 μετὰ
473 3161 672 3232 πολλῆς
711 3163 812 3232 τῆς
860 3165 1103 3236 τέρψεως
1148 3167 1581 3228 κατακύπτοντα,
1633 3171 1725 3222 καὶ
1769 3169 1867 3241 τὴν

290 3247 427 3299 πόαν
453 3247 540 3300 διὰ
566 3249 672 3302 τῶν
695 3251 920 3304 ὀδόντων
949 3253 1338 3324 ἀποκείροντα,
1373 3254 1612 3326 καθαρόν
1637 3273 1696 3308 τε
1731 3257 1868 3320 ἀέρα

289 3335 659 3398 ἀναπνέοντα,
701 3338 794 3390 καὶ
839 3339 974 3409 πρὸς
1011 3339 1204 3392 ἀκτῖνα
1252 3340 1515 3410 βλέποντα
1559 3341 1723 3412 διειδῆ
1770 3343 1868 3394 καὶ

289 3423 544 3492 φαιδρὰν,
571 3424 724 3494 παρὰ
748 3424 942 3495 λίμνας
977 3428 1069 3480 καὶ
1098 3428 1276 3497 πηγὰς
1301 3430 1602 3501 σκιρτῶντα
1631 3432 1724 3483 καὶ
1767 3447 1866 3482 πο-

286 3510 528 3579 ταμούς*
575 3511 729 3582 φέρει
778 3512 835 3565 δὲ
882 3514 1062 3577 αὐτοῖς
1091 3516 1182 3567 καὶ
1215 3517 1248 3585 ἡ
1274 3516 1346 3584 γῆ
1391 3533 1510 3568 τινα
1540 3517 1724 3587 τέρψιν
1757 3520 1868 3580 τοῖς

288 3597 476 3650 ἄνθεσι
505 3598 955 3672 καλλωπιζομένη
992 3600 1274 3655 πάντοθεν.
1303 3603 1415 3656 Οὐκ
1448 3604 1533 3655 ἐπ’
1553 3604 1776 3656 ἐκείνων
1809 3604 1866 3656 δὲ

291 3685 470 3754 μόνον,
515 3685 651 3740 ἀλλὰ
698 3687 791 3739 καὶ
838 3687 924 3757 ἐφ’
957 3686 1115 3758 ήμῶν
1153 3687 1310 3742 τοῦτο
1356 3689 1556 3760 πολλὴν
1607 3689 1723 3758 ἔχει
1765 3689 1864 3759 τὴν

287 3771 574 3840 ὠφέλειαν.
602 3773 822 3844 Πλήρης
845 3774 943 3844 μὲν
967 3775 1074 3844 γάρ
1102 3776 1230 3846 ἡμῖν
1254 3777 1346 3828 καὶ
1375 3775 1522 3828 ἔνδον
1559 3778 1591 3846 ἠ
1616 3775 1866 3846 τράπεζα

285 3858 392 3911 τῶν
422 3860 806 3930 πνευματικῶν
829 3861 1141 3932 ἐδεσμάτων
1182 3863 1494 3933 παρέκειτο,
1523 3863 1638 3917 ἀλλ’
1663 3867 1695 3934 ἡ
1727 3864 1864 3932 πρὸς

286 3947 409 4008 τοὺς
433 3947 621 4014 ἁγίους
649 3947 824 4012 ἔξοδος
844 3947 1066 4012 τούτους
1093 3948 1206 4019 ἔχει
1233 3951 1353 4003 τινὰ
1387 3951 1479 4003 καὶ
1504 3950 1860 4020 ψυχαγωγίαν

285 4033 380 4084 καὶ
409 4033 606 4104 κέρδος
639 4034 738 4104 τῆς
766 4033 1122 4104 ψυχαγωγίας
1149 4037 1248 4090 οὐκ
1282 4037 1521 4102 ἔλαττον,
1546 4039 1646 4090 οὐκ
1673 4038 1859 4108 ἐπειδὴ

284 4118 530 4190 καθαρὸν
560 4119 653 4173 τὸν
698 4121 833 4190 ἀέρα
875 4123 1239 4194 ἀναπνέομεν,
1271 4124 1385 4176 ἀλλ’
1410 4124 1598 4195 ἐπειδὴ
1631 4124 1767 4195 πρὸς
1791 4125 1861 4178 τὰ

282 4204 390 4258 τῶν
435 4207 700 4275 γενναίων
747 4208 949 4262 τούτων
1001 4209 1401 4281 κατορθώματα
1449 4210 1748 4281 βλέπομεν·
1797 4212 1860 4265 ού

284 4291 437 4364 παρά
463 4296 741 4363 ποταμοὺς
771 4294 996 4360 ὑδάτων,
1025 4296 1159 4349 ἀλλὰ
1202 4297 1352 4368 παρὰ
1397 4301 1676 4370 ποταμοὺς
1703 4317 1860 4369 χαρι-

285 4380 506 4449 σμάτων
557 4381 915 4449 σκιρτῶντες·
971 4383 1032 4435 ού
1079 4384 1538 4450 κατακύπτοντες,
1583 4388 1676 4440 καὶ
1722 4388 1858 4441 πόαν

283 4468 558 4537 κείροντες
611 4472 722 4532 τοῖς
773 4470 1001 4536 ὀδοῦσιν,
1027 4471 1162 4527 ἀλλὰ
1194 4474 1483 4545 μαρτύρων
1503 4475 1703 4546 ἀρετὰς
1730 4477 1857 4529 ἀνα-

284 4555 599 4625 λεγόμενοι⁹
640 4557 762 4626 οὐχὶ
797 4557 901 4627 γῆν
925 4559 1158 4629 ὁρῶντες
1183 4560 1663 4633 καλλωπιζομένην
1704 4563 1858 4617 ἄνθε-

283 4659 403 4706 σιν,
451 4641 586 4696 ἀλλά
643 4643 868 4713 σώματα
928 4645 1212 4714 βλέποντες
1272 4650 1573 4719 χαρίσμασι
1625 4651 1857 4722 βρύοντα

280 4731 966 4800 πνευματικοῖς.”Εκαστον
1003 4733 1101 4804 μὲν
1130 4730 1220 4788 οὖν
1243 4735 1349 4788 τῶν
1378 4738 1689 4809 μαρτυρίων
1719 4755 1858 4808 παρ-

279 4817 393 4887 έχει
443 4820 556 4880 τοῖς
607 4817 1019 4890 συλλεγομένοις
1053 4821 1241 4892 κέρδος
1280 4823 1342 4876 ού
1373 4823 1585 4894 μικρὸν,
1624 4825 1855 4895 μάλιστα

275 4905 332 4958 δὲ
365 4906 620 4960 ἁπάντων
645 4906 836 4959 τοῦτο·
884 4907 1018 4978 ὁμοῦ
1054 4926 1113 4961 τε
1144 4911 1250 4982 γὰρ
1279 4911 1447 4983 ἐπέϐη
1478 4930 1560 4976 τις
1585 4913 1692 4966 τῶν
1725 4931 1854 4986 προ-

277 4993 482 5065 θύρων,
515 4995 609 5046 καὶ
644 4993 845 5064 πλῆθος
872 4995 1074 5059 εύθέως
1097 4997 1283 5066 τάφων
1320 5000 1652 5069 πανταχόθεν
1682 5019 1852 5073 προσ-

278 5083 468 5135 πίπτει
490 5085 602 5144 τοῖς
620 5081 935 5153 ὀφθαλμοῖς,
961 5086 1054 5136 καὶ
1074 5087 1207 5138 ὃπου
1235 5098 1339 5156 περ
1367 5087 1431 5140 ἂν
1455 5087 1559 5158 ἴδῃ,
1581 5087 1854 5158 λάρνακας

276 5171 368 5221 καὶ
418 5173 677 5240 μνήματα
721 5172 814 5224 καὶ
859 5172 1032 5242 θήκας
1058 5174 1160 5243 ὁρᾷ
1190 5173 1299 5225 τῶν
1323 5175 1744 5245 κατοιχομένων.
1777 5177 1852 5229 Ού

276 5258 472 5328 μικρὸν
495 5257 558 5328 δὴ
590 5260 721 5329 ἡμῖν
746 5260 824 5322 είς
857 5257 1005 5331 [689]
1036 5260 1350 5329 φιλοσοφίας
1383 5261 1544 5333 μέρος
1565 5261 1701 5332 αῦτη
1726 5279 1851 5314 συν-

271 5347 419 5400 τελεῖ
464 5347 568 5399 τῶν
612 5350 796 5416 τάφων
836 5351 868 5419 ἠ
915 5349 1140 5421 θεωρία.
1176 5349 1238 5402 Ἦ
1274 5350 1381 5419 γὰρ
1425 5349 1570 5420 ψυχὴ
1617 5349 1705 5402 διὰ
1751 5351 1848 5420 τῆς

272 5433 444 5501 ὕψεως
473 5434 696 5502 ταύτης,
732 5434 834 5488 κᾶν
868 5433 1200 5510 ῥᾴθυμος
1236 5439 1440 5506 ταχέως
1482 5437 1847 5502 συστέλλεται,

275 5523 375 5576 κᾶν
405 5524 664 5576 σπουδαία
694 5525 788 5575 καὶ
828 5525 1244 5595 διεγηγερμένη,
1285 5527 1672 5596 σπουδαιοτέρα
1705 5527 1852 5594 γίνε-

272 5624 386 5663 ται·
415 5609 517 5664 κᾶν
545 5609 880 5680 ἀποδύρηταί
905 5630 986 5677 τις
1015 5614 1222 5680 πενίαν,
1256 5615 1362 5668 ἀπὸ
1387 5614 1484 5686 τῆς
1516 5615 1686 5685 ὅψεως
1718 5613 1848 5666 ταύ·

1969 2559 2221 2628 τελευτῆς
2253 2559 2347 2628 τῆς
2383 2559 2574 2612 ἑαυτοῦ
2605 2560 2701 2611 καὶ
2736 2553 2946 2612 ἄκοντα
2969 2556 3278 2624 φιλοσοφεῖν
3305 2554 3546 2620 ἀναγκά-

1971 2644 2072 2709 ζει,
2108 2647 2200 2698 καὶ
2233 2645 2410 2697 πείθει
2448 2646 2613 2714 μηδὲν
2654 2645 2760 2697 τῶν
2801 2645 3084 2714 παρόντων
3129 2643 3368 2711 νομίζειν
3404 2637 3544 2693 εἶναι

1973 2731 2207 2800 βέϐαιον,
2243 2733 2316 2801 μὴ
2343 2731 2604 2802 λυπηρὸν,
2656 2731 2728 2802 μὴ
2777 2731 3045 2802 χρηστόν
3079 2728 3107 2778 ὁ
3137 2729 3191 2780 δὲ
3221 2727 3392 2780 ταῦτα
3433 2743 3548 2778 πει-

1971 2818 2116 2881 σθεὶς
2162 2820 2221 2870 ού
2274 2819 2467 2890 ῥᾳδίως
2512 2818 2776 2872 ἁλώσεται
2810 2821 2874 2888 τῇ
2906 2818 3004 2886 τῆς
3035 2817 3304 2885 ἁμαρτίας
3339 2813 3544 2880 παγίδι.

1970 2906 2068 2959 Διά
2092 2906 2248 2960 τοῦτο
2279 2908 2370 2959 καὶ
2399 2907 2559 2975 σοφός
2603 2923 2686 2968 τις
2732 2907 2987 2975 παραινεῖ
3019 2903 3190 2970 λέγων
3217 2921 3229 2933 ·
3273 2903 3367 2954 Ἐν
3394 2899 3544 2953 πᾶσι

1968 2992 2091 3057 τοῖς
2123 2995 2324 3061 λόγοις
2369 3009 2484 3045 σου
2526 2991 2870 3061 μιμνήσκου
2911 2989 2982 3043 τὰ
3011 2987 3241 3058 ἕσχατά
3277 3003 3412 3048 σου,
3444 2987 3544 3039 καί

1966 3083 2054 3146 είς
2085 3080 2192 3133 τὸν
2228 3080 2413 3133 αἰῶνα
2439 3079 2524 3149 μὴ
2551 3079 2813 3149 ἁμάρτῃς
2834 3096 2848 3108 ⁸
2888 3080 2982 3133 καί⁸
3008 3080 3194 3150 ἕτερος
3221 3077 3279 3128 δέ
3307 3093 3390 3137 τις
3421 3091 3546 3126 συν-

1967 3167 2078 3237 ῳδά
2123 3167 2296 3238 τούτῳ
2341 3167 2637 3237 φθέγγεται
2690 3165 3071 3236 συμϐουλεύων
3114 3163 3320 3226 οὕτως’
3363 3162 3555 3215 Ἑτοίοι

1961 3253 2106 3322 μαζε
2152 3259 2239 3320 εις
2283 3254 2400 3322 τὴν
2448 3253 2664 3318 ἔξοδον
2706 3252 2779 3305 τὰ
2822 3252 2964 3322 ἔργα
3021 3267 3172 3312 σου,
3220 3250 3318 3304 καὶ
3361 3264 3545 3316 παρα-

1967 3339 2258 3400 σκευάζου
2308 3340 2457 3408 πρὸς
2483 3340 2598 3407 τὴν
2631 3339 2806 3393 ὀδόν-⁸
2840 3341 2904 3392 οὐ
2958 3339 3086 3409 περὶ
3137 3341 3233 3408 τῆς
3281 3336 3558 3406 αίσθητῆς

1965 3425 2085 3479 ὁδοῦ
2133 3426 2532 3495 διαλεγόμενος,
2569 3425 2704 3479 ἀλλὰ
2750 3427 2878 3495 περὶ
2923 3426 3021 3496 τῆς
3057 3424 3305 3478 ἐντεῦθεν
3341 3422 3544 3483 ἀποδη-

1971 3513 2222 3582 μίας,“Αν
2257 3513 2365 3583 γὰρ
2394 3513 2656 3583 διηνεκῶς
2682 3512 2776 3566 καὶ
2810 3513 2930 3565 καθ’
2955 3514 3192 3582 ἑκάστην
3227 3511 3440 3580 ἡμέραν
3483 3510 3544 3560 τὸ

1966 3599 2066 3668 τῆς
2093 3600 2348 3670 τελευτῆς
2374 3599 2770 3672 προϐλέπωμεν
2798 3600 3013 3671 ἄδηλον,
3046 3599 3106 3651 οὗ
3128 3598 3338 3668 ταχέως
3362 3597 3541 3666 ἁμαρ-

1968 3685 2275 3756 τησόμεθαο
2313 3685 2438 3739 οὔτε
2468 3686 2577 3758 γὰρ
2609 3687 2676 3740 τά
2715 3687 2941 3759 λαμπρά
2978 3685 3072 3739 τοῦ
3116 3685 3230 3754 βίου
3277 3683 3555 3752 φυσῆσαιν

1968 3771 2092 3825 οὔτε
2118 3773 2189 3825 τὰ
2218 3771 2438 3843 λυπηρά
2467 3773 2712 3826 καθελεῖν
2746 3775 2894 3843 ἡμᾶς
2932 3774 3026 3826 καὶ
3053 3771 3352 3842 θορυϐῆσαι
3381 3768 3544 3837 δυνή-

1971 3875 2120 3913 σεται
2148 3859 2337 3928 ἄδηλον
2366 3860 2603 3930 ἑκάτερα
2627 3860 2685 3912 τὸ
2717 3861 2866 3923 τέλος
2888 3860 3098 3930 ἔχοντα.
3131 3859 3241 3911 Καὶ
3273 3857 3382 3928 γὰρ
3409 3855 3540 3907 πολ-

1967 3945 2122 4008 λάκις
2147 3947 2175 3998 ὁ
2201 3947 2441 4016 σήμερον
2471 3945 2582 4009 ζῶν
2619 3947 2740 3998 οὐδὲ
2780 3947 2943 4017 μέχρι
2970 3945 3068 4014 τῆς
3095 3945 3333 4014 ἑσπέρας
3365 3941 3536 4012 μένει.

1971 4033 2156 4085 Ἔνδον
2182 4033 2280 4103 μὲν
2303 4031 2394 4085 οῦν
2419 4035 2477 4085 ἐν
2498 4036 2566 4103 τῇ
2598 4033 2750 4086 πόλει
2777 4032 3214 4103 ἐνδιατρίϐοντας
3241 4031 3301 4083 οὐ
3334 4028 3549 4099 σφόδρα

1966 4122 2110 4184 εἰκὸς
2134 4124 2202 4175 τὰ
2229 4123 2453 4176 τοιαῦτα
2479 4123 2708 4193 μελετᾷν
2737 4121 2832 4174 καὶ⁵
2853 4121 3160 4189 φιλοσοφεῖν
3177 4136 3192 4149 ο
3224 4116 3542 4182 ἐξελθόντας

1964 4209 2069 4275 ἔξω
2098 4211 2312 4281 τειχῶν,
2337 4213 2430 4265 καὶ
2463 4212 2598 4283 πρὸς
2625 4212 2752 4273 τοὺς
2780 4211 2984 4279 τάφους
3012 4209 3233 4271 τούτους
3256 4205 3540 4268 ἐλθόντας,

1964 4298 2059 4350 καὶ
2121 4298 2180 4350 τὸ
2247 4298 2448 4368 πλῆθος
2502 4298 2611 4351 τῶν
2665 4297 3067 4367 κατοιχομένων
3131 4293 3536 4363 θεασαμένους,

1963 4387 2173 4458 ἀνάγκη
2240 4389 2387 4440 πᾶσα
2433 4387 2524 4440 καὶ
2555 4387 2774 4450 ἑκόντας
2805 4387 2899 4438 καὶ
2924 4386 3155 4447 ἄκοντας
3181 4382 3401 4444 τούτους
3427 4379 3552 4434 ἀπδο

1963 4476 2060 4545 τῆς
2085 4476 2256 4545 ὅψεως
2282 4475 2534 4540 δέξασθαι
2563 4476 2688 4538 τοὺς
2724 4475 3038 4544 λογισμοὺς,
3077 4473 3171 4525 καὶ
3209 4470 3533 4540 δεξαμένους

1965 4563 2323 4634 ὑψηλοτέρους
2354 4563 2623 4630 γενέσθαι,
2649 4563 2742 4614 καὶ
2765 4561 2860 4630 τῆς
2889 4561 3023 4631 πρὸς
3045 4559 3110 4612 τὰ
3137 4557 3365 4629 βιωτικὰ
3395 4557 3534 4626 πρά..

1961 4666 2145 4720 γματα
2193 4648 2534 4719 συμπαθείας
2568 4647 2969 4717 ἀπαλλαγῆναι.
3010 4647 3084 4698 υύ
3116 4646 3273 4716 μόνον
3303 4645 3359 4697 δὲ
3391 4643 3546 4712 λογιου

1964 4740 2131 4808 σμοῦς
2159 4737 2430 4810 τοιούτους
2452 4737 2733 4807 δεξόμεθα,
2762 4736 2896 4789 ἀλλά
2923 4736 3017 4788 καὶ
3042 4735 3174 4803 πρὸς
3197 4734 3295 4804 τὴν
3318 4730 3549 4784 αἰώνιον-

1961 4824 2116 4895 ἡμῶν
2144 4825 2374 4896 πατρίδα
2400 4824 2648 4877 σπεύδειν
2673 4824 2765 4876 καὶ
2793 4820 3306 4894 παρασκευάζεσθαι
3327 4815 3530 4888 ἀρκοῦ-

1963 4927 2059 4963 σαν
2090 4911 2432 4980 παράκλησιν
2464 4910 2677 4978 ἕξομεν,
2717 4911 2812 4962 καὶ
2842 4911 3019 4963 πάντα
3048 4909 3181 4979 πρὸς
3214 4907 3312 4976 τὴν
3337 4904 3538 4976 ἀποδηο

1965 4999 2092 5068 μίαν
2114 4999 2212 5069 τὴν
2235 4999 2351 5050 ἐκεῖ
2371 4997 2435 5050 τὰ
2459 4997 2579 5050 καθ’
2602 4999 2747 5068 ἡμᾶς
2769 4995 3130 5067 εὐτρεπίζειν,
3163 4995 3370 5057 εἰδότας
3394 4995 3540 5066 ὅπερ·

1960 5087 2025 5141 ἂν
2071 5087 2304 5140 ἐνταῦθα
2355 5086 2462 5139 τῶν
2511 5087 2799 5156 ἡμετέρων
2848 5087 3264 5154 καταλίπωμεν,
3327 5083 3534 5152 ζημίαν

1961 5177 2088 5246 ἡμῖν
2134 5175 2302 5227 οἴσειν
2349 5173 2726 5242 καταλειφθέν.
2772 5173 3039 5244 Καθάπερ
3091 5172 3202 5243 γὰρ
3252 5171 3531 5241 ὁδοιπόρος

1964 5265 2177 5336 μακρὰν
2203 5264 2400 5316 ὁδεύων
2427 5263 2543 5316 ὁδὸν
2571 5262 2661 5316 καὶ
2696 5263 2831 5331 πρὸς
2861 5263 2957 5332 τὴν
2989 5261 3222 5332 πατρίδα
3247 5259 3532 5325 ἐπειγόμε-

1956 5368 2044 5413 νος
2069 5351 2164 5422 τὴν
2195 5351 2407 5414 ἑαυτοῦ,
2439 5350 2576 5420 ὅπερ
2618 5350 2685 5403 ἂν
2712 5351 2771 5402 ὲν
2803 5349 2879 5418 τῷ
2908 5348 3206 5417 πανδοχείῳ
3233 5343 3528 5413 καταλίπῃ,

1953 5439 2169 5501 πάντως
2199 5436 2466 5499 ἀπώλεσε,
2494 5438 2589 5489 καὶ⁸
2622 5437 2950 5508 ὲζημίωται·
2983 5435 3125 5488 οὕτω
3156 5434 3220 5504 δὴ
3252 5433 3345 5485 καὶ
3367 5433 3541 5501 ἡμεῖς

1951 5529 2050 5580 ὃσα
2075 5527 2304 5580 ἐνταῦθα
2334 5527 2442 5580 τῶν
2471 5527 2756 5596 ἡμετέρων
2779 5527 3009 5595 ἀφέντες
3034 5523 3377 5592 ἀπέλθωμεν,
3399 5521 3532 5586 ἐζη-

1959 5613 2212 5685 μιώμεθα
2242 5615 2451 5668 πάνταο
2488 5612 2569 5665 διὸ
2596 5613 2698 5684 χρὴ
2735 5612 2804 5665 τὰ
2834 5612 2932 5682 μὲν
2963 5611 3081 5680 μεθ’
3103 5607 3331 5672 ἑαυτῶν,
3367 5607 3441 5661 τὰ
3480 5607 3547 5664 δε
