4080 6198
485 204 591 262 685

480 320 588 391 πρὸ
630 318 837 371 ἐαυτῶν
884 318 1276 389 παραπέμπειν
1308 321 1444 375 ἐκεῖ.
1461 320 1609 382 Ὁδὸς
1637 320 1743 390 γὰρ
1783 323 1812 374 ό
1856 321 2044 392 παρὼν

482 409 594 480 βίος
625 409 762 472 ἐστὶ,
803 410 895 462 καὶ
921 409 1073 463 οὐδὲν
1107 410 1366 480 στάσιμον
1394 409 1526 479 ἔχει,
1563 410 1698 463 ἀλλά
1726 412 1820 463 καὶ
1853 416 1920 464 τά
1951 411 2045 464 λυ-

477 499 630 570 πηρά
674 498 837 552 αὐτοῦ
885 499 979 554 καὶ
1027 499 1094 552 τά
1143 499 1353 570 χρηστά
1405 499 1796 572 παροδεύομεν.
1849 501 1948 554 Διά
1980 501 2044 572 δὴ

475 593 633 646 τοῦτο
660 593 893 662 μάλιστα
915 592 1130 646 πάντων
1155 593 1303 645 τουτὶ⁵
1336 587 1475 660 φιλῶ
1505 593 1564 645 τὸ
1591 593 1810 664 χωρίον,
1841 594 1921 646 ὅτι
1947 593 2044 646 οὐκ

479 684 538 736 ἐν
570 684 784 750 συνάξει
821 685 1000 754 μόνον,
1031 683 1166 738 ἀλλά
1186 684 1280 738 καὶ
1303 683 1572 748 συνάξεως
1595 684 1761 754 χωρὶς
1790 684 2047 746 πολλάκις

479 773 712 828 ἐνταῦθα
761 773 1189 844 ἀφικνούμενος,
1234 773 1438 827 τούτων
1487 774 1726 844 συνεχῶς
1769 774 2047 846 ἐμνήσθην

475 865 583 917 τῶν
614 865 807 934 λόγων,
832 866 939 918 τῶν
961 866 1250 936 ὀφθαλμῶν
1287 885 1386 938 μου
1419 868 1544 931 τοὺς
1571 867 1776 936 τάφους
1819 868 1878 919 ἐν
1916 868 2046 938 ἐρη-

478 957 574 1029 μίᾳ
622 960 790 1031 πολλῇ
842 961 960 1030 μεθ’
989 962 1219 1032 ἡσυχίας
1261 961 1756 1029 περισκοπούντων,
1804 961 1899 1015 καὶ⁸
1947 962 2046 1034 τὴν

471 1047 650 1118 ψυχὴν
693 1051 828 1114 πρὸς
859 1050 987 1115 τοὺς
1029 1053 1446 1123 κατοιχομένους
1481 1053 1573 1105 καὶ
1595 1053 1692 1123 τὴν
1723 1053 1840 1105 ἐκεῖ
1870 1069 2047 1122 παρα-

475 1139 800 1204 πεμπόντων
829 1141 1181 1196 κατάστασιν.

548 1335 698 1408 [690]
831 1337 926 1392 Διά
953 1339 1015 1410 δὴ
1034 1340 1204 1396 ταῦτα
1229 1343 1320 1396 καὶ
1339 1342 1430 1396 τὸν
1452 1346 1696 1411 γενναῖον
1720 1343 1905 1397 τοῦτον
1923 1343 2046 1397 θαυ-

478 1425 635 1494 μάξω
665 1427 890 1495 πατέρα,
923 1429 1008 1480 ὅτι
1041 1430 1280 1500 γαληνῆς
1309 1432 1518 1502 ἡμέρας
1546 1432 1932 1501 ἐπιλαϐόμενος
1961 1435 2046 1485 ἐν-

472 1510 646 1564 ταῦθα
679 1513 823 1583 ἡμᾶς
856 1513 1120 1584 ἐξήγαγε,
1163 1518 1573 1588 προηγουμένης
1603 1518 1661 1570 δὲ
1699 1520 1793 1572 καὶ
1822 1518 2045 1588 ὁδηγού-

475 1613 575 1666 σης
615 1599 714 1668 τῆς
745 1602 1017 1670 μακαρίας
1059 1604 1310 1672 Δροσίδος
1333 1644 1348 1668 ,
1386 1599 1453 1676 ἧς
1482 1603 1578 1675 τὴν
1613 1605 1832 1676 μνήμην
1857 1607 2038 1657 ἐπιτεο

471 1684 691 1757 λοῦμεν.
715 1687 819 1741 Καὶ
838 1691 945 1760 γάρ
965 1691 1099 1761 πρὸς
1123 1695 1234 1757 τοῖς
1249 1694 1556 1764 εἰρημένοις
1576 1695 1760 1765 ἔτερόν
1781 1713 1834 1748 τι
1860 1696 2043 1766 μεῖζον

471 1774 578 1827 ἀπὸ
603 1773 696 1827 τοῦ
727 1777 887 1830 τόπου
916 1779 1103 1848 κέρδος
1131 1780 1247 1832 ἐστὶ
1278 1779 1694 1852 καρπώσασθαι.
1734 1783 1901 1836 Ὅταν
1934 1783 2043 1855 γάρ

471 1862 570 1926 τάς
614 1863 776 1928 ἄλλας
817 1867 1263 1939 παραδραμόντες
1315 1868 1590 1940 λάρνακας
1639 1871 1732 1924 ἐπὶ
1783 1872 1881 1934 τάς
1935 1872 2042 1925 τῶν

475 1954 766 2025 μαρτύρων
795 1957 965 2027 θήκας
999 1957 1259 2028 ἔλθωμεν,
1298 1959 1627 2032 ὑψηλότερον
1657 1962 1791 2031 ἡμῖν
1817 1962 1879 2014 τὸ
1905 1962 2041 2034 φρό-

469 2062 618 2116 νημα
662 2047 903 2116 γίνεται,
939 2050 1272 2122 εὐτονωτέρα
1308 2055 1341 2124 ἡ
1382 2052 1560 2124 ψυχὴ,
1599 2053 1797 2124 μείζων
1831 2055 1864 2124 ἡ
1913 2071 2045 2124 προ-

473 2137 661 2207 θυμία,
692 2138 994 2211 θερμοτέρα
1023 2142 1055 2212 ἡ
1083 2142 1285 2205 πίστις.

553 2316 802 2369 Ἐπειδὰν
829 2312 922 2370 οὖν
947 2318 1073 2382 τοὺς
1105 2319 1298 2382 πόνους
1327 2321 1420 2374 καὶ
1445 2323 1570 2387 τοὺς
1597 2323 1814 2392 ἀγῶνας
1853 2326 1947 2379 καὶ
1973 2325 2042 2380 τά

468 2407 675 2460 ἔπαθλα
700 2409 793 2462 καὶ
809 2409 877 2463 τά
901 2408 1130 2481 βραϐεῖα
1159 2412 1395 2473 καὶτοὺς
1418 2415 1716 2484 στεφάνους
1737 2415 1847 2470 τῶν
1871 2417 2041 2484 ἁγίων

468 2499 919 2570 ἀναλογισώμεθα
950 2501 1153 2555 τούτων
1176 2541 1192 2566 ,
1229 2504 1390 2560 πάλιν
1427 2505 1621 2573 ἑτέραν
1653 2506 1873 2577 μείζονα
1905 2507 2040 2576 πρό-

469 2608 632 2658 φασιν
659 2593 1154 2665 ταπεινοφροσύνης
1178 2596 1523 2668 εὑρίσκομεν.
1555 2597 1672 2651 Κᾶν
1698 2599 1806 2672 γάρ
1832 2598 2040 2670 μεγάλα

467 2699 549 2746 τις
646 2684 1045 2755 κατωρθωκὼς,
1081 2687 1233 2740 οὐδὲν
1267 2689 1532 2760 ἡγήσεται
1565 2690 1706 2760 μέγα
1739 2691 2040 2762 πεποιηκέ-

465 2791 590 2839 ναι,
629 2776 795 2828 αὐτοῦ
827 2775 923 2847 τὴν
963 2778 1161 2849 ἀρετὴν
1205 2782 1319 2842 τοῖς
1377 2781 1599 2835 ἐκείνων
1649 2781 1987 2852 παλαίσμασι
2022 2801 2033 2812 ·

467 2865 568 2916 κᾶν
619 2865 785 2936 μηδὲν
927 2867 1070 2936 μέγα
1112 2869 1204 2921 καὶ
1252 2869 1455 2936 ἀγαθὸν
1504 2871 1882 2942 εἰργασμένος,
1939 2873 2038 2926 οὐκ

466 2955 842 3024 άπογνώσεται
867 2959 964 3028 τῆς
991 2959 1185 3013 ἑαυτοῦ
1220 2960 1512 3031 σωτηρίας,
1548 2961 1684 3032 πρὸς
1711 2962 1910 3032 ἀρετῆς
1940 2979 2038 3032 με·

466 3050 697 3120 ταϐολὴν
723 3050 830 3103 ἀπὸ
848 3051 946 3120 τῆς
971 3051 1215 3122 ἀνδρείας
1237 3051 1440 3105 τούτων
1470 3052 1647 3106 λαϐὼν
1672 3053 2035 3125 παράκλησιν,

466 3140 561 3193 κα)⁸
593 3141 728 3210 πρὸς
755 3143 944 3195 ἐαυτὸν
975 3145 1252 3214 ἐννοήσας,
1286 3145 1366 3197 ὅτι
1402 3143 1740 3215 συμϐήσεταί
1775 3163 1904 3198 ποτε
1944 3146 2038 3198 καὶ

466 3232 628 3284 αὐτὸν
659 3233 787 3294 ἴσως
813 3233 910 3302 τῆς
936 3235 1027 3287 τοῦ
1058 3235 1191 3288 Θεοῦ
1223 3236 1628 3304 φιλανθρωπίας
1657 3235 2034 3306 καταξιούσης,

464 3321 689 3376 τοιαῦτα
715 3323 968 3376 ἅλλεσθαι
993 3325 1230 3394 ἅλματα,
1255 3327 1349 3379 καὶ
1375 3326 1569 3396 ἀθρόον
1599 3327 1735 3394 πρὸς
1762 3327 1851 3380 τὸν
1883 3330 2039 3400 οὐρα-

465 3413 556 3465 νδν
589 3414 874 3485 ἀναϐῆναι,
909 3417 1002 3468 καὶ
1033 3417 1131 3486 τῆς
1173 3418 1436 3488 μεγίστης
1467 3417 1682 3488 ἐκείνης
1727 3420 2038 3489 παρρησίας

463 3505 764 3576 ἐπιτυχεῖνο
798 3507 892 3559 καὶ
927 3506 1100 3560 ταίτα
1127 3509 1221 3561 καὶ
1254 3508 1413 3578 ἕτερα
1442 3508 1620 3578 πολλῷ
1653 3507 1873 3562 πλείονα
1915 3508 2036 3561 τού·-

461 3613 572 3650 των
618 3595 865 3650 ἐντεῦθεν
902 3597 1016 3652 ἔστι
1065 3599 1528 3670 φιλοσοφήσαντας
1573 3598 1846 3652 ἀπελθεῖν.
1883 3601 2039 3669 Μαρ-

462 3685 640 3756 τύρων
668 3687 776 3759 γάρ
820 3687 1068 3752 θάνατος,
1100 3690 1305 3742 πιστῶν
1347 3691 1462 3741 ἐστι
1505 3688 1864 3760 παράκλησις,
1915 3689 2039 3742 Ἐκ-

463 3779 702 3850 κλησιῶν
725 3782 1024 3852 παρρησία,
1053 3781 1479 3854 Χριστιανισμοῦ
1507 3780 1782 3847 σύστασις,
1806 3782 2034 3836 Θανάτου

463 3871 786 3937 κατάλυσις,
822 3873 1171 3936 ἀναστάσεως
1199 3873 1471 3937 ἀπόδειξις
1490 3913 1504 3936 ,
1533 3872 1801 3943 δαιμόνων
1843 3873 2032 3941 γέλως,

459 3961 708 4016 διαϐόλου
733 3964 1052 4036 κατηγορία,
1075 3965 1390 4034 φιλοσοφίας
1410 3965 1748 4026 διδασκαλία,
1780 3965 2036 4036 παραίνε-

464 4071 547 4117 σις
584 4053 686 4125 τῆς
723 4056 1023 4126 ὑπεροψίας
1057 4056 1167 4108 τῶν
1198 4056 1481 4126 παρόντων
1516 4058 1856 4128 πραγμάτων
1877 4097 1892 4120 ,
1941 4057 2036 4110 καὶ

462 4146 562 4214 τῆς
592 4147 699 4199 τῶν
734 4147 1031 4216 μελλόντων
1064 4147 1356 4218 ἐπιθυμίας
1386 4147 1522 4212 ὁδὸς,
1565 4147 1886 4218 παραμυθία
1927 4147 2035 4202 τῶν

462 4239 797 4308 κατεχόντων
841 4241 988 4310 ἡμᾶς
1038 4240 1247 4306 δεινῶν,
1289 4243 1384 4294 καὶ¹
1427 4241 1702 4310 ὑπομονῆς
1739 4241 2032 4313 πρόφασις,

463 4329 755 4399 καρτερίας
793 4331 1034 4402 ἀφορμὴ,
1071 4333 1164 4385 καὶ
1215 4334 1433 4387 πάντων
1467 4333 1574 4386 τῶν
1625 4331 1842 4400 ἀγαθῶν
1888 4331 2032 4404 ῥίζα,

461 4421 554 4473 καὶ
584 4420 753 4491 πηγὴ,
789 4423 881 4474 καί
917 4424 1098 4495 μήτηρ
1122 4439 1135 4453 ⁸
1168 4425 1261 4478 καὶ
1303 4426 1350 4476 εί
1382 4424 1633 4494 βούλεσθε
1665 4424 1868 4478 τούτων
1901 4425 2034 4478 ἕκα-

460 4527 584 4563 στον
622 4511 996 4582 ἀποδείξομεν,
1026 4517 1117 4568 καὶ
1148 4516 1380 4587 ἐροῦμεν
1407 4518 1525 4580 πῶς
1549 4519 1662 4570 ἐστι
1697 4517 1900 4570 πιστῶν
1932 4535 2034 4570 πα·-

463 4598 743 4668 ράκλησις,
793 4600 1125 4670 Ἐκκλησιῶν
1162 4604 1464 4676 παρρησία,
1511 4607 1856 4670 ἀναστάσεως
1893 4608 2031 4660 ἀπό-

456 4687 640 4753 δειξις,
670 4691 762 4743 καὶ
789 4693 855 4746 τά
888 4693 1050 4748 λοιπά
1077 4696 1310 4759 ἅπαντα,
1347 4697 1490 4768 άπερ
1521 4696 1672 4751 εἷπον
1713 4701 1827 4756 νῦν.
1867 4702 2032 4755 Ὅταν

456 4777 549 4835 οὖν
582 4783 718 4854 πρὸς
751 4784 1018 4855 ’Έλληνας
1049 4787 1179 4857 ἡμῖν
1207 4787 1414 4854 ἀγῶνες
1444 4788 1698 4842 κινῶνται
1732 4791 1825 4844 καὶ
1862 4792 2030 4862 μάχαι

463 4876 588 4943 περὶ
615 4875 930 4945 δογμάτων,
964 4879 1058 4930 καὶ
1101 4877 1458 4932 διαϐάλλωσιν
1506 4881 1661 4952 ἡμῶν
1701 4882 1797 4952 τὴν
1827 4884 2028 4946 πίστιν,

461 4967 598 5038 μετά
630 4967 738 5019 τῶν
769 4968 943 5022 ἄλλων
971 4971 1064 5024 καὶ
1092 4971 1247 5023 τοῦτο
1272 4971 1702 5044 προϐαλλώμεθα
1733 4976 1865 5047 πρὸς
1891 4979 2032 5031 ἐκεί-

456 5075 596 5122 νους,
626 5059 734 5111 τῶν
767 5061 1060 5131 μαρτύρων
1089 5062 1230 5132 φημὶ
1256 5063 1344 5116 τὸν
1369 5063 1614 5133 θάνατον,
1641 5066 1908 5135 λέγοντες·
1936 5070 2031 5134 Τίς

452 5151 675 5216 τούτους
713 5151 897 5206 ἔπεισε
933 5155 1034 5224 τῆς
1077 5157 1358 5228 παρούσης
1393 5161 1804 5228 καταφρονῆσαι
1847 5161 2027 5231 ζωῆςς

454 5243 514 5294 Εἰ
545 5243 654 5315 γὰρ
681 5245 948 5298 ἀπέθανεν
987 5248 1016 5298 ὁ
1049 5247 1284 5317 Χριστὸς
1311 5249 1406 5300 καὶ
1442 5251 1542 5302 οὐκ
1580 5250 1799 5321 ἀνέστη,
1835 5253 1919 5314 τίς
1962 5254 2030 5306 τά

453 5331 595 5403 ὑπὲρ
632 5333 795 5402 φύσιν
835 5334 1006 5390 ταῦτα
1038 5336 1434 5407 κατώρθωσεν;
1483 5342 1604 5393 Ὀτι
1651 5341 1760 5413 γὰρ
1805 5343 1904 5396 οὐκ
1937 5345 2030 5398 άν-

453 5423 732 5496 θρωπίνης
761 5427 1042 5497 δυνάμεως
1086 5429 1351 5499 μυριάδας
1383 5431 1650 5495 τοσαύτας
1677 5434 1742 5486 ἐκ
1773 5435 2027 5490 τοσούτου

452 5514 644 5584 χρόνου
683 5518 784 5570 οὐκ
828 5518 1036 5590 ἀνδρῶν
1081 5519 1272 5589 μόνον,
1310 5518 1445 5574 ἀλλά
1483 5522 1576 5573 καὶ
1619 5524 1892 5590 γυναικῶν
1938 5529 2028 5580 καὶ

453 5600 734 5672 παρθένων
769 5612 1160 5682 ἀπειρογάμων
1190 5613 1283 5667 καὶ
1313 5612 1538 5669 παιδίων
1571 5616 1782 5686 μικρῶν
1825 5619 2027 5674 πείθειν

1170 207 1226 264 S.
1267 207 1550 265 JOANNIS
1592 208 2080 266 CHRYSOSTOMI
2127 211 2441 266 ARCHIEI’.
2485 210 3022 267 CONSTANTINOP.

3617 210 3727 266 686

2157 325 2429 395 ὑπερορᾶν
2469 323 2569 392 τῆς
2609 323 2891 393 παρούσης
2921 319 3085 391 ζωῆς,
3119 322 3210 377 καὶ
3247 319 3586 390 κατατολμᾷν
3627 323 3730 392 θη-

2157 411 2284 480 ρίων
2303 452 2318 474 ,
2347 412 2649 481 καταγελᾷν
2693 411 2884 480 πυρὸς,
2919 411 3254 463 καταπατεῖν
3283 409 3428 460 ἅπαν
3461 405 3597 471 εἶδος
3626 426 3727 462 κο-

2153 501 2358 563 λάσεως
2387 502 2478 554 καὶ
2506 500 2772 571 τιμωρίας
2791 537 2806 560 ,
2840 500 2935 552 καὶ
2965 499 3099 570 πρὸς
3123 498 3223 568 τὴν
3246 559 3248 561 ς
3258 498 3552 568 μέλλουσαν
3575 499 3732 551 ἐπεί-

2152 591 2342 658 γεσθαι
2367 591 2510 663 ζωὴν
2530 631 2545 655 ,
2569 592 2688 644 οὐδέ
2712 591 2819 644 τῶν
2842 591 3126 661 ἡμετέρων
3151 590 3387 659 ἐλέγχων
3416 589 3726 658 δεήσονται,

2152 683 2263 735 ἀλλ’
2293 685 2520 747 ἑαυτοὺς
2545 682 2814 754 ἐροῦνται,
2843 682 2936 735 καὶ
2956 682 3146 751 ἱκανὴν
3172 680 3445 746 ἀπόδειξιν
3464 679 3730 750 λήψονται

2152 771 2260 824 τῶν
2293 771 2618 841 λεγομένων.
2665 764 2846 836 Ἑξοῦ
2886 771 2993 842 γάρ
3034 772 3062 824 ό
3105 770 3336 840 Χριστὸς
3369 770 3726 840 παρεγένετο,

2151 861 2406 928 γεγόνασι
2442 861 2541 931 μὲν
2573 862 2791 915 ἄπιστοι
2827 861 3082 931 βασιλεῖς,
3124 861 3378 929 γεγόνασι
3408 861 3465 912 δέ
3494 859 3588 913 καὶ
3623 877 3726 912 πι-

2153 950 2290 1014 στοὶ,
2320 950 2458 1003 ἀλλά
2479 951 2588 1004 τῶν
2619 951 2719 1020 μὲν
2746 952 2989 1004 ἀπίστων
3013 952 3063 1003 οί
3091 950 3304 1014 πλείους
3328 953 3418 1003 ἐπὶ
3447 950 3722 1022 βάραθρα,

2151 1040 2246 1094 καὶ
2279 1042 2478 1112 πυράς,
2525 1043 2618 1094 καὶ
2658 1041 2809 1114 [691]
2857 1044 3153 1112 κρημνοὺς,
3203 1043 3297 1096 καὶ
3344 1043 3577 1113 πελάγη,
3627 1045 3726 1096 καὶ

2153 1132 2354 1202 θηρίων
2386 1133 2602 1201 μανίαν,
2630 1135 2724 1186 καὶ
2751 1134 3118 1206 πολυτρόπους
3139 1135 3407 1200 κολάσεις,
3432 1139 3524 1190 καὶ
3548 1155 3727 1206 τιμω-

2151 1223 2273 1292 ρίας
2326 1224 2450 1284 τοὺς
2499 1225 2721 1288 πιστοὺς
2761 1220 2914 1295 ἦγον,
2963 1228 3126 1280 παντὶ
3165 1228 3351 1298 τρόπῳ
3393 1229 3491 1298 τὴν
3534 1230 3724 1281 πίστιν

2150 1313 2608 1383 ἀναμοχλεύοντες
2652 1316 2751 1386 τῆς
2783 1317 3008 1370 ἐκείνων
3033 1317 3247 1387 ψυχῆς,
3279 1320 3371 1372 καὶ⁸
3399 1320 3552 1372 οὐδὲν
3584 1322 3722 1390 ἡνυ-

2152 1420 2272 1466 σαν,
2323 1405 2458 1457 άλλά
2489 1407 2983 1474 καταγελασθέντες
3031 1409 3288 1479 ἀπῆλθον,
3321 1411 3429 1462 τῶν
3477 1411 3576 1480 μὲν
3626 1430 3725 1465 πι-

2152 1495 2446 1548 στευόντων
2485 1497 2648 1548 παντὶ
2691 1497 2878 1569 τρόπῳ
2925 1500 3274 1569 κοπτομένων
3298 1541 3314 1564 ,
3349 1502 3446 1566 τῆς
3480 1503 3724 1565 πίστεως

2148 1583 2205 1636 δὲ
2238 1584 2540 1657 αὐξομένης
2575 1587 2856 1656 μειζόνως.
2886 1589 3127 1660 Εὐσεϐὴς
3161 1589 3218 1642 δὲ
3254 1591 3504 1660 βασιλεὺς
3543 1593 3725 1655 οὐδεὶς

2148 1673 2403 1727 οὐδέποτε
2447 1677 2617 1748 ἄνδρα
2650 1678 2876 1731 ἄπιστον
2918 1679 3142 1732 κολάσαι
3177 1679 3270 1732 καὶ
3297 1681 3725 1751 τιμωρήσασθαι

2149 1766 2340 1831 εἵλετο,
2374 1770 2800 1838 καταναγκάζων
2832 1773 3132 1842 ἀποστῆναι
3159 1774 3256 1843 τῆς
3290 1774 3520 1844 πλάνης.
3576 1776 3725 1828 Ἀλλ’

2148 1855 2297 1925 ὅμως
2322 1859 2418 1910 καὶ
2442 1858 2615 1923 οὕτως
2644 1863 2962 1932 αὐτομάτως
2991 1865 3254 1935 καταρρεῖ
3281 1867 3374 1918 καὶ
3398 1864 3724 1932 ἀπόλλυται,

2150 1947 2235 2000 ἵνα
2264 1945 2441 2020 μάθῃς
2466 1953 2560 2004 καὶ
2587 1953 2685 2021 τῆς
2715 1952 2968 2022 ἀληθείας
2997 1955 3095 2027 τὴν
3136 1957 3304 2025 ἰσχὺν,
3349 1957 3442 2009 καὶ
3469 1957 3562 2010 τοῦ
3590 1958 3730 2026 ψεύ-

2150 2038 2273 2101 δους
2309 2039 2407 2110 τὴν
2433 2040 2736 2108 ἀσθένειαν,
2768 2044 2862 2097 τοῦ
2903 2046 3002 2115 μὲν
3024 2047 3342 2117 αὐτομάτως
3370 2049 3464 2100 καὶ
3491 2050 3726 2119 μηδενὸς

2150 2127 2490 2204 ἐνοχλᾳῦντος
2518 2132 2914 2205 ἀπολλυμένου,
2942 2136 3040 2206 τῆς
3071 2136 3126 2189 δέ
3151 2137 3239 2190 διὰ
3265 2137 3373 2190 τῶν
3403 2139 3726 2192 κωλυόντων

2149 2219 2453 2293 αὐξομένης
2492 2225 2583 2276 καὶ
2612 2227 2748 2296 πρὸς
2778 2227 2912 2296 ὕψος
2956 2229 3250 2299 αἰρομένης
3286 2230 3489 2297 ἄφατον
3513 2246 3528 2260 ο
3561 2229 3622 2281 τὸ
3664 2229 3725 2282 δι

2148 2311 2320 2365 αίτιον
2342 2355 2357 2380 ,
2391 2316 2473 2368 ὅτι
2508 2318 2603 2370 καὶ
2641 2318 2705 2389 ζῇ
2741 2320 2835 2372 καὶ
2869 2321 3081 2390 ἐνεργεῖ
3116 2323 3236 2381 ταῖς
3270 2321 3378 2372 τῶν
3427 2320 3725 2390 μαρτύρων

2147 2405 2341 2474 ψυχαῖς
2371 2407 2399 2458 ὀ
2437 2407 2688 2478 Χριστός.
2729 2409 2896 2462 Ὅταν
2941 2406 3034 2463 οὖν
3064 2410 3314 2478 λέγωσιν,
3353 2411 3431 2462 ὅτι
3476 2411 3578 2462 οὐκ
3626 2412 3728 2462 άν-

2147 2496 2299 2568 έστη,
2326 2497 2498 2552 ταῦτα
2513 2500 2709 2564 αὐτοὺς
2732 2500 3044 2571 ἐρωτῶμενο
3071 2502 3179 2553 Καὶ
3207 2501 3290 2562 τίς
3316 2499 3488 2553 ταῦτα
3514 2500 3729 2571 κατώρ-

2147 2586 2353 2654 θωσεν;
2379 2593 2406 2643 ό
2429 2592 2642 2660 νεκρὸς,
2671 2592 2790 2645 είπέ
2827 2610 2953 2664 μοις
2995 2592 3152 2645 Ἀλλά
3182 2593 3423 2646 τοσοῦτοι
3462 2593 3729 2662 γεγόνασι

2145 2681 2348 2750 νεκροὶ,
2390 2683 2484 2736 καὶ
2521 2683 2700 2746 οὐδεὶς
2731 2683 2954 2738 τοιαῦτα
2990 2685 3302 2755 εἰργάσατο.
3347 2684 3506 2737 Ἀλλά
3545 2685 3729 2753 μάγος

2145 2773 2239 2825 καὶ
2259 2774 2389 2845 γόης
2410 2769 2477 2844 ἦν
2503 2790 2517 2838 ;
2549 2775 2707 2828 Ἀλλά
2733 2775 2916 2829 πολλοὶ
2948 2777 3040 2829 καὶ
3073 2777 3234 2848 μάγοι
3276 2778 3369 2830 καὶ
3400 2777 3598 2846 γόητες
3626 2779 3730 2832 καὶ

2146 2863 2336 2917 πλάνοι
2361 2865 2703 2935 γεγένηνται,
2724 2867 2816 2918 καὶ
2846 2868 3046 2927 πάντες
3066 2867 3396 2938 σεσίγηνται,
3415 2868 3509 2918 καὶ¹
3532 2865 3731 2934 λείψα-

2144 2972 2233 3008 νον
2258 2954 2435 3008 αὐτῶν
2465 2957 2564 3008 οὐκ
2593 2955 2738 3009 ἐστιν
2762 2956 3020 3027 οὐδαμοῦ,
3050 2957 3182 3010 ἀλλά
3213 2956 3623 3026 συναπεσϐἐσθη
3655 2960 3726 3028 τῇ

2146 3045 2257 3117 ζωῇ
2281 3047 2375 3099 καὶ
2400 3045 2468 3098 τά
2489 3047 2586 3116 τῆς
2611 3047 2946 3116 μαγγανείας
2969 3047 3169 3110 αὐτοῖς’
3194 3046 3260 3099 τά
3289 3047 3344 3098 δὲ
3364 3044 3458 3098 τοῦ
3480 3045 3728 3116 Χριστοῦ

2146 3136 2266 3189 καθ’
2292 3137 2529 3207 ἑκάστην
2552 3137 2772 3201 αὒξεται
2795 3137 2889 3208 τὴν
2919 3139 3148 3210 ἡμέραν,
3177 3139 3272 3191 καὶ
3301 3138 3447 3208 μάλα
3471 3138 3727 3200 εἰκότωςο

2143 3228 2204 3280 οὐ
2238 3227 2347 3298 γάρ
2386 3228 2606 3298 γοητεία
2635 3229 2842 3295 ἐγίνετο
2883 3230 2948 3281 τά
2976 3216 3256 3299 γινόμενα,
3296 3229 3430 3283 ἀλλά
3477 3229 3596 3298 θείᾳ
3630 3229 3696 3284 δυ
3718 3259 3729 3269 -

2145 3321 2324 3390 νάμει,
2349 3321 2438 3375 διὰ
2467 3322 2624 3375 τοῦτο
2645 3323 2765 3376 οὐδὲ
2793 3324 3137 3378 καταλύεται.
3168 3325 3383 3378 Μᾶλλον
3408 3325 3462 3377 δὲ
3485 3325 3586 3378 οὐκ
3612 3324 3730 3377 ἀπὸ

2143 3412 2332 3465 τούτου
2372 3413 2472 3483 τῆς
2513 3414 2796 3485 δυνάμεως
2832 3415 3101 3480 ἀπόδειξιν
3141 3416 3397 3486 ποιοῦμαι
3437 3416 3596 3485 μόνον
3637 3418 3726 3469 ὅτι

2145 3503 2386 3568 αὔξεται,
2420 3505 2532 3558 ἀλλ’
2557 3508 2639 3560 ὅτι
2666 3509 2760 3560 καί
2780 3509 2867 3560 ἐπ’
2890 3508 3097 3579 ἀγαθῷ,
3119 3509 3214 3561 καὶ
3235 3511 3300 3578 τῇ
3323 3509 3421 3576 τῆς
3443 3509 3730 3577 ἡμετέρας

2144 3590 2289 3662 ζωῆς
2324 3595 2588 3666 σωτηρία.
2620 3596 2774 3648 Μετά
2805 3596 2915 3666 γάρ
2943 3596 3038 3666 τὴν
3069 3597 3275 3649 ἐκείνου
3320 3598 3624 3666 παρουσίαν
3659 3603 3730 3653 ἐκ

2145 3681 2348 3751 θηρίων
2387 3685 2660 3755 ἄνθρωποι
2703 3686 2988 3754 γεγόνασιν
3044 3689 3093 3739 οἱ
3133 3687 3225 3757 τὴν
3270 3688 3371 3756 γῆν
3413 3687 3729 3754 οἰκοῦντες,

2147 3776 2346 3844 μᾶλλον
2391 3776 2447 3830 δὲ
2502 3777 2561 3842 ἐξ
2609 3778 2910 3847 ἀνθρώπων
2949 3778 3171 3846 ἄγγελοι
3207 3779 3435 3842 πάντες,
3491 3782 3544 3832 οἱ
3601 3783 3729 3851 μετ’

2143 3867 2400 3938 ἀληθείας
2428 3869 2577 3940 αὐτῷ
2625 3871 3000 3940 προσέχοντες.
3047 3870 3186 3923 Ἀλλ’
3231 3870 3589 3942 ἠπατήθησαν
3628 3874 3730 3926 καὶ

2145 3959 2616 4031 παρελογίσθησαν
2663 3961 2714 4013 οἰ
2751 3963 3058 4032 μάρτυρες,
3103 3960 3268 4030 φησὶ,
3310 3961 3406 4014 καὶ
3435 3959 3525 4013 διά
3561 3960 3729 4015 τοῦτο

2142 4051 2242 4120 τῆς
2269 4051 2545 4122 παρούσης
2574 4052 2985 4123 κατεφρόνησαν
3011 4052 3179 4122 ζωῆς.
3210 4047 3343 4106 Εἶτα
3369 4053 3419 4104 οἰ
3461 4053 3726 4123 πρὰιεροι

2142 4143 2268 4204 τοὺς
2296 4141 2580 4212 δευτέρους
2613 4141 2712 4194 οὐκ
2751 4141 3064 4203 ἀνέπεισαν,
3093 4141 3215 4194 οὐδέ
3243 4145 3290 4194 οί
3318 4141 3564 4213 δεύτεροι
3593 4144 3723 4205 τοὺς

2141 4231 2378 4302 τρίτους,
2412 4231 2527 4285 ἀλλ’
2565 4233 2674 4301 ὅσῳ
2705 4233 2896 4303 προῄει
2927 4233 2996 4285 τά
3024 4233 3132 4285 τῶν
3161 4233 3415 4303 διωγμῶν
3435 4273 3450 4296 ,
3479 4234 3724 4304 τοσούτῳ

2145 4325 2238 4377 καὶ
2263 4323 2419 4377 τοῦτο
2445 4325 2686 4378 ἐπεδίδου
2706 4326 2766 4378 τὸ
2791 4326 3141 4396 κατόρθωμα,
3160 4327 3251 4378 καὶ
3275 4327 3469 4389 οὐδεὶς,
3496 4327 3554 4378 ἐν
3574 4327 3725 4379 οὕτω

2146 4415 2342 4487 μακρῷ
2379 4417 2576 4486 χρόνῳ,
2611 4417 2707 4488 τὴν
2742 4418 2955 4487 ἀπάτην
2996 4418 3220 4472 συνεῖδε.
3248 4419 3357 4472 Καὶ
3400 4417 3504 4471 ποῦ
3545 4418 3721 4473 ταῦτα

2141 4505 2299 4573 λόγον
2327 4506 2390 4559 ἂν
2425 4507 2535 4574 ἔχοι
2561 4524 2574 4571 ;

2213 4792 2276 4844 El
2311 4791 2367 4844 δὲ
2402 4793 2708 4863 ἡπάτηντο,
2743 4793 2860 4856 πῶς
2893 4793 2992 4864 τὴν
3019 4793 3166 4846 κόνιν
3202 4795 3382 4848 αὐτῶν
3410 4795 3722 4851 δεδοίκασιν

2139 4886 2188 4936 οἱ
2221 4884 2506 4954 δαίμονες;
2538 4884 2654 4948 πῶς
2691 4886 2784 4936 καὶ
2821 4887 2946 4948 τοὺς
2987 4887 3191 4954 τάφους
3230 4887 3554 4955 φεύγουσιν;
3595 4891 3724 4944 οὐδέ

2142 4977 2251 5046 γάρ
2280 4974 2464 5044 ἐπειδὴ
2507 4977 2733 5044 νεκροὺς
2768 4975 3054 5044 φοϐοῦνται
3088 4977 3371 5047 δαίμονες,
3415 4979 3574 5032 τοῦτο
3612 4983 3726 5034 πά·-

2141 5084 2380 5137 σχουσιν.
2419 5067 2546 5121 Ἰδοὺ
2585 5067 2692 5139 γὰρ
2726 5068 2908 5138 μυρίοι
2937 5069 3120 5138 νεκροὶ
3146 5069 3422 5139 πανταχοῦ
3456 5074 3556 5142 τῆς
3588 5073 3720 5140 γῆς,

2138 5159 2409 5222 κάκείνοις
2437 5160 2538 5229 μὲν
2567 5160 3003 5231 προσεδρεύουσι,
3045 5163 3138 5214 καὶ
3166 5161 3392 5225 πολλοὺς
3417 5161 3482 5214 ἂν
3516 5163 3598 5234 ῖδῃ
3637 5183 3723 5229 τις

2137 5251 2508 5321 δαιμονῶντας
2552 5253 2609 5304 ἐν
2651 5252 2907 5324 ἐρημίαις
2937 5253 3313 5324 διατρίϐοντας
3354 5256 3449 5307 καὶ
3486 5255 3718 5323 τάφοιςο

2135 5340 2262 5394 ἔνθα
2300 5341 2358 5393 δὲ
2390 5343 2498 5395 τῶν
2532 5344 2822 5414 μαρτύρων
2857 5345 2991 5397 ὀστᾶ
3034 5342 3469 5416 κατορώρυκται,
3500 5345 3576 5402 ὡς
3606 5348 3721 5399 ἀπὸ

2138 5433 2311 5503 πυρός
2338 5451 2482 5497 τινος
2512 5435 2604 5487 καί⁵
2640 5435 2912 5500 κολάσεως
2949 5437 3223 5506 ἀφορήτου
3269 5436 3530 5505 φεύγουσι
3551 5476 3566 5500 ,
3614 5440 3722 5510 τὴν

2135 5523 2283 5578 ἔνδον
2325 5525 2690 5596 μαστίζουσαν
2736 5527 2935 5591 αὐτοὺς
2985 5528 3215 5598 δύναμιν
3270 5531 3403 5596 μετά
3447 5529 3716 5601 λαμπράς

2135 5618 2600 5690 ἁνακηρύττοντες
2630 5617 2834 5690 φωνῆς.
