4080 6198
311 224 422 280 685

309 359 430 400 rans
477 360 492 398 :
540 358 700 413 quam
751 347 823 401 ob
860 357 1072 398 causam
1124 343 1396 399 nobiscum
1458 345 1595 399 ferre
1643 345 1899 415 quasdam

315 441 548 504 oportet,
571 432 825 502 quasdam
846 442 968 488 ante
989 447 1086 487 nos
1104 432 1226 487 illnc
1249 442 1622 488 transmtttere.
1649 435 1743 489 Est
1758 435 1899 490 enim

311 541 394 580 Vta
427 539 663 595 prmsens
691 525 816 588 vita,
849 540 1020 595 neque
1049 525 1239 580 stabile
1263 527 1547 596 quidquam
1591 527 1769 591 habet,
1804 527 1900 583 sed

312 631 399 670 res
427 615 544 684 ejus
574 615 827 669 molestas
852 623 906 669 et
925 615 1186 684 jucundas
1218 616 1620 684 pertransimus.
1641 618 1806 684 Quam
1833 617 1902 673 ob

313 722 532 762 causam
562 706 703 760 hunc
731 721 840 776 pra:
863 707 1072 761 ceteris
1095 707 1342 761 omnibus
1360 707 1533 761 locum
1555 708 1734 778 diligo,
1760 707 1902 777 quod

317 815 425 853 non
461 807 699 868 tempore
727 798 963 852 collectae
1002 798 1172 851 solum
1191 838 1208 861 ,
1240 797 1333 851 sed
1361 806 1415 852 et
1444 799 1645 867 absque
1683 799 1902 854 collecta

318 889 422 944 huc
450 889 682 944 venienti
713 888 899 943 ltorum
929 888 1060 942 mihi
1089 889 1369 942 verborum
1401 890 1656 943 memoria
1686 889 1905 944 refrice-

320 993 425 1046 tur,
477 980 602 1035 dum
652 981 870 1036 semotis
907 979 1118 1034 arbitris
1157 979 1318 1034 multa
1360 995 1480 1034 cum
1527 979 1906 1050 tranquillitate

320 1073 505 1125 oculos
532 1085 681 1124 meos
724 1085 818 1139 per
852 1069 967 1123 ham
1012 1069 1258 1138 sepulcra
1300 1070 1636 1135 circumfero,
1679 1087 1902 1141 quorum

322 1171 612 1230 conSpectu
638 1162 848 1215 animus
887 1176 1038 1215 meus
1068 1161 1134 1214 ad
1173 1159 1452 1216 defunctos
1494 1171 1550 1217 et
1591 1163 1656 1216 ad
1696 1164 1906 1218 illorum

324 1263 519 1307 statum
547 1252 855 1306 traducitur.

394 1345 449 1398 2.
473 1346 755 1414 Propterea
773 1344 1018 1398 nimirum
1035 1353 1090 1398 et
1112 1359 1430 1414 generosum
1445 1345 1584 1400 httnc
1603 1354 1804 1414 patrem
1823 1345 1902 1416 (a)

330 1436 506 1502 laudo,
539 1435 682 1505 quod
725 1445 936 1503 arrepta
985 1450 1188 1489 serente
1226 1435 1330 1489 diei
1381 1439 1659 1490 occasione
1685 1452 1781 1490 nos
1808 1436 1912 1491 huc

328 1529 590 1592 eduxerit,
627 1527 959 1596 przecedente
999 1543 1096 1580 nos
1124 1528 1368 1596 viamque
1403 1527 1554 1582 nobis
1583 1537 1912 1582 monstrante

330 1617 482 1673 beata
513 1617 769 1680 Droside,
804 1616 952 1685 cujus
999 1617 1308 1670 memoriam
1379 1617 1730 1672 celebramus.
1779 1617 1911 1672 Nam

331 1718 526 1777 pneter
549 1723 634 1774 ea,
679 1723 798 1776 qua:
840 1707 979 1761 dicta
1012 1715 1157 1773 sunt,
1207 1707 1460 1776 majorem
1488 1723 1556 1762 ex
1582 1708 1698 1762 loco
1728 1723 1915 1779 possu-

332 1814 451 1853 mus
480 1798 705 1852 fructum
734 1798 1036 1867 decerpere.
1067 1795 1197 1851 Cum
1222 1797 1360 1851 enim
1381 1797 1497 1852 aliis
1522 1798 1749 1867 capsulis
1776 1814 1913 1868 prm-

333 1889 594 1944 termissis
638 1887 706 1943 ad
750 1900 1040 1959 martyrum
1099 1889 1278 1942 thecas
1319 1889 1600 1954 venimus,
1638 1889 1916 1943 sublimius

335 1980 627 2036 efferuntur
679 1981 832 2034 nobis
883 1981 1085 2047 animi,
1139 1979 1325 2035 fortior
1372 1979 1430 2034 fit
1482 1981 1694 2045 anima,
1747 1980 1918 2050 major

336 2071 605 2136 alacritas,
642 2069 776 2124 ﬁdes
819 2070 1110 2124 ardentior.

405 2169 579 2222 Altera
623 2168 820 2222 occasio
851 2167 1148 2221 humilitatis
1194 2183 1257 2221 ea:
1298 2175 1499 2238 aspectu
1550 2167 1914 2236 Reliquiarum.

340 2258 592 2330 Martyres
630 2259 1038 2313 resurrectionem
1068 2256 1254 2310 Christi
1274 2257 1586 2328 probant.—
1606 2258 1735 2312 Cum
1764 2257 1921 2328 igitur

338 2351 578 2417 labores,
633 2350 922 2405 certamina
945 2391 962 2416 ,
1007 2349 1224 2419 praemia
1251 2389 1266 2415 ,
1301 2349 1540 2418 palmas,
1588 2364 1922 2419 coronasque

337 2452 642 2497 sanctorum
677 2442 898 2496 istorum
942 2440 1216 2495 nobiscum
1259 2448 1586 2508 reputamus,
1617 2440 1784 2494 altera
1821 2455 1921 2494 no-

339 2532 420 2586 bis
440 2532 753 2586 humilitatis
781 2533 994 2586 occasio
1034 2545 1216 2585 rursus
1243 2531 1496 2584 occurrit.
1528 2530 1651 2586 Sive
1678 2533 1818 2586 enim
1850 2531 1917 2586 ab

343 2624 523 2692 aliquo
543 2623 796 2694 przeclara
827 2623 1058 2676 facinora
1085 2623 1190 2676 sint
1210 2630 1436 2690 patrata,
1459 2621 1588 2675 nihil
1605 2637 1664 2676 se
1677 2637 1922 2692 magnum

339 2714 570 2782 gessisse
621 2713 981 2778 arbitrabitur,
1032 2713 1074 2766 si
1129 2727 1282 2766 suam
1333 2713 1582 2766 virtutem
1643 2726 1762 2766 cum
1810 2713 1927 2766 illo-

342 2820 460 2857 rum
510 2804 890 2858 certaminibus
915 2803 1304 2872 comparaverit
1336 2821 1346 2853 :
1379 2803 1493 2857 sive
1523 2802 1650 2856 nihil
1677 2817 1922 2872 magnum

342 2895 607 2950 bonumve
638 2895 962 2965 prazstiterit,
1015 2909 1346 2963 nequaquam
1373 2893 1441 2948 de
1467 2909 1564 2948 sua
1607 2893 1779 2948 salute
1824 2893 1918 2948 de-

343 2987 616 3055 sperabit,
662 3000 785 3042 cum
825 3001 854 3040 a
915 2984 1236 3040 fortitudinis
1265 2986 1485 3040 istorum
1534 2985 1780 3054 exemplo
1827 2985 1928 3040 sibi

343 3078 540 3133 sentiat
577 3078 997 3132 cohortationem
1045 3077 1305 3141 adhiberi,
1338 3085 1393 3130 ut
1417 3076 1482 3130 ad
1507 3077 1735 3131 studium
1766 3077 1930 3131 virtu-

345 3169 410 3222 tis
432 3184 492 3223 se
522 3168 782 3234 traducat,
835 3184 1123 3239 secumque
1156 3169 1370 3240 cogitet,
1406 3167 1649 3223 accidere
1693 3169 1930 3239 aliquan-

343 3260 412 3315 do
434 3276 613 3331 posse,
669 3269 726 3315 ut
772 3273 826 3315 et
851 3263 963 3331 ipse
989 3262 1214 3316 fortasse
1267 3262 1362 3315 Dei
1405 3261 1728 3331 benignitate
1776 3261 1929 3330 adju-

346 3363 430 3408 tus
480 3354 611 3409 tales
638 3355 846 3424 aliquos
889 3355 1054 3409 saltus
1091 3353 1234 3420 edat,
1262 3363 1315 3408 et
1356 3354 1408 3408 in
1437 3353 1622 3408 crclum
1652 3353 1930 3409 confestim

346 3445 624 3510 ascendat,
665 3461 1033 3515 summamque
1071 3445 1210 3516 apud
1263 3446 1426 3501 Deum
1467 3445 1709 3501 ﬁduciam
1730 3454 1783 3500 et
1808 3461 1930 3516 gra-

346 3537 472 3589 tiam
516 3535 753 3590 obtineat
800 3552 815 3589 :
861 3551 924 3591 ac
965 3537 1032 3590 de
1079 3536 1160 3590 his
1203 3536 1425 3605 aliisque
1473 3538 1639 3592 multo
1694 3537 1933 3607 pluribus

346 3625 786 3696 philosophantes
819 3641 1100 3696 possumus
1132 3627 1252 3680 hinc
1294 3626 1588 3682 discedere.
1643 3627 1932 3697 Martyrum

349 3718 545 3786 quippe
583 3733 730 3772 mors
799 3717 1032 3773 ﬁdelium
1079 3725 1164 3772 est
1209 3715 1542 3778 exhortatio,
1577 3717 1932 3772 Ecclesiarum

351 3805 566 3871 fiducia,
594 3804 983 3862 Christianismi
1009 3806 1362 3870 confirmatio,
1397 3807 1582 3860 mortis
1621 3806 1932 3872 destructio,

352 3897 756 3951 resurrectionis
804 3896 1208 3960 demonstratio,
1253 3898 1552 3952 daemonum
1609 3895 1933 3964 ignominia,

350 3989 548 4042 diaboli
591 3989 879 4055 accusatio,
925 3988 1274 4059 philosophia:
1319 3988 1580 4049 doctrina.
1622 3986 1688 4040 ad
1719 4000 1805 4040 res
1821 4001 1937 4061 ste-

351 4078 452 4131 culi
509 4077 670 4146 hujus
698 4077 1026 4146 spernendas
1048 4077 1365 4142 adhortatio,
1419 4086 1473 4130 et
1524 4075 1588 4129 ad
1618 4074 1820 4128 futuras
1847 4073 1940 4128 de-

351 4166 667 4220 sidcrandas
690 4167 792 4232 via,
817 4168 1063 4222 solatium
1088 4167 1139 4221 in
1177 4167 1350 4232 malis,
1380 4166 1570 4235 quibus
1606 4163 1936 4229 obsidemur,

353 4261 565 4315 occasio
618 4261 906 4329 patientiae,
935 4261 1154 4315 materia
1182 4260 1473 4314 tolerantiae
1492 4299 1507 4324 ,
1539 4258 1793 4313 bonorum
1820 4271 1940 4309 om-

355 4352 499 4404 nium
557 4351 737 4416 radix,
794 4348 912 4405 fons
963 4358 1016 4406 et
1069 4365 1262 4420 parens
1295 4366 1309 4403 :
1347 4365 1409 4403 ac
1442 4348 1487 4402 si
1539 4348 1709 4418 placet
1749 4347 1939 4400 horum

350 4442 561 4512 singula
617 4441 1120 4506 demonstrabimus,
1171 4441 1550 4510 dicentusque,
1591 4455 1692 4510 qua
1738 4439 1942 4493 ratione

352 4532 590 4585 ﬁdelium
620 4533 687 4586 sit
719 4532 1038 4598 exhortatio,
1090 4531 1444 4586 Ecclesiarum
1485 4530 1695 4594 ﬁducia,
1721 4530 1944 4584 demou-

348 4626 542 4678 stratio
599 4625 1023 4687 resurrectionis,
1056 4635 1110 4678 et
1170 4624 1371 4692 reliqua
1421 4623 1623 4688 omnia;
1666 4637 1784 4691 quae
1803 4635 1943 4675 nunc

344 4716 492 4770 dixi.
546 4714 678 4770 Cum
730 4717 889 4785 igitur
958 4715 1186 4770 ineunda
1235 4721 1358 4768 sunt
1427 4713 1579 4766 nobis
1653 4711 1942 4768 certamina

343 4823 481 4862 cum
503 4809 788 4876 gentilibus
813 4822 876 4860 ac.
900 4807 966 4862 de
996 4806 1330 4876 dogmatibus
1359 4820 1568 4874 pugnae,
1602 4811 1945 4872 nostramque

344 4901 431 4953 illi
481 4899 638 4952 fidem
666 4910 936 4964 accusant,
983 4913 1102 4952 cum
1153 4897 1360 4952 caeteris
1389 4895 1490 4950 hoc
1519 4896 1676 4948 etiam
1723 4894 1824 4947 illis
1845 4894 1944 4947 ob-

337 4991 625 5064 jiciamus,
650 5000 962 5060 martyrum,
995 4990 1228 5058 inquam,
1258 4997 1503 5051 mortem,
1534 4987 1792 5052 ᾱίοιξηιοε,
1818 4985 1947 5052 Quis

346 5081 622 5150 persuasit
652 5081 784 5145 issis,
834 5091 891 5134 ut
937 5089 1253 5149 prmsentetn
1301 5080 1459 5132 vitam
1501 5076 1946 5132 contemnerent?

340 5171 493 5227 Nam
544 5173 589 5224 si
621 5182 862 5226 mortuus
900 5181 984 5226 est
1019 5171 1296 5235 Christus,
1340 5185 1438 5224 nec
1488 5171 1794 5232 resurrexit,
1829 5169 1955 5238 quis

338 5266 477 5319 haec
533 5279 691 5332 supra
747 5275 987 5316 naturam
1029 5261 1280 5331 prmclara
1344 5261 1508 5330 gessit
1557 5259 1825 5315 facinora?
1880 5258 1946 5314 Ut

336 5357 504 5412 enim
544 5356 768 5425 probent
821 5353 1067 5409 humanae
1112 5353 1318 5408 virtutis
1370 5353 1469 5408 hoc
1514 5367 1622 5407 non
1671 5368 1825 5417 esse,
1873 5361 1948 5406 tot

335 5449 602 5505 ntillibus
628 5463 657 5502 a
703 5458 810 5502 tam
846 5449 1003 5518 longo
1053 5456 1290 5515 tempore
1324 5461 1425 5499 non
1457 5446 1689 5499 virorum
1723 5453 1946 5510 tantum,

332 5541 453 5599 5rd
498 5552 550 5595 et
587 5541 886 5607 mulierum,
945 5553 996 5597 et
1046 5542 1308 5611 virginum
1351 5540 1711 5611 innuptarum,
1741 5548 1794 5594 et
1823 5553 1950 5610 pue-

425 5660 497 5719 (a)
532 5666 604 5708 De
627 5658 649 5707 l-
668 5660 847 5709 Iaviano
865 5659 1075 5722 loquitur
1096 5657 1344 5719 Episcopo.

1509 226 1596 288 DE
1634 233 1691 289 S.
1738 233 2030 292 DROSlDE
2060 235 2414 291 MARTYRE.

3485 239 3589 296 686

2008 365 2187 403 rorum
2232 362 2514 418 parvorum
2560 350 2910 419 persuadere,
2965 361 3020 406 ut
3057 352 3218 406 vitam
3273 365 3587 423 prmseutem

2010 442 2298 512 negligant,
2349 451 2405 496 et
2457 443 2708 496 audacter
2758 456 2818 496 se
2867 443 3052 497 bestiis
3096 442 3366 507 olTerant,
3415 445 3590 513 ignem

2008 543 2382 603 aspernentur,
2412 549 2568 589 omne
2629 549 2905 603 ptrnarum
2934 550 2996 590 ac
3019 535 3396 604 suppliciorum
3424 551 3592 606 genus

2009 625 2323 696 despiciant,
2379 635 2537 695 atque
2585 625 2650 679 ad
2693 626 2921 680 futuram
2953 627 3116 680 vitam
3161 626 3430 690 festinent,
3462 627 3592 680 nihil

2007 716 2334 786 argumentis
2383 716 2580 770 nostris
2627 716 2957 786 indigebunt,
2990 716 3083 770 sed
3114 717 3319 785 seipsos
3363 717 3594 771 interro—-

2007 807 2225 877 gabunt,
2275 817 2329 862 et
2373 807 2722 862 sufficientem
2772 823 2836 862 ex
2884 807 2949 861 iis
2997 822 3115 876 qua:
3143 807 3282 861 dicta
3329 818 3454 862 sunt
3499 807 3596 861 tle-

2011 900 2446 954 monstrationem
2482 910 2774 954 assument.
2797 899 2928 953 Nam
2954 915 3019 954 ex
3035 915 3140 970 quo
3172 910 3406 968 tempore
3434 897 3595 954 Chri-

2011 997 2124 1042 stus
2146 989 2379 1053 advenit,
2413 989 2655 1043 infideles
2700 991 2915 1043 fucrunt
2973 989 3335 1058 Imperatores,
3383 989 3596 1044 fuerunt

2012 1089 2066 1133 et
2111 1079 2315 1144 ﬁdeles,
2365 1081 2458 1134 sed
2509 1080 2754 1135 infideles
2807 1079 3044 1150 plerique
3087 1082 3150 1134 ad
3207 1083 3492 1143 barathra,
3543 1092 3599 1136 ct

2014 1184 2193 1239 rogos,
2245 1180 2298 1223 et
2337 1180 2602 1240 pra-rupta
2630 1171 2766 1232 loca,
2797 1180 2850 1224 et
2878 1172 3047 1225 maria
3071 1213 3086 1238 ,
3116 1181 3168 1226 et
3199 1174 3482 1227 bestiarum
3513 1174 3594 1227 fu-

2014 1274 2211 1323 rorem,
2253 1275 2316 1313 ac
2360 1260 2502 1314 varia
2550 1261 2929 1330 suppliciorum
2975 1272 3029 1315 et
3071 1277 3348 1331 poenarum
3403 1277 3598 1332 genera

2015 1347 2196 1402 ﬁdeles
2238 1348 2590 1411 abducebant,
2634 1358 2688 1402 et
2740 1350 2987 1404 omnibus
3010 1349 3181 1404 modis
3229 1350 3384 1404 ﬁdem
3433 1367 3499 1406 ex
3534 1352 3599 1404 il-

2016 1437 2186 1491 lorum
2232 1439 2424 1491 animis
2459 1439 2688 1494 evellere
2733 1441 3083 1504 conabantur,
3136 1451 3190 1495 ct
3238 1442 3366 1494 nihil
3421 1442 3599 1510 perfe-

2015 1538 2236 1594 cerunt,
2292 1530 2386 1584 sed
2442 1531 2582 1586 irrisi
2632 1531 2909 1596 abierunt,
2972 1532 3098 1586 dum
3157 1533 3339 1587 ﬁdeles
3387 1533 3600 1603 quidem

2017 1620 2268 1674 omnibus
2299 1620 2472 1674 modis
2509 1631 2846 1686 vexarentur,
2887 1628 2944 1674 at
2986 1621 3117 1676 fides
3145 1623 3372 1692 amplius
3397 1638 3604 1677 cresce-

2018 1719 2121 1764 ret.
2175 1710 2359 1765 Nullus
2411 1720 2588 1765 autem
2632 1727 2697 1765 ex
2745 1712 2844 1780 piis
2901 1711 3309 1781 lmperatoribus
3355 1728 3603 1782 umquam

2017 1802 2276 1857 adductus
2325 1814 2427 1870 est,
2458 1814 2515 1857 ut
2563 1805 2732 1857 virum
2778 1803 3045 1858 infidelem
3079 1813 3362 1873 torqueret,
3394 1820 3455 1858 ac
3477 1819 3605 1874 sup-

2019 1892 2190 1961 pliciis
2226 1903 2440 1964 cogeret
2483 1894 2551 1948 ab
2589 1908 2771 1948 errore
2798 1893 3092 1948 discedere.
3146 1893 3502 1948 Nihilominus
3529 1904 3607 1946 ta-

2020 1997 2141 2036 men
2169 1993 2356 2052 sponte
2385 1983 2574 2036 difllutt
2602 1999 2663 2037 ac
2690 1983 2843 2052 perit,
2871 1993 2925 2036 ut
2971 1985 3206 2038 veritatis
3251 1985 3412 2037 robur
3439 1997 3605 2053 agno-

2021 2087 2162 2140 scas,
2215 2084 2269 2127 et
2319 2073 2580 2127 mendacii
2628 2074 3067 2140 imbecillitatem,
3122 2090 3243 2128 cum
3291 2073 3392 2128 hoc
3419 2085 3610 2144 sponte

2022 2179 2086 2218 ac
2130 2166 2278 2219 nullo
2321 2166 2608 2220 insultante
2653 2173 2854 2234 pereat,
2912 2166 3025 2220 hare
3068 2176 3243 2220 autem
3299 2182 3394 2236 per
3422 2181 3537 2229 cos,
3579 2181 3609 2218 a

2024 2255 2213 2324 quibus
2260 2256 2579 2326 impeditur,
2626 2266 2920 2326 augeatur,
2970 2267 3130 2326 atque
3184 2257 3237 2312 in
3297 2258 3609 2312 immensam

2024 2346 2406 2402 sublimitatem
2457 2349 2752 2402 attollatur.
2801 2348 2968 2416 llujus
2992 2358 3168 2402 autem
3216 2349 3295 2403 rei
3324 2364 3481 2403 causa
3507 2359 3611 2412 est,

2027 2438 2170 2508 quod
2217 2439 2358 2492 vivat
2401 2436 2664 2504 Christus,
2697 2449 2752 2495 et
2777 2440 2826 2493 in
2856 2449 3147 2511 martyrum
3177 2440 3456 2495 animabus
3479 2455 3622 2508 ονε-ι.

2024 2540 2194 2582 retur.
2236 2528 2292 2584 Si
2320 2530 2530 2599 quando
2557 2531 2714 2600 igitur
2762 2531 3013 2596 dixerint,
3046 2532 3216 2600 ipsum
3270 2532 3487 2586 minime
3530 2549 3614 2586 re-

2027 2619 2345 2684 surrexisse,
2407 2621 2522 2675 haec
2561 2622 2776 2675 ex‘illis
2826 2621 3187 2686 sciscitemur,
3243 2622 3310 2675 Et
3366 2622 3485 2691 quis
3515 2623 3612 2676 ista

2026 2711 2345 2780 perfecerit?
2371 2727 2496 2765 num
2548 2727 2730 2780 qtneso
2758 2723 3003 2765 mortuus
3039 2712 3266 2778 aliquis?
3315 2714 3470 2782 Atqui
3508 2723 3612 2766 tam

2029 2805 2178 2859 multi
2209 2804 2359 2859 fuere
2399 2806 2616 2870 mortui,
2646 2819 2744 2858 nec
2774 2804 2912 2858 ullus
2940 2804 3062 2857 talia
3095 2804 3358 2873 prteStilit.
3389 2805 3614 2858 Atenim

2030 2911 2217 2966 magus
2265 2904 2320 2950 et
2366 2895 2722 2966 prmstigiator
2773 2895 2926 2949 erat?
2975 2894 3132 2963 Atqui
3188 2894 3338 2948 multi
3381 2894 3517 2962 magi
3561 2903 3617 2947 et

2033 2987 2445 3056 praestigiatores
2493 2986 2728 3050 fuerunt,
2761 2995 2816 3040 et
2864 3000 3052 3039 omnes
3079 2984 3290 3038 silentio
3339 2984 3617 3037 involvun-

2033 3088 2138 3147 tur,
2164 3096 2264 3136 nec
2305 3081 2428 3134 ulla:
2481 3080 2717 3149 ipsorum
2758 3079 2960 3148 uspiam
3004 3079 3239 3147 reliquia:
3269 3087 3490 3144 restant,
3523 3079 3615 3132 Sed

2033 3185 2137 3224 una
2163 3185 2284 3224 cum
2314 3171 2550 3240 ipsorum
2579 3170 2684 3222 vita
2715 3170 2922 3223 illorum
2959 3182 3170 3238 quoque
3191 3169 3470 3237 praestigiae
3495 3180 3621 3223 sunt

2032 3261 2310 3315 exstinctae
2340 3277 2353 3313 :
2381 3259 2578 3315 Christi
2630 3275 2758 3314 vero
2796 3258 2983 3328 religio
3026 3258 3247 3328 singulis
3294 3257 3482 3312 diebus
3519 3272 3620 3312 au-

2033 3360 2206 3420 getur,
2251 3365 2315 3404 ac
2380 3350 2571 3404 merito
2618 3363 2768 3403 sane.
2818 3347 2933 3402 Non
2975 3348 3117 3401 enim
3169 3347 3386 3417 magicis
3411 3349 3618 3402 artibus

2036 3443 2251 3508 fiebant,
2306 3440 2402 3496 sed
2429 3441 2626 3496 virtute
2663 3439 2863 3505 divina,
2892 3455 3010 3508 quae
3037 3440 3377 3509 gerebantur,
3399 3439 3623 3509 ideoque

2036 3551 2140 3590 non
2165 3543 2404 3604 pereunt.
2435 3533 2546 3587 lmo
2571 3549 2698 3588 vero
2729 3547 2832 3586 non
2860 3547 2924 3586 ex
2951 3531 3052 3585 hoc
3080 3541 3280 3584 tantum
3310 3541 3620 3600 argumenta

2035 3625 2173 3680 duco
2217 3624 2469 3693 potentia:
2511 3623 2660 3692 ejus,
2707 3623 2846 3693 quod
2886 3633 3178 3691 augeatur,
3229 3620 3325 3674 sed
3383 3620 3522 3689 quod
3567 3621 3619 3673 in

2039 3717 2234 3771 bonum
2273 3725 2326 3770 et
2369 3715 2434 3768 ad
2475 3715 2700 3770 salutem
2739 3716 2861 3769 vita:
2906 3725 3147 3768 nostrae:
3193 3712 3454 3782 siquidem
3507 3723 3624 3781 post

2037 3807 2152 3877 ejus
2196 3806 2482 3860 adventum
2529 3807 2596 3859 ex
2647 3805 2838 3860 belluis
2872 3804 3113 3858 homines
3153 3803 3273 3858 facti
3299 3811 3425 3856 sunt
3465 3813 3626 3856 terra~

2041 3912 2157 3951 rum
2192 3896 2400 3961 incolae,
2457 3895 2543 3949 vel
2581 3896 2756 3964 potius
2782 3910 2846 3948 ex
2876 3893 3178 3948 hominibus
3208 3891 3402 3962 angeli,
3437 3907 3626 3946 omnes

2040 3988 2127 4058 qui
2175 4002 2295 4041 cum
2338 3987 2560 4041 veritate
2616 3986 2690 4040 illi
2729 3984 3087 4039 adlneserunt.
3148 3984 3218 4036 At
3254 3982 3459 4050 decepti
3502 3990 3628 4035 sunt

2042 4088 2097 4134 et
2145 4079 2347 4133 seducti
2397 4086 2694 4148 martyres,
2752 4075 2960 4145 inquit,
3003 4081 3164 4142 atque
3218 4071 3416 4126 idcirco
3463 4072 3626 4125 vitam

2044 4179 2358 4239 prtesentetn
2392 4169 2759 4238 neglexerunt.
2794 4166 2996 4222 Deinde
3029 4167 3236 4237 priores
3265 4180 3368 4219 non
3407 4181 3627 4234 persua-

2043 4273 2227 4318 serunt
2267 4262 2536 4328 secundis,
2568 4276 2744 4331 neque
2770 4259 2988 4315 secundi
3045 4259 3234 4322 tertiis,
3289 4257 3383 4311 sed
3423 4267 3627 4328 quanto

2048 4356 2216 4426 magis
2253 4354 2724 4426 progrediebantur
2766 4353 3239 4424 persequutiones,
3285 4358 3429 4404 tanto
3469 4351 3628 4404 etiant

2047 4450 2246 4518 majora
2270 4448 2578 4517 prteclarum
2608 4446 2735 4501 illud
2765 4445 2969 4500 facinus
2987 4447 3314 4500 incrementa
3340 4443 3586 4512 capiebat
3612 4460 3623 4496 :

2049 4554 2148 4593 nec
2188 4539 2324 4592 ullus
2357 4546 2502 4591 tanto
2536 4545 2778 4605 tempore
2805 4535 3043 4590 fraudem
3074 4534 3307 4604 agnovit.
3356 4531 3486 4600 Quis
3517 4533 3632 4588 hzec

2047 4631 2236 4686 rationi
2265 4641 2618 4685 consentanea
2645 4627 2892 4698 judicet?

2122 4723 2425 4779 Sanctorum
2455 4720 2702 4792 Reliquit}:
2722 4720 2957 4772 timentur
2984 4734 3016 4770 α
3041 4716 3443 4771 dmonibus.—
3477 4715 3626 4782 Quod

2049 4817 2095 4871 si
2136 4815 2344 4885 decepti
2398 4823 2543 4877 sunt,
2601 4814 2689 4883 qui
2722 4814 2798 4876 ﬁt,
2827 4821 2883 4865 ut
2924 4825 3107 4864 eorum
3139 4809 3406 4878 pulverem
3434 4807 3633 4862 daemo-

2053 4921 2148 4960 nes
2179 4904 2588 4974 pertimescant?
2639 4903 2728 4972 qui
2762 4902 2838 4967 fit,
2885 4910 2942 4954 ut
2983 4915 3168 4953 eorum
3213 4899 3372 4953 etiam
3406 4899 3635 4952 tumulos

2054 4997 2287 5067 fugiant?
2339 5011 2509 5064 neque
2547 4995 2690 5048 enim
2726 4992 2776 5046 id
2822 4992 2901 5045 eis
2947 4991 3159 5057 accidit,
3215 4990 3355 5059 quod
3398 4999 3638 5044 mortuos

2052 5093 2324 5146 daemones
2367 5087 2734 5144 reformident.
2794 5085 2930 5140 Ecce
2983 5099 3210 5151 namque
3257 5083 3450 5135 mortui
3513 5091 3638 5134 sunt

2055 5185 2248 5254 ubique
2297 5193 2555 5236 terrarum
2603 5177 2889 5238 innumeri,
2930 5177 2978 5229 ei
3012 5176 3112 5228 illis
3137 5173 3391 5237 assident,
3415 5186 3478 5224 ac
3505 5171 3639 5222 mul-

2055 5287 2138 5331 tos
2181 5273 2364 5328 videre
2404 5285 2687 5342 possumus
2727 5283 2757 5322 a
2811 5267 3054 5321 daemone
3107 5271 3414 5330 correptos,
3441 5259 3532 5328 qui
3585 5259 3636 5312 in

2055 5367 2283 5423 desertis
2332 5381 2396 5419 ac
2433 5362 2691 5432 sepulcris
2733 5360 2932 5429 degunt
2973 5375 2986 5411 :
3039 5356 3124 5409 ubi
3178 5366 3306 5406 vero
3348 5363 3638 5418 martyrum

2055 5461 2262 5515 defossa
2284 5465 2406 5512 sunt
2421 5470 2562 5516 ossa,
2581 5453 2703 5508 inde
2726 5462 2990 5520 tamquam
3014 5447 3081 5500 ab
3103 5447 3222 5516 igne
3241 5442 3469 5512 quodam
3487 5450 3539 5492 et
3562 5441 3640 5494 in-

2057 5549 2336 5606 tolerando
2360 5547 2618 5618 supplicio
2658 5544 2922 5605 resiliunt,
2955 5554 3017 5592 ac
3043 5537 3290 5590 virtutem
3331 5535 3473 5606 ipsus
3501 5531 3641 5586 intus

2057 5643 2406 5714 flagellantem
2456 5642 2597 5696 clara
2634 5651 2766 5692 voce
2809 5633 3098 5703 divulgant.
