4080 6198
429 331 530 388 68'!

503 441 560 496 3.
601 440 774 504 Atque
799 429 924 484 hinc
941 423 1156 496 quidem
1187 429 1457 474 ostensum
1484 423 1585 478 est,
1615 408 1865 464 indicium
1892 416 2016 458 esse

437 533 740 588 daemonum
803 517 1126 575 inﬁrmitatis
1173 519 1402 564 omnem
1451 511 1742 572 martyrum
1789 512 1804 550 :
1855 507 2020 564 porro

440 631 712 689 stuporem
759 627 824 666 ac
853 604 1198 680 pervicaciam
1236 600 1448 654 illorum
1471 595 1570 647 hac
1595 589 1782 645 eadem
1809 601 1868 641 re
1907 599 2021 638 ma-

443 678 586 766 xime
615 678 1008 772 revinciainde
1047 689 1340 748 constabit.
1369 687 1502 741 Cum
1523 683 1664 738 enim
1696 678 1804 743 isti,
1837 685 2028 741 nempe

451 809 744 872 martyres,
794 789 1004 858 corpori
1045 801 1107 840 ac
1155 779 1482 836 naturalibus
1531 770 1746 828 obnoxii
1797 763 2030 820 necessi-

451 853 642 948 tatibuls
688 853 844 955 atque
891 853 1088 949 ingenti
1115 875 1358 928 dolorum
1407 883 1469 921 ac
1503 862 1863 918 molestiarum
1893 853 2032 908 mul-

453 981 673 1036 titudine
717 969 1054 1028 circumsessi
1108 965 1360 1020 caducam
1415 959 1578 1012 vitam
1627 959 1862 1022 agentes,
1893 957 1948 1002 ct
1979 945 2032 998 in

455 1072 610 1128 terris
659 1068 944 1136 degentes,
991 1062 1062 1116 ita
1115 1065 1430 1127 pra-sentem
1469 1052 1628 1104 vitam
1663 1055 1915 1114 spernere
1959 1038 2038 1090 vi-

455 1165 700 1224 deantur,
734 1135 960 1228 propter
997 1167 1146 1207 suam
1179 1150 1230 1203 in
1274 1149 1457 1209 Deum,
1487 1158 1518 1196 a
1543 1156 1650 1211 quo
1696 1135 1858 1192 creati
1893 1139 2035 1193 sunt,

460 1218 768 1313 caritatem;
803 1247 878 1300 illi
926 1259 1054 1298 vero
1092 1249 1148 1293 et
1187 1237 1362 1292 carnis
1399 1243 1651 1302 expertes
1675 1271 1690 1294 ,
1721 1235 1776 1280 et
1801 1225 1868 1279 ab
1891 1218 2040 1276 omni

459 1344 564 1396 hoc
604 1341 788 1394 dolore
815 1335 1158 1402 molestiaque
1207 1330 1501 1389 immunes,
1557 1323 1626 1376 ita
1674 1311 2040 1372 contumeliosi

462 1434 628 1488 fuisse
662 1441 818 1498 atque
863 1431 912 1480 in
945 1441 1096 1478 somn
1151 1419 1539 1475 benefactorem
1583 1412 1771 1482 ingrati
1813 1422 2042 1462 cernan-

467 1535 552 1576 tur
584 1539 598 1575 :
629 1535 784 1588 quam
815 1516 1214 1570 excusatimiem
1266 1506 1568 1564 habebunt?
1595 1518 1753 1574 quam
1799 1497 2044 1553 veniam?

463 1612 671 1668 Nullam
712 1608 883 1676 plane,
913 1620 1030 1659 eum
1063 1604 1282 1656 istorum
1315 1600 1482 1652 virtus
1523 1595 1732 1648 illorum
1763 1587 2047 1658 nequitiam

465 1712 806 1766 stuumopere
849 1694 1185 1748 condemnet.
1229 1690 1340 1744 Non
1373 1688 1514 1742 enim
1563 1683 1806 1738 homines
1847 1689 2048 1733 tantum

469 1789 712 1844 homines
737 1828 752 1850 ,
797 1796 852 1839 et
891 1784 980 1853 qui
1023 1781 1388 1850 diligentiores
1423 1785 1548 1829 sunt
1573 1813 1588 1839 ,
1645 1770 2051 1839 negligentiores

468 1880 846 1940 ootidetnnant,
877 1873 969 1928 sed
996 1873 1152 1926 etiam
1183 1869 1326 1939 ipsos
1345 1867 1614 1921 da'monos
1633 1859 1898 1930 ddigeutia
1921 1857 2053 1908 isto-

473 1986 590 2024 rum
639 1969 873 2022 damnat.
946 1969 1118 2034 Atquc
1163 1963 1266 2016 hoc
1317 1959 1618 2014 declarabat
1665 1953 1879 2015 Paulus,
1931 1963 2050 2002 cum

467 2061 672 2114 diceret
703 2077 716 2110 :
751 2057 968 2110 Nescitis
995 2053 1229 2122 quoniam
1255 2051 1458 2120 angelos
1487 2044 1819 2104 iudicat-imus
1843 2041 1868 2094 Ρ
1895 2054 2056 2109 quan-

475 2165 524 2206 to
565 2152 723 2221 magis
747 2149 1008 2203 swcularia
1035 2149 1080 2216 (l
1115 2144 1233 2200 Car.
1263 2143 1318 2198 6.
1342 2142 1438 2212 5)?
1477 2140 1676 2206 Quibus
1695 2136 1870 2190 Verbis
1897 2145 2058 2200 ange-

475 2243 557 2298 los
604 2241 796 2294 tlldlwll
851 2239 1112 2308 signiﬁcat
1163 2237 1486 2289 desertores.
1539 2233 1603 2285 Et
1649 2227 1914 2298 quomodo
1939 2223 2057 2277 illos

477 2331 864 2402 iudicabimus?
893 2339 1094 2396 quarrct
1137 2327 1345 2395 aliquis.
1373 2324 1486 2378 Non
1527 2321 1738 2392 quidem
1791 2319 2056 2378 sedentes,

479 2433 535 2478 et
577 2421 834 2474 rationem
879 2420 945 2471 ab
973 2421 1052 2470 eis
1097 2417 1390 2485 exigentes,
1435 2413 1528 2467 sed
1571 2412 1839 2480 diligentia
1882 2416 2059 2461 nostra

481 2513 692 2566 illorum
755 2509 1052 2564 socordiam
1111 2507 1550 2562 condenmautes.
1591 2501 1742 2569 Quod
1777 2499 2062 2570 quidemet

483 2603 598 2671 ipse
640 2601 882 2654 indicans
909 2599 1118 2652 dicebat
1147 2595 1251 2650 :Et
1287 2597 1330 2649 si
1377 2597 1428 2648 in
1458 2595 1591 2648 vobis
1625 2595 1887 2662 judicatur
1919 2609 2064 2645 mim-

485 2695 578 2742 dus
611 2687 766 2756 (Ibid.
801 2702 848 2738 υ.
882 2687 960 2754 2).
993 2687 1106 2740 Non
1135 2687 1266 2740 dixit
1299 2699 1476 2738 coram
1508 2685 1681 2748 vobis,
1710 2682 1802 2737 sed
1831 2697 1926 2751 per
1951 2696 2064 2736 vos.

487 2781 1080 2847 Queumdmodumcum
1125 2779 1270 2842 dicit,
1313 2777 1419 2830 Viri
1471 2777 1712 2830 Ninivitze
1741 2781 2065 2844 surgent,ct

485 2871 912 2928 condemuabunt
931 2871 1324 2939 generationem
1357 2869 1508 2922 istam
1537 2868 1684 2940 (Luc.
1712 2869 1797 2922 ll.
1826 2867 1938 2934 52),
1961 2883 2062 2919 non

493 2971 595 3018 hoc
644 2963 852 3025 dicitur,
907 2963 1056 3030 quasi
1109 2961 1350 3016 Ninivine
1401 2961 1660 3014 rationem
1689 2957 2066 3029 exigantalu-

485 3056 641 3121 dicis,
687 3055 773 3120 qui
829 3065 935 3107 tum
977 3053 1234 3107 increduli
1291 3053 1520 3116 fuerunt,
1549 3051 1808 3120 sedquod
1853 3051 1919 3105 ab
1943 3045 2066 3104 illo-

491 3161 610 3198 rum
656 3145 758 3198 title
797 3143 1014 3198 istorum
1058 3143 1397 3198 incredulitas
1443 3143 1850 3198 condemnetur.
1877 3141 2065 3196 Possu-

489 3250 608 3289 mus
627 3234 786 3289 etiam
827 3251 932 3288 non
973 3235 1354 3288 mediocritera
1385 3234 1700 3305 martyribus
1725 3233 1791 3288 ad
1817 3233 2064 3287 virtutem

487 3341 551 3380 ac
581 3342 756 3379 rerum
787 3325 942 3395 hujus
984 3325 1164 3380 saeculi
1194 3334 1552 3394 contemptum
1574 3325 1951 3394 acquirendum
1974 3325 2070 3378 ad-

493 3417 682 3484 juvari.
718 3416 843 3470 Nam
875 3433 994 3469 CIIII]
1041 3417 1167 3469 istos
1191 3415 1388 3469 videris
1429 3417 1588 3468 vitam
1613 3429 1825 3469 omnem
1883 3430 2069 3484 asper-

489 3511 632 3572 nari,
663 3509 904 3576 quamvis
948 3507 1184 3560 omnimn
1249 3507 1324 3560 sis
1373 3507 1764 3575 stupidissinms
1807 3523 1870 3561 ac
1903 3508 2069 3576 neglio

489 3599 850 3668 geutissimus,
905 3597 1134 3666 majores
1173 3597 1378 3650 animos
1408 3598 1694 3666 concipies,
1741 3613 1802 3650 ac
1854 3596 2070 3651 delicias

489 3702 823 3756 contemues,
877 3692 1149 3760 pecuniam
1199 3691 1480 3759 despicies,
1508 3702 1562 3745 et
1607 3692 1656 3744 in
1697 3691 1844 3745 caelis
1869 3691 2067 3744 versari

491 3783 862 3851 concupisces.
922 3781 1072 3848 Quod
1112 3781 1156 3834 si
1185 3782 1371 3835 morbo
1397 3781 1471 3834 sis
1495 3781 1758 3845 detentus,
1789 3782 2069 3834 maximam

493 3873 586 3926 tibi
625 3872 890 3942 patientia:
917 3871 1248 3926 occasionem
1281 3865 1592 3940 praebebunt
1624 3881 1910 3942 martyrum
1955 3887 2074 3941 pas-

493 3967 672 4021 siones
715 3984 727 4018 :
774 3964 914 4033 quod
973 3963 1022 4018 .si
1079 3974 1386 4035 paupertate
1438 3965 1728 4033 premeris,
1783 3965 1894 4018 sive
1956 3963 2072 4018 aliis

493 4057 767 4125 quibusvis
804 4057 1057 4109 aerumnis
1097 4057 1324 4120 rexeris,
1375 4056 1584 4124 quoties
1610 4056 1792 4108 oculos
1839 4055 2074 4108 adacer—

494 4147 712 4201 bitatem
741 4155 1146 4212 tormentorum,
1169 4162 1288 4215 quae
1310 4146 1382 4200 illi
1409 4147 1706 4201 sustinuere
1725 4188 1738 4208 ,
1768 4155 2070 4209 convertes,

495 4238 848 4292 sufﬁcientem
891 4238 1153 4292 malorum
1179 4239 1435 4305 omnium,
1463 4238 1882 4308 quibuscumque
1907 4252 2072 4291 vexe-

498 4328 1027 4392 ris,consolattonein
1051 4329 1331 4398 percipies.
1360 4329 1646 4397 Propterea
1677 4329 1910 4381 maxime
1935 4341 2077 4381 com-

499 4418 912 4474 mcmorationes
953 4419 1114 4488 diligo
1141 4427 1470 4489 martyrum,
1497 4417 1659 4486 diligo
1679 4426 1734 4470 et
1759 4417 2071 4485 amplector,

500 4522 658 4581 atque
681 4526 868 4566 omnes
893 4511 1130 4581 quidem,
1162 4511 1255 4566 sed
1279 4521 1387 4564 tum
1421 4512 1706 4579 praecipue,
1739 4525 1856 4564 cum
1889 4511 2075 4564 mulie-

500 4619 618 4660 rum
645 4605 934 4658 certamina
977 4613 1362 4673 proponuntur.
1395 4603 1604 4669 Quanto
1647 4605 1788 4657 enim
1819 4602 2078 4657 inﬁrmius

496 4705 582 4750 est
611 4713 702 4750 vas
724 4696 772 4764 (Ι
800 4696 916 4750 Pet.
941 4697 992 4750 5.
1019 4695 1072 4767 7)
1098 4738 1113 4760 ,
1166 4704 1312 4750 tanto
1355 4691 1524 4763 major
1567 4705 1649 4748 est
1701 4696 1866 4764 gratia
1887 4738 1902 4759 ,
1933 4703 2078 4750 tanto

501 4787 756 4842 illustrius
786 4797 870 4842 est
915 4796 1192 4857 tropmum,
1227 4794 1372 4840 tanto
1407 4785 1666 4856 insignior
1709 4784 1946 4851 victoria,
1973 4801 2078 4839 non

499 4880 573 4932 ob
620 4879 1032 4934 imbecillitatem
1085 4893 1250 4932 sexus
1295 4878 1635 4942 athletarum,
1663 4877 1758 4931 sed
1797 4877 1936 4946 quod
1983 4891 2078 4945 per

497 4982 564 5022 ca
588 5011 601 5032 ,
631 4969 820 5034 quibus
867 4970 1066 5024 vicerat
1105 4969 1383 5034 inimicus,
1433 4983 1574 5022 nunc
1625 4969 1781 5022 etiam
1815 4968 2076 5022 vincatur.

501 5058 604 5112 Per
654 5059 904 5128 virginem
947 5060 1072 5114 olim
1104 5059 1362 5114 Adamum
1399 5059 1643 5116 diabolus
1669 5060 1955 5127 interemit,
1987 5075 2080 5128 per

501 5151 762 5221 virginem
783 5152 976 5206 deinde
995 5152 1238 5206 Ghristus
1278 5153 1546 5206 diabolum
1575 5153 1844 5221 superavit
1870 5170 1884 5204 :
1913 5163 1965 5207 et
1992 5154 2080 5207 ille

500 5243 728 5311 gladius,
781 5257 938 5312 quem
963 5243 1074 5311 ipse
1115 5243 1166 5296 in
1197 5258 1294 5297 nos
1323 5253 1626 5308 exacuerat,
1651 5253 1810 5312 caput
1833 5243 2082 5299 draconis

499 5333 814 5403 amputavit,
857 5333 998 5404 quod
1047 5332 1100 5387 in
1146 5334 1355 5387 Davidis
1395 5349 1606 5403 quoque
1657 5333 1836 5386 duello
1861 5334 2082 5403 contigit

500 5425 580 5493 (ι.
609 5424 734 5494 Reg.
769 5425 884 5494 17).
935 5423 1068 5479 Nam
1123 5423 1569 5493 quemadmodum
1629 5423 1861 5478 Goliatbi
1923 5437 2082 5494 caput

499 5528 634 5568 ense
683 5515 960 5571 barbarico
999 5515 1175 5584 justus
1199 5515 1288 5568 ille
1324 5529 1544 5567 currens
1559 5513 1808 5579 abscidit,
1840 5516 1908 5569 ita
1941 5529 2083 5569 nunc

499 5617 662 5662 etiam
713 5608 810 5662 ﬁt:
859 5624 954 5676 per
995 5607 1272 5662 mulierem
1310 5607 1454 5673 vicit,
1487 5621 1582 5674 per
1629 5607 1904 5662 mulierem
1927 5623 2082 5677 supe—

501 5707 653 5757 ratus
681 5711 783 5756 est.
837 5699 946 5757 lloc
989 5701 1132 5756 illius
1155 5711 1313 5757 antea
1363 5700 1524 5756 telum
1574 5709 1730 5770 erat,
1771 5701 1886 5756 ‘hoc
1937 5701 2078 5756 illius

1173 313 1228 367 S.
1269 306 1539 364 JOANNIS
1575 287 2036 359 CllRYSOSTOMl
2075 283 2386 342 AthlllEP.
2429 271 2956 335 CONSTANTINOP.

3606 259 3712 315 883

2125 413 2266 452 nunc
2293 394 2454 449 credis
2495 393 2688 445 factum
2729 397 2811 442 est
2835 385 3265 445 instrumentum,
3293 378 3391 434 hoc
3425 391 3516 432 vas
3541 390 3711 444 appa-

2125 487 2229 541 ruit
2283 481 2655 554 insuperabile.
2691 477 2935 533 Peccavit
2975 476 3060 528 illa
3091 473 3253 543 prior,
3285 480 3339 526 et
3364 477 3572 524 mortua
3597 476 3716 530 est;

2128 581 2224 633 ista
2271 585 2480 631 mor-tua
2533 581 2634 634 est,
2689 585 2758 626 ne
2801 563 3047 638 peccaret
3081 565 3206 619 :illa
3265 571 3375 616 tum
3405 559 3570 613 futilis
3595 573 3721 626 pro-

2131 669 2278 723 missi
2323 681 2418 736 spe
2467 662 2644 718 inflata
2671 662 2762 715 Dei
2789 661 2935 728 leges
2963 655 3197 718 \iolavit,
3227 654 3342 707 lure
3385 653 3545 705 vitam
3585 663 3726 718 prato

2131 768 2336 815 sentem
2363 754 2700 822 contempsit,
2747 765 2815 804 ne
2857 749 3010 802 ﬁdem
3041 748 3092 800 in
3131 760 3286 799 suum
3323 741 3721 797 benefactnnem

2135 853 2386 920 eiuraret.
2423 847 2594 911 Quam
2641 844 2798 912 igitur
2821 840 3072 908 deinceps
3107 848 3328 904 sperare
3355 841 3726 902 poterentu-

2136 941 2465 996 cusationem
2491 937 2611 1000 viri,
2645 935 2688 988 si
2720 932 2911 986 molles
2949 930 3056 982 sint
3080 937 3132 981 et
3153 925 3356 996 ignavi,
3385 937 3542 992 quam
3595 933 3726 972 vero

2143 1035 2389 1099 veniam,
2442 1045 2562 1085 cum
2609 1027 2816 1080 fortiter
2863 1038 2926 1078 ac
2987 1021 3210 1074 viriliter
3253 1033 3312 1071 se
3355 1023 3543 1085 gerant
3609 1029 3730 1067 mu-

2141 1125 2342 1182 lieres?
2395 1137 2515 1178 cum
2565 1119 2700 1174 adeo
2729 1133 2786 1170 se
2812 1127 3074 1185 generose
3099 1111 3164 1164 ad
3195 1108 3484 1164 certamina
3515 1106 3730 1174 pictatis

2143 1216 2458 1288 accingunt?
2496 1213 2627 1268 Nam
2675 1223 2848 1278 neque
2897 1219 3075 1270 sexus,
3105 1219 3205 1256 nee
3230 1213 3358 1254 :rtas
3387 1213 3558 1268 neque
3583 1195 3728 1250 aliud

2145 1311 2433 1382 quidquam
2493 1313 2667 1375 potest
2719 1299 3158 1369 impedimentum
3203 1293 3460 1360 objicere,
3507 1289 3550 1342 si
3591 1289 3734 1342 adsit

2147 1403 2393 1457 alacritas
2431 1396 2632 1458 animi,
2683 1401 2737 1447 et
2781 1392 2959 1455 zelus,
3011 1399 3067 1442 et
3115 1385 3310 1439 ardens
3337 1382 3507 1445 ﬁdes;
3539 1380 3734 1448 hisque

2149 1495 2397 1552 omnibus
2425 1491 2517 1544 Dei
2571 1488 2722 1542 nobis
2748 1485 2970 1556 gratiam
3010 1479 3376 1538 conciliemus,
3404 1472 3544 1542 quod
3575 1472 3734 1524 beata

2153 1589 2401 1644 nimirum
2447 1585 2544 1638 ista
2587 1579 2852 1649 prazstitit.
2892 1574 3010 1629 Fuit
3057 1571 3197 1625 enim
3233 1567 3306 1621 illi
3333 1579 3526 1634 corpus
3565 1562 3738 1617 imbe-

2153 1683 2354 1744 cillum,
2402 1687 2456 1731 et
2499 1673 2759 1728 obnoxius
2787 1682 2945 1724 sexus
2987 1663 3214 1732 injuria‘,
3269 1669 3324 1712 et
3354 1657 3530 1726 junior
3568 1663 3734 1714 aetas;

2153 1781 2520 1826 verumtamen
2569 1764 2761 1817 hormn
2806 1757 3045 1812 onmium
3107 1747 3521 1804 imbecillitatem
3569 1743 3736 1796 adve.

2157 1866 2309 1919 uicus
2351 1859 2518 1930 gratia
2564 1851 2867 1915 occultavit,
2917 1845 3009 1900 ubi
3053 1853 3368 1913 generosam
3409 1835 3572 1890 animi
3623 1833 3739 1885 ala-

2157 1925 2399 2010 critatem
2443 1945 2680 2010 olfendit,
2723 1951 2777 1996 et
2807 1945 3138 1993 constantem
3185 1931 3361 1995 ﬁdem,
3415 1939 3468 1982 et
3505 1925 3742 1978 animam

2159 2049 2222 2098 ad
2270 2039 2543 2097 subeunda
2589 2033 2820 2106 pericula
2853 2036 3221 2100 prteparatam.

2230 2139 2283 2192 Δ.
2321 2135 2383 2190 S.
2417 2131 2622 2186 Drosidi
2682 2124 2970 2196 propositus
3014 2135 3185 2188 rogus.
3239 2114 3510 2182 Compara!
3561 2123 3744 2179 rogum

2161 2247 2275 2284 cum
2307 2230 2443 2300 [ovile
2487 2237 2532 2277 et
2572 2211 3036 2292 fornace—Nihil
3070 2210 3212 2264 enim
3255 2215 3374 2270 est,
3427 2202 3556 2256 nihil
3589 2200 3745 2269 plane

2164 2296 2430 2393 potentius
2456 2325 2538 2370 est
2563 2328 2628 2368 co
2649 2355 2663 2378 ,
2695 2311 2783 2380 qui
2809 2320 2999 2376 magno
3025 2317 3144 2357 cum
3171 2300 3345 2355 studio
3377 2298 3467 2351 Dei
3497 2296 3744 2348 timorem

2163 2413 2355 2466 habeat
2382 2410 2435 2462 in
2467 2405 2648 2460 mente
2665 2402 2916 2462 defixum,
2941 2395 3034 2450 sed
3058 2391 3296 2463 quamvis
3318 2390 3486 2460 ignes,
3503 2383 3748 2455 quamvis

2165 2505 2365 2560 ferrum
2390 2544 2403 2568 .
2433 2498 2675 2570 quamvis
2701 2493 2898 2548 bestias
2919 2531 2934 2555 ,
2973 2486 3214 2558 quamvis
3241 2481 3382 2536 aliud
3407 2479 3616 2550 quidvis
3641 2477 3750 2530 mi-

2165 2605 2356 2651 nentur
2387 2595 2565 2646 hostes
2587 2631 2600 2654 ,
2630 2587 2806 2642 omnia
2837 2583 2982 2637 nullo
3010 2579 3220 2648 negotio
3251 2573 3575 2637 contemnit,
3605 2571 3752 2640 quod

2167 2691 2348 2754 utique
2381 2691 2531 2736 licata
2559 2679 2658 2732 ista
2697 2677 2879 2731 Drosis
2907 2675 3067 2728 etiam
3114 2669 3257 2724 fecit.
3292 2667 3575 2733 Postquam
3603 2663 3752 2718 enim

2167 2791 2351 2846 rogum
2385 2783 2641 2846 tyrannus
2683 2766 3148 2832 accenditmeque
3191 2759 3332 2814 enim
3361 2758 3412 2811 in
3441 2753 3755 2810 barathrum

2169 2868 2309 2922 illam
2357 2863 2679 2934 praecipitem
2725 2860 2867 2929 egit,
2915 2871 3089 2924 neque
3131 2853 3303 2922 capite
3351 2849 3646 2910 truncavit,
3687 2859 3758 2901 ne

2173 2955 2418 3027 supplicii
2449 2955 2678 3008 brevitas
2707 2949 2915 3004 facilius
2947 2947 3025 3000 illi
3053 2954 3321 2999 certamen
3351 2941 3625 3001 redderet;
3658 2935 3756 2990 sed

2169 3051 2348 3102 animo
2377 3049 2492 3114 ejus
2521 3043 2740 3112 cupiens
2766 3049 3021 3094 terrorem
3053 3037 3310 3092 incutere.
3341 3041 3497 3100 atque
3527 3029 3760 3083 indomi-

2173 3149 2282 3194 tam
2309 3139 2422 3207 ejus
2453 3145 2684 3190 mentem
2713 3131 2825 3201 rogi
2867 3139 3082 3199 aspectu
3111 3125 3398 3195 superare;
3435 3123 3486 3176 in
3520 3121 3756 3175 medium

2173 3233 2316 3286 illam
2345 3227 2583 3299 protulit.
2613 3225 2746 3280 Cum
2775 3225 2936 3293 igitur
2960 3235 3146 3290 rogum
3179 3216 3526 3276 accendisset,
3557 3227 3622 3267 ac
3651 3213 3752 3265 for-

2177 3337 2360 3376 nacem
2389 3321 2801 3378 inﬂammasset,
2835 3323 2992 3382 atque
3041 3313 3091 3364 in
3132 3323 3392 3364 summam
3423 3303 3756 3359 altitudinem

2172 3413 2522 3475 attolleretur,
2553 3411 2668 3463 lucc
2691 3423 2811 3462 cum
2841 3413 3087 3460 cerneret
3113 3403 3264 3455 beata
3293 3407 3514 3468 martyr,
3543 3395 3756 3449 inﬂam-

2177 3507 2420 3563 mabatur
2465 3505 2575 3574 ipsa
2608 3515 2816 3570 quoque
2858 3505 3016 3568 atque
3056 3509 3237 3550 amore
3271 3491 3468 3548 Christi
3506 3487 3757 3548 ardebat.

2175 3600 2442 3667 triumque
2471 3607 2752 3664 puerormn
2786 3603 3009 3656 memor,
3040 3601 3220 3642 secum
3249 3587 3360 3654 ipsa
3389 3583 3682 3650 reputabat,
3702 3595 3762 3634 se

2179 3691 2231 3742 in
2271 3687 2581 3741 societatem
2628 3682 2975 3738 certaminum
3029 3677 3236 3731 illorum
3291 3673 3502 3736 venire,
3549 3671 3765 3738 sibique

2175 3777 2387 3832 easdem
2425 3790 2545 3830 cum
2575 3773 2677 3828 illis
2707 3785 2932 3826 coronas
2961 3767 3182 3836 imponi.
3217 3765 3284 3818 Et
3313 3761 3764 3834 quemadmodum

2180 3867 2363 3922 furiosi
2389 3865 2524 3920 nihil
2553 3877 2760 3925 eorum,
2789 3875 2908 3930 qua:
2934 3865 3244 3919 cernuntur,
3279 3863 3432 3926 prout
3456 3861 3536 3906 est
3555 3851 3761 3912 vident,

2177 3961 2270 4016 sed
2295 3963 2408 4014 sive
2443 3967 2719 4012 exacututn
2748 3951 2980 4024 gladium
3029 3948 3278 4010 viderint,
3315 3947 3366 3998 in
3409 3945 3577 4013 ipsum
3611 3942 3766 3996 facile

2181 4053 2480 4123 prmcipites
2511 4053 2750 4112 irruuut,
2780 4047 2892 4100 sive
2913 4058 3120 4114 rogum,
3153 4043 3266 4096 sive
3289 4039 3622 4100 barathrum,
3651 4037 3766 4089 sive

2179 4145 2547 4215 praecipitium,
2577 4145 2685 4195 sive
2709 4139 2942 4208 pelagus,
2967 4138 3076 4190 sive
3097 4133 3234 4187 aliud
3256 4131 3481 4201 quidvis,
3503 4128 3768 4196 intrepide

2179 4251 2236 4292 se
2285 4237 2336 4288 in
2376 4245 2560 4288 cuncta
2595 4232 2878 4301 projiciuut
2910 4247 2921 4283 :
2951 4229 3026 4282 sic
3063 4237 3115 4280 et
3163 4227 3261 4280 ista
3303 4224 3476 4277 furore
3523 4237 3627 4274 non
3673 4219 3768 4274 tali

2179 4338 2441 4396 correpta,
2475 4325 2631 4388 absit,
2663 4323 2757 4378 sed
2786 4322 2891 4375 alio
2922 4319 3104 4390 quavis
3136 4315 3412 4386 prudentia
3445 4312 3766 4377 honestiori,

2179 4417 2482 4486 Christique
2524 4429 2703 4468 amore
2747 4422 3020 4481 correpta,
3073 4409 3200 4462 nihil
3245 4421 3429 4461 eorum
3471 4419 3589 4474 quae
3641 4413 3770 4456 sunt

2183 4510 2348 4562 oculis
2387 4505 2624 4575 subjecta
2670 4501 2973 4572 spectabat,
3023 4499 3113 4554 sed
3159 4499 3210 4552 in
3255 4496 3441 4551 ca'lum
3488 4493 3766 4558 translata,

2183 4601 2413 4668 illucque
2451 4597 2560 4666 jam
2609 4603 2788 4649 mente
2834 4591 3187 4660 commigrans
3229 4587 3403 4641 omnia
3450 4584 3587 4638 mala
3632 4599 3769 4636 con-

2187 4690 2472 4752 temnebat,
2502 4697 2555 4742 et
2583 4688 2754 4756 ignem
2777 4699 2879 4739 non
2910 4685 3104 4751 ignem,
3136 4679 3228 4735 sed
3254 4695 3426 4732 rorem
3455 4691 3575 4730 esse
3600 4674 3767 4728 duce-

2186 4784 2296 4838 bat:
2315 4780 2670 4848 Quamobrem
2697 4791 2883 4845 rogum
2909 4775 3052 4827 illum
3081 4787 3178 4840 ego
3206 4779 3259 4823 et
3291 4769 3486 4822 fontem
3509 4779 3770 4835 aquarum

2187 4871 2637 4942 liuipitlissimum,
2695 4877 2752 4920 ct
2781 4869 3060 4918 tineturam
3101 4861 3381 4930 quamdam
3413 4857 3686 4920 cximimu,
3715 4865 3770 4908 ct

2189 4965 2456 5018 fornacem
2494 4959 2856 5014 conﬁatoriam
2889 4955 3117 5022 appello.
3149 4951 3280 5005 Nam
3321 4947 3774 5019 quemadmodum

2188 5058 2240 5112 in
2274 5057 2486 5111 fornace
2514 5067 2719 5114 aurum,
2744 5051 2818 5102 sic
2841 5059 2892 5102 et
2915 5049 3055 5100 illius
3080 5046 3229 5098 beata
3259 5044 3429 5095 anima
3460 5057 3554 5110 per
3581 5055 3776 5108 rogum

2188 5151 2334 5204 illum
2379 5149 2561 5217 purior
2603 5145 2939 5199 reddebatur.
2982 5139 3347 5209 Liquelieliant
3393 5135 3532 5186 enim
3579 5148 3782 5185 carnes

2188 5241 2324 5310 ejus,
2353 5249 2406 5294 et
2434 5255 2551 5292 ossa
2581 5235 2944 5295 torrebantur,
2973 5231 3331 5285 exurebautur
3362 5225 3540 5286 nervi,
3571 5234 3625 5276 et
3655 5237 3780 5275 eur-

2187 5335 2332 5405 poris
2359 5332 2535 5386 sanies
2558 5329 2788 5398 undique
2811 5324 3072 5380 defluebat
3093 5340 3106 5374 :
3126 5330 3178 5374 at
3205 5321 3392 5373 anima:
3416 5315 3544 5370 ﬁdes
3570 5315 3780 5367 firmior

2187 5435 2238 5479 ct
2267 5423 2592 5493 splendidior
2618 5419 2796 5473 ﬁebat.
2826 5419 2996 5484 Atque
3041 5413 3114 5467 illi
3144 5411 3353 5481 quidem
3385 5408 3498 5461 lucc
3527 5405 3778 5458 videntes

2188 5517 2356 5586 ipsam
2398 5515 2567 5586 perire
2611 5513 2894 5567 censebant
2921 5525 2934 5562 :
2959 5507 3070 5560 luce
3095 5519 3225 5558 vero
3253 5501 3478 5570 amplius
3506 5513 3778 5567 expurga-

2187 5611 2362 5674 hator,
2385 5620 2435 5660 et
2465 5603 2911 5676 Quemadmodum
2940 5613 3150 5662 aurum,
3175 5593 3448 5664 imperitus
3465 5589 3554 5657 qui
3575 5588 3776 5652 adstat,

2189 5709 2241 5755 et
2281 5699 2540 5768 liquelteri
2570 5695 2708 5751 videt
2745 5709 2807 5748 ac
2847 5691 3124 5754 diffluere,
3163 5699 3388 5756 cumque
3407 5683 3595 5738 cinere
3619 5695 3774 5736 com-
