4080 6198
279 231 385 289 637

351 343 422 413 γ’.
470 341 611 395 Ἀλλ’
644 344 896 398 ἐντεῦθεν
923 343 1042 414 μὲν.
1067 345 1150 397 ὅτι
1172 345 1267 414 τῆς
1298 342 1578 406 ἀσθενείας
1611 341 1718 395 τῶν
1746 340 1862 394 δαι-

289 416 462 500 μόνων
491 429 712 501 ἔλεγχος
743 435 772 484 6
794 431 901 484 τῶν
924 431 1216 503 μαρτύρων
1245 432 1361 483 ἐστὶ
1395 431 1645 493 θάνατος,
1670 425 1863 482 ἀποδέ-

285 519 518 572 δεικται·
549 519 632 572 ὅτι
665 518 720 572 δὲ
749 519 840 572 καὶ
877 521 972 590 τῆς
993 518 1349 590 ἀναισθησίας
1375 517 1554 572 αὑτῶν
1585 520 1700 570 ἐστι
1731 532 1862 568 κατ·

286 605 484 675 ηγορία
527 604 588 658 τδ
637 607 902 676 πρᾶγμα,
935 606 1094 676 δῆλον
1128 606 1357 659 ἐκεῖθεν.
1388 605 1558 659 Ὅταν
1587 607 1696 676 γὰρ
1718 596 1863 658 οῦτοι

291 693 408 764 μὲν,
447 695 497 746 οί
534 694 808 766 μάρτυρες
832 694 996 763 λέγω,
1030 693 1242 766 σώματι
1274 695 1367 748 καὶ
1402 695 1657 762 φυσικαῖς
1700 690 1866 759 ἀνάγ-

288 797 412 844 καις
435 782 803 853 ὑποκείμενοι,
839 782 933 835 καὶ
962 782 1128 836 πολὺν
1153 781 1354 835 ὀδυνῶν
1387 781 1541 851 ὄχλον
1573 781 1666 833 καὶ
1693 780 1862 850 ἀλγη-

287 868 450 921 δόνων
477 869 693 939 ἔχοντες
724 869 1082 941 περιεστῶτα.
1118 869 1212 921 καὶ
1247 869 1337 922 τὸν
1368 868 1632 938 ἐπίκηρον
1660 867 1864 930 ζῶντες

292 955 423 1024 βίον,
453 957 548 1008 καὶ
582 956 948 1027 διατρίϐοντες
979 957 1070 1010 ἐπὶ
1099 957 1223 1027 γῆς,
1251 955 1394 1009 οὑτω
1438 955 1735 1026 φαίνωνται
1768 955 1866 1024 τῆς

291 1043 570 1113 παρούσης
597 1043 974 1114 ὑπερορῶντες
1003 1042 1146 1114 ζωῆς
1175 1043 1265 1097 διά
1292 1043 1391 1114 τὴν
1418 1042 1547 1113 περὶ
1584 1042 1676 1096 τὸν
1713 1040 1863 1112 [692]

291 1130 629 1201 πεποιηκότα
680 1131 864 1193 αὐτοῖς
919 1129 1052 1182 Θεὸν
1098 1130 1355 1201 ἀγάπην·
1411 1131 1610 1182 ἐκεῖνοι
1664 1128 1720 1181 δὲ
1773 1128 1868 1181 καὶ

291 1217 489 1286 σαρκὸς
519 1216 929 1288 ἀπηλλαγμένοι
961 1218 1054 1271 καὶ
1085 1218 1266 1290 πάσης
1303 1217 1506 1290 ταύτης
1549 1217 1740 1290 ὀδύνης
1774 1219 1867 1270 καὶ

289 1304 578 1375 ἀλγηδόνος
604 1303 746 1358 οὑτω
776 1303 1072 1372 φαίνωνται
1102 1305 1470 1376 ὲξυϐρικότες,
1499 1305 1592 1358 καὶ
1617 1303 1869 1375 ἀγνώμο·

292 1408 379 1454 νες
413 1391 542 1462 περὶ
578 1389 672 1444 τὸν
709 1391 1005 1462 εὐεργέτην
1046 1393 1425 1463 γεγενημένοι,
1457 1393 1614 1446 ποίαν
1657 1391 1868 1456 ἕξουσιν

290 1478 620 1546 ἀπολογίαν;
663 1478 789 1532 τίνα
829 1478 1193 1549 συγγνώμην;
1239 1479 1510 1550 Οὐδεμίαν
1547 1479 1866 1550 οὐδαμόθεν,

291 1567 388 1636 τῆς
420 1567 624 1621 τούτων
667 1567 870 1639 ἀρετῆς
907 1567 1004 1639 τὴν
1044 1568 1272 1622 ἐκείνων
1309 1567 1511 1624 κακίαν
1559 1571 1625 1623 ἐκ
1669 1568 1867 1622 πολλοῦ

289 1654 384 1708 τοῦ
423 1655 704 1725 περιόντος
729 1655 1190 1726 κατακρινούσης.
1233 1656 1307 1710 Οὐ
1340 1656 1450 1727 γάρ
1491 1656 1556 1726 δὴ
1589 1655 1750 1726 μόνον
1777 1657 1871 1709 ἀν-

291 1741 542 1812 θρώπους
573 1740 867 1813 ἄνθρωποι,
896 1744 947 1796 οί
980 1743 1380 1815 σπουδαιότεροι
1409 1745 1538 1807 τοὺς
1569 1743 1871 1814 ῥᾳθυμοτέ-

292 1845 420 1899 ρους
445 1827 883 1899 κατακρίνουσιν,
918 1828 1032 1881 ἀλλ’
1059 1828 1158 1900 ἤδη
1183 1830 1278 1882 καὶ
1304 1829 1504 1892 αὐτοὺς
1524 1831 1650 1891 τοὺς
1679 1828 1766 1882 δαί
1775 1845 1870 1899 μο-

291 1933 387 1977 νας
414 1917 448 1986 ἡ
474 1915 676 1968 τούτων
695 1914 1046 1980 καταδικάζει
1080 1914 1302 1987 σπουδή.
1333 1917 1442 1970 Καὶ
1467 1915 1641 1970 ταῦτα
1661 1915 1874 1979 Παῦλος

290 2001 526 2073 ἐδήλωσε
557 2002 752 2070 λέγων·
785 2003 900 2055 Οὐκ
927 2002 1105 2055 οἴδατε
1138 2003 1220 2056 ὅτι
1249 2003 1516 2071 ἀγγέλους
1547 2002 1870 2073 κρινοῦμεν;

295 2091 424 2160 μήτι
450 2107 514 2159 γε
551 2090 808 2160 βιωτικά;
838 2090 964 2154 τοὺς
990 2089 1082 2143 τοῦ
1107 2090 1358 2144 διαϐόλου
1389 2090 1562 2159 λέγων
1588 2091 1873 2160 ἀγγέλους,

289 2178 418 2240 τοὺς
455 2177 788 2240 ἀποστάτας.
819 2177 928 2229 Καὶ
954 2177 1070 2240 πῶς
1093 2175 1387 2250 κρινοῦμεν
1420 2179 1638 2242 αὐτοὺς,
1669 2179 1871 2249 φησίν;

293 2264 432 2334 Οὐχὶ
479 2263 778 2336 καθήμενοι
830 2264 926 2317 καὶ
959 2263 1186 2328 εὐθύνας
1225 2265 1422 2328 αὐτοὺς
1469 2267 1873 2330 ἀπαιτοῦντες,

291 2351 431 2404 ἀλλά
456 2351 526 2405 δι’
559 2350 834 2423 ἡμετέρας
870 2351 1105 2423 σπουδῆς
1133 2352 1231 2423 τὴν
1261 2353 1486 2406 ἐκείνων
1524 2358 1879 2425 κατακρίνον-

290 2459 384 2504 τες
412 2440 705 2512 ρᾳθυμίαν.
743 2439 922 2512 Ὅπερ
947 2437 1042 2495 οὖν
1069 2443 1165 2495 καὶ
1187 2443 1319 2496 αὐτὸ
1347 2442 1524 2512 δηλῶν
1551 2442 1705 2511 ἔλεγε
1731 2457 1745 2472 ·
1772 2441 1879 2495 Καὶ

290 2530 345 2582 εί
371 2528 443 2580 ἐν
473 2525 618 2597 ὑμῖνί
640 2528 901 2595 κρίνεται
929 2531 961 2582 ό
991 2529 1219 2598 κόσμος
1239 2544 1252 2558 ·
1281 2530 1380 2582 οὐκ
1402 2526 1554 2582 εἶπεν
1582 2529 1668 2598 ἐφ’
1702 2528 1876 2598 ὑμῶν,

293 2615 433 2669 ἀλλά
461 2616 528 2668 δι’
554 2615 725 2686 ὑμῶν.
768 2617 980 2688 Ὠσπερ
1007 2616 1136 2669 ὅταν
1167 2616 1321 2688 λέγῃ·
1353 2616 1576 2686 Ἀνδρες
1601 2613 1879 2667 Νινευῖται

295 2704 710 2774 ἀναστήσονται,
744 2705 838 2757 καὶ
867 2703 1256 2776 κατακρινοῦσι
1291 2706 1388 2777 τῆν
1419 2703 1612 2772 γενεάν
1650 2703 1878 2773 ταύτην,

293 2791 396 2861 οὐχ
438 2791 514 2853 ὡς
544 2790 652 2843 τῶν
679 2791 979 2844 Νινευῖτῶν
1016 2792 1174 2860 λόγον
1201 2791 1575 2845 ἀπαιτούντων
1605 2793 1731 2854 τοὺς
1761 2791 1880 2843 τότε

295 2877 661 2941 ἀπιστοῦντας
713 2878 821 2931 τῶν
889 2877 1186 2944 Ἰουδαίων,
1231 2878 1347 2930 ἀλλ’
1379 2879 1454 2941 ώς
1498 2881 1598 2949 τῆς
1651 2878 1875 2932 ἐκείνων

299 2967 538 3029 πίστεως
573 2966 672 3034 τὴν
693 2965 900 3019 τούτων
921 2966 1178 3019 ἀπιστίαν
1207 2965 1696 3036 καταδικαζούσης.
1727 2967 1882 3019 Ἔστι

300 3056 396 3107 καὶ
426 3055 506 3115 εἰς
531 3053 729 3124 ἀρετὴν
761 3053 994 3124 μέγιστα
1021 3052 1324 3106 ἀπόνασθαι
1355 3055 1446 3106 καὶ
1477 3055 1555 3118 εἰς
1583 3053 1883 3126 ὑπεροψίαν

298 3141 409 3194 τῶν
434 3140 716 3212 παρόντων
743 3141 1085 3212 πραγμάτιον
1113 3141 1222 3196 ἀπὸ
1245 3142 1353 3195 τῶν
1377 3142 1689 3213 μαρτύρων.
1714 3144 1886 3198 Ὅταν

300 3229 411 3299 γὰρ
446 3227 564 3300 ίδῃς
594 3225 816 3291 τούτους
843 3228 1061 3298 ἀπάσης
1087 3227 1564 3300 καταφρονοῦντας
1587 3229 1686 3299 τῆς
1716 3229 1881 3301 ζωῆς,

301 3317 406 3371 κᾶν
463 3315 721 3368 ἀπάντων
777 3313 1228 3386 ἀναισθητότερος
1277 3313 1346 3390 ᾖς
1391 3317 1485 3369 καὶ
1523 3317 1882 3389 νωθρότατος,

301 3402 642 3475 ὐοᾷτηλότατον
673 3401 800 3475 δέξῃ
830 3401 1105 3474 φρόνημα,
1145 3405 1240 3456 καὶ
1273 3402 1622 3474 καταγελάσῃ
1653 3405 1883 3476 τρυφῆς,

302 3490 569 3562 ὑπερόψει
602 3490 902 3562 χρημάτων
921 3529 936 3554 ,
965 3491 1060 3542 καὶ
1090 3491 1449 3562 ἐπιθυμήσεις
1477 3493 1578 3562 τῆς
1619 3495 1736 3545 ἐκεῖ
1761 3493 1888 3546 δια-

252 3569 260 3578 ’
302 3579 521 3649 τριϐῆς·
551 3578 654 3631 κᾶν
675 3579 734 3630 ὲν
760 3577 1092 3649 ἀρρωστίαις
1114 3573 1201 3649 ᾖς,
1225 3581 1305 3642 εἰς
1333 3579 1608 3650 ὑπομονὴν
1631 3579 1885 3650 ἀφορμὴν

304 3666 454 3739 λήψῃ
499 3666 786 3736 μεγίστην,
825 3665 895 3719 τά
933 3665 1042 3718 τῶν
1075 3665 1366 3737 μαρτύρων
1400 3665 1699 3736 παθήματα
1724 3684 1738 3698 ·
1786 3669 1890 3720 xiv

307 3756 472 3824 πενίᾳ
516 3753 699 3826 πιέζῃ,
748 3753 852 3806 κᾶν
889 3751 1070 3805 ὁτιοῦν
1101 3753 1286 3822 ἓτερον
1325 3751 1434 3805 τῶν
1466 3753 1889 3822 χαλεπωτάτων,

308 3843 447 3914 πρὸς
483 3840 546 3893 τὸ
581 3840 810 3910 μέγεθος
858 3839 966 3892 τῶν
1003 3839 1232 3903 ἐκείνοις
1270 3839 1610 3909 ὲπαχθεισῶν
1647 3840 1894 3911 βασάνων

310 3929 526 4000 βλέπων
563 3926 843 3999 ἀρκοῦσαν
873 3926 1015 3991 ἕξεις
1044 3926 1393 3999 παραμυθίαν
1434 3927 1542 3980 τῶν
1573 3929 1895 3999 κατειληφό-

307 4034 418 4070 των
468 4017 724 4069 ἁπάντων
765 4015 975 4068 δεινῶν.
1005 4016 1106 4068 Διά
1133 4017 1290 4069 τοῦτο
1337 4016 1572 4084 μάλιστα
1614 4017 1752 4084 φιλῶ
1787 4017 1894 4068 τῶν

314 4103 614 4178 μαρτύρων
660 4103 760 4166 τάς
810 4105 1049 4174 μνήμας,
1096 4105 1190 4156 καὶ
1237 4103 1374 4172 φιλῶ
1423 4104 1518 4157 καὶ
1556 4103 1894 4174 ἀσπάζομαι,

312 4193 493 4253 πάσας
525 4191 646 4260 μὲν,
693 4189 926 4260 μάλιστα
951 4190 1006 4243 δὲ
1039 4191 1165 4242 ὅταν
1198 4194 1454 4259 γυναῖκες
1500 4191 1897 4261 ἀγωνιζόμεναι

314 4280 573 4350 τύχωσιν.
618 4280 768 4349 Ὂσῳ
793 4280 902 4350 γάρ
930 4279 990 4332 τὸ
1018 4278 1209 4342 σκεῦος
1232 4280 1636 4351 ἀσθενέστερον,
1662 4282 1900 4352 τοσούτῳ

317 4368 522 4437 μείζων
555 4371 588 4439 ἡ
619 4367 799 4438 χάρις,
829 4367 1069 4437 τοσούτῳ
1106 4367 1482 4438 λαμπρότερον
1509 4370 1570 4422 τὸ
1607 4370 1890 4440 τρόπαιον,

315 4455 557 4524 τοσούτῳ
585 4455 1023 4526 περιφανεστέρα
1051 4456 1083 4524 ἡ
1106 4455 1254 4525 νίκη,
1283 4457 1342 4508 οὐ
1369 4456 1459 4509 διὰ
1490 4458 1590 4527 τὴν
1617 4458 1900 4520 ἀσθένειαν

316 4545 418 4612 τῆς
448 4543 661 4611 φύσεως
693 4542 804 4595 τῶν
842 4542 1110 4613 ἀθλητῶν,
1147 4544 1260 4596 ἀλλ’
1296 4544 1377 4596 ὅτι
1421 4546 1515 4598 καὶ
1557 4539 1636 4608 οἷς
1668 4546 1902 4615 ἐκράτη-

319 4647 411 4683 σεν
450 4631 479 4682 ὁ
519 4629 732 4700 ἐχθρὸς,
764 4629 973 4693 τούτοις
1006 4631 1148 4685 ὲάλω
1175 4631 1289 4685 νῦν.
1322 4632 1420 4685 Διά
1455 4633 1724 4703 παρθένου
1767 4632 1898 4700 γοῦν

318 4715 608 4769 ἀπέκτεινε
633 4715 823 4788 πρώην
849 4716 942 4769 τὸν
983 4716 1152 4787 Ἀδὰμ
1177 4720 1204 4770 ὁ
1221 4718 1482 4783 διάϐολος,
1516 4718 1604 4772 διὰ
1632 4718 1902 4789 παρθένου

322 4804 463 4872 μετὰ
496 4803 670 4856 ταῦτα
709 4802 1120 4872 κατηγωνίσατο
1157 4805 1249 4858 τὸν
1277 4805 1519 4858 διάϐολον
1568 4809 1596 4860 6
1642 4807 1898 4877 Χριστος,

322 4893 417 4943 καί
452 4892 514 4942 τὸ
547 4889 698 4960 ξίφος
729 4891 866 4961 ὅπερ
897 4885 964 4960 ῆν
1001 4892 1339 4961 ἠκονημένον
1378 4893 1526 4962 αὑτῷ
1576 4895 1696 4947 καθ’
1726 4896 1901 4965 ἡμῶν,

322 4978 482 5030 τοῦτο
512 4975 611 5047 τὴν
639 4978 731 5030 τοῦ
758 4979 1052 5049 δράκοντος
1086 4979 1325 5050 ἀπέτεμε
1351 4981 1614 5050 κεφαλὴν,
1645 4985 1783 5053 ὅπερ
1812 4987 1905 5037 καὶ

323 5062 418 5113 ἐπὶ
441 5060 535 5112 τοῦ
558 5059 719 5112 Δαυῒδ
752 5061 962 5128 γέγονε.
992 5061 1259 5132 Καθάπερ
1299 5063 1405 5134 γὰρ
1430 5065 1551 5116 τότε
1583 5053 1695 5118 τοῦ⁸
1715 5067 1904 5120 ιὀλιὰθ

323 5145 422 5214 τὴν
455 5142 694 5214 κεφαλὴν
743 5146 772 5198 ὁ
797 5144 1004 5207 δίκαιος
1056 5146 1262 5208 ἐκεῖνος
1291 5145 1438 5216 αὐτῷ
1476 5148 1552 5218 τῷ
1589 5149 1907 5220 βαρϐαρικῷ

328 5225 473 5295 ξίφει
508 5223 734 5297 δραμὼν
768 5226 1068 5296 ἀπέκοψεν,
1108 5227 1251 5280 οὓτω
1285 5228 1348 5300 δὴ
1397 5231 1490 5282 καὶ
1529 5231 1622 5282 νῦν
1643 5249 1656 5263 ·
1689 5233 1778 5285 διὰ
1811 5250 1905 5301 γυ-

327 5309 516 5372 ναικὸς
544 5310 838 5380 ἐκράτησε,
876 5309 963 5363 διὰ
988 5311 1245 5378 γυναικὸς
1274 5313 1525 5384 ἥττηται.
1550 5315 1720 5368 Τοῦτο
1746 5318 1906 5372 ὅπλον

327 5388 396 5462 ἦν
430 5391 578 5463 αὑτῷ
616 5393 900 5465 πρότερον,
937 5393 1094 5449 τοῦτο
1124 5395 1220 5449 νῦν
1259 5398 1479 5467 γέγονεν
1507 5398 1654 5470 αὐτῷ
1697 5403 1909 5473 σφαγῆς

330 5476 594 5547 ὄργανον,
629 5475 789 5530 τοῦτο
818 5478 1010 5543 σκεῦος
1047 5479 1505 5549 ἀκαταγώνιστον.
1545 5483 1830 5554 Ἥμαρτεν
1877 5489 1909 5553 ᾖ

333 5558 573 5630 προτέρα
629 5560 724 5612 καὶ
776 5561 1076 5625 ἀπέθανεν,
1138 5565 1408 5619 ἀπέθανεν
1464 5565 1642 5638 αῦτη,
1694 5569 1780 5621 ἵνα
1836 5569 1896 5640 μί

331 5641 586 5716 ἁμάρτῃ·
648 5642 831 5714 ἐκείνη
887 5645 1008 5698 τότε
1061 5646 1274 5718 ψυχρᾶς
1332 5649 1677 5722 ὑποσχέσεως
1735 5653 1906 5708 ἑλπίδι

657 5747 930 5811 ΡΑτηοι.
977 5750 1094 5812 Gs.
1149 5753 1210 5815 L.
1481 5760 1484 5762 ’

1417 229 1505 284 DE
1544 226 1601 283 S.
1644 221 1943 280 DROSIDE
1978 218 2336 276 ΜΑιιῖγιιε.

3436 221 3538 275 εὸῗ

1969 339 2270 410 φυσηθεῖσα
2299 339 2424 401 τοὺς
2453 333 2545 388 τοῦ
2573 334 2706 388 Θεοῦ
2738 334 2929 404 νόμους
2961 333 3336 405 κατεπάτησεν
3361 353 3373 368 ο
3401 337 3541 409 αὓτη

1969 428 2065 481 καὶ
2097 428 2198 498 τῆς
2223 426 2502 499 παρούσης
2536 427 2906 498 κατεφρόνησε
2947 425 3112 498 ζωῆς,
3153 424 3294 480 ὥστε
3336 428 3411 499 μὴ
3445 430 3543 500 τὴν

1971 523 2052 584 είς
2112 521 2204 574 τὸν
2270 519 2563 592 εὐεργέτην
2625 521 2983 592 ἐξομόσασθαι
3038 520 3237 574 πίστιν.
3300 521 3396 584 Τίς
3451 517 3544 575 οὖν

1975 611 2126 685 [69³5]
2149 613 2215 667 ἂν
2237 613 2447 681 γένοιτο
2472 613 2657 667 λοιπὸν
2678 613 2899 685 ἀνδράσι
2932 613 3384 686 μαλακιζομένοις
3421 615 3548 668 ἀπο-

1974 705 2132 774 λογία
2148 745 2162 769 ,
2189 707 2274 769 τίς
2295 705 2352 758 δὲ
2385 704 2679 776 συγγνώμη
2698 747 2712 770 ,
2738 705 2864 759 ὅταν
2888 708 3142 775 γυναῖκες
3167 705 3546 777 ἀνδρίζωνταις

1968 799 2096 852 ὅταν
2118 796 2259 851 οὑτω
2284 798 2546 864 γενναίως
2575 797 2711 869 πρὸς
2739 798 2865 861 τοὺς
2891 797 2990 867 τῆς
3021 797 3297 861 εὐσεϐείας
3328 797 3546 862 ἀγῶνας

1969 888 2346 955 ἀποδύωνταις
2378 887 2513 942 Οῦτε
2535 889 2642 960 γάρ
2668 888 2848 957 φύσις,
2880 887 3004 941 οὐτε
3027 888 3232 958 ἡλικία,
3264 887 3390 941 οὐτε
3421 888 3549 942 ἄλλο

1969 981 2120 1033 οὐδὲν
2179 979 2468 1050 ἐμποδίσαι
2492 978 2694 1032 δύναιτ’
2748 978 2834 1040 ἂν,
2887 979 3013 1031 ὃταν
3057 977 3335 1049 προθυμία
3375 983 3547 1051 παρῇ,

1971 1069 2066 1124 καὶ
2095 1068 2279 1139 ζῆλος,
2302 1069 2396 1122 καὶ
2422 1068 2794 1140 πεπυρωμένη
2839 1068 3021 1130 πίστις
3041 1083 3053 1098 ·
3099 1069 3194 1120 καὶ
3223 1069 3312 1122 διὰ
3347 1068 3551 1122 τούτων

1971 1161 2230 1217 ἀπάντων
2274 1161 2372 1232 τὴν
2409 1159 2503 1214 τοῦ
2545 1159 2680 1213 Θεοῦ
2726 1160 2885 1231 χάριν
2925 1159 3382 1230 ἑπισπασώμεθα,
3417 1161 3446 1213 ὃ
3489 1162 3554 1232 δὴ

1975 1252 2069 1306 καὶ
2105 1252 2196 1306 ἐπὶ
2230 1252 2332 1321 τῆς
2364 1250 2638 1322 μακαρίας
2668 1251 2870 1322 ταύτης
2897 1252 3111 1319 γέγονε.
3133 1253 3244 1305 Καὶ
3271 1254 3378 1322 γάρ
3401 1252 3558 1306 ἀσθε-

1974 1343 2060 1408 νὲς
2091 1339 2159 1414 ἦν
2206 1343 2343 1412 αὐτῇ
2375 1341 2436 1395 τὸ
2463 1342 2674 1413 ισῶμα,
2708 1341 2801 1394 καὶ
2852 1342 3258 1413 εὑεπηρέαστος
3299 1344 3331 1413 ἡ
3372 1342 3554 1411 φύσις,

1973 1437 2066 1488 καὶ
2096 1433 2431 1505 ἀτελεστέρα
2473 1436 2505 1505 ἡ
2536 1433 2748 1504 ῆλικία,
2793 1434 2928 1487 ἀλλά
2977 1435 3195 1488 πάντων
3222 1433 3428 1488 τούτων
3459 1437 3557 1506 τὴν

1973 1527 2259 1584 ἀσθένειαν
2310 1525 2618 1580 ἐπελθοῦσα
2661 1529 2694 1597 ἡ
2751 1528 2911 1598 χάρις
2955 1527 3312 1598 ἀπέκρυψεν,
3367 1528 3557 1600 ἐπειδὴ

1974 1622 2282 1693 προθυμίαν
2315 1615 2472 1693 εὗρεν
2502 1619 2642 1691 αῦτη
2669 1618 2947 1688 γενναίαν,
2980 1623 3076 1674 καὶ
3100 1622 3279 1674 πίστιν
3309 1621 3559 1693 ἀδιάκρι-

1973 1732 2085 1776 τον,
2121 1715 2216 1767 καὶ
2246 1714 2425 1784 ψυχὴν
2459 1713 2595 1784 πρὸς
2625 1711 2904 1776 κινδύνους
2935 1713 3484 1786 παρεσκευασμένην.

2044 1807 2106 1861 δ’.
2132 1808 2206 1860 Οὐ
2236 1807 2345 1877 γάρ
2375 1806 2544 1871 ἐστιν,
2579 1806 2676 1858 οὐκ
2702 1805 2849 1858 ἔστιν
2881 1806 3035 1858 οὐδὲν
3065 1806 3434 1879 δυνατώτερον
3460 1806 3557 1861 τοῦ

1980 1900 2118 1972 μετά
2146 1899 2386 1968 σπουδῆς
2413 1898 2616 1968 πολλῆς
2636 1899 2727 1951 τὸν
2759 1897 2924 1966 φόϐον
2945 1898 3040 1951 τῶ
3071 1899 3204 1952 Θεοῦ
3230 1899 3443 1970 ἔχοντος
3469 1901 3561 1973 ὲῤ-

1981 1989 2304 2062 ριζωμένον,
2341 1988 2478 2042 ἀλλά
2507 1989 2609 2043 κᾶν
2648 1988 2778 2058 πῦρ,
2811 1986 2913 2040 κᾶν
2952 1989 3199 2060 σίδηρος,
3234 1990 3338 2052 κᾶν
3373 1989 3558 2060 οηρὲα,

1979 2081 2080 2136 κᾶν
2103 2082 2281 2135 ὁτιοῦν
2311 2081 2497 2153 ἕτερον
2537 2081 2850 2153 ἀπειλῆται,
2892 2083 3109 2137 πάντων
3144 2083 3387 2154 ὑπερορᾷ
3423 2080 3563 2151 μετὰ

1980 2174 2186 2245 πολλῆς
2231 2175 2330 2245 τῆς
2379 2173 2652 2239 εὐκολίας,
2690 2175 2942 2247 καθάπερ
2975 2172 3067 2229 οῦν
3099 2177 3193 2229 καὶ
3236 2176 3268 2245 ἡ
3316 2173 3562 2245 μακαρία

1981 2266 2118 2338 αῦτη
2141 2267 2356 2337 Δροσίς.
2392 2265 2610 2338 Ἐπειδὴ
2639 2265 2748 2337 γὰρ
2771 2259 2876 2338 ἧψε
2899 2267 2998 2335 τὴν
3026 2267 3202 2337 πυρὰν
3224 2269 3252 2318 6
3277 2265 3560 2336 τύραννος·

1981 2357 2102 2410 οὐδὲ
2130 2356 2239 2427 γάρ
2273 2355 2366 2408 ἐπὶ
2401 2354 2674 2428 βάραθρον
2718 2355 2886 2426 αὐτὴν
2916 2356 3146 2426 ᾕγαγεν,
3181 2353 3302 2406 οὐδὲ
3337 2355 3436 2422 τὴν
3468 2369 3566 2404 κε-

1983 2448 2158 2519 φαλὴν
2183 2448 2492 2518 ἀπέτεμεν,
2524 2447 2614 2501 ἵνα
2646 2447 2720 2518 μὴ
2750 2448 2811 2500 τὸ
2856 2446 3121 2517 σύντομον
3159 2445 3260 2516 τῆς
3298 2442 3566 2514 τιμωρίας

1983 2538 2350 2611 εὐκολώτερον
2380 2540 2517 2610 αὐτῇ
2566 2541 2769 2612 ποιήσῃ
2806 2538 2897 2592 τὸν
2939 2535 3120 2602 ἆθλον,
3169 2535 3398 2592 ἀλλά“τὸ
3433 2537 3566 2608 φρά-

1983 2649 2131 2702 νημα
2171 2630 2340 2703 αὐτῆς
2370 2630 2713 2700 καταπλῆξαι
2751 2632 3106 2702 βουλόμενος,
3140 2634 3232 2685 καὶ
3272 2633 3370 2703 τὴν
3411 2635 3568 2688 ἀδού-

1983 2721 2152 2774 λωτον
2185 2721 2366 2793 ψυχὴν
2419 2719 2792 2791 χειρώσασθαι
2826 2724 2890 2792 τῇ
2933 2723 3034 2792 τῆς
3074 2726 3252 2792 πυρᾶς
3299 2723 3440 2792 ὅψει,
3486 2725 3568 2784 είς

1987 2814 2154 2885 μέσον
2198 2813 2402 2884 ταύτην
2455 2813 2740 2866 ἐνέϐαλεν·
2787 2813 2972 2885 ἐπειδὴ
3017 2815 3198 2868 τοίνυν
3238 2815 3336 2884 τὴν
3388 2816 3568 2887 πυράν

1984 2907 2179 2978 ἀνῆψε,
2210 2907 2303 2959 καὶ
2329 2908 2362 2978 ἡ
2395 2906 2623 2977 κάμινος
2651 2905 2957 2968 ἀνεκαίετο,
2983 2907 3076 2958 καὶ
3111 2905 3247 2977 πρὸς
3282 2906 3413 2976 ὑψος
3438 2909 3568 2979 ᾔρει

1983 3017 2046 3053 το
2094 2998 2272 3069 μέγα,
2319 2997 2492 3051 ταῦτα
2546 2997 2819 3068 βλέπουσα
2861 3001 2894 3070 ἡ
2945 3000 3189 3070 μακαρία
3223 2999 3432 3071 μάρτυς
3471 3003 3568 3054 ἀν-

1986 3093 2187 3163 ήπτετο
2209 3091 2304 3144 καὶ
2331 3089 2469 3162 αὑτὴ
2491 3092 2556 3161 τῇ
2579 3089 2875 3162 προθυμίᾳ,
2896 3091 2987 3144 καὶ
3013 3091 3193 3156 ἀνέζει
3219 3091 3294 3163 τῷ
3316 3093 3449 3165 πυρὶ
3477 3093 3568 3146 τοῦ

1986 3182 2226 3254 Χριστοῦ
2251 3180 2441 3245 πόθου,
2464 3182 2573 3234 τῶν
2597 3181 2764 3251 τριῶν
2789 3183 3198 3254 ἀναμνησθεῖσα
3226 3184 3452 3246 παίδων,
3478 3186 3572 3239 καὶ

1987 3274 2320 3346 λογισαμένη
2360 3273 2497 3345 πρὸς
2543 3273 2777 3344 ἑαυτὴν,
2821 3274 2904 3326 ὅτι
2938 3277 3186 3326 κοινωνεῖ
3233 3277 3344 3338 τοῖς
3390 3274 3573 3337 ἄθλοις

1989 3367 2240 3431 ἐκείνοις,
2282 3366 2376 3419 καὶ
2406 3367 2530 3429 τοὺς
2558 3365 2756 3427 αὐτοὺς
2792 3364 3115 3435 ἐπιφέρεται
3146 3368 3442 3436 στεφάνους
3472 3368 3571 3421 αὐ-

1988 3461 2120 3522 τοῖς.
2147 3458 2258 3510 Καὶ
2287 3456 2540 3527 καθάπερ
2566 3457 2616 3508 οί
2641 3456 2943 3526 μεμηνότες
2972 3455 3123 3509 οὐδὲν
3146 3455 3253 3509 τῶν
3281 3459 3572 3528 ὁρωμένων

1993 3548 2282 3620 βλέπουσιν
2327 3547 2402 3610 ὡς
2452 3546 2633 3610 ἔστιν,
2692 3545 2830 3599 ἀλλά
2882 3545 2986 3599 κᾶν
3038 3545 3189 3614 ξίφος
3237 3548 3574 3618 ἠκονημένον

1993 3641 2164 3702 ἴδωσι,
2208 3637 2536 3692 κυϐιστῶσιν
2579 3636 2850 3704 εὐκόλως,
2897 3635 3000 3692 κᾶν
3031 3636 3228 3707 πυρὰν,
3260 3637 3362 3690 κᾶν
3406 3637 3575 3708 βάρα-

1994 3731 2142 3802 θρον,
2175 3730 2280 3783 κάν
2313 3729 2580 3800 κρημνὸν,
2614 3728 2717 3782 κᾶν
2746 3729 3001 3797 πέλαγος,
3035 3728 3138 3782 κᾶν
3164 3727 3340 3780 ὁτιοῦν
3367 3729 3570 3801 ἕτερον.

1994 3821 2164 3884 ἀδεῶς
2201 3820 2344 3875 κατά
2388 3821 2606 3874 πάντων
2652 3821 2878 3883 ἑαυτοὺς
2916 3819 3172 3888 ἀφιᾶσιν·
3209 3819 3349 3871 οὑτω
3378 3819 3442 3890 δὴ
3483 3823 3576 3874 καὶ

1996 3914 2136 3985 αῦτη
2168 3916 2398 3985 μανεῖσα
2432 3913 2629 3984 μανίαν
2653 3913 2771 3981 οὐχὶ
2789 3910 3066 3982 τοιαύτην,
3095 3911 3170 3982 μὴ
3197 3911 3435 3979 γένοιτοί
3462 3912 3575 3965 ἀλλ’

1997 4007 2189 4077 ἑτέραν
2232 4005 2415 4076 πάσης
2451 4003 2803 4074 σωφροσύνης
2837 4002 3189 4074 σεμνοτέραν,
3228 4003 3321 4056 καὶ
3369 4004 3448 4074 τῷ
3482 4004 3574 4056 τοῦ

1999 4099 2236 4171 Χριστοῦ
2275 4098 2508 4168 βαφεῖσα
2549 4097 2701 4167 πόθῳ
2729 4096 2882 4149 οὐδὲν
2911 4096 3019 4149 τῶν
3064 4096 3361 4168 ὁρωμένων
3406 4096 3572 4168 ἐώρα,

1999 4192 2134 4245 ἀλλά
2163 4190 2300 4262 πρὸς
2327 4190 2419 4244 τὸν
2447 4189 2674 4260 οὐρανὸν
2705 4187 3122 4260 μεταταξαμένη
3153 4189 3246 4243 καὶ
3272 4189 3371 4260 τὴν
3399 4189 3576 4261 ψυχὴν

1999 4283 2115 4334 ἐκεῖ
2156 4279 2449 4351 μεταθεῖσα
2476 4279 2692 4332 πάντων
2722 4278 2992 4347 κατεγέλα
3016 4279 3123 4332 τῶν
3151 4279 3361 4343 δεινῶν,
3396 4281 3490 4334 καὶ
3519 4282 3578 4333 τὸ

2001 4373 2112 4443 πῦρ
2144 4373 2264 4442 οὐχ)⁸
2297 4371 2429 4440 πῦρ,
2469 4369 2603 4423 ἀλλά
2630 4369 2816 4441 δρόσον
2850 4366 2988 4425 εἶναι
3020 4368 3258 4440 ἐνόμιζε.
3295 4370 3394 4424 Διά
3423 4371 3578 4424 τοῦτο

2000 4465 2111 4530 ἐγὼ
2139 4461 2235 4532 τὴν
2271 4460 2444 4531 πυρὰν
2473 4459 2709 4529 ἐκείνην,
2743 4461 2836 4513 καὶ
2875 4460 3056 4531 πηγὴν
3085 4461 3292 4514 ὑδάτων
3325 4461 3577 4531 καθαρω⁴

2001 4552 2190 4623 τάτην,
2217 4553 2310 4604 καὶ
2351 4551 2528 4620 βαφήν
2556 4567 2677 4604 τινα
2716 4549 3049 4620 θαυμασίαν,
3085 4553 3177 4604 καὶ
3216 4552 3580 4622 χωνευτήριον

2003 4642 2170 4698 καλῶ.
2200 4641 2310 4695 Καὶ
2336 4641 2443 4712 γάρ
2466 4640 2718 4709 καθάπερ
2738 4641 2793 4691 ὲν
2817 4640 3166 4711 χωνευτηρίῳ
3188 4641 3410 4712 χρυσὸς,
3435 4639 3579 4693 οὕτω

2003 4734 2098 4786 καὶ
2144 4732 2244 4802 τῆς
2292 4732 2568 4802 μακαρίας
2612 4731 2826 4800 ἐκείνης
2865 4732 2898 4800 ἡ
2930 4730 3075 4800 ψυχὴ
3148 4731 3237 4784 διά
3268 4731 3366 4801 τῆς
3399 4733 3580 4802 πυρᾶς

2002 4823 2206 4894 ταύτης
2236 4823 2596 4893 καθαρωτέρα
2637 4823 2863 4890 ἐγίνετο.
2913 4824 3292 4892 Κατετήκοντο
3334 4823 3432 4894 μὲν
3470 4824 3580 4894 γὰρ

2006 4917 2228 4988 σάρκες,
2253 4917 2346 4969 καὶ
2369 4918 2500 4969 ὀστᾶ
2522 4915 2906 4986 συνεφρύγετο,
2934 4917 3028 4970 καὶ
3052 4917 3370 4971 κατεκαίετο
3393 4918 3579 4990 νεῦρα.

2005 5007 2101 5062 καὶ
2128 5011 2156 5061 ὁ
2187 5005 2280 5059 τοῦ
2316 5005 2565 5076 σώματος
2611 5003 2744 5074 ἰχὼρ
2782 5004 3110 5074 πανταχόθεν
3154 5008 3442 5080 κατέρρει·
3477 5008 3576 5076 τῆς

2004 5101 2179 5171 ψυχῆς
2209 5099 2328 5168 δὲή
2370 5097 2548 5160 πίστις
2586 5097 2916 5168 στερροτέρα
2964 5097 3058 5150 καλ.
3100 5097 3423 5170 φαιδροτέρα
3465 5099 3579 5167 ἐγί-

2007 5211 2148 5248 νετο.
2185 5194 2442 5246 Κάκεῖνοι
2492 5190 2591 5260 μὲν
2633 5188 2801 5242 ταῦτα
2842 5190 3072 5261 ὁρῶντες
3111 5192 3360 5262 ἐνόμιζον
3414 5193 3584 5262 αὐτὴν

2008 5283 2361 5348 ἀπόλλυσθαι,
2393 5282 2531 5352 αὑτὴ
2553 5282 2607 5334 δὲ
2638 5280 3020 5352 ἐξεκαθαίρετο
3043 5283 3262 5354 μᾶλλον,
3289 5284 3382 5336 καὶ
3415 5282 3586 5336 καθά-

2011 5395 2116 5448 περ
2159 5375 2220 5428 τὸ
2259 5373 2478 5446 χρυσίον
2525 5375 2553 5426 ὁ
2599 5373 2694 5443 μὲν
2732 5372 2944 5444 ἰδιώτης
2975 5374 3146 5438 ἑστὼς
3193 5377 3287 5428 καὶ
3319 5375 3462 5445 ὁρῶν
3491 5394 3586 5446 τηε

2011 5469 2240 5539 κόμενον
2266 5467 2359 5520 καὶ
2387 5466 2686 5536 καταρρέον
2716 5467 2808 5520 καὶ
2831 5466 3266 5536 ἀναμιγνύμενον
3291 5469 3355 5538 τῇ
3381 5468 3579 5542 τέφρᾳ,

2017 5559 2350 5617 ἀπολωλέναι
2405 5557 2498 5612 καλ¹
2549 5558 2866 5630 διεφθάρθαι
2899 5557 3128 5627 νομίζει,
3160 5562 3188 5612 6
3229 5559 3283 5612 δὲ
3337 5560 3593 5633 τεχνίτης

2012 5654 2106 5709 καὶ
2161 5652 2403 5726 ἀκριϐῶς
2459 5648 2630 5704 ταῦτα
2686 5649 3044 5721 ἐπιστάμενος
3105 5648 3243 5706 οἶδεν
3293 5651 3375 5704 ὅτι
3415 5655 3604 5722 ταύτῃ

3231 5758 3302 5817 18
