4080 6198
290 325 391 384 639

293 438 524 506 misceri,
553 441 733 509 perire
761 441 1027 498 existimat
1049 454 1103 500 et
1131 450 1429 517 corrumpi;
1457 450 1643 506 artifex
1675 462 1875 516 autem,

289 541 342 584 et
365 545 453 598 qm
481 531 646 599 probe
674 532 775 586 ista
807 535 992 601 novit,
1042 537 1141 591 hac
1182 539 1385 593 ratione
1414 541 1594 610 purius
1623 542 1722 596 scit
1752 542 1878 596 illud
1911 586 1921 590 -

291 625 452 690 efﬁci,
480 639 543 678 ac
571 635 691 694 post
716 627 1048 682 exustionem
1077 630 1247 700 ipsum
1269 633 1413 686 omni
1440 649 1504 688 ex
1529 643 1678 704 parte
1705 635 1881 703 spicu-

290 705 468 768 didum
494 716 726 771 extrahit
753 726 807 773 et
838 723 1237 790 componit:sic
1268 725 1516 779 nimirum
1550 735 1602 780 et
1638 727 1721 781 isti
1752 743 1877 781 eve-

290 810 399 861 nit:
423 808 661 864 infideles
679 811 888 880 quidem
906 827 1025 867 cum
1046 815 1302 885 liquefieri
1324 833 1384 873 ac
1406 818 1643 874 diffluere
1664 835 1876 875 Carnem

289 901 401 966 ejus
443 901 727 970 viderent,
780 905 832 959 in
883 908 1120 963 cinerem
1167 910 1306 964 illam
1336 921 1388 965 et
1417 913 1688 982 pulverem
1732 916 1881 970 abire

288 995 609 1061 censebant;
652 1009 705 1056 at
735 997 917 1054 ﬁdeles
947 1011 1131 1056 exacte
1159 1014 1414 1058 noverant
1441 1021 1558 1059 eam
1597 1006 1666 1060 ita
1705 1007 1875 1076 lique-

291 1085 482 1140 factam
511 1087 697 1143 sordes
719 1104 905 1145 omnes
927 1091 1216 1162 deponere,
1244 1104 1403 1166 atque
1431 1098 1875 1153 inmortalitatem

289 1177 532 1248 adeptam
582 1182 993 1251 splendidiorem
1040 1188 1350 1245 ascendere.
1380 1187 1491 1244 Iino
1518 1192 1569 1245 in
1599 1191 1716 1262 ipso
1748 1210 1876 1264 rogo

290 1279 415 1325 ante
462 1275 910 1330 resurrectionem
971 1279 1104 1333 miro
1158 1281 1385 1350 quodam
1435 1282 1592 1337 modo
1640 1283 1889 1339 vincebat'

288 1363 629 1421 adversaries
652 1376 940 1436 potestates
966 1388 978 1424 :
998 1371 1258 1440 siquidem
1282 1374 1403 1444 igne
1422 1376 1669 1430 resoluta:
1689 1392 1878 1432 carnes

288 1467 408 1507 cum
433 1457 713 1524 strepitum
737 1457 979 1527 ederent,
1013 1462 1130 1516 illas
1155 1479 1312 1533 quam
1340 1465 1589 1521 facillime
1617 1468 1666 1520 in
1699 1466 1876 1538 fugam

291 1545 590 1600 vertebant.
626 1549 692 1602 Et
729 1552 1173 1619 quemadmodum
1200 1569 1490 1624 generosus
1531 1558 1682 1612 miles
1724 1560 1880 1613 aereis

291 1642 452 1692 armis
479 1640 836 1697 circumdatus
867 1645 981 1713 ipso
1020 1647 1178 1700 etiam
1224 1662 1494 1704 armorum
1537 1650 1764 1706 Stridore
1810 1651 1877 1705 ti-

296 1729 609 1786 midioribus
640 1743 896 1789 terrorem
927 1736 1115 1791 incutit
1141 1737 1490 1795 adversariis:
1513 1743 1590 1797 sic
1629 1742 1875 1796 nimirum

289 1829 344 1874 et
385 1829 510 1877 tunc
548 1824 702 1880 beata
748 1825 929 1883 Drosis
972 1830 1138 1898 pellis
1156 1832 1384 1888 stridore
1423 1844 1713 1904 potestates
1761 1835 1876 1891 illas

286 1909 504 1984 fugabat
523 1935 538 1970 :
559 1932 732 1987 neque
759 1935 888 1976 vero
916 1921 1017 1978 hac
1059 1925 1264 1981 ratione
1294 1935 1528 1994 tantum,
1571 1930 1665 1985 sed
1695 1939 1748 1986 et
1775 1932 1874 1984 alia

291 2017 476 2093 rursus
515 2007 682 2064 nihilo
727 2010 826 2066 ista
870 2014 1082 2069 minori.
1124 2015 1256 2071 Nam
1285 2019 1443 2075 simul
1489 2030 1650 2091 atque
1688 2039 1872 2093 rogum

294 2091 533 2162 ingressa
577 2105 690 2165 est,
738 2109 793 2154 et
834 2100 1009 2158 fumus
1052 2104 1104 2159 in
1147 2106 1310 2160 altum
1359 2109 1654 2166 ascendens
1695 2091 1872 2168 aerem

288 2186 600 2253 occupavit,
645 2187 918 2247 daemones
946 2209 1043 2264 per
1087 2211 1266 2252 aerem
1306 2200 1545 2256 volantes
1588 2202 1875 2258 sull‘ocabat

281 2288 506 2343 omnes,
550 2278 817 2337 diabolum
857 2285 1134 2356 abigebat,
1165 2299 1218 2344 et
1247 2291 1415 2362 ipsam
1454 2304 1695 2350 naturam
1734 2299 1874 2353 aeris

285 2366 646 2456 abstergebat.
695 2371 830 2428 Cum
877 2377 1020 2432 enim
1064 2379 1213 2435 fumo
1260 2382 1522 2439 idolorum
1571 2386 1874 2456 inquinatus

289 2455 505 2523 fuisset,
552 2460 608 2516 in
641 2462 816 2522 locum
847 2465 986 2522 illius
1030 2467 1205 2526 femus
1245 2473 1383 2527 alter
1423 2455 1771 2542 ascendebat,
1819 2489 1875 2533 ut

287 2548 461 2605 illatas
489 2552 557 2607 ab
581 2555 681 2608 illis
711 2557 897 2614 sordes
925 2560 1271 2633 abstergeret.
1308 2563 1448 2622 Sane
1471 2567 1684 2638 quidem
1714 2571 1872 2626 fontis

284 2645 618 2712 comparatio
639 2650 894 2716 praeclare
916 2654 1168 2709 convenit
1193 2654 1265 2710 illi
1291 2671 1440 2727 rogo.
1463 2657 1593 2713 Nam
1613 2661 1870 2732 quemad-

285 2733 502 2788 modum
529 2737 574 2790 si
602 2737 652 2791 in
683 2736 830 2796 fonte
858 2751 1060 2810 vestem
1089 2745 1342 2813 exuisset,
1367 2756 1420 2802 et
1445 2762 1640 2819 corpus
1668 2750 1870 2807 abluis-

279 2836 403 2891 set,
451 2827 523 2881 ita
569 2843 764 2901 corpus
804 2847 960 2888 suum
1006 2835 1058 2890 in
1099 2837 1188 2891 illa
1234 2837 1446 2894 ﬂamma
1477 2839 1683 2897 facilius
1711 2859 1870 2913 quam

285 2926 486 2974 vestem
519 2923 759 2989 quamvis
785 2940 984 2981 exuens
1005 2968 1020 2996 ,
1053 2937 1109 2984 et
1136 2930 1367 2985 animam
1398 2932 1614 2988 nitidam
1643 2933 1871 2990 reddens

281 3010 350 3064 ad
381 3025 638 3081 sponsum
665 3029 822 3071 suum
857 3017 926 3073 ab
967 3021 1169 3092 angelis
1209 3024 1402 3094 stipata
1445 3027 1782 3096 properabat.
1814 3028 1870 3085 Si

282 3101 426 3155 enim
451 3099 707 3160 Lazarum
730 3106 875 3162 illum
895 3108 1160 3167 ulceribus
1180 3114 1392 3183 plenum
1413 3116 1588 3186 angeli
1609 3117 1674 3173 ad
1695 3119 1870 3174 sinum

283 3193 518 3249 Abrahae
558 3196 894 3255 abduxerunt
926 3219 939 3256 :
973 3204 1142 3259 multo
1179 3208 1346 3277 magis
1389 3209 1542 3271 istam
1585 3211 1869 3268 abeuntem

277 3279 582 3353 stipabant,
613 3298 667 3343 et
698 3299 961 3361 tamquam
990 3310 1060 3349 ex
1088 3311 1243 3351 sacro
1281 3300 1510 3370 quodam
1539 3305 1778 3360 conclavi
1805 3321 1870 3362 ac

279 3375 519 3431 thalamo
549 3380 769 3449 nuptiali
796 3396 1149 3456 assumptam,
1178 3403 1244 3443 ex
1268 3388 1482 3448 fornace
1510 3393 1576 3448 ad
1602 3397 1868 3452 caelestem

285 3483 543 3536 sponsum
585 3471 936 3530 deducebant.
965 3475 1077 3544 Qua
1107 3495 1235 3534 vero
1276 3482 1344 3537 de
1385 3499 1544 3540 causa
1588 3487 1867 3544 tincturam

279 3559 445 3613 etiam
475 3576 660 3631 rogum
689 3564 833 3619 illum
857 3568 1151 3638 appellavi?
1167 3569 1316 3637 Quod
1335 3573 1582 3628 nimirum
1603 3585 1868 3647 tamquam

285 3651 514 3705 mirabili
542 3653 769 3723 quadam
801 3656 991 3712 infecta
1025 3660 1249 3716 tinctura
1274 3704 1290 3726 ,
1318 3679 1440 3718 cum
1469 3681 1696 3736 purpura
1725 3670 1869 3739 regia

281 3740 423 3796 facta
453 3755 622 3810 esset,
651 3746 717 3801 ad
746 3749 1016 3805 ctelestem
1047 3752 1240 3823 Regem
1274 3757 1591 3824 mitteretur,
1617 3775 1680 3813 ac
1705 3761 1869 3814 multa

281 3848 404 3888 cum
438 3834 626 3891 fiducia
650 3837 806 3895 sedes
835 3840 950 3897 illas
973 3843 1216 3899 caelestes
1243 3847 1491 3913 intraret,
1519 3849 1658 3918 quod
1691 3851 1866 3918 fiebat,

278 3940 406 3980 cum
444 3928 694 3984 invisibili
730 3947 892 3987 manu
921 3949 1018 3989 sua
1046 3935 1289 3991 Christus
1334 3949 1574 3994 sanctum
1622 3944 1870 4013 martyris

283 4027 447 4089 caput
485 4030 730 4088 teneret,
771 4033 825 4079 et
865 4036 1130 4098 tamquam
1159 4031 1313 4100 aquis
1336 4032 1481 4086 illam
1513 4031 1739 4089 ﬂammis
1765 4036 1868 4090 im-

285 4121 575 4180 mergeret.
607 4112 650 4168 0
679 4116 973 4172 mirabilem
1003 4121 1217 4191 “igitur!
1249 4123 1456 4190 qualem
1485 4124 1624 4177 intus
1655 4124 1870 4180 thesau-

284 4215 404 4255 rum
433 4201 680 4268 habebat,
712 4207 982 4275 pulverem
1007 4209 1153 4263 illum
1181 4227 1243 4265 ac
1271 4213 1501 4268 cinerem
1528 4231 1658 4269 auro
1685 4219 1874 4286 quovis

279 4291 656 4358 pretiosiorem
682 4335 696 4360 ,
733 4305 788 4350 et
830 4297 1098 4367 quibusvis
1125 4304 1403 4371 unguentis
1433 4304 1868 4375 fragrantiorem,

285 4383 512 4448 gemmis
539 4384 812 4453 quibusvis
837 4389 1119 4443 cariorem.
1150 4391 1300 4460 Quod
1344 4395 1484 4447 enim
1532 4412 1630 4450 nec
1673 4397 1872 4454 divitia:

286 4487 386 4526 nec
410 4488 598 4527 aurum
628 4485 882 4545 praestare
911 4490 1140 4549 queunt,
1190 4482 1290 4537 hoc
1316 4484 1554 4555 reliquiae
1581 4499 1872 4560 martyrum

287 4573 587 4630 praestant:
619 4569 878 4638 siquidem
917 4586 1104 4625 aurum
1153 4590 1324 4644 neque
1366 4577 1581 4631 morbos
1622 4595 1871 4650 umquam

282 4653 523 4724 depulit,
569 4674 738 4728 neque
779 4670 1003 4716 mortem
1046 4664 1250 4735 abegit;
1283 4681 1400 4721 ossa
1429 4683 1556 4723 vero
1583 4681 1872 4741 martyrum

285 4755 578 4816 utrumque
606 4752 980 4820 perfecerunt,
1016 4753 1376 4827 illud'quidcm
1419 4770 1723 4816 nostrorum
1765 4780 1876 4816 ma-

284 4835 464 4902 jorum
492 4847 684 4908 mtate,
714 4840 814 4897 hoc
838 4860 971 4900 vero
1000 4857 1179 4900 nostra
1222 4848 1382 4902 etiam
1423 4850 1663 4919 contigit.
1696 4855 1771 4907 Ae
1809 4853 1876 4908 de

287 4925 369 4979 bis
410 4929 482 4980 ita
525 4943 629 4983 non
679 4932 850 4986 solum
898 4950 1035 5001 nos,
1083 4936 1175 4990 sed
1218 4937 1342 5005 justi
1386 4941 1582 5004 etiam,
1625 4942 1714 5011 qui
1753 4953 1876 4997 ante

284 5019 487 5074 Christi
529 5021 814 5078 adventum
846 5026 1122 5092 vixerunt,
1169 5037 1354 5084 exacte
1386 5031 1744 5102 philosophari
1777 5052 1875 5089 uo-

289 5122 522 5180 verunt,
561 5129 675 5184 quo
713 5126 949 5188 tempore
996 5122 1197 5175 cunctis
1223 5138 1286 5176 ex
1317 5119 1546 5192 [Egypto
1576 5125 1874 5180 excedenti-

289 5203 428 5269 bus,
481 5215 535 5260 et
575 5207 694 5263 aliis
740 5211 952 5280 quidem
997 5228 1218 5280 aurum,
1265 5214 1382 5269 aliis
1430 5231 1557 5270 vero
1601 5227 1875 5287 argentum

289 5296 638 5354 evehentibns
662 5342 676 5366 ,
728 5293 935 5373 hloyses
979 5319 1136 5372 opum
1178 5307 1486 5375 quarumvis
1526 5306 1645 5361 loco
1681 5308 1875 5376 Ioseph

285 5401 409 5443 ossa
438 5404 658 5446 sumens
688 5407 750 5447 ea
777 5394 966 5448 detulit
995 5394 1192 5466 (Exod.
1233 5397 1318 5452 15.
1359 5397 1446 5468 19)
1476 5413 1540 5453 ac
1573 5399 1876 5455 thesaurum
1904 5380 1939 5387 ’ἢ

287 5483 581 5537 maximum
626 5491 679 5538 et
727 5486 1022 5544 innumeris
1065 5489 1219 5544 bonis
1265 5490 1649 5547 redundantem
1697 5509 1878 5548 secum

283 5572 510 5628 domum
542 5576 705 5632 vexit.

363 5665 415 5720 5.
451 5665 558 5721 Sed
598 5668 736 5723 dicet
771 5668 998 5738 fortasse
1025 5673 1284 5742 quiSpiam
1307 5693 1319 5728 :
1339 5674 1453 5743 Qua
1482 5691 1609 5732 vero
1633 5675 1701 5731 de
1722 5692 1880 5732 causa

282 5768 357 5808 ex
368 5754 608 5830 Egypto
628 5759 681 5814 in
709 5759 1046 5818 i’almstiuam
1071 5765 1450 5823 transferebat?
1471 5767 1730 5842 siquidem
1753 5768 1879 5825 dum

1525 337 1614 393 DE
1652 337 1711 395 S.
1755 293 2044 398 οιωειῡιηέ
2081 341 2432 399 MARTYRE.

3463 330 3564 386 690

1992 467 2283 527 martyrum
2326 455 2581 510 metuet-ia
2608 454 2907 510 celebratur
2926 496 2940 519 ,
2973 453 3094 506 talia
3119 449 3419 522 prtesertim
3443 464 3568 504 exa-

1989 551 2256 604 minentur
2281 564 2501 603 necesse
2541 557 2642 602 est.
2681 547 2826 601 Multi
2867 548 3007 600 enim
3037 544 3326 615 sepultura:
3353 557 3464 598 sua:
3485 541 3569 596 di-

1988 641 2214 710 ligenter
2244 639 2585 710 providentes
2609 681 2622 704 ,
2654 655 2772 693 eum
2806 639 3115 709 propinquis
3145 637 3256 691 suis
3282 635 3565 701 mandant,

1989 741 2046 784 ut
2079 732 2123 785 si
2147 730 2281 785 forte
2310 732 2433 786 alibi
2465 747 2557 785 eos
2581 732 2712 784 mori
2757 731 3046 800 contingat,
3077 730 3126 783 in
3168 730 3390 800 patriam
3418 743 3567 784 suam

1989 823 2273 877 translatos
2301 821 2373 876 illi
2400 823 2692 892 sepeliant;
2738 823 2930 877 deinde
2969 838 3089 878 cum
3118 823 3330 876 illorum
3368 819 3568 876 idcirco

1988 913 2469 983 pusillanimiuttem
2516 913 2874 980 irriserimus,
2920 913 3056 968 hanc
3098 913 3250 968 nobis
3294 913 3566 968 historiam

1987 1010 2243 1078 objiciunt
2269 1028 2280 1062 :
2305 1027 2531 1079 cumque
2557 1027 2654 1064 nos
2683 1011 2970 1065 dixerimus
3010 1009 3139 1062 nihil
3176 1008 3434 1063 interesse
3457 1005 3571 1060 sive

1985 1100 2126 1153 duini
2171 1102 2322 1170 quis,
2365 1102 2477 1158 sive
2522 1119 2740 1172 peregre
2785 1102 3070 1170 Sepultum:
3117 1099 3436 1164 mandetur,
3477 1113 3568 1152 rc-

1985 1193 2246 1260 spondent
2264 1212 2274 1245 :
2290 1197 2396 1247 Cur
2421 1195 2594 1263 igitur,
2614 1196 2655 1247 si
2683 1194 2808 1247 nihil
2830 1195 3067 1257 interest,
3086 1199 3355 1260 assumpta
3371 1187 3568 1256 Joscph

1986 1299 2107 1337 ossa
2137 1285 2190 1337 in
2224 1285 2558 1338 Palaestinam
2595 1285 2864 1339 transtulit
2891 1282 3133 1353 Moyses?
3164 1283 3274 1352 Ego
3301 1296 3427 1336 vero
3456 1295 3570 1334 ma-

1979 1374 2067 1444 jus
2115 1375 2312 1445 aliquid
2351 1377 2525 1430 dicam
2553 1394 2565 1428 :
2591 1392 2694 1430 non
2732 1377 2902 1430 solum
2950 1375 3162 1444 Moyses
3199 1373 3437 1442 accepit,
3473 1370 3568 1426 sed

1986 1465 2073 1519 ille
2101 1467 2260 1520 etiam
2309 1468 2541 1522 moriens
2584 1468 2684 1520 hoc
2712 1466 2961 1536 praecepit
2986 1466 3119 1519 :hoc
3163 1465 3303 1518 enim
3334 1461 3571 1532 profecto

1984 1568 2064 1611 est
2094 1558 2284 1627 majus.
2325 1556 2616 1612 Visitatione
2639 1559 2803 1624 enim,
2837 1557 3025 1626 inqttit,
3045 1556 3204 1610 visitet
3236 1571 3324 1610 vos
3343 1554 3502 1618 Deus,
3519 1563 3568 1608 et

1983 1648 2302 1720 asportabitis
2342 1666 2456 1702 ossa
2485 1665 2595 1702 mea
2621 1647 2778 1722 (Gen.
2819 1648 2906 1703 50.
2936 1648 3049 1715 24).
3077 1646 3186 1701 Cur
3216 1647 3373 1716 igitur
3397 1655 3450 1700 et
3479 1644 3568 1698 ille

1983 1739 2149 1806 dixit,
2197 1748 2250 1794 et
2290 1739 2389 1793 iste
2417 1739 2630 1809 paruit?
2667 1738 2928 1809 siquidem
2977 1753 3062 1792 res
3089 1749 3171 1792 est
3199 1736 3566 1807 disquisitione

1982 1830 2162 1900 digna.

2053 1921 2155 1977 Cur
2193 1921 2384 1993 Joseplt
2429 1923 2667 1992 reliquias
2705 1939 2823 1976 suas
2867 1920 3135 1990 transferri
3185 1917 3563 1985 relic—Quid

1982 2016 2094 2070 ais?
2122 2030 2318 2085 ergone
2348 2014 2641 2084 patriarcha
2660 2054 2676 2078 ,
2702 2015 2791 2084 qui
2819 2013 2984 2067 vitam
3020 2007 3343 2082 prmsentetn"
3375 2024 3560 2078 asper-

1981 2106 2229 2174 nabatur,
2260 2117 2313 2162 et
2338 2108 2517 2162 omnia
2539 2104 2943 2168 contemnebat,
2967 2119 3074 2174 quo
3098 2097 3288 2172 dignus
3310 2116 3421 2154 non
3445 2111 3566 2155 erat

1983 2198 2231 2264 mundus,
2253 2198 2342 2268 qui
2366 2198 2675 2268 peregrinus
2695 2205 2750 2252 et
2768 2197 3057 2266 inquilinus
3071 2204 3206 2258 erat,
3224 2191 3559 2263 quicwlestia

1977 2292 2216 2361 quotidie
2256 2301 2434 2346 mente
2483 2289 2768 2354 versabat,
2811 2289 2901 2359 qui
2945 2302 3227 2358 supernam
3269 2285 3563 2341 Jerusalem

1979 2383 2274 2452 spectabat,
2307 2382 2395 2436 ille
2425 2380 2551 2436 dum
2580 2381 2783 2435 viveret
2811 2379 3022 2449 quidem
3043 2419 3058 2444 ,
3088 2377 3158 2432 ob
3187 2377 3280 2431 Dei
3317 2375 3562 2431 timorem

1981 2483 2035 2528 et
2065 2476 2233 2542 patria
2263 2483 2316 2528 et
2343 2472 2590 2527 libertate
2618 2472 2852 2541 privatus
2879 2478 2963 2525 est
2983 2511 3000 2535 ,
3029 2477 3084 2524 et
3108 2468 3161 2523 in
3189 2481 3457 2523 carcerem
3480 2475 3566 2520 est

1975 2567 2286 2638 conjectus,
2334 2581 2433 2621 nec
2475 2563 2579 2620 illis
2617 2563 2825 2619 insidiis
2857 2573 2942 2618 est
2984 2560 3238 2626 inﬂexus;
3283 2568 3586 2634 postquam

1977 2668 2156 2712 autem
2178 2657 2290 2728 jam
2313 2658 2424 2727 jam
2455 2658 2748 2712 moriturus
2767 2664 2910 2721 erat,
2946 2655 3016 2708 ita
3045 2653 3114 2708 de
3153 2651 3373 2706 minutis
3401 2649 3562 2703 rebus

1977 2748 2095 2804 istis
2118 2758 2231 2803 erat
2262 2747 2520 2802 sollicitus
2543 2788 2558 2812 ,
2591 2755 2648 2800 ut
2674 2733 2824 2800 istius
2851 2758 3066 2799 suorum
3106 2741 3308 2797 ossium
3339 2738 3561 2794 transla-

1981 2840 2140 2895 tionis
2169 2848 2370 2894 tantam
2398 2854 2584 2894 curam
2612 2845 2853 2908 gereret,
2895 2851 2958 2890 ac
2987 2843 3134 2888 tanto
3155 2841 3284 2887 ante
3319 2833 3561 2899 tempore

1977 2932 2231 3004 reliquias
2273 2947 2399 2987 suas
2436 2931 2623 2986 advehi
2662 2926 2920 3000 iubebat?
2947 2926 3076 2996 Quis
3110 2925 3214 2979 hoc
3254 2935 3562 2979 asseverare

1979 3025 2192 3079 tandem
2218 3023 2450 3079 audeat?
2479 3020 2621 3092 quod
2659 3021 2799 3076 enim
2832 3021 3034 3074 lucrum
3054 3059 3070 3084 ,
3097 3023 3190 3070 aut
3215 3030 3334 3086 quae
3360 3012 3566 3092 utilitas,

1977 3115 2293 3172 obveniebat
2334 3129 2404 3170 ex
2449 3113 2548 3167 hac
2588 3112 2788 3167 ossium
2837 3107 3230 3164 transvectione
3273 3101 3560 3160 defuncto?

1977 3207 2086 3279 Cur
2109 3221 2236 3278 ergo
2261 3203 2564 3260 mandavit?
2589 3202 2702 3257 Non
2730 3200 2871 3272 quod
2898 3200 2963 3255 de
2996 3197 3210 3253 ossibus
3237 3203 3382 3251 esset
3414 3192 3562 3247 solli-

1977 3297 2135 3362 citus,
2164 3293 2258 3350 sed
2280 3295 2381 3350 hoc
2401 3294 2582 3349 dicere
2603 3305 2905 3363 possumus,
2923 3303 3049 3347 eum
3071 3287 3171 3343 sibi
3193 3286 3261 3340 ah
3280 3283 3560 3356 [Egyptio-

1977 3402 2097 3442 rum
2143 3386 2414 3455 impietate
2457 3383 2719 3438 timuisse.
2761 3379 2890 3435 Nam
2939 3378 3186 3450 quoniam
3223 3375 3404 3430 multis
3445 3388 3559 3428 ina-

1977 3479 2202 3550 gnisque
2226 3477 2348 3532 illos
2375 3475 2627 3531 affecerat
2651 3471 2923 3528 beneficiis
2943 3513 2958 3536 ,
2986 3483 3144 3540 atque
3173 3467 3292 3522 illos
3313 3467 3522 3521 aluerat

1977 3571 2278 3642 adjuverat,
2327 3569 2586 3625 adversus
2629 3567 2825 3622 famem
2869 3564 3114 3620 solatium
3165 3561 3270 3616 illis
3315 3559 3559 3613 attulerat

1977 3665 2290 3730 maximum,
2321 3673 2377 3719 et
2400 3678 2524 3734 quae
2549 3661 2751 3717 nemini
2773 3674 3024 3729 umquam
3057 3657 3418 3716 innotuerant,
3448 3651 3560 3720 ipse

1976 3761 2185 3830 primus
2209 3774 2273 3813 ac
2295 3757 2443 3811 solus
2473 3754 2818 3826 patefecerat,
2841 3754 2966 3807 etin
2990 3748 3222 3804 medium
3245 3745 3558 3817 protulerat,

1977 3861 2135 3920 atque
2177 3847 2506 3903 somniorum
2553 3842 2992 3913 interpretatione
3030 3855 3134 3894 non
3165 3839 3336 3893 solum
3369 3836 3559 3890 famem

1978 3939 2331 4010 prtedixerat,
2363 3936 2456 3991 sed
2487 3936 2645 3990 etiam
2677 3931 2948 3987 sufﬁciens
2995 3931 3252 3986 adversus
3291 3928 3432 3982 illam
3471 3942 3560 3981 re-

1976 4029 2212 4085 medium
2243 4035 2628 4098 prmparaverat
2650 4066 2668 4090 ,
2712 4026 2780 4078 ita
2809 4023 3027 4093 repletis
3066 4020 3278 4091 Egypti
3307 4017 3521 4073 horreis
3541 4058 3558 4083 ,

1977 4132 2036 4176 ut
2066 4133 2226 4175 nemo
2268 4120 2410 4174 illius
2447 4119 2676 4172 adventu
2710 4132 2767 4170 se
2796 4116 2962 4186 premi
3004 4116 3226 4169 sentiret
3259 4127 3366 4168 :ue
3407 4112 3564 4181 igitur
3635 4149 3640 4152 -

1975 4223 2196 4285 propter
2220 4209 2600 4265 beneficiorum
2625 4207 3041 4279 magnitudinem
3066 4205 3201 4260 deus
3221 4212 3342 4274 pust
3358 4203 3559 4258 obitum

1975 4311 2309 4369 censeretur,
2341 4316 2464 4357 cum
2493 4298 2568 4356 illi
2595 4300 2803 4354 barbari
2829 4297 2981 4354 facile
3007 4313 3076 4354 ex
3105 4297 3408 4351 hominibus
3433 4296 3562 4350 deus

1981 4395 2216 4449 facerent
2241 4411 2254 4446 :
2280 4408 2492 4446 omnem
2524 4403 2583 4445 ut
2612 4389 2947 4445 occasionem
2976 4385 3265 4459 impietatis
3296 4387 3560 4449 auferret,

1980 4480 2196 4532 domum
2225 4477 2498 4531 transferri
2529 4491 2650 4531 ossa
2682 4473 2953 4545 prtecepit.
2988 4473 3114 4528 llaec
3163 4474 3316 4543 igitur
3345 4489 3447 4526 una
3482 4481 3566 4524 est

1981 4570 2220 4631 occasio;
2243 4567 2336 4623 sed
2353 4567 2646 4622 et‘alteram
2666 4575 2951 4637 possumus
2974 4565 3320 4619 indubitatam
3339 4559 3527 4617 afferre
3550 4581 3562 4616 :

1981 4661 2240 4730 siquidem
2269 4676 2333 4713 ex
2359 4659 2526 4712 sacris
2565 4658 2708 4712 illam
2741 4657 3029 4726 Seripturis
3061 4657 3220 4710 etiam
3248 4654 3566 4708 confirmare

1982 4753 2126 4807 licet.
2152 4753 2281 4820 Quae
2307 4750 2517 4807 tandem
2549 4751 2636 4804 illa
2664 4749 2784 4805 est?
2808 4750 3019 4805 Sciebat
3049 4749 3156 4812 ille,
3188 4747 3328 4818 quod
3350 4747 3567 4802 audive-

1982 4853 2065 4898 rat
2098 4860 2126 4898 a
2166 4851 2350 4912 patre,
2379 4857 2501 4897 cum
2547 4843 2613 4897 ab
2643 4856 2742 4895 avo
2768 4841 3139 4895 transmissum
3172 4839 3236 4893 ad
3268 4855 3326 4894 se
3364 4847 3569 4894 senun-

1985 4953 2105 4992 nem
2151 4937 2239 4990 ille
2281 4935 2594 4994 didicisset.
2642 4935 2896 4997 futurum“,
2940 4942 2997 4986 ut
3043 4931 3114 4985 ad
3157 4931 3353 4985 multo:
3401 4941 3572 4984 annos

1984 5030 2224 5086 servituti
2255 5029 2667 5097 subjicerentur,
2704 5035 2755 5081 e‘t
2785 5023 3152 5094 affligerentur
3175 5023 3243 5077 ab
3267 5017 3532 5093 Egyptiis
3552 5061 3570 5084 ,

1985 5115 2100 5175 Erit
2130 5121 2270 5176 enim
2306 5134 2473 5174 semen
2505 5129 2644 5172 tuum
2688 5117 3004 5186 peregrinum
3039 5116 3089 5168 in
3133 5125 3266 5170 terra
3295 5115 3492 5173 aliena,
3527 5119 3584 5164 ει·
3639 5140 3647 5164 ι

1985 5214 2210 5268 servituti
2237 5211 2497 5282 subjiciam
2522 5211 2672 5273 illud,
2711 5219 2756 5262 et
2785 5205 3000 5280 afﬂigant
3021 5207 3399 5277 quadringenti:
3427 5203 3572 5254 antri:

1986 5305 2140 5374 (Gen.
2170 5305 2257 5360 ili.
2290 5302 2417 5377 15),
2464 5303 2640 5358 aiebat
2688 5303 2827 5356 Deus
2855 5301 2921 5354 ad
2968 5297 3258 5354 Abraham.
3300 5295 3378 5350 Ne
3418 5294 3575 5361 igitur

1989 5411 2092 5453 tam
2121 5399 2260 5469 longi
2285 5411 2378 5452 eos
2404 5397 2658 5465 temporis
2691 5395 2911 5450 truderet
2931 5437 2945 5459 ,
2979 5402 3033 5447 et
3063 5404 3328 5446 autumans
3355 5386 3577 5441 minime

1988 5490 2222 5545 ferentes
2256 5490 2327 5544 de‘
2369 5488 2540 5544 reditu
2570 5489 2919 5556 desiierare‘nt
2941 5525 2955 5548 ,
2987 5483 3286 5551 animisque
3324 5479 3578 5535 concide—

1987 5595 2130 5652 rent,
2163 5586 2396 5640 maximo
2425 5585 2530 5644 illis
2557 5583 2751 5637 tradito
2780 5581 2891 5650 spei
2921 5580 3141 5649 pignore
3167 5575 3424 5647 praedixit
3441 5574 3578 5634 fore.

1990 5687 2046 5731 ut
2069 5691 2189 5731 ossa
2216 5676 2632 5740 reveherentur,
2668 5683 2727 5728 nt
2757 5673 2828 5726 illi
2860 5686 2979 5725 cum
3011 5670 3202 5723 animis
3230 5669 3340 5722 suis
3366 5679 3590 5732 reputa-

1993 5777 2134 5840 rent,
2158 5769 2257 5824 nisi
2287 5777 2432 5824 certe
2457 5776 2508 5824 et
2533 5766 2648 5827 sine
2675 5767 2779 5821 ulla
2805 5762 3132 5818 dubitatione
3161 5760 3257 5816 sibi
3289 5770 3490 5830 perm:
3503 5761 3600 5817 εἰς.
