4080 6198
431 341 530 398 τ’θι

440 470 518 516 set
539 459 716 528 justus
742 457 994 520 futurum.
1019 465 1076 512 ιιι
1100 469 1286 512 omnes
1308 465 1658 517 revertamur,
1679 469 2010 524 nequaquam

440 551 506 606 de
550 551 660 606 suis
707 550 918 604 ossibus
960 549 1328 619 pra‘cepisset,
1373 557 1531 616 atque
1572 547 1639 600 ita
1679 544 2014 600 demonstra-

437 643 640 698 tionem
668 643 927 698 haberem
955 641 1306 697 certissimam
1330 682 1342 703 ,
1373 655 1628 710 spemque
1659 636 2018 692 ﬁrmissimam

439 749 552 790 suae
589 736 639 789 in
671 736 892 806 patriam
925 734 1262 789 reversionis.
1307 733 1480 803 Atque
1525 731 1625 785 hoc
1651 743 1834 785 verum
1865 742 2016 790 esse,

440 835 497 880 ct
521 825 716 880 idcirco
745 825 812 880 de
837 827 947 880 suis
973 824 1183 880 ossibus
1213 825 1524 894 prmdixisse
1549 823 1720 888 illum,
1751 835 1859 874 non
1880 817 2019 889 quod

443 917 510 970 de
534 917 803 986 sepultura
826 917 1082 972 sollicitus
1101 925 1264 983 esset,
1292 925 1346 969 at
1366 910 1506 986 quod
1529 915 1738 968 illorum
1767 909 2021 980 impietati

443 1008 736 1062 remedium
763 1008 927 1064 vellet
953 1009 1229 1072 adhibere,
1261 1008 1380 1062 audi
1411 1007 1603 1076 quibus
1627 1004 1806 1060 verbis
1829 1001 2024 1056 Paulus

444 1108 669 1153 testetur
693 1117 706 1152 :
732 1099 864 1153 Fide
900 1098 1093 1168 Ioseph
1133 1101 1350 1153 moriens
1384 1099 1447 1152 de
1482 1096 1763 1168 egressione
1802 1091 2023 1162 ﬁliorum

445 1187 613 1243 Israel
638 1190 880 1252 meminit,
918 1200 965 1243 et
1006 1190 1069 1243 de
1091 1189 1281 1243 ossibus
1312 1190 1416 1244 suis
1441 1186 1698 1241 mandavit
1730 1183 1911 1257 (Hebr.
1937 1182 2024 1236 Η.

443 1280 561 1352 22).
589 1281 726 1349 Quid
764 1291 845 1337 est
885 1281 1022 1346 hoc,
1070 1281 1240 1335 Fide?
1283 1280 1443 1348 Quasi
1480 1280 1716 1342 diceret,
1762 1290 1880 1346 qua:
1907 1282 2029 1344 post

446 1373 647 1427 multos
671 1388 840 1428 annos
867 1384 1022 1427 erant
1046 1383 1330 1435 eventura,
1378 1369 1734 1440 prtevidebat,
1776 1380 1841 1420 ac
1877 1363 2024 1426 fore,

448 1473 506 1516 nt
546 1466 741 1534 posteri
771 1467 992 1534 patriam
1034 1479 1183 1519 suam
1224 1471 1622 1532 recuperarent.
1655 1457 1903 1527 Utigitur
1928 1455 2030 1509 hoc

443 1555 802 1626 significaret,
843 1567 1126 1626 utrumque
1157 1555 1396 1626 prtedixit
1420 1594 1434 1618 ,
1467 1567 1529 1607 ac
1552 1551 1734 1606 videre
1773 1556 1888 1604 erat
1917 1563 2028 1601 rem

448 1646 637 1701 miram
663 1655 716 1702 ct
742 1647 1126 1712 incredibilem,
1150 1662 1271 1702 cum
1297 1659 1418 1699 ossa
1443 1644 1496 1696 in
1524 1641 1830 1712 egressione
1861 1647 2029 1692 trans-

452 1738 737 1792 ferrentur.
781 1737 912 1791 Nam
945 1738 1034 1807 qui
1059 1735 1309 1791 effecerat
1337 1733 1554 1803 Joscph,
1585 1741 1645 1786 ut
1670 1731 1720 1785 in
1743 1729 2030 1800 IEgyptum

450 1827 860 1894 descenderent,
884 1829 998 1899 ipse
1021 1844 1210 1883 rursus
1237 1841 1332 1882 eos
1357 1826 1642 1881 redeuntes
1662 1821 2030 1882 antecedebat,

452 1928 506 1972 et
534 1919 601 1974 ad
629 1921 933 1990 patientiam
957 1935 1020 1975 ac
1046 1935 1194 1990 spem
1227 1919 1527 1974 futurorum
1559 1917 1872 1972 instruebat.
1899 1914 2032 1970 Cum

455 2009 596 2062 enim
606 2010 865 2081 reliquias
882 2020 1002 2066 ante
1020 2011 1204 2065 oculos
1221 2010 1421 2080 positas
1437 2018 1739 2071 cernerent,
1757 2006 2036 2074 omnisque

456 2101 599 2156 illius
630 2101 866 2156 historiae
900 2102 1006 2158 hoc
1050 2113 1202 2172 pacto
1239 2101 1676 2164 recordarentur,
1709 2108 1868 2169 atque
1897 2099 2035 2168 aptnl

449 2209 516 2248 se
542 2195 840 2265 cogitarent
868 2195 1039 2265 ipsum
1072 2210 1100 2249 a
1131 2194 1382 2250 fratribus
1409 2193 1626 2248 insidias
1653 2207 1771 2248 esse
1794 2206 2035 2262 passum,

442 2287 510 2340 in
534 2286 705 2340 lacum
728 2287 973 2354 missum,
993 2297 1047 2342 et
1065 2286 1255 2358 capitis
1275 2286 1560 2342 discrimen
1582 2285 1798 2348 adiisse,
1822 2298 2040 2339 carcere

458 2375 770 2431 conclusum
801 2376 965 2432 fuisse
988 2418 1003 2442 ,
1034 2385 1194 2447 atque
1219 2376 1319 2431 alia
1351 2386 1541 2432 cuncta
1566 2417 1582 2441 ,
1613 2390 1737 2446 qua:
1765 2374 1841 2428 illi
1867 2375 2037 2428 conti-

459 2479 647 2540 gerant
671 2486 685 2533 ;
714 2471 907 2526 deinde
932 2486 1058 2526 vero
1076 2481 1204 2541 post
1231 2471 1318 2526 illa
1344 2471 1522 2526 omnia
1547 2484 1727 2540 regem
1755 2468 1900 2523 illum
1923 2482 2043 2523 esse

461 2565 655 2619 factum
675 2605 690 2632 ,
723 2578 787 2620 ac
812 2564 1106 2636 principem
1131 2565 1291 2620 totius
1306 2563 1545 2635 Egypti,
1569 2571 1836 2633 tantaeque
1856 2561 2043 2616 ditioni

461 2663 760 2711 curatorem
786 2670 849 2712 ac
875 2654 1179 2726 praefectum
1225 2655 1390 2711 fuisse
1414 2657 1789 2726 praepositum:
1813 2653 1866 2709 in
1895 2667 2045 2723 spem

463 2746 812 2801 certissimam
861 2748 1199 2818 erigebantur
1244 2746 1393 2812 fore,
1449 2757 1508 2801 ut
1548 2761 1578 2800 a
1623 2746 1808 2812 malis,
1856 2745 2048 2817 quibus

465 2852 680 2909 semper
707 2839 934 2910 opprimi
962 2839 1227 2903 solebant,
1260 2839 1634 2903 liberarentur,
1661 2853 1782 2893 cum
1816 2838 1882 2892 ab
1913 2837 2049 2893 ossi-

467 2929 566 2983 bus
589 2929 715 2999 justi
741 2931 1063 2985 docerentur
1099 2931 1367 2986 neminem
1411 2944 1662 3000 umquam
1708 2928 1872 2984 fuisse
1891 2928 2047 2983 derc-

460 3021 650 3075 vlictum
677 3061 692 3088 ,
718 3023 808 3092 qui
848 3023 898 3075 in
942 3022 1107 3076 Deum
1134 3021 1481 3088 credidisset,
1513 3030 1567 3077 et
1595 3020 1760 3091 ipsius
1797 3019 2050 3074 auxilium

455 3121 846 3181 exspectasset.

540 3202 804 3258 Promissa
824 3202 921 3258 Dei
941 3214 1096 3258 certa.
1123 3203 1264 3260 Mors
1289 3205 1553 3258 metuenda
1579 3220 1679 3258 non
1707 3215 1799 3258 est.
1816 3233 1888 3244 -
1907 3203 2056 3257 Licet

461 3294 614 3351 enim
645 3313 729 3352 res
766 3297 1006 3352 adversa:
1034 3297 1276 3367 qumdam
1310 3307 1364 3352 et
1405 3311 1589 3352 contra
1620 3307 1801 3352 votum
1842 3296 2053 3350 interim

473 3388 762 3441 acciderint
790 3429 802 3450 ,
831 3388 957 3441 dum
987 3389 1102 3456 ejus
1130 3390 1388 3456 promissa
1420 3399 1720 3458 sperantur,
1749 3399 1803 3442 et
1831 3389 2058 3442 interve-

477 3479 690 3543 nerint,
741 3489 916 3533 tamen
956 3487 1137 3547 optato
1188 3480 1292 3535 line
1335 3488 1610 3549 sperantes
1658 3479 1904 3534 fraudare
1952 3493 2057 3534 non

479 3579 746 3639 poterunt,
777 3569 869 3624 sed
900 3569 1110 3626 eveniet
1139 3570 1264 3624 illud
1298 3571 1516 3625 omnino
1540 3588 1606 3625 ex
1635 3572 1894 3626 sententia
1922 3571 2060 3625 divi-

480 3683 544 3719 na
573 3665 712 3734 quod
755 3665 1064 3734 praedictum
1099 3665 1227 3731 fuit,
1274 3675 1326 3720 et
1367 3666 1684 3722 illustriores
1713 3667 1900 3722 reddet
1943 3681 2058 3730 eos,

481 3757 570 3825 qui
611 3756 870 3824 patienter
901 3765 1211 3826 exspectant
1241 3758 1450 3820 omnia,
1492 3773 1609 3828 qua:
1652 3772 1680 3810 a
1729 3757 1839 3812 Deo
1871 3757 2064 3813 fuerint

482 3849 788 3902 constituta.
822 3847 1109 3916 Propterea
1142 3847 1209 3902 de
1237 3848 1446 3902 ossibus
1473 3848 1584 3903 suis
1611 3848 1899 3903 mandavit.

555 3943 608 3995 6.
650 3939 726 3995 Ne
765 3941 926 4011 igitur
965 3939 1100 3995 adeo
1144 3939 1210 3996 de
1256 3951 1436 3995 nostra
1482 3941 1533 3994 in
1583 3941 1748 4010 patria
1795 3943 2066 4011 sepultura

484 4034 652 4087 simus
676 4033 908 4100 solliciti,
939 4048 1110 4102 neque
1138 4041 1362 4086 mortem
1391 4042 1721 4101 metuamus,
1753 4032 1845 4088 sed
1877 4048 2068 4103 pecca-

487 4138 616 4179 tum.
653 4123 834 4195 Neque
862 4126 1003 4180 euim
1032 4140 1177 4180 mors
1209 4133 1483 4194 peccatum
1511 4125 1735 4194 peperit,
1764 4123 1857 4180 sed
1884 4139 2072 4194 pecca-

487 4230 596 4272 tum
627 4227 851 4273 tnortcm
886 4217 1038 4272 nobis
1067 4218 1407 4288 procreavit;
1440 4231 1584 4271 mors
1613 4225 1789 4278 autem
1819 4215 1870 4270 in
1899 4231 2070 4286 reme-

477 4309 633 4363 :dinm
662 4311 861 4378 peccati
893 4323 1155 4364 conversa
1198 4318 1299 4364 est.
1348 4308 1572 4362 Mortem
1612 4309 1752 4362 enim
1802 4323 1908 4362 non
1953 4322 2073 4362 csse

478 4399 866 4463 metuendam,
902 4400 995 4455 sed
1027 4410 1301 4470 peccatum
1321 4441 1335 4466 ,
1368 4399 1487 4453 audi
1532 4400 1723 4469 quibus
1753 4399 1930 4454 verbis
1973 4399 2071 4453 do-

490 4503 608 4548 ceat
649 4492 906 4563 propheta
952 4511 964 4546 :
1011 4493 1242 4546 Pretiosa
1281 4494 1333 4546 in
1380 4503 1646 4561 conspectu
1691 4491 1898 4546 Domini
1941 4507 2076 4545 mors

482 4598 780 4641 sanctorum
809 4587 915 4655 ejus
943 4583 1112 4660 (Psal.
1139 4586 1260 4640 115.
1293 4586 1386 4654 15)
1412 4602 1426 4650 ;
1466 4595 1520 4640 et
1547 4586 1694 4652 alibi,
1730 4584 1871 4638 Mors
1899 4600 2078 4655 pecca-

492 4691 658 4734 torum
704 4681 918 4747 pessima
963 4677 1149 4750 (I’sal.
1177 4678 1264 4734 55.
1288 4677 1358 4730 2?.
1381 4677 1420 4747 ).
1453 4677 1614 4732 Vides
1643 4693 1736 4732 eos
1776 4679 1862 4748 qui
1895 4679 1960 4732 ad
1993 4694 2078 4735 res

493 4789 616 4830 suas
641 4774 825 4828 attenti
862 4784 1018 4839 sunt,
1049 4773 1340 4827 maximam
1383 4773 1540 4826 etiam
1573 4787 1638 4827 ex
1667 4787 1727 4826 ea
1758 4787 1914 4842 posse
1937 4774 2083 4828 utili-

497 4877 659 4924 tatem
692 4867 1017 4940 percipere;
1065 4866 1154 4937 qui
1181 4881 1306 4920 vero
1345 4865 1556 4921 desides
1603 4873 1728 4920 sunt
1765 4873 1819 4920 et
1859 4865 2080 4932 inertes,

497 4960 578 5015 eis
621 4975 732 5016 rem
755 4961 916 5014 illam
949 4961 1001 5014 in
1036 4970 1238 5030 partem
1270 4959 1510 5030 supplicii
1558 4960 1857 5015 obvenire?
1901 4957 2085 5029 Neque

497 5066 627 5106 vero
666 5053 781 5106 sine
823 5066 983 5107 causa
1020 5052 1160 5106 hunc
1203 5053 1420 5108 instituo
1458 5067 1793 5118 sermonem,
1824 5051 1916 5107 sed
1949 5065 2084 5119 quo-

499 5148 642 5203 niam
685 5147 880 5202 multos
909 5146 1068 5200 audio
1097 5161 1465 5215 stepenumero
1494 5146 1560 5200 de
1587 5147 1772 5199 mortis
1801 5143 2088 5212 generibus

500 5241 665 5297 verba
692 5238 982 5305 facientes,
1029 5248 1082 5292 ct
1124 5238 1365 5308 quatdam
1393 5279 1408 5304 ,
1452 5253 1571 5308 qua:
1601 5237 1948 5307 ignominiosa
1981 5250 2086 5288 non

501 5343 647 5397 sunt,
674 5331 773 5387 sibi
805 5331 1003 5401 probro
1031 5331 1247 5396 ducere,
1277 5328 1518 5399 quaedam
1544 5328 1768 5382 crimine
1793 5327 1952 5396 digna
1985 5341 2088 5380 non

501 5424 812 5493 vituperare
863 5441 876 5476 :
931 5430 1211 5494 propterea
1263 5418 1682 5474 controversiam
1741 5417 1877 5472 hanc
1930 5419 2090 5472 statui

505 5516 766 5573 hodierno
811 5517 897 5572 die
942 5517 1262 5586 disceptare.
1308 5512 1402 5569 Est
1449 5514 1590 5568 enim
1635 5520 1964 5582 Opportunus
2009 5509 2094 5564 hic

509 5611 918 5682 philosophandi
938 5609 1146 5672 modus,
1174 5617 1228 5664 ct
1255 5607 1478 5662 mirifice
1506 5620 1626 5660 cum
1655 5617 1944 5674 martyrum
1960 5617 2092 5657 con-

508 5703 655 5762 venit
679 5706 1039 5760 solemnitate.
1067 5702 1283 5757 Multos
1313 5700 1454 5757 enim
1485 5698 1725 5756 dicentes
1751 5695 1924 5751 audivi
1945 5735 1961 5760 ,
2006 5695 2095 5750 Ille

511 5813 739 5870 peregre
766 5808 1008 5854 mortuus
1033 5805 1111 5851 est
1146 5794 1547 5867 ignominiosius
1573 5807 1731 5863 quam
1759 5789 1926 5856 canis,
1951 5771 2120 5843 nullo.

1205 343 1263 400 S.
1303 342 1576 399 JO.\NNIS
1615 339 2081 399 CllllYSOSTOMl
2123 336 2435 392 ARCIIIEP.
2477 333 2999 390 CONSTANTINOP.

3597 331 3710 382 69?.

2120 467 2184 506 ex
2217 447 2526 518 propinquis
2569 457 2850 515 przrsente,
2903 457 3074 514 neque
3114 439 3358 511 sepulcro
3399 439 3709 501 COIt'lclllc;

2121 541 2214 596 sed
2247 541 2330 594 vix
2364 541 2544 608 paucis
2568 539 2760 593 vicinis
2784 553 2843 593 se
2868 547 3051 591 mutuo
3081 534 3424 590 invitantibus
3447 548 3512 588 ex
3541 547 3708 601 pecu-

2125 634 2209 686 nia
2242 633 2468 702 quadam
2498 640 2773 699 corrogata
2805 628 3087 684 obvolutus
3108 626 3394 696 sepulturae
3425 617 3748 681 mandattts‘

2124 732 2224 778 est.
2268 722 2345 778 Ne
2376 723 2534 791 igitur
2564 723 2677 776 hmc
2706 721 2862 776 nobis
2888 719 3156 790 negotium
3202 718 3484 782 lacessant,
3529 729 3714 785 Opera:

2125 817 2355 886 pretium
2386 816 2542 870 fuerit
2570 815 2876 885 opinionem
2905 813 3061 867 istam
3101 810 3390 880 corrigere.
3421 808 3538 863 Non
3565 807 3716 862 enim

2128 908 2229 962 hoc
2253 916 2337 963 est
2360 923 2496 964 cane
2537 907 2783 961 miserius
2808 904 2972 969 mori,
3000 904 3074 959 mi
3099 903 3260 958 homo
3283 943 3299 969 ,
3326 901 3421 957 sed
3451 915 3586 956 cane
3614 899 3720 953 mi-

2128 1002 2301 1056 serius
2341 1000 2476 1054 mori
2519 1007 2604 1055 est
2632 999 2683 1053 in
2713 1005 2933 1066 peccato
2965 995 3138 1061 mori,
3169 1009 3278 1049 non
3302 1006 3521 1063 peregre
3551 990 3719 1045 vitam

2131 1092 2303 1147 linire.
2334 1091 2452 1146 Noli
2493 1092 2632 1146 enim
2664 1090 2792 1143 mihi
2831 1100 3254 1144 commemorare
3279 1083 3547 1138 hominem
3569 1121 3585 1148 ,
3623 1082 3718 1151 qui

2132 1185 2184 1238 in
2213 1183 2466 1238 deaurato
2494 1183 2635 1238 lecto
2659 1189 2918 1252 gestetur,
2948 1179 3038 1248 qui
3068 1183 3424 1248 prosequente
3453 1182 3560 1228 tota
3583 1170 3725 1226 civi-

2133 1283 2261 1338 tate,
2295 1273 2384 1344 qui
2413 1273 2624 1344 populis
2649 1270 3097 1334 collaudantibus,
3127 1267 3211 1323 cui
3241 1266 3430 1321 sericae
3459 1272 3637 1319 vestes
3666 1272 3725 1314 et

2133 1383 2264 1422 auro
2308 1369 2608 1422 intertevta:
2652 1363 2944 1420 liberaliter
2985 1359 3268 1436 admodum
3313 1359 3721 1413 insternantur:

2137 1457 2238 1513 hoc
2265 1460 2406 1513 enim
2447 1457 2591 1511 aliud
2621 1455 2752 1510 nihil
2797 1463 2909 1518 est,
2942 1468 3099 1524 quam
3143 1450 3419 1506 lautiorem
3451 1449 3726 1502 vermibus

2138 1568 2376 1607 mensam
2420 1565 2708 1621 apponere.
2753 1549 2833 1604 Ne
2884 1547 3043 1618 igitur
3085 1544 3225 1600 hunc
3272 1542 3398 1598 ntihi
3443 1538 3723 1600 ostendas.

2139 1649 2231 1704 SCtl
2261 1648 2400 1702 hunc
2431 1648 2603 1718 ipsum
2634 1645 2723 1715 qui
2755 1652 2901 1698 tanto
2924 1657 3046 1697 cum
3072 1640 3279 1695 honore
3303 1636 3602 1696 deducitur,
3629 1634 3726 1687 illo

2138 1741 2224 1796 die
2264 1741 2392 1795 tnihi
2437 1737 2596 1794 velim
2645 1737 2918 1804 ostendas,
2966 1749 3072 1806 quo
3117 1733 3169 1786 in
3215 1731 3426 1787 excelso
3472 1727 3726 1782 tribunali

2139 1834 2381 1887 Christus
2412 1830 2636 1896 sedebit,
2661 1845 2782 1886 cum
2815 1829 2903 1883 ille
2931 1825 3132 1897 judicio
3161 1823 3398 1888 sistetur,
3425 1819 3724 1880 vocabitur,

2141 1928 2400 1982 rationem
2429 1923 2614 1979 reddet
2639 1937 2824 1977 eorum
2847 1934 2966 1989 qua:
2991 1914 3206 1981 dixerit,
3229 1929 3344 1984 quze
3375 1911 3579 1974 fecerit,
3606 1924 3729 1979 qua:

2143 2016 2474 2086 cogitaverit.
2507 2013 2657 2068 1‘ch
2686 2011 2828 2065 enim
2861 2009 2934 2063 illi
2969 2007 3143 2060 nullus
3169 2020 3234 2059 ex
3264 2005 3362 2056 hac
3386 1999 3732 2055 multitudine

2147 2107 2598 2177 patrocinabitur,
2635 2117 2808 2172 neque
2855 2097 3114 2168 supplicio
3147 2096 3291 2149 illum
3331 2108 3393 2148 ac
3423 2092 3596 2162 ptenis
3633 2104 3730 2142 ex-

2145 2200 2299 2264 imet,
2328 2211 2500 2267 neque
2525 2193 2916 2249 auxiliabuntur
2932 2189 2978 2244 ei
3001 2188 3263 2242 clamores
3289 2198 3351 2238 ac
3379 2180 3562 2236 laudes
3590 2180 3729 2238 istm.

2145 2291 2239 2346 sed
2281 2291 2425 2344 vultu
2475 2289 2526 2341 in
2576 2294 2778 2341 terram
2829 2281 3095 2342 demisso,
3147 2275 3384 2345 trepidus
3427 2281 3482 2327 et
3525 2269 3733 2339 pudore

2147 2379 2381 2436 suffusus
2409 2386 2626 2448 propter
2653 2374 2857 2443 objecta
2886 2370 2985 2426 sibi
3015 2368 3236 2424 crimina
3266 2364 3557 2420 abducetur
3576 2403 3592 2426 ,
3621 2370 3675 2414 et
3703 2374 3732 2411 a

2151 2471 2396 2543 malignis
2421 2468 2693 2539 spiritibus
2721 2465 2787 2520 ad
2829 2473 3028 2519 (eterna
3070 2466 3331 2515 tormenta
3358 2470 3477 2510 cum
3523 2450 3734 2522 gravis-

2151 2567 2288 2620 simo
2314 2562 2553 2618 dentium
2580 2557 2830 2623 stridore,
2851 2555 3043 2609 frustra
3086 2551 3405 2611 lamentans,
3437 2554 3491 2600 et
3515 2550 3738 2614 propter

2153 2653 2514 2713 intolerabiles
2537 2651 2752 2707 dolores
2777 2647 3034 2718 plangens
3064 2642 3323 2698 trahetur.

2227 2748 2398 2801 Etiam
2429 2746 2481 2799 in
2513 2745 2608 2797 hac
2638 2743 2736 2796 vita
2764 2746 2994 2812 peccator
3023 2734 3248 2807 punitur.
3270 2760 3340 2771 —-
3362 2731 3437 2784 Ac
3462 2726 3587 2782 talia
3615 2724 3740 2794 qui-

2155 2839 2493 2899 demerunt,
2527 2847 2647 2904 qua:
2692 2831 2793 2885 illis
2835 2829 2890 2883 in
2927 2827 3094 2880 altera
3137 2823 3239 2876 vita
3270 2820 3601 2888 contingent,
3643 2813 3741 2868 sed

2159 2946 2330 3000 neque
2358 2925 2628 2984 toleranda
2649 2932 2789 2989 sunt,
2813 2935 2931 2991 qua:
2956 2919 3009 2971 in
3038 2915 3138 2970 hac
3165 2923 3440 2986 geruntur.
3465 2906 3743 2978 Siquidem
3783 2968 3798 2979 .

2159 3031 2279 3092 post
2308 3019 2490 3075 laudes
2520 3017 2638 3071 illas
2667 3013 2925 3085 publicas,
2953 3017 3044 3063 aut
3070 3006 3239 3078 pretio
3267 3008 3620 3072 comparatas.
3652 3004 3746 3051 aut

2161 3131 2189 3169 a
2217 3109 2612 3179 timorealiquo
2641 3103 2936 3177 profectas,
2968 3113 3154 3154 omnes
3190 3093 3368 3149 audiet
3406 3098 3743 3148 accusantes,

2161 3215 2216 3260 et
2241 3205 2293 3257 in
2325 3201 2492 3256 triviis
2515 3178 2536 3264 ,ί
2561 3200 2612 3251 in
2645 3197 2759 3250 foro
2783 3235 2797 3261 ,
2838 3193 2888 3247 in
2917 3189 3120 3245 :rdibus
3142 3229 3157 3252 ,
3183 3187 3236 3239 in
3273 3182 3482 3253 popinis
3503 3222 3516 3244 ,
3547 3180 3602 3233 in
3628 3178 3748 3231 aliis

2163 3294 2412 3358 officinis,
2443 3294 2495 3346 in
2525 3290 2630 3353 via,
2661 3289 2714 3342 in
2752 3285 2913 3355 agris,
2943 3290 2999 3337 et
3028 3279 3220 3349 ubique
3248 3273 3485 3345 singulos
3514 3272 3750 3324 viatores

2168 3387 2421 3460 proximis
2451 3399 2571 3440 cum
2613 3383 2804 3436 timore
2843 3381 3120 3432 narrantes
3159 3385 3224 3425 ac
3269 3368 3541 3429 dicentes,
3571 3362 3750 3434 qualia

2170 3453 2423 3554 passurus
2450 3477 2520 3534 sit
2546 3477 2704 3539 mala,
2735 3470 2925 3543 quibus
2949 3463 3220 3536 suppliciis
3242 3457 3604 3516 mulctahitur,
3629 3453 3751 3523 qui.

2170 3547 2268 3632 bus
2310 3589 2448 3628 nunc
2489 3569 2590 3626 erit
2621 3561 2980 3636 subjiciendus
3017 3552 3317 3613 tormentis.
3357 3549 3493 3617 Quid
3526 3547 3599 3600 illi
3630 3558 3756 3614 pro-

2171 3667 2269 3723 fuit
2309 3666 2424 3720 hmc
2454 3663 2608 3716 vita?
2656 3671 2813 3729 quem
2859 3653 3085 3708 fructum
3127 3662 3190 3702 ex
3234 3643 3455 3698 avaritia
3499 3637 3756 3704 collegit?

2172 3759 2305 3814 Aliis
2333 3753 2584 3827 pecunias
2629 3764 2752 3803 suas
2795 3745 3100 3812 relinquens
3127 3735 3289 3799 abiit,
3333 3740 3389 3785 at
3433 3733 3545 3827 ipse
3572 3739 3756 3781 secum

2171 3819 2454 3917 assumptis
2483 3840 2715 3915 peccatis
2740 3835 2982 3906 sepultus
3013 3837 3114 3893 est,
3133 3841 3198 3881 ac
3220 3822 3372 3878 multi
3401 3819 3640 3887 undique
3667 3829 3758 3917 ac-

2173 3908 2446 4002 ettsatores
2475 3908 2870 4006 compatiuntur
2909 3925 3014 3981 illis
3053 3934 3186 3992 quos
3216 3917 3304 3972 ille
3331 3913 3509 3969 affecit
3545 3908 3758 4006 injuria,

2178 4000 2299 4095 licet
2328 4037 2394 4091 ab
2433 4047 2498 4087 eo
2536 4000 2648 4085 laesi
2695 4040 2800 4080 non
2849 4019 3064 4075 fuerint.
3110 4012 3241 4068 Nam
3287 4000 3761 4095 quemadmodum,

2349 4124 2506 4195 aliqui
2555 4116 2828 4176 beneﬁciis
2872 4109 3195 4168 afficiuntur,
3244 4101 3402 4156 etiam
3450 4095 3530 4195 illi
3571 4092 3766 4163 quibus

2179 4219 2310 4278 nihil
2358 4186 2663 4275 confertur,
2709 4204 3038 4279 gratulantur
3087 4196 3225 4258 illis,
3269 4201 3324 4247 et
3368 4186 3767 4279 benefuctorem

2178 4273 2480 4369 collaudant
2517 4322 2530 4360 :
2567 4273 2797 4358 ita—cum
2831 4294 3056 4351 infertur
3084 4284 3396 4360 quibusdam
3426 4277 3655 4369 injuria,
3694 4273 3770 4369 illi

2180 4365 2377 4465 etiam,
2420 4397 2511 4468 qui
2559 4393 2688 4448 nihil
2732 4388 2844 4443 lmsi
2891 4392 3049 4449 sunt,
3097 4375 3486 4446 compatiuntur
3527 4365 3771 4468 afﬂictis,

2169 4459 2410 4567 eumque
2432 4459 2752 4558 vituperant,
2776 4480 2864 4550 qui
2886 4476 3131 4546 injuriam
3163 4469 3354 4525 intulit.
3378 4463 3581 4567 Idcirco
3601 4459 3770 4559 dixit:

2185 4552 2339 4640 Mors.
2370 4590 2688 4652 peccatorum
2733 4572 2988 4643 pessima,
3039 4579 3158 4619 cum
3208 4567 3420 4630 propter
3464 4553 3625 4621 hujus
3651 4552 3775 4603 vita:

2184 4642 2632 4735 obtrectationes,
2678 4642 2787 4720 tum
2831 4668 3050 4732 propter
3086 4653 3303 4708 alterius
3344 4653 3628 4702 tormenta.
3680 4642 3778 4694 llic

2187 4771 2344 4840 igitur
2385 4766 2476 4820 ille
2519 4732 2631 4826 est,
2663 4757 2750 4829 qui
2787 4769 2919 4810 cane
2949 4747 3192 4805 miserius
3221 4741 3448 4797 moritur
3478 4755 3490 4788 :
3519 4746 3578 4836 at
3617 4732 3778 4840 justlis

2189 4823 2257 4916 ira
2281 4875 2386 4914 non
2419 4853 2632 4916 evenit;
2661 4848 2754 4905 sed
2780 4847 2906 4900 licet
2945 4843 2997 4897 in
3025 4840 3257 4899 deserto,
3289 4833 3411 4885 licet
3438 4826 3654 4882 nemine
3685 4823 3782 4916 ub-

2189 4953 2471 5011 volvente,
2517 4945 2638 4999 licet
2684 4939 2898 4994 nemine
2943 4936 3206 5003 praesente
3232 4925 3392 4979 vitam
3425 4918 3591 4981 finiat,
3625 4913 3785 4970 sufli-

2191 5047 2392 5101 cientes
2429 5009 2707 5106 exsequias
2744 5047 2810 5086 ex
2837 5029 2935 5082 hac
2959 5025 3064 5079 vitn
3102 5017 3383 5076 discedens
3412 5011 3612 5071 habet,
3647 5009 3786 5061 tidu-

2193 5141 2327 5195 ciam
2351 5131 2488 5205 apud
2509 5099 2671 5186 Deum
2693 5142 2708 5191 ;
2736 5132 2789 5178 et
2807 5116 3090 5175 admodum
3115 5107 3405 5166 honorifice
3427 5099 3787 5174 prteseutihus

2194 5197 2416 5301 angelis,
2441 5225 2661 5294 ejusque
2681 5218 2912 5271 animam
2934 5203 3318 5266 dcducentibus
3337 5197 3578 5257 effertur,
3598 5207 3794 5296 quem-

2197 5287 2479 5381 adiuodum
2520 5333 2585 5370 ex
2615 5315 2816 5369 Lazaro
2845 5314 2968 5361 ante
2997 5293 3392 5358 demonstravi,
3437 5287 3793 5381 atqueinnu-

2198 5431 2373 5473 meros
2397 5414 2515 5467 vitae
2537 5424 2645 5463 sum
2667 5403 2968 5460 laudatores
2991 5395 3296 5462 relinquens
3323 5405 3336 5440 :
3361 5380 3500 5454 quod
3523 5380 3568 5434 si
3592 5377 3795 5433 liberos

2199 5505 2494 5578 reliquerit,
2529 5512 2716 5557 omnes
2744 5494 2836 5567 qui
2863 5489 3132 5548 civitatem
3166 5482 3404 5538 incolunt
3431 5473 3536 5578 illis
3565 5485 3795 5578 s'uccur-

2200 5560 2339 5665 rent',
2371 5606 2426 5652 et
2455 5607 2638 5650 eorum
2665 5601 2848 5644 curam
2879 5587 3097 5655 gerent,
3124 5583 3183 5629 ut
3207 5580 3442 5644 paternae
3468 5560 3799 5664 benevolen-

2202 5655 2288 5748 tiae
2328 5655 2560 5758 gratiam
2609 5681 2711 5737 illis
2761 5672 3082 5748 rependant.
3133 5665 3234 5734 Qui
3281 5655 3697 5758 vero.peccati.s
3747 5660 3802 5758 et

2203 5745 2403 5856 rapinis
2431 5778 2713 5836 obstrictus
2739 5745 3018 5828 defunctus
3061 5770 3175 5828 est,
3218 5756 3333 5813 sive
3371 5750 3573 5810 relictis
3616 5745 3807 5803 liberis
