4080 6198
407 239 504 298 69!

407 353 694 426 ἀκριϐείας
729 351 921 410 ἑαυτὸν
948 354 978 407 6
1009 353 1216 417 δίκαιος
1256 351 1536 417 πεπεικὼς
1558 348 1648 425 ἦν,
1679 354 1760 408 ὅτι
1789 354 1995 419 Πάντες

410 443 774 514 ἐπανήξομεν,
829 443 932 496 οὐκ
975 441 1042 496 ἀν
1093 440 1222 512 περὶ
1273 439 1383 494 τῶν
1434 441 1612 498 ὀστῶν
1653 443 1989 510 ἐνετείλατο,

408 530 893 602 ἀναμφισϐήτητον
918 528 1112 600 ἐχωσιν
1141 527 1417 593 ἀπόδειξιν
1440 530 1535 583 καὶ
1557 529 1748 582 ἐλπίδα
1777 529 1999 599 βεϐαίαν

409 615 507 686 τῆς
533 620 614 682 είς
638 617 738 687 τήν
753 617 1087 686 ἐνεγκοῦσαν
1113 616 1397 671 ἐπανόδου.
1425 617 1536 670 Καὶ
1558 617 1640 671 ὅτι
1661 616 1820 670 τοῦτό
1848 618 1998 672 ἐστιν

409 705 628 776 ἀληθὲς,
656 705 750 758 ml
777 703 867 758 διά
885 703 1047 758 τοῦτο
1065 707 1295 776 προεῖπε
1318 704 1447 776 περὶ
1474 703 1582 758 τῶν
1603 703 1777 758 ὀστῶν
1803 702 1994 772 αὐτοῦ,

411 793 510 864 οὐχ
543 793 685 863 ὑπὲρ
712 793 892 863 ταφῆς
924 792 1249 863 φροντίζων,
1296 791 1434 846 ἀλλά
1472 792 1571 864 τὴν
1603 792 1866 846 ἀπιστίαν
1896 792 1994 846 αὐ-

413 883 520 936 τῶν
541 881 940 953 διορθούμενος,
964 881 1196 935 ἄκουσον
1219 880 1271 934 τί
1287 897 1452 951 φησιν
1474 881 1502 932 6
1523 879 1737 943 Παῦλος
1757 897 1771 910 ο
1790 881 1998 934 Πίστει

427 968 648 1038 Ἰωσὴφ
665 966 963 1022 τελευτῶν
971 967 1104 1038 περὶ
1120 967 1226 1036 τῆς
1240 967 1454 1032 ἐξόδου
1464 967 1582 1021 τῶν
1594 967 1739 1021 υἱῶν
1753 969 1915 1036 Ἰσρα
1923 967 1998 1036 ήλ

413 1056 845 1125 ἐμνημόνευσε,
878 1055 976 1109 καὶ
1006 1055 1140 1124 περὶ
1165 1055 1283 1109 τῶν
1310 1053 1536 1110 ὀστέων
1560 1054 1748 1109 αὐτοῦ
1776 1054 1992 1108 ἐνετει-

413 1146 582 1196 λατο.
623 1143 688 1196 Τί
720 1145 871 1207 ἐστι,
908 1143 1149 1208 ﬂictu;
1184 1142 1330 1195 Ἀντὶ
1357 1141 1451 1196 τοῦ
1495 1140 1755 1214 προεώρα
1782 1140 1853 1194 τά
1887 1159 1997 1211 μα-

417 1232 568 1303 κροῖς
600 1229 826 1300 ὕστερον
863 1228 1254 1300 συμϐησόμενα
1281 1229 1520 1300 χρόνοις,
1545 1229 1639 1281 καὶ
1661 1229 1744 1281 ὅτι
1778 1228 1998 1293 πάντως

415 1317 465 1369 οί
512 1315 723 1384 ἔγγονοι
769 1315 1140 1387 ἀπολήψονται
1174 1316 1274 1388 τῆν
1304 1316 1530 1372 οίκείαν.
1563 1315 1662 1369 ’Ίν’
1710 1311 1804 1369 οῦν
1833 1313 1996 1369 τοῦτο

416 1395 738 1472 ἐνδείξηται,
782 1403 1068 1473 ἀμφότερα
1101 1403 1274 1457 ταῦτα
1315 1406 1544 1474 προεῖπε
1569 1442 1586 1468 ,
1622 1403 1718 1457 καὶ
1759 1398 1829 1473 ἦν
1873 1402 1998 1456 ἰδεῖν

417 1489 728 1561 θαυμαστὸν
780 1490 876 1543 καὶ
925 1489 1230 1561 παράδοξον
1271 1491 1363 1544 ἐπὶ
1408 1490 1508 1560 τῆς
1549 1489 1730 1556 ἐξόδου
1764 1491 2000 1560 πρᾶγμα

418 1576 526 1630 τῶν
546 1576 725 1629 ὀστῶν
752 1577 1185 1648 ἐπιφερομένων.
1227 1578 1285 1631 '0
1313 1578 1419 1649 7&9
1451 1575 1782 1646 καταγαγὼν
1797 1576 1999 1639 αὐτοὺς

419 1665 500 1728 εἰς
546 1663 823 1732 Αἴγυπτον
888 1663 1108 1736 Ἰωσὴφ,
1165 1665 1328 1728 αὐτὸς
1380 1665 1561 1719 αὐτῶν
1599 1665 1696 1718 καὶ
1737 1664 2001 1718 ἀνιόντων

420 1753 715 1823 προηγεῖτο
749 1751 930 1816 πάλιν,
959 1753 1039 1816 είς
1062 1750 1339 1823 ὑπομονήν
1367 1752 1604 1822 ἀλείφων
1632 1751 1728 1805 καὶ
1757 1750 1855 1822 τὴν
1893 1750 2002 1804 τῶν

424 1838 725 1910 μελλόντων
759 1838 971 1893 ἐλπίδα.
1023 1838 1291 1910 Ὀρῶντες
1315 1838 1424 1910 γάρ
1451 1839 1648 1892 ἐκεῖνοι
1681 1836 1751 1891 τὰ
1777 1835 2002 1907 λείψανα

420 1925 529 1996 πρὸ
554 1925 663 1979 τῶν
688 1924 1004 1996 ὀφθαλμῶν,
1033 1921 1155 1980 εἷτα
1179 1924 1429 1980 ἐντεῦθεν
1454 1924 2002 1997 ἀναμιμνησκόμενοι

419 2013 520 2084 τῆς
569 2014 810 2087 ἱστορίας
854 2014 1074 2084 ἀπάσης
1119 2013 1358 2084 ἐκείνης,
1409 2013 1505 2066 καὶ
1551 2011 2000 2082 ἀναλογιζόμενοι

423 2101 561 2173 πρὸς
599 2101 848 2165 ἑαυτοὺς,
876 2101 958 2155 ὅτι
1007 2101 1159 2175 παρὰ
1182 2101 1292 2154 τῶν
1325 2100 1568 2170 ἀδελφῶν
1595 2099 1964 2170 ἐπεϐουλεύθη
1983 2139 1998 2163 ,

421 2187 501 2240 ὅτι
527 2189 608 2251 είς
639 2187 840 2242 λάκκον
861 2187 1082 2260 ἐρρίφη,
1116 2188 1197 2241 ὅτι
1225 2187 1352 2260 περὶ
1377 2188 1487 2241 τῶν
1518 2187 1763 2258 ἐσχάτων
1789 2186 1999 2241 ἐκινδύ-

420 2289 631 2338 νευσεν,
651 2275 733 2328 ὅτι
753 2274 1129 2345 δεσμωτήριον
1151 2275 1358 2346 ᾤκησε,
1375 2275 1469 2328 ml
1489 2275 1560 2328 τά
1583 2275 1717 2330 ἀλλα
1733 2275 1798 2345 δὴ
1824 2274 2001 2328 πάντα

420 2360 492 2414 τά
530 2361 918 2433 συμϐεϐηκότα
948 2360 1101 2434 αὐτῷ
1119 2380 1132 2392 ο
1158 2356 1276 2416 εἶτα
1297 2401 1312 2426 ,
1355 2362 1437 2415 ὅτι
1463 2361 1580 2432 μετ’
1609 2363 1794 2415 ἐκεῖνα
1824 2361 2000 2416 πάντα

423 2448 678 2519 βασιλεὺς
704 2448 925 2518 ἐγένετο
951 2447 1046 2502 καὶ
1077 2449 1179 2519 τῆς
1219 2447 1496 2518 Δίγύπτου
1522 2449 1756 2520 πρῶτος,
1787 2448 1881 2501 ml
1909 2465 1997 2500 το-

426 2536 632 2590 σούτων
661 2534 914 2607 κηδεμὼν
945 2536 1040 2589 ml
1075 2536 1408 2607 προστάτης,
1443 2535 1634 2599 ἱκανὰς
1673 2530 1817 2606 εῐχον
1855 2534 2007 2588 ἐλπί-

422 2623 518 2686 δας
549 2622 690 2693 ὑπὲρ
721 2622 822 2690 τῆς
861 2622 1182 2694 ἀπαλλαγῆς
1210 2622 1318 2677 τῶν
1341 2623 1430 2676 ἀεὶ
1473 2621 2004 2694 καταλαμϐανόντων

424 2709 620 2772 αὐτοὺς
658 2708 867 2775 δεινῶν,
902 2708 1284 2780 παιδευόμενοι
1315 2708 1403 2762 διὰ
1444 2708 1551 2762 τῶν
1583 2708 1778 2762 ὀστῶν
1799 2707 1894 2762 τοῦ
1924 2708 2004 2761 δι-

425 2798 618 2863 καίου,
653 2798 738 2852 ὅτι
770 2798 946 2862 οὐδεὶς
994 2797 1105 2851 τῶν
1141 2798 1235 2851 ἐπὶ
1267 2798 1358 2852 τὸν
1401 2796 1536 2851 Θεὸν
1569 2797 2000 2860 πιστευσάντων,

427 2885 521 2938 καὶ
558 2885 657 2956 τὴν
690 2887 820 2957 παρ’
855 2885 1066 2938 ἐκείνου
1113 2884 1432 2957 συμμαχίαν
1476 2884 1885 2957 ἀναμεινάντων
1921 2884 2008 2951 ἐγ-

427 2976 760 3049 κατελείφθη
791 2977 944 3031 ποτέ.

498 3067 616 3122 Κάν
643 3067 751 3141 γὰρ
775 3067 997 3140 λυπηρά
1023 3085 1143 3122 τινα
1174 3069 1272 3122 ml
1303 3067 1578 3141 ἀϐούλητα
1604 3067 1876 3140 μεσολαϐῇ
1907 3066 2009 3133 τάς

428 3155 768 3226 ὑποσχέσεις,
799 3155 895 3209 καὶ
930 3155 1132 3226 μεταξύ
1166 3155 1567 3229 παρεμπίπτῃ,
1597 3155 1693 3208 τοῦ
1731 3171 1792 3208 τε
1823 3152 2010 3216 τέλους

426 3243 681 3298 οὐδέποτε
703 3241 998 3316 ἐκκροῦσαι
1025 3243 1315 3312 δυνήσεται
1338 3243 1466 3306 τοὺς
1489 3243 1809 3308 ἐλπίζοντας
1833 3283 1850 3309 ,
1892 3241 2008 3296 ἀλλ’

427 3330 722 3402 ἀκϐήσεται
757 3330 978 3393 πάντως
1027 3331 1206 3382 ἐκεῖνο
1251 3329 1315 3384 τὸ
1360 3327 1673 3403 προρρηθὲν
1720 3327 1861 3382 κατά
1907 3327 2008 3399 τὴν

429 3417 637 3474 ἀνωθεν
658 3417 857 3489 ψῆφον,
891 3416 1307 3489 λαμπροτέρους
1343 3417 1532 3471 ποιοῦν
1570 3417 1698 3481 τοὺς
1730 3415 1847 3488 μεθ’
1875 3415 2008 3468 ὐπο-

432 3505 603 3575 μονῆς
650 3504 1021 3576 ἀναμένοντας
1060 3503 1129 3558 τὰ
1159 3503 1309 3574 παρά
1337 3501 1430 3558 τοῦ
1470 3502 1605 3557 Θεοῦ
1645 3502 2004 3556 θεσπισθέντα

431 3593 667 3649 ἅπαντα.
701 3593 798 3646 Διά
813 3591 985 3646 ταῦτα
1007 3593 1137 3663 περὶ
1157 3591 1268 3646 τῶν
1289 3590 1462 3645 ὀστῶν
1488 3590 1653 3645 αὐτοῦ
1683 3591 2005 3645 ἐνετείλατο.

503 3680 577 3746 ς’.
597 3680 688 3752 Μὴ
701 3679 880 3734 τοίνυν
892 3680 984 3732 ἐπὶ
999 3679 1248 3732 τοσοῦτον
1262 3678 1509 3749 ὐπέρτῆς
1519 3677 1657 3731 οἴκοι
1668 3677 1846 3748 ταφῆς
1862 3677 2014 3748 ἀκρι-

433 3765 805 3838 ϐολογώμεθα,
827 3767 960 3838 μηδέ
979 3766 1205 3820 θάνατον
1225 3766 1536 3837 τρέμωμεν,
1557 3763 1692 3818 ἀλλά
1711 3763 2007 3835 ἁμαρτίαν.

432 3855 508 3912 οὐ
524 3854 630 3927 7&9
647 3855 874 3919 θάνατος
885 3856 1160 3926 ἁμαρτίαν
1176 3852 1772 3925 έτεκεν,ἀλλάἀμαρτία
1785 3852 2012 3907 θάνατον

434 3944 566 4014 ἡμῖν
581 3942 858 4013 ἐγέννησε·
877 3942 1104 4006 θάνατος
1119 3941 1174 3994 δέ
1195 3940 1469 4011 ἁμαρτίας
1485 3939 1676 4009 γέγονε
1701 3939 2008 4011 φάρμακον,

435 4030 560 4085 Ὀτι
587 4028 696 4100 γὰρ
719 4029 778 4082 οὐ
808 4028 914 4100 χρὴ
944 4029 1172 4083 θάνατον
1196 4027 1511 4090 δεδοικέναι,
1542 4026 1676 4080 ἀλλὰ
1713 4026 2012 4098 ἁμαρτίαν,

432 4116 663 4171 ἀκουσον
680 4115 733 4170 τί
750 4133 914 4186 φησιν
926 4118 955 4170 6
972 4116 1275 4190 προφήτης⁸
1295 4115 1488 4184 Τίμιος
1501 4115 1781 4168 ἐναντίον
1793 4113 2013 4190 Κυρίου

434 4205 469 4256 ό
487 4201 740 4270 θάνατος
768 4201 886 4257 τῶν
913 4189 1099 4257 ὁσίων
1121 4204 1327 4256 αὐτοῦ’
1359 4201 1450 4256 καὶ
1474 4200 1729 4273 ἀλλαχοῦ,
1751 4189 2016 4266 Θάνατος

435 4286 806 4360 ἁμαρτωλῶν
831 4289 1112 4358 πονηρός.
1156 4289 1321 4365 Ὁρᾷς
1341 4290 1422 4344 ὃτι
1453 4291 1502 4343 οἱ
1537 4291 1634 4361 μὲν
1659 4289 2015 4360 προσέχοντες

436 4379 648 4442 ἑαυτοῖς
679 4379 774 4431 ml
808 4376 1205 4448 καρπώσασθαι
1232 4378 1302 4430 τὰ
1331 4377 1565 4449 μέγιστα
1603 4378 1700 4432 ἀπ’
1727 4375 1892 4432 αὐτοῦ
1920 4375 2014 4430 δύ-

435 4481 646 4527 νανται,
687 4465 738 4519 οι
781 4465 839 4519 δέ
891 4463 1229 4535 ἠμελημένοι
1280 4465 1374 4518 ml
1411 4463 1822 4537 ῥᾳθυμοῦντες,
1868 4457 2012 4518 οῦτοί

436 4556 576 4608 εἰσιν
607 4555 657 4607 οἱ
687 4553 750 4607 τὸ
793 4548 1028 4625 πρᾶγμα
1061 4555 1118 4607 ἐν
1168 4553 1319 4620 τάξει
1361 4553 1658 4626 καταδίκης
1701 4553 2010 4626 δεχόμενοις

437 4641 556 4713 Οὐχ
609 4639 797 4704 ἁπλῶς
845 4641 902 4693 δὲ
949 4639 1071 4694 οὐδὲ
1109 4640 1296 4694 τοῦτον
1350 4641 1484 4694 κινῶ
1529 4641 1623 4695 τὸν
1667 4640 1845 4710 λόγον,
1898 4640 2013 4694 ἀλλ’

437 4729 625 4800 ἐπειδὴ
662 4727 871 4782 πολλῶν
903 4727 1162 4792 πολλάκις
1183 4727 1366 4782 ἀκούω
1395 4727 1663 4798 λεγόντων
1691 4729 1819 4800 περὶ
1839 4727 2007 4784 θανά-

439 4833 536 4870 του
568 4814 806 4887 τρόπων,
844 4815 940 4869 καὶ
982 4817 1111 4879 τοὺς
1153 4815 1253 4886 μὲν
1298 4816 1400 4870 οὐκ
1427 4816 1590 4880 ὄντας
1618 4817 2017 4882 ἐπονειδίστους

437 4903 866 4974 αἰσχυνομένων,
887 4904 1017 4967 τοὺς
1046 4903 1102 4956 δὲ
1127 4901 1277 4976 [697]
1313 4903 1578 4974 μεγίστης
1602 4903 1760 4968 ὄντας
1779 4920 2017 4973 κατηγοι-

441 4991 566 5063 ρίας
589 4990 775 5055 ἀξίους
803 4991 865 5044 οὐ
910 4989 1324 5054 διαϐαλλόντων,
1351 4984 1542 5044 τούτου
1577 4991 1734 5062 χάριν
1770 4991 1865 5044 καὶ
1892 4991 2017 5044 τοῦ-

437 5094 531 5131 τον
554 5077 813 5148 βούλομαι
841 5077 1214 5148 διευκρινῆσαι
1235 5077 1325 5130 τὸν
1351 5077 1508 5146 λόγον
1527 5079 1784 5151 τήμερον.
1814 5077 2017 5132 Εὔκαι-

441 5181 536 5234 ρος
555 5165 662 5235 γάρ
685 5165 780 5217 ml
808 5156 962 5228 οὗτος
983 5166 1042 5217 ἐν
1064 5163 1360 5236 μαρτύρων
1379 5165 1562 5237 ἡμέρᾳ
1579 5165 1678 5234 τῆς
1702 5165 2017 5236 φιλοσοφίας

439 5255 470 5308 6
491 5253 710 5325 τρόπος.
755 5252 974 5307 Πολλῶν
1007 5253 1118 5324 γὰρ
1143 5254 1351 5325 ήκουσα
1391 5253 1678 5322 λεγόντων,
1711 5254 1871 5320 κυνὸς
1902 5258 2019 5310 ἀτι-

443 5340 671 5412 μότερον
699 5343 728 5394 6
759 5340 909 5395 δεῖνα
931 5338 1319 5411 τετελεύτηκεν
1350 5340 1436 5393 ἐπ’
1462 5339 1768 5410 ἀλλοτρίας,
1801 5342 2014 5409 οὐδενὸς

439 5428 548 5480 τῶν
576 5426 896 5498 ἐπιτηδείων
919 5427 1187 5499 παρόντος
1205 5465 1220 5492 ,
1253 5426 1377 5480 οὔτε
1400 5430 1466 5496 τῇ
1499 5429 1570 5498 γῇ
1608 5428 2014 5499 παραδιδόντος,

439 5515 576 5568 ἀλλά
605 5516 758 5586 μόλις
775 5515 974 5583 ὀλίγων
996 5515 1255 5584 γειτόνων
1287 5515 1546 5588 ἀλλήλους
1581 5517 2013 5585 συγκαλούντων,

440 5602 504 5668 ἐξ
531 5604 724 5675 ἐράνου
766 5603 912 5667 τινὸς
949 5604 1296 5675 περισταλεὶς
1321 5645 1335 5669 ,
1364 5604 1506 5659 οῦτω
1541 5605 1814 5677 παρεδόθη
1845 5609 2010 5677 ταφῇ.

441 5686 540 5744 Ἶν⁹
570 5687 665 5747 οῦν
695 5689 773 5764 μή
797 5691 970 5746 ταῦτα
991 5692 1142 5764 ἡμᾶς
1167 5692 1334 5766 λυπῇ,
1368 5695 1666 5766 ἀναγκαῖον
1693 5693 1787 5748 ml
1816 5691 2016 5766 ταύτην

1653 237 1742 293 DE
1777 235 1840 294 S.
1883 235 2183 294 DROSIDE
2221 233 2579 293 ΜΑιιΤγιιε.

3566 234 3681 290 6θῦ

2100 356 2496 429 διορθώσασθαι
2517 354 2616 427 τήν
2644 354 2919 407 ὑπόνοιαν.
2955 351 3029 406 Οὐ
3053 353 3160 421 γάρ
3183 352 3298 404 ἐστι
3324 349 3481 404 τοῦτο
3511 353 3672 414 κυνὸς

2099 449 2425 521 ἀθλιώτερον
2461 447 2773 514 ἀποθανεῖν,
2806 444 3080 517 ἄνθρωπε,
3108 443 3244 498 ἀλλά
3282 443 3440 508 κυνὸς
3471 442 3673 497 ἀθλιώ-

2097 560 2256 616 τερον
2305 541 2598 596 ἀποθανεῖν
2630 541 2745 595 ἐστι
2786 539 2848 592 τὸ
2882 540 2939 591 ἐν
2979 537 3224 609 ἁμαρτίᾳ
3258 537 3565 600 ἀποθανεῖν,
3610 538 3673 590 οὐ

2099 634 2160 688 τὸ
2198 635 2286 687 ἐπ’
2327 633 2612 705 ἀλλοτρίας
2660 630 2962 685 καταλῦσαι
2995 629 3084 682 τὺν
3129 629 3260 699 βίον.
3305 629 3394 699 Μὴ
3433 627 3540 700 γάρ
3585 645 3675 698 μοι

2098 725 2286 779 τοῦτον
2322 727 2479 796 εἴπῃς
2513 725 2601 778 τὸν
2635 725 2728 776 ἐπὶ
2755 721 2856 793 τῆς
2888 720 3076 791 κλίνης
3113 721 3212 792 τῆς
3253 718 3544 790 διαχρύσου
3582 735 3677 786 φε-

2105 817 2353 890 ρόμενον,
2403 817 2494 871 τὸν
2538 816 2638 886 τῆς
2683 815 2892 877 πόλεως
2937 811 3368 884 προπεμπούσης
3417 811 3674 882 ἀπάσης,

2100 906 2192 960 τὸν
2219 905 2327 959 τῶν
2350 905 2538 976 δήμων
2567 902 2979 975 εὐφημούντων,
3017 902 3108 956 τὸν
3138 901 3328 972 ἱμάτια
3355 901 3557 972 σηρικά
3583 901 3677 955 ml

2103 996 2369 1068 διάχρυσα
2411 995 2548 1068 μετά
2592 995 2795 1066 πολλῆς
2842 998 3031 1066 έχοντα
3070 994 3536 1064 ἐπεστοιϐασμένα
3577 995 3674 1064 τῆς

2103 1088 2392 1157 ἀφθονίας*
2418 1087 2577 1140 τοῦτο
2599 1086 2708 1158 γὰρ
2733 1087 2886 1140 οὐδὲν
2920 1086 3106 1156 ἕτερόν
3135 1088 3273 1152 ἐστι,
3309 1085 3424 1138 ἁλλ’
3459 1087 3490 1154 ἢ
3522 1085 3677 1155 δαψι-

2103 1179 2362 1252 λεστέραν
2409 1179 2487 1250 τῷ
2551 1178 2794 1249 σκώληκι
2856 1177 3185 1249 παραθεῖναι
3234 1177 3534 1248 τράπεζαν.
3585 1177 3676 1246 Μή

2102 1269 2279 1325 τοίνυν
2309 1269 2496 1322 τοῦτόν
2535 1286 2625 1339 μοι
2651 1268 2853 1339 δείξῃς,
2887 1266 3022 1321 ἀλλά
3049 1265 3219 1330 δεῖξόν
3252 1283 3342 1336 μοι
3363 1265 3554 1319 τοῦτον
3579 1266 3672 1322 αὐ·

2103 1361 2194 1415 τὸν
2223 1361 2314 1415 τὸν
2357 1364 2496 1432 μετά
2536 1359 2804 1431 τοσαύτης
2839 1359 3300 1432 προπεμπόμενον
3339 1358 3506 1429 τιμῆς
3540 1361 3683 1413 κατὰ

2103 1451 2201 1522 τὴν
2231 1452 2445 1524 ἡμέραν
2469 1453 2706 1523 ἐκείνην,
2730 1454 2858 1506 ὅταν
2890 1453 2918 1504 6
2945 1450 3181 1523 Χριστὸς
3203 1450 3287 1520 ἐφ’
3311 1450 3516 1522 ὑψηλοῦ
3547 1469 3682 1522 προ-

2103 1543 2402 1616 καθέζηται
2453 1543 2546 1598 τοῦ
2598 1545 2860 1616 βήματος,
2907 1543 3280 1614 εἰσαγόμενον,
3324 1543 3678 1614 καλούμενον.

2102 1635 2330 1699 εὐθύνας
2380 1637 2802 1707 ἀπαιτούμενον,
2842 1631 2918 1691 ὧν
2954 1631 3131 1704 εἷπεν,
3173 1629 3249 1690 ὧν
3303 1636 3560 1707 ἔπραξεν,
3605 1629 3680 1689 ὧν

2103 1726 2374 1798 ἐνενόησε.
2408 1727 2542 1779 Τότε
2569 1726 2678 1797 7&9
2706 1727 2882 1792 οὐδεὶς
2922 1727 3071 1798 αὐτῷ
3103 1726 3294 1780 τούτου
3325 1725 3418 1779 τοῦ
3443 1725 3681 1796 πλήθους

2103 1821 2537 1890 παραστήσεται,
2571 1817 2693 1871 οὐδέ
2718 1817 3064 1890 ἐξαιρήσεται
3087 1819 3189 1889 τῆς
3219 1817 3492 1880 κολάσεως
3517 1817 3680 1871 αὐτὸν

2105 1911 2199 1964 καὶ
2223 1910 2325 1978 τῆς
2345 1909 2637 1981 τιμωρίας,
2667 1909 2785 1962 οὐδὲ
2809 1911 3252 1981 παραστήσονται
3292 1910 3348 1963 αί
3379 1908 3502 1980 βοαὶ
3523 1903 3681 1964 αὗται

2104 2001 2198 2056 ml
2215 2003 2270 2054 αί
2299 2000 2585 2072 εὐφημίαι,
2607 1999 2742 2054 ἀλλά
2764 1999 2915 2054 κάτω
2934 1999 3181 2066 κύπτων,
3208 2000 3678 2072 ἀπαρρησίαστος,

2105 2092 2492 2163 αἰσχυνόμενος
2520 2091 2613 2144 ἐπὶ⁹
2639 2093 2761 2156 ταῖς
2789 2091 2900 2144 τῶν
2934 2092 3278 2164 πραγμάτων
3318 2091 3679 2163 κατηγορίαις

2104 2182 2484 2254 ἀπαχθήσεται
2512 2181 2803 2253 ἑλκόμενος
2832 2181 2938 2235 ὐπὸ
2969 2181 3078 2236 τῶν
3120 2183 3372 2254 πονηρῶν
3397 2183 3683 2253 δυνάμεων

2104 2275 2198 2328 ἐπὶ
2228 2274 2328 2338 τὰς
2369 2274 2668 2338 ἀθανάτους
2698 2273 2950 2338 κολάσεις
2996 2274 3136 2346 μετά
3167 2275 3262 2328 τοῦ
3295 2275 3682 2346 χαλεπωτάτου

2103 2366 2212 2419 τῶν
2261 2367 2490 2421 ὀδόντων
2526 2366 2797 2439 βρυγμοῦ,
2834 2368 3067 2439 ἀνόνητα
3094 2366 3280 2422 λοιπὸν
3329 2368 3546 2439 θρηνῶν
3587 2371 3682 2423 καὶ

2107 2460 2440 2532 κοπτόμενος
2467 2462 2532 2514 ἐκ
2557 2459 2666 2515 τῶν
2693 2461 2982 2533 ἀφορήτων
3004 2460 3223 2518 ὀδυνῶν.

2180 2549 2292 2604 Καὶ
2323 2547 2391 2603 τὰ
2426 2551 2524 2620 μὲν
2555 2552 2673 2603 ἐκεῖ
2688 2551 2934 2616 τοιαῦτα,
2968 2552 3030 2604 οὐ
3059 2551 3165 2622 μὴν
3194 2551 3316 2605 ούδέ
3348 2551 3419 2605 τὰ
3449 2552 3686 2608 ἐνταῦθα

2106 2641 2328 2712 ἀνεκτά.
2354 2641 2510 2695 Μετὰ
2536 2641 2647 2713 γὰρ
2674 2641 2775 2706 τάς
2802 2642 3078 2712 εὐφημίας
3101 2643 3200 2706 τάς
3225 2645 3283 2696 ἐν
3303 2643 3383 2713 τῷ
3412 2645 3566 2714 μέσῳ
3585 2643 3686 2706 τὰς

2106 2733 2318 2804 ώνητάς
2344 2732 2577 2798 ἐκείνας,
2608 2733 2642 2803 ἢ
2674 2735 2738 2787 ἐκ
2764 2733 2929 2802 φόϐου
2959 2733 3104 2797 τινὸς
3130 2735 3443 2804 γινομένας,
3468 2736 3686 2789 πάντων

2106 2821 2240 2876 ἀκού
2249 2839 2329 2876 σει
2346 2821 2791 2894 κατηγορούντων
2809 2823 2902 2877 καὶ
2929 2824 2988 2876 ἐν
3005 2823 3268 2894 ἀμφόδοις
3285 2824 3382 2877 καὶ
3409 2825 3466 2878 ἐν
3484 2825 3683 2896 ἀγορᾷ,

2107 2913 2204 2967 καὶ
2231 2913 2290 2967 ἐν
2313 2913 2461 2985 οἰκίᾳ.
2487 2913 2582 2968 καὶ
2619 2914 2677 2968 ἐν
2705 2913 3048 2986 καπηλείοις,
3081 2916 3176 2968 καὶ
3197 2916 3254 2968 ἐν
3281 2916 3492 2989 ἑτέροις
3514 2921 3684 2989 ἐργαο

2110 3004 2383 3077 στηρίοις,
2413 3004 2509 3058 ml
2533 3006 2592 3058 ἐν
2614 3003 2718 3076 ὀδῷ
2743 3007 2839 3058 ml
2866 3007 2924 3060 ἐν
2945 3004 3120 3079 χώρᾳ,
3149 3007 3246 3060 καὶ¹
3275 3009 3551 3080 πανταχοῦ
3577 3009 3687 3063 τῶν

2107 3095 2398 3151 ὁδευόντων
2426 3096 2658 3152 ἑκάστου
2679 3097 2816 3170 πρὸς
2837 3097 2929 3152 τὸν
2951 3099 3180 3170 πλησίον
3205 3099 3342 3171 μετά
3370 3100 3565 3154 πολλοῦ
3591 3101 3687 3155 τοῦ

2110 3187 2275 3258 φόϐου
2295 3188 2654 3260 διηγουμένου
2685 3191 2780 3246 ml
2802 3191 3074 3261 λέγοντος,
3094 3185 3183 3246 οἷα
3203 3192 3364 3246 αὐτὸν
3384 3193 3689 3258 διαδέξεται

2111 3280 2279 3347 κακά,
2322 3275 2431 3335 οἷαι
2455 3282 2862 3354 ἀπαντήσονται
2889 3285 3173 3358 τιμωρίαι,
3220 3279 3330 3339 οἷαι
3358 3285 3454 3340 νῦν
3483 3287 3692 3359 ἀναμεμ-

2111 3389 2262 3427 νουσι
2287 3372 2532 3444 βάσανοι.
2567 3373 2632 3428 Τί
2660 3375 2722 3428 τὸ
2743 3375 2933 3448 κέρδος
2956 3375 3107 3448 αὐτῷ
3129 3377 3322 3446 γέγονε
3349 3378 3450 3448 τῆς
3476 3378 3687 3450 παρού-

2113 3483 2211 3538 σης
2236 3467 2412 3539 ζωῆςς
2453 3467 2506 3520 τί
2537 3466 2600 3521 τὸ
2633 3467 2794 3523 πλέον
2820 3468 2928 3522 ἀπὸ
2949 3471 3047 3541 τῆς
3085 3469 3398 3537 πλεονεξίας
3429 3470 3688 3542 ἐκαρπώσ-

2112 3573 2277 3624 σατο;
2337 3557 2577 3630 Ἐτέροις
2619 3558 2688 3613 τά
2743 3560 3006 3632 χρήματα
3053 3559 3377 3614 καταλιπὼν
3422 3561 3688 3631 ἀπῆλθεν,

2112 3649 2272 3712 αὐτὸς
2297 3649 2354 3703 δέ
2380 3649 2451 3704 τὰ
2484 3650 2859 3723 ἁμαρτήματα
2899 3650 3083 3705 λαϐὼν
3115 3651 3551 3725 κατορώρυκται,
3596 3656 3692 3708 ml

2113 3740 2299 3794 πολλοὶ
2323 3742 2658 3814 πανταχόθεν
2686 3744 2980 3816 κατήγοροι
3019 3746 3132 3806 τοῖς
3171 3743 3521 3816 ἠδικημένοις
3568 3763 3692 3799 συν-

2113 3833 2403 3902 αλγοῦντες
2427 3874 2442 3899 ,
2468 3837 2564 3890 καλ⁷
2599 3837 2648 3890 οί
2679 3836 2843 3908 μηδὲν
2882 3837 3208 3902 πεπονθότες
3238 3838 3428 3892 δεινόν.
3479 3838 3692 3908 ’Ὥσπερ

2115 3923 2224 3996 7&9
2251 3926 2345 3979 ml
2369 3927 2463 3980 ἐπὶ
2488 3926 2596 3980 τῶν
2632 3928 3128 4000 εὐεργετουμένων,
3169 3930 3264 3983 ml
3302 3932 3352 3985 οί
3389 3929 3554 4003 μηδὲν
3583 3948 3692 3984 πα·-

2116 4017 2299 4083 θόντες
2322 4020 2630 4091 συνήδονται
2657 4023 2770 4086 τοῖς
2786 4021 3038 4088 παθοῦσι,
3060 4024 3154 4077 καὶ
3177 4024 3268 4078 τὸν
3305 4019 3364 4078 εὖ
3390 4025 3693 4096 ποιήσαντα

2117 4108 2465 4164 ἐπαινοῦσιν
2504 4109 2677 4175 οὕτως
2722 4112 2815 4164 ἐπὶ
2858 4113 2968 4166 τῶν
3000 4113 3460 4187 ἐπηρεαζομένων
3507 4116 3601 4169 καὶ
3640 4116 3692 4167 οί

2120 4202 2288 4273 μηδὲν
2320 4202 2636 4275 ἠδικημένοι
2671 4204 2997 4274 συναλγοῦσι
3022 4211 3134 4272 τοῖς
3161 4209 3346 4272 κακῶς
3371 4209 3689 4274 πεπονθόσι,

2117 4294 2212 4347 ml
2234 4293 2336 4372 ,τὸν
2359 4297 2658 4367 ποιήσαντα
2681 4295 2982 4362 κακίζουσι.
3007 4297 3108 4352 Διά
3127 4299 3286 4353 τοῦτό
3311 4317 3466 4372 φησι·
3500 4301 3693 4356 Odru-

2117 4405 2220 4456 τος
2252 4389 2630 4460 ,ἁμαρτωλῶν
2680 4389 2963 4459 πονηρὸς,
3025 4395 3120 4445 καὶ
3173 4393 3261 4446 διὰ
3323 4393 3420 4457 τὰς
3459 4393 3694 4448 ἐνταῦθα

2118 4481 2471 4552 κατηγορίας,
2503 4480 2596 4534 ml
2624 4480 2712 4534 διά
2740 4481 2837 4545 τὰς
2859 4483 2974 4535 ἐκεῖ
3002 4482 3271 4548 κολάσεις.
3305 4480 3473 4549 Οὗτος
3515 4485 3693 4542 τοίνυν

2119 4571 2267 4624 ἐστὶν
2304 4573 2333 4624 6
2377 4570 2538 4636 κυνὸς
2589 4571 2910 4644 ἀτιμότερον
2955 4572 3242 4638 τελευτῶν,
3283 4572 3396 4626 ἀλλ’
3451 4574 3545 4627 ἐπὶ
3583 4574 3693 4627 τῶν

2115 4661 2337 4716 δικαίων
2359 4664 2458 4734 ούχ
2473 4663 2672 4727 οὕτως·
2699 4663 2837 4718 ἀλλά
2860 4664 2964 4719 κᾶν
2991 4665 3300 4736 ἐνέρημίᾳ,
3331 4665 3434 4720 κάν
3467 4665 3694 4738 μηδενὸς

2118 4755 2590 4827 περιστέλλοντος,
2636 4754 2789 4828 [698]
2821 4755 2924 4810 κᾶν
2955 4756 3180 4828 μηδενὸς
3213 4757 3476 4828 παρόντος
3519 4774 3694 4812 κατα-

2117 4844 2253 4918 λύσῃ
2290 4846 2390 4917 τὴν
2425 4845 2589 4918 ζωήν,
2632 4847 2810 4900 ἱκανὸν
2851 4845 3101 4916 ἐντάφιον
3130 4844 3308 4900 λαϐὼν
3349 4848 3555 4914 ἄπεισι,
3593 4847 3695 4919 τὴν
3737 4913 3741 4926 1

2119 4941 2254 5012 πρὸς
2277 4941 2368 4994 τὸν
2397 4941 2529 4993 Θεὸν
2549 4941 2857 5013 παρρησίαν
2882 4955 2895 4968 ⁸
2923 4939 3242 5012 θαυμαστὴν
3273 4940 3386 5011 ἔχει
3411 4941 3510 5014 τήν
3532 4943 3695 5013 ἐκφο-
3740 5009 3741 5012 η

2122 5034 2244 5106 ρὰν,
2288 5034 2550 5106 ,ἀγγέλων
2609 5033 2915 5106 παρόντων,
2967 5035 3064 5088 ml
3108 5033 3289 5107 ψυχὴν
3332 5035 3691 5106 ὀδηγούντων,

2120 5125 2370 5198 καθάπερ
2408 5121 2501 5179 οὖν
2530 5125 2699 5197 ἐφθην
2722 5125 3006 5191 ἀποδείξας
3041 5128 3134 5181 ἐπὶ
3173 5127 3267 5180 τοῦ
3289 5128 3563 5198 Λαζάρου,
3593 5143 3696 5196 μυο

2123 5219 2268 5294 ρίους
2317 5217 2609 5283 ἐπαινέτας
2655 5217 3082 5290 καταλιμπάνων
3144 5219 3246 5290 τῆς
3281 5218 3472 5272 ἐαυτοῦ
3510 5217 3690 5287 ζωῆς·

2118 5312 2222 5366 κᾶν
2250 5310 2444 5376 παῖδας
2473 5309 2750 5384 καταλίπῃ
2768 5351 2782 5373 ,
2810 5311 3010 5374 πάντες
3029 5311 3078 5364 οἱ
3107 5311 3204 5382 τὴν
3231 5311 3385 5363 πόλιν
3411 5309 3694 5374 οἰκοῦντες

2119 5406 2420 5480 προστάται
2449 5406 2544 5462 καὶ
2586 5405 2884 5477 κηδεμόνες
2915 5404 3092 5460 αὐτῶν
3125 5404 3334 5458 ἔσονται
3357 5444 3372 5470 ,
3412 5405 3513 5477 τῆς
3554 5407 3692 5481 πρὸς

2116 5501 2206 5554 τὸν
2257 5501 2471 5572 πατέρα
2517 5500 2733 5564 εὐνοίας
2770 5499 2968 5562 αὐτοὺς
3012 5497 3385 5570 ἀμειϐόμενοι.
3435 5501 3494 5555 '0
3543 5500 3602 5556 δέ
3634 5504 3694 5557 ἐν

2119 5594 2417 5666 ἁμαρτίαις
2445 5594 2540 5647 ml
2567 5590 2902 5659 πλεονεξίαις
2938 5590 3363 5664 τετελευτηκὼς,
3397 5594 3503 5651 κᾶν
3538 5598 3695 5668 ἀφεὶς

2131 5685 2321 5750 παῖδας
2360 5684 2588 5756 ἀπέλθῃ,
2620 5684 2986 5758 κληρονόμους
3029 5683 3126 5757 τῆς
3157 5685 3363 5752 οἰκείας
3397 5687 3700 5766 ἀπεχθείας
