4080 6198
435 220 540 280 895

435 340 606 406 εἴασε,
646 342 742 398 καὶ
775 343 982 414 μεταξύ
1034 344 1306 415 πολεμίων
1339 345 1520 414 ἀφῆκε
1547 361 1560 375 ·
1589 343 1695 398 κᾶν
1726 344 1891 404 ἄπαις
1923 363 2009 398 τε‹

435 424 672 498 λευτήσῃ
700 425 792 484 τὸν
823 427 956 498 βίον,
988 427 1078 480 διὰ
1116 428 1225 481 τῶν
1257 427 1732 498 οἰκοδομημάτων,
1782 427 1870 482 διά
1898 428 2008 482 τῶν

435 507 612 564 ἄλλων
645 512 960 582 κτημάτων,
995 511 1139 583 ἅπερ
1191 511 1248 576 ἐξ
1283 511 1534 582 ἁρπαγῆς
1563 509 1657 564 καὶ
1694 509 2008 578 πλεονεξίας

437 595 616 667 ἔσχεν,
660 598 925 652 ἀθάνατον
960 597 1154 652 ἐαυτοῦ
1188 597 1589 668 καταλιμπάνει
1643 596 1741 668 τὴν
1776 615 2008 668 κατηγο-

439 680 581 752 ρίαν.
631 681 768 734 Ἀλλ’
796 682 894 752 οὐχ
940 682 968 733 ό
999 681 1203 744 δίκαιος
1239 679 1431 745 οῦτως,
1467 679 1604 732 ἀλλά
1632 683 1724 733 καὶ
1757 681 2008 735 ἀπελθὼν

438 765 708 836 κερδαίνει
738 765 802 818 τά
833 765 1092 836 μέγιστα,
1121 767 1186 836 τῇ
1218 765 1317 834 τῆς
1342 764 1550 826 οἰκείας
1582 765 1785 836 ἀρετῆς
1818 767 2005 838 μνήμῃ

435 851 562 913 τοὺς
596 849 802 913 ζῶντας
837 850 1082 913 ἅπαντας
1114 849 1360 917 ὠφελῶν,
1405 849 1498 902 καὶ
1525 848 1767 918 βελτίους
1812 851 2006 915 ποιῶν,

437 933 625 1003 ὥσπερ
645 928 738 986 οὖν
763 935 790 986 ό
816 933 1048 1004 πονηρὸς
1077 931 1362 1004 καὶταύτῃ
1391 931 1705 995 κολάζεται.
1730 931 1864 986 Οὐδὲ
1899 933 2008 1004 γὰρ

437 1017 639 1082 ζῶντες
674 1018 855 1088 μόνον,
890 1017 1028 1072 ἀλλά
1054 1019 1144 1072 καὶ
1166 1017 1531 1080 ἀποθανόντες
1567 1017 1795 1081 πολλοὺς
1823 1033 2006 1088 παρα-

428 1100 672 1154 ϐλάπτου
681 1119 732 1154 σι
754 1102 858 1172 τῆς
883 1101 1090 1164 οίκείας
1125 1100 1432 1165 πλεονεξίας
1453 1099 1713 1169 ἐλέγχους
1729 1099 2004 1168 πανταχοῦ

431 1184 956 1256 καταλιμπάνοντες.
981 1185 1141 1239 Ταῦτ’
1183 1182 1276 1240 οὖν
1309 1186 1528 1248 εἰδότες,
1559 1185 1633 1254 μὴ
1665 1185 1790 1248 τοὺς
1819 1185 1876 1237 ἐν
1910 1184 2007 1238 ἀλ·-

433 1268 641 1341 λοτρίᾳ,
669 1270 808 1324 ἀλλά
837 1272 963 1335 τοὺς
982 1271 1045 1323 ἐν
1076 1270 1370 1342 ἁμαρτίαις
1395 1267 1763 1333 τελευτῶντας
1793 1267 2009 1322 ταλανί-

427 1353 638 1422 ζωμεν,
683 1353 818 1424 μηδέ
845 1355 969 1418 τοὺς
999 1355 1094 1411 ἐπὶ
1126 1355 1224 1425 τῆς
1257 1354 1466 1418 οίκίας,
1494 1351 1589 1406 καλ⁸
1620 1351 1746 1413 τοὺς
1772 1351 1864 1404 ἐπὶ
1907 1353 2007 1422 τῆς

435 1433 644 1506 κλίνης.
671 1437 810 1491 ἀλλά
853 1439 976 1504 τοὺς
1008 1439 1124 1507 μετ’
1164 1437 1364 1508 ἀρετῆς
1395 1435 1655 1498 ἀπιόντας
1685 1433 2002 1504 μακαρίζω-

440 1531 562 1586 μενη,
603 1517 698 1570 καὶ
727 1517 930 1592 ἀρετῆς
967 1517 1072 1589 μὲν
1119 1514 1527 1587 ἐπιμελώμεθα,
1564 1514 1766 1568 κακίαν
1792 1513 1848 1571 δὲ
1877 1513 2007 1585 φεύ-

465 1773 698 1789 m0—

1161 223 1218 279 S.
1258 224 1544 281 JOANNIS
1579 223 2072 282 CHRYSOSTOMI
2101 225 2423 285 ARCHlEP.
2461 226 3015 287 CONSTANTINOP.

3573 239 3683 297 6941

2107 365 2313 420 γωμεν.
2393 348 2457 401 Ἦ
2495 348 2594 420 μὲν
2655 347 2763 420 γὰρ
2811 350 2902 403 καὶ
2954 349 3164 414 ζῶντας
3212 352 3306 406 καὶ
3353 353 3691 424 ἀπελθόντας

2106 431 2329 501 ὠφελεῖ,
2357 431 2496 503 α’ύτη
2567 431 2625 485 δὲ
2662 432 3004 506 ἑκατέρωθεν
3044 434 3424 506 παραϐλάπτει
3447 479 3462 505 ,
3496 456 3686 496 καται-

2108 515 2385 586 σχύνουσά
2407 531 2466 568 τε
2491 514 2712 578 τούτους
2731 515 2825 571 καὶ
2851 518 2931 580 εἰς
2963 519 3234 588 τιμωρίας
3259 519 3544 590 ἀπάγουσα
3558 525 3692 579 ἀθα-

2104 602 2318 664 νάτους.
2373 599 2431 654 '0
2461 599 2519 652 δέ
2554 599 2688 664 Θεὸς
2716 602 2745 654 ό
2790 601 2885 654 καὶ
2907 603 3006 672 τὴν
3046 603 3324 674 μακαρίαν
3350 605 3554 679 ταύτην
3585 610 3690 682 τὴν

2107 686 2351 756 σήμερον
2395 685 2544 755 ἡμᾶς
2585 684 2996 753 συναγαγοῦσαν
3040 687 3134 740 καὶ
3167 687 3543 745 ἀποδύσασθαι
3588 696 3690 749 καὶ

2108 769 2367 824 παλαῖσαι
2393 769 2487 822 καλ⁸
2511 768 2733 839 νικῆσαι
2759 769 2852 822 καὶ
2883 771 3298 842 στεφανωθῆναι
3315 775 3687 842 καταξιώσας,

2106 851 2460 918 καταξιὼσειε
2492 853 2586 905 καὶ
2612 853 2760 922 ἡμᾶς
2788 855 2940 924 κοινῇ
2963 853 3170 918 πάντας
3199 856 3378 909 καὶέν
3407 859 3590 932 ἐκείνῃ
3616 865 3692 932 τῇ

2104 934 2290 1008 ᾑμέρᾳ
2316 935 2406 988 τὸν
2423 935 2664 1007 παρόντα
2691 935 2804 1005 βίον
2829 935 3194 1002 ἐξανύσαντας
3224 940 3362 1010 μετὰ
3381 942 3490 996 τῶν
3513 945 3688 996 αὑτοῦ

2108 1019 2542 1090 προσταγμάτων
2559 1019 2655 1074 καὶ
2673 1020 2851 1090 νόμων
2872 1021 3165 1094 δυνηθῆναι
3187 1024 3339 1096 παρά
3359 1026 3457 1090 τὰς
3477 1027 3690 1098 σκηνὰς

2105 1102 2202 1169 τῆς
2233 1102 2394 1170 ἁγίας
2435 1101 2638 1173 ταύτης
2666 1103 2862 1171 ἐλθεῖν,
2891 1106 2986 1158 καί
3010 1106 3119 1159 τῶν
3154 1107 3436 1162 ἀθανάτων
3459 1110 3693 1178 ἀγαθῶν

2105 1183 2428 1238 ἀπολαῦσαιο
2450 1178 2525 1239 ὧν
2541 1185 2752 1254 γένοιτο
2778 1187 2985 1252 πάντας
3005 1191 3154 1260 ἡμᾶς
3178 1191 3476 1262 ἐπιτυχεῖν,
3498 1193 3688 1264 χάριτι

2105 1271 2200 1323 καὶ
2239 1268 2618 1340 φιλανθρωπίᾳ
2647 1269 2741 1322 τοῦ
2771 1270 2978 1342 Κυρίου
3008 1272 3166 1342 ἡμῶν
3207 1273 3383 1343 Ἰησοῦ
3413 1274 3683 1346 Χριστοῦ,

2109 1351 2228 1423 μεθ’
2255 1346 2316 1406 οῦ
2336 1351 2419 1422 τῷ
2451 1352 2627 1422 Πατρὶ
2647 1351 2773 1420 δόξα
2793 1393 2810 1419 ,
2846 1355 2966 1425 ἅμα
2996 1355 3076 1426 τῷ
3100 1355 3242 1428 ἀγίῳ
3266 1356 3566 1429 Πνεύματι,
3597 1358 3685 1424 εἰς

2106 1436 2233 1500 τούς
2260 1434 2481 1499 αἰῶνας.
2528 1435 2724 1506 Ἀμήν.
2783 1487 2792 1500 ,

1005 1759 1036 1768 η.

1269 1760 1983 1776 ------,

1269 1777 1981 1792 ...Ἢ

1303 2025 1402 2086 AD
1435 2027 1815 2090 HOMILIAM
1842 2030 1923 2092 IN
1953 2028 2366 2123 MABTITRES
2395 2028 2785 2091 EGYPTIOS

497 2288 635 2344 Num
665 2289 984 2358 Antiochiae,
1020 2309 1150 2349 num
1170 2293 1646 2366 Constantinopoli
1674 2296 1858 2352 habita
1887 2294 2058 2352 tuerit
2087 2295 2206 2352 hac
2238 2294 2484 2364 humilia,
2509 2295 2654 2352 haud
2681 2293 2846 2350 certis
2873 2293 3018 2350 notis
3040 2293 3367 2366 iudiciisque
3393 2295 3669 2366 expiscari

429 2421 741 2476 possumus.
769 2407 1240 2488 Constantinopoli
1275 2411 1513 2468 habitam
1542 2423 1841 2485 auguratur
1869 2413 2272 2484 ‘fiiiemontius,
2307 2415 2410 2471 hac
2432 2414 2752 2486 conjectum
2777 2413 2986 2470 ductus
3013 2431 3028 2470 :
3059 2412 3348 2470 occasione
3389 2411 3673 2482 Reliquia-

430 2535 552 2576 rum
586 2535 652 2577 e-x
685 2520 920 2597 Egypto
953 2538 1072 2581 eam
1105 2524 1157 2581 in
1187 2525 1399 2592 urbem,
1428 2527 1480 2582 in
1504 2543 1614 2598 qua
1645 2528 1760 2584 haec
1789 2528 2147 2587 concionatus
2179 2538 2264 2586 est
2307 2529 2776 2600 Chrysostomus,
2817 2527 3230 2596 translatorum,
3255 2527 3399 2582 dicta
3431 2524 3531 2580 fuit
3557 2525 3676 2580 hac

429 2624 692 2701 humilia;
715 2645 773 2706 at
797 2635 1115 2708 huiusmodi
1141 2639 1534 2700 translationes
1563 2640 1724 2712 longe
1751 2640 2090 2713 frequentius
2106 2640 2835 2712 Constantinopolim,quam
2857 2638 3211 2695 Antiochiam
3241 2636 3357 2693 ﬁeri
3377 2634 3630 2692 solebant
3654 2650 3675 2685 :

819 3163 974 3240 [σεο]
1010 3177 1596 3272 ΕΓΚΩΜΙΟΝ
1657 3177 1830 3274 ΕΙΣ
1895 3172 2461 3263 ΜΑΡΓΥΡΑΣ
2535 3167 3241 3264 ΑΙΓΥΠΤΙΟΥΣ.

469 3605 540 3662 α’.
565 3605 870 3679 Εὐλογητὸς
881 3609 909 3662 ὁ
924 3608 1078 3674 Θεὸς,
1098 3609 1180 3664 ὅτι
1196 3613 1290 3666 καὶ
1304 3611 1364 3679 ἐξ
1378 3612 1651 3683 Αἰγύπτου
1671 3615 1968 3688 μάρτυρες,

397 3689 673 3759 Αἰγύπτου
715 3691 817 3761 τῆς
853 3690 1119 3764 θεομάχου
1151 3696 1245 3751 καὶ
1281 3697 1682 3768 μανικωτάτης,
1723 3700 1819 3754 καὶ
1847 3699 1970 3754 ὅθεν

396 3775 466 3829 τά
493 3774 630 3829 ἄθεα
669 3775 947 3846 στόματα,
976 3777 1098 3832 ὅθεν
1137 3780 1192 3832 αἱ
1231 3779 1540 3852 βλάσφημοι
1589 3781 1856 3851 γλῶσσαι,
1909 3784 1968 3852 ἐξ

396 3857 674 3926 Αἰγύπτου
706 3860 1004 3932 μάρτυρες,
1038 3861 1138 3916 οὐκ
1160 3865 1219 3917 ἐν
1247 3863 1511 3935 Αἰγύπτῳ
1535 3864 1594 3918 δὲ
1637 3865 1820 3937 μόνον,
1849 3867 1968 3920 οὐδὲ

397 3943 456 3995 ἐν
483 3945 549 4014 τῇ
575 3944 823 4014 παροίκῳ
855 3956 885 3985 ι
921 3945 1014 3998 καὶ
1034 3946 1234 4014 γείτονι
1267 3947 1442 4021 χώρᾳ,
1473 3948 1610 4003 ἀλλά
1636 3952 1732 4005 καὶ
1762 3969 1966 4007 παντα·

395 4025 493 4096 χοῦ
517 4027 616 4097 τῆς
636 4027 979 4100 οἰκουμένης.
1009 4030 1119 4084 Καὶ
1144 4031 1398 4104 καθάπερ
1421 4033 1517 4086 ἐπὶ
1540 4035 1639 4107 τῆς
1663 4034 1772 4090 τῶν
1793 4036 1969 4090 ὠνίων

395 4110 702 4182 εὐετηρίας,
723 4111 848 4164 ὅταν
880 4113 1061 4170 ίδωσιν
1091 4117 1141 4168 οἰ
1168 4116 1268 4181 τάς
1295 4116 1476 4180 πόλεις
1499 4117 1773 4182 οἰκοῦντες
1801 4118 1970 4174 πλείω

394 4193 494 4264 τῆς
527 4194 712 4264 χρείας
739 4195 847 4249 τῶν
877 4197 1170 4254 οἰκούντων
1192 4197 1496 4271 γενομένην
1516 4200 1616 4271 τὴν
1647 4201 1842 4271 φορὰν,
1874 4201 1969 4255 καὶ

395 4275 536 4348 πρὸς
567 4276 664 4341 τάς
692 4278 796 4344 ἔξω
818 4278 1187 4352 διαπέμπουσι
1217 4283 1422 4347 πόλεις,
1465 4282 1602 4356 ὁμοῦ
1623 4300 1682 4337 τε
1705 4283 1804 4354 τὴν
1837 4286 1969 4354 παρ’

393 4359 603 4412 ἑαυτῶν
653 4361 1083 4432 ἐπιδεικνύμενοι
1127 4365 1547 4436 φιλοφροσύνην,
1599 4366 1862 4437 καὶπρὸς
1899 4369 1965 4437 τῇ

391 4443 598 4498 τούτων
625 4445 910 4516 περιουσίᾳ
935 4449 1051 4514 μετ’
1084 4442 1331 4512 εὐκολίας
1363 4443 1438 4503 ὧν
1463 4447 1529 4502 ἂν
1555 4449 1780 4503 δέωνται
1807 4449 1968 4504 πάλιν

392 4525 788 4596 ἀντωνούμενοι
835 4529 966 4600 παρ’
993 4531 1216 4584 ἐκείνων
1241 4548 1255 4560 ο
1289 4531 1430 4585 οὕτω
1458 4533 1552 4585 καὶ
1589 4533 1639 4584 οί
1681 4532 1967 4601 Αἰγύπτιοι

395 4610 757 4678 πεποιήκασιν
782 4611 874 4662 ἐπὶ
900 4611 1006 4664 τῶν
1025 4612 1125 4682 τῆς
1145 4615 1423 4679 εὐσεϐείας
1445 4615 1712 4684 ἀθλητῶν.
1747 4615 1969 4680 Ἰδόντες

392 4694 459 4762 τῇ
489 4691 584 4744 τοῦ
619 4692 754 4745 Θεοῦ
791 4693 974 4765 χάριτι
1005 4696 1208 4768 πολλὴν
1245 4701 1373 4770 παρ’
1425 4699 1636 4761 ἑαυτοῖς
1666 4701 1966 4770 γενομένην

393 4776 493 4844 τὴν
515 4775 707 4846 φορὰν,
727 4777 786 4828 οὐ
813 4779 1168 4834 κατέκλεισαν
1191 4784 1249 4834 ἐν
1279 4784 1346 4851 τῇ
1377 4781 1526 4836 πόλει
1556 4781 1618 4834 τὸ
1639 4781 1780 4850 μέγα
1803 4781 1962 4834 τοῦτο

392 4858 486 4912 τοῦ
507 4858 644 4913 Θεοῦ
672 4859 844 4932 δῶρον
867 4878 881 4891 ·
913 4861 1048 4917 ἀλλά
1078 4863 1352 4935 πανταχοῦ
1386 4864 1487 4933 τῆς
1519 4865 1621 4935 γῆς
1651 4862 1966 4935 ἐξέπεμψαν

392 4943 517 5004 τοὺς
549 4943 656 4996 τῶν
688 4944 912 5012 ἀγαθῶν
941 4945 1268 5017 θησαυροὺς,
1298 4949 1408 5020 τῆν’
1430 4964 1489 5001 τε
1507 4947 1686 5004 αὐτῶν
1718 4947 1969 5018 φιλαδελ-

395 5024 522 5092 φίαν
549 5026 1002 5098 ἐπιδεικνύμενοι,
1025 5030 1120 5084 καὶ
1138 5031 1229 5084 τὸν
1251 5031 1427 5084 κοινὸν
1449 5032 1666 5086 πάντων
1689 5033 1970 5103 Δεσπότην

392 5107 739 5174 δοξάζοντες,
779 5112 872 5164 καὶ
920 5113 1020 5182 τὴν
1059 5113 1238 5167 αὐτῶν
1276 5115 1427 5185 παρά
1472 5117 1606 5170 πᾶσι
1641 5116 1970 5187 κοσμοῦντες

318 5261 324 5268 _
396 5192 568 5261 πόλιν,
595 5194 686 5248 καὶ
727 5195 1062 5267 μητρόπολιν
1107 5198 1207 5268 τῆς
1232 5199 1554 5268 οἰκουμένης
1582 5200 1799 5271 ἀπάσης
1828 5200 1966 5253 ἀπο-

2071 3609 2457 3685 χαριζομένην,
2483 3607 2600 3662 ἀλλ’
2615 3605 2825 3680 ἀνδρας
2860 3603 3060 3676 πολλὴν
3098 3603 3222 3667 ταῖς
3250 3599 3650 3685 κληρωθείσαις

2068 3684 2253 3759 αὐτοῖς
2285 3691 2472 3747 πόλεσι
2499 3690 2594 3745 καὶ
2621 3689 2760 3763 μετά
2787 3686 3040 3760 τελευτὴν
3071 3685 3435 3760 κεκτημένους
3461 3684 3647 3755 ἀσφά-

2071 3779 2244 3843 λειαν,
2273 3775 2390 3842 πῶς
2421 3776 2482 3830 οὐ
2511 3774 2717 3830 δίκαιον
2765 3771 3002 3844 μάλιστα
3043 3769 3234 3824 πασῶν
3276 3767 3477 3840 ταύτης
3507 3769 3648 3842 παρ’

2071 3862 2250 3918 αὐτῶν
2273 3861 2371 3930 τῆς
2403 3857 2691 3931 προεδρίας
2716 3858 2931 3926 τυχεῖν;
2958 3853 3040 3908 Τά
3065 3854 3174 3926 γάρ
3197 3852 3304 3907 τῶν
3339 3853 3510 3922 ἁγίων
3539 3852 3645 3907 σῶ-

2067 3964 2218 4018 ματα
2242 3944 2446 3999 τούτων
2471 3941 2684 4012 τείχους
2708 3937 2908 4002 παντὸς
2923 3938 3228 4008 ἀδάμαντος
3246 3936 3342 3990 καὶ
3370 3935 3655 4009 ἀρῤαγοῦς

2064 4017 2475 4098 ἀσφαλέστερον
2501 4025 2633 4096 ἡμῖν
2663 4022 2887 4094 τειχίζει
2913 4021 3013 4094 τὴν
3045 4017 3200 4074 πόλιν
3219 4035 3234 4049 ·
3268 4019 3365 4073 καὶ
3396 4019 3655 4090 καθάπερ

2073 4109 2325 4166 σκόπελοί
2368 4125 2514 4173 τινες
2560 4105 2754 4179 ὑψηλοὶ
2803 4103 3233 4176 προϐεϐλημένοι
3284 4102 3649 4173 πανταχόθεν,

2069 4195 2190 4267 οὐχὶ
2216 4195 2315 4258 τὰς
2333 4193 2442 4247 τῶν
2469 4190 2744 4264 αἰσθητῶν
2771 4189 2976 4244 τούτων
2995 4189 3089 4242 καὶ
3115 4189 3408 4260 ὁρωμένων
3433 4187 3650 4260 ἐχθρῶν
3741 4261 3748 4268 .

2071 4281 2376 4355 προσϐολὰς
2423 4277 2819 4349 ἀποκρούονται
2859 4275 3038 4348 μόνον,
3083 4274 3221 4328 ἀλλά
3265 4275 3363 4329 καὶ
3406 4275 3504 4339 τάς
3535 4276 3652 4328 τῶν

2067 4366 2316 4436 ἀοράτων
2368 4363 2636 4431 δαιμόνων
2679 4358 2992 4421 ἐπιϐουλάς,
3043 4357 3139 4412 καὶ
3182 4360 3362 4412 πᾶσαν
3398 4357 3492 4411 τοῦ
3525 4357 3648 4412 δια-

2069 4447 2225 4500 ϐόλου
2256 4446 2530 4520 μεθοδείαν
2559 4443 2922 4514 ἀνατρέπουσί
2948 4459 3006 4495 τε
3033 4443 3126 4498 καὶ
3149 4441 3452 4496 διαλύουσιν
3476 4441 3654 4506 οὕτως

2069 4531 2303 4592 εὐκόλως
2325 4573 2339 4597 ,
2369 4529 2444 4588 ὡς
2475 4527 2532 4581 εί
2561 4545 2644 4590 τις
2675 4529 2920 4594 γενναῖος
2948 4525 3089 4598 ἀνὴρ
3119 4525 3325 4579 παίδων
3346 4524 3646 4596 ἀθύρματα

2069 4613 2388 4686 ἀνατρέψειε
2419 4611 2513 4665 καὶ⁴
2561 4608 2878 4663 καταϐάλοι.
2922 4610 3032 4663 Καὶ
3057 4608 3126 4664 τά
3154 4609 3251 4680 μὲν
3276 4607 3409 4686 ἀλλα
3440 4609 3510 4661 τὰ
3543 4624 3654 4662 παο

2067 4699 2140 4769 ρά
2161 4685 2269 4750 τῶν
2299 4694 2599 4767 ἀνθρώπων
2619 4693 2877 4764 γινόμενα
2905 4694 3294 4764 μηχανήματα,
3325 4685 3436 4744 οἷον
3464 4691 3653 4762 τείχη,

2069 4781 2161 4834 καὶ
2199 4781 2432 4851 τάφροι,
2465 4777 2558 4832 καὶ
2589 4777 2752 4838 ὅπλα,
2783 4776 2880 4828 καὶ
2924 4774 3269 4846 στρατιωτῶν
3317 4773 3520 4844 πλήθη,
3555 4776 3656 4828 καὶ

2067 4865 2168 4918 ὅσα
2196 4862 2331 4934 πρὸς
2369 4861 2664 4930 ἀσφάλειαν
2687 4858 2797 4913 τῶν
2824 4857 3115 4914 οἰκούντων
3143 4857 3486 4926 ἐπινενόηται
3508 4897 3524 4920 ,
3560 4857 3655 4910 δυ-

2065 4948 2223 5001 νατὸν
2257 4948 2367 5008 τοῖς
2391 4945 2602 5020 ἐχθροῖς
2629 4941 3031 5013 ἀποκρούεσθαι
3064 4941 3280 5011 ἑτέραις
3311 4939 3520 4993 πλείοσι
3555 4941 3655 4994 καὶ

2072 5031 2278 5102 μείζοσι
2297 5027 2555 5100 μηχανῶν
2582 5025 2906 5096 ὑπερϐολαῖς
2926 5030 3046 5088 ταῖς
3063 5026 3192 5095 παρ’
3209 5024 3408 5080 αὐτῶν
3433 5025 3566 5078 ὅταν
3586 5023 3647 5076 δὲ

2067 5114 2236 5184 ἁγίων
2266 5113 2480 5184 σώμασι
2524 5109 2680 5174 πόλις
2727 5110 3054 5179 τειχίζηται,
3087 5109 3192 5166 κᾶν
3239 5109 3406 5181 μυρία
3449 5111 3656 5162 ἐκεῖνοι

2063 5197 2346 5252 δαπανῶσι
2381 5197 2639 5267 χρήματα
2661 5233 2677 5258 ,
2729 5192 2968 5248 τοιοῦτόν
2998 5209 3053 5248 τι
3090 5194 3410 5264 ἀντιστῆσαι
3467 5194 3650 5265 μηχάι

395 5277 694 5348 φαίνοντες.
719 5277 782 5334 Εἰ
817 5278 927 5351 γὰρ
953 5279 1158 5352 ψυχραὶ
1191 5283 1285 5335 καὶ
1310 5281 1545 5348 εὐτελεῖς
1572 5283 1838 5355 ἀφορμαὶ,
1873 5283 1967 5337 καὶ
2069 5299 2217 5353 νημα
2246 5283 2366 5346 ταῖς
2419 5277 2670 5350 ἐχούσαις
2698 5276 2895 5340 αὐτοὺς
2941 5275 3158 5330 πόλεσιν
3192 5278 3254 5330 οὐ
3304 5277 3650 5346 δυνήσονται.

393 5362 531 5433 πρὸς
552 5363 644 5416 τὸν
656 5366 896 5438 παρόντα
915 5364 1027 5434 βίον
1044 5369 1174 5437 ἡμῖν
1187 5367 1533 5422 συντελοῦσαι
1548 5368 1770 5438 χάριτες
1785 5369 1963 5436 μόνον,

395 5444 621 5516 ἴσχυσαν
648 5449 806 5501 τοῦτο
845 5450 906 5502 τὸ
934 5451 1099 5520 γέρας
1147 5450 1368 5513 πολλαῖς
1401 5449 1507 5502 τῶν
1548 5451 1753 5504 πόλεων
1790 5469 1967 5521 παραο

396 5531 546 5598 σχεῖν
567 5546 580 5559 ·
610 5531 707 5600 τὴν
733 5531 884 5586 οὐδὲν
916 5533 1121 5586 τούτων
1152 5532 1259 5585 τῶν
1287 5533 1566 5604 ἐπικήρων
1596 5535 1687 5587 καὶ
1711 5533 1964 5606 φθαρτῶν

459 5618 488 5651 ⁸
511 5617 624 5669 Duo
647 5634 759 5672 mss.
785 5628 837 5673 et
859 5623 1007 5675 Savil.
1033 5630 1093 5690 τῇ
1112 5625 1379 5690 προσοίκῳ.

2068 5368 2142 5420 Οὐ
2178 5365 2311 5436 πρὸς
2342 5360 2643 5433 ἀνθρώπων
2675 5361 2732 5416 δὲ
2769 5359 3058 5424 ἐπιϐουλὰς
3093 5360 3252 5431 μόνον
3275 5401 3289 5425 ,
3340 5360 3461 5414 οὐδὲ
3511 5360 3655 5432 πρὸς

2069 5448 2402 5518 κακουργίας
2421 5445 2686 5516 δαιμόνων
2713 5444 2875 5500 τοῦτο
2901 5445 3031 5514 ἡμῖν
3055 5446 3322 5515 χρήσιμον
3349 5445 3411 5500 τὸ
3437 5445 3653 5515 κτῆμα,

2073 5531 2324 5602 ἀγαπητέ
2342 5549 2355 5561 ·
2381 5529 2515 5584 ἀλλά
2535 5529 2638 5582 κᾶν
2661 5530 2690 5580 ό
2713 5527 2889 5590 κοινὸς
2903 5529 3042 5596 (ἡμῖν
3061 5525 3348 5598 ὀργίζηται
3366 5530 3656 5597 Δεσπότης

2077 5615 2166 5671 διά
2193 5615 2253 5670 τὸ
2285 5613 2486 5686 πλῆθος
2510 5611 2617 5668 τῶν
2648 5611 3081 5684 ἁμαρτημάτων,
3107 5611 3450 5685 δυνησόμεθα
3475 5613 3655 5670 ταῦτα
