4080 6198
317 234 419 291 ωδ

318 382 382 422 ex
411 364 510 420 bac
537 363 642 419 vita
671 363 989 432 decesserit,
1019 363 1409 420 inimicitiarum
1430 379 1652 421 suarum
1679 364 1908 422 heredes

322 458 443 512 illos
481 453 758 521 deseruit,
796 463 851 510 et
894 453 1313 510 intcvinimicos
1344 455 1601 526 reliquit:
1643 456 1756 512 sive
1793 457 1909 513 sine

319 543 504 603 liberis
543 546 706 600 vitam
734 544 951 612 ﬁnierit,
985 560 1053 600 ex
1081 545 1340 611 aedificiis,
1372 561 1435 602 ex
1462 545 1580 603 aliis
1610 547 1908 617 possessio-

325 639 520 704 nibus,
552 653 686 709 quas
715 654 783 694 ex
812 639 998 708 rapina
1027 647 1080 694 et
1107 638 1378 694 fraudibus
1406 641 1719 710 acquisivit,
1750 651 1910 695 aeter-

326 746 448 785 nam
479 729 836 786 accusationis
875 730 1152 786 materiam
1200 729 1540 800 derelinquit.
1581 731 1652 785 At
1691 745 1797 786 non
1841 730 1912 786 ita

322 821 520 892 justus,
537 820 644 876 sed
669 829 867 877 etcum
895 822 1140 890 moritur,
1168 822 1452 876 maximam
1482 823 1759 877 utilitatem
1786 837 1911 891 per-

325 913 455 982 cipit
472 953 491 975 ,
517 927 644 967 cum
672 927 738 967 ex
762 912 994 982 propriae
1018 911 1230 968 virtutis
1256 911 1623 968 recordatione
1649 912 1716 968 de
1733 913 1914 966 omni-

329 1003 430 1060 bus
471 1003 607 1058 vivis
650 1003 788 1059 bene
832 1014 1135 1070 mereatur,
1180 1013 1236 1060 et
1277 1005 1525 1061 meliores
1568 1019 1662 1060 eos
1706 1005 1915 1072 reddat,

330 1094 779 1164 quemadmodum
813 1106 872 1150 et
909 1093 1183 1165 improbus
1211 1095 1311 1150 hac
1335 1094 1496 1149 etiam
1526 1095 1732 1150 ratione
1759 1095 1916 1164 puni-

335 1198 443 1242 tur.
485 1187 601 1243 Non
628 1187 773 1242 enim
803 1195 1006 1242 tantum
1027 1228 1042 1252 ,
1071 1186 1196 1242 dum
1223 1186 1405 1241 vivunt
1427 1227 1443 1253 ,
1481 1186 1576 1242 sed
1604 1186 1764 1242 etiam
1796 1201 1916 1241 cum

337 1279 662 1344 moriuntur,
684 1277 880 1332 multos
904 1276 1127 1341 laedunt,
1155 1292 1281 1332 cum
1304 1277 1540 1332 avaritiae
1567 1291 1677 1332 sua:
1705 1278 1921 1348 pignora

337 1378 392 1424 et
428 1367 622 1422 indicia
662 1367 858 1438 ubique
899 1367 1287 1437 derelinquant.
1332 1366 1462 1434 Qua:
1502 1381 1623 1422 cum
1649 1367 1920 1438 eXplorata

343 1459 496 1515 nobis
523 1459 651 1527 sint,
681 1475 786 1514 non
813 1474 906 1514 eos
930 1459 1018 1530 qui
1049 1473 1288 1529 peregre,
1316 1458 1410 1514 sed
1435 1473 1530 1513 eos
1558 1459 1647 1529 qui
1675 1468 1923 1529 peccato-

342 1567 458 1608 rum
500 1552 576 1606 rei
617 1552 950 1618 moriuntur,
990 1551 1214 1608 miseros
1241 1566 1591 1619 censeamus,
1631 1568 1804 1622 neque
1831 1568 1924 1610 eos

345 1645 429 1716 qui
455 1644 602 1701 domi
633 1654 792 1715 atque
820 1644 874 1699 in
913 1643 1081 1705 lecto.
1114 1644 1209 1705 sed
1248 1658 1343 1700 eos
1367 1644 1456 1715 qui
1486 1659 1606 1700 cum
1639 1643 1832 1700 virtute
1855 1661 1927 1701 ex

1560 232 1626 293 ΙΝ
1654 231 2027 288 MARTYRES
2066 231 2449 290 EGYPTIOS.

3485 228 3586 286 ΘΜ

2014 368 2112 422 hac
2139 368 2246 422 vita
2270 364 2586 430 discedunt,
2620 363 2804 419 beatos
2839 363 3188 434 .praedicemus
3208 406 3223 429 ,
3253 379 3316 420 ac
3340 366 3590 422 virtutem

2011 471 2296 525 sectemur,
2325 458 2510 513 vitium
2543 456 2822 527 fugiamus.
2853 455 2943 512 illa
2969 456 3112 511 enim
3139 465 3192 512 et
3217 457 3514 514 viventibus
3539 468 3592 514 et

2011 551 2362 606 morientibus
2405 549 2622 620 prodest
2664 567 2678 603 :
2723 548 2862 606 istud
2901 565 3028 604 vero
3067 564 3133 606 ex
3176 557 3398 620 utraque
3445 561 3597 620 parte

2013 641 2316 706 lmdit,dum
2344 650 2396 695 et
2424 640 2521 694 hos
2548 638 2744 710 probro
2771 638 2954 708 afficit,
2983 647 3037 694 et
3061 638 3128 694 ad
3151 639 3408 710 supplicia
3429 640 3599 695 abdu-

2014 733 2087 788 cit
2109 741 2328 789 aeterna.
2362 733 2502 787 Deus
2525 741 2704 787 autem
2725 772 2739 796 ,
2767 732 2855 801 qui
2883 733 3052 788 beata:
3081 732 3196 798 isti,
3227 747 3346 802 quae
3371 746 3470 787 nos
3497 731 3597 786 ho-

2014 823 2205 879 dierno
2229 824 2316 879 die
2345 822 2712 894 congregavit,
2740 831 2799 877 ut
2826 831 3098 879 certamen
3125 822 3315 888 iniret,
3347 830 3400 878 et
3429 822 3599 877 lucta-

2016 923 2182 979 retur,
2209 923 2265 969 et
2289 914 2554 980 vinceret,
2585 921 2640 968 et
2663 922 2720 967 ut
2743 921 3025 968 ornaretur
3050 927 3247 968 corona
3269 954 3285 979 ,
3310 913 3599 979 concessit,

2019 1004 2173 1059 nobis
2218 1003 2377 1059 etiam
2423 1003 2582 1059 simul
2625 1004 2872 1060 omnibus
2915 1003 2968 1058 in
3015 1002 3107 1058 illo
3154 1003 3275 1071 die,
3321 1012 3600 1073 postquam

2021 1095 2177 1164 hujus
2206 1095 2328 1149 vita:
2374 1109 2589 1150 cursum
2637 1094 3042 1160 absolverimus,
3093 1093 3312 1164 ejusque
3354 1093 3604 1148 mandata

2021 1197 2076 1244 et
2100 1189 2246 1258 leges
2272 1187 2753 1251 observaverimus,
2781 1195 2840 1240 ut
2882 1186 2936 1240 in
2965 1195 3164 1241 aeterna
3191 1185 3457 1258 possimus
3483 1199 3606 1240 sau-

2022 1291 2122 1336 ctaa
2160 1280 2315 1350 hujus
2344 1280 2678 1336 tabernacula
2707 1280 2937 1346 intrare,
2977 1277 3268 1344 concedat,
3309 1285 3362 1332 et
3388 1253 3606 1331 immor-

2028 1372 2219 1427 talibus
2264 1373 2418 1428 bonis
2471 1371 2669 1442 potiri,
2712 1371 2883 1442 gratia
2916 1379 2987 1446 _et
3029 1368 3356 1440 benignitate
3400 1365 3607 1422 Domini

2027 1464 2194 1519 nostri
2219 1464 2345 1519 Jesu
2383 1463 2580 1534 Christi
2605 1502 2618 1525 .
2663 1476 2784 1516 cum
2814 1475 2918 1531 quo
2947 1460 3089 1516 Patri
3116 1459 3284 1531 gloria
3304 1501 3320 1526 ,
3353 1473 3455 1514 una
3485 1469 3606 1513 cum

2029 1556 2229 1626 Spiritu
2254 1563 2468 1621 sancto,
2497 1554 2550 1609 in
2578 1553 2790 1609 szeeula.
2825 1553 3016 1608 Amen.

357 1960 3584 2012 W

1791 2233 2161 2296 MONITUM.

357 2518 486 2571 hinc
512 2530 641 2571 vero
674 2515 922 2586 sequitur
954 2510 1291 2583 probabilius
1321 2519 1442 2567 esse
1470 2509 1714 2565 habitam
1733 2520 1854 2562 eam
1891 2503 2386 2574 Constantinopoli,
2409 2517 2574 2574 quam
2607 2498 2908 2554 Antiochiae
2933 2494 3130 2551 fuisse.
3159 2490 3276 2548 Non
3303 2490 3447 2546 aliud
3473 2506 3604 2561 sup-

359 2630 495 2700 petit
529 2636 910 2700 argumentum
944 2646 958 2682 :
990 2625 1058 2680 de
1090 2601 1355 2681 firmitate
1384 2621 1699 2694 hujusmodi
1736 2620 2064 2690 conjecturae
2088 2617 2334 2689 judiCent
2369 2615 2592 2672 eruditi.

432 2743 816 2815 lnterpretatio
853 2742 1048 2798 Latina
1083 2750 1172 2798 est
1206 2739 1502 2796 Frontonis
1542 2737 1768 2794 Ducaei.‘

929 3183 1454 3268 LAUDATIO
1527 3175 2098 3260 .MARTYRUM
2175 3173 2872 3256 IEGYPTIORUM
2939 3157 3041 3244 (α).

431 3527 484 3581 Ι.
529 3522 829 3579 Laudantur
858 3515 1094 3590 Egyptii
1141 3516 1277 3587 quod
1305 3515 1543 3586 reliquias
1569 3514 1749 3583 ubique
1775 3513 1944 3580 aﬂuen-

359 3618 532 3670 Λευ-ειη
553 3629 573 3678 ;
611 3611 834 3681 reliquit:
871 3610 1174 3665 Sanctorum
1216 3605 1361 3660 urbes
1403 3603 1710 3658 custodiunt.
1736 3633 1809 3643 —-
1845 3603 1946 3658 Be-

363 3706 604 3762 nedictus
631 3703 798 3767 Deus,
839 3700 1050 3770 quando
1078 3700 1236 3754 etiam
1266 3712 1332 3752 ex
1371 3695 1608 3768 Egypto
1645 3705 1940 3766 martyres,

361 3815 426 3854 ex
456 3797 683 3869 [Egyptn
723 3795 810 3849 illa
837 3809 956 3848 cum
994 3792 1106 3847 Deo
1150 3797 1415 3861 pugnante
1460 3803 1524 3842 ac
1566 3787 1900 3842 insanissima
1925 3828 1940 3853 ,

362 3904 416 3948 et
463 3892 605 3947 unde
658 3890 817 3959 impia
878 3901 1001 3952 ora,
1055 3884 1196 3939 unde
1241 3879 1434 3952 lingua:
1475 3879 1828 3949 blaSphemaa,
1875 3894 1940 3934 ex

363 3984 595 4054 Egypto
617 3990 878 4052 martyres
897 3978 1190 4043 habentur,
1219 3989 1317 4029 nec
1351 3975 1404 4028 in
1433 3971 1663 4043 Egypto
1697 3979 1898 4025 tantum
1923 4011 1938 4036 ,

364 4095 462 4136 nec
488 4080 537 4134 in
579 4077 801 4133 finitima
833 4074 1111 4143 vicinaque
1139 4069 1355 4140 regione
1378 4107 1395 4135 ,
1426 4065 1522 4122 sed
1550 4064 1745 4135 ubique
1772 4072 1942 4118 terra—

365 4189 504 4227 rum.
534 4167 603 4226 Et
631 4163 1078 4237 quemadmodum
1117 4162 1171 4215 in
1210 4173 1436 4214 annona:
1469 4170 1676 4212 summa
1701 4154 1946 4209 ubertate

365 4280 485 4320 cum
521 4262 754 4317 viderint
791 4259 1000 4312 urbium
1047 4253 1235 4309 incola:
1273 4249 1532 4321 majorem
1557 4289 1573 4315 ,
1616 4262 1775 4318 quam
1819 4258 1946 4299 usus

367 4354 722 4408 habitatorum
766 4348 1033 4419 postulet,
1077 4359 1196 4400 esse
1247 4343 1487 4412 c0piam,
1532 4339 1598 4395 ad
1641 4337 1948 4409 peregrinas

368 4444 527 4501 etiam
560 4442 719 4497 urbes
744 4439 1127 4500 transmittunt;
1150 4449 1270 4490 cum
1300 4441 1358 4488 ut
1374 4447 1524 4488 suam
1552 4429 1856 4486 comitatem
1884 4441 1949 4482 ac

367 4534 734 4592 liberalitatem
754 4530 1073 4595 ostendant,
1097 4536 1208 4582 tum
1228 4534 1288 4581 ut
1305 4567 1320 4592 ,
1343 4532 1537 4594 praeter
1564 4523 1754 4577 horum
1782 4520 1949 4576 abun-

366 4627 636 4691 dantiam,
667 4638 788 4677 eum
816 4620 1066 4676 facilitate
1099 4633 1222 4683 res,
1252 4616 1442 4687 quibus
1471 4614 1739 4688 indigent,
1766 4626 1950 4667 rursus

367 4718 435 4774 ab
474 4717 582 4772 illis
607 4715 706 4770 sibi
734 4718 1045 4782 comparent
1073 4725 1086 4761 :
1119 4710 1196 4764 sic
1224 4718 1278 4763 et
1301 4705 1533 4777 :Egyptii
1556 4747 1571 4771 ,
1595 4704 1736 4775 quod
1765 4703 1953 4758 attinet

367 4807 434 4862 ad
477 4805 754 4875 religionis
795 4803 1053 4863 athletas,
1082 4797 1321 4855 fecerunt
1352 4813 1364 4850 :
1392 4811 1515 4852 cum
1545 4794 1683 4865 apud
1721 4810 1780 4849 se
1816 4793 1955 4848 mul-

369 4911 477 4954 tam
501 4912 688 4952 eorum
715 4895 808 4950 Dei
824 4893 1144 4964 benignitate
1162 4891 1369 4960 copiam
1393 4897 1708 4955 cernerent,
1731 4903 1840 4943 non
1867 4888 1952 4942 in-

367 5007 503 5064 gens
532 4991 626 5046 Dei
653 5004 846 5043 munus
867 5003 959 5042 sua
979 4985 1196 5041 civitate
1215 4984 1614 5047 concluserunt,
1634 4982 1729 5038 sed
1754 4982 1808 5036 in
1832 4996 1952 5040 om-

372 5100 470 5141 nes
496 5093 652 5139 terrae
682 5089 860 5154 partes
881 5079 1139 5135 bonorum
1169 5077 1450 5132 thesauros
1478 5075 1780 5131 effuderunt
1798 5089 1812 5141 ;
1830 5089 1951 5129 cum

373 5186 428 5232 ut
452 5190 605 5231 suum
637 5175 689 5229 in
716 5171 905 5228 fratres
931 5185 1168 5226 amorem
1194 5168 1558 5232 ostenderent,
1589 5176 1700 5221 tum
1727 5175 1785 5220 ut
1807 5180 1951 5221 corn-

374 5279 588 5324 munem
609 5266 847 5321 omnium
874 5262 1157 5319 Dominum
1181 5262 1380 5316 honore
1404 5259 1710 5325 efficerent,
1742 5273 1806 5313 ac
1827 5258 1958 5313 civi-

374 5361 468 5415 tati
490 5375 600 5416 sure
625 5359 850 5430 gloriam
880 5355 1018 5425 apud
1036 5367 1224 5410 omnes
1253 5360 1658 5420 compararent,
1691 5353 1957 5421 totiusque

374 5453 522 5507 orbis
570 5465 690 5506 esse
730 5448 1067 5518 metropolim
1119 5445 1468 5501 declararent.
1497 5443 1628 5499 Nam
1667 5445 1710 5499 si
1756 5443 1958 5498 frivola:

375 5544 616 5616 qiuedam
639 5556 703 5596 ac
728 5540 932 5596 minimi
957 5538 1110 5611 pretii
1133 5535 1711 5607 occasiones,‘quacque
1734 5536 1799 5590 ad
1821 5535 1958 5591 hanc

376 5645 581 5694 tantum
608 5635 768 5690 vitam
797 5631 952 5689 nobis
978 5629 1257 5687 conferunt
1275 5671 1290 5698 ,
1317 5628 1625 5699 largitiones
1654 5626 1794 5687 hunc
1818 5627 1957 5685 mul-

439 5750 515 5817 (α)
546 5748 724 5801 Collata
745 5760 856 5801 cum
873 5745 1014 5798 Codd.
1035 5753 1185 5810 negg.
1213 5745 1350 5808 197i,
1377 5753 1428 5798 et
1448 5744 1589 5797 2315.

2056 3516 2123 3570 tis
2153 3515 2372 3571 urbibus
2389 3515 2644 3570 honorem
2670 3515 2950 3585 acquirere
2975 3520 3288 3585 potuerunt,
3310 3523 3488 3565 nonne
3511 3523 3626 3563 eam

2053 3609 2230 3679 potius
2254 3650 2268 3676 ,
2296 3624 2416 3679 qua:
2445 3608 2576 3662 nihil
2606 3623 2672 3663 ex
2698 3606 2918 3664 caducis
2940 3616 2994 3661 et
3017 3603 3454 3673 corruptibilibus
3475 3599 3632 3655 rebus

2053 3699 2294 3769 largitur,
2328 3698 2424 3756 sed
2447 3699 2609 3764 viros,
2640 3698 2730 3768 qui
2755 3696 2997 3765 urbibus,
3025 3711 3142 3761 qua:
3162 3694 3266 3748 illis
3289 3690 3629 3753 obvenerint,

2054 3801 2170 3861 post
2186 3791 2386 3847 obitum
2410 3792 2568 3846 etiam
2599 3797 2852 3860 praestant
2875 3789 3234 3851 securitatem,
3254 3801 3361 3856 prie
3381 3782 3632 3838 omnibus

2052 3867 2372 3954 mquam—est
2409 3882 2508 3937 hac
2534 3881 2752 3936 honoris
2775 3877 3121 3950 praerogativa
3150 3876 3377 3932 donari?
3403 3873 3631 3931 Sancto-

2053 3992 2170 4030 rum
2193 3976 2334 4030 enim
2363 3975 2554 4029 horum
2577 3985 2801 4042 corpora
2824 3969 3010 4039 quovis
3035 3966 3374 4022 adamantino
3403 3973 3458 4020 et
3481 3963 3631 4018 inex-

2054 4065 2318 4138 pugnabili
2341 4078 2496 4119 muro
2525 4063 2689 4118 tutius
2717 4060 2869 4114 nobis
2890 4057 3079 4113 urbem
3104 4055 3381 4118 muniunt,
3412 4062 3468 4108 et
3493 4061 3632 4107 tam-

2050 4175 2209 4230 quam
2255 4157 2450 4212 excelsi
2491 4154 2704 4224 quidam
2742 4149 2947 4221 scopuli
2975 4147 3209 4218 undique
3237 4144 3631 4216 prominentes,

2053 4267 2158 4307 non
2200 4250 2389 4305 horum
2409 4291 2424 4312 ,
2460 4247 2551 4319 qui
2588 4245 2687 4301 sub
2710 4256 2900 4298 sensus
2928 4241 3128 4295 eadunt
3141 4248 3194 4294 et
3211 4235 3383 4293 oculis
3402 4251 3634 4290 cernun-

2054 4355 2141 4400 tur
2163 4386 2178 4410 ,
2212 4343 2442 4398 hostium
2473 4341 2703 4409 impetus
2731 4336 3042 4408 propulsant
3071 4340 3273 4388 tantum
3300 4371 3314 4395 ,
3357 4328 3450 4385 sed
3475 4328 3635 4383 etiam

2055 4435 2394 4493 invisibilium
2441 4432 2743 4488 daemonum
2786 4426 3045 4492 insidias,
3098 4436 3391 4492 omnesque
3441 4417 3636 4475 diaboli

2055 4528 2268 4585 fraudes
2295 4526 2610 4580 subvertunt
2635 4537 2700 4576 ac
2737 4519 3035 4589 dissipant,
3077 4531 3185 4572 non
3226 4513 3402 4569 minus
3439 4509 3596 4566 facile
3621 4549 3637 4576 ,

2056 4636 2215 4692 quam
2248 4619 2295 4674 si
2319 4616 2471 4673 fortis
2499 4615 2581 4670 vir
2600 4612 2792 4684 aliquis
2815 4611 3018 4666 ludicra
3043 4620 3334 4679 puerorum
3364 4602 3638 4660 subverte-

2056 4723 2138 4768 ret
2162 4727 2224 4767 ac
2257 4715 2638 4780 prosterneret.
2659 4706 2737 4760 Ac
2762 4711 2956 4760 caetera
2985 4698 3200 4771 quidem
3229 4710 3348 4767 quae
3367 4693 3435 4750 ab
3462 4692 3638 4748 homi-

2057 4803 2213 4859 nibus
2232 4801 2364 4857 fiunt
2389 4798 2815 4854 machinamenta
2834 4834 2851 4861 ,
2871 4792 3012 4848 sicut
3035 4788 3208 4854 muri,
3233 4786 3389 4842 fossa:
3411 4826 3425 4850 ,
3455 4796 3601 4838 arma
3621 4821 3640 4850 ,

2058 4896 2282 4951 militum
2321 4893 2488 4962 copia:
2519 4899 2575 4946 et
2598 4898 2946 4958 quacumque
2971 4881 3038 4937 ad
3067 4879 3361 4936 incolarum
3387 4873 3644 4931 securita-

2059 4998 2166 5043 tem
2200 4984 2601 5054 excogitantur,
2636 4979 2705 5036 ab
2743 4976 2984 5032 hostibus
3008 4978 3234 5044 possunt
3256 4967 3498 5040 pluribus
3523 4963 3645 5020 aliis

2060 5080 2335 5149 multoque
2369 5075 2664 5146 majoribus
2693 5069 2956 5127 machinis
2997 5067 3235 5138 ipsorum
3263 5060 3448 5132 repelli
3478 5075 3494 5115 :
3521 5071 3642 5112 cum

2061 5188 2188 5230 vero
2209 5178 2516 5228 sanctorum
2536 5164 2851 5236 corporibus
2877 5161 3036 5218 fuerit
3065 5159 3264 5215 civitas
3276 5151 3602 5212 communita
3625 5189 3642 5216 ,
3692 5213 3699 5228 ι

2061 5270 2188 5325 licet
2237 5265 2542 5322 innumeras
2588 5261 2662 5316 illi
2712 5257 2969 5328 pecunias
2993 5249 3334 5323 expendant,
3385 5241 3641 5307 urbibus,
3713 5301 3720 5319 ἱ

2061 5375 2180 5430 qua:
2206 5359 2350 5429 ipsos
2366 5353 2671 5426 possideant
2693 5391 2710 5418 ,
2739 5348 2956 5405 minime
2977 5349 3229 5416 poterunt
3251 5335 3453 5408 :equale
3471 5331 3643 5404 quod-

2061 5455 2184 5510 dam
2213 5449 2700 5507 maehinamentum
2739 5452 3030 5512 opponere.
3065 5433 3246 5502 Neque
3275 5442 3402 5486 vero
3440 5433 3644 5482 tantum

2063 5545 2319 5601 adversus
2359 5539 2636 5596 hominum
2681 5533 2932 5594 insidias,
2979 5536 3072 5583 aut
3115 5524 3372 5580 adversus
3405 5516 3643 5575 fallacias

2065 5637 2370 5693 dzemonum
2407 5630 2552 5687 utilis
2586 5627 2743 5684 nobis
2776 5631 2861 5679 cst
2901 5621 3018 5675 haec
3065 5613 3335 5688 possessio
3357 5651 3374 5678 ,
3417 5607 3652 5668 dilectis-

2069 5731 2238 5801 sime;
2280 5727 2376 5787 sed
2401 5723 2499 5785 etsi
2526 5721 2682 5781 nobis
2710 5713 3010 5778 communis
3035 5711 3291 5770 Dominus
3316 5707 3387 5765 ob
3413 5713 3661 5780 peccato-
