4080 6198
439 285 543 342 895

439 413 555 452 rum
593 399 981 458 multitudinem
1028 405 1318 470 irascatur,
1343 403 1430 459 his
1456 402 1678 474 objectis
1708 402 2019 474 corporibus

437 491 693 546 continuo
740 496 1033 564 poterimus
1068 512 1190 552 eum
1222 497 1505 568 propitium
1543 497 1766 553 reddere
1798 497 2021 553 civitati.

440 580 653 638 Etenim
693 585 773 648 si,
805 588 892 656 qui
925 588 1088 643 multa
1132 590 1388 659 praeclare
1421 599 1731 661 gesserant,
1761 589 2022 660 majorum

439 681 743 730 nostrorum
769 681 927 733 ‘mtate
956 689 1262 735 sanctorum
1294 681 1527 735 virorum
1559 681 1770 735 nomina
1796 687 2024 750 praten-

439 763 649 831 dentcs,
678 774 836 836 atque
863 768 930 822 ad
952 769 1254 835 Abraham,
1280 769 1425 826 Isaac
1450 780 1504 827 et
1523 771 1688 827 .lacob
1713 771 2026 842 appellatio-

439 872 564 912 nem
612 859 978 931 confugientes
1025 861 1217 935 (Exod.
1246 864 1352 926 32;
1391 863 1595 918 Barac]:
1636 865 1747 935 2),
1782 863 2023 919 nonnihil

440 949 615 1004 solatii
655 960 781 1007 sunt
816 955 1086 1024 assequuti
1112 998 1127 1022 ,
1159 971 1221 1011 ac
1251 971 1495 1027 magnam
1525 972 1590 1012 ex
1621 956 1812 1012 borum
1851 955 2023 1010 nomi-

439 1055 565 1094 num
635 1046 1146 1103 commemoratione
1214 1047 1494 1104 utilitatem
1567 1048 1950 1118 decerpserunt
2004 1067 2018 1102 :

439 1132 608 1186 multo
635 1135 801 1204 magis
830 1150 926 1190 nos
952 1153 1056 1191 non
1086 1148 1289 1194 tantum
1317 1141 1533 1195 nomina
1555 1183 1569 1208 ,
1598 1140 1693 1196 sed
1725 1140 1837 1210 ipsa
1860 1184 1872 1201 .
1903 1155 2023 1211 qua:

437 1221 805 1292 dccertarnut,
831 1242 1055 1295 corpora
1079 1230 1472 1298 praetendentes
1497 1273 1510 1296 ,
1540 1232 1705 1286 Deum
1735 1232 2022 1302 propitium

437 1322 493 1369 et
511 1314 797 1386 benignum
826 1316 1023 1374 habere
1049 1323 1339 1390 poterimus
1361 1337 1424 1377 ac
1451 1323 1736 1393 placatum.
1764 1324 1939 1395 Atque
1967 1333 2024 1379 ut

437 1421 521 1472 ea,
550 1423 668 1477 qua:
694 1408 938 1478 dicimus,
970 1413 1255 1468 verborum
1289 1415 1488 1470 fumum
1511 1431 1614 1472 non
1633 1432 1754 1473 esse
1775 1427 1980 1474 constet
2004 1458 2019 1484 ,

439 1507 634 1553 norunt
681 1501 834 1556 multi
886 1517 1009 1558 cum
1063 1505 1470 1576 indigenarum,
1526 1517 1635 1563 tum
1691 1525 1876 1564 eorum
1932 1511 2021 1580 qui

435 1587 653 1644 aliunde
681 1603 974 1660 venerunt,
1004 1605 1199 1666 quanta
1226 1611 1532 1653 sanctorum
1561 1602 1784 1655 istorum
1815 1601 1883 1656 sit
1913 1601 2017 1655 vir-

439 1687 556 1747 tus,
603 1683 692 1751 qui
737 1693 791 1739 et
837 1687 1142 1742 testimonio
1177 1703 1275 1744 suo
1302 1705 1421 1760 quae
1445 1691 1584 1746 dicta
1616 1702 1741 1748 sunt
1785 1708 2026 1762 compro-

436 1770 582 1838 bant,
613 1777 781 1846 utqui
808 1790 1061 1848 quantam
1089 1781 1230 1851 apud
1260 1764 1424 1838 ﬁcum
1454 1783 1698 1840 ﬁduciam
1721 1785 2020 1852 obtineant,

435 1865 802 1932 experimento
830 1872 1190 1939 compererint
1216 1890 1229 1926 :
1253 1887 1316 1927 ac
1340 1873 1532 1930 merito
1562 1890 1712 1931 sane.
1743 1876 1858 1932 Non
1879 1878 2018 1932 enim

436 1957 639 2026 vulgari
671 1958 830 2015 modo
855 1975 950 2030 pro
981 1964 1204 2020 veritate
1233 1964 1604 2035 decertarunt,
1633 1968 1728 2024 sed
1753 1969 1889 2025 adeo
1919 1971 2022 2024 for-

436 2047 562 2102 titer
616 2059 940 2122 strenueque
988 2055 1250 2111 violentos
1290 2066 1344 2113 et
1388 2059 1745 2116 intolerabiles
1794 2061 2022 2132 impetus

436 2141 696 2199 darmouis
721 2148 1067 2216 repulerunt,
1101 2167 1164 2207 ac
1201 2153 1246 2207 si
1273 2153 1326 2208 in
1357 2156 1531 2209 saxeis
1560 2155 1851 2227 ferreisque
1870 2199 1885 2224 ,
1915 2172 2021 2212 non

436 2243 613 2289 autem
641 2237 884 2294 obnoxiis
906 2242 1234 2312 corruptioni
1263 2245 1680 2318 mortalibusque
1709 2249 2022 2318 corporibus

435 2327 776 2386 decertarent
810 2351 822 2386 :
847 2334 1000 2403 quasi
1023 2335 1133 2405 jam
1162 2336 1228 2391 ad
1254 2338 1396 2391 illam
1428 2339 1687 2408 passionis
1713 2350 2018 2410 expertem,

435 2429 492 2472 et
529 2423 882 2477 immortalem
912 2433 1153 2480 naturam
1181 2429 1388 2483 acerbis
1408 2443 1470 2483 ac
1495 2428 1733 2484 dolorem
1758 2432 2022 2487 inurenti-

436 2509 536 2564 bus
565 2513 804 2581 corporis
824 2515 1142 2571 cruciatibus
1168 2533 1272 2572 non
1296 2519 1595 2586 cedentem,
1625 2522 1866 2577 translati
1893 2521 2023 2578 fuis-

436 2613 574 2659 sent.
610 2604 823 2661 Etenim
853 2616 1102 2680 tanquam
1121 2626 1276 2667 saeva:
1298 2614 1540 2684 qumdam
1571 2615 1793 2683 bellum,
1826 2617 2021 2674 crude-

437 2691 544 2760 les,
576 2705 631 2751 et
670 2696 929 2754 immanes
963 2715 1188 2771 corpora
1217 2704 1619 2760 circumstantes
1648 2706 1878 2778 nudique
1900 2724 2020 2764 car-

435 2787 620 2844 niﬁces
661 2789 826 2845 latera
869 2792 1270 2862 perfodiebant,
1311 2812 1503 2854 carnes
1532 2799 1870 2869 lacerabant,
1899 2816 2021 2857 ossa

435 2879 754 2952 detegebant
777 2898 839 2938 ac
866 2884 1205 2942 denudabant
1228 2930 1242 2955 ,
1276 2904 1374 2944 nec
1399 2905 1493 2946 eos
1520 2892 1805 2963 quidquam
1837 2892 1905 2948 ab
1933 2893 2020 2948 illa

436 2969 752 3027 crudelitate
781 2983 940 3044 atque
982 2975 1307 3033 immanitate
1339 2981 1664 3048 revocabat;
1693 2983 1785 3038 scd
1810 2992 1863 3039 et
1899 2999 2021 3040 cum

439 3070 582 3132 terga
614 3067 973 3132 pervasissent
999 3085 1062 3125 ac
1085 3071 1287 3127 viscera
1308 3115 1322 3137 ,
1351 3083 1404 3128 et
1429 3075 1495 3130 ad
1523 3076 1706 3132 intima
1743 3087 2021 3148 penetras-

437 3164 592 3222 sent,
625 3157 955 3214 reconditum
989 3161 1040 3216 in
1084 3163 1188 3219 illis
1232 3165 1353 3220 ﬁdei
1383 3166 1686 3223 thesaurum
1732 3171 2022 3240 compilan-

437 3244 563 3298 dum
591 3262 695 3301 non
726 3249 1044 3307 invenerunt
1077 3272 1090 3308 :
1122 3256 1247 3325 quin
1279 3257 1418 3312 idem
1458 3260 1632 3328 potius
1659 3260 1764 3316 illis
1789 3262 2018 3329 accidit,

438 3335 578 3403 quod
605 3338 886 3406 aliquibus,
907 3343 995 3412 qui
1025 3360 1147 3399 cum
1174 3346 1362 3402 urbem
1391 3352 1818 3420 augustissimam
1838 3395 1852 3418 ,
1885 3354 2024 3408 divi-

442 3426 529 3480 tiis
560 3429 742 3484 multis
766 3431 1015 3488 refertam
1041 3477 1055 3500 ,
1084 3445 1136 3492 et
1164 3439 1396 3508 copiosis
1426 3419 1690 3498 thesauris
1716 3446 2022 3514 opulentam

439 3519 768 3589 obsederint,
801 3535 856 3580 et
875 3529 1078 3583 eversis
1103 3533 1372 3589 moenibus
1391 3535 1507 3604 ejus
1532 3537 1596 3590 ad
1625 3537 1736 3605 ipsa
1775 3541 2024 3608 pecunia-

441 3625 556 3665 rum
583 3617 944 3686 promptuaria
966 3620 1299 3692 devenerint,
1321 3637 1500 3694 portas
1515 3630 1820 3695 everterint,
1844 3641 2023 3689 vectes

439 3703 806 3788 sustulerint,_
832 3710 1192 3778 pavimentum
1241 3715 1523 3772 effuderint
1546 3760 1561 3784 ,
1588 3720 1766 3776 omnia
1805 3725 2022 3780 scrutati

440 3811 548 3851 non
586 3799 858 3869 potuerint
892 3803 1009 3873 ejus
1041 3805 1246 3862 divitiis
1288 3808 1522 3880 abreptis
1549 3811 1844 3870 discedere.
1875 3815 2022 3872 Talia

440 3901 670 3959 namque
695 3903 819 3947 sunt
842 3895 1035 3949 animae
1059 3895 1197 3953 bona
1226 3914 1242 3951 :
1273 3914 1375 3954 nou
1416 3904 1656 3972 corporis
1691 3905 2024 3974 passionibus

442 3981 764 4048 produntur,
793 3999 920 4040 cum
957 4001 1018 4041 ea
1055 3988 1168 4058 ipsa
1202 4001 1357 4046 caute
1393 3993 1624 4048 custodit
1653 4012 1667 4049 :
1699 3996 1821 4051 licet
1851 3997 2022 4066 ipSum

443 4080 628 4139 pectus
655 4074 912 4142 eﬁ'odias,
953 4085 1009 4133 et
1035 4089 1247 4148 raptum
1280 4097 1374 4137 cor
1407 4084 1708 4140 minutatim
1737 4087 2022 4156 concidas,

443 4163 752 4220 thesaurum
781 4169 944 4224 semel
971 4183 1001 4223 a
1032 4169 1138 4226 ﬁde
1174 4171 1276 4226 sibi
1315 4173 1574 4231 creditum
1623 4193 1728 4232 non
1769 4177 2022 4234 dimittet.

443 4254 555 4310 lloc
591 4267 770 4311 autem
808 4258 1001 4315 divinae
1029 4263 1215 4331 gratia:
1241 4278 1377 4334 opus
1401 4276 1515 4332 est,
1543 4283 1661 4337 qua:
1693 4278 1880 4324 cuncta
1910 4269 2024 4325 dis-

444 4357 632 4414 pensat
670 4357 723 4403 et
749 4349 802 4404 in
828 4350 1050 4408 inﬁrmis
1081 4356 1396 4424 corporibus
1415 4358 1674 4416 mirabilia
1696 4371 1872 4430 potest
1898 4377 2022 4432 per—

443 4441 622 4495 licere.
663 4442 836 4512 Atque
877 4443 978 4500 hoc
1017 4446 1230 4516 quidem
1259 4450 1611 4507 admiratione
1656 4453 1868 4523 dignius
1894 4465 1977 4510 est
2008 4474 2021 4510 :

443 4544 549 4584 non
575 4531 716 4585 enim
745 4533 924 4602 modo,
954 4551 1075 4590 cum
1105 4538 1240 4593 adeo
1270 4539 1689 4598 insaniissentac
1707 4544 2022 4611 szeviissenl,

443 4624 574 4679 nihil
599 4641 663 4681 ex
694 4625 957 4684 thesauris
996 4633 1280 4688 reconditis
1308 4634 1718 4704 subripuerunt,
1746 4636 1841 4692 sed
1867 4638 2026 4694 etiam

443 4718 738 4772 effecerunt
758 4759 774 4784 ,
802 4729 860 4774 ut
883 4736 979 4776 eos
1016 4722 1202 4792 majori
1231 4725 1478 4780 cautione
1501 4727 1828 4783 custodirent
1852 4745 1867 4794 ;
1898 4731 2024 4799 quin

444 4813 604 4867 etiam
632 4813 752 4868 illos
776 4830 896 4871 cum
931 4816 1279 4886 illustriores,
1313 4831 1422 4872 tum
1453 4821 1816 4888 epulentiores
1849 4821 2025 4877 reddi-

441 4907 656 4962 derunt.
686 4906 801 4962 Non
825 4909 967 4963 enim
992 4909 1102 4978 jam
1128 4909 1302 4966 anima
1332 4911 1468 4976 sola,
1501 4911 1594 4966 sed
1618 4919 1673 4966 et
1699 4913 1872 4982 ipsum
1901 4928 2024 4969 cor-

445 5015 539 5070 pus
563 4999 784 5070 majoris
823 5001 1004 5071 gratiae
1028 5001 1223 5056 factum
1261 5015 1342 5058 est
1370 5003 1634 5075 particeps
1663 5019 1872 5076 :neque
1908 5015 2027 5060 tan-

444 5104 555 5148 tum
594 5108 754 5164 quam
799 5092 1067 5162 habebat,
1108 5109 1214 5150 non
1241 5097 1448 5161 amisit,
1488 5106 1767 5169 postquam
1814 5099 2027 5155 dissecti

440 5195 566 5240 sunt
589 5195 747 5256 atque
767 5187 964 5240 concisi
1000 5197 1272 5257 persaepe,
1297 5188 1390 5243 sed
1413 5199 1465 5244 et
1492 5189 1760 5258 copiosius
1789 5190 1888 5244 sibi
1918 5205 2030 5244 ma-

440 5279 632 5350 jusque
674 5278 969 5335 subsidium
997 5283 1344 5349 comparavit.
1384 5281 1521 5348 Quid
1563 5283 1662 5336 hac
1690 5282 1908 5337 victoria
1932 5282 2032 5335 mi-

444 5375 663 5430 rabilius
713 5375 827 5430 ﬁeri
867 5375 1068 5445 possit,
1097 5389 1218 5429 cum
1261 5389 1356 5430 eos
1381 5417 1395 5440 ,
1437 5389 1572 5444 quos
1601 5374 1946 5437 detinebant,
1975 5384 2029 5429 et

443 5467 702 5522 obnoxios
739 5465 1037 5534 habebant,
1068 5481 1131 5522 ac
1156 5467 1362 5521 vinctos
1398 5466 1679 5535 imperiose
1713 5463 1990 5520 caedebant
2011 5505 2026 5530 ,

443 5575 698 5629 superare
727 5573 831 5615 non
857 5561 1161 5629 potuerint,
1193 5559 1286 5614 sed
1305 5559 1374 5614 ab
1404 5559 1520 5614 istis
1545 5558 1739 5630 misere
1764 5572 1826 5612 ac
1849 5556 2028 5612 infeli-

443 5654 578 5707 citer
605 5652 1119 5708 vincerenturiNon
1151 5651 1291 5707 enim
1334 5650 1530 5708 bellum
1570 5665 1690 5704 cum
1725 5649 1888 5720 ipsis,
1935 5649 2028 5703 scd

446 5762 564 5802 cum
599 5743 891 5802 habitatore
919 5745 1155 5818 ipsorum
1194 5747 1302 5804 Deo
1355 5744 1608 5817 gerebant
1652 5760 1663 5794 :
1703 5759 1821 5801 cum
1870 5757 2027 5815 porro

1209 288 1266 345 S.
1308 285 1584 344 10.“le
1622 280 2106 380 CilliYSO§TOMl
2137 282 2450 341 ARCHIEP.
2493 273 3021 342 CONSTANTINOP.

3603 283 3712 346 696

2135 400 2358 470 quicum
2389 401 2499 456 Deo
2524 401 2715 458 bellum
2743 406 2894 475 gerit,
2923 403 3278 459 neccSSarium
3299 420 3418 461 esse
3439 407 3592 476 plane
3614 425 3711 464 su-

2131 489 2325 562 periori
2357 493 2591 562 potentia
2615 494 2772 561 vinci,
2797 511 2860 551 ac
2879 494 3045 551 solius
3080 506 3300 554 conatus
3352 497 3497 555 luere
3524 515 3713 570 paenae

2130 583 2338 654 ignorat
2377 600 2554 641 nemo.

2199 677 2253 736 ‘2.
2281 677 2405 732 Cum
2437 678 2543 732 Deo
2569 679 2751 734 bellum
2779 680 2906 752 gerit
2923 680 3010 750 qui
3032 679 3288 754 Martyres
3315 692 3527 754 torquet.
3557 683 3712 742 Chri-

2129 768 2282 823 stiani
2305 769 2373 823 ad
2401 771 2604 824 metalla
2632 772 2878 826 damnati.
2900 803 2970 812 —
2999 771 3312 842 llujusmodi
3345 784 3469 828 sunt
3494 785 3714 830 sancto-

2129 876 2246 915 rum
2279 863 2532 918 vietorias.
2565 863 2716 932 Quod
2756 865 2801 918 si
2827 865 3115 919 certamina
3146 876 3200 921 et
3228 866 3383 921 lucta:
3412 877 3538 921 sunt
3575 869 3714 924 adeo

2130 954 2400 1009 mirabiles
2429 969 2492 1008 ac
2519 955 2829 1025 stupendae,
2860 955 2987 1026 quid
3019 955 3086 1011 de
3122 957 3356 1026 praemiis
3391 958 3716 1025 coronisque

2129 1043 2400 1110 dicemus,
2443 1061 2561 1116 qua:
2591 1046 2824 1116 ipsorum
2859 1047 3153 1102 tolerantia:
3178 1049 3557 1103 reservantur?
3592 1047 3714 1103 Non

2129 1137 2270 1191 enim
2324 1137 2458 1191 intra
2510 1137 2607 1192 ista
2639 1147 2898 1192 tormenta
2941 1138 3327 1205 constiterunt,
3359 1153 3458 1195 nec
3493 1154 3713 1194 cursum

2129 1228 2215 1283 hic
2254 1241 2407 1282 suum
2439 1227 2864 1298 interruperunt;
2901 1229 2996 1284 sed
3036 1229 3255 1284 ulterius
3301 1229 3508 1284 illorum
3536 1245 3713 1284 scam-

2129 1329 2267 1374 mata
2309 1319 2762 1389 protendebautur
2805 1337 2819 1374 :
2861 1319 3002 1390 quod
3039 1320 3310 1390 improbus
3338 1320 3552 1390 quidem
3595 1320 3711 1374 da:-

2129 1425 2253 1464 mon
2281 1411 2586 1466 accessione
2614 1426 2891 1480 poenarum
2917 1411 3142 1466 athletas
3167 1426 3226 1466 se
3250 1412 3712 1482 supplantaturum

2127 1514 2404 1574 speraret,
2442 1504 2581 1560 Deus
2605 1512 2784 1558 autem
2811 1504 3068 1572 benignus
3097 1503 3462 1573 permitteret,
3491 1519 3590 1558 nec
3618 1505 3714 1562 im-

2127 1597 2334 1668 pediret
2357 1640 2370 1661 ,
2400 1604 2456 1650 ut
2481 1605 2534 1651 et
2558 1594 2851 1650 inﬁdelium
2874 1594 3074 1649 insania
3107 1594 3435 1648 manifestior
3462 1594 3714 1649 erunibus

2127 1696 2444 1758 appareret,
2489 1697 2546 1742 et
2583 1684 2972 1756 splendidiores
3020 1685 3134 1740 istis
3180 1699 3392 1740 corona;
3435 1684 3714 1754 multoque

2129 1779 2305 1848 plures
2334 1785 2693 1834 necterentur.
2721 1777 2788 1832 Et
2813 1775 3262 1847 quemadmodum
3287 1776 3338 1829 in
3362 1775 3495 1831 Jobe
3517 1776 3662 1830 venit
3693 1793 3709 1830 :

2127 1870 2215 1925 hic
2242 1870 2454 1940 quidem
2481 1869 2662 1940 plures
2681 1867 2944 1924 adversus
2969 1883 3090 1924 eum
3120 1881 3310 1939 prunas
3337 1883 3364 1920 a
3396 1866 3506 1921 Deo
3531 1875 3712 1935 postu-

2127 1961 2299 2028 labat,
2325 1976 2387 2016 ac
2415 1975 2475 2016 se
2509 1960 2767 2016 malorum
2797 1959 3558 2028 accumulationegenerosum
3589 1956 3709 2027 pie—

2129 2054 2250 2110 tatis
2277 2053 2532 2108 athletam
2558 2062 2931 2122 superaturum
2969 2051 3218 2122 sperabat
3249 2068 3264 2104 :
3293 2051 3381 2105 ille
3407 2065 3533 2104 vero
3565 2049 3710 2104 siue-

2128 2146 2237 2212 bat,
2266 2161 2329 2201 ac
2354 2147 2530 2215 pravis
2550 2145 2892 2215 petitionibus
2915 2143 3064 2213 pravi
3083 2143 3342 2198 daemonis
3363 2143 3668 2213 indulgebat
3687 2183 3705 2208 ,

2125 2248 2179 2293 et
2201 2236 2457 2291 athletam
2487 2249 2640 2290 suum
2667 2234 3010 2289 illustriorem
3037 2233 3295 2289 reddebat
3325 2250 3339 2286 :
3362 2233 3433 2288 ita
3459 2232 3713 2288 nimirum

2126 2328 2214 2384 hic
2241 2327 2449 2383 accidit.
2483 2327 2771 2398 Postquam
2809 2327 2951 2382 enim
2997 2327 3240 2397 ipsorum
3283 2341 3478 2397 corpus
3524 2328 3716 2396 quavis

2127 2419 2239 2475 fera
2268 2418 2533 2474 crudelius
2563 2417 2708 2473 omni
2737 2433 2802 2472 ex
2838 2426 2988 2488 parte
3015 2417 3269 2488 depastus
3294 2424 3376 2472 est
3403 2425 3459 2471 et
3491 2414 3711 2470 exedit.

2127 2512 2467 2584 linguamque
2491 2520 2546 2568 et
2575 2526 2636 2567 os
2657 2512 2977 2577 cruentavit,
3007 2511 3216 2566 tametsi
3247 2524 3352 2564 non
3373 2523 3566 2565 cruore
3583 2522 3711 2563 sar;-

2125 2615 2332 2661 ctorum
2348 2646 2365 2671 ,
2396 2603 2491 2660 sed
2512 2603 2818 2659 inhumanis
2841 2612 2896 2658 et
2922 2602 3228 2659 crudelibus
3255 2601 3360 2656 illis
3388 2598 3670 2655 sententiis
3691 2636 3707 2666 ς

2125 2697 2194 2752 ab
2219 2695 2434 2752 illorum
2468 2696 2720 2766 patientia
2755 2695 2926 2750 victus
2955 2704 3010 2750 et
3037 2693 3327 2748 inhumano
3351 2691 3442 2746 illo
3461 2688 3709 2746 convivio

2125 2787 2324 2844 aﬁatim
2371 2787 2615 2858 expletus
2662 2797 2714 2842 et
2766 2795 3103 2842 exsaturatus
3149 2771 3422 2839 abscessu.
3468 2786 3546 2838 Ac
3589 2779 3714 2834 vide

2125 2889 2323 2950 quanta
2349 2879 2504 2935 fuerit
2532 2880 2784 2950 patientia
2814 2888 3119 2934 sanctorum
3138 2919 3152 2942 ,
3183 2892 3303 2948 quae
3332 2885 3538 2931 tantum
3563 2873 3713 2928 furo-

2126 2987 2238 3026 rem
2269 2971 2378 3030 suis
2407 2971 2729 3026 cruciatibus
2750 2969 3108 3026 exsatiaverit.
3137 2968 3332 3023 invasit
3356 2980 3563 3032 rursus,
3585 2979 3713 3021 cum

2126 3061 2306 3119 furore
2329 3071 2601 3119 certamen
2634 3063 2958 3127 instaurans,
2987 3076 3049 3116 ac
3077 3061 3215 3116 feras
3239 3075 3423 3114 omnes
3451 3058 3552 3112 alia
3582 3072 3713 3112 cru-

2125 3155 2344 3212 dclitate
2373 3169 2627 3225 superare
2654 3153 2983 3210 contendens
3011 3171 3028 3218 :V
3056 3151 3318 3222 siquidem
3355 3151 3459 3206 illa:
3505 3159 3713 3206 natura:

2127 3245 2446 3302 necessitate
2475 3245 2716 3316 impulsas
2752 3246 2818 3300 ad
2855 3243 2956 3300 hoc
2994 3243 3294 3299 convivium
3333 3241 3576 3297 feruntur
3601 3283 3617 3306 ,
3655 3252 3714 3296 ct

2126 3338 2332 3392 satiatae
2362 3336 2636 3402 recedunt,
2666 3345 2721 3391 et
2749 3336 2794 3390 si
2823 3336 2906 3391 vel
2927 3341 3179 3391 sexcenta
3204 3333 3434 3390 viderint
3459 3347 3710 3402 corpora,

2127 3429 2328 3484 nullum
2352 3445 2416 3484 ex
2443 3429 2547 3483 illis
2573 3428 2838 3499 attingunt
2871 3446 2885 3482 :
2913 3426 2998 3483 hic
3019 3442 3147 3482 vero
3167 3441 3236 3482 ex
3260 3425 3424 3480 animi
3446 3425 3716 3496 pravitate

2126 3523 2192 3578 ad
2219 3538 2395 3579 escam
2427 3523 2581 3577 istam
2611 3521 2904 3591 pergebat,
2939 3528 2993 3575 et
3016 3535 3203 3575 eorum
3242 3518 3496 3574 carnibus
3527 3518 3715 3587 expie-

2130 3624 2214 3670 tus
2232 3657 2248 3682 ,
2289 3615 2508 3668 alteram
2537 3613 2795 3667 adversus
2815 3612 2934 3666 illos
2958 3609 3257 3666 machinam
3285 3609 3571 3664 fabricatur
3591 3649 3609 3675 ,
3645 3623 3714 3664 ac

2126 3719 2340 3762 sanctos
2363 3705 2687 3776 longissima:
2711 3703 3178 3773 acerbissimeque
3206 3701 3364 3756 morti
3389 3699 3584 3754 addicit
3611 3715 3627 3752 :
3656 3700 3712 3753 in

2128 3799 2356 3855 metallis
2393 3799 2536 3854 enim
2578 3798 2697 3852 illos
2744 3810 2879 3866 opus
2928 3794 3104 3850 facere
3152 3801 3407 3864 perpetuo
3442 3791 3624 3861 jussit.
3667 3790 3717 3846 0

2126 3890 2412 3944 amentiam
2453 3889 2809 3958 singularem!
2854 3901 2976 3941 cum
3016 3885 3089 3940 ita
3132 3882 3466 3939 manifestum
3504 3883 3720 3951 experi-

2127 3991 2371 4038 mentum
2399 3980 2631 4051 cepisset
2658 3978 2987 4034 fortitudinis
3023 3977 3260 4048 ipsorum
3287 3990 3350 4030 ac
3379 3973 3677 4029 tolerantiae
3699 4015 3716 4038 ,

2129 4078 2231 4132 hac
2269 4077 2472 4130 ratione
2521 4089 2581 4130 se
2628 4081 3000 4144 superaturum
3037 4068 3360 4127 conﬁdebat.
3402 4067 3537 4122 Cum
3585 4065 3721 4122 feris

2129 4167 2286 4238 igitur
2317 4165 2625 4221 habitabant
2651 4164 2821 4220 sancti
2846 4205 2862 4230 ,
2909 4161 3317 4219 contubernales
3357 4158 3670 4229 angelorum
3695 4198 3716 4226 ,

2127 4276 2190 4316 ac
2238 4261 2490 4316 caelorum
2531 4257 2707 4323 cives,
2749 4265 2804 4312 et
2843 4268 3090 4324 superna:
3127 4251 3419 4308 Jerusalem
3457 4249 3720 4317 deinceps

2129 4351 2381 4421 adscripti
2413 4367 2428 4405 :
2455 4359 2566 4404 tum
2593 4363 2722 4404 vero
2750 4347 2986 4402 sanctius
3020 4353 3134 4400 erat
3157 4351 3342 4419 postea
3368 4340 3554 4412 quavis
3578 4340 3718 4395 urbe

2130 4444 2426 4500 desertum.
2451 4443 2627 4510 Atque
2645 4439 2700 4495 in
2723 4438 2944 4493 urbibus
2972 4435 3185 4507 quidem
3206 4433 3321 4489 haec
3351 4433 3532 4502 iniqua
3557 4439 3612 4486 et
3637 4440 3724 4502 ty-

2130 4538 2347 4593 rannica
2389 4533 2579 4590 diebus
2603 4530 2832 4603 singulis
2857 4529 3108 4585 mandata
3135 4525 3556 4583 conﬁciebantur
3574 4565 3588 4589 ,
3616 4523 3721 4579 de—

2131 4639 2332 4685 sertum
2375 4635 2556 4682 autem
2588 4623 2862 4680 inhumani
2891 4622 3170 4678 ministerii
3201 4621 3342 4676 illius
3376 4617 3725 4674 immunitate

2131 4720 2432 4791 gaudebat;
2463 4716 2747 4773 tribunalia
2775 4715 2988 4786 quidem
3031 4712 3190 4784 plena
3221 4708 3437 4766 nefariis
3460 4709 3724 4764 facinori-

2132 4817 2230 4871 bus
2257 4811 2651 4878 redundabant,
2676 4807 2994 4880 injustisque
3023 4803 3324 4861 mandatis:
3347 4802 3558 4856 deserta
3588 4814 3725 4854 vero

2134 4905 2436 4962 mortalium
2461 4912 2773 4959 cunctorum
2791 4898 3116 4969 iustissimos
3141 4895 3286 4950 cives
3313 4891 3598 4954 habebant,
3625 4891 3725 4960 qui

2131 5016 2199 5055 ex
2227 4998 2532 5054 hominibus
2561 4994 2744 5065 angeli,
2763 4991 2887 5048 facti
2913 4999 3067 5047 erant
3100 5007 3114 5044 :
3141 5003 3262 5044 cum
3286 4986 3416 5043 ca'lo
3442 4985 3726 5040 desertum

2131 5092 2388 5154 certabat,
2419 5089 2606 5144 saltem
2632 5087 2700 5142 ob
2719 5083 3208 5148 virtutem’civium,
3235 5096 3266 5136 a
3294 5079 3485 5151 quibus
3506 5077 3730 5132 habita-

2136 5185 2308 5240 batur.
2341 5185 2417 5237 Ac
2446 5191 2630 5236 natura
2659 5177 2872 5249 quidem
2907 5191 3004 5231 sua
3033 5173 3344 5246 gravissima
3378 5179 3493 5226 erat
3525 5184 3727 5240 paena,

2135 5277 2226 5333 sed
2254 5278 2322 5332 ab
2341 5291 2525 5332 eorum
2553 5273 2828 5334 alacritate
2856 5271 3041 5335 animi,
3069 5270 3161 5340 qui
3188 5267 3562 5330 decertabant,
3587 5281 3729 5335 pro-

2133 5369 2283 5424 clivis
2315 5383 2377 5423 ac
2403 5367 2533 5422 levis
2562 5374 2617 5420 et
2644 5362 2813 5419 facilis
2844 5361 3165 5417 reddebatur
3191 5377 3206 5414 :
3231 5358 3634 5432 multiplicatam
3667 5370 3735 5410 se

2135 5463 2307 5517 lucem
2346 5458 2534 5513 intueri
2561 5465 2686 5514 tunc
2711 5452 3107 5510 arbitrabantur
3124 5492 3138 5516 ,
3168 5458 3222 5506 et
3245 5449 3387 5520 quod
3411 5447 3612 5503 dictum
3639 5455 3735 5502 est

2135 5554 2274 5625 apud
2300 5553 2606 5623 prephetam
2625 5589 2641 5613 ,
2672 5547 2819 5602 Luna
2844 5547 2936 5600 erit
2963 5557 3014 5598 ut
3036 5543 3145 5609 sol,
3170 5542 3248 5597 sol
3263 5551 3429 5596 autent
3459 5539 3738 5607 septuplez

2141 5647 2292 5718 (lsai.
2325 5647 2413 5701 50.
2473 5643 2602 5708 26),
2655 5641 2792 5696 hanc
2814 5637 2916 5697 sibi
2941 5637 3194 5706 obtigisse
3245 5635 3411 5688 lucem
3437 5631 3737 5701 putabant.

2141 5739 2256 5798 Non
2282 5738 2422 5795 enim
2450 5744 2551 5806 est,
2583 5749 2688 5791 non
2715 5741 2815 5801 cst,
2841 5730 3054 5801 inquam
3077 5769 3090 5796 ,
3121 5725 3294 5783 anima
3325 5723 3612 5797 quidquam
3635 5719 3743 5778 [ti-
