4080 6198
378 223 485 284 695

374 341 806 416 πωὸαλλόμενει
833 341 900 396 τά
923 340 1166 413 σώματα,
1193 343 1397 415 ταχέως
1425 346 1583 401 αὑτὸν
1608 348 1766 403 ἵλεων
1798 351 1950 422 ποιῆ-

376 444 468 480 σαι
498 428 566 496 τῇ
618 425 790 479 πόλει.
826 425 887 478 Εἰ
925 425 1032 497 γὰρ
1062 429 1110 480 οἰ
1159 426 1225 480 τὰ
1269 430 1483 499 μεγάλα
1529 432 1952 504 κατωρθωκότες

375 511 469 564 ἐπὶ
507 509 660 580 [700]
697 509 807 561 τῶν
860 509 1140 580 προγόνων
1197 511 1305 565 τῶν
1353 513 1669 585 ἡμετέρων,
1715 515 1952 585 ὀνόματα

374 591 806 665 προϐαλλόμενοι
841 593 1011 661 ἁγίων
1041 593 1270 666 ἀνδρῶν,
1306 597 1398 648 καὶ
1426 596 1517 649 ἐπὶ
1543 597 1643 669 τὴν
1675 614 1951 668 προσηγο-

379 676 502 748 ρίαν
537 674 786 746 Ἀϐραὰμ
836 675 931 728 καὶ
971 675 1156 730 Ἰσαὰκ
1199 678 1293 731 καὶ¹
1355 678 1550 732 Ἰακὼϐ
1582 680 1952 750 καταφεύγον-

373 747 468 821 τες
488 799 504 824 ,
533 758 723 828 ἔτυχόν
752 775 898 822 τινος
925 759 1300 830 παραμυθίας,
1335 761 1428 815 καὶ
1451 762 1692 834 μεγάλην
1720 747 1826 816 ἀπὸ
1845 747 1952 834 ⁷τῆς

378 843 604 913 μνήμης
629 841 741 894 τῶν
769 841 1048 911 ὀνομάτων
1071 842 1276 896 τούτων
1318 844 1654 916 ἐκαρποῦντο
1682 845 1782 918 τὴν
1807 846 1951 916 ώφέ-

373 923 546 988 λειαν,
577 922 758 994 πολλῷ
790 924 991 994 μᾶλλον
1012 927 1208 996 ἡμεῖς,
1243 927 1368 979 ὅταν
1411 927 1484 997 μὴ
1513 928 1754 998 ὀνόματα
1790 928 1950 999 μόνον

376 1006 841 1077 προϐαλλόμενοι,
875 1006 1011 1060 ἀλλά
1062 1009 1157 1062 καὶ
1215 1008 1354 1062 αὐτὰ
1385 1009 1453 1062 τὰ
1490 1009 1800 1082 ἀθλήσαντα
1846 1010 1951 1064 σώ-

378 1107 544 1160 ματα,
581 1089 924 1160 δυνησόμεθα
951 1090 1043 1145 τὸν
1073 1091 1204 1145 Θεὸν
1229 1093 1386 1148 ἵλεων
1436 1093 1580 1165 ἐχειν
1604 1097 1697 1148 καὶ
1742 1096 1950 1167 ἥμερον

375 1174 470 1227 καὶ
496 1173 763 1244 προσηνῆ.
792 1174 902 1228 Καὶ
931 1175 1013 1228 ὅτι
1039 1175 1100 1227 οὐ
1135 1177 1344 1246 κόμπος
1372 1177 1441 1230 τά
1462 1178 1592 1251 παρ’
1619 1178 1774 1250 ἡμῶν
1797 1179 1950 1248 λεγό-

378 1273 537 1328 μενα,
569 1257 712 1309 ίσασι
735 1256 920 1310 πολλοὶ
953 1258 1046 1331 καὶ
1069 1258 1178 1310 τῶν
1209 1260 1490 1331 ἐγχωρίων
1511 1302 1525 1325 ,
1550 1263 1646 1316 καί¹
1678 1262 1785 1316 τῶν
1830 1262 1948 1319 ἐτέ-

377 1339 548 1410 ρωθεν
576 1339 931 1410 ἐληλυθότων,
961 1329 1060 1411 ὅση
1081 1340 1188 1396 τῶν
1216 1329 1384 1411 ἁγίων
1404 1343 1607 1398 τούτων
1640 1347 1673 1416 ἡ
1697 1345 1945 1416 δύναμις,

374 1424 425 1477 οἰ
451 1426 544 1477 καὶ
574 1425 908 1496 μαρτυροῦσι
939 1427 1053 1489 τοῖς
1103 1425 1412 1499 λεγομένοις
1431 1468 1444 1490 ,
1487 1428 1574 1482 διὰ
1608 1431 1706 1498 τῆς
1752 1429 1948 1500 πείρας

375 1507 545 1576 αὐτῆς
568 1506 833 1577 μαθόντες
860 1509 1041 1563 αὐτῶν
1065 1509 1166 1582 τὴν
1190 1510 1328 1583 πρὸς
1351 1511 1443 1565 τὸν
1458 1511 1591 1565 Θεὸν
1614 1511 1944 1583 παρρησίανθ

375 1590 471 1642 καὶ
514 1588 657 1660 μάλα
680 1591 921 1655 εἰκότως.
953 1592 1027 1646 Οὐ
1048 1592 1158 1666 γὰρ
1185 1593 1261 1658 ώς
1283 1593 1470 1665 ἐτυχεν
1505 1593 1646 1665 ὑπὲρ
1676 1594 1776 1665 τῆς
1817 1593 1950 1665 ἀλη-

376 1672 526 1735 θείας
561 1673 900 1742 ἠγωνίσαντο
921 1713 936 1737 ,
962 1675 1077 1730 ἀλλ’
1104 1674 1247 1730 οὑτω
1278 1677 1562 1748 καρτερῶς
1594 1677 1691 1730 καὶ
1717 1677 1949 1741 εὐτόνως

373 1755 672 1826 ἐνέστησαν
697 1757 834 1825 πρὸς
863 1757 963 1829 τὴν
1003 1759 1262 1829 ραγδαίαν
1293 1760 1386 1813 καὶ
1413 1759 1684 1829 ἀφόρητον
1713 1758 1807 1812 τοῦ
1834 1758 1948 1812 δια-

375 1836 534 1894 ϐόλου
560 1839 700 1908 βίαν,
735 1840 811 1904 ὡς
843 1841 902 1894 ἐν
926 1841 1148 1906 λιθίνοις
1184 1843 1277 1896 καὶ
1311 1843 1580 1914 σιδηροῖς,
1614 1841 1728 1896 ἀλλ’
1759 1841 1858 1894 οὐκ
1890 1843 1949 1894 ἐν

375 1922 637 1993 φθαρτοῖς
660 1923 756 1976 καὶ
781 1923 997 1995 θνητοῖς
1024 1923 1416 1998 ἀγωνιζόμενοι
1447 1925 1712 1997 σώμασιν,
1742 1924 1818 1988 ώς
1845 1924 1948 1996 ἢδη

375 2005 514 2076 πρὸς
535 2005 634 2076 τὴν
667 2006 853 2076 ἀπαθῆ
902 2008 997 2063 καὶ
1033 2009 1298 2064 ἀθάνατον
1351 2010 1712 2081 μεταστάντες
1764 2008 1944 2078 φύσιν,

374 2090 473 2160 τὴν
501 2089 601 2142 οὐκ
634 2088 1058 2156 εἴκουσανκταῖς
1088 2096 1310 2166 πικραῖς
1367 2093 1461 2148 καὶ
1513 2095 1797 2164 όδυνηραῖς
1851 2091 1945 2145 τοῦ

377 2172 626 2243 σώματος
653 2173 940 2242 ἀνάγκαις.
967 2175 1233 2248 Καθάπερ
1260 2175 1368 2249 γάρ
1403 2194 1550 2241 τινες
1579 2176 1760 2248 ἄγριοι
1786 2176 1948 2246 θῆρες

376 2258 468 2311 καὶ
490 2257 630 2326 ώμοί
662 2258 755 2310 καὶ
777 2259 1040 2330 ἀνήμεροι
1071 2262 1139 2314 τά
1163 2261 1388 2331 σώματα
1415 2259 1792 2324 κυκλώσαντες
1813 2277 1950 2314 παν-

373 2340 599 2411 ταχόθεν
630 2342 678 2392 οί
718 2341 901 2412 δήμιοι
935 2342 1227 2413 διώρυττον
1265 2343 1365 2408 τὰς
1395 2342 1634 2413 πλευρὰς
1653 2384 1668 2409 ,
1696 2343 1949 2408 κατέξαι-

374 2441 466 2478 νον
523 2423 622 2488 τάς
684 2425 894 2496 σάρκας
921 2445 990 2488 ,κ
1007 2425 1370 2493 ἐξεκάλυπτον
1447 2429 1582 2481 όστᾶ
1650 2427 1744 2482 καὶ
1802 2445 1947 2498 παρ-

376 2507 664 2579 εγύμνουν,
689 2510 782 2563 καὶ
806 2508 958 2562 οὐδὲν
977 2511 1174 2573 αὐτοὺς
1197 2510 1296 2580 τῆς
1325 2509 1606 2582 ὠμότητος
1636 2511 1817 2581 ἵστησι
1854 2511 1948 2566 καὶ

374 2594 475 2663 τῆς
497 2591 893 2663 ἀπανθρωπίας
926 2593 1140 2666 ἐκείνης
1161 2612 1174 2626 ο
1210 2594 1347 2648 ἀλλά
1378 2596 1473 2649 καὶ
1523 2595 1707 2650 νώτων
1735 2595 1948 2667 ἁψάμε-

375 2693 459 2730 νοι
492 2675 589 2730 καὶ
619 2676 962 2747 σπλάγχνων,
990 2677 1083 2731 καλ
1114 2679 1194 2742 εἰς
1219 2678 1290 2731 τά
1316 2678 1569 2733 ἐνδότατα
1594 2678 1946 2745 εἰσελθόντες,

375 2761 468 2814 τὸν
521 2761 939 2831 ἐναποκείμενον
986 2762 1170 2824 αὐτοῖς
1212 2762 1311 2832 τῆς
1371 2762 1607 2826 πίστεως
1647 2763 1743 2833 οὐχ
1791 2756 1948 2835 εὗρον

378 2844 605 2915 συλῆσαι
631 2844 920 2916 θησαυρὸν,
955 2844 1090 2898 ἀλλὰ
1120 2847 1314 2899 ταυτὸν
1336 2844 1556 2910 ἔπαθον,
1589 2841 1701 2901 οἷον
1724 2847 1778 2900 εῐ
1806 2865 1949 2912 τινες

375 2928 531 2981 πόλιν
557 2927 986 2998 βασιλικωτάτην
1007 2969 1021 2994 ,
1047 2929 1140 2982 καί⁵
1171 2927 1365 2982 πολλοῦ
1396 2929 1667 3000 γέμουσαν
1696 2931 1946 2997 πλούτου,

377 3012 472 3066 καὶ
509 3013 726 3075 ἱκανοὺς
752 3010 978 3081 έχουσαν
1029 3011 1333 3083 θησαυροὺς
1371 3011 1780 3084 πολιορκοῦντες
1807 3055 1822 3078 ,
1856 3016 1950 3070 καὶ

376 3095 695 3158 καθελόντες
738 3095 907 3164 αὐτῆς
937 3093 1005 3148 τά
1047 3095 1201 3165 τείχη
1224 3135 1239 3159 ,
1278 3094 1371 3148 καὶ
1405 3095 1542 3166 πρὸς
1588 3096 1728 3150 αὐτά
1757 3097 1826 3152 τά
1853 3115 1951 3153 τα-

379 3183 531 3252 μιεῖα
577 3178 686 3233 τῶν
715 3178 1014 3250 χρημάτων
1047 3177 1292 3241 ἐλθόντες
1312 3217 1327 3242 ,
1367 3179 1723 3249 ἀνατρέψαιεν
1760 3179 1946 3253 θύρας,

376 3263 657 3318 καθέλοιεν
697 3261 958 3333 μοχλοὺς,
992 3259 1308 3330 ἀνορύξαιεν
1361 3261 1588 3330 ἔδαφος,
1649 3263 1826 3318 πάντα
1871 3264 1952 3318 δι-

375 3345 823 3417 ερευνησάμενοι,
847 3343 920 3414 μὴ
943 3343 1216 3414 δυνηθεῖεν
1240 3344 1328 3396 τὸν
1353 3342 1580 3398 πλοῦτον
1595 3345 1951 3418 αὐῆςάφαρ-

377 3432 651 3492 πάσαντες
683 3428 955 3482 ἀπελθεῖν.
989 3426 1226 3502 Τοιαῦτα
1251 3428 1359 3497 γάρ
1399 3429 1515 3482 ἐστι
1557 3429 1656 3498 τῆς
1683 3429 1856 3501 ψυχῆς
1884 3433 1952 3486 τὰ

377 3516 662 3584 κτήματα·
695 3512 754 3564 οὐ
789 3509 1092 3583 προδίδοται
1124 3511 1234 3572 τοῖς
1283 3509 1378 3563 τοῦ
1421 3509 1670 3581 σώματος
1699 3503 1950 3581 πάθεσιν,

377 3597 503 3650 ὃταν
549 3592 689 3651 αὐτά
715 3595 924 3664 κατέχῃ
959 3592 1098 3664 μετά
1135 3592 1431 3662 ἀσφαλείας
1455 3634 1469 3658 ,
1500 3594 1636 3647 ἀλλά
1685 3595 1789 3648 κᾶν
1815 3597 1955 3650 αὐτά

376 3697 462 3744 τις
490 3679 774 3751 ἀναρρήξῃ
805 3691 832 3720 ει
863 3678 931 3731 τὰ
956 3675 1173 3748 στέρνα,
1202 3677 1296 3729 καὶ
1319 3677 1460 3730 κατά
1494 3678 1686 3748 μικρὸν
1705 3681 1804 3750 τὴν
1827 3698 1957 3752 καρ-

376 3763 496 3819 δίαν
523 3763 684 3817 διέλοι
709 3761 911 3827 λαϐὼν,
933 3761 993 3814 οὐ
1021 3760 1321 3830 προήσεται
1347 3760 1438 3812 τὸν
1463 3758 1608 3826 ἅπαξ
1635 3763 1772 3835 αὐτῇ
1803 3766 1954 3836 παρά

375 3850 478 3918 τῆς
507 3847 742 3910 πίστεως
769 3843 1201 3916 ἐμπιστευθέντα
1232 3843 1523 3914 θησαυρόν.
1562 3845 1731 3899 Τοῦτο
1763 3847 1819 3900 δέ
1853 3849 1955 3919 τῆς

376 3931 473 3984 τοῦ
502 3929 638 3984 Θεοῦ
689 3929 911 4001 χάριτος
952 3928 1143 3997 γέγονε
1176 3927 1274 3998 τῆς
1304 3927 1483 3981 πάντα
1531 3930 1915 4001 οἰκονομούσης
1935 3973 1952 3998 ,

379 4016 474 4067 καὶ
511 4016 570 4068 ἐν
608 4012 894 4067 ἀσθενοῦσι
926 4011 1140 4083 σώμασι
1173 4011 1477 4082 δυναμένης
1524 4012 1798 4083 παράδοξα
1830 4016 1953 4069 ἐπι-

377 4097 572 4152 τελεῖν.
606 4098 718 4150 Καὶ
738 4095 798 4149 τὸ
829 4097 895 4168 δὴ
922 4095 1361 4166 θαυμαστότερον
1380 4114 1393 4127 ο
1429 4095 1490 4148 οὐ
1533 4096 1642 4168 γὰρ
1677 4097 1836 4167 μόνον
1865 4099 1955 4152 οὐ-

377 4181 468 4236 δὲν
495 4179 775 4251 ὑφείλοντο
818 4178 1052 4233 τοσαῦτα
1084 4179 1344 4249 μανέντες
1390 4179 1497 4232 τῶν
1520 4179 1953 4252 ἐναποκειμενων

381 4266 564 4328 αὐτοῖς
594 4262 903 4335 θησαυρῶν,
926 4262 1062 4316 ἀλλὰ
1085 4263 1179 4316 καὶ
1203 4261 1342 4334 μετά
1372 4261 1610 4328 πλείονος
1636 4265 1830 4329 αὐτοὺς
1855 4270 1953 4338 τῆς

381 4349 682 4418 ἀσφαλείας
711 4345 1071 4418 φυλάττεσθαι
1111 4346 1402 4416 ἐποίησαν,
1453 4345 1862 4420 λαμπροτέρους
1892 4368 1950 4404 τε

380 4434 577 4496 αὐτοὺς
625 4433 720 4486 καὶ
753 4431 1157 4503 εὐπορωτέρους
1205 4430 1547 4500 εἰργάσαντο.
1582 4433 1695 4486 Οὐκ
1724 4433 1804 4487 ἐτι
1844 4434 1952 4509 γὰρ

380 4518 414 4586 ἡ
437 4515 585 4586 ψυχὴ
618 4516 774 4586 μόνη,
800 4513 936 4567 ἀλλά
981 4513 1075 4566 καὶ
1107 4513 1238 4566 αὐτὸ
1269 4514 1332 4566 τὸ
1361 4514 1518 4586 σῶμα
1551 4514 1796 4581 πλείονος
1824 4535 1952 4589 μετ-

379 4599 543 4652 έλαϐε
600 4599 700 4668 τῆς
727 4600 948 4669 χάριτος
973 4637 987 4661 ,
1019 4596 1116 4650 καὶ
1146 4597 1208 4648 οὐ
1246 4597 1406 4667 μόνον
1432 4599 1532 4652 οὐκ
1565 4599 1856 4667 ἀπέϐαλεν,
1887 4601 1954 4673 ἣν

378 4678 518 4752 εἶχε,
556 4682 694 4751 μετά
718 4681 780 4732 τὸ
808 4679 1168 4751 διατμηθῆναι
1201 4681 1294 4733 καὶ
1330 4681 1709 4753 κατακοπῆναι
1756 4684 1955 4739 πολλά-

380 4783 469 4829 κις
493 4806 508 4827 ,
542 4764 681 4818 ἀλλὰ
711 4764 805 4818 καὶ
839 4763 1187 4816 ἐπεσπάσατο
1232 4762 1454 4817 πλείονα
1497 4765 1590 4818 καὶ
1645 4766 1816 4836 μείζω
1857 4767 1956 4838 τὴν

381 4851 578 4923 ροπὴν.
607 4848 673 4900 Τί
705 4845 907 4915 ταύτης
936 4847 1132 4914 γένοιτ’
1165 4846 1232 4901 ἂν
1261 4847 1361 4917 τῆς
1390 4848 1547 4918 νίκης
1584 4848 1956 4920 θαυμαστότεοο

383 4950 510 5003 ρον,
561 4933 642 4985 ὅτι
688 4930 784 4994 οὒς
818 4933 1067 5001 κατεῖχον
1100 4932 1195 4984 καί¹
1243 4926 1386 5001 εἶχον
1428 4932 1769 5004 ὑποχειρίους
1793 4973 1809 4997 ,
1863 4935 1956 4988 καὶ

379 5016 642 5087 δήσαντες
661 5015 869 5079 ἔξαινον
901 5015 1039 5084 μετά
1063 5014 1308 5079 ἐξουσίας
1325 5056 1340 5076 ,
1365 5014 1586 5080 τούτους
1615 5017 1830 5088 νικῆσαι
1855 5019 1955 5072 οὐκ

382 5098 647 5169 ίσχυσαν,
691 5098 804 5151 ἀλλ’
853 5099 958 5153 ὑπὸ
998 5097 1202 5151 τούτων
1233 5096 1379 5170 [701]
1421 5099 1660 5171 ἡττῶντο
1711 5099 1956 5164 ἐλεεινῶς

382 5181 478 5235 καὶ
509 5181 708 5245 ἀθλίως
734 5201 749 5247 ;
782 5182 856 5236 Οὐ
885 5183 993 5254 γάρ
1023 5181 1160 5252 πρὸς
1205 5182 1401 5245 αὐτοὺς
1453 5182 1750 5253 ἐπολέμουν
1773 5223 1787 5249 ,
1819 5183 1954 5237 ἀλλὰ

378 5265 519 5336 πρὸς
571 5266 660 5318 τὸν
691 5266 896 5318 ἐνοικον
943 5265 1122 5320 αὐτῶν
1153 5266 1283 5318 Θεόν
1310 5278 1325 5293 °
1378 5264 1470 5320 τὸν
1517 5264 1574 5319 δέ
1626 5265 1745 5338 Θεῷ
1799 5267 1956 5322 πολε-

385 5339 591 5418 μοῦντα
623 5349 703 5402 ὅτι
733 5350 884 5412 πᾶσα
911 5349 1124 5420 ἀνάγκη
1169 5348 1310 5419 μετά
1336 5348 1536 5419 πολλῆς
1567 5350 1829 5420 ἡττᾶσθαι
1855 5351 1956 5421 τῆς

381 5431 732 5500 περιουσίας,
761 5432 919 5502 δίκην
966 5433 1173 5487 διδόντα
1216 5433 1315 5504 τῆς
1341 5434 1734 5508 ἐπιχειρήσεως
1761 5435 1952 5510 μόνης,

379 5515 545 5568 παντί
569 5530 671 5568 που
696 5515 855 5586 δῆλόν
886 5516 1022 5569 ἐστι.

446 5681 474 5720 ⁸
500 5682 644 5748 Regii
667 5686 753 5732 κάν
781 5685 903 5747 μέσα
923 5683 1173 5751 ἀναρρήξῃ.

1513 235 1578 291 ΙΝ
1610 235 1987 295 MARTYRES
2025 238 2409 300 IEGYPTIOS.
2470 300 2479 312 ,

3513 251 3618 309 696

2127 355 2194 425 β’.
2213 355 2470 411 Τοιαῦται
2487 358 2591 413 τῶν
2605 357 2775 428 ἁγίων
2791 360 2845 413 αἰ
2860 361 3023 415 νῖκαι.
3039 361 3100 414 Εἰ
3115 359 3169 414 δὲ
3185 359 3255 413 τά
3269 360 3622 432 ἀγωνίσματα

2053 445 2147 498 καὶ
2167 449 2236 499 τὰ
2257 447 2612 518 παλαίσματα
2640 448 2780 502 οὕτω
2810 449 3097 520 θαυμαστά
3121 450 3214 503 καὶ
3243 450 3540 520 παράδοξα,
3567 453 3622 506 τί

2051 534 2118 589 ἂν
2151 538 2397 608 εῑποιμεν
2446 540 2575 611 περὶ
2626 539 2734 594 τῶν
2769 541 3018 596 ἐπάθλων
3065 543 3159 596 καὶ
3204 541 3482 613 στεφάνων
3513 542 3623 597 τῶν

2054 627 2193 698 ὑπὲρ
2225 631 2324 701 τῆς
2352 631 2531 684 αὐτῶν
2555 631 2848 703 καρτερίας
2876 633 3253 702 ἀποκειμένων
3293 633 3511 696 αὑτοῖς;
3546 635 3620 686 Οὐ

2051 720 2160 792 γὰρ
2183 721 2247 793 δὴ
2298 722 2461 795 μέχρι
2510 723 2618 776 τῶν
2657 723 2903 794 βασάνων
2953 723 3155 778 τούτων
3187 723 3424 795 ἔστησαν
3451 763 3467 788 ,
3501 725 3623 778 οὐδὲ

2051 813 2284 867 ἐνταῦθα
2315 813 2404 868 τὸν
2429 815 2628 885 δρόμον
2657 816 2956 869 κατέλυσαν
2974 856 2989 883 ,
3028 814 3165 870 ἀλλὰ
3209 816 3521 886 περαιτέρω
3551 815 3622 869 τὰ

2052 905 2353 976 σκάμματα
2385 906 2565 970 αὐτοῖς
2594 907 2885 974 ἐξετείνετο
2908 948 2924 973 ,
2975 907 3068 962 τοῦ
3103 907 3204 979 μὲν
3236 907 3474 978 πονηροῦ
3505 907 3623 961 δαί-

2053 1012 2214 1067 μονος
2260 998 2326 1067 τῇ
2365 998 2647 1069 προσθήκη
2699 997 2808 1052 τῶν
2862 998 3141 1069 τιμωριῶν
3199 997 3621 1068 προσδοκοῦντος

2049 1084 2424 1151 ὑποσκελίζειν
2479 1089 2605 1153 τοὺς
2668 1088 2941 1157 ἀθλητὰς,
2992 1089 3087 1142 τοῦ
3124 1089 3182 1142 δὲ
3236 1087 3619 1158 φιλανθρώπου

2049 1175 2183 1228 Θεοῦ
2216 1176 2618 1248 συγχωροῦντος
2647 1179 2742 1232 καὶ
2771 1177 2830 1230 οὐ
2865 1177 3164 1242 κωλύοντος
3187 1195 3202 1210 ο
3232 1178 3374 1231 ὥστε
3406 1177 3501 1230 καλ⁸
3521 1177 3621 1248 τὴν

2049 1267 2156 1320 τῶν
2194 1269 2436 1322 ἀπίστων
2492 1271 2687 1338 μανίαν
2731 1272 3066 1343 σαφεστέραν
3111 1273 3277 1326 πᾶσιν
3306 1269 3619 1340 ἐπιδειχθῆ-

2049 1377 2154 1425 ναι,
2181 1361 2275 1413 καὶ
2298 1361 2507 1425 τούτοις
2536 1363 2947 1434 λαμπροτέρους
2979 1364 3073 1417 καὶ
3105 1360 3319 1425 πλείους
3349 1359 3621 1430 πλακῆναι

2048 1451 2173 1514 τοὺς
2201 1451 2512 1519 στεφάνους.
2541 1453 2651 1506 Καὶ
2696 1453 2946 1525 καθάπερ
2987 1455 3080 1507 ἐπὶ
3117 1452 3211 1506 τοῦ
3250 1451 3368 1506 Ἰὼϐ
3399 1451 3620 1518 γέγονεν

2049 1541 2142 1596 καὶ⁴
2183 1542 2276 1595 τοῦ
2323 1542 2600 1596 διαϐόλουο
2639 1547 2668 1597 ὁ
2719 1546 2816 1615 μὲν
2868 1545 3084 1607 πλείους
3129 1544 3250 1616 ᾔτει
3299 1543 3418 1596 κατ’
3451 1538 3618 1595 αὑτοῦ

2048 1633 2198 1705 παρά
2249 1633 2340 1687 τοῦ
2396 1633 2531 1687 Θεοῦ
2581 1635 2884 1706 τιμωρίας,
2917 1634 3229 1706 προσδοκῶν
3267 1629 3618 1704 περιέσεσθαι

2047 1726 2112 1796 τῇ
2152 1724 2438 1798 προσθήκῃ
2474 1725 2581 1779 τῶν
2607 1726 2792 1779 δεινῶν
2821 1728 2914 1780 τοῦ
2936 1727 3184 1795 γενναίου
3209 1725 3308 1794 τῆς
3335 1723 3618 1785 εὐσεϐείας

2046 1816 2308 1887 ἀθλητοῦ’
2341 1819 2370 1869 ό
2401 1818 2456 1871 δέ
2482 1816 2810 1889 συνεχώρει,
2844 1819 2938 1872 καὶ
2967 1815 3250 1888 ἐχαρίζετο
3291 1817 3410 1878 ταῖς
3446 1831 3616 1883 πονη-

2051 1911 2168 1980 ραῖς
2199 1911 2445 1980 αἰτήσεσι
2470 1909 2565 1963 τοῦ
2600 1908 2838 1982 πονηροῦ
2869 1909 3118 1980 δαίμονος
3144 1947 3157 1974 ,
3193 1907 3618 1977 ἐπιφανέστερον

2045 1999 2139 2055 τὸν
2167 2001 2331 2056 αὐτοῦ
2354 2001 2522 2056 ποιῶν
2552 2001 2822 2072 ἀθλητὴνο
2856 2001 2995 2054 οὐτω
3021 2001 3086 2072 δὴ
3115 2001 3209 2054 καί⁸
3237 1999 3470 2054 ἐνταῦθα
3497 1995 3619 2066 ἐγέ-

2045 2113 2186 2152 νετο.
2233 2095 2448 2168 Ἐπειδὴ
2494 2095 2600 2167 γὰρ
2650 2095 2838 2165 θηρίου
2878 2093 3076 2158 παντὸς
3123 2093 3502 2164 χαλεπώτερον
3555 2090 3620 2144 τδ

2049 2190 2209 2261 σῶμα
2235 2188 2411 2242 αὐτῶν
2436 2188 2770 2256 πανταχόθεν
2799 2188 3185 2258 διεμασήσατο,
3208 2185 3302 2239 καὶ
3325 2184 3422 2255 τὴν
3445 2181 3620 2252 γλῶτ-

2046 2298 2146 2335 ταν
2176 2281 2269 2335 καὶ
2293 2282 2354 2334 τὸ
2379 2280 2553 2351 στόμα
2572 2278 2805 2350 νῇμαξεν,
2835 2279 2883 2330 εἰ
2912 2277 3006 2330 καὶ
3035 2277 3110 2346 μὴ
3145 2278 3256 2338 τοῖς
3285 2275 3478 2343 αίμασι
3505 2272 3619 2326 τῶ)

2046 2372 2216 2442 ἁγίων
2245 2412 2260 2437 ,
2293 2371 2427 2426 ἀλλὰ
2473 2373 2590 2434 ταῖς
2632 2365 3019 2439 ἀπανθρώπως
3070 2366 3166 2420 καὶ
3207 2365 3386 2434 ὠμαῖς
3418 2363 3618 2436 ψήφοις

2046 2465 2313 2529 ἐκείναις,
2345 2462 2598 2534 ἡττηθεὶς
2629 2462 2734 2515 ὐπὸ
2781 2463 2880 2531 τῆς
2926 2459 3222 2532 καρτερίας
3265 2457 3474 2522 αὐτῶν,
3525 2456 3620 2509 καὶ

2048 2556 2377 2629 ἐμφορηθεὶς
2409 2554 2608 2618 ἱκανῶς
2633 2555 2731 2624 τῆς
2759 2552 3130 2625 ἀπανθρώπου
3167 2551 3348 2622 θοίνης
3372 2549 3617 2620 ἐκείνης,

2046 2650 2142 2704 καὶ
2169 2650 2328 2721 κόρον
2359 2648 2538 2702 λαϐὼν
2563 2647 2978 2718 ἀπῆλθεν.”ορα
3005 2645 3115 2716 γὰρ
3149 2644 3288 2714 πόση
3319 2642 3426 2696 τῶν
3449 2642 3621 2711 ἁγίων

2046 2745 2081 2815 ἡ
2111 2742 2390 2812 ὑπομονὴ,
2419 2741 2454 2812 ἣ
2478 2738 2744 2810 τοσαύτην
2773 2739 2969 2810 μανίαν
2997 2739 3111 2800 τοῖς
3145 2735 3367 2798 οἰκείοις
3395 2733 3620 2802 ἐκόρεσσ

2048 2833 2293 2890 πάθεσιν.
2342 2830 2529 2902 Ἐπῄει
2584 2832 2744 2890 πάλιν
2791 2827 3260 2898 ἐπαγωνιζόμενος
3301 2827 3368 2896 τῇ
3431 2823 3618 2895 μανία,

2051 2929 2144 2982 καὶ
2175 2930 2350 2984 πάντα
2404 2927 2474 2982 τὰ
2521 2927 2683 3000 θηρία
2727 2927 2794 2980 δι’
2829 2922 2994 2993 ἀλλης
3029 2919 3310 2990 ὠμότητος
3334 2915 3619 2986 ἐκνικῆσαι

2053 3019 2386 3089 φιλονεικῶν.
2428 3018 2638 3074 Ἐκεῖνα
2670 3015 2778 3087 γὰρ
2810 3012 3024 3082 ἀνάγκη
3071 3007 3287 3078 φύσεως
3339 3005 3476 3078 πρὸς
3521 3005 3624 3075 τὴν

2054 3114 2235 3184 θοίνην
2273 3113 2488 3186 ἔρχεται
2522 3110 2747 3186 ταύτην,
2782 3107 2878 3162 καὶ
2910 3102 3236 3178 κορεσθέντα
3267 3101 3486 3164 ἄπεισι,
3516 3098 3622 3186 κάν

2057 3207 2223 3280 μυρία
2250 3184 2336 3277 ἴδη
2363 3205 2593 3276 σώματα
2613 3240 2629 3267 ,
2657 3184 2876 3262 οὐδενὸς
2903 3195 3124 3251 ἐκείνων
3153 3193 3486 3262 ἐφάπτεταιο
3529 3184 3622 3244 οῦ-

2052 3315 2144 3360 τος
2171 3298 2227 3350 δὲ
2256 3297 2350 3350 καὶ
2378 3293 2612 3365 πονηρίᾳ
2658 3289 3028 3362 προαιρέσεως
3055 3285 3147 3339 ἐπὶ
3181 3283 3280 3355 τὴν
3315 3281 3481 3355 βορὰν
3532 3281 3623 3351 ᾔει

2051 3389 2254 3458 ταύτην
2273 3429 2288 3454 ,
2319 3388 2414 3441 καὶ
2445 3386 2554 3456 τῶν
2586 3382 2803 3457 σαρκῶν
2826 3381 3003 3436 αὐτῶν
3035 3376 3398 3450 ἐμπλησθεὶς,
3430 3375 3624 3444 ἑτέραν

2053 3482 2240 3536 πλέκει
2289 3481 2408 3534 κατ’
2459 3477 2636 3534 αὐτῶν
2663 3475 2907 3548 μηχανὴν
2927 3516 2944 3542 ,
2986 3470 3310 3545 μακροτάτω
3340 3468 3434 3522 καὶ
3459 3467 3622 3538 χαλε-

2053 3573 2287 3644 πωτάτῳ
2319 3572 2532 3641 θανάτῳ
2576 3569 2703 3633 τοὺς
2740 3567 2928 3636 ἁγίους
2981 3562 3258 3636 παραδούς
3279 3579 3294 3594 υ
3321 3559 3621 3632 προσέταξε

2051 3667 2159 3738 γὰρ
2191 3668 2248 3720 ἐν
2287 3666 2399 3726 τοῖς
2431 3661 2711 3733 μετάλλοις
2759 3659 2956 3720 αὐτοὺς
2981 3653 3308 3727 ἐργάζεσθαι
3324 3649 3618 3738 διηνεκῶς.

2057 3737 2138 3807 Ὢν
2159 3753 2260 3824 τῆς
2291 3750 2546 3814 ἀπονοίας
2571 3749 2584 3803 !
2641 3749 2837 3818 πεῖραν
2866 3743 3008 3798 οὓτω
3033 3741 3182 3811 σαφῆ
3206 3737 3385 3792 λαϐὼν
3403 3737 3504 3806 τῆς
3528 3737 3623 3788 ἀν-

2051 3845 2233 3918 δρείας
2259 3843 2456 3907 αὐτῶν,
2481 3840 2691 3909 καὶτῆς
2717 3835 3025 3906 ὑπομονῆς,
3052 3833 3225 3905 ταύτῃ
3253 3828 3621 3903 προσεδόκησε

2053 3935 2420 4010 περιέσεσθαι.
2452 3933 2562 3987 Καὶ
2607 3930 2671 4002 δὴ
2707 3928 2916 4000 θηρίοις
2950 3924 3223 3994 συνῴκουν
3263 3923 3313 3975 οί
3357 3921 3500 3988 ἆγιοι
3522 3961 3540 3986 ,
3571 3920 3622 3973 οἰ

2053 4032 2160 4086 τῶν
2183 4028 2428 4099 ἀγγέλων
2451 4025 2706 4083 σύνοικοι.
2732 4022 2826 4074 καὶ
2856 4018 2964 4072 τῶν
2993 4014 3236 4088 οὐρανῶν
3263 4013 3495 4076 πολῖται,
3528 4014 3624 4067 καὶ

2054 4127 2134 4188 εἰς
2158 4123 2260 4194 τὴν
2297 4120 2408 4175 ἀνω
2436 4116 2620 4170 λοιπὸν
2661 4113 2964 4184 γραφέντες
3007 4105 3360 4180 Ἰερουσαλὴμ
3384 4145 3399 4170 ,
3435 4105 3530 4160 καὶ
3554 4100 3624 4176 ἦν

2056 4216 2238 4286 πάσης
2280 4211 2485 4273 πόλεως
2512 4207 2697 4261 λοιπὸν
2725 4207 2760 4275 ἡ
2809 4204 3012 4274 ἕρημος
3054 4198 3349 4268 ἀγιωτέρα.
3395 4198 3482 4251 Ἑν
3523 4196 3624 4267 μὲν

2054 4308 2163 4378 γάρ
2193 4306 2312 4368 ταῖς
2356 4302 2544 4355 πόλεσι
2592 4298 2662 4352 τά
2688 4296 2980 4367 παράνομα
3009 4293 3184 4346 ταῦτα
3211 4291 3305 4344 καὶ
3329 4289 3625 4378 τυραννικά

2055 4374 2316 4467 ἐτολμᾶτο
2370 4390 2490 4446 καθ’
2544 4387 2780 4456 ἑκάστην
2823 4383 3034 4455 ἡμέραν
3072 4379 3424 4450 ἐπιτάγματα
3451 4395 3465 4409 ·
3499 4377 3533 4446 ἡ
3565 4374 3625 4428 δέ

2055 4461 2260 4563 ἔρημος
2297 4485 2542 4540 ἀτέλειαν
2577 4475 2688 4551 εἶχε
2717 4479 2814 4549 τῆς
2847 4472 3214 4546 ἀπανθρώπου
3243 4468 3621 4563 λειτουργίας,
3725 4461 3743 4477 η

2055 4559 2242 4637 καῖτά
2270 4579 2367 4640 μὲν
2409 4574 2735 4643 δικαστήρια
2778 4567 2999 4630 ἀνοσίας
3049 4565 3299 4636 πράξεως
3328 4562 3496 4632 ἔγεμε
3529 4559 3626 4612 καὶ

2054 4676 2309 4746 ἀθέσμων
2340 4667 2726 4737 ἐπιταγμάτων
2749 4678 2764 4693 °
2804 4663 2860 4716 αἰ
2889 4661 2946 4714 δὲ
2982 4658 3209 4730 ἐρημίαν.
3257 4657 3381 4719 τούς
3408 4654 3626 4746 πάντων

2054 4744 2355 4839 ἀνθρώπων
2384 4757 2788 4831 εὐνομωτέρους
2831 4750 2976 4824 εἰχον
3007 4751 3227 4812 πολίτας
3249 4789 3264 4811 ,
3291 4747 3418 4809 τοὺς
3441 4744 3512 4839 ἐξ
3529 4746 3626 4798 ἀν-

2057 4838 2288 4930 θρώπων
2311 4851 2573 4922 ἀγγέλους
2599 4845 2997 4918 γεγενημένους
3015 4881 3031 4906 ,
3062 4841 3158 4896 καὶ
3187 4840 3323 4912 πρὸς
3352 4839 3449 4930 τὸν,
3465 4838 3524 4891 οὑ
3535 4854 3628 4930 9:;-

2055 4927 2144 5004 νύν
2178 4951 2212 5018 ἡ
2262 4945 2468 5017 ἔρημος
2521 4938 2820 5012 ἡμιλλᾶτο,
2853 4935 2914 4988 τό
2959 4951 3022 5002 γε
3052 4933 3118 4985 ἐκ
3143 4930 3244 5015 τῆς
3287 4928 3487 5000 ἀρετῆς
3518 4927 3628 4981 τῶν

2055 5038 2345 5094 οἰκούντων
2365 5032 2617 5088 πολιτῶν.
2645 5031 2755 5084 και
2785 5026 2944 5098 φύσει
2969 5024 3067 5096 μὲν
3098 5018 3164 5095 ῆν
3203 5024 3236 5093 ἡ
3261 5021 3502 5094 τιμωρία
3531 5037 3629 5091 χα-

2055 5129 2374 5198 λεπωτάτη,
2401 5128 2467 5197 τῇ
2507 5125 2563 5178 δέ
2601 5119 2881 5193 προθυμίᾳ
2913 5119 3020 5171 τῶν
3067 5114 3480 5186 ἀγωνιζομένων
3507 5111 3628 5178 ἐγέο

2055 5223 2176 5278 νέτο
2213 5220 2369 5292 ῥᾳδία
2419 5218 2515 5272 καὶ
2565 5215 2740 5286 κούφη
2798 5212 2893 5266 καὶ
2921 5210 3176 5281 εῦπορος.
3222 5203 3628 5292 Πολλαπλάσιον

2055 5312 2177 5368 τότε
2205 5290 2451 5380 ἐνόμιζον
2484 5307 2614 5377 όρᾷν
2656 5302 2718 5356 τὸ
2746 5303 2894 5370 φῶς,
2927 5301 3019 5354 καὶ
3048 5299 3109 5351 τὸ
3145 5294 3431 5367 εἰρημένον
3475 5290 3628 5363 παρά

2053 5403 2132 5474 τῷ
2148 5398 2296 5474 [702]
2323 5397 2601 5470 προφήτην
2629 5395 2710 5448 δτι
2733 5394 2799 5448 Ἦ
2826 5390 3060 5456 σελήνη
3086 5389 3253 5442 ἔσται
3278 5385 3358 5449 ὡς
3378 5386 3410 5436 δ
3433 5382 3625 5474 ἥλιοςι

2055 5497 2088 5550 ό
2108 5473 2182 5546 δέ
2213 5491 2380 5561 ἣλιος
2408 5484 2856 5548 ἐπταπλασίων,
2873 5482 3029 5535 τοῦτο
3042 5475 3399 5546 ἀπειληφέναι
3414 5473 3476 5528 τὸ
3511 5473 3627 5546 φῶς

2055 5586 2156 5656 ἠδη
2193 5581 2459 5653 ἐνόμιζον.
2493 5577 2568 5632 Οὐ
2594 5577 2701 5650 γὰρ
2727 5575 2894 5640 ἐστιν,
2920 5571 3021 5625 οὐκ
3047 5571 3163 5624 ἔστι
3193 5568 3369 5640 ψυχῆς
3395 5567 3630 5637 εὐθυμεῖ,

2060 5694 2216 5744 τερον
2265 5670 2694 5744 καταξιουμένης
2748 5666 2886 5740 ὑπὲρ
2930 5662 3166 5735 Χριστοῦ
3206 5659 3395 5717 παθεῖν
3435 5677 3495 5720 τι
3527 5655 3634 5712 τῶν
