4080 6198
311 202 414 261 697

312 324 508 387 larius,
558 333 679 392 qua:
717 320 875 387 digna
915 324 999 370 est
1028 310 1203 366 habita
1246 324 1341 380 pro
1367 304 1578 364 Christo
1616 304 1725 376 pati
1754 300 1905 373 quid-

311 416 449 485 piam
480 424 665 467 eorum
691 450 706 473 ,
738 421 856 477 quae
882 404 1035 460 nobis
1056 402 1235 475 gravia
1264 409 1318 456 et
1347 396 1699 456 intolerabilia
1725 394 1911 451 viden-

312 516 417 558 tnr.
451 501 569 559 iam
599 515 658 556 se
684 497 967 554 translatos
997 495 1049 549 in
1078 493 1268 550 cmlum
1299 506 1439 557 esse,
1465 504 1527 545 ac
1555 504 1677 544 cum
1703 486 1907 559 angelis

306 598 507 652 ducere
554 592 778 648 choreas
827 589 1107 661 putabant.
1155 585 1292 653 Quid
1336 584 1478 640 enim
1524 582 1751 653 amplius
1804 580 1908 634 illis

304 687 440 741 C(I‘IO
467 693 521 741 et
545 682 748 753 angelis
775 694 911 751 opus
946 687 1095 743 erat,
1131 692 1251 733 cum
1287 674 1341 729 in
1382 673 1595 729 deserto
1630 686 1752 727 cum
1803 670 1907 723 illis

310 778 620 849 angelorum
664 772 921 828 Dominus
966 768 1122 826 Jesus
1170 768 1343 823 esset?
1368 765 1501 821 Nam
1543 764 1620 831 si,
1653 762 1740 819 ubi
1780 765 1910 812 sunt

228 866 247 937 ,ί
303 872 413 927 duo
438 870 525 926 vel
547 862 663 925 tres
676 866 981 938 congregati
1010 865 1065 919 in
1094 863 1309 919 nomine
1334 862 1473 931 ejus,
1494 859 1571 913 ibi
1599 866 1683 913 est
1704 857 1765 910 in
1792 870 1905 911 me-

230 946 233 949 i
305 964 397 1018 dio
414 978 599 1019 eorum
631 958 845 1031 (Matth.
876 958 965 1022 18,
995 955 1110 1026 20).
1133 954 1300 1009 multo
1322 951 1490 1022 magis
1510 951 1561 1005 in
1579 948 1755 1005 medio
1778 948 1901 1002 illo-

304 1071 422 1109 rum
454 1064 576 1107 tunc
602 1060 752 1116 erat,
783 1050 873 1122 qui
902 1047 1210 1119 congregati
1240 1056 1351 1101 tum
1382 1044 1591 1099 fuerant
1615 1057 1720 1097 non
1760 1052 1819 1095 ut
1849 1041 1901 1096 in

308 1144 546 1207 nomine,
579 1142 673 1197 sed
701 1150 761 1196 ut
787 1156 885 1211 pro
911 1142 1125 1195 nomine
1154 1137 1271 1208 ejus
1299 1144 1555 1206 perpetuo
1584 1143 1901 1206 torqueren-

308 1244 413 1288 tur.
442 1232 619 1288 Nostis
649 1231 791 1286 enim
816 1272 833 1298 ,
859 1230 1029 1285 nostis
1051 1237 1239 1299 aperte
1276 1226 1378 1282 hoc
1403 1225 1661 1295 supplicio
1689 1224 1902 1294 gravius

306 1339 430 1381 esse
453 1323 679 1389 nullum,
711 1335 911 1392 eosque
930 1362 945 1387 ,
973 1320 1062 1391 qui
1083 1317 1343 1374 sententia
1366 1326 1490 1373 sunt
1512 1316 1602 1371 illa
1627 1314 1896 1380 damnati,

306 1424 587 1472 sexcentas
611 1414 741 1469 alias
767 1423 967 1468 mortes
992 1412 1151 1467 malle
1170 1411 1398 1466 tolerare
1415 1451 1430 1475 ,
1462 1424 1620 1480 quam
1654 1422 1747 1464 eos
1767 1450 1782 1474 ,
1810 1410 1899 1479 qui

305 1507 414 1562 illic
442 1507 744 1571 inuruntur,
768 1504 983 1560 dolores
1007 1503 1290 1558 sustinere.
1312 1501 1538 1557 Metallis
1557 1500 1754 1556 addicti
1781 1501 1895 1555 fue-

306 1606 465 1664 runt,
497 1597 587 1653 ubi
628 1612 703 1653 tes
730 1595 1087 1651 cil'odiendum
1132 1603 1248 1649 erat
1279 1595 1593 1664 plerumque
1620 1593 1689 1648 ab
1732 1594 1895 1664 ipsis,

305 1691 394 1761 qui
421 1690 539 1745 auri
565 1690 783 1745 metallo
802 1696 955 1745 erant
974 1688 1341 1757 pretiosiores,
1361 1696 1415 1741 et
1436 1701 1588 1754 auro,
1611 1687 1751 1757 quod
1785 1702 1899 1741 nia-

307 1783 439 1838 teria
484 1798 589 1837 non
630 1789 869 1849 constat,
913 1780 1055 1851 quod
1098 1795 1203 1834 non
1243 1779 1615 1834 damnatorum
1654 1778 1901 1834 eli'oditnr

306 1874 583 1941 manibus,
626 1872 721 1929 sed
764 1872 1001 1928 ﬁdelium
1027 1870 1264 1925 virorum
1305 1868 1483 1924 studio
1508 1870 1771 1939 reperitur
1800 1886 1813 1923 :
1844 1869 1897 1925 in

309 1965 539 2021 metallis
559 1979 694 2036 opus
721 1962 1007 2028 iaciebant,
1025 1963 1113 2034 qui
1136 1962 1401 2017 thesauris
1425 1962 1716 2017 innumeris
1732 1963 1901 2017 abun-

307 2056 526 2110 dabant.
554 2055 691 2122 Quid
718 2064 835 2111 erat
862 2054 1076 2126 gravius
1100 2063 1156 2109 et
1192 2053 1436 2108 acerbius
1460 2052 1550 2108 illa
1579 2054 1723 2108 vita?
1748 2053 1816 2108 Et
1845 2054 1896 2109 in

304 2150 496 2219 seipsis
532 2150 776 2204 evenisse
819 2148 1153 2203 narrationes
1179 2155 1234 2201 et
1262 2145 1511 2201 historias
1539 2145 1607 2202 de
1638 2146 1763 2201 viris
1792 2146 1899 2201 illis

302 2240 511 2310 magnis
549 2239 874 2306 cernebant,
903 2252 1037 2310 quas
1074 2236 1142 2293 de
1169 2236 1370 2292 sanctis
1398 2234 1561 2292 refert
1586 2237 1784 2294 Paulus
1809 2238 1896 2293 di-

303 2344 431 2386 cens
456 2347 471 2383 :
504 2329 821 2385 Circuierunt
846 2330 898 2384 in
922 2328 1139 2395 melotis,
1161 2328 1213 2382 in
1240 2327 1454 2397 pellibus
1478 2327 1722 2398 caprinis,
1743 2346 1895 2401 egen-

304 2431 375 2475 tes
398 2464 413 2488 ,
441 2422 743 2493 angustinti.
775 2420 971 2492 amicti,
1004 2418 1183 2491 quibus
1204 2419 1388 2491 dignus
1410 2436 1516 2475 non
1546 2428 1653 2475 erat
1682 2420 1898 2476 madas

304 2514 489 2587 (Hebr.
514 2516 607 2571 tl.
634 2515 728 2573 37.
758 2515 873 2584 58).

374 2606 593 2661 Moralis
621 2606 924 2661 exhortatio.
950 2632 1022 2645 -—
1044 2603 1174 2659 llaec
1199 2603 1379 2674 itaque
1402 2618 1527 2659 cum
1548 2603 1808 2670 sciamus,
1836 2612 1896 2659 et

303 2711 443 2753 nunc
468 2704 524 2751 et
546 2694 694 2762 olim,
726 2711 791 2750 ex
821 2710 927 2767 quo
954 2696 1064 2751 nati
1089 2703 1214 2750 sunt
1243 2693 1509 2759 homines,
1538 2708 1893 2754 utrumnam:

302 2795 359 2843 et
381 2786 708 2841 laboriosam
738 2800 801 2847 ac
842 2786 1139 2847 innumeris
1170 2785 1419 2841 refertam
1446 2784 1601 2841 malis
1626 2785 1724 2839 'Dei
1753 2785 1891 2839 ami—

302 2893 397 2934 cos
420 2893 611 2933 omnes
637 2878 803 2933 vitam
847 2893 969 2936 esse
995 2878 1214 2934 sortitos
1242 2895 1257 2932 :
1286 2892 1355 2933 ne
1383 2876 1664 2937 delicatam
1693 2892 1757 2933 ac
1780 2876 1894 2934 dis-

302 2971 531 3027 solutam
570 2979 624 3027 et
667 2970 1028 3043 voluptatibus
1065 2968 1377 3027 afﬂuentem
1416 2969 1579 3031 vitam
1610 2979 1893 3031 consecte—

1270 202 1339 260 ΙΝ
1377 200 1434 257 S.
1480 190 1753 252 HIOCAM
1784 185 2199 245 ’ΜᾹΒΤΥΒΕΜ-
2244 176 2664 236 -ὶΙΟΝΙΤΗΜ.

3501 183 3602 240 698

2012 313 2150 364 mar,
2190 297 2283 353 sed
2322 298 2646 354 laboriosum
2684 305 2846 367 atque
2880 312 3235 352 aerumnosum
3266 296 3389 352 vita:
3418 311 3589 367 genus

2007 390 2311 447 aﬂlictionis
2354 400 2409 446 et
2439 388 2667 445 miseriae
2696 389 2937 460 plenum.
2966 386 3036 446 Ut
3060 389 3205 445 enim
3245 387 3358 445 ﬁeri
3396 392 3600 461 nequit,

2010 493 2068 537 ut
2097 483 2162 548 is,
2190 484 2277 553 qui
2319 482 2369 535 in
2407 496 2579 552 agone
2602 479 2899 546 contendit,
2930 495 3027 551 per
3053 494 3299 535 somnum
3325 488 3380 535 et
3409 487 3597 548 torpo-

2008 589 2122 629 rem
2168 588 2231 628 ac
2255 572 2474 628 delicias
2522 586 2751 627 coronas
2794 573 2957 627 etiam
3004 580 3382 642 consequatur,
3428 585 3604 641 neque

2008 666 2161 720 miles
2193 673 2414 737 tropaea,
2443 680 2617 737 neque
2647 674 2855 735 portum
2887 664 3236 736 gubernator,
3275 678 3378 720 nec
3411 679 3597 720 aream

2006 756 2267 826 repletam
2293 759 2526 830 agricola
2553 777 2565 813 :
2597 759 2676 813 sic
2706 774 2805 814 nec
2833 766 2895 813 ut
2917 758 3106 822 ﬁdelis,
3137 759 3227 829 qui
3257 757 3420 813 vitam
3445 772 3597 813 suam

2007 847 2058 901 in
2089 848 2299 919 pigritia
2344 863 2409 904 ac
2443 847 2759 903 remissione
2801 847 3117 913 traduxerit,
3155 848 3292 903 bona
3336 847 3600 918 promissa

2003 950 2386 1010 consequatur.
2426 941 2620 993 Annon
2661 939 2818 1009 igitur
2839 939 3126 994 absurdum
3152 948 3235 994 est
3261 939 3313 993 in
3348 938 3601 993 omnibus

2003 1030 2215 1101 quidem
2246 1031 2404 1087 rebus
2444 1032 2624 1086 sreculi
2672 1032 2828 1102 hujus
2866 1041 2992 1087 ante
3028 1032 3356 1101 voluptatem
3386 1032 3598 1088 labores

2005 1137 2126 1177 esse
2148 1123 2472 1193 propositos,
2518 1130 2574 1177 et
2609 1132 2735 1177 ante
2774 1122 3117 1177 securitatem
3156 1123 3410 1191 pericula,
3440 1122 3599 1192 idque

2002 1226 2127 1267 cum
2160 1212 2346 1266 vilium
2388 1220 2443 1267 et
2484 1213 2795 1282 exiguarum
2846 1227 3028 1268 rerum
3058 1220 3181 1283 post
3226 1213 3437 1269 labores
3476 1213 3599 1267 illos

2001 1305 2335 1373 exspectatio
2360 1305 2725 1376 relinquatur;
2764 1320 2887 1361 cum
2914 1320 3045 1361 vero
3076 1305 3264 1361 caelum
3308 1306 3378 1360 sit
3403 1320 3599 1377 pr0po-

2001 1396 2185 1460 situm,
2214 1398 2528 1468 angelorum
2571 1398 2823 1465 honores,
2864 1399 2974 1453 vita
3011 1414 3131 1469 qua:
3177 1399 3324 1453 nullo
3351 1399 3456 1455 tine
3493 1409 3599 1455 ter-

2001 1490 2254 1553 minatur,
2292 1503 2414 1543 cum
2453 1488 2657 1558 angelis
2696 1487 3056 1553 conversatio,
3098 1498 3152 1545 et
3177 1488 3313 1545 bona
3353 1505 3473 1560 qua:
3498 1505 3597 1546 nec

2000 1579 2293 1650 intelligere
2340 1595 2441 1636 nec
2480 1580 2629 1635 effari
2670 1580 2953 1650 quisquam
2991 1588 3169 1650 potest
3198 1598 3212 1635 :
3240 1594 3456 1651 sperare
3499 1596 3597 1636 nos

1999 1666 2135 1735 fore,
2167 1679 2222 1723 ut
2248 1685 2343 1739 per
2370 1668 2629 1724 desidiam
2655 1680 2709 1725 et
2745 1670 2992 1724 inertiam
3018 1669 3291 1739 animique
3318 1670 3596 1725 remissio-

2003 1774 2125 1813 nem
2162 1774 2222 1814 ea
2258 1774 2666 1837 consequamur,
2698 1774 2795 1814 nec
2821 1759 3067 1815 eamdem
3098 1760 3201 1814 illis
3225 1760 3431 1831 dignari
3471 1760 3593 1816 diti-

2001 1853 2237 1921 gentiam
2290 1867 2450 1922 quam
2498 1851 2844 1907 smcularibus
2903 1851 3064 1907 rebus
3106 1851 3452 1919 impendere?
3495 1851 3593 1917 Nc,

1999 1942 2245 2009 obsecro,
2265 1959 2333 1999 ne
2357 1942 2492 1998 adeo
2517 1943 2657 1998 male
2672 1942 2739 1997 de
2762 1941 2936 2009 nobis,
2960 1941 3130 2012 deque
3152 1949 3332 1996 nostra
3359 1942 3594 2012 ipsorum

2000 2034 2172 2089 salute
2204 2043 2537 2099 statuamus;
2579 2033 2674 2089 sed
2701 2033 2869 2089 oculis
2893 2032 3091 2088 nostris
3114 2031 3181 2087 ad
3216 2040 3431 2088 sanctos
3464 2032 3596 2089 istos

2000 2125 2298 2191 conversis,
2323 2124 2390 2180 ad
2422 2139 2712 2195 generosos
2736 2134 2893 2194 atque
2916 2124 3206 2179 tolerantes
3225 2123 3472 2191 athletas,
3505 2126 3594 2195 qui

1999 2218 2173 2282 nobis,
2198 2227 2259 2272 ut
2289 2217 2438 2286 quasi
2460 2216 2606 2272 iaces
2632 2217 2979 2287 praeluceant,
2998 2216 3109 2271 dati
3128 2222 3277 2283 sunt,
3301 2216 3369 2272 ad
3400 2216 3593 2272 horum

1999 2309 2336 2365 tolerantiam
2367 2321 2527 2381 atque
2556 2309 2866 2381 patientiam
2895 2309 3059 2364 vitam
3099 2316 3337 2363 nostram
3360 2322 3588 2377 compo-

2000 2416 2221 2469 namus,
2253 2412 2314 2456 ut
2356 2416 2542 2457 eorum
2575 2401 2843 2472 precibus,
2886 2409 3167 2472 postquam
3196 2398 3321 2453 hinc
3360 2413 3596 2455 excesse-

1998 2494 2193 2559 rimus,
2245 2508 2367 2550 cum
2407 2494 2533 2550 illos
2582 2494 2787 2558 videre,
2840 2501 2952 2549 tum
3001 2492 3250 2563 amplecti
3304 2493 3595 2563 possimus,

1997 2593 2162 2654 atque
2198 2585 2250 2640 in
2281 2585 2387 2640 iiiis
2429 2585 2736 2641 emicaturus
2758 2583 3116 2640 tabernaculis
3155 2582 3430 2639 collocari.
3460 2582 3593 2649 Qua:

1998 2689 2102 2731 nos
2138 2690 2327 2731 emes
2365 2675 2567 2730 utinam
2608 2689 3025 2745 consequamur,
3048 2673 3304 2743 gratiaet
3346 2671 3578 2742 benignis

2000 2774 2107 2821 tate
2139 2765 2344 2820 Domini
2370 2765 2541 2821 nostri
2566 2764 2693 2821 Jesu
2715 2764 2938 2831 Christi,
2966 2779 3062 2834 per
3078 2777 3241 2833 que-
3258 2770 3458 2817 etcum
3488 2777 3595 2831 quo

1998 2856 2143 2913 Patri
2167 2866 2223 2913 et
2254 2857 2473 2930 Spiritui
2504 2864 2691 2912 sancto
2719 2855 2887 2928 gloria
2934 2854 2989 2909 in
3029 2853 3221 2909 sarcula
3244 2852 3594 2917 szcculorum,

2000 2949 2197 3007 Ama.

1734 3588 2088 3651 MONITUM
2098 3637 2111 3650 .

299 3853 539 3913 Phocam
573 3856 1070 3929 Thaumaturgum.
1112 3860 1177 3915 Et
1214 3860 1269 3915 in
1301 3859 1687 3934 Martyrologio
1721 3861 1970 3918 Romano
2009 3863 2240 3934 legimus
2273 3864 2307 3919 5
2334 3862 2509 3919 Martii
2539 3878 2606 3919 ex
2638 3863 2901 3936 Gregorio
2932 3861 3239 3920 Turonensi
3279 3861 3355 3920 De
3390 3864 3565 3935 gloria

299 3947 595 4021 Martyrum
626 3966 639 4003 :
680 3948 904 4007 Natalis
949 3950 1008 4006 S.
1057 3950 1252 4009 Phoco:
1275 3953 1415 4022 apud
1445 3953 1801 4008 Antiochiam.
1853 3954 2097 4026 Itemque
2142 3956 2212 4010 Η
2248 3954 2379 4012 Julii
2415 3974 2430 4011 :
2466 3954 2665 4025 Sinope
2700 3957 2757 4010 in
2787 3957 2959 4010 Ponto
3002 3953 3066 4010 8.
3097 3953 3289 4011 Phocw
3315 3960 3567 4027 martyris

298 4041 533 4112 ejusdem
597 4042 827 4097 civitatis
873 4041 1143 4113 Episcopi,
1200 4044 1360 4114 cujus
1414 4046 1672 4118 reliquias
1734 4046 1997 4103 Viennam
2054 4048 2248 4106 Gallia:
2304 4046 2598 4103 translatas
2657 4048 2776 4103 Ado
2826 4053 3065 4101 testatur
3126 4045 3183 4101 in
3244 4046 3573 4117 Chronico;

299 4132 356 4189 in
410 4130 708 4204 Horologio
778 4134 1091 4192 Graacorum
1160 4138 1233 4192 22
1295 4136 1443 4194 Junii
1492 4149 1749 4211 notatur,
1816 4144 1849 4214 ἡ

2002 4143 2216 4214 ικαμιδὴ
2298 4141 2393 4197 τοῦ
2466 4141 2721 4212 isth
2784 4142 2879 4194 τοῦ
2942 4140 3099 4211 ἁγίου
3158 4140 3565 4214 ἱερομάρτυρος

298 4228 485 4293 (tua,
518 4231 663 4299 quod
698 4233 841 4303 apud
854 4232 1175 4291 ‘Usuardum
1207 4252 1238 4292 a
1264 4236 1477 4293 Molano
1505 4239 1710 4294 editum
1740 4241 1821 4296 sic
1854 4240 2070 4308 legitur,
2098 4238 2409 4310 chortatio
2438 4236 2661 4307 Lipsam’
2685 4238 2860 4291 uncti
2890 4235 3304 4307 Hieromartyris
3326 4235 3520 4292 Pharae
3547 4252 3569 4292 :

300 4320 356 4377 il
380 4322 705 4379 Calendario
730 4341 861 4381 vero
887 4326 1221 4394 Gnaeorum,
1263 4331 1553 4403 interprete
1591 4332 1960 4401 Geuebrardo,
1989 4333 2295 4391 Translatio
2321 4330 2685 4401 Retiquiarunt
2714 4328 2905 4405 Phoco:
2935 4330 3227 4400 martyris;
3262 4344 3456 4385 rursus
3496 4330 3571 4385 22

302 4413 656 4485 Septembris,
695 4418 789 4473 τοῦ
813 4419 965 4486 ἁγίου
994 4424 1390 4495 ἱερομάρτυρος
1433 4425 1615 4479 Φωκᾶ.
1644 4424 1700 4481 In
1742 4424 1899 4481 Meno

2002 4426 2047 4481 io
2072 4440 2246 4497 graece
2285 4422 2525 4479 Venetiis
2568 4423 2713 4478 edite
2741 4408 2976 4493 duplicis
3000 4422 3197 4477 Phocae
3224 4423 3411 4492 passio
3437 4423 3568 4480 bre-

300 4504 439 4558 viter
475 4507 661 4562 eodem
688 4508 778 4563 die
799 4510 870 4563 22
889 4511 1229 4581 Septembris
1254 4515 1670 4585 perstringitur;
1699 4532 1763 4572 ac
1785 4517 1899 4587 prio

2004 4517 2264 4587 quidem;
2299 4514 2394 4568 τοῦ
2421 4514 2578 4584 ἁγίου
2610 4513 3012 4588 εερομάρτυρος
3044 4514 3209 4568 Φωκᾶ
3233 4512 3327 4568 τοῦ
3352 4514 3567 4586 θαυμα-

295 4597 554 4669 τουργοΰ,
586 4600 680 4670 qui
705 4601 873 4658 fuisse
908 4603 1179 4674 Pamphili
1210 4615 1264 4660 et
1284 4605 1467 4661 Maria":
1496 4608 1641 4664 ﬁlius
1671 4611 2007 4679 perhibetur,
2036 4607 2241 4679 Sinope
2269 4609 2322 4662 in
2346 4605 2525 4663 Ponto
2546 4614 2733 4675 natus,
2766 4617 2928 4679 atque
2952 4623 2983 4661 a
3010 4609 3213 4666 teneris
3246 4609 3566 4680 unguiculis

300 4684 691 4743 miraculorum
754 4691 925 4761 gioria
960 4692 1225 4749 claruisse
1286 4696 1447 4767 eique
1509 4699 1832 4770 martyrium
1892 4700 1999 4754 hoc
2048 4700 2206 4769 signo
2253 4699 2682 4768 praenuntiatum
2728 4707 2814 4755 est
2868 4717 2883 4753 :
2944 4699 3189 4756 insidens
3230 4702 3394 4771 capiti
3446 4702 3570 4772 ejus

297 4778 553 4834 columba
585 4795 848 4838 coronam
881 4785 1141 4857 imposuit
1179 4787 1419 4845 humana
1451 4790 1723 4861 ejusmodi
1753 4808 1886 4850 voce
1916 4793 2085 4850 missa
2113 4813 2125 4848 :
2156 4793 2351 4850 Mistus
2374 4804 2461 4851 est
2496 4795 2663 4861 calix,
2699 4805 2860 4865 teque
2904 4795 3092 4850 bibere
3137 4796 3288 4851 illum
3324 4806 3566 4868 oportet.

297 4868 454 4934 Quod
485 4878 539 4924 et
565 4871 667 4942 ipsi
700 4873 791 4929 Dei
817 4892 1045 4934 munere
1076 4896 1397 4936 concessum
1433 4892 1518 4938 est
1548 4901 1561 4937 :
1592 4900 1716 4939 nam
1755 4883 2086 4957 imperatore
2110 4887 2349 4957 Trajano
2378 4889 2704 4959 martyrium
2746 4888 2930 4959 gladio
2953 4888 3157 4960 pariter
3193 4901 3247 4945 et
3274 4889 3398 4962 igne
3430 4904 3569 4945 con-

297 4962 626 5050 summavit,
679 4975 804 5034 post
842 4979 1069 5024 mortem
1134 4972 1315 5028 clarus
1378 4974 1679 5031 miraculis.
1722 4974 1999 5034 Posterior
2040 4992 2175 5034 vero
2204 4978 2415 5035 Phocas
2475 4980 2676 5034 ibidem
2735 4981 3059 5039 hortulanus
3118 4980 3289 5037 fuisse
3336 4980 3567 5050 dicitur,

298 5048 769 5151 Sinopequoque
829 5062 1116 5130 oriundus,
1153 5065 1247 5135 qui
1295 5067 1576 5133 satellites,
1632 5084 1662 5123 a
1721 5069 1924 5140 quibus
1972 5072 2040 5126 ad
2082 5087 2269 5127 necem
2323 5071 2690 5151 quaerebatur,
2756 5071 2994 5141 hospitio
3036 5074 3269 5144 excepit,
3316 5088 3380 5128 ac
3423 5048 3570 5143 scipi-

296 5158 420 5239 snm
472 5148 578 5205 illis
627 5155 884 5222 prodidit,
917 5161 994 5213 uti
1049 5171 1235 5215 narrat
1272 5163 1413 5232 apud
1441 5162 1798 5231 Lipomanum
1849 5165 2119 5231 Asterius,
2145 5175 2197 5220 et
2228 5175 2510 5235 amputato
2543 5148 2717 5238 capite
2742 5180 2893 5239 grata
2938 5168 3047 5223 Deo
3076 5170 3297 5224 victima
3351 5168 3568 5224 oblatus

298 5238 419 5344 iuit.
488 5239 569 5344 Ex.
620 5246 705 5344 his
759 5248 974 5307 duobus
1027 5254 1287 5323 priorem,
1336 5256 1427 5326 qui
1479 5254 1779 5327 Episcopus
1828 5256 1966 5322 fuit,
2017 5259 2270 5326 suspicor
2322 5260 2425 5316 hac
2470 5262 2719 5318 oratione
2767 5262 2999 5327 laudari,
3028 5263 3173 5333 quod
3233 5262 3567 5334 ἱερομάρτυς

300 5342 350 5427 in
404 5336 765 5407 inscriptione
824 5351 1086 5400 tractatus
1151 5345 1397 5409 dicatur,
1460 5364 1571 5419 quo
1623 5349 1783 5404 titulo
1840 5351 2040 5421 saepius
2108 5352 2163 5407 in
2231 5352 2533 5425 Menolngio
2583 5352 2768 5427 [τοι]
2832 5352 3135 5425 Episcopos
3183 5361 3277 5407 aut
3330 5350 3563 5422 Presby-

296 5424 449 5519 ie‘ros
483 5431 748 5499 martyrio
794 5443 1089 5491 exornatos
1118 5453 1148 5491 a
1188 5436 1391 5494 Graecis
1427 5438 1677 5510 insigniri
1727 5441 1907 5507 video,
1944 5452 2005 5497 ut
2036 5443 2329 5516 lguatium,
2386 5424 2706 5516 DiOnysium
2752 5424 2817 5503 iet
2867 5424 3127 5511 Dlasium,
3161 5452 3219 5499 ut
3250 5452 3305 5499 et
3347 5444 3568 5519 ἱερομο-

298 5514 497 5585 Nireus
535 5524 808 5591 appellant
836 5528 1161 5595 monachos,
1186 5530 1278 5599 qui
1307 5530 1601 5601 presbyteri
1630 5533 1821 5598 creati,
1853 5542 1906 5590 et
1937 5533 1990 5590 in
2020 5514 2452 5593 ecclesiasticam
2478 5514 2842 5595 hierarchiam
2884 5542 3011 5593 sunt
3033 5532 3233 5591 allecti.
3265 5551 3283 5585 ι

376 5627 755 5704 lnterpretatio
789 5634 982 5694 Latina
1016 5649 1099 5697 est
1133 5638 1424 5702 Frontonis
1456 5641 1656 5704 Duca‘i.
