4080 6198
476 211 586 267 69'.)

1181 207 1239 262 S.
1277 203 1562 262 JOANNIS
1600 201 2087 261 CliRYSOSTOMl
2125 188 2447 257 ARCHIEP.
2490 198 3036 257 CONSTANTINOP.

3637 206 3745 261 700

2957 406 3742 425 -ῇ-..ρσ-η--κ

1310 827 1441 904 DE
1506 826 1588 906 S.
1663 823 2468 905 IlIEROMARTYRE
2553 824 2913 917 PHOCA,

1669 1177 1758 1233 ET
1796 1178 2074 1234 CONTRA
2116 1175 2554 1243 IIIERETICOS,

559 1507 727 1578 Atque
754 1508 805 1560 in
838 1503 1108 1559 Psalmum
1142 1518 1291 1568 (ιλιι,
1333 1522 1350 1553 ι
1397 1502 1529 1555 Voce
1561 1518 1672 1553 mea
1703 1501 1771 1553 ad
1806 1500 2088 1555 Dominum
2122 1501 2345 1555 clamavi
2376 1518 2389 1553 :
2423 1518 2539 1556 voce
2578 1518 2691 1557 mea
2720 1503 2789 1557 ad
2826 1501 2991 1557 Deum
3024 1502 3334 1574 deprecatus
3361 1522 3477 1560 sum
3513 1508 3613 1581 (α).
3646 1526 3679 1566 ιη

562 2218 614 2272 Ι.
656 2210 943 2287 Splendida
985 2220 1140 2275 nobis
1177 2219 1432 2277 hesterno
1470 2222 1557 2279 die
1585 2222 1721 2280 facta
1749 2236 1832 2281 est
1859 2226 2065 2295 civitas,

488 2310 765 2379 splendida
808 2320 861 2365 et
900 2310 1143 2376 illustris,
1184 2327 1290 2367 non
1319 2314 1440 2383 quia
1483 2315 1782 2385 columnas,
1827 2317 1920 2373 sed
1951 2320 2073 2389 quia

489 2412 775 2471 martyrem
805 2400 1122 2456 habuitcum
1154 2418 1345 2473 pompa
1374 2405 1729 2474 incedentem,
1770 2409 1858 2478 qui
1885 2409 1951 2464 ad
1974 2426 2072 2466 nos

489 2504 555 2545 ex
598 2490 767 2544 Ponto
810 2491 1043 2547 advenit.
1088 2492 1233 2547 Vidit
1269 2502 1499 2550 vestram
1550 2495 1983 2568 hospitalitatem,
2021 2512 2076 2558 et

488 2594 585 2635 vos
630 2580 999 2637 benedictione
1053 2584 1378 2650 cumulavit;
1429 2586 1661 2642 laudavit
1706 2590 1867 2644 animi
1912 2593 2076 2647 vestri

488 2674 835 2741 alacritatem,
868 2686 923 2730 et
944 2691 1038 2731 eos
1070 2677 1161 2747 qui
1185 2677 1531 2744 advenerant,
1560 2680 1852 2739 benedixit.
1880 2684 2071 2743 Beatos

488 2765 628 2832 illos,
660 2766 749 2837 qui
772 2778 1151 2833 convenerant,
1190 2770 1491 2840 praedicavi,
1524 2775 1720 2845 quique
1744 2780 1926 2833 suavis
1948 2780 2067 2847 ejus

488 2856 671 2912 odoris
698 2859 981 2930 participes
1019 2860 1250 2927 fuerant,
1296 2872 1350 2919 et
1391 2880 1485 2921 eos
1513 2868 1602 2936 qui
1632 2869 1876 2935 aberant,
1910 2872 2074 2929 mise-

488 2963 578 3002 ros
604 2950 864 3018 appellavi
891 2968 903 3002 :
931 2962 1321 3021 verumtamen,
1354 2970 1423 3011 ne
1461 2955 1716 3014 damnum
1753 2976 1938 3017 eorum
1985 2965 2077 3020 llat

492 3039 861 3109 irreparabile,
895 3058 1081 3099 rursus
1108 3046 1280 3115 ipsum
1313 3048 1476 3103 altera
1501 3048 1589 3106 die
1616 3051 1985 3125 praedicamus,
2015 3066 2074 3113 ut

492 3141 547 3185 et
583 3132 618 3186 ii
643 3132 733 3203 qui
760 3134 829 3189 ob
870 3135 1245 3207 negligentiam
1290 3138 1594 3207 abfuerunt,
1636 3158 1666 3198 a
1710 3154 1944 3218 martyre
1971 3149 2076 3204 im-

492 3223 740 3291 pertitam
767 3223 1039 3295 duplicent
1067 3228 1337 3300 diligentia
1379 3231 1825 3292 benedictionem.
1860 3238 2072 3295 Etenim

490 3312 633 3381 quod
660 3329 1031 3385 smpenumero
1072 3319 1202 3383 dixi,
1233 3319 1336 3376 hoc
1361 3337 1571 3394 quoque
1596 3324 1777 3382 dicere
1811 3344 1916 3383 non
1960 3346 2078 3387 ces-

490 3404 656 3459 sabo:
686 3420 790 3460 non
820 3421 1008 3477 ptenas
1032 3420 1371 3478 peccatorum
1407 3423 1614 3485 repeto,
1643 3417 1738 3472 sed
1768 3422 2076 3491 aegrotanti-

493 3494 592 3549 bus
627 3496 945 3552 medicinam
968 3515 1118 3569 paro.
1155 3500 1384 3557 Abfuisti
1413 3504 1563 3560 heri?
1592 3508 1777 3564 saltem
1801 3510 1960 3567 hodie
1978 3513 2076 3569 ad-

492 3593 632 3654 esto,
661 3594 719 3641 ut
737 3602 858 3642 eum
882 3588 934 3644 in
959 3591 1232 3660 proprium
1258 3592 1440 3649 videas
1456 3594 1632 3652 locum
1648 3598 1859 3656 deduci.
1890 3601 2077 3659 Vidisti

491 3691 617 3733 eum
646 3692 741 3744 rer
761 3678 935 3736 forum
969 3678 1223 3739 ductum?
1265 3702 1428 3742 cerne
1466 3688 1576 3759 jam
1606 3691 1780 3761 ipsum
1812 3710 1906 3765 per
1929 3711 2077 3755 mare

492 3770 852 3846 navigantem,
897 3782 955 3828 ut
992 3776 1321 3834 elementum
1368 3790 1657 3854 utrumque
1700 3787 1818 3857 ejus
1851 3789 2075 3846 benedi-

491 3861 667 3916 ctione
689 3863 977 3932 repleatur.

561 3950 902 4023 Imperatores
928 3959 1101 4017 colunt
1124 3958 1398 4033 Martyres.
1424 3991 1497 4004 -
1515 3964 1684 4023 Nemo
1700 3969 1767 4025 ab
1792 3968 1892 4027 hac
1921 3987 2074 4030 sacra

490 4042 829 4101 solemnitate
871 4047 1183 4106 absit:non
1227 4054 1379 4125 virgo
1428 4054 1574 4111 domi
1618 4073 1914 4130 remaneat,
1969 4081 2076 4121 non

490 4134 682 4189 mulier
714 4137 918 4195 uadibus
957 4156 1018 4196 se
1046 4143 1313 4201 contineat
1346 4166 1361 4200 :
1385 4148 1762 4207 exhauriamus
1790 4154 1996 4224 urbem,
2023 4167 2079 4215 et

491 4241 590 4281 nos
616 4226 685 4281 ad
711 4231 1020 4301 sepulcrum
1047 4238 1300 4308 martyris
1332 4239 1706 4311 conferamus;
1740 4262 1862 4301 nam
1888 4257 1941 4303 et
1970 4249 2077 4303 lm-

491 4326 767 4386 pcratores
807 4339 909 4377 una
939 4326 1212 4383 nobiscum
1255 4330 1482 4389 choreas
1525 4334 1746 4392 ducunt.
1778 4338 2075 4406 Quamnam

493 4408 651 4477 igitur
688 4410 897 4467 veniam
941 4428 1187 4474 meretur
1215 4422 1476 4491 privatus,
1517 4440 1638 4481 cum
1681 4431 1823 4500 regia
1878 4433 2071 4501 palatia

490 4498 748 4555 deserant
762 4501 1136 4573 Imperatores,
1159 4519 1213 4565 et
1235 4514 1485 4585 martyris
1505 4498 1761 4586 sepulcro
1770 4498 2076 4581 assideant?

491 4589 634 4644 Talis
677 4592 925 4649 nimirum
974 4604 1059 4652 est
1102 4600 1271 4658 virtus
1303 4609 1622 4678 martyrum,
1668 4619 1727 4665 ut
1770 4626 1877 4667 non
1914 4614 2076 4671 modo

490 4680 749 4749 privatos,
786 4684 882 4739 sed
920 4701 1014 4742 eos
1036 4689 1216 4761 etiam
1246 4696 1337 4764 qui
1383 4696 1686 4755 diademata
1709 4712 1941 4773 gestant,
1980 4722 2075 4763 sa-

488 4786 624 4840 gena
672 4775 958 4831 concludat
988 4796 1002 4832 :
1032 4778 1148 4837 hzec
1186 4786 1460 4853 gentilium
1504 4799 1586 4845 est
1614 4791 1920 4863 ignominia,
1961 4797 2077 4855 hac

488 4865 690 4921 erroris
731 4866 970 4936 ipsorum
1005 4874 1374 4944 opprobrium,
1422 4878 1537 4935 haec
1565 4882 1867 4941 daemonum
1898 4889 2077 4960 perdi-

489 4953 585 5020 tio,
618 4955 734 5010 hmc
779 4967 959 5015 nostra
1007 4964 1279 5034 nobilitas,
1323 4978 1378 5024 et
1424 4970 1673 5030 Ecclesiae
1699 4953 1918 5036 corona.
1967 4981 2075 5037 Ex-

488 5044 631 5099 sulto
654 5061 776 5102 cum
820 5055 1164 5125 martyribus,
1198 5070 1254 5114 et
1282 5075 1390 5130 pra:
1418 5062 1599 5121 lzetitia
1645 5068 1895 5141 tripudio,
1941 5074 2070 5132 dum

487 5147 759 5207 pratorum
789 5142 907 5199 loco
951 5157 1210 5218 tropaeum
1257 5154 1493 5224 ipsorum
1545 5160 1777 5232 intueor,
1820 5170 2070 5237 quoniam

488 5246 585 5299 pro
639 5232 868 5291 fontibus
921 5244 1232 5309 sanguinem
1284 5248 1586 5309 eﬂ'uderunt
1626 5272 1640 5309 :
1687 5232 1896 5315 illorum
1948 5278 2069 5320 Ossa

486 5336 796 5396 consumpta
821 5339 975 5399 sunt,
1002 5343 1057 5388 at
1090 5339 1297 5393 illorum
1340 5345 1594 5400 memoria
1640 5346 1696 5403 in
1743 5350 1857 5406 dies
1886 5351 1944 5406 ﬁt
1987 5372 2074 5411 re-

487 5417 714 5472 centior.
742 5418 808 5475 Ut
831 5423 972 5477 enim
1004 5430 1118 5481 heri
1155 5439 1340 5500 neqtnt
1370 5444 1426 5487 ut
1459 5435 1541 5489 sol
1577 5439 1962 5510 exstinguatur,
1998 5445 2068 5501 ita

488 5521 657 5576 neque
688 5521 743 5564 ut
765 5524 1057 5587 martyrum
1085 5521 1340 5577 memoria
1362 5536 1547 5592 pereat
1572 5546 1586 5582 :
1612 5530 1722 5598 ipse
1741 5535 1882 5589 enim
1914 5535 2067 5593 Chri-

545 5641 619 5705 (a)
652 5647 828 5699 (:oltata
846 5663 956 5702 cum
980 5667 1075 5705 uno
1099 5666 1245 5723 Regio
1270 5665 1351 5709 Ms.
1376 5664 1459 5724 qui
1481 5676 1578 5713 non
1605 5667 1773 5719 variat.

2184 2244 2301 2295 stus
2352 2251 2729 2324 pronuntiavit,
2774 2260 2967 2317 Cretum
3014 2275 3061 2320 et
3105 2278 3239 2325 terra
3290 2278 3591 2347 transibunt,
3625 2286 3777 2341 veiba

2185 2344 2354 2392 autem
2397 2358 2508 2397 mea
2536 2362 2636 2402 non
2677 2356 3000 2421 prwteribunt
3031 2359 3245 2431 (Matth.
3287 2366 3379 2424 24.
3417 2372 3527 2443 55).
3576 2344 3771 2433 Verum

2186 2432 2438 2502 martyris
2468 2437 2681 2505 quidem
2708 2442 2893 2502 laudes
2918 2449 2985 2504 ad
3010 2456 3338 2514 conveniens
3368 2432 3531 2532 usque
3559 2474 3771 2538 tempus

2184 2530 2557 2591 exspectemus
2584 2546 2597 2583 :
2622 2546 2745 2587 nam
2790 2544 2847 2592 et
2882 2537 2949 2593 de
2976 2541 3085 2598 illis
3113 2546 3244 2602 satis
3273 2530 3601 2610 multaidicta
3648 2530 3773 2615 sunt

2185 2623 2404 2684 prepter
2438 2632 2624 2675 eorum
2654 2625 2911 2699 studium,
2942 2634 3032 2702 qui
3059 2642 3367 2711 congregari
3389 2643 3687 2705 debuerant
3716 2660 3773 2707 et

2184 2701 2489 2764 festivitatis
2515 2711 2655 2768 diem
2692 2701 2971 2778 celebrem,
3005 2701 3448 2800 reddere.inod
3494 2701 3773 2798 enimnbe:

2185 2804 2372 2853 sterno
2415 2800 2502 2859 die
2544 2804 2673 2874 dixi,
2718 2811 2880 2869 etiam
2927 2815 3090 2875 hodie
3136 2837 3322 2880 rursus
3364 2828 3772 2905 dico:martyri

2182 2890 2396 2959 quidem
2424 2894 2593 2965 gloria
2613 2901 2754 2957 nulla
2777 2920 2845 2960 ex
2874 2910 3161 2968 multorum
3183 2922 3465 2986 praesentia
3488 2938 3775 2997 compara-

2181 2980 2347 3051 bitur,
2375 3001 2472 3042 vos
2514 2998 2693 3048 autem
2739 2995 3162 3061 benedictionem
3208 3007 3553 3072 lucrifacietis
3594 2980 3662 3075 ex
3708 3036 3775 3077 eo

2182 3074 2323 3168 quod
2345 3076 2414 3132 ad
2442 3091 2733 3154 martyrem
2759 3094 3114 3151 accesseritis.
3136 3098 3595 3168 Quemadmodum
3610 3074 3768 3168 enim

2183 3163 2251 3229 is,
2285 3168 2375 3238 qui
2402 3170 2590 3227 oculos
2618 3174 2673 3230 in
2701 3178 2870 3235 solem
2898 3163 3182 3256 convertit,
3208 3201 3411 3250 astrum
3440 3196 3531 3253 ille
3552 3200 3770 3271 quidem

2182 3256 2514 3326 splendidius
2553 3266 2775 3327 minime
2818 3273 3015 3344 reddit,
3055 3280 3150 3335 sed
3180 3284 3369 3341 oculos
3402 3303 3531 3346 suos
3570 3256 3767 3349 illum;

2182 3355 2276 3402 nat
2308 3366 2322 3405 :
2350 3350 2421 3406 ita
2454 3354 2704 3413 nimirum
2733 3370 2787 3417 et
2826 3363 2890 3431 is,
2916 3369 3004 3437 qui
3033 3375 3253 3444 martyri
3285 3375 3543 3436 honorem
3571 3382 3771 3452 defert,

2182 3439 2466 3536 clariorem
2498 3448 2649 3506 illum
2677 3469 2784 3509 non
2812 3456 3000 3529 efﬁcit,
3044 3463 3140 3519 sed
3170 3439 3287 3536 ipse
3324 3470 3395 3524 ab
3420 3472 3512 3528 illo
3539 3476 3645 3530 sibi
3674 3439 3771 3534 is:

2182 3531 2539 3593 nedictionem
2575 3541 2709 3601 lucis
2742 3551 2987 3605 accersit.

2252 3621 2540 3697 Lampades
2576 3632 2630 3686 in
2673 3638 3127 3721 supplicationibus
3164 3646 3585 3709 Christianorum.
3646 3658 3774 3715 Non

2183 3713 2494 3787 htereticum,
2526 3724 2615 3777 sed
2643 3725 2877 3784 heresim
2919 3720 3253 3806 persequitur.
3290 3771 3365 3783 —
3401 3743 3597 3803 lterum
3626 3767 3773 3809 mare

2181 3809 2463 3867 ecclesiam
2506 3815 2803 3878 efficiamus
2830 3838 2950 3880 cum
2979 3827 3311 3901 lampadibus
3339 3835 3469 3893 illuc
3502 3841 3771 3909 prodeun-

2180 3906 2264 3956 tes
2282 3943 2297 3968 ,
2328 3912 2384 3959 et
2408 3905 2583 3977 ignem
2612 3910 2979 3974 humectantes
2999 3959 3016 3986 ,
3044 3930 3099 3977 et
3133 3938 3322 3994 aquam
3351 3928 3474 3999 igne
3498 3905 3773 4003 complen-

2182 4002 2265 4050 tes
2295 4014 2309 4050 :
2341 4014 2500 4055 nemo
2528 4003 2744 4075 pelagus
2779 4009 3127 4083 reformidet;
3172 4028 3400 4076 mormm
3430 4034 3637 4098 martyr
3666 4045 3771 4084 non

2180 4088 2561 4159 reformidavit.
2583 4105 2638 4152 et
2654 4108 2708 4154 tu
2722 4114 2912 4172 aquam
2933 4107 3264 4176 pertimescis
3278 4113 3302 4166 7
3316 4111 3420 4170 Sed
3437 4117 3491 4171 in
3512 4088 3651 4174 ha-nc
3666 4122 3774 4191 qui-

2180 4182 2301 4239 dem
2323 4190 2641 4246 sententiam
2665 4194 2798 4251 satis
2818 4198 2982 4255 multa
3001 4200 3111 4271 jam
3135 4202 3369 4263 diximus
3394 4225 3526 4281 :age
3544 4182 3772 4284 ergo-ex

2181 4275 2265 4331 his
2285 4279 2442 4335 etiam
2465 4298 2584 4353 quae
2606 4284 2764 4343 hodie
2785 4291 3004 4349 recitata
3026 4306 3174 4363 sunt,
3192 4275 3502 4358 consuetam
3524 4275 3770 4365 mensam

2178 4370 2331 4426 vobis
2353 4387 2681 4445 apponamus
2704 4398 2719 4435 :
2742 4380 2868 4438 licet
2886 4386 3028 4441 enim
3044 4403 3268 4461 corpora
3290 4404 3465 4451 vestra
3484 4412 3771 4457 coarcten-

2180 4471 2267 4519 tur
2288 4506 2303 4531 ,
2336 4474 2511 4525 tamen
2533 4471 2742 4528 animus
2761 4476 2860 4531 alis
2880 4479 3115 4551 erigatur
3135 4501 3147 4536 :
3167 4501 3341 4556 neque
3369 4490 3512 4544 enim
3535 4502 3771 4550 vestram

2177 4560 2614 4631 eoarctationem,
2632 4566 2724 4622 sed
2742 4569 2905 4626 animi
2924 4576 3086 4630 vestri
3107 4577 3431 4636 alacritatem
3449 4593 3657 4654 specto.
3670 4588 3772 4644 Gu-

2181 4649 2449 4709 bernatori
2489 4672 2701 4730 quoque
2729 4678 2878 4719 mare
2906 4663 3156 4724 fluctibus
3182 4673 3434 4743 agitatum
3472 4649 3771 4746 jucundum

2178 4751 2279 4808 est,
2293 4745 2561 4832 etdoctori
2577 4750 2800 4808 ecclesia
2819 4755 2988 4813 turbis
3007 4759 3211 4817 undans
3230 4780 3243 4816 :
3262 4779 3367 4820 non
3385 4745 3526 4822 enim
3547 4770 3599 4823 in
3617 4773 3775 4841 aquis

2177 4843 2260 4890 est
2278 4836 2392 4892 istis
2409 4827 2641 4913 salsugo,
2662 4858 2767 4899 non
2789 4848 3061 4918 scopulus,
3085 4867 3258 4925 neque
3273 4855 3484 4926 bellua},
3507 4860 3603 4916 sed
3622 4827 3789 4920 mare

2175 4940 2239 4981 ac
2253 4928 2465 5001 pelagus
2476 4932 2644 4991 odore
2659 4937 2807 4992 suavi
2823 4938 3127 4999 redundans
3146 4962 3159 4999 :
3178 4944 3264 5001 hic
3277 4948 3507 5019 navigia,
3520 4966 3641 5021 quae
3659 4970 3775 5009 non

2175 5030 2206 5071 a
2232 5026 2370 5074 terra
2395 5021 2445 5076 in
2469 5030 2687 5094 terram,
2708 5027 2802 5082 sed
2822 5044 2852 5082 a
2876 5037 3014 5085 terra
3035 5033 3088 5088 in
3113 5035 3302 5092 caelum
3326 5039 3624 5108 trajiciunt;
3648 5060 3779 5113 qua:

2175 5124 2283 5165 non
2309 5115 2562 5181 pecunias
2586 5128 2800 5187 gerunt,
2829 5136 2934 5177 non
2964 5139 3174 5192 aurum,
3204 5144 3309 5184 non
3337 5142 3639 5202 argentum,
3672 5138 3776 5195 sed

2175 5199 2357 5271 ﬁdem,
2389 5213 2444 5260 et
2467 5207 2743 5265 caritatem
2764 5252 2780 5278 ,
2809 5222 2865 5269 et
2892 5214 3062 5271 zelum
3085 5259 3100 5283 ,
3128 5227 3183 5273 et
3210 5199 3546 5291 sapientiam.

2244 5294 2298 5348 2.
2340 5296 2453 5367 Age
2497 5299 2673 5370 itaque
2709 5318 2899 5360 navem
2943 5306 3226 5379 diligenter
3263 5315 3569 5372 emittamus
3592 5360 3607 5385 ,
3643 5336 3775 5392 qua:

2168 5402 2465 5460 numquam
2492 5393 2672 5462 perit,
2703 5411 2991 5469 numquam
3033 5403 3364 5476 naufragium
3397 5410 3614 5478 patitur.
3658 5413 3773 5469 Sed

2173 5479 2237 5535 .is
2260 5521 2276 5548 ,
2313 5498 2432 5553 qua:
2462 5485 2739 5553 dicuntur,
2768 5491 3025 5549 attendite
3066 5495 3382 5567 diligenter;
3414 5502 3653 5569 psalmus
3696 5505 3774 5559 si-

2171 5577 2386 5646 quidem
2414 5577 2573 5637 hodie
2604 5581 2656 5637 in
2677 5583 2846 5640 aciem
2885 5597 3070 5643 contra
3101 5588 3381 5648 hereticos
3410 5610 3507 5649 nos
3535 5596 3724 5651 educit
3750 5641 3767 5662 ,

2173 5686 2279 5729 non
2304 5680 2361 5729 ut
2382 5673 2502 5732 illos
2523 5684 2725 5737 stantes
2741 5689 3165 5756 prosternamus,
3188 5684 3281 5744 sed
3304 5696 3361 5744 ut
3383 5687 3629 5759 jacentes
3653 5694 3770 5748 cri—
