4080 6198
355 471 2306 500 υη--ῌο-*Μ--ᾙ

1504 283 1568 338 ΙΝ
1616 284 1670 338 S.
1717 283 1996 344 PHOCAM
2035 287 2432 347 MARTY-REM.

2307 493 3473 510 ΜΨ.

759 877 952 954 ί¹⁷⁰⁴Ῑ
1017 892 1190 978 ΕΙΣ
1253 897 1478 983 ΤΟΝ
1536 898 1872 984 ΑΓΙΟΝ
1927 903 1941 984 ]

2045 902 2683 988 ΡΟΜΑΡΤΥΡΑ
2748 904 3135 994 ΦΩΚΑΝ
3156 961 3178 994 τ

1606 1333 1722 1388 ΚΑΙ
1767 1337 1959 1390 ΚΑΤΑ
1995 1337 2371 1394 ΑΙΡΕἸῚΚΩΝ

347 1799 360 1818 .
473 1717 579 1774 Καὶ
615 1717 704 1812 είς
736 1717 843 1773 τὸν
873 1725 1012 1790 ρμα⁶
1039 1719 1307 1791 ψαλμὸν,
1341 1739 1360 1773 ι
1404 1721 1579 1792 Φωνῇ
1615 1743 1735 1794 μου
1782 1726 1932 1795 πρὸς
1957 1727 2065 1782 τόν
2095 1729 2313 1797 Κύριον
2339 1728 2658 1800 ἐκέκραξα,
2698 1731 2869 1802 φωνῇ
2901 1750 3022 1804 μου
3047 1733 3197 1804 πρὸς
3222 1733 3330 1791 τὸν
3360 1727 3508 1793 Θεὸν

1823 1819 2098 1885 ἐδεήθην.
2137 1839 2158 1872 ι

438 2642 506 2698 α’.
543 2639 784 2712 Λαμπρά
829 2637 1046 2710 γέγονεν
1078 2639 1210 2709 ἡμῖν
1249 2637 1435 2714 χθέςή
1489 2639 1669 2706 πόλις,
1709 2641 1943 2713 λαμπρά

366 2729 460 2782 καὶ
495 2723 818 2796 περιφανὴς,
851 2729 952 2775 οὐκ
977 2721 1164 2792 ἐπειδὴ
1196 2721 1380 2783 κίονας
1412 2716 1576 2790 εἶχεν,
1607 2721 1722 2774 ἀλλ’
1755 2721 1939 2792 ἐπειδὴ

368 2811 620 2880 μάρτυρα
647 2803 998 2875 πομπεύοντα
1025 2803 1134 2858 ἀπὸ
1164 2803 1366 2856 Πόντου
1403 2802 1540 2874 πρὸς
1585 2805 1732 2875 ἡμᾶς
1764 2821 1938 2875 παρα.

363 2892 672 2962 γενόμενον.
696 2885 850 2942 Εἰδεν
877 2887 1032 2958 ὑμῶν
1051 2885 1150 2956 τὴν
1173 2885 1496 2955 φιλοξενίαν,
1523 2889 1618 2940 καὶ
1648 2887 1940 2958 ἐνέπλησεν

363 2976 508 3044 ὑμᾶς
533 2974 634 3043 τῆς
671 2971 921 3039 εὐλογίας
941 2985 954 2999 ·
996 2970 1256 3041 ἐπῄνεσεν
1290 2968 1444 3039 ὐμῶν
1473 2968 1572 3040 τὴν
1611 2970 1938 3042 προθυμίαν,

364 3060 457 3112 καὶ
478 3057 738 3127 εὐλόγησε
766 3055 892 3116 τοὺς
918 3052 1415 3124 παραγενομένους.
1447 3051 1788 3125 Ἐμακάρισα
1815 3053 1941 3117 τοὺς

363 3142 715 3204 συνελθόντας
745 3139 839 3193 καὶ
870 3137 1235 3209 μετασχόντας
1264 3134 1429 3190 αὐτοῦ
1459 3136 1560 3206 τῆς
1580 3136 1827 3201 εὐωδίας,
1849 3138 1942 3191 καὶ

360 3227 652 3280 ἐταλάνισα
684 3225 808 3286 τοὺς
845 3220 1269 3290 ἀπολειφθέντας
1297 3237 1310 3251 ο
1341 3219 1456 3273 ἀλλ’
1487 3221 1575 3274 ἵνα
1607 3220 1682 3291 μὴ
1711 3222 1744 3291 ἡ
1770 3220 1942 3290 ζημία

360 3307 542 3364 αὐτῶν
567 3306 784 3368 ἀνίατος
808 3304 1052 3374 γένηται,
1081 3302 1240 3356 πάλιν
1268 3304 1325 3356 ἐν
1348 3302 1509 3372 ἑτέρᾳ
1531 3303 1715 3374 ἡμέρᾳ
1739 3305 1943 3373 ἀνακη-

365 3395 628 3466 ρύττομεν
651 3391 834 3453 αὐτὸν,
865 3389 953 3442 ἴνα
983 3387 1077 3441 καὶ
1106 3388 1156 3439 οἱ
1203 3386 1616 3456 ἀπολειφθέντες
1645 3386 1733 3439 διά
1775 3385 1942 3458 ῥαθυ-

365 3479 492 3548 μίαν
518 3473 913 3527 διπλασιάσωσι
933 3472 1000 3540 τῇ
1027 3469 1230 3540 σπουδῇ
1259 3468 1358 3540 τὴν
1381 3469 1631 3537 εὐλογίαν
1663 3468 1762 3540 τὴν
1793 3469 1942 3538 παρά

358 3559 455 3613 τοῦ
486 3559 778 3630 μάρτυρος.
814 3557 879 3608 ‘0
911 3554 1010 3625 μὲν
1033 3553 1144 3624 γὰρ
1174 3553 1432 3616 πολλάκις
1464 3549 1638 3617 εἷπον,
1669 3553 1826 3606 τοῦτο
1849 3552 1944 3606 καὶ

359 3644 533 3712 λέγων
553 3641 614 3694 οὐ
641 3639 918 3710 παύσομαι
938 3653 953 3667 ·
977 3637 1078 3690 οὐκ
1109 3635 1338 3700 εὐθύνας
1369 3636 1586 3690 ἀπαιτῶ
1613 3637 1944 3707 ἁμαρτημά-

363 3745 509 3785 των,
544 3723 684 3778 ἀλλά
728 3725 841 3786 τοῖς
878 3718 1162 3774 ἀσθενοῦσι
1211 3719 1479 3790 φάρμακα
1527 3718 1940 3782 κατασκευάξω.

373 3807 732 3877 ’Δπελείφθης
757 3804 882 3875 χθές
904 3818 922 3868 ζ
954 3801 1264 3874 παραγενοῦ
1291 3799 1393 3854 κᾶν
1422 3801 1680 3872 σήμερον’
1713 3801 1797 3854 ἵνα
1828 3799 1945 3871 ἴδῃς

359 3892 522 3946 αὐτὸν
555 3891 636 3954 είς
666 3889 758 3942 τὸν
789 3887 987 3940 οἰκεῖον
1009 3883 1186 3956 χῶρον
1215 3883 1580 3954 ἀπαγόμενον.
1609 3877 1762 3945 Εἶδες
1781 3882 1939 3935 αὐτὸν

359 3974 449 4028 διὰ
479 3977 577 4044 τῆς
607 3972 813 4042 ἀγορᾶς
861 3968 1127 4038 ἀγόμενον
1153 3983 1168 4032 ;
1206 3965 1368 4036 βλέπε
1409 3965 1570 4018 αὐτὸν
1604 3966 1698 4018 καὶ
1727 3965 1816 4018 διά
1843 3964 1938 4018 τοῦ

361 4057 628 4124 πελάγους
662 4053 915 4114 πλέοντα,
943 4052 1032 4104 ἵνα
1057 4050 1293 4121 ἑκάτερα
1320 4047 1388 4102 τά
1413 4051 1648 4119 στοιχεῖα
1677 4048 1776 4118 τῆς
1808 4049 1938 4120 παρ’

362 4139 526 4192 αὐτοῦ
565 4136 812 4204 εὐλογίας
850 4133 1160 4204 ἐμπλησθῇ.

432 4221 636 4290 Μηδεὶς
687 4215 1146 4287 ἀπολιμπανέσθω
1180 4213 1282 4285 τῆς
1327 4215 1476 4286 ἱερᾶς
1545 4212 1749 4285 ταύτης
1811 4229 1940 4266 παν-

361 4302 644 4375 ηγύρεως·
679 4301 754 4372 μὴ
802 4298 1068 4369 παρθένος
1111 4297 1249 4349 οίκοι
1281 4297 1519 4367 μενέτω,
1555 4296 1630 4367 μὴ
1662 4295 1797 4366 γυνὴ
1841 4296 1939 4364 τὴν

361 4388 538 4440 οἰκίαν
571 4385 866 4455 κατεχέτω,
888 4382 1214 4452 κενώσωμεν
1235 4381 1335 4451 τὴν
1367 4379 1542 4442 πόλιν,
1571 4380 1665 4433 καὶ
1691 4379 1825 4449 πρὸς
1850 4377 1940 4430 τὸν

361 4472 532 4539 τάφον
559 4469 653 4522 τοῦ
691 4469 965 4538 μάρτυρος
1025 4463 1479 4536 μεθορμίσωμεν·
1534 4465 1630 4516 καὶ
1685 4462 1794 4533 γὰρ
1846 4462 1940 4515 καὶ

364 4554 602 4624 βασιλεῖς
640 4554 792 4620 κοινῇ
831 4547 950 4620 μεθ’
975 4547 1130 4620 ήμῶν
1160 4545 1463 4617 χορεύουσι.
1499 4544 1666 4599 Ποίαν
1689 4541 1781 4599 οὖν
1812 4562 1940 4614 συγ-

362 4635 588 4707 γνώμην
621 4634 732 4705 ἕχει
761 4636 789 4687 6
816 4634 1031 4701 ἰδιώτης
1054 4671 1069 4693 ,
1103 4629 1368 4701 βασιλέων
1397 4629 1496 4691 τὰς
1528 4627 1811 4697 βασιλικάς
1841 4628 1939 4681 αὐ-

361 4721 458 4784 λάς
491 4719 1002 4790 καταλιμπανόντων
1029 4753 1044 4775 .
1080 4716 1174 4769 καὶ
1204 4713 1281 4784 τῷ
1329 4714 1485 4782 τάφῳ
1523 4712 1616 4766 τοῦ
1667 4714 1940 4785 μάρτυρος

362 4803 841 4875 παρακαθημένων
868 4818 882 4866 ;
915 4799 1147 4869 Τοιαύτη
1180 4799 1287 4867 γὰρ
1320 4797 1427 4850 τῶν
1461 4795 1752 4868 μαρτύρων
1783 4797 1816 4866 ή
1859 4795 1942 4848 δύο

361 4907 562 4959 ναμις,
601 4887 677 4950 ώς
727 4888 801 4957 μὴ
845 4887 1002 4955 μόνον
1051 4884 1178 4947 τούς
1225 4881 1474 4946 ἰδιώτας,
1511 4880 1647 4933 ἁλλά
1698 4880 1941 4944 καὶτοὺς

360 4973 431 5025 τὰ
459 4971 765 5041 διαδήματα
803 4968 1101 5040 φοροῦντας
1137 4962 1486 5034 σαγηνεύειν·
1521 4962 1659 5031 αὐτη
1685 4962 1792 5015 τῶν
1832 4963 1940 5015 Ἐλ-

361 5054 537 5124 λήνων
564 5054 596 5124 η
631 5051 880 5120 αἰσχύνη,
909 5048 1048 5118 αὕτη
1073 5048 1170 5118 τῆς
1199 5045 1405 5115 πλάνης
1426 5044 1604 5097 αὐτῶν
1634 5045 1694 5097 16
1717 5044 1936 5108 ὄνειδος,

363 5138 504 5208 αὒτη
551 5137 660 5189 τῶν
709 5135 980 5205 δαιμόνων
1025 5134 1060 5202 ἡ
1113 5129 1518 5199 ἐξολόθρευσις·
1547 5128 1685 5197 αὐτη
1716 5128 1872 5198 ήμῶν
1904 5130 1939 5200 ή

361 5222 610 5289 εὐγένεια
635 5263 649 5285 ,
686 5217 906 5288 καὶτῆς
947 5213 1276 5278 Ἐκκλησίας
1315 5213 1344 5264 6
1397 5209 1679 5279 στέφανος.
1722 5210 1946 5282 Χορεύω

366 5305 505 5376 μετά
531 5301 844 5376 μαρτύρων,
881 5300 974 5353 καὶ
1001 5295 1238 5369 σκιρτῶ,
1265 5294 1384 5348 ἀντί
1411 5292 1695 5376 λειμώνων
1734 5293 1948 5363 βλέπων

363 5371 544 5441 αὐτῶν
569 5371 631 5440 16
661 5371 940 5458 τρόπαιον,
972 5382 1054 5436 ὅτι
1079 5379 1200 5434 ἀντὶ
1223 5376 1416 5449 πηγῶν
1456 5371 1596 5446 αἷμα
1625 5376 1812 5448 ἐρρεον
1832 5393 1847 5408 ·
1881 5377 1949 5431 τὰ

362 5472 497 5524 δστᾶ
531 5469 711 5524 αὐτῶν
755 5465 1066 5537 ἐδαπανήθη
1091 5499 1106 5526 ,
1149 5462 1244 5516 καὶ
1290 5461 1324 5532 ἡ
1372 5459 1563 5530 μνήμη
1609 5459 1788 5512 αὐτῶν
1828 5459 1950 5514 καθ’

363 5554 601 5623 ἑκάστην
626 5552 840 5623 ἡμέραν
864 5547 1175 5621 νεαρωτέρα
1203 5545 1436 5614 γίνεται.
1477 5543 1685 5616 Ὠσπερ
1713 5542 1822 5615 γὰρ
1855 5543 1946 5596 τὸν

361 5636 514 5707 ήλιον
542 5636 822 5706 ἀμήχανον
859 5631 1170 5702 σϐεσθῆναι,
1196 5625 1338 5681 οὕτω
1362 5625 1456 5680 καί
1482 5625 1703 5697 μνήμην
1735 5625 1946 5697 μαρτύ-

370 5735 476 5791 ρων
496 5735 509 5747 ·
540 5719 700 5783 αὐτὸς
731 5717 842 5790 γὰρ
887 5717 916 5770 6
944 5713 1175 5785 Χριστος
1203 5709 1554 5779 ἀπεφήνατοο
1601 5709 1652 5758 '0
1685 5709 1945 5778 οὐρανὸς

2041 2641 2140 2696 κ(ιί
2167 2643 2205 2711 ἡ
2239 2641 2315 2712 γῆ
2355 2645 2850 2714 παρελεύσονται,
2881 2649 2936 2702 οι
2957 2647 3026 2702 δὲ
3060 2649 3226 2719 λόγοι
3264 2666 3387 2720 μου
3415 2651 3489 2705 οὐ
3526 2651 3615 2721 μὴ

2040 2724 2440 2794 παρέλθωσιν.
2484 2729 2647 2784 Ἀλλά
2692 2729 2785 2784 τοῦ
2816 2730 2913 2801 μὲν
2949 2730 3222 2802 μάρτυρος
3253 2731 3324 2784 τά
3366 2731 3619 2802 ἐγκώμια

2041 2809 2120 2871 εἰς
2165 2807 2256 2862 τὸν
2289 2811 2635 2882 προσήκοντα
2679 2810 2869 2883 καιρὸν
2921 2813 3332 2883 ἀναμείνωμενο
3385 2818 3480 2868 καλ⁵
3508 2816 3618 2884 γάρ

2042 2891 2134 2943 καί⁹
2165 2890 2335 2944 ταῦτα
2377 2893 2687 2964 ἀρκούντως
2715 2895 2930 2964 εἴρηται
2969 2894 3057 2948 διά
3088 2895 3186 2967 τὴν
3235 2897 3468 2968 σπουδήν
3509 2897 3619 2950 τῶν

2040 2972 2363 3052 ὀφειλόντων
2402 2977 2748 3048 συναχθῆναι,
2799 2977 2894 3030 καὶ
2941 2978 3215 3048 περιφανῆ
3266 2979 3488 3050 ποιῆσαι
3520 2980 3619 3050 τὴν

2041 3055 2253 3126 ἡμέραν
2280 3055 2380 3126 τῆς
2409 3059 2622 3130 ἑορτῆς.
2656 3056 2808 3131 [705]
2855 3062 2919 3112 ’Ὀ
2954 3059 3053 3130 μὲν
3083 3060 3191 3133 γὰρ
3225 3062 3317 3114 καὶ
3345 3062 3470 3132 χθὲς
3502 3061 3618 3114 ἕλε-

2041 3154 2158 3205 γον,
2191 3139 2282 3191 καὶ
2321 3139 2558 3212 σήμερον
2593 3141 2752 3195 πάλιν
2786 3141 2964 3211 λέγω,
3002 3141 3080 3214 τῷ
3112 3144 3209 3214 μὲν
3260 3145 3494 3216 μάρτυρι
3525 3144 3620 3197 οὐ-

2041 3219 2203 3290 δεμία
2226 3219 2350 3287 δόξα
2374 3223 2482 3274 ἀπὸ
2505 3222 2596 3294 τῆς
2629 3223 2737 3276 τῶν
2759 3223 2966 3278 πολλῶν
2993 3225 3288 3296 παρουσίας
3311 3227 3618 3297 γενήσεται,

2043 3301 2171 3372 ὑμῖν
2223 3303 2280 3355 δὲ
2337 3302 2538 3357 πλείων
2569 3304 2722 3358 ἔσται
2762 3307 2796 3378 ή
2837 3307 3054 3374 εὐλογία
3088 3308 3196 3361 ἀπὸ
3243 3308 3336 3361 τοῦ
3372 3326 3620 3381 παραγε-

2043 3384 2227 3437 νέσθαι
2261 3385 2396 3457 πρὸς
2427 3386 2518 3440 16v
2579 3388 2850 3459 μάρτυρα.
2885 3390 3096 3460 ’Ὠσπερ
3128 3391 3237 3461 γάρ
3284 3393 3313 3445 6
3365 3393 3501 3461 πρὸς
3529 3392 3621 3445 τὸν

2041 3467 2192 3537 ἥλιον
2219 3467 2430 3538 βλέπων
2456 3469 2516 3522 16
2538 3469 2638 3541 μὲν
2662 3471 2859 3542 ἄστρον
2891 3471 3241 3545 φαιδρότερον
3265 3474 3325 3526 οὐ
3361 3477 3523 3537 ποιεῖ,
3552 3475 3622 3528 τά

2043 3549 2100 3603 δὲ
2123 3551 2298 3604 οἰκεῖα
2343 3552 2566 3628 ὄμματα
2598 3553 2933 3623 καταυγάζει
2959 3571 2974 3585 ·
3011 3555 3152 3609 οὕτω
3183 3556 3247 3628 δή
3282 3559 3376 3611 καὶ
3424 3559 3452 3610 6
3477 3557 3621 3628 μάρ-

2042 3648 2184 3702 τυρα.
2217 3634 2425 3702 τιμῶν,
2467 3627 2670 3689 ἐκεῖνον
2726 3636 3108 3710 λαμπρότερον
3162 3627 3243 3690 οὐ
3281 3627 3621 3699 ποιεῖ,γὰλλ⁹

2044 3714 2207 3778 αὐτὸς
2256 3715 2385 3786 παρ’
2418 3716 2626 3770 ἐκείνου
2676 3719 2775 3789 τὴν
2823 3719 3077 3787 εὐλογίαν
3128 3718 3224 3773 τοῦ
3275 3721 3452 3790 φωτὸς
3501 3723 3622 3774 ἐπι-

2047 3812 2272 3850 σπαται.

2119 3879 2441 3949 Ποιήσωμεν
2491 3880 2654 3934 πάλιν
2687 3881 2786 3953 τὴν
2829 3882 3096 3937 θάλατταν
3134 3882 3428 3952 ἐκκλησίαν
3485 3884 3622 3954 μετά

2047 3962 2340 4032 λαμπάδιον
2369 3963 2599 4029 ἐξιόντες
2630 3966 2830 4030 ἐκεῖσε,
2847 3969 2941 4020 καὶ
2967 3967 3028 4019 16
3055 3966 3165 4038 πῦρ
3190 3966 3618 4037 ἐνυγραίνοντες,

2047 4046 2140 4097 καὶ
2172 4044 2232 4098 16
2258 4043 2400 4116 ὕδωρ
2426 4047 2848 4117 ἐμπιμπλῶντες
2881 4050 3072 4121 πυρός.
3114 4049 3321 4119 Μηδεὶς
3354 4049 3623 4118 φοϐείσθω

2045 4130 2107 4183 16
2129 4129 2366 4198 πέλαγος
2386 4148 2398 4160 ·
2435 4132 2463 4183 6
2489 4131 2698 4203 μάρτυς
2735 4133 2963 4186 θάνατον
2996 4135 3097 4187 οὐκ
3135 4133 3373 4204 ἐφοϐήθη
3393 4172 3408 4197 ,
3439 4135 3529 4186 καὶ
3557 4135 3620 4187 σύ

2045 4212 2107 4266 16
2148 4212 2290 4284 ὕδωρ
2321 4212 2597 4280 δέδοικας;
2640 4215 2800 4269 Ἀλλά
2832 4216 3019 4270 τοῦτον
3069 4217 3168 4288 μὲν
3210 4217 3498 4286 αὐτάρκως
3531 4217 3623 4271 τὸν

2045 4295 2200 4364 λόγον
2234 4297 2534 4367 εἰρήκαμεν
2555 4314 2567 4328 ·
2598 4297 2731 4367 φέρε
2763 4297 2826 4369 δὴ
2860 4300 2953 4352 καὶ
2979 4301 3044 4352 ἐκ
3076 4299 3184 4352 τῶν
3211 4301 3446 4372 σήμερον
3474 4301 3624 4372 εἰρη-

2050 4378 2226 4449 μένων
2256 4380 2354 4450 τὴν
2397 4378 2649 4433 εἰωθυῖαν
2699 4379 2828 4451 ὑμῖν
2867 4381 3203 4453 παραθῶμεν
3235 4382 3533 4454 τράπεζαν.
3561 4383 3623 4435 Εἰ

2046 4461 2157 4533 γὰρ
2195 4461 2287 4514 καὶ
2339 4465 2749 4533 στενοχωρεϊται
2793 4463 2949 4534 ήμῶν
2981 4464 3050 4517 τά
3083 4464 3329 4535 σώματα,
3358 4465 3470 4518 ἀλλ’
3498 4465 3626 4518 ἀνα-

2048 4543 2366 4614 πτερούσθω
2414 4547 2447 4612 ή
2497 4544 2740 4598 διάνοια·
2790 4546 2911 4598 οὐδὲ
2959 4547 3067 4617 γάρ
3118 4549 3215 4618 τήν
3266 4548 3625 4618 στενοχωρίαν

2047 4625 2222 4697 ὐμῶν,
2247 4627 2380 4680 ἀλλὰ
2403 4627 2500 4698 τὴν
2539 4626 2849 4698 προθυμίαν
2884 4628 3086 4698 βλέπω.
3130 4629 3256 4683 Ἦδύ
3291 4632 3383 4683 καὶ
3431 4629 3628 4701 κυϐερο

2047 4711 2184 4783 νήτῃ
2215 4709 2452 4763 θάλαττα
2483 4711 2868 4781 κυματουμένη
2889 4752 2902 4774 ,
2955 4712 3049 4764 καὶ
3090 4711 3392 4786 διδασκάλῳ
3423 4714 3624 4786 ἐκκλη-

2049 4794 2137 4847 σία
2165 4792 2566 4864 πελαγιζομὲνη
2587 4812 2600 4825 ·
2631 4795 2693 4847 οὐ
2717 4795 2825 4865 γάρ
2846 4797 2993 4847 ἐστιν
3021 4798 3079 4850 ἐν
3101 4798 3212 4860 τοῖς
3243 4796 3398 4850 ὕδασι
3417 4797 3628 4861 τούτοις

2046 4876 2170 4931 οὐτε
2211 4875 2392 4947 ἅλμη,
2439 4875 2563 4930 οὐτε
2608 4878 2900 4941 σκόπελος,
2953 4877 3074 4932 οὐτε
3116 4878 3315 4947 θηρία,
3351 4881 3486 4935 ἀλλά
3530 4881 3628 4935 θά-

2045 4959 2214 5014 λαττα
2253 4959 2346 5012 καὶ
2392 4959 2626 5028 πέλαγος
2672 4959 2841 5028 γέμον
2883 4961 3113 5026 εὐωδίας
3139 4978 3153 4994 ο
3190 4962 3422 5018 ἐνταῦθα
3469 4963 3628 5017 πλοῖα

2046 5043 2146 5096 οὐκ
2170 5043 2278 5130 ἀπὸ
2304 5043 2406 5114 γῆς
2429 5045 2514 5130 είς
2550 5042 2677 5130 γῆν,
2713 5043 2827 5097 ἀλλ’
3004 5045 3109 5116 γῆς
3137 5047 3216 5130 είς
3239 5047 3468 5130 οὐρανὸν
3495 5048 3628 5130 μεθ-

2047 5124 2415 5197 ορμιζόμενα,
2463 5125 2524 5178 οὐ
2581 5127 2838 5197 χρήματα
2877 5126 3102 5198 ἔχοντα,
3143 5128 3204 5182 οὐ
3241 5124 3472 5200 χρυσὸν,
3505 5129 3626 5183 οὐδὲ

2049 5208 2287 5283 ἄργυρον
2305 5248 2320 5273 ,
2353 5208 2490 5262 ἀλλά
2522 5207 2704 5262 πίστιν
2727 5248 2742 5274 ,
2772 5210 2865 5263 καί
2890 5211 3110 5283 ἀγάπην
3133 5252 3148 5277 ,
3191 5213 3284 5266 καὶ
3313 5212 3496 5282 ζῆλον.
3531 5211 3625 5264 καὶ

2052 5292 2260 5361 σοφίαν.

2125 5377 2188 5446 β’.
2217 5375 2355 5440 Φέρε
2377 5376 2440 5448 δὴ
2464 5375 2642 5430 τοίνυν
2661 5375 2799 5446 μετά
2818 5376 3101 5449 ἀκριϐείας
3123 5377 3346 5448 ἐφίεμεν
3372 5378 3432 5430 1‘6
3446 5375 3628 5430 πλοῖον

2058 5461 2324 5532 μηδέποτε
2371 5459 2740 5531 ἀπολλύμενον
2764 5498 2784 5522 .
2839 5460 2973 5531 μηδέ
3022 5461 3276 5529 ναυάγιον
3334 5460 3624 5532 ὑπομένον.

2067 5542 2227 5596 Ἀλλά
2275 5542 2573 5615 προσέχετε
2603 5541 2742 5614 μετά
2769 5542 3056 5612 ἀκριϐείας
3083 5545 3195 5607 τοῖς
3225 5542 3536 5614 λεγομένοις
3554 5562 3568 5576 ο
3602 5546 3634 5598 6

2051 5627 2159 5697 γὰρ
2186 5626 2399 5698 ψαλμδς
2427 5627 2578 5698 ἡμᾶς
2611 5618 2848 5697 σήμερον
2876 5625 2958 5687 εἰς
2983 5624 3289 5696 παράταξιν
3313 5625 3498 5696 ἐξάγει
3526 5627 3636 5683 τῶν

2049 5710 2344 5782 αἰρετικῶν
2363 5753 2378 5774 ,
2409 5710 2509 5780 οὐχ
2549 5709 2637 5764 ῖνα
2659 5709 2862 5773 αὐτοὺς
2891 5707 3132 5775 ἑστῶτας
3163 5709 3484 5782 βάλλωμεν,
3523 5711 3635 5771 ἀλλ’
