4080 6198
429 335 528 393 701

431 453 522 509 ἵνα
565 447 850 520 κειμένους
887 445 1284 518 ἀναστήσωμεν
1307 459 1322 476 ο
1368 443 1606 508 τοιοῦτος
1653 442 1761 516 γὰρ
1803 439 1959 512 ἡμῶν
1983 441 2012 493 6

425 533 694 603 πόλεμος·
727 531 828 584 οὐκ
869 530 976 582 ἀπὸ
1025 527 1242 594 ζώντων
1279 529 1508 598 νεκροὺς
1531 527 1856 600 ἐργάζεται,
1897 524 2010 578 ἀλλ’

427 617 538 670 ἀπὸ
581 613 794 686 νεκρῶν
827 611 1034 676 ζῶντας
1067 609 1466 672 κατασκευάζει
1493 651 1506 674 ,
1535 608 1872 680 ἡμερότητος
1920 607 2011 675 γέ-

429 718 546 771 μων
591 699 688 754 καὶ
749 695 948 765 πολλῆς
1001 694 1100 763 τῆς
1153 693 1475 756 ἐπιεικείας.
1527 694 1601 746 06
1651 692 1760 762 γὰρ
1803 689 2012 744 ἐλαύνω

427 783 730 854 πράγματι,
790 777 925 832 ἀλλά
956 776 1035 849 τῷ
1068 777 1213 848 λόγῳ
1248 775 1430 830 διώκω
1453 817 1469 842 ,
1503 777 1564 830 οὐ
1597 777 1688 830 τὸν
1713 775 2008 846 αἱρετικδν,

426 867 562 920 ἀλλά
613 865 712 934 τὴν
745 863 959 934 αἵρεσιν
983 901 998 924 ,
1031 861 1093 912 ού
1137 860 1229 912 τὸν
1263 859 1544 930 ἄνθρωπον
1573 857 2008 930 ἀποστρέφομαι,

423 949 560 1003 ἀλλά
587 949 684 1020 τὴν
707 945 915 1016 πλάνην
947 937 1112 1014 μισῶ,
1147 943 1242 996 καὶ
1263 941 1674 996 ἐπισπάσασθαι
1703 941 1964 1012 βούλομαι
1991 956 2005 970 ·

421 1034 522 1086 οὐκ
564 1031 672 1103 ἔχω
702 1031 937 1100 πόλεμον
989 1027 1126 1098 πρὸς
1159 1027 1348 1080 οὐσίαν
1374 1044 1387 1058 ·
1421 1025 1557 1080 Θεοῦ
1605 1027 1714 1097 γάρ
1762 1025 1921 1096 ἔργον
1975 1026 2008 1096 ἡ

418 1117 578 1169 οὐσία
597 1133 610 1146 ο
639 1113 777 1168 ἀλλά
796 1112 894 1184 τὴν
931 1110 1158 1182 γνώμην
1197 1110 1589 1182 διορθώσασθαι
1631 1109 1916 1180 βούλομαι,
1942 1108 2008 1180 ἣν

418 1198 724 1269 διέφθειρεν
767 1199 794 1250 6
844 1195 1110 1257 διάϐολος.
1143 1192 1301 1248 Οὕτω
1353 1194 1448 1247 καὶ
1507 1193 1687 1264 ἰατρὸς
1727 1193 2008 1265 ἄρρωστον

420 1280 740 1353 θεραπεύων
761 1320 776 1346 ,
804 1279 864 1332 ού
894 1278 972 1348 τῷ
1004 1276 1218 1347 σώματι
1247 1275 1493 1346 πολεμεῖ,
1533 1275 1669 1330 άλλά
1698 1276 1792 1329 τοῦ
1821 1275 2006 1346 σώμα-

416 1380 510 1428 τος
537 1363 636 1434 τὴν
665 1363 864 1416 κακίαν
903 1361 1137 1432 ἀναιρεῖ.
1165 1357 1338 1426 Κάγὼ
1373 1359 1552 1412 τοίνυν
1587 1357 1684 1412 ἐὰν
1713 1357 2006 1430 πολεμήσω

417 1449 748 1518 αἰρετικοῖς,
775 1447 872 1498 ούκ
903 1445 1089 1506 αὐτοῖς
1113 1445 1226 1506 τοῖς
1255 1441 1566 1514 ἀνθρώποις
1601 1441 1843 1512 πολεμῶ,
1871 1442 2006 1496 ἀλλά

415 1533 517 1604 τὴν
547 1531 756 1602 πλάνην
777 1529 1027 1584 ἐκϐαλεῖν
1057 1527 1338 1598 βούλομαι,
1367 1527 1463 1580 καὶ
1489 1527 1590 1598 τὴν
1619 1527 1886 1598 σηπεδόνα
1917 1527 2008 1580 ἐκ-

417 1615 676 1687 καθᾶραι.
715 1613 870 1684 Ἐμοὶ
911 1612 1032 1675 ἔθος
1065 1612 1183 1664 ἐστὶ
1212 1609 1506 1664 διώκεσθαι
1535 1610 1630 1663 καὶ
1667 1609 1742 1681 μὴ
1766 1609 2003 1677 διώκειν,

416 1697 737 1752 ἐλαύνεσθαι
766 1696 860 1748 καὶ
897 1693 971 1764 μὴ
1009 1692 1270 1746 ἐλαύνειν.
1296 1693 1452 1747 Οὕτω
1475 1693 1570 1746 καὶ
1589 1695 1618 1746 6
1642 1692 1878 1763 Χριστὸς
1906 1711 2006 1744 πε-

417 1781 690 1852 ριεγένετο
715 1819 730 1842 ,
762 1779 824 1832 ού
859 1777 1212 1850 σταυρώσας,
1249 1776 1388 1830 ἀλλὰ
1419 1776 1782 1846 σταυρωθεὶς,
1823 1775 1886 1828 06
1917 1777 2006 1844 pcr-

414 1861 782 1928 πίσας,ἀλλά
831 1859 1135 1932 ραπισθείς.
1189 1862 1256 1914 El
1289 1859 1407 1928 μὲν
1453 1856 1652 1926 κακῶς
1704 1858 2003 1927 ἐλάλησα,

414 1947 570 2018 φησί,
593 1945 988 2016 μαρτύρησον
1015 1942 1148 2010 περὶ
1180 1942 1288 1996 τοῦ
1317 1941 1507 1996 κακοῦ
1527 1958 1542 1973 ·
1571 1945 1624 1996 εἰ
1661 1941 1731 1995 δὲ
1781 1942 2002 2008 καλῶς,

413 2031 474 2084 τί
495 2047 573 2100 με
594 2029 786 2098 δέρεις
809 2044 827 2092 ;
865 2027 924 2080 '0
951 2025 1226 2096 Δεσπότης
1251 2025 1351 2095 τῆς
1377 2023 1702 2098 οἰκουμένης
1730 2025 1809 2096 τῷ
1833 2025 2004 2096 δούλῳ

413 2113 509 2168 τοῦ
536 2111 839 2184 ἀρχιερέως
874 2109 1246 2177 ἀπολογεῖται,
1280 2109 1376 2162 καὶ
1407 2108 1692 2179 ῥαπισθεὶς
1723 2106 1785 2162 16
1808 2109 2002 2180 στόμα,

412 2199 536 2252 ὃθεν
562 2197 753 2268 ἐξῆλθε
781 2195 952 2266 ῥῆμα,
999 2193 1094 2246 καὶ
1133 2191 1231 2263 τὴν
1255 2192 1524 2246 θάλατταν
1549 2191 1844 2263 ἐχαλίνωσε
1866 2233 1880 2256 ,
1909 2195 2004 2248 καίΙ

413 2281 786 2352 τετραήμερον
817 2273 1070 2346 Λάζαρον
1097 2275 1162 2328 ἐκ
1189 2275 1400 2346 νεκρῶν
1444 2277 1664 2348 ήγειρεν
1689 2291 1704 2308 ·
1741 2275 1863 2330 ὅθεν
1900 2294 2000 2330 κα-

414 2363 509 2416 κία
541 2361 969 2434 ἐδραπέτευσεν,
1015 2357 1140 2412 ὅθεν
1169 2359 1452 2428 νοσήματα
1483 2359 1576 2412 καὶ
1631 2360 2004 2430 ἁμαρτήματα

411 2445 600 2500 ἐλύετο
618 2459 632 2473 ·
681 2443 842 2498 τοῦτο
867 2441 963 2496 τοῦ
985 2441 1396 2514 σταυρωθέντος
1423 2441 1484 2494 16
1513 2441 1718 2512 θαῦμα.
1757 2445 1867 2497 Καὶ
1893 2443 2002 2515 γὰρ

409 2528 706 2598 δυνάμενος
738 2525 1003 2598 κεραυνὸν
1023 2526 1240 2594 ἀφεῖναι
1260 2565 1274 2590 ,
1305 2525 1399 2578 καὶ
1418 2523 1519 2596 τὴν
1551 2528 1656 2598 γῆν
1679 2529 1875 2592 σεῖσαι,
1907 2530 2003 2581 καὶ

412 2611 565 2685 [706]
593 2611 691 2683 τὴν
723 2613 878 2683 χεῖρα
922 2608 1018 2664 τοῦ
1065 2608 1252 2662 δούλου
1303 2609 1566 2680 ξηρᾶναι,
1609 2609 1761 2663 οὐδὲν
1798 2610 2004 2666 τούτων

411 2696 692 2768 ἐποίησεν,
729 2693 866 2750 ἀλλά
897 2693 1362 2760 κανάπσλογεῖται
1380 2733 1394 2758 ,
1429 2691 1526 2747 καί¹
1552 2693 1818 2765 πραότητι
1847 2709 2004 2768 περι-

408 2781 616 2850 γίνεται
641 2823 654 2842 ,
682 2779 741 2832 σὲ
770 2777 1054 2833 παιδεύωνι
1069 2775 1356 2848 ἄνθρωπον
1393 2775 1536 2830 ὄντα·
1571 2776 1836 2848 μηδέποτε
1861 2781 2000 2848 ἀγα-

408 2867 658 2918 νακτεῖν·
699 2862 806 2918 κᾶν
840 2859 1202 2932 σταυρωθῇς,
1252 2859 1358 2913 κᾶν
1393 2860 1646 2932 ῥάπισμα
1685 2861 1891 2936 λάϐῃς..
1933 2863 2002 2917 τά

407 2947 550 3002 αύτά
581 2947 670 3000 ἵνα
711 2947 878 3020 λέγῃς
909 2945 985 3008 ὡς
1029 2945 1058 2996 6
1089 2943 1368 3015 Δεσπότης
1403 2959 1522 2996 σου·
1561 2944 1775 3014 Εἰμὲν
1804 2945 2002 3013 κακῶς

408 3031 710 3100 ἐλάλησα;
736 3031 1132 3100 μαρτύρησον
1165 3027 1300 3096 περὶ
1329 3027 1437 3081 τοῦ
1466 3029 1656 3084 κακοῦ
1677 3045 1690 3060 ·
1721 3031 1774 3084 εἰ
1804 3029 1872 3083 δὲ
1900 3047 2002 3084 κα·-

407 3111 532 3178 λῶς
553 3155 567 3178 ,
595 3115 654 3166 τί
678 3130 764 3183 με.
809 3111 1037 3182 δέρεις;
1065 3111 1174 3164 Καὶ
1205 3111 1306 3182 ὅρα
1337 3109 1522 3164 αὐτοῦ·
1551 3111 1648 3183 τὴν
1693 3111 2001 3184 φιλανθρω-

405 3197 558 3260 πίαν,
593 3197 712 3262 πιῖις
737 3197 938 3268 τὰμὲν
967 3195 1074 3249 τῶν
1103 3194 1305 3249 δούλων
1337 3193 1572 3262 ἐκδικεῖ,
1613 3195 1682 3250 τὰ
1714 3196 1772 3249 δὲ
1805 3195 1998 3250 ἐαυτοῦ

407 3280 766 3352 παρατρέχει.
815 3279 1065 3348 Ἐγένετό
1092 3279 1175 3342 τίς
1200 3295 1332 3331 ποτε
1361 3279 1648 3350 προφήτης
1667 3319 1682 3344 ,
1719 3279 1813 3333 καὶ
1843 3279 1998 3349 βασι·-

406 3363 504 3416 λέα
545 3363 848 3418 ἀσεϐοῦντα
887 3363 1138 3433 διήλεγχε
1161 3401 1176 3428 ,
1213 3361 1312 3415 καῖ
1348 3359 1518 3414 ἐλθών
1567 3379 1728 3433 φησι·
1779 3365 1999 3417 Θυσια-

406 3446 698 3516 στήριον,
731 3445 1199 3513 θυσιαστήριον,
1251 3443 1540 3498 ἄκουσον.
1583 3443 1801 3516 Ἐπειδὴ
1832 3445 1940 3516 γὰρ
1969 3447 1998 3499 6

410 3529 665 3600 βασιλεὺς
707 3527 992 3600 Ἱεροϐοὰμ
1021 3528 1265 3599 εἱστήκει
1303 3529 1416 3590 τοῖς
1442 3525 1682 3590 εἰδώλοις
1709 3527 1996 3599 ἀναφέρων

407 3612 600 3666 θυσίαν
623 3652 638 3676 ,
665 3610 844 3665 ἐλθὼν
878 3613 906 3666 6
942 3612 1228 3682 προφήτης
1359 3609 1736 3682 θυσιαστηρίῳ.
1757 3611 2000 3682 διαλέγε-

403 3712 518 3750 ται.
549 3695 630 3748 Τί’
663 3697 874 3760 ποιεῖς,
909 3689 953 3748 ὦ
985 3695 1240 3767 προφῆτα
1253 3709 1276 3760 ;'
1310 3693 1402 3748 τὸν
1443 3693 1726 3764 ἄνθρωπον
1755 3695 1991 3766 ἀφῆκας,

407 3780 504 3834 καὶ
542 3779 622 3850 τῷ
677 3779 1046 3851 θυσιαστηρίῳ
1101 3777 1362 3852 διαλέγῃ;
1409 3778 1556 3841 Ναὶ,
1593 3779 1746 3850 φησίι
1773 3779 1873 3833 Διά
1900 3781 1991 3849 τίς

418 3863 640 3935 Ἐπειδὴ
668 3863 836 3918 λίθου
869 3862 1322 3935 ἀπισθητότερος
1371 3863 1399 3916 6
1428 3861 1713 3934 ἄνθρωπος
1758 3864 1990 3932 ἐγένετο,

405 3948 614 4000 ἐκεῖνον
650 3947 892 4017 ἀφίημι,
931 3947 1026 4000 καὶ
1059 3945 1236 4016 τούτῳ
1278 3944 1627 4016 διαλέγομαι,
1676 3946 1763 4002 ἶνα
1793 3949 1991 4021 μάθῃς,

403 4029 486 4082 ὅτι
537 4032 578 4083 ὁ.
617 4028 772 4094 λίθος,
803 4029 1027 4093 ἀκούει,
1087 4029 1186 4083 καῖ
1230 4031 1258 4083 6
1320 4027 1604 4100 ἄνθρωπος
1651 4031 1750 4084 οὐκ
1783 4031 1986 4087 ἀκούει.

409 4113 707 4167 Ἄκουσον
727 4153 744 4178 ,
784 4113 1253 4182 θυσιαστήριον,
1306 4111 1576 4166 ἄκουσον
1599 4154 1628 4176 ,.
1657 4115 1751 4166 καὶ
1793 4115 1992 4180 εύθέως

405 4195 616 4267 ἐρράγη
649 4197 712 4250 16
743 4195 1148 4267 θυσιαστήριον.
1191 4195 1451 4262 Ἐξέτεινε
1495 4197 1592 4267 τὴν
1623 4201 1788 4268 χεῖρα·
1825 4199 1990 4252 αὐτοῦ

401 4281 433 4331 6
465 4278 738 4348 βασιλεὺς,
768 4279 961 4334 πιάσαι
978 4281 1068 4334 τὸν
1093 4282 1378 4350 προφήτην
1405 4278 1747 4349 βουλόμενος,
1775 4283 1870 4336 καὶ
1891 4287 1991 4336 οὑκ

403 4360 638 4430 ⁴ἠδύνατο
681 4363 955 4416 συστεῖλαι
1001 4363 1190 4433 αὐτήν.
1230 4363 1394 4434 Ὀρᾷς
1421 4363 1508 4418 ὅτι
1557 4363 1757 4432 μᾶλλον
1803 4365 1863 4418 16
1907 4365 1994 4418 θυ-

405 4447 722 4518 σιαστήριον
753 4447 984 4516 ἤκουσεν
1011 4486 1025 4506 ,
1053 4447 1088 4516 ἢ
1119 4449 1148 4499 6
1191 4445 1476 4518 βασιλεύς;
1508 4449 1638 4518 ὁρᾷς
1667 4450 1748 4502 ὅτι
1783 4449 1876 4502 τὸν
1907 4448 1992 4503 λο-

403 4529 559 4597 γικὸν
603 4529 782 4599 ἀφῆκε
801 4571 817 4594 ,
859 4529 952 4584 καὶ
983 4527 1064 4600 τῷ
1088 4529 1268 4601 ἀλόγῳ
1284 4530 1588 4598 διαλέγεται
1614 4531 1747 4596 ,ἵνα
1775 4533 1862 4587 διὰ
1890 4533 1990 4604 τῆς

404 4613 598 4666 τούτου
631 4614 890 4684 ὑπακοῆς.
905 4616 1003 4683 τὴν
1033 4615 1248 4668 ἐκείνου
1280 4615 1640 4684 ἀναισθησίαν
1671 4618 1761 4671 καί⁸
1793 4621 2010 4674 κακίαν-

401 4697 798 4769 διορθώσηταιις
844 4699 1085 4770 Ἐρῤἀγη
1111 4699 1170 4751 τὸ
1197 4699 1600 4770 θυσιαστήριον,
1631 4703 1726 4754 καὶ
1759 4703 1792 4773 ἡ
1823 4705 1989 4756 κακία

405 4781 502 4835 τοῦ
528 4782 793 4852 βασιλέως
813 4785 914 4836 οὐκ
935 4785 1166 4856 ἐρράγη.
1205 4783 1344 4836 Ἀλλ’
1372 4785 1480 4854 ὅρα,
1510 4784 1948 4856 τὸ-γεγενημένον
1972 4805 1986 4818 ο

403 4865 642 4930 ἐξέτεινε
683 4868 780 4936 τὴν
809 4869 964 4938 χεῖρα
1001 4868 1030 4918 6
1065 4865 1528 4936 βασιλεὺςλαϐεῖν
1561 4867 1650 4920 τὸν
1684 4875 1987 4940 προφήτην,

403 4951 501 5002 καὶ
525 4947 1030 5021 εὐθέωςέξηράνθη
1053 4951 1085 5019 ἡ
1118 4949 1238 5020 χεὶρ
1265 4949 1454 5004 αὑτοῦ.
1491 4945 1708 5023 Ἐρπειδὴ
1732 4954 1808 5023 τῇ,
1829 4969 1876 5004 τι
1885 4971 1990 5022 μω-

403 5031 498 5103 ρίᾳ
534 5033 627 5086 τοῦ
660 5017 1047 5102 θυσιαστηρίου
1075 5017 1178 5086 ούκ
1193 5017 1419 5100 ἐγένετο
1448 5017 1990 5106 βελτίωνξτῇοίκείᾳ

404 5115 624 5170 κολάσει
651 5115 968 5169 παιδεύεται
998 5115 1093 5168 τοῦ
1115 5114 1251 5168 Θεοῦ
1280 5115 1377 5186 τήν
1403 5117 1667 5188 ὑπακοήν.
1715 5117 1858 5186 Ἐγὼ
1891 5120 1988 5190 μὲν

403 5200 515 5272 γάρ
542 5217 635 5254 σου
675 5197 1002 5272 φειδόμενος,
1026 5199 1106 5261 εἰς
1153 5197 1301 5252 λίθον
1332 5199 1578 5270 ἠθέλησα
1622 5203 1838 5270 ἀφεῖναι
1889 5203 1988 5276 τήν

401 5282 570 5356 ὀργήν
592 5300 605 5313 ·
648 5281 833 5354 ἐπειδὴ
873 5283 928 5335 δέ
958 5283 1056 5335 οὐκ
1081 5281 1296 5349 ἐγένετό
1329 5300 1409 5336 σοι
1433 5283 1747 5346 διδάσκαλος
1769 5287 1797 5337 ὀ
1819 5283 1986 5352 λίθος,

402 5365 740 5438 λάμϐανε-σὺ
775 5367 876 5438 τὴν
926 5365 1218 5436 τιμωρίαν.
1257 5367 1366 5420 Καὶ
1421 5366 1653 5428 ἐξέτεινε
1691 5367 1788 5437 τὴν
1829 5371 1987 5438 χεῖρα

403 5450 592 5514 αὐτοῦ,
627 5450 718 5504 καί
748 5449 1062 5522 παραυτίκα
1101 5449 1393 5521 ἐξηράνθη.
1429 5451 1684 5520 Εἱστήκει
1712 5451 1896 5504 λοιπὸν
1929 5453 1989 5506 16

403 5535 662 5606 τρόπαιον
687 5533 782 5587 τοῦ
815 5537 1091 5607 προφήτου
1115 5575 1130 5596 ,
1167 5534 1262 5586 καὶ
1307 5533 1580 5586 συστεῖλαι
1611 5534 1780 5603 αὐτὴν
1833 5537 1861 5588 6
1893 5535 1992 5604 βα-

313 5667 326 5678 ,
405 5617 586 5680 σιλεὺς
615 5615 716 5670 ούκ
748 5617 1000 5686 ⁴ἦδύνατο.
1034 5615 1148 5670 Ποῦ
1181 5615 1243 5668 16
1273 5615 1549 5686 διάδημας
1605 5615 1708 5668 ποῦ
1749 5618 1804 5670 αἰ
1849 5635 1988 5690 110p-

401 5700 658 5772 φυρίδες;
691 5700 796 5756 ποῦ
829 5703 879 5754 οί
922 5699 1170 5772 θώρακες
1195 5715 1226 5765 ;,
1265 5699 1374 5754 ποῦ’
1401 5700 1458 5752 αἰ
1501 5699 1760 5766 ἀσπίδες;
1793 5701 1895 5756 ποῦ
1925 5702 1986 5756 τὸ

397 5783 797 5858 στραίιόπεδὸνε
825 5781 926 5838 ποῦ
954 5783 1022 5838 τι
1051 5782 1284 5856 δόρατα;
1325 5783 1383 5837 '0
1420 5783 1551 5850 Θεὸς
1573 5783 1843 5856 ἐκέλευσε,
1889 5785 1984 5840 καὶ

1134 331 1192 388 S.
1232 329 1516 388 JOANNIS
1549 327 2046 386 CHRYSOSTOMI
2085 327 2406 387 ARCHIEP.
2447 331 2988 390 CONSTANTINOP.

3589 335 3700 392 πιθα

2119 442 2298 496 πάντα
2321 446 2503 498 ἐκεῖνα
2520 445 2794 499 ἀπώλετο·
2840 447 3302 519 παρειστήκεισαν
3341 451 3392 502 οἱ
3423 431 3700 518 σατράπαι

2120 533 2382 606 βοηθῆσαι
2416 536 2516 606 μὲν
2553 538 2616 590 ού
2645 538 2962 608 δυνάμενοι,
3013 539 3212 611 θεωροὶ
3249 539 3306 593 δέ
3351 542 3451 611 τῆς
3483 543 3700 616 πληγῆς

2117 627 2398 696 γενόμενοι
2425 628 2604 698 μόνον.
2639 630 2750 684 Καὶ
2775 629 3010 693 ἐξέτεινε
3041 631 3142 702 τὴν
3163 633 3322 704 χεῖρα
3347 631 3514 686 αὐτοῦ
3543 635 3574 686 6
3601 634 3700 704 βα-

2121 717 2301 782 σιλεὺς
2321 759 2335 782 ,
2375 721 2470 774 καὶ
2499 722 2799 794 ἐξηράνθη·
2845 725 2934 776 ὅτε
2967 725 3185 792 ἐγένετο
3212 723 3373 796 ξηρὰ,
3407 725 3528 778 τότε
3559 743 3700 797 καρ-

2117 809 2220 862 πὸν
2247 810 2464 880 ἤνεγκε.
2509 813 2682 866 Βλέπε
2714 831 2804 886 μοι
2835 815 2896 868 16
2929 815 3230 887 ὑπόδειγμα
3260 817 3320 870 16
3346 817 3437 870 ἐπὶ
3469 817 3563 870 τοῦ
3603 817 3698 883 ξύ-

2117 901 2210 956 λου
2235 903 2330 956 106
2358 907 2418 958 ἐν
2455 906 2534 976 τῷ
2565 907 2880 978 παραδείσῳ
2899 950 2914 972 ,
2943 909 3036 962 καὶ
3063 909 3158 962 τοῦ
3197 908 3355 973 ξύλου
3385 908 3481 962 τοῦ
3525 911 3582 962 ἐν
3617 909 3700 978 τῷ

2119 993 2356 1066 σταυρῷ.
2387 995 2598 1069 Ὥσπερ
2628 999 2736 1072 γάρ
2775 999 2836 1053 16
2877 998 3034 1065 ξύλον
3067 1001 3242 1054 ἐκεῖνο
3271 1000 3482 1071 χλωρὸν
3517 999 3578 1052 ὃν
3607 999 3701 1052 θά-

2115 1101 2274 1140 νατον
2305 1086 2482 1150 ἔτεκε,
2511 1089 2570 1140 16
2593 1089 2651 1142 δὲ
2677 1090 2831 1154 ξύλον
2872 1091 2965 1144 τοῦ
3007 1090 3240 1164 σταυροῦ
3265 1091 3428 1163 ξηρὸν
3465 1089 3524 1145 ὃν
3549 1091 3698 1162 ζωὴν

2115 1177 2402 1248 ἐγέννησεν
2427 1195 2440 1208 ·
2471 1179 2619 1248 061w.
2655 1182 2746 1235 καὶ
2795 1184 2889 1237 ἐπὶ
2933 1185 3034 1256 τῆς
3083 1183 3265 1256 χειρὸς
3301 1183 3396 1237 τοῦ
3429 1183 3698 1254 βασιλέως

2115 1267 2366 1336 ἐγένετο,
2413 1269 2502 1322 ὅτε
2542 1270 2729 1343 χλωρά
2754 1259 2822 1343 ἦν
2847 1313 2862 1339 ,
2893 1274 3016 1327 τότε
3053 1273 3309 1328 ἀσέϐειαν
3357 1274 3541 1328 ἔτεκεν
3561 1315 3576 1340 ,
3603 1275 3698 1328 ὅτε

2117 1360 2256 1432 ξηρά
2305 1361 2541 1430 ἐγένετο,
2573 1365 2694 1418 τότε
2747 1366 2846 1438 τὴν
2897 1367 3145 1440 ὑπακοὴν
3197 1371 3580 1439 προσήγαγεν·
3617 1369 3694 1422 [δε

2112 1456 2208 1506 τοῦ
2235 1453 2370 1508 Θεοῦ
2397 1456 2464 1510 τὰ
2499 1457 2778 1532 παράδοξα
2805 1461 3126 1533 πράγματα.

2195 1639 2332 1692 Ἀλλ’
2377 1641 2514 1708 ὅπερ
2549 1639 2754 1708 ἔλεγον.
2809 1641 2898 1694 ὅτε
2944 1641 3107 1706 αὐτὸς
3144 1641 3491 1714 ἐρραπίζετο,
3539 1642 3696 1696 οὐδὲν

2113 1731 2281 1784 κακὸν
2309 1731 2387 1802 τῷ
2421 1732 2702 1802 ραπίζοντι
2733 1733 2905 1788 ἐποίει
2927 1749 2940 1763 ⁸
2975 1735 3064 1788 ὅτε
3105 1735 3161 1788 δέ
3199 1738 3227 1790 6
3255 1735 3440 1798 δοῦλος
3467 1735 3696 1808 ἔμελλεν

2113 1823 2446 1894 ὑϐρίζεσθαι,
2497 1825 2588 1878 τὸν
2639 1825 2863 1896 βασιλέα
2911 1828 3158 1894 ἐκόλασε,
3209 1829 3267 1882 σὲ
3311 1829 3580 1883 παιδεύων
3621 1829 3696 1882 τά

2115 1915 2214 1986 μὲν
2253 1915 2347 1969 τοῦ
2397 1915 2533 1970 Θεοῦ
2583 1919 2836 1982 ἐκδικεῖν,
2871 1919 2941 1974 τά
2981 1919 3038 1973 δὲ
3085 1923 3259 1975 οἰκεῖα
3303 1921 3692 1993 παρατρέχειν.

2113 2007 2324 2080 Ὠσπερ
2362 2009 2470 2081 γάρ
2499 2009 2566 2064 τά
2605 2011 2714 2081 ἐμά
2759 2013 3110 2085 παρατρέχω,
3138 2013 3206 2067 τά
3247 2013 3303 2066 δέ
3339 2014 3406 2068 σὰ
3449 2013 3649 2067 ἐκδικω
3673 2029 3690 2046 ·

2111 2097 2252 2152 οὕτω
2289 2099 2384 2154 καὶ
2427 2101 2490 2152 σὺ
2527 2100 2595 2154 τὰ
2625 2101 2734 2174 ἐμὰ
2779 2103 3004 2168 ἐκδίκει,
3041 2105 3109 2159 τά
3152 2103 3207 2157 δέ
3253 2105 3321 2159 σά
3353 2106 3689 2181 παράτρεχε.

2123 2189 2284 2244 Ἀλλά
2318 2193 2628 2248 συντείνατέ
2667 2213 2757 2268 μοι
2793 2197 2893 2268 τὴν
2932 2197 3100 2268 ἀκοὴν
3126 2197 3286 2268 (ἔνθα
3319 2199 3428 2271 γὰρ
3461 2199 3694 2270 ἀγώνων

2111 2285 2324 2356 καιρὸς,
2361 2286 2649 2358 ἀκροατῶν
2694 2289 2851 2358 χρεία
2887 2290 3285 2361 συντεταμένην
3325 2293 3554 2361 ἐχόντων
3591 2295 3694 2364 τὴν

2109 2373 2323 2446 ἀκοὴν),
2347 2377 2434 2428 ἵνα
2451 2375 2625 2448 εἰδῆτε
2647 2374 2798 2449 [707]
2821 2377 2958 2448 μετά
2979 2379 3264 2451 ἀκριϐείας
3287 2382 3402 2445 πῶς
3419 2381 3692 2454 δεσμεύω,

2111 2465 2228 2530 πῶς
2264 2467 2376 2520 λύω
2407 2468 2477 2522 τὰ
2523 2467 2632 2523 τῶν
2663 2469 2950 2524 ἀντιδίκων
2982 2471 3380 2545 ἁμαρτήματα,
3419 2473 3539 2537 πῶς
3583 2493 3694 2529 πα-

2109 2559 2264 2624 λαίω,
2297 2559 2414 2626 πῶς
2447 2563 2655 2633 ρήσσω.
2685 2563 2749 2617 Εἰ
2780 2563 2890 2636 γὰρ
2917 2567 2965 2618 οί
3004 2567 3062 2620 ἐν
3089 2567 3168 2638 τῷ
3205 2567 3418 2641 θεάτρῳ
3447 2571 3696 2644 καθήμε-

2109 2669 2190 2706 νοι
2217 2652 2576 2708 ἐπικύπτουσι
2607 2655 2698 2708 δύο
2727 2653 3086 2726 παλαιόντων,
3121 2659 3220 2732 τήν
3244 2660 3364 2730 δψιν
3393 2663 3572 2716 αὐτῶν
3595 2665 3695 2720 καὶ

2107 2744 2208 2814 τὴν
2245 2743 2464 2816 ἠλικίαν
2504 2747 2852 2813 ἐκτείνοντες,
2895 2749 2984 2804 ἵνα
3025 2751 3178 2804 ἴδωσι
3209 2752 3576 2824 παλαίσματα-
3607 2757 3698 2811 αε-

2111 2837 2314 2908 σχύνης
2361 2837 2619 2910 γέμοντα,
2657 2839 2742 2894 ι’να
2779 2841 2930 2896 ἴδωσι
2967 2842 3334 2914 παλαίσματα,
3364 2845 3406 2900 6;
3447 2849 3696 2920 μιμήσα-

2111 2925 2234 2980 σθαι
2263 2927 2517 2998 αἰσχύνη,
2553 2927 2736 3000 πολλῷ
2776 2930 2974 3001 μᾶλλον
3013 2933 3166 3003 ἡμᾶς
3200 2931 3490 3002 προσέχειν
3513 2933 3692 3004 δεῖτῇ

2107 3015 2218 3070 τῶν
2254 3017 2412 3072 θείων
2453 3019 2491 3070 Γ
2495 3020 2686 3090 ραφῶν
2729 3021 3009 3094 ἀκροάσει.
3057 3023 3140 3076 Εἰ
3161 3023 3272 3095 γάρ
3317 3023 3558 3086 ἐπαινεῖς
3597 3025 3696 3076 τὸν

2108 3109 2368 3184 ἀθλητὴν,
2413 3111 2502 3167 διὰ
2542 3114 2596 3167 τί
2647 3115 2708 3168 οὑ
2757 3118 2881 3187 γίνῃ
2923 3115 3195 3186 άθλητής;
3248 3111 3310 3169 εἰ
3351 3111 3410 3170 δὲ
3458 3118 3694 3192 αἰσχύνῃ

2107 3203 2360 3272 γενέσθαι
2388 3203 2647 3278 ἀθλητὴς,
2685 3206 2772 3261 διὰ
2808 3207 2862 3260 τί
2901 3209 3038 3280 μιμῇ
3075 3207 3279 3263 τούτων
3311 3207 3402 3262 16v
3431 3209 3690 3276 έπαινον;

2123 3294 2263 3356 Ἀλλ’
2311 3304 2412 3356 οὐκ
2465 3297 2611 3352 ἐστιν
2636 3291 2870 3353 ἐνταῦθα
2917 3297 3140 3353 τοιαῦτα
3189 3299 3257 3352 τὰ
3313 3300 3690 3370 παλαίσματα,

2106 3395 2242 3450 ἀλλά
2283 3393 2438 3448 κοινά
2477 3395 2610 3447 πᾶσι
2643 3393 2735 3445 καὶ
2776 3391 3027 3462 ὠφέλιμα
3071 3391 3164 3446 καὶ
3205 3395 3318 3456 τοῖς
3346 3392 3564 3460 λέγουσι
3595 3394 3692 3446 καὶ

2103 3491 2218 3552 τοῖς
2253 3487 2533 3544 ἀκούουσι.
2563 3487 2786 3542 Παλαίω
2817 3487 2927 3560 γὰρ
2963 3488 3104 3560 με.τά
3139 3487 3234 3542 τοῦ
3265 3489 3564 3560 αἰρετικοῦ,
3601 3490 3692 3546 ἵνα

2103 3581 2200 3636 καὶ
2227 3581 2374 3652 ὑμᾶς
2401 3579 2639 3652 ἀθλητὰς
2669 3583 3092 3653 ἀπεργάσωμαι,
3129 3583 3215 3636 ἵνα
3247 3583 3322 3654 μὴ
3354 3583 3692 3653 μόνονψάλ-

2109 3687 2304 3739 Αοντες,
2347 3673 2485 3727 ἀλλά
2528 3675 2624 3728 καὶ
2665 3673 3036 3745 διαλεγόμενοι
3077 3674 3180 3746 τὴν
3224 3673 3472 3743 γλῶτταν
3505 3675 3692 3730 αὐτῶν

2102 3765 2516 3839 ἁτηρῤάπτητε.
2573 3765 2640 3818 Τί
2687 3761 2782 3819 οὖν
2834 3781 3000 3836 φησιν
3045 3767 3082 3819 6'
3127 3767 3452 3839 προφήτηςς
3509 3769 3692 3837 Ψωνὶῖ

2096 3875 2216 3925 μου
2248 3858 2396 3926 πρὸς
2435 3859 2657 3927 Κύριον
2686 3857 2999 3927 ἐκέκραξα,
3033 3857 3206 3927 φωνῇ
3245 3859 3366 3928 μου
3402 3859 3554 3927 πρὸς
3583 3862 3692 3915 τὸν

2105 3949 2252 4003 Θεὸν
2280 3947 2556 4018 ἐδεήθην.
2605 3949 2848 4022 Πρόσχες
2872 3967 2886 3978 ·
2929 3949 3004 4021 μὴ
3049 3947 3198 4003 δοκεῖ
3240 3948 3394 4020 ἔχειν·
3429 3949 3694 4022 ἀφορμὴν

2103 4043 2496 4114 παλαισμάτων
2529 4041 2590 4094 16
2622 4041 2822 4114 ῥηθέν;
2863 4041 3006 4113 Ὅρα
3051 4039 3170 4106 πῶς
3213 4040 3400 4094 πλέκω
3440 4042 3534 4094 τὸν
3567 4043 3691 4096 στέ-

2101 4153 2266 4206 φανον
2302 4137 2397 4188 καὶ
2437 4133 2546 4188 τῶν
2592 4119 2828 4202 ἀγώνων
2869 4131 2966 4204 τὴν
3020 4131 3293 4186 ὑπόθεσιν.
3349 4131 3528 4201 Φωνῇ
3567 4151 3690 4202 μου

2099 4227 2250 4295 πρὸς
2283 4228 2500 4294 Κύριον
2529 4225 2856 4294 ἐκέκραξα·
2885 4224 3058 4295 φωνῇ
3075 4244 3194 4296 μου
3219 4225 3370 4294 πρὸς
3397 4225 3506 4278 τὸν
3537 4227 3691 4278 Θεὸν

2099 4319 2370 4387 ἐδεήθην.
2426 4318 2690 4374 Ἐνταῦθά
2723 4335 2812 4388 μοι
2845 4318 3239 4388 τὸν-αἱρετικὸν
3269 4318 3466 4371 κάλει·
3501 4317 3596 4370 ἐάν
3625 4334 3690 4370 τε

2099 4413 2270 4480 παρῇ,
2300 4412 2395 4464 ἐάν
2419 4409 2782 4480 τεμὴπαρῇ.
2813 4409 2952 4462 Ἑάνι
2971 4426 3030 4461 τε
3057 4409 3180 4480 γάρ·
3195 4411 3368 4480 παρῇ,
3403 4407 3556 4478 παρά
3583 4409 3690 4478 τῆς

2097 4503 2371 4574 ἡμετέρας
2403 4502 2585 4571 φωνῆς
2623 4499 2958 4554 παιδευέσθω
2981 4516 2996 4529 ο
3033 4501 3128 4554 ἐάν
3159 4517 3230 4553 τε·
3265 4499 3338 4570 μὴ
3375 4502 3522 4570 παρῇ
3545 4540 3561 4565 ,
3597 4499 3688 4552 διὰ

2097 4591 2196 4662 τῆς
2256 4592 2526 4662 ὑμετέρας
2577 4590 2902 4660 ἀκροάσεως.
2948 4589 3282 4660 μανθανέτω.
3349 4587 3488 4640 Ἀλλ’
3545 4589 3690 4659 ὅπερ

2099 4679 2270 4746 εἷπον,
2301 4683 2400 4736 ούκ
2431 4681 2639 4735 ἐλαύνω
2669 4681 2834 4734 αὐτὸν
2863 4682 3124 4751 παρόντα,
3157 4681 3292 4734 ἀλλά
3323 4681 3550 4750 δέχομαι
3581 4681 3688 4732 αύ-

2097 4776 2186 4826 τὸν
2215 4773 2588 4844 ἐλαυνόμενον.
2623 4775 2682 4826 ού
2715 4774 2842 4844 παρ’
2875 4773 3052 4844 ἡμῶν,
3081 4771 3194 4825 ἀλλ’
3217 4773 3324 4824 ἀπὸ
3363 4772 3454 4825 τοῦ
3479 4774 3688 4824 οἰκείου

2099 4861 2418 4928 συνειδότος,
2477 4862 2618 4914 κατά
2674 4861 2764 4913 τὸν
2813 4861 3058 4928 λέγοντα,
3111 4863 3318 4930 Φεύγει
3369 4865 3401 4914 ό
3451 4862 3688 4928 ἀσεϐὴς

2091 4951 2346 5021 μηδενὸς
2410 4951 2749 5018 διώκοντος.
2817 4953 2878 5005 Ἦ
2953 4953 3243 5032 Ἐκκλησία
3313 4957 3494 5024 μήτηρ
3567 4957 3688 5007 ἐστὶ

2095 5041 2203 5098 τῶν
2227 5045 2440 5098 οἰκείων
2470 5046 2696 5110 τέκνων,
2743 5047 2837 5098 καὶ
2875 5045 3106 5118 τούτους.
3132 5045 3416 5118 δεχομένη,
3445 5047 3542 5099 καὶ
3570 5051 3688 5110 τοῖς

2099 5137 2270 5202 ξένοις
2311 5141 2437 5198 τους
2489 5138 2722 5202 κόλπους
2765 5139 3102 5210 ἐφαπλοῦσα.
3152 5139 3346 5192 Κοινδν
3387 5138 3614 5210 θέατρον
3648 5142 3686 5212 ή

2097 5229 2328 5293 κιϐωτὸς
2356 5231 2389 5300 ή
2417 5229 2514 5282 τοῦ
2533 5230 2664 5284 Νῶε
2685 5227 2772 5296 ἦν,
2805 5231 2920 5286 ἀλλ’
2953 5233 2986 5301 ἠ
3023 5231 3323 5301 Ἐκκλησία
3349 5233 3444 5285 καὶ
3475 5231 3698 5302 ταύτης.

2099 5321 2340 5391 βελτίων.
2385 5323 2594 5394 Ἑκείνη
2658 5325 2758 5394 μὲν
2811 5323 2920 5398 γὰρ
2983 5323 3288 5394 ἐλάμϐανεν
3337 5324 3530 5394 ἄλογα,
3587 5326 3698 5380 καὶ,

2097 5413 2390 5481 ἐφύλαττεν
2447 5414 2614 5482 ἄλογα
2639 5431 2654 5445 ⁸
2705 5415 2844 5488 αὕτη
2895 5416 2952 5469 δέ
3008 5417 3274 5488 λαμϐάνει
3335 5416 3528 5484 ἄλογα,
3587 5419 3702 5472 καὶ·

2097 5505 2441 5574 μεταϐάλλει.
2503 5501 2630 5559 Οἷὸν
2679 5525 2730 5560 τι
2784 5508 2930 5576 λέγω
2957 5525 2970 5540 ·
3010 5507 3136 5560 Ἐάν
3196 5507 3409 5579 εἰσέλθῃ
3445 5507 3702 5562 ἐνταῦθα·

2095 5595 2321 5667 ἀλώπηξ
2347 5599 2639 5670 αίρετικὺς,
2679 5599 2818 5652 ποιῶ
2859 5599 3048 5654 τοῦτον
3079 5599 3348 5672 πρόϐατον
3373 5617 3388 5631 ·
3419 5599 3516 5652 ἐὰν
3565 5605 3686 5654 εἰσ-

2095 5683 2225 5764 ἐλθῃ
2267 5689 2448 5754 λύκος,
2485 5693 2622 5744 ποιῶ
2657 5693 2818 5746 αὑτὸν
2861 5693 3046 5762 ἀρνίον
3080 5693 3140 5745 16
3180 5693 3312 5763 ἐμὸν
3347 5693 3514 5763 μέρος
3537 5709 3552 5722 ·
3587 5693 3694 5746 ἐὰν

2093 5782 2150 5836 δὲ
2200 5783 2274 5856 μὴ
2325 5783 2599 5857 βούληται,
2652 5785 2802 5841 οὐδὲν
2857 5789 2986 5858 παρ’
3034 5788 3152 5857 ἐμὲ,
3198 5786 3332 5840 ἀλλά
3391 5787 3544 5858 παρὰ
3583 5783 3692 5856 τὴν
