4080 6198
344 273 436 328 731

343 489 476 544 vivis
498 498 738 544 mortuos
761 485 962 548 reddit,
977 485 1070 539 sed
1093 499 1157 539 ex
1180 483 1404 538 mortuis
1425 483 1572 538 vivos
1587 482 1768 547 cﬂlcit,
1785 498 1936 536 mm-

341 579 626 635 suctudine
637 593 699 633 ac
713 578 875 633 multa
891 576 1193 632 redundans
1210 575 1550 647 benignitate.
1573 575 1688 629 Non
1707 575 1847 629 enim
1870 573 1936 627 fa-

341 673 441 727 ctis
460 672 715 736 insector,
730 669 822 724 sed
841 669 1017 727 verbis
1036 683 1344 738 persequor,
1367 682 1469 722 non
1491 667 1818 730 bznretieum,
1840 665 1934 719 sed

344 765 615 831 haeresim,
637 779 739 818 non
760 761 1029 818 hominem
1047 775 1287 827 aversor,
1307 759 1654 815 sed'errorem
1674 757 1795 813 odio
1815 773 1943 826 pro-

342 869 541 925 sequor
554 865 605 908 et
617 853 849 908 avellere
861 867 1044 907 conor:
1062 866 1166 905 non
1184 860 1263 906 est
1278 849 1403 904 mihi
1417 849 1614 904 bellum
1629 860 1940 918 susceptum

342 962 464 1000 cum
487 945 810 1008 substantia;
843 944 934 998 Dei
957 942 1217 1014 siquidem
1246 957 1378 1013 opus
1396 949 1477 997 est
1493 940 1784 996 substantia
1804 956 1816 995 :
1840 939 1932 994 scd

343 1038 610 1108 corrigere
635 1045 866 1091 mentem
890 1036 1031 1099 volo,
1051 1051 1205 1105 quam
1229 1033 1468 1088 diabolus
1489 1033 1743 1102 corrupit.
1771 1033 1856 1085 Sic
1882 1040 1936 1085 et

345 1129 584 1184 medicus
601 1127 728 1183 dum
747 1138 1004 1197 aegrotum
1021 1135 1190 1190 curat,
1208 1141 1310 1180 non
1325 1139 1517 1195 corpus
1533 1134 1821 1194 oppugnat,
1840 1123 1941 1176 sed-

346 1221 588 1292 corporis
609 1222 791 1276 vitium
815 1220 969 1276 tollit.
987 1218 1076 1276 Sic
1097 1220 1256 1290 igitur
1271 1234 1369 1289 ego
1385 1233 1612 1289 quoque,
1634 1220 1676 1273 si
1694 1232 1814 1271 cum
1835 1215 1937 1270 ἰω-

345 1317 526 1372 reticis
541 1317 733 1371 bellum
747 1329 1094 1386 gessero,non
1109 1329 1229 1369 cum
1243 1312 1546 1366 hominibus
1559 1311 1754 1366 bellum
1782 1325 1928 1382 gero,

344 1407 437 1462 sed
467 1423 704 1464 errorem
727 1407 995 1477 expellere
1006 1405 1149 1471 volo,
1172 1420 1234 1461 ac
1257 1403 1589 1476 pntredinem
1616 1418 1931 1473 expurgare.

415 1497 646 1554 Christus
675 1500 928 1569 patientiae
966 1497 1151 1568 pra'bet
1190 1497 1494 1566 exemplum.
1533 1507 1605 1541 ιι-
1641 1495 1762 1550 Mihi
1801 1509 1932 1550 con-

343 1602 553 1647 suetum
574 1603 656 1646 est
672 1594 1134 1662 persequutionem
1156 1591 1282 1660 pati,
1301 1604 1408 1645 non
1431 1588 1676 1659 persequi
1698 1606 1711 1642 :
1731 1588 1931 1655 vexari,

347 1699 451 1740 non
479 1701 692 1741 vexare.
735 1685 825 1740 Sic
861 1693 915 1738 et
940 1681 1184 1738 Christus
1209 1680 1476 1747 vincebat,
1508 1695 1615 1734 non
1643 1679 1784 1735 crnci
1813 1678 1932 1732 am-

343 1792 476 1846 gens
495 1818 509 1844 ,
538 1777 632 1831 sed
662 1775 805 1830 cruci
832 1775 1020 1830 aﬂixus
1045 1790 1060 1840 ;
1092 1789 1197 1827 non
1224 1773 1389 1842 alapis
1422 1771 1633 1827 cmd'ens
1653 1811 1668 1838 ,
1698 1769 1790 1826 sed
1821 1769 1934 1824 ala-

345 1871 426 1942 pis
455 1885 645 1926 caesus.
681 1869 740 1926 Si
770 1868 902 1922 male
927 1869 1162 1936 loquutus
1190 1882 1299 1920 sum
1319 1907 1333 1933 ,
1369 1865 1568 1935 inquit,
1599 1863 1934 1918 testimonium

343 1963 548 2032 per/tibe
574 1961 637 2014 de
663 1962 836 2025 malo;
872 1961 915 2014 si
939 1968 1105 2014 autent
1131 1959 1253 2013 bene
1271 1999 1302 2025 ,.
1319 1957 1438 2028 quid
1466 1973 1546 2011 me
1572 1957 1724 2012 cwdis
1750 1957 1930 2028 (Joan.

350 2053 432 2108 13.
461 2052 532 2108 23
558 2051 619 2123 )?
649 2051 904 2106 Dominus
932 2049 1076 2104 orbis
1104 2058 1363 2104 terrarum
1395 2047 1531 2119 apud
1561 2063 1771 2104 servum
1803 2061 1968 2120 portu

346 2142 500 2198 titicis
523 2158 583 2198 se
612 2151 816 2212 purgat,
839 2141 998 2198 etiam
1026 2141 1190 2212 alapis
1220 2141 1274 2195 in
1303 2155 1396 2196 ore
1425 2155 1615 2206 catsus,
1649 2141 1787 2194 unde
1811 2157 1934 2210 pro-

341 2236 439 2291 diit
469 2236 710 2300 verbum,
732 2244 786 2291 et
817 2250 963 2290 mare
992 2233 1233 2296 frenavit.
1260 2241 1313 2288 et
1333 2233 1740 2303 quatriduanum
1772 2233 1933 2287 Laza-

342 2344 457 2382 rum
485 2327 768 2382 amortuis
792 2326 1046 2382 excitavit
1073 2344 1086 2381 :
1115 2324 1256 2380 unde
1283 2324 1481 2378 tnalum
1512 2323 1760 2395 fugiebat,
1793 2323 1932 2378 unde

342 2420 686 2490 mgritudines
698 2430 751 2474 et
772 2427 983 2489 peccata
1007 2417 1348 2473 solvebantur
1372 2435 1386 2472 :
1411 2417 1512 2472 hoc
1524 2427 1604 2472 est
1620 2418 1928 2472 miraculum

339 2509 611 2566 Crucitix-i.
637 2511 766 2565 Nam
789 2525 907 2565 cum
933 2510 1150 2564 fulmina
1179 2509 1389 2564 vibrare
1412 2517 1612 2578 posset,
1645 2523 1706 2562 ac
1734 2517 1929 2562 terram

341 2613 629 2658 concutere
653 2643 668 2668 ,
701 2601 946 2670 servique
977 2616 1190 2654 manum
1229 2599 1498 2655 arefacere
1521 2641 1536 2666 ,
1579 2599 1710 2654 nihil
1740 2599 1930 2654 horum

342 2698 500 2760 fecit;
534 2695 629 2752 sed
655 2705 707 2750 et
729 2709 789 2750 se
814 2702 1022 2766 purgat,
1046 2704 1101 2750 et
1127 2701 1344 2763 supcrat
1364 2693 1708 2763 benignitate,
1735 2701 1785 2746 te
1809 2707 1935 2746 eru-

341 2790 515 2856 diens,
543 2801 600 2844 ut
626 2805 746 2844 cum
769 2788 930 2842 homo
955 2787 1047 2852 sis,
1078 2801 1364 2856 numquam
1389 2785 1744 2842 excandescas
1769 2804 1780 2838 :
1806 2785 1931 2840 licet

346 2883 491 2937 cruci
521 2878 784 2951 alligaris,
812 2881 935 2936 licet
962 2880 1167 2949 alapam
1195 2877 1456 2948 accipias,
1487 2887 1546 2932 ut
1570 2877 1756 2933 eadem
1785 2879 1930 2934 dicas

340 2989 460 3044 qum
485 2972 752 3027 Dominus.
767 2981 906 3037 tuus,
931 2970 991 3026 Si
1018 2970 1150 3024 male
1175 2970 1408 3041 loquutus
1433 2985 1563 3034 sum,
1592 2969 1929 3024 testimonium

340 3066 546 3138 perhibe
565 3065 628 3120 de
646 3064 812 3131 malo;
839 3065 880 3119 si
899 3075 1066 3120 autem
1088 3064 1228 3131 bene,
1256 3063 1376 3134 quid
1397 3080 1475 3118 me
1501 3062 1654 3117 cwdis
1672 3063 1697 3116 ?
1718 3065 1795 3117 Ac
1809 3062 1929 3118 vide

341 3159 508 3229 ipsius
535 3157 912 3228 benignitatem
931 3198 947 3223 ,
969 3171 1075 3228 quo
1097 3164 1250 3226 pacto
1269 3171 1387 3226 quae
1413 3170 1687 3211 servorum
1715 3155 1925 3225 quidem

339 3266 562 3306 suorum
586 3260 710 3304 sunt
733 3249 982 3315 vindicet,
1011 3264 1128 3318 qnze
1157 3262 1285 3304 vero
1312 3263 1406 3304 sua
1436 3256 1580 3316 sunt,
1612 3248 1930 3318 przetermita-

341 3351 434 3398 tat.
465 3341 728 3411 Propheta
747 3340 1013 3412 quondam
1041 3339 1137 3395 fuit
1156 3380 1172 3405 ,
1192 3340 1280 3410 qui
1303 3356 1480 3410 regem
1503 3339 1663 3410 impie
1683 3348 1926 3410 agentem

340 3433 730 3504 redarguebat;
757 3442 812 3488 et
838 3449 956 3488 cum
980 3433 1312 3499 accessisset,
1331 3432 1461 3488 dixit
1485 3452 1498 3488 :
1526 3432 1718 3500 Altare,
1743 3433 1922 3497 altare,

339 3531 462 3583 audi
477 3529 554 3599 (3.
575 3528 796 3600 RngS.
811 3527 890 3599 2).
909 3527 1044 3583 Nam
1059 3527 1307 3597 quoniam
1321 3543 1412 3582 rex
1429 3526 1711 3583 Jeroboam
1725 3527 1930 3581 sacriﬁ-

340 3622 480 3677 cium
503 3610 911 3676 ideh’soﬂerens
934 3618 1126 3685 stabat,
1145 3627 1256 3674 tum
1279 3619 1497 3674 veniens
1523 3619 1779 3690 prapbeta
1805 3633 1926 3673 cum

341 3715 494 3770 altari
518 3713 860 3783 colloquitur.
887 3711 1168 3783 Quidagis,
1186 3727 1218 3766 ο
1239 3711 1536 3781 praphcta?
1558 3709 1823 3765 hominem
1847 3710 1929 3765 di-

343 3809 532 3874 mittis,
549 3817 608 3863 et
623 3806 921 3862 cumaltari-
932 3804 1282 3876 colloqueris?
1297 3803 1368 3859 lta
1392 3813 1493 3868 est,
1515 3804 1700 3874 inquit.
1718 3803 1928 3870 Quare?

341 3898 781 3968 Quandoquidem
811 3897 972 3952 homo
1000 3897 1168 3966 magis
1211 3911 1412 3966 expers
1433 3909 1623 3951 sensus
1659 3911 1722 3950 ac
1756 3897 1928 3966 stupi-

340 3991 460 4046 dior
482 3989 662 4060 lapide
687 3989 856 4045 factus
883 3997 993 4053 est,
1019 3989 1206 4043 omitto
1235 3987 1384 4042 illum
1410 3995 1607 4042 etcum
1637 3988 1738 4042 isto
1764 3985 1930 4040 collo-

340 4097 479 4152 quor
497 4091 602 4147 ,ω
640 4081 901 4151 intelligas
925 4079 1109 4136 audire
1139 4079 1366 4150 lapidem
1390 4123 1406 4147 ,
1434 4087 1489 4135 ct
1519 4078 1787 4134 hominem
1821 4095 1927 4134 non

342 4173 550 4230 audire.
581 4173 946 4242 Audi,altare,
977 4173 1143 4228 audi:
1171 4183 1223 4227 et
1253 4171 1430 4228 subito
1453 4182 1678 4242 ruptum,
1691 4179 1775 4228 est
1799 4171 1931 4229 alla-

343 4283 421 4323 re.
455 4267 706 4323 Extendit
727 4281 946 4322 manum
973 4280 1122 4320 suam
1149 4279 1267 4328 rex,
1289 4279 1410 4323 cum
1436 4265 1746 4334 prophetam
1772 4265 1931 4320 vellet

343 4359 644 4430 corripere,
677 4373 848 4428 neque
875 4357 1048 4428 potuit
1075 4356 1218 4411 illam
1243 4355 1312 4411 ad
1340 4371 1404 4412 se.
1429 4355 1706 4412 reducere.
1745 4355 1926 4422 Vides,

347 4463 403 4508 ut
427 4454 596 4508 altare
627 4453 824 4522 potius,
857 4465 1014 4519 quam
1046 4465 1144 4503 rex
1167 4447 1432 4505 audierit?
1458 4445 1625 4511 vides,
1656 4447 1932 4502 utomisso

346 4563 412 4601 eo
449 4546 541 4616 qui
579 4545 784 4598 ratione
827 4541 1080 4612 praeditus
1116 4549 1268 4605 erat,
1299 4539 1350 4594 id
1389 4539 1528 4609 quod
1561 4548 1675 4594 erat
1712 4540 1932 4594 rationis

346 4653 546 4706 expers
573 4637 643 4691 sit
668 4635 990 4702 alloquntus,
1021 4641 1077 4688 ut
1106 4647 1198 4702 per
1225 4631 1376 4686 istius
1405 4630 1758 4687 obedientiam
1793 4631 1932 4685 illius

347 4740 618 4800 stuporem
637 4725 996 4794 malitiamque
1010 4722 1336 4794 corrigeret?
1361 4721 1606 4776 Fractum
1633 4731 1715 4776 est
1739 4721 1930 4787 altare,

346 4831 402 4876 et
431 4819 572 4889 regis
600 4817 802 4874 malitia
831 4814 993 4870 fracta
1022 4829 1126 4868 non
1153 4823 1254 4868 est.
1286 4815 1364 4868 Ac
1391 4812 1509 4866 vide
1528 4853 1540 4877 ,
1574 4811 1933 4882 quidaccide-

345 4912 416 4967 rit
443 4928 457 4964 :
490 4908 729 4966 extendit
756 4923 969 4964 manum
1011 4920 1170 4960 suam.
1199 4920 1293 4960 rex
1316 4946 1330 4970 ,
1361 4912 1420 4959 ut
1442 4903 1753 4974 prophetam
1779 4918 1932 4958 com-

348 5001 722 5073 prehenderet,
739 5008 796 5056 .et
815 4999 1065 5054 continuo
1086 5011 1275 5054 manus
1291 4996 1403 5065 ejus
1424 4996 1647 5050 exaruit.
1671 4995 1931 5062 Quoniam

347 5095 533 5151 altaris
562 5090 824 5162 supplicio
852 5090 1040 5146 melior
1066 5086 1236 5143 factus
1259 5101 1369 5142 .non
1395 5095 1508 5152 est,
1538 5085 1750 5156 propria
1778 5100 1933 5156 poma

347 5186 706 5243 obedientiam
752 5184 842 5238 Dei
881 5181 1122 5237 docetur.
1172 5179 1283 5249 Ego
1322 5179 1532 5248 quidem
1579 5177 1669 5232 tibi
1709 5192 1934 5248 parcens

346 5280 490 5334 volui
520 5280 571 5332 in
599 5276 829 5346 lapidem
855 5275 986 5329 iram
1015 5270 1290 5328 ell‘tmdere
1309 5269 1565 5340 ;,quando
1591 5281 1768 5322 autem
1798 5267 1934 5336 lapi-

350 5376 431 5429 dis
462 5370 770 5440 magisterio
795 5385 904 5426 non
927 5365 1269 5428 es-eruditus,
1304 5362 1697 5432 tusupplicinm
1726 5363 1932 5430 excipe.

350 5465 414 5520 Et
438 5463 680 5519 extendit
703 5476 918 5516 manum
944 5474 1112 5523 suam,
1137 5466 1193 5512 et
1215 5471 1252 5512 e
1272 5455 1492 5524 vestigio
1515 5454 1723 5508 exaruit
1748 5451 1856 5524 (Ib.
1885 5469 1932 5506 υ.

349 5552 898 5627 4).8ω1)οιιόθίιιοερβ
926 5559 1182 5620 tropreum
1213 5545 1507 5617 prophetar,
1534 5554 1587 5600 et
1613 5561 1702 5599 rex
1728 5553 1939 5598 contra-

348 5657 482 5708 ln-re
525 5650 695 5718 ipsam
742 5662 848 5702 non
889 5651 1116 5715 poterat.
1169 5640 1266 5696 Ubi
1307 5637 1592 5693 diadema?
1633 5636 1717 5691 ubi
1761 5644 1936 5689 vestes

354 5741 671 5815 purpurea?
695 5740 781 5796 ubi
811 5737 986 5794 loricrc
1007 5737 1030 5790 ?
1052 5735 1140 5790 ubi
1168 5731 1378 5806 clypci?
1405 5731 1489 5786 ubi
1519 5729 1819 5786 exercitus?
1846 5727 1932 5783 ubi

1138 342 1141 344 η
1596 276 1662 334 IN
1698 277 1756 334 S.
1798 275 2074 334 PHOCAM
2115 276 2526 335 M’ARTYREM.

345 413 532 470 gamus
552 415 564 452 :
585 402 844 468 ejusmodi
872 407 1099 463 namque
1121 399 1358 448 nostrum
1379 403 1461 447 eSt
1477 391 1671 448 bellum
1691 406 1704 446 ι
1725 406 1831 446 non
1861 405 1929 445 ex
1963 386 1972 394 ”

3524 293 3640 350 79-3.

2049 391 2288 444 lancem?
2311 391 2474 446 Jussit
2501 393 2660 459 Deus,
2683 406 2736 451 et
2755 396 2932 452 omnia
2956 395 3052 453 ωε.
3071 400 3378 468 perierunt:
3401 403 3633 462 εει-ωηι-

2043 482 2254 537 stabant
2282 493 2527 555 satrapae,
2559 487 2658 556 qni-
2679 501 3001 544 succurrere
3019 491 3250 547 minime
3267 503 3548 561 poterant,
3577 507 3646 552 at.

2045 574 2210 645 plaga:
2249 584 2450 630 tantum
2494 587 2821 648 spectatores
2849 590 3007 635 erant;
3029 582 3242 640 redditi.
3291 584 3645 644 Etextendit.

2043 681 2256 719 manum
2289 681 2576 733 suamrex,
2604 679 2657 724 et
2685 671 2892 740 exaruit
2921 688 2936 724 τ
2963 673 3340 743 quando-arida
3367 675 3630 741 ﬁctaest;

2045 769 2167 813 tunc
2197 759 2430 816 fructum
2456 763 2592 818 tulit.
2638 764 2923 821 Considera
2954 767 3091 821 mihi
3111 769 3416 838 exemplum
3438 811 3454 837 ,
3486 773 3646 842 quod:

2044 856 2277 908 occurrit
2305 855 2358 914 in
2387 855 2551 924 ligno,
2585 857 2725 927 quod
2758 859 2821 912 in.
2841 859 3095 928 paradiso
3113 860 3230 927 fuit,
3269 872 3331 917 ett
3361 863 3413 917 in
3445 863 3591 935 ligno
3614 907 3634 928 τ

2042 947 2180 1015 quod
2202 947 2299 1002 fuit
2319 948 2369 1003 in
2389 965 2564 1005 cruce.
2599 951 2745 1008 Sicut
2771 955 2910 1008 enim
2943 957 3136 1026 lignum
3163 957 3315 1024 illud,
3337 969 3644 1016 eum-esset:

2042 1039 2232 1107 virid‘e,
2265 1050 2490 1097 mortem
2520 1046 2746 1114 peperit,
2771 1046 2978 1117 lignum
2996 1064 3123 1104 vero
3151 1052 3344 1119 crucis,
3375 1066 3499 1107 cum
3524 1054 3644 1108 τιή-ι

2042 1130 2166 1185 dimi
2190 1143 2353 1201 esset,
2378 1135 2540 1190 vitam
2561 1139 2777 1208 genuit:
2805 1140 2884 1196 sic
2903 1149 2956 1194 et
2979 1141 3031 1195 in
3055 1157 3218 1195 manu
3235 1144 3639 1213 regis'aociditlz'

2042 1223 2256 1292 quando
2280 1225 2461 1281 viridis
2489 1238 2622 1295 erat,
2649 1237 2774 1284 tunc
2801 1231 3124 1300 impietatem
3151 1237 3390 1304 peperit;
3415 1236 3643 1306 quando:

2041 1313 2186 1368 arida
2211 1313 2346 1369 facta
2374 1327 2474 1385 est,
2500 1327 2623 1374 tunc
2643 1320 3318 1394 obedientiam-produxit:
3345 1327 3476 1384 vide
3488 1326 3642 1383 facta-

2044 1401 2136 1458 Dei
2174 1405 2454 1460 mirabilia.

2113 1493 2251 1549 Deus
2291 1513 2546 1552 servorum
2587 1516 2796 1555 suorum
2834 1503 3100 1559 ulciscitur
3136 1507 3372 1577 injuriae.
3408 1537 3478 1550 -
3519 1507 3640 1564 Sed:

2041 1585 2181 1656 quod
2222 1586 2462 1642 dicebam
2486 1630 2500 1655 ,
2535 1590 2748 1660 quando
2776 1592 2956 1664 alapis
2981 1595 3096 1664 ipse
3121 1596 3460 1664 credebatur,
3492 1599 3636 1656 uilli?

2041 1676 2166 1731 mali
2189 1676 2411 1732 cmdcnti
2436 1677 2724 1736 inferebat:
2743 1683 2954 1753 quando
2974 1695 3152 1740 autem
3172 1702 3364 1743 servus
3378 1690 3629 1758 injuriam

2043 1783 2294 1839 passurus
2320 1780 2454 1838 erat,
2474 1787 2651 1840 regem
2681 1775 2916 1844 punivit,
2947 1787 3006 1831 ut
3037 1786 3088 1832 te
3116 1777 3304 1834 doceat
3326 1783 3642 1852 eaquitlctn-

2040 1877 2164 1932 quae
2195 1862 2288 1917 Dei
2318 1874 2440 1919 sunt
2464 1864 2752 1933 vindicare,
2785 1883 2904 1938 qua:
2927 1884 3055 1924 vero
3084 1871 3299 1942 propria
3328 1883 3623 1944 sunt-prm-

2042 1955 2352 2013 termittere.
2383 1957 2534 2014 Sicut
2560 1958 2701 2014 enim
2728 1975 2972 2031 ego-mea
2991 1964 3358 2034 prmtermitto,
3386 1975 3635 2023 tun'vero

2040 2050 2251 2106 vindico
2274 2069 2289 2108 :
2312 2050 2391 2106 sic
2417 2059 2470 2108 et
2497 2061 2699 2108 tumea
2725 2054 2955 2120 vindica,
2987 2065 3073 2110 tua
3105 2072 3232 2112 vero
3256 2061 3623 2128 praetermitto.

2041 2142 2238 2198 Verum
2282 2145 2498 2216 arrigite
2528 2145 2666 2201 mihi
2685 2161 2843 2203 aures
2880 2157 3087 2204 vestras
3115 2165 3129 2205 :
3157 2150 3246 2206 ubi
3277 2153 3417 2206 enim
3449 2163 3633 2207 certa-

2039 2237 2239 2290 minum
2266 2244 2478 2308 tempus
2503 2247 2584 2294 est
2603 2281 2616 2304 ,
2649 2239 2980 2297 auditoribus
3003 2251 3087 2297 est
3111 2258 3245 2314 opus
3267 2285 3282 2310 ,
3312 2246 3621 2316 qnibusar-

2038 2336 2198 2382 recta:
2226 2328 2333 2383 sint
2356 2344 2513 2385 aures
2542 2339 2595 2385 et
2623 2339 2858 2397 attentze,
2893 2340 2950 2386 ut
2977 2332 3261 2404 diligenter
3294 2337 3580 2391 advertatis
3607 2381 3628 2404 ,

2037 2433 2143 2488 quo
2183 2429 2338 2490 pacto
2382 2420 2539 2491 ligem
2563 2462 2578 2484 ,
2616 2435 2721 2490 quo
2761 2433 2916 2492 pacto
2957 2423 3158 2479 solvam
3196 2424 3632 2483 adversariorum

2037 2509 2228 2564 delicta
2254 2553 2268 2576 ,
2301 2525 2406 2581 quo
2436 2521 2589 2582 pacto
2618 2513 2788 2569 lucter
2809 2554 2825 2579 ,
2857 2530 2964 2584 quo
2993 2524 3155 2586 pacto
3173 2515 3382 2572 feriam.
3415 2519 3632 2573 Ναπηηεί

2037 2601 2113 2658 illi
2143 2603 2231 2672 qui
2263 2603 2314 2657 in
2347 2602 2553 2658 theatro
2590 2603 2780 2660 sedent
2807 2605 3013 2662 duobus
3042 2609 3370 2664 certantibus
3394 2651 3410 2676 ,
3438 2611 3628 2665 oculos

2036 2708 2162 2749 suos
2187 2704 2240 2750 et
2265 2696 2503 2765 corporis
2529 2697 3158 2755 staturam‘extend'entes
3177 2741 3192 2764 ,
3222 2702 3626 2772 proni'prospe-

2035 2795 2220 2854 ctant,
2253 2797 2311 2844 nt
2351 2790 2638 2844 certamina
2677 2789 2888 2845 videant
2921 2791 3100 2860 probri
3150 2791 3346 2862 plena,
3402 2804 3464 2848 ut
3499 2809 3625 2850 cer-

2036 2882 2235 2937 tamina
2280 2882 2496 2938 videant
2532 2899 2651 2954 qua:
2699 2884 2892 2939 imitari
2935 2886 3249 2954 probrosum
3295 2893 3381 2942 est
3413 2906 3427 2942 :
3457 2888 3630 2942 multo

2035 2975 2204 3045 magis
2239 2989 2338 3030 nos
2366 2983 2577 3046 oportet
2616 2975 2896 3032 audiendis
2931 2975 3218 3046 Scriptnris
3251 2976 3443 3032 divinis
3470 2994 3627 3034 aures

2036 3075 2268 3122 attentas
2296 3065 2556 3136 prtebere.
2589 3065 2645 3123 Si
2672 3067 2813 3122 enim
2849 3067 3033 3122 l'aud’as
3058 3066 3350 3132 athletam,
3384 3083 3495 3123 cur:
3519 3083 3626 3124 non

2036 3157 2100 3213 iis
2137 3158 2376 3213 athleta?
2412 3158 2493 3215 sin
2536 3167 2714 3214 autem
2744 3158 2857 3214 li‘eri
2896 3159 3148 3215 athletam
3179 3159 3497 3230 probrosum
3521 3171 3627 3228 cst,

2035 3267 2133 3307 cur
2173 3253 2394 3307 istorum
2444 3250 2627 3307 laudes
2674 3251 2894 3306 imitaris
2911 3251 2948 3305 ?'
2973 3253 3042 3306 At
3067 3252 3474 3322 ejusmodi-non
3504 3265 3632 3308 sunt

2036 3343 2124 3399 hic
2168 3343 2491 3410 certamina,
2519 3342 2612 3399 sed
2657 3343 2959 3398 communia
3000 3343 3208 3398 cunctis
3253 3352 3308 3398 et
3340 3343 3488 3399 utilia
3515 3353 3629 3398 tum

2033 3434 2335 3491 dicentibus
2362 3475 2391 3500 ,,
2409 3442 2521 3490 tum
2549 3433 2903 3489 audientibus.
2943 3433 3078 3489 Cum
3106 3435 3382 3490 ιιωηιὶεἰε·
3399 3450 3630 3504 namque

2034 3527 2275 3592 decerto,
2297 3535 2434 3582 utet
2459 3541 2554 3582 vos
2580 3526 2807 3582 athletas
2834 3525 3083 3593 emciam,
3107 3527 3626 3581 ut'non-modo-dnm

2034 3619 2260 3690 psallitis
2283 3661 2299 3685 ,
2330 3617 2424 3673 sed
2469 3627 2523 3674 et
2563 3617 2688 3673 dum
2733 3617 3093 3687 colloquimirri
3119 3659 3135 3683 ,
3165 3617 3400 3687 linguam
3439 3631 3627 3671 eorum

2034 3710 2402 3780 compescatis.
2453 3709 2591 3779 Quid
2640 3709 2796 3779 igitur
2818 3708 2890 3762 ait
2934 3707 3235 3777 propheta?
3265 3706 3391 3760 Voce
3417 3723 3529 3761 mea
3559 3709 3631 3760 ad

2034 3802 2310 3856 Dominum
2339 3802 2556 3856 clamavi
2577 3816 2596 3855 :
2615 3816 2735 3855 voce
2769 3815 2878 3854 mea
2907 3797 2976 3851 ad
2999 3797 3165 3852 Deum
3195 3797 3489 3867 deprecatus
3514 3814 3631 3852 sunt

2037 3894 2056 3961 (
2067 3893 2210 3948 Psat.
2227 3895 2345 3948 Ml.
2363 3892 2445 3964 2).
2473 3891 2706 3948 Advorte
2731 3909 2743 3945 :
2769 3904 2894 3946 num
2920 3889 3268 3944 certamimtm
3284 3888 3630 3944 occasionem

2036 3986 2275 4058 praebere
2315 3985 2563 4052 videtur,
2612 3983 2752 4054 quod
2791 3983 2996 4037 dictum
3025 3979 3627 4050 est?‘Yide-quo-paeto

2035 4087 2244 4134 nectam
2264 4093 2514 4133 coronam
2531 4085 2586 4130 et
2604 4074 2952 4132 certaminum
2973 4073 3467 4141 materiamparem.
3498 4070 3632 4125 Voce

2036 4186 2145 4225 mea
2158 4171 2224 4223 ad
2241 4168 2520 4234 Dominum
2543 4166 2754 4221 clamavi
2774 4181 2791 4219 :
2808 4181 2926 4218 voce
2943 4180 3057 4218 mea
3071 4163 3145 4216 ad
3161 4161 3630 4231 Demade-precatus

2035 4280 2146 4317 sum
2173 4259 2381 4335 (Ibid.).
2413 4259 2508 4314 Hic
2533 4268 2586 4312 tu
2613 4257 2743 4312 mihi
2776 4256 3082 4312 luereticum
3112 4269 3272 4321 voca,
3305 4255 3420 4309 sive
3456 4247 3629 4320 adbit’,

2037 4358 2149 4414 sive
2171 4370 2273 4410 non
2287 4354 2444 4409 adsit.
2467 4353 2522 4409 Si
2543 4356 2684 4408 enim
2701 4351 2859 4418 adsit,
2883 4366 2912 4405 a
2930 4365 3062 4406 voce
3081 4349 3558 4414 nostradoceatur;
3583 4350 3630 4402 si

2037 4463 2162 4502 vero
2181 4461 2288 4501 non
2308 4444 2466 4508 adsit,
2484 4460 2513 4498 a
2535 4443 2810 4513 vobis,_qui
2833 4439 3124 4506 audieritis,
3145 4441 3334 4496 discat:
3355 4439 3625 4510 Sed-quod

2038 4537 2302 4604 dicebam,
2327 4553 2434 4592 non
2461 4551 2755 4607 persequor
2778 4535 2949 4604 ipsum
2973 4543 3310 4603 praesentem,
3333 4531 3629 4600 sedipsnm

2038 4630 2248 4701 excipio
2287 4628 2750 4700 persequutionem
2791 4641 3002 4696 passum
3028 4668 3042 4691 ,
3073 4640 3194 4679 non'
3227 4639 3268 4677 a‘
3299 4639 3392 4678 me
3412 4663 3428 4688 ,
3465 4622 3565 4678 sed
3597 4639 3628 4677 a

2039 4722 2249 4792 propria
2275 4721 2600 4778 conscientia
2629 4762 2644 4787 ,
2670 4719 2817 4790 juxta
2848 4733 2969 4774 eum
3007 4717 3098 4788 qui
3144 4717 3276 4770 dixit
3308 4733 3322 4770 :
3355 4714 3510 4786 Fugit
3536 4715 3632 4766 im-

2040 4816 2152 4885 pius
2178 4815 2374 4870 nemine
2398 4821 2720 4884 persequente
2748 4809 2931 4882 (Prov.
2959 4810 3047 4865 28.
3086 4807 3159 4882 l).
3190 4809 3360 4863 Mater
3385 4816 3468 4862 est
3495 4805 3632 4860 ﬁlio-

2040 4925 2159 4963 rum
2184 4923 2402 4964 suorum
2441 4907 2718 4974 Ecclesia,
2750 4921 2867 4976 qua:
2895 4913 2951 4959 et
2979 4904 3109 4959 istos
3135 4902 3371 4974 excipit,
3404 4911 3466 4957 et-
3503 4915 3628 4971 per-

2040 5001 2236 5071 egrinis
2263 5002 2436 5056 sinum
2464 4999 2734 5071 expandit.
2764 4998 3063 5054 Commune
3087 4997 3350 5052 theatrum
3363 5004 3487 5052 emt
3508 5008 3632 5049 arca

2039 5091 2186 5161 Noe,
2219 5093 2312 5150 sed
2353 5092 2589 5149 Ecclesia
2618 5091 2806 5147 melior
2832 5100 2918 5146 est
2958 5091 3117 5146 etiam
3144 5104 3303 5160 quam
3330 5089 3450 5143 ista.
3497 5085 3632 5140 Nam

2040 5192 2194 5248 bruta
2221 5187 2435 5259 quidem
2473 5182 2720 5239 animalia
2763 5180 2849 5236 illa
2891 5180 3221 5251 recipiebat,
3248 5187 3302 5234 et
3327 5177 3477 5231 bruta
3503 5187 3632 5227 con-

2041 5281 2332 5340 servabat:
2361 5277 2476 5332 lizec
2516 5285 2692 5330 autem
2731 5273 2887 5328 bruta
2928 5271 3154 5340 recipit,
3202 5277 3257 5324 et
3287 5272 3629 5320 transmutat.

2043 5370 2282 5442 Exempli
2308 5367 2570 5440 gratia,.si
2597 5364 2873 5420 intraverit
2899 5363 3084 5432 vulpes
3107 5358 3422 5421 haereticus,
3448 5354 3626 5423 ipsum

2043 5481 2196 5521 ovem
2219 5461 2426 5528 cilicio;
2455 5460 2498 5514 si
2523 5456 2796 5514 intraverit
2820 5457 2996 5526 lupus,
3023 5454 3194 5524 ipsum
3213 5461 3413 5519 agnum
3425 5446 3634 5514 cilicio,

2045 5566 2300 5631 quantum
2326 5553 2377 5610 in
2400 5566 2486 5607 me
2508 5551 2667 5608 situm
2694 5556 2777 5606 est
2795 5546 2907 5621 (a);
2931 5545 3013 5599 sin
3039 5553 3216 5598 autem
3243 5539 3498 5607 noluerit,
3524 5552 3634 5591 non

2109 5672 2184 5736 (α)
2216 5679 2325 5722 1m
2346 5666 2513 5722 confer
2536 5678 2648 5736 cum
2665 5670 2787 5716 erat.
2808 5669 2824 5713 t
2845 5661 2909 5712 de
2929 5658 3166 5710 laudibus
3186 5653 3318 5706 Pauli
3341 5660 3394 5702 et
3417 5665 3534 5706 cum
3549 5652 3640 5695 vui

2048 5729 2420 5786 de'P'mnitcntia
2443 5741 2578 5778 tium.
2604 5729 2649 5776 1.
