  <div class='ocr_page' id='page_1' title='image "/cluster/home/n/w/nwhite01/storage/ocr_20150623/50/hvd.32044069618742/301.png"; bbox 0 0 4080 6198; ppageno 0'>
   <div class='ocr_carea' id='block_1_1' title="bbox 407 311 515 368">
    <p class='ocr_par' dir='ltr' id='par_1_1' title="bbox 407 311 515 368">
     <span class='ocr_line' id='line_1_1' title="bbox 407 311 515 368; baseline 0 -1"><span class='ocrx_word' id='word_1_1' title='bbox 407 311 515 368; x_wconf 71' lang='lat'><strong>703</strong></span> 
     </span>
    </p>
   </div>
   <div class='ocr_carea' id='block_1_2' title="bbox 407 389 1986 484">
    <p class='ocr_par' dir='ltr' id='par_1_2' title="bbox 407 389 1986 484">
     <span class='ocr_line' id='line_1_2' title="bbox 407 389 1986 484; baseline -0.026 -3"><span class='ocrx_word' id='word_1_2' title='bbox 407 427 464 482; x_wconf 87' lang='lat' dir='ltr'><strong>id</strong></span> <span class='ocrx_word' id='word_1_3' title='bbox 501 423 628 478; x_wconf 85' lang='lat' dir='ltr'><strong>vitio</strong></span> <span class='ocrx_word' id='word_1_4' title='bbox 655 435 775 476; x_wconf 86' lang='lat' dir='ltr'><strong>meo</strong></span> <span class='ocrx_word' id='word_1_5' title='bbox 802 418 859 474; x_wconf 82' lang='lat' dir='ltr'><strong>lit</strong></span> <span class='ocrx_word' id='word_1_6' title='bbox 880 460 896 484; x_wconf 95' lang='lat'><strong>,</strong></span> <span class='ocrx_word' id='word_1_7' title='bbox 929 413 1023 470; x_wconf 90' lang='lat' dir='ltr'><strong>sed</strong></span> <span class='ocrx_word' id='word_1_8' title='bbox 1053 428 1118 468; x_wconf 86' lang='lat' dir='ltr'><strong>ex</strong></span> <span class='ocrx_word' id='word_1_9' title='bbox 1148 408 1312 480; x_wconf 82' lang='lat' dir='ltr'><strong>ipsius</strong></span> <span class='ocrx_word' id='word_1_10' title='bbox 1343 398 1680 472; x_wconf 90' lang='lat' dir='ltr'><strong>improbitate</strong></span> <span class='ocrx_word' id='word_1_11' title='bbox 1700 435 1716 460; x_wconf 94' lang='lat'><strong>,</strong></span> <span class='ocrx_word' id='word_1_12' title='bbox 1747 389 1986 462; x_wconf 86' lang='lat' dir='ltr'><strong>quando-</strong></span> 
     </span>
    </p>
   </div>
   <div class='ocr_carea' id='block_1_3' title="bbox 409 485 1987 591">
    <p class='ocr_par' dir='ltr' id='par_1_3' title="bbox 409 485 1987 591">
     <span class='ocr_line' id='line_1_3' title="bbox 409 485 1987 591; baseline -0.026 -15"><span class='ocrx_word' id='word_1_13' title='bbox 409 502 626 591; x_wconf 83' lang='lat' dir='ltr'><strong>quidem</strong></span> <span class='ocrx_word' id='word_1_14' title='bbox 669 513 908 570; x_wconf 89' lang='lat' dir='ltr'><strong>Christus</strong></span> <span class='ocrx_word' id='word_1_15' title='bbox 951 508 1108 563; x_wconf 90' lang='lat' dir='ltr'><strong>etiam</strong></span> <span class='ocrx_word' id='word_1_16' title='bbox 1152 498 1432 558; x_wconf 83' lang='lat' dir='ltr'><strong>duodecim</strong></span> <span class='ocrx_word' id='word_1_17' title='bbox 1470 489 1759 560; x_wconf 77' lang='lat' dir='ltr'><strong>discipulos</strong></span> <span class='ocrx_word' id='word_1_18' title='bbox 1785 485 1987 548; x_wconf 79' lang='lat' dir='ltr'><strong>habuit,</strong></span> 
     </span>
    </p>
   </div>
   <div class='ocr_carea' id='block_1_4' title="bbox 406 575 1990 670">
    <p class='ocr_par' dir='ltr' id='par_1_4' title="bbox 406 575 1990 670">
     <span class='ocr_line' id='line_1_4' title="bbox 406 575 1990 670; baseline -0.023 -3"><span class='ocrx_word' id='word_1_19' title='bbox 406 575 466 666; x_wconf 59' lang='lat' dir='ltr'><strong>et</strong></span> <span class='ocrx_word' id='word_1_20' title='bbox 491 623 629 664; x_wconf 89' lang='lat' dir='ltr'><strong>unus</strong></span> <span class='ocrx_word' id='word_1_21' title='bbox 652 605 820 661; x_wconf 83' lang='lat' dir='ltr'><strong>factus</strong></span> <span class='ocrx_word' id='word_1_22' title='bbox 843 611 925 657; x_wconf 90' lang='lat' dir='ltr'><strong>est</strong></span> <span class='ocrx_word' id='word_1_23' title='bbox 951 597 1212 670; x_wconf 88' lang='lat' dir='ltr'><strong>proditor,</strong></span> <span class='ocrx_word' id='word_1_24' title='bbox 1244 603 1426 646; x_wconf 87' lang='lat' dir='ltr'><strong>verum</strong></span> <span class='ocrx_word' id='word_1_25' title='bbox 1456 601 1560 641; x_wconf 91' lang='lat' dir='ltr'><strong>non</strong></span> <span class='ocrx_word' id='word_1_26' title='bbox 1583 598 1616 638; x_wconf 92' lang='lat' dir='ltr'><strong>a</strong></span> <span class='ocrx_word' id='word_1_27' title='bbox 1635 580 1869 642; x_wconf 93' lang='lat' dir='ltr'><strong>Christo,</strong></span> <span class='ocrx_word' id='word_1_28' title='bbox 1896 575 1990 631; x_wconf 91' lang='lat' dir='ltr'><strong>sed</strong></span> 
     </span>
    </p>
   </div>
   <div class='ocr_carea' id='block_1_5' title="bbox 409 667 1991 757">
    <p class='ocr_par' dir='ltr' id='par_1_5' title="bbox 409 667 1991 757">
     <span class='ocr_line' id='line_1_5' title="bbox 409 667 1991 757; baseline -0.023 1"><span class='ocrx_word' id='word_1_29' title='bbox 409 703 478 757; x_wconf 83' lang='lat' dir='ltr'><strong>ab</strong></span> <span class='ocrx_word' id='word_1_30' title='bbox 508 701 686 756; x_wconf 91' lang='lat' dir='ltr'><strong>animo</strong></span> <span class='ocrx_word' id='word_1_31' title='bbox 727 710 825 750; x_wconf 91' lang='lat' dir='ltr'><strong>suo</strong></span> <span class='ocrx_word' id='word_1_32' title='bbox 869 667 1050 746; x_wconf 82' lang='lat' dir='ltr'><strong>vitiato</strong></span> <span class='ocrx_word' id='word_1_33' title='bbox 1077 705 1090 740; x_wconf 88' lang='lat'><strong>:</strong></span> <span class='ocrx_word' id='word_1_34' title='bbox 1119 679 1546 756; x_wconf 84' lang='lat' dir='ltr'><strong>quandoquidem</strong></span> <span class='ocrx_word' id='word_1_35' title='bbox 1575 682 1632 729; x_wconf 92' lang='lat' dir='ltr'><strong>et</strong></span> <span class='ocrx_word' id='word_1_36' title='bbox 1658 672 1880 728; x_wconf 68' lang='lat' dir='ltr'><strong>Eliszeus</strong></span> <span class='ocrx_word' id='word_1_37' title='bbox 1907 667 1991 722; x_wconf 83' lang='lat' dir='ltr'><strong>di-</strong></span> 
     </span>
    </p>
   </div>
   <div class='ocr_carea' id='block_1_6' title="bbox 409 758 1994 861">
    <p class='ocr_par' dir='ltr' id='par_1_6' title="bbox 409 758 1994 861">
     <span class='ocr_line' id='line_1_6' title="bbox 409 758 1994 861; baseline -0.021 -15"><span class='ocrx_word' id='word_1_38' title='bbox 409 790 674 861; x_wconf 82' lang='lat' dir='ltr'><strong>seipulum</strong></span> <span class='ocrx_word' id='word_1_39' title='bbox 697 784 879 840; x_wconf 80' lang='lat' dir='ltr'><strong>habuit</strong></span> <span class='ocrx_word' id='word_1_40' title='bbox 899 793 1118 835; x_wconf 85' lang='lat' dir='ltr'><strong>avarum</strong></span> <span class='ocrx_word' id='word_1_41' title='bbox 1153 775 1228 846; x_wconf 73' lang='grc'><strong>(4.</strong></span> <span class='ocrx_word' id='word_1_42' title='bbox 1261 772 1388 842; x_wconf 85' lang='lat' dir='ltr'><strong>Reg.</strong></span> <span class='ocrx_word' id='word_1_43' title='bbox 1418 768 1498 840; x_wconf 86' lang='lat'><strong>5),</strong></span> <span class='ocrx_word' id='word_1_44' title='bbox 1525 774 1580 820; x_wconf 89' lang='lat' dir='ltr'><strong>at</strong></span> <span class='ocrx_word' id='word_1_45' title='bbox 1607 779 1713 819; x_wconf 92' lang='lat' dir='ltr'><strong>non</strong></span> <span class='ocrx_word' id='word_1_46' title='bbox 1735 761 1802 816; x_wconf 93' lang='lat' dir='ltr'><strong>ab</strong></span> <span class='ocrx_word' id='word_1_47' title='bbox 1827 758 1994 814; x_wconf 87' lang='lat' dir='ltr'><strong>imbe-</strong></span> 
     </span>
    </p>
   </div>
   <div class='ocr_carea' id='block_1_7' title="bbox 415 850 1992 938">
    <p class='ocr_par' dir='ltr' id='par_1_7' title="bbox 415 850 1992 938">
     <span class='ocr_line' id='line_1_7' title="bbox 415 850 1992 938; baseline -0.023 0"><span class='ocrx_word' id='word_1_48' title='bbox 415 850 634 938; x_wconf 77' lang='lat' dir='ltr'><strong>cillitate.</strong></span> <span class='ocrx_word' id='word_1_49' title='bbox 657 875 912 937; x_wconf 88' lang='lat' dir='ltr'><strong>doctoris,</strong></span> <span class='ocrx_word' id='word_1_50' title='bbox 935 870 1029 927; x_wconf 87' lang='lat' dir='ltr'><strong>sed</strong></span> <span class='ocrx_word' id='word_1_51' title='bbox 1053 885 1083 923; x_wconf 90' lang='lat' dir='ltr'><strong>a</strong></span> <span class='ocrx_word' id='word_1_52' title='bbox 1099 863 1343 933; x_wconf 90' lang='lat' dir='ltr'><strong>discipuli</strong></span> <span class='ocrx_word' id='word_1_53' title='bbox 1368 856 1710 929; x_wconf 77' lang='lat' dir='ltr'><strong>negligentia.</strong></span> <span class='ocrx_word' id='word_1_54' title='bbox 1731 850 1992 922; x_wconf 84' lang='lat' dir='ltr'><strong>Equidem</strong></span> 
     </span>
    </p>
   </div>
   <div class='ocr_carea' id='block_1_8' title="bbox 411 941 1991 1041">
    <p class='ocr_par' dir='ltr' id='par_1_8' title="bbox 411 941 1991 1041">
     <span class='ocr_line' id='line_1_8' title="bbox 411 941 1991 1041; baseline -0.024 -11"><span class='ocrx_word' id='word_1_55' title='bbox 411 973 616 1028; x_wconf 80' lang='lat' dir='ltr'><strong>semina</strong></span> <span class='ocrx_word' id='word_1_56' title='bbox 657 969 836 1041; x_wconf 88' lang='lat' dir='ltr'><strong>jacio:</strong></span> <span class='ocrx_word' id='word_1_57' title='bbox 867 965 913 1019; x_wconf 91' lang='lat' dir='ltr'><strong>si</strong></span> <span class='ocrx_word' id='word_1_58' title='bbox 943 974 1084 1018; x_wconf 89' lang='lat' dir='ltr'><strong>terra</strong></span> <span class='ocrx_word' id='word_1_59' title='bbox 1124 959 1198 1013; x_wconf 90' lang='lat' dir='ltr'><strong>sis</strong></span> <span class='ocrx_word' id='word_1_60' title='bbox 1227 953 1434 1026; x_wconf 80' lang='lat' dir='ltr'><strong>pinguis</strong></span> <span class='ocrx_word' id='word_1_61' title='bbox 1467 962 1649 1004; x_wconf 90' lang='lat' dir='ltr'><strong>semen</strong></span> <span class='ocrx_word' id='word_1_62' title='bbox 1691 941 1991 1012; x_wconf 85' lang='lat' dir='ltr'><strong>excipiens,</strong></span> 
     </span>
    </p>
   </div>
   <div class='ocr_carea' id='block_1_9' title="bbox 411 1031 1992 1132">
    <p class='ocr_par' dir='ltr' id='par_1_9' title="bbox 411 1031 1992 1132">
     <span class='ocr_line' id='line_1_9' title="bbox 411 1031 1992 1132; baseline -0.025 -11"><span class='ocrx_word' id='word_1_63' title='bbox 411 1067 572 1121; x_wconf 87' lang='lat' dir='ltr'><strong>etiam</strong></span> <span class='ocrx_word' id='word_1_64' title='bbox 602 1069 837 1132; x_wconf 77' lang='lat' dir='ltr'><strong>segetem</strong></span> <span class='ocrx_word' id='word_1_65' title='bbox 881 1053 1096 1118; x_wconf 88' lang='lat' dir='ltr'><strong>reddis;</strong></span> <span class='ocrx_word' id='word_1_66' title='bbox 1147 1049 1228 1105; x_wconf 90' lang='lat' dir='ltr'><strong>sin</strong></span> <span class='ocrx_word' id='word_1_67' title='bbox 1267 1053 1442 1100; x_wconf 90' lang='lat' dir='ltr'><strong>autem</strong></span> <span class='ocrx_word' id='word_1_68' title='bbox 1486 1048 1633 1111; x_wconf 85' lang='lat' dir='ltr'><strong>petra</strong></span> <span class='ocrx_word' id='word_1_69' title='bbox 1659 1035 1734 1092; x_wconf 91' lang='lat' dir='ltr'><strong>sis</strong></span> <span class='ocrx_word' id='word_1_70' title='bbox 1761 1031 1992 1094; x_wconf 87' lang='lat' dir='ltr'><strong>sterilis,</strong></span> 
     </span>
    </p>
   </div>
   <div class='ocr_carea' id='block_1_10' title="bbox 416 1121 1990 1213">
    <p class='ocr_par' dir='ltr' id='par_1_10' title="bbox 416 1121 1990 1213">
     <span class='ocr_line' id='line_1_10' title="bbox 416 1121 1990 1213; baseline -0.026 1"><span class='ocrx_word' id='word_1_71' title='bbox 416 1158 562 1213; x_wconf 88' lang='lat' dir='ltr'><strong>nullo</strong></span> <span class='ocrx_word' id='word_1_72' title='bbox 583 1168 703 1210; x_wconf 93' lang='lat' dir='ltr'><strong>meo</strong></span> <span class='ocrx_word' id='word_1_73' title='bbox 722 1150 851 1206; x_wconf 84' lang='lat' dir='ltr'><strong>vitio</strong></span> <span class='ocrx_word' id='word_1_74' title='bbox 876 1147 928 1202; x_wconf 90' lang='lat' dir='ltr'><strong>id</strong></span> <span class='ocrx_word' id='word_1_75' title='bbox 954 1145 1012 1199; x_wconf 79' lang='lat' dir='ltr'><strong>fit</strong></span> <span class='ocrx_word' id='word_1_76' title='bbox 1037 1161 1052 1197; x_wconf 90' lang='lat'><strong>:</strong></span> <span class='ocrx_word' id='word_1_77' title='bbox 1073 1142 1185 1197; x_wconf 91' lang='lat' dir='ltr'><strong>sive</strong></span> <span class='ocrx_word' id='word_1_78' title='bbox 1204 1135 1454 1198; x_wconf 89' lang='lat' dir='ltr'><strong>audieris,</strong></span> <span class='ocrx_word' id='word_1_79' title='bbox 1479 1132 1590 1186; x_wconf 84' lang='lat' dir='ltr'><strong>sive</strong></span> <span class='ocrx_word' id='word_1_80' title='bbox 1613 1142 1716 1183; x_wconf 88' lang='lat' dir='ltr'><strong>non</strong></span> <span class='ocrx_word' id='word_1_81' title='bbox 1739 1121 1990 1186; x_wconf 89' lang='lat' dir='ltr'><strong>audieris,</strong></span> 
     </span>
    </p>
   </div>
   <div class='ocr_carea' id='block_1_11' title="bbox 416 1221 1995 1322">
    <p class='ocr_par' dir='ltr' id='par_1_11' title="bbox 416 1221 1995 1322">
     <span class='ocr_line' id='line_1_11' title="bbox 416 1221 1995 1322; baseline -0.024 -16"><span class='ocrx_word' id='word_1_82' title='bbox 416 1248 693 1322; x_wconf 89' lang='lat' dir='ltr'><strong>spirituale</strong></span> <span class='ocrx_word' id='word_1_83' title='bbox 719 1244 813 1299; x_wconf 91' lang='lat' dir='ltr'><strong>tibi</strong></span> <span class='ocrx_word' id='word_1_84' title='bbox 838 1253 1054 1296; x_wconf 81' lang='lat' dir='ltr'><strong>carmen</strong></span> <span class='ocrx_word' id='word_1_85' title='bbox 1082 1233 1327 1289; x_wconf 90' lang='lat' dir='ltr'><strong>occincre</strong></span> <span class='ocrx_word' id='word_1_86' title='bbox 1347 1271 1362 1294; x_wconf 95' lang='lat'><strong>,</strong></span> <span class='ocrx_word' id='word_1_87' title='bbox 1385 1226 1605 1280; x_wconf 88' lang='lat' dir='ltr'><strong>vulnera</strong></span> <span class='ocrx_word' id='word_1_88' title='bbox 1632 1221 1872 1288; x_wconf 82' lang='lat' dir='ltr'><strong>mitigare</strong></span> <span class='ocrx_word' id='word_1_89' title='bbox 1889 1229 1995 1270; x_wconf 89' lang='lat' dir='ltr'><strong>non</strong></span> 
     </span>
    </p>
   </div>
   <div class='ocr_carea' id='block_1_12' title="bbox 415 1307 1996 1402">
    <p class='ocr_par' dir='ltr' id='par_1_12' title="bbox 415 1307 1996 1402">
     <span class='ocr_line' id='line_1_12' title="bbox 415 1307 1996 1402; baseline -0.025 -6"><span class='ocrx_word' id='word_1_90' title='bbox 415 1307 653 1396; x_wconf 64' lang='lat' dir='ltr'><strong>desinam</strong></span> <span class='ocrx_word' id='word_1_91' title='bbox 675 1379 690 1402; x_wconf 95' lang='lat'><strong>,</strong></span> <span class='ocrx_word' id='word_1_92' title='bbox 720 1349 788 1390; x_wconf 88' lang='lat' dir='ltr'><strong>ne</strong></span> <span class='ocrx_word' id='word_1_93' title='bbox 813 1335 867 1388; x_wconf 88' lang='lat' dir='ltr'><strong>in</strong></span> <span class='ocrx_word' id='word_1_94' title='bbox 895 1331 983 1386; x_wconf 91' lang='lat' dir='ltr'><strong>illo</strong></span> <span class='ocrx_word' id='word_1_95' title='bbox 1007 1327 1096 1382; x_wconf 88' lang='lat' dir='ltr'><strong>die</strong></span> <span class='ocrx_word' id='word_1_96' title='bbox 1120 1322 1329 1378; x_wconf 87' lang='lat' dir='ltr'><strong>audiam</strong></span> <span class='ocrx_word' id='word_1_97' title='bbox 1352 1360 1368 1385; x_wconf 94' lang='lat'><strong>,</strong></span> <span class='ocrx_word' id='word_1_98' title='bbox 1401 1316 1554 1372; x_wconf 87' lang='lat' dir='ltr'><strong>Serve</strong></span> <span class='ocrx_word' id='word_1_99' title='bbox 1579 1312 1709 1364; x_wconf 83' lang='lat' dir='ltr'><strong>male</strong></span> <span class='ocrx_word' id='word_1_100' title='bbox 1729 1352 1744 1374; x_wconf 91' lang='lat'><strong>,</strong></span> <span class='ocrx_word' id='word_1_101' title='bbox 1775 1307 1996 1377; x_wconf 78' lang='lat' dir='ltr'><strong>oportuit</strong></span> 
     </span>
    </p>
   </div>
   <div class='ocr_carea' id='block_1_13' title="bbox 416 1395 1993 1494">
    <p class='ocr_par' dir='ltr' id='par_1_13' title="bbox 416 1395 1993 1494">
     <span class='ocr_line' id='line_1_13' title="bbox 416 1395 1993 1494; baseline -0.025 -7"><span class='ocrx_word' id='word_1_102' title='bbox 416 1442 464 1486; x_wconf 90' lang='lat' dir='ltr'><strong>te</strong></span> <span class='ocrx_word' id='word_1_103' title='bbox 495 1430 797 1485; x_wconf 77' lang='lat' dir='ltr'><strong>committere</strong></span> <span class='ocrx_word' id='word_1_104' title='bbox 830 1421 1093 1494; x_wconf 83' lang='lat' dir='ltr'><strong>pecuniam</strong></span> <span class='ocrx_word' id='word_1_105' title='bbox 1130 1428 1292 1468; x_wconf 90' lang='lat' dir='ltr'><strong>meam</strong></span> <span class='ocrx_word' id='word_1_106' title='bbox 1329 1405 1626 1462; x_wconf 84' lang='lat' dir='ltr'><strong>nuntulariis</strong></span> <span class='ocrx_word' id='word_1_107' title='bbox 1669 1399 1879 1474; x_wconf 84' lang='lat' dir='ltr'><strong>(Matth.</strong></span> <span class='ocrx_word' id='word_1_108' title='bbox 1901 1395 1993 1452; x_wconf 70' lang='lat'><strong>25.</strong></span> 
     </span>
    </p>
   </div>
   <div class='ocr_carea' id='block_1_14' title="bbox 414 1486 1998 1594">
    <p class='ocr_par' dir='ltr' id='par_1_14' title="bbox 414 1486 1998 1594">
     <span class='ocr_line' id='line_1_14' title="bbox 414 1486 1998 1594; baseline -0.025 -16"><span class='ocrx_word' id='word_1_109' title='bbox 414 1523 546 1594; x_wconf 70' lang='lat'><strong>26).</strong></span> <span class='ocrx_word' id='word_1_110' title='bbox 591 1520 723 1575; x_wconf 81' lang='lat' dir='ltr'><strong>Voce</strong></span> <span class='ocrx_word' id='word_1_111' title='bbox 764 1532 874 1571; x_wconf 84' lang='lat' dir='ltr'><strong>mea</strong></span> <span class='ocrx_word' id='word_1_112' title='bbox 909 1513 976 1566; x_wconf 88' lang='lat' dir='ltr'><strong>ad</strong></span> <span class='ocrx_word' id='word_1_113' title='bbox 1023 1507 1295 1562; x_wconf 88' lang='lat' dir='ltr'><strong>Dominum</strong></span> <span class='ocrx_word' id='word_1_114' title='bbox 1322 1498 1580 1563; x_wconf 81' lang='lat' dir='ltr'><strong>clamavi;</strong></span> <span class='ocrx_word' id='word_1_115' title='bbox 1625 1509 1741 1548; x_wconf 79' lang='lat' dir='ltr'><strong>voce</strong></span> <span class='ocrx_word' id='word_1_116' title='bbox 1781 1505 1890 1543; x_wconf 87' lang='lat' dir='ltr'><strong>mea</strong></span> <span class='ocrx_word' id='word_1_117' title='bbox 1930 1486 1998 1540; x_wconf 91' lang='lat' dir='ltr'><strong>ad</strong></span> 
     </span>
    </p>
   </div>
   <div class='ocr_carea' id='block_1_15' title="bbox 415 1589 1495 1681">
    <p class='ocr_par' dir='ltr' id='par_1_15' title="bbox 415 1589 1495 1681">
     <span class='ocr_line' id='line_1_15' title="bbox 415 1589 1495 1681; baseline -0.027 -10"><span class='ocrx_word' id='word_1_118' title='bbox 415 1589 583 1670; x_wconf 79' lang='lat' dir='ltr'><strong>Deum</strong></span> <span class='ocrx_word' id='word_1_119' title='bbox 614 1613 906 1681; x_wconf 74' lang='lat' dir='ltr'><strong>deprecatus</strong></span> <span class='ocrx_word' id='word_1_120' title='bbox 934 1619 1046 1658; x_wconf 89' lang='lat' dir='ltr'><strong>sum</strong></span> <span class='ocrx_word' id='word_1_121' title='bbox 1070 1597 1240 1671; x_wconf 88' lang='lat' dir='ltr'><strong>(Psal.</strong></span> <span class='ocrx_word' id='word_1_122' title='bbox 1272 1589 1495 1660; x_wconf 61' lang='lat' dir='ltr'><strong>HLS).</strong></span> 
     </span>
    </p>
   </div>
   <div class='ocr_carea' id='block_1_16' title="bbox 489 1668 1998 1761">
    <p class='ocr_par' dir='ltr' id='par_1_16' title="bbox 489 1668 1998 1761">
     <span class='ocr_line' id='line_1_16' title="bbox 489 1668 1998 1761; baseline -0.026 -2"><span class='ocrx_word' id='word_1_123' title='bbox 489 1707 544 1759; x_wconf 81' lang='grc'><strong>5.</strong></span> <span class='ocrx_word' id='word_1_124' title='bbox 585 1668 770 1758; x_wconf 74' lang='lat' dir='ltr'><strong>Contra</strong></span> <span class='ocrx_word' id='word_1_125' title='bbox 791 1697 1055 1750; x_wconf 74' lang='lat' dir='ltr'><strong>Anomaeos</strong></span> <span class='ocrx_word' id='word_1_126' title='bbox 1079 1668 1222 1761; x_wconf 24' lang='lat' dir='ltr'><strong>vagit;</strong></span> <span class='ocrx_word' id='word_1_127' title='bbox 1251 1702 1283 1738; x_wconf 92' lang='lat' dir='ltr'><strong>a</strong></span> <span class='ocrx_word' id='word_1_128' title='bbox 1309 1677 1590 1750; x_wconf 87' lang='lat' dir='ltr'><strong>Scripturis</strong></span> <span class='ocrx_word' id='word_1_129' title='bbox 1616 1682 1787 1746; x_wconf 87' lang='lat' dir='ltr'><strong>petunt</strong></span> <span class='ocrx_word' id='word_1_130' title='bbox 1816 1668 1998 1725; x_wconf 73' lang='lat' dir='ltr'><strong>erroris</strong></span> 
     </span>
    </p>
   </div>
   <div class='ocr_carea' id='block_1_17' title="bbox 417 1765 1997 1850">
    <p class='ocr_par' dir='ltr' id='par_1_17' title="bbox 417 1765 1997 1850">
     <span class='ocr_line' id='line_1_17' title="bbox 417 1765 1997 1850; baseline -0.025 0"><span class='ocrx_word' id='word_1_131' title='bbox 417 1811 596 1850; x_wconf 86' lang='lat' dir='ltr'><strong>ansam</strong></span> <span class='ocrx_word' id='word_1_132' title='bbox 627 1787 866 1846; x_wconf 65' lang='lat' dir='ltr'><strong>haeretici.</strong></span> <span class='ocrx_word' id='word_1_133' title='bbox 906 1814 978 1825; x_wconf 84' lang='lat'><strong>--</strong></span> <span class='ocrx_word' id='word_1_134' title='bbox 1003 1780 1138 1850; x_wconf 88' lang='lat' dir='ltr'><strong>Quid</strong></span> <span class='ocrx_word' id='word_1_135' title='bbox 1177 1778 1256 1832; x_wconf 89' lang='lat' dir='ltr'><strong>ais</strong></span> <span class='ocrx_word' id='word_1_136' title='bbox 1279 1815 1295 1839; x_wconf 95' lang='lat'><strong>,</strong></span> <span class='ocrx_word' id='word_1_137' title='bbox 1335 1767 1627 1827; x_wconf 71' lang='lat' dir='ltr'><strong>ltmretice?</strong></span> <span class='ocrx_word' id='word_1_138' title='bbox 1665 1765 1732 1820; x_wconf 86' lang='lat' dir='ltr'><strong>de</strong></span> <span class='ocrx_word' id='word_1_139' title='bbox 1768 1773 1997 1832; x_wconf 91' lang='lat' dir='ltr'><strong>quonam</strong></span> 
     </span>
    </p>
   </div>
   <div class='ocr_carea' id='block_1_18' title="bbox 421 1850 1999 1952">
    <p class='ocr_par' dir='ltr' id='par_1_18' title="bbox 421 1850 1999 1952">
     <span class='ocr_line' id='line_1_18' title="bbox 421 1850 1999 1952; baseline -0.027 -7"><span class='ocrx_word' id='word_1_140' title='bbox 421 1890 549 1945; x_wconf 93' lang='lat' dir='ltr'><strong>dicit</strong></span> <span class='ocrx_word' id='word_1_141' title='bbox 572 1887 684 1939; x_wconf 67' lang='lat' dir='ltr'><strong>haec</strong></span> <span class='ocrx_word' id='word_1_142' title='bbox 708 1879 982 1952; x_wconf 83' lang='lat' dir='ltr'><strong>propheta,</strong></span> <span class='ocrx_word' id='word_1_143' title='bbox 1006 1883 1058 1929; x_wconf 89' lang='lat' dir='ltr'><strong>et</strong></span> <span class='ocrx_word' id='word_1_144' title='bbox 1074 1885 1231 1943; x_wconf 89' lang='lat' dir='ltr'><strong>quem</strong></span> <span class='ocrx_word' id='word_1_145' title='bbox 1253 1864 1533 1922; x_wconf 92' lang='lat' dir='ltr'><strong>Dominum</strong></span> <span class='ocrx_word' id='word_1_146' title='bbox 1555 1874 1618 1914; x_wconf 92' lang='lat' dir='ltr'><strong>ac</strong></span> <span class='ocrx_word' id='word_1_147' title='bbox 1633 1858 1799 1912; x_wconf 90' lang='lat' dir='ltr'><strong>Deum</strong></span> <span class='ocrx_word' id='word_1_148' title='bbox 1821 1850 1999 1923; x_wconf 83' lang='lat' dir='ltr'><strong>appel-</strong></span> 
     </span>
    </p>
   </div>
   <div class='ocr_carea' id='block_1_19' title="bbox 418 1942 1998 2036">
    <p class='ocr_par' dir='ltr' id='par_1_19' title="bbox 418 1942 1998 2036">
     <span class='ocr_line' id='line_1_19' title="bbox 418 1942 1998 2036; baseline -0.025 -1"><span class='ocrx_word' id='word_1_149' title='bbox 418 1980 524 2035; x_wconf 81' lang='lat' dir='ltr'><strong>lat?</strong></span> <span class='ocrx_word' id='word_1_150' title='bbox 568 1978 634 2031; x_wconf 90' lang='lat' dir='ltr'><strong>de</strong></span> <span class='ocrx_word' id='word_1_151' title='bbox 662 1942 764 2029; x_wconf 78' lang='lat' dir='ltr'><strong>una</strong></span> <span class='ocrx_word' id='word_1_152' title='bbox 787 1942 928 2026; x_wconf 64' lang='lat' dir='ltr'><strong>cnim</strong></span> <span class='ocrx_word' id='word_1_153' title='bbox 958 1942 1184 2036; x_wconf 84' lang='lat' dir='ltr'><strong>persona</strong></span> <span class='ocrx_word' id='word_1_154' title='bbox 1216 1959 1275 2013; x_wconf 86' lang='lat' dir='ltr'><strong>ﬁt</strong></span> <span class='ocrx_word' id='word_1_155' title='bbox 1299 1969 1496 2012; x_wconf 89' lang='lat' dir='ltr'><strong>sermo.</strong></span> <span class='ocrx_word' id='word_1_156' title='bbox 1544 1951 1622 2006; x_wconf 88' lang='lat' dir='ltr'><strong>Illi</strong></span> <span class='ocrx_word' id='word_1_157' title='bbox 1659 1947 1916 2017; x_wconf 84' lang='lat' dir='ltr'><strong>siquidem</strong></span> <span class='ocrx_word' id='word_1_158' title='bbox 1945 1942 1998 1996; x_wconf 90' lang='lat' dir='ltr'><strong>in</strong></span> 
     </span>
    </p>
   </div>
   <div class='ocr_carea' id='block_1_20' title="bbox 419 2045 2000 2135">
    <p class='ocr_par' dir='ltr' id='par_1_20' title="bbox 419 2045 2000 2135">
     <span class='ocr_line' id='line_1_20' title="bbox 419 2045 2000 2135; baseline -0.025 -10"><span class='ocrx_word' id='word_1_159' title='bbox 419 2084 573 2124; x_wconf 91' lang='lat' dir='ltr'><strong>suum</strong></span> <span class='ocrx_word' id='word_1_160' title='bbox 599 2072 758 2135; x_wconf 88' lang='lat' dir='ltr'><strong>caput</strong></span> <span class='ocrx_word' id='word_1_161' title='bbox 785 2061 1084 2130; x_wconf 86' lang='lat' dir='ltr'><strong>Scripturas</strong></span> <span class='ocrx_word' id='word_1_162' title='bbox 1109 2051 1471 2106; x_wconf 90' lang='lat' dir='ltr'><strong>adulterantes</strong></span> <span class='ocrx_word' id='word_1_163' title='bbox 1493 2084 1508 2109; x_wconf 93' lang='lat'><strong>,</strong></span> <span class='ocrx_word' id='word_1_164' title='bbox 1541 2056 1605 2097; x_wconf 90' lang='lat' dir='ltr'><strong>ac</strong></span> <span class='ocrx_word' id='word_1_165' title='bbox 1628 2045 1885 2110; x_wconf 90' lang='lat' dir='ltr'><strong>perpetuo</strong></span> <span class='ocrx_word' id='word_1_166' title='bbox 1910 2049 2000 2088; x_wconf 85' lang='lat' dir='ltr'><strong>ar-</strong></span> 
     </span>
    </p>
   </div>
   <div class='ocr_carea' id='block_1_21' title="bbox 420 2129 2000 2231">
    <p class='ocr_par' dir='ltr' id='par_1_21' title="bbox 420 2129 2000 2231">
     <span class='ocr_line' id='line_1_21' title="bbox 420 2129 2000 2231; baseline -0.023 -16"><span class='ocrx_word' id='word_1_167' title='bbox 420 2165 671 2231; x_wconf 84' lang='lat' dir='ltr'><strong>gumenta</strong></span> <span class='ocrx_word' id='word_1_168' title='bbox 693 2129 948 2208; x_wconf 85' lang='lat' dir='ltr'><strong>adversus</strong></span> <span class='ocrx_word' id='word_1_169' title='bbox 974 2147 1196 2203; x_wconf 86' lang='lat' dir='ltr'><strong>salutem</strong></span> <span class='ocrx_word' id='word_1_170' title='bbox 1220 2154 1368 2197; x_wconf 90' lang='lat' dir='ltr'><strong>suam</strong></span> <span class='ocrx_word' id='word_1_171' title='bbox 1391 2135 1776 2208; x_wconf 85' lang='lat' dir='ltr'><strong>perquirentes,</strong></span> <span class='ocrx_word' id='word_1_172' title='bbox 1804 2129 1856 2183; x_wconf 92' lang='lat' dir='ltr'><strong>in</strong></span> <span class='ocrx_word' id='word_1_173' title='bbox 1875 2141 2000 2198; x_wconf 90' lang='lat' dir='ltr'><strong>per-</strong></span> 
     </span>
    </p>
   </div>
   <div class='ocr_carea' id='block_1_22' title="bbox 421 2215 2004 2306">
    <p class='ocr_par' dir='ltr' id='par_1_22' title="bbox 421 2215 2004 2306">
     <span class='ocr_line' id='line_1_22' title="bbox 421 2215 2004 2306; baseline -0.023 -1"><span class='ocrx_word' id='word_1_174' title='bbox 421 2248 637 2304; x_wconf 78' lang='lat' dir='ltr'><strong>ditionis</strong></span> <span class='ocrx_word' id='word_1_175' title='bbox 664 2242 968 2300; x_wconf 91' lang='lat' dir='ltr'><strong>barathrum</strong></span> <span class='ocrx_word' id='word_1_176' title='bbox 995 2237 1197 2306; x_wconf 88' lang='lat' dir='ltr'><strong>seipsos</strong></span> <span class='ocrx_word' id='word_1_177' title='bbox 1223 2228 1510 2286; x_wconf 86' lang='lat' dir='ltr'><strong>detrudere</strong></span> <span class='ocrx_word' id='word_1_178' title='bbox 1535 2239 1594 2279; x_wconf 91' lang='lat' dir='ltr'><strong>se</strong></span> <span class='ocrx_word' id='word_1_179' title='bbox 1629 2236 1735 2277; x_wconf 88' lang='lat' dir='ltr'><strong>non</strong></span> <span class='ocrx_word' id='word_1_180' title='bbox 1766 2215 2004 2274; x_wconf 81' lang='lat' dir='ltr'><strong>animad-</strong></span> 
     </span>
    </p>
   </div>
   <div class='ocr_carea' id='block_1_23' title="bbox 421 2311 2002 2398">
    <p class='ocr_par' dir='ltr' id='par_1_23' title="bbox 421 2311 2002 2398">
     <span class='ocr_line' id='line_1_23' title="bbox 421 2311 2002 2398; baseline -0.023 -1"><span class='ocrx_word' id='word_1_181' title='bbox 421 2349 652 2398; x_wconf 88' lang='lat' dir='ltr'><strong>vertunt.</strong></span> <span class='ocrx_word' id='word_1_182' title='bbox 682 2338 872 2392; x_wconf 85' lang='lat' dir='ltr'><strong>Filium</strong></span> <span class='ocrx_word' id='word_1_183' title='bbox 899 2332 1040 2387; x_wconf 89' lang='lat' dir='ltr'><strong>enim</strong></span> <span class='ocrx_word' id='word_1_184' title='bbox 1065 2325 1159 2384; x_wconf 88' lang='lat' dir='ltr'><strong>Dei</strong></span> <span class='ocrx_word' id='word_1_185' title='bbox 1188 2335 1364 2392; x_wconf 84' lang='lat' dir='ltr'><strong>neque</strong></span> <span class='ocrx_word' id='word_1_186' title='bbox 1387 2318 1476 2390; x_wconf 88' lang='lat' dir='ltr'><strong>qui</strong></span> <span class='ocrx_word' id='word_1_187' title='bbox 1502 2314 1700 2378; x_wconf 88' lang='lat' dir='ltr'><strong>laudat,</strong></span> <span class='ocrx_word' id='word_1_188' title='bbox 1725 2311 2002 2368; x_wconf 87' lang='lat' dir='ltr'><strong>clariorem</strong></span> 
     </span>
    </p>
   </div>
   <div class='ocr_carea' id='block_1_24' title="bbox 425 2400 2003 2498">
    <p class='ocr_par' dir='ltr' id='par_1_24' title="bbox 425 2400 2003 2498">
     <span class='ocr_line' id='line_1_24' title="bbox 425 2400 2003 2498; baseline -0.025 -8"><span class='ocrx_word' id='word_1_189' title='bbox 425 2434 626 2493; x_wconf 84' lang='lat' dir='ltr'><strong>el‘licit;</strong></span> <span class='ocrx_word' id='word_1_190' title='bbox 655 2441 828 2498; x_wconf 89' lang='lat' dir='ltr'><strong>neque</strong></span> <span class='ocrx_word' id='word_1_191' title='bbox 856 2423 946 2493; x_wconf 92' lang='lat' dir='ltr'><strong>qni</strong></span> <span class='ocrx_word' id='word_1_192' title='bbox 985 2414 1328 2488; x_wconf 80' lang='lat' dir='ltr'><strong>blaspltemiis</strong></span> <span class='ocrx_word' id='word_1_193' title='bbox 1353 2421 1407 2466; x_wconf 91' lang='lat' dir='ltr'><strong>et</strong></span> <span class='ocrx_word' id='word_1_194' title='bbox 1433 2404 1770 2463; x_wconf 87' lang='lat' dir='ltr'><strong>contumeliis</strong></span> <span class='ocrx_word' id='word_1_195' title='bbox 1798 2400 1960 2455; x_wconf 76' lang='lat' dir='ltr'><strong>afﬁcit</strong></span> <span class='ocrx_word' id='word_1_196' title='bbox 1987 2439 2003 2464; x_wconf 92' lang='lat'><strong>,</strong></span> 
     </span>
    </p>
   </div>
   <div class='ocr_carea' id='block_1_25' title="bbox 427 2497 2008 2582">
    <p class='ocr_par' dir='ltr' id='par_1_25' title="bbox 427 2497 2008 2582">
     <span class='ocr_line' id='line_1_25' title="bbox 427 2497 2008 2582; baseline -0.023 -1"><span class='ocrx_word' id='word_1_197' title='bbox 427 2526 572 2581; x_wconf 67' lang='lat' dir='ltr'><strong>laidit</strong></span> <span class='ocrx_word' id='word_1_198' title='bbox 600 2541 613 2576; x_wconf 88' lang='lat'>:</span> <span class='ocrx_word' id='word_1_199' title='bbox 642 2536 748 2576; x_wconf 87' lang='lat' dir='ltr'><strong>non</strong></span> <span class='ocrx_word' id='word_1_200' title='bbox 775 2519 916 2573; x_wconf 90' lang='lat' dir='ltr'><strong>enim</strong></span> <span class='ocrx_word' id='word_1_201' title='bbox 941 2513 1141 2582; x_wconf 92' lang='lat' dir='ltr'><strong>indiget</strong></span> <span class='ocrx_word' id='word_1_202' title='bbox 1166 2506 1322 2563; x_wconf 89' lang='lat' dir='ltr'><strong>laude</strong></span> <span class='ocrx_word' id='word_1_203' title='bbox 1345 2511 1526 2559; x_wconf 86' lang='lat' dir='ltr'><strong>nostra</strong></span> <span class='ocrx_word' id='word_1_204' title='bbox 1547 2509 1735 2554; x_wconf 86' lang='lat' dir='ltr'><strong>natura</strong></span> <span class='ocrx_word' id='word_1_205' title='bbox 1758 2497 2008 2562; x_wconf 88' lang='lat' dir='ltr'><strong>incorpo-</strong></span> 
     </span>
    </p>
   </div>
   <div class='ocr_carea' id='block_1_26' title="bbox 427 2583 2006 2682">
    <p class='ocr_par' dir='ltr' id='par_1_26' title="bbox 427 2583 2006 2682">
     <span class='ocr_line' id='line_1_26' title="bbox 427 2583 2006 2682; baseline -0.025 -8"><span class='ocrx_word' id='word_1_206' title='bbox 427 2632 546 2681; x_wconf 89' lang='lat' dir='ltr'><strong>rea;</strong></span> <span class='ocrx_word' id='word_1_207' title='bbox 571 2613 668 2670; x_wconf 88' lang='lat' dir='ltr'><strong>sed</strong></span> <span class='ocrx_word' id='word_1_208' title='bbox 688 2603 1135 2682; x_wconf 86' lang='lat' dir='ltr'><strong>quemadmodum</strong></span> <span class='ocrx_word' id='word_1_209' title='bbox 1154 2601 1200 2655; x_wconf 90' lang='lat' dir='ltr'><strong>is</strong></span> <span class='ocrx_word' id='word_1_210' title='bbox 1217 2597 1305 2668; x_wconf 90' lang='lat' dir='ltr'><strong>qui</strong></span> <span class='ocrx_word' id='word_1_211' title='bbox 1319 2590 1653 2666; x_wconf 89' lang='lat' dir='ltr'><strong>splendidum</strong></span> <span class='ocrx_word' id='word_1_212' title='bbox 1670 2587 1838 2642; x_wconf 88' lang='lat' dir='ltr'><strong>solem</strong></span> <span class='ocrx_word' id='word_1_213' title='bbox 1856 2583 2006 2648; x_wconf 88' lang='lat' dir='ltr'><strong>dicit,</strong></span> 
     </span>
    </p>
   </div>
   <div class='ocr_carea' id='block_1_27' title="bbox 429 2677 2010 2766">
    <p class='ocr_par' dir='ltr' id='par_1_27' title="bbox 429 2677 2010 2766">
     <span class='ocr_line' id='line_1_27' title="bbox 429 2677 2010 2766; baseline -0.021 0"><span class='ocrx_word' id='word_1_214' title='bbox 429 2677 600 2766; x_wconf 69' lang='lat' dir='ltr'><strong>lucem</strong></span> <span class='ocrx_word' id='word_1_215' title='bbox 625 2677 824 2761; x_wconf 42' lang='lat' dir='ltr'><strong>illi—non</strong></span> <span class='ocrx_word' id='word_1_216' title='bbox 850 2699 1017 2765; x_wconf 84' lang='lat' dir='ltr'><strong>addit,</strong></span> <span class='ocrx_word' id='word_1_217' title='bbox 1040 2709 1214 2764; x_wconf 90' lang='lat' dir='ltr'><strong>neque</strong></span> <span class='ocrx_word' id='word_1_218' title='bbox 1239 2690 1327 2761; x_wconf 91' lang='lat' dir='ltr'><strong>qui</strong></span> <span class='ocrx_word' id='word_1_219' title='bbox 1353 2687 1480 2744; x_wconf 85' lang='lat' dir='ltr'><strong>dicit</strong></span> <span class='ocrx_word' id='word_1_220' title='bbox 1505 2683 1863 2746; x_wconf 89' lang='lat' dir='ltr'><strong>tenebrosum,</strong></span> <span class='ocrx_word' id='word_1_221' title='bbox 1885 2677 2010 2734; x_wconf 87' lang='lat' dir='ltr'><strong>sub-</strong></span> 
     </span>
    </p>
   </div>
   <div class='ocr_carea' id='block_1_28' title="bbox 429 2771 2011 2864">
    <p class='ocr_par' dir='ltr' id='par_1_28' title="bbox 429 2771 2011 2864">
     <span class='ocr_line' id='line_1_28' title="bbox 429 2771 2011 2864; baseline -0.022 -8"><span class='ocrx_word' id='word_1_222' title='bbox 429 2799 680 2856; x_wconf 86' lang='lat' dir='ltr'><strong>stantiam</strong></span> <span class='ocrx_word' id='word_1_223' title='bbox 700 2795 816 2864; x_wconf 86' lang='lat' dir='ltr'><strong>ejus</strong></span> <span class='ocrx_word' id='word_1_224' title='bbox 838 2787 1123 2852; x_wconf 88' lang='lat' dir='ltr'><strong>imminuit,</strong></span> <span class='ocrx_word' id='word_1_225' title='bbox 1146 2783 1239 2838; x_wconf 89' lang='lat' dir='ltr'><strong>sed</strong></span> <span class='ocrx_word' id='word_1_226' title='bbox 1260 2779 1489 2852; x_wconf 72' lang='lat' dir='ltr'><strong>propriae</strong></span> <span class='ocrx_word' id='word_1_227' title='bbox 1509 2773 1763 2832; x_wconf 82' lang='lat' dir='ltr'><strong>caecitatis</strong></span> <span class='ocrx_word' id='word_1_228' title='bbox 1784 2771 2011 2825; x_wconf 90' lang='lat' dir='ltr'><strong>indicem</strong></span> 
     </span>
    </p>
   </div>
   <div class='ocr_carea' id='block_1_29' title="bbox 433 2863 2012 2962">
    <p class='ocr_par' dir='ltr' id='par_1_29' title="bbox 433 2863 2012 2962">
     <span class='ocr_line' id='line_1_29' title="bbox 433 2863 2012 2962; baseline -0.021 -16"><span class='ocrx_word' id='word_1_229' title='bbox 433 2889 635 2962; x_wconf 78' lang='lat' dir='ltr'><strong>prol‘ert</strong></span> <span class='ocrx_word' id='word_1_230' title='bbox 677 2863 991 2940; x_wconf 85' lang='lat' dir='ltr'><strong>sententiam</strong></span> <span class='ocrx_word' id='word_1_231' title='bbox 1032 2894 1046 2930; x_wconf 92' lang='lat'><strong>:</strong></span> <span class='ocrx_word' id='word_1_232' title='bbox 1087 2877 1172 2932; x_wconf 76' lang='lat' dir='ltr'><strong>ita:</strong></span> <span class='ocrx_word' id='word_1_233' title='bbox 1196 2873 1286 2944; x_wconf 91' lang='lat' dir='ltr'><strong>qui</strong></span> <span class='ocrx_word' id='word_1_234' title='bbox 1327 2870 1516 2926; x_wconf 85' lang='lat' dir='ltr'><strong>Filium</strong></span> <span class='ocrx_word' id='word_1_235' title='bbox 1558 2867 1650 2921; x_wconf 89' lang='lat' dir='ltr'><strong>Dei</strong></span> <span class='ocrx_word' id='word_1_236' title='bbox 1688 2863 1880 2920; x_wconf 89' lang='lat' dir='ltr'><strong>Filium</strong></span> <span class='ocrx_word' id='word_1_237' title='bbox 1907 2874 2012 2914; x_wconf 91' lang='lat' dir='ltr'><strong>non</strong></span> 
     </span>
    </p>
   </div>
   <div class='ocr_carea' id='block_1_30' title="bbox 434 2957 2012 3048">
    <p class='ocr_par' dir='ltr' id='par_1_30' title="bbox 434 2957 2012 3048">
     <span class='ocr_line' id='line_1_30' title="bbox 434 2957 2012 3048; baseline -0.022 -10"><span class='ocrx_word' id='word_1_238' title='bbox 434 2982 582 3048; x_wconf 89' lang='lat' dir='ltr'><strong>dicit,</strong></span> <span class='ocrx_word' id='word_1_239' title='bbox 607 2987 660 3032; x_wconf 90' lang='lat' dir='ltr'><strong>at</strong></span> <span class='ocrx_word' id='word_1_240' title='bbox 689 2981 1010 3032; x_wconf 88' lang='lat' dir='ltr'><strong>creaturam,</strong></span> <span class='ocrx_word' id='word_1_241' title='bbox 1035 2965 1254 3022; x_wconf 77' lang='lat' dir='ltr'><strong>insania:</strong></span> <span class='ocrx_word' id='word_1_242' title='bbox 1284 2976 1392 3017; x_wconf 77' lang='lat' dir='ltr'><strong>sua:</strong></span> <span class='ocrx_word' id='word_1_243' title='bbox 1413 2957 1589 3030; x_wconf 80' lang='lat' dir='ltr'><strong>prodit</strong></span> <span class='ocrx_word' id='word_1_244' title='bbox 1612 2962 2012 3025; x_wconf 86' lang='lat' dir='ltr'><strong>argumentum;</strong></span> 
     </span>
    </p>
   </div>
   <div class='ocr_carea' id='block_1_31' title="bbox 435 3047 2016 3144">
    <p class='ocr_par' dir='ltr' id='par_1_31' title="bbox 435 3047 2016 3144">
     <span class='ocr_line' id='line_1_31' title="bbox 435 3047 2016 3144; baseline -0.022 -16"><span class='ocrx_word' id='word_1_245' title='bbox 435 3073 524 3144; x_wconf 92' lang='lat' dir='ltr'><strong>qui</strong></span> <span class='ocrx_word' id='word_1_246' title='bbox 550 3085 677 3126; x_wconf 89' lang='lat' dir='ltr'><strong>vero</strong></span> <span class='ocrx_word' id='word_1_247' title='bbox 706 3064 1052 3121; x_wconf 88' lang='lat' dir='ltr'><strong>substantiam</strong></span> <span class='ocrx_word' id='word_1_248' title='bbox 1079 3058 1195 3128; x_wconf 90' lang='lat' dir='ltr'><strong>ejus</strong></span> <span class='ocrx_word' id='word_1_249' title='bbox 1221 3051 1484 3125; x_wconf 85' lang='lat' dir='ltr'><strong>agnoscit,</strong></span> <span class='ocrx_word' id='word_1_250' title='bbox 1509 3047 1835 3120; x_wconf 86' lang='lat' dir='ltr'><strong>probitatem</strong></span> <span class='ocrx_word' id='word_1_251' title='bbox 1864 3056 2016 3097; x_wconf 86' lang='lat' dir='ltr'><strong>suam</strong></span> 
     </span>
    </p>
   </div>
   <div class='ocr_carea' id='block_1_32' title="bbox 438 3136 2020 3226">
    <p class='ocr_par' dir='ltr' id='par_1_32' title="bbox 438 3136 2020 3226">
     <span class='ocr_line' id='line_1_32' title="bbox 438 3136 2020 3226; baseline -0.021 -6"><span class='ocrx_word' id='word_1_252' title='bbox 438 3160 706 3226; x_wconf 87' lang='lat' dir='ltr'><strong>ostendit;</strong></span> <span class='ocrx_word' id='word_1_253' title='bbox 738 3166 792 3214; x_wconf 89' lang='lat' dir='ltr'><strong>et</strong></span> <span class='ocrx_word' id='word_1_254' title='bbox 830 3170 929 3211; x_wconf 89' lang='lat' dir='ltr'><strong>nec</strong></span> <span class='ocrx_word' id='word_1_255' title='bbox 972 3154 1073 3208; x_wconf 88' lang='lat' dir='ltr'><strong>iste</strong></span> <span class='ocrx_word' id='word_1_256' title='bbox 1111 3145 1384 3204; x_wconf 70' lang='lat' dir='ltr'><strong>beneficiis</strong></span> <span class='ocrx_word' id='word_1_257' title='bbox 1417 3142 1589 3213; x_wconf 92' lang='lat' dir='ltr'><strong>ipsum</strong></span> <span class='ocrx_word' id='word_1_258' title='bbox 1617 3136 1888 3200; x_wconf 89' lang='lat' dir='ltr'><strong>cumulat,</strong></span> <span class='ocrx_word' id='word_1_259' title='bbox 1919 3145 2020 3187; x_wconf 90' lang='lat' dir='ltr'><strong>nec</strong></span> 
     </span>
    </p>
   </div>
   <div class='ocr_carea' id='block_1_33' title="bbox 441 3228 2021 3323">
    <p class='ocr_par' dir='ltr' id='par_1_33' title="bbox 441 3228 2021 3323">
     <span class='ocr_line' id='line_1_33' title="bbox 441 3228 2021 3323; baseline -0.022 -11"><span class='ocrx_word' id='word_1_260' title='bbox 441 3259 533 3312; x_wconf 91' lang='lat' dir='ltr'><strong>ille</strong></span> <span class='ocrx_word' id='word_1_261' title='bbox 561 3253 845 3323; x_wconf 79' lang='lat' dir='ltr'><strong>quidquam</strong></span> <span class='ocrx_word' id='word_1_262' title='bbox 873 3249 1045 3317; x_wconf 90' lang='lat' dir='ltr'><strong>ipsum</strong></span> <span class='ocrx_word' id='word_1_263' title='bbox 1070 3241 1238 3307; x_wconf 78' lang='lat' dir='ltr'><strong>lmdit,</strong></span> <span class='ocrx_word' id='word_1_264' title='bbox 1267 3237 1360 3293; x_wconf 91' lang='lat' dir='ltr'><strong>sed</strong></span> <span class='ocrx_word' id='word_1_265' title='bbox 1386 3236 1473 3291; x_wconf 89' lang='lat' dir='ltr'><strong>hic</strong></span> <span class='ocrx_word' id='word_1_266' title='bbox 1495 3231 1706 3304; x_wconf 88' lang='lat' dir='ltr'><strong>quidem</strong></span> <span class='ocrx_word' id='word_1_267' title='bbox 1737 3244 1832 3300; x_wconf 92' lang='lat' dir='ltr'><strong>pro</strong></span> <span class='ocrx_word' id='word_1_268' title='bbox 1853 3228 2021 3282; x_wconf 88' lang='lat' dir='ltr'><strong>salute</strong></span> 
     </span>
    </p>
   </div>
   <div class='ocr_carea' id='block_1_34' title="bbox 441 3321 2019 3411">
    <p class='ocr_par' dir='ltr' id='par_1_34' title="bbox 441 3321 2019 3411">
     <span class='ocr_line' id='line_1_34' title="bbox 441 3321 2019 3411; baseline -0.02 -8"><span class='ocrx_word' id='word_1_269' title='bbox 441 3367 562 3411; x_wconf 80' lang='lat' dir='ltr'><strong>sua,</strong></span> <span class='ocrx_word' id='word_1_270' title='bbox 586 3346 674 3400; x_wconf 88' lang='lat' dir='ltr'><strong>ille</strong></span> <span class='ocrx_word' id='word_1_271' title='bbox 701 3357 827 3398; x_wconf 88' lang='lat' dir='ltr'><strong>vero</strong></span> <span class='ocrx_word' id='word_1_272' title='bbox 847 3341 1101 3394; x_wconf 80' lang='lat' dir='ltr'><strong>adversus</strong></span> <span class='ocrx_word' id='word_1_273' title='bbox 1129 3335 1350 3389; x_wconf 89' lang='lat' dir='ltr'><strong>salutem</strong></span> <span class='ocrx_word' id='word_1_274' title='bbox 1372 3344 1522 3384; x_wconf 88' lang='lat' dir='ltr'><strong>suam</strong></span> <span class='ocrx_word' id='word_1_275' title='bbox 1543 3325 1777 3380; x_wconf 88' lang='lat' dir='ltr'><strong>dimicat.</strong></span> <span class='ocrx_word' id='word_1_276' title='bbox 1804 3321 2019 3383; x_wconf 84' lang='lat' dir='ltr'><strong>Verum,</strong></span> 
     </span>
    </p>
   </div>
   <div class='ocr_carea' id='block_1_35' title="bbox 445 3411 2024 3502">
    <p class='ocr_par' dir='ltr' id='par_1_35' title="bbox 445 3411 2024 3502">
     <span class='ocr_line' id='line_1_35' title="bbox 445 3411 2024 3502; baseline -0.021 -5"><span class='ocrx_word' id='word_1_277' title='bbox 445 3454 504 3497; x_wconf 88' lang='lat' dir='ltr'><strong>ut</strong></span> <span class='ocrx_word' id='word_1_278' title='bbox 555 3437 833 3502; x_wconf 86' lang='lat' dir='ltr'><strong>dicebam,</strong></span> <span class='ocrx_word' id='word_1_279' title='bbox 879 3431 1179 3499; x_wconf 88' lang='lat' dir='ltr'><strong>Scripturas</strong></span> <span class='ocrx_word' id='word_1_280' title='bbox 1222 3422 1615 3481; x_wconf 88' lang='lat' dir='ltr'><strong>adulterantes,</strong></span> <span class='ocrx_word' id='word_1_281' title='bbox 1666 3416 1769 3470; x_wconf 89' lang='lat' dir='ltr'><strong>alia</strong></span> <span class='ocrx_word' id='word_1_282' title='bbox 1808 3411 2024 3484; x_wconf 90' lang='lat' dir='ltr'><strong>quidem</strong></span> 
     </span>
    </p>
   </div>
   <div class='ocr_carea' id='block_1_36' title="bbox 448 3507 2026 3604">
    <p class='ocr_par' dir='ltr' id='par_1_36' title="bbox 448 3507 2026 3604">
     <span class='ocr_line' id='line_1_36' title="bbox 448 3507 2026 3604; baseline -0.021 -18"><span class='ocrx_word' id='word_1_283' title='bbox 448 3530 844 3604; x_wconf 64' lang='lat' dir='ltr'><strong>praetervolant,</strong></span> <span class='ocrx_word' id='word_1_284' title='bbox 875 3527 1120 3594; x_wconf 78' lang='lat' dir='ltr'><strong>qumrnnt</strong></span> <span class='ocrx_word' id='word_1_285' title='bbox 1145 3527 1344 3581; x_wconf 90' lang='lat' dir='ltr'><strong>autem,</strong></span> <span class='ocrx_word' id='word_1_286' title='bbox 1374 3525 1500 3567; x_wconf 89' lang='lat' dir='ltr'><strong>num</strong></span> <span class='ocrx_word' id='word_1_287' title='bbox 1525 3507 1716 3562; x_wconf 89' lang='lat' dir='ltr'><strong>alicubi</strong></span> <span class='ocrx_word' id='word_1_288' title='bbox 1745 3518 2026 3573; x_wconf 87' lang='lat' dir='ltr'><strong>argumen-</strong></span> 
     </span>
    </p>
   </div>
   <div class='ocr_carea' id='block_1_37' title="bbox 449 3591 2026 3692">
    <p class='ocr_par' dir='ltr' id='par_1_37' title="bbox 449 3591 2026 3692">
     <span class='ocr_line' id='line_1_37' title="bbox 449 3591 2026 3692; baseline -0.023 -10"><span class='ocrx_word' id='word_1_289' title='bbox 449 3591 558 3682; x_wconf 61' lang='lat' dir='ltr'><strong>ium</strong></span> <span class='ocrx_word' id='word_1_290' title='bbox 583 3619 794 3692; x_wconf 86' lang='lat' dir='ltr'><strong>aliquod</strong></span> <span class='ocrx_word' id='word_1_291' title='bbox 816 3591 1104 3676; x_wconf 64' lang='lat' dir='ltr'><strong>attendant,</strong></span> <span class='ocrx_word' id='word_1_292' title='bbox 1125 3607 1264 3680; x_wconf 91' lang='lat' dir='ltr'><strong>quod</strong></span> <span class='ocrx_word' id='word_1_293' title='bbox 1290 3607 1524 3676; x_wconf 90' lang='lat' dir='ltr'><strong>ipsorum</strong></span> <span class='ocrx_word' id='word_1_294' title='bbox 1545 3599 1731 3655; x_wconf 91' lang='lat' dir='ltr'><strong>morbo</strong></span> <span class='ocrx_word' id='word_1_295' title='bbox 1751 3591 2026 3665; x_wconf 75' lang='lat' dir='ltr'><strong>suﬂ‘ragari</strong></span> 
     </span>
    </p>
   </div>
   <div class='ocr_carea' id='block_1_38' title="bbox 449 3691 2026 3775">
    <p class='ocr_par' dir='ltr' id='par_1_38' title="bbox 449 3691 2026 3775">
     <span class='ocr_line' id='line_1_38' title="bbox 449 3691 2026 3775; baseline -0.023 0"><span class='ocrx_word' id='word_1_296' title='bbox 449 3734 512 3775; x_wconf 90' lang='lat' dir='ltr'><strong>ac</strong></span> <span class='ocrx_word' id='word_1_297' title='bbox 551 3691 730 3772; x_wconf 82' lang='lat' dir='ltr'><strong>lavere</strong></span> <span class='ocrx_word' id='word_1_298' title='bbox 767 3710 1029 3766; x_wconf 80' lang='lat' dir='ltr'><strong>videatur.</strong></span> <span class='ocrx_word' id='word_1_299' title='bbox 1074 3703 1257 3771; x_wconf 89' lang='lat' dir='ltr'><strong>Neque</strong></span> <span class='ocrx_word' id='word_1_300' title='bbox 1293 3698 1422 3753; x_wconf 90' lang='lat' dir='ltr'><strong>mihi</strong></span> <span class='ocrx_word' id='word_1_301' title='bbox 1462 3704 1516 3749; x_wconf 90' lang='lat' dir='ltr'><strong>tu</strong></span> <span class='ocrx_word' id='word_1_302' title='bbox 1545 3691 1742 3747; x_wconf 81' lang='lat' dir='ltr'><strong>dixeris</strong></span> <span class='ocrx_word' id='word_1_303' title='bbox 1780 3691 1833 3744; x_wconf 92' lang='lat' dir='ltr'><strong>in</strong></span> <span class='ocrx_word' id='word_1_304' title='bbox 1869 3701 2026 3740; x_wconf 89' lang='lat' dir='ltr'><strong>causa</strong></span> 
     </span>
    </p>
   </div>
   <div class='ocr_carea' id='block_1_39' title="bbox 447 3782 2028 3875">
    <p class='ocr_par' dir='ltr' id='par_1_39' title="bbox 447 3782 2028 3875">
     <span class='ocr_line' id='line_1_39' title="bbox 447 3782 2028 3875; baseline -0.022 -8"><span class='ocrx_word' id='word_1_305' title='bbox 447 3825 567 3866; x_wconf 89' lang='lat' dir='ltr'><strong>esse</strong></span> <span class='ocrx_word' id='word_1_306' title='bbox 595 3805 923 3875; x_wconf 86' lang='lat' dir='ltr'><strong>Scripturam</strong></span> <span class='ocrx_word' id='word_1_307' title='bbox 951 3817 965 3855; x_wconf 89' lang='lat'><strong>:</strong></span> <span class='ocrx_word' id='word_1_308' title='bbox 988 3813 1094 3852; x_wconf 92' lang='lat' dir='ltr'><strong>non</strong></span> <span class='ocrx_word' id='word_1_309' title='bbox 1118 3794 1412 3862; x_wconf 82' lang='lat' dir='ltr'><strong>Scriptura,</strong></span> <span class='ocrx_word' id='word_1_310' title='bbox 1437 3787 1530 3842; x_wconf 90' lang='lat' dir='ltr'><strong>sed</strong></span> <span class='ocrx_word' id='word_1_311' title='bbox 1561 3787 1793 3857; x_wconf 90' lang='lat' dir='ltr'><strong>ipsorum</strong></span> <span class='ocrx_word' id='word_1_312' title='bbox 1815 3782 2028 3848; x_wconf 82' lang='lat' dir='ltr'><strong>impro-</strong></span> 
     </span>
    </p>
   </div>
   <div class='ocr_carea' id='block_1_40' title="bbox 450 3870 2031 3958">
    <p class='ocr_par' dir='ltr' id='par_1_40' title="bbox 450 3870 2031 3958">
     <span class='ocr_line' id='line_1_40' title="bbox 450 3870 2031 3958; baseline -0.02 -2"><span class='ocrx_word' id='word_1_313' title='bbox 450 3902 589 3956; x_wconf 86' lang='lat' dir='ltr'><strong>bitas</strong></span> <span class='ocrx_word' id='word_1_314' title='bbox 615 3907 697 3953; x_wconf 91' lang='lat' dir='ltr'><strong>est</strong></span> <span class='ocrx_word' id='word_1_315' title='bbox 716 3870 776 3950; x_wconf 78' lang='lat' dir='ltr'><strong>in</strong></span> <span class='ocrx_word' id='word_1_316' title='bbox 807 3906 968 3948; x_wconf 88' lang='lat' dir='ltr'><strong>causa</strong></span> <span class='ocrx_word' id='word_1_317' title='bbox 999 3906 1013 3943; x_wconf 85' lang='lat'><strong>:</strong></span> <span class='ocrx_word' id='word_1_318' title='bbox 1042 3881 1466 3958; x_wconf 89' lang='lat' dir='ltr'><strong>quandoquidem</strong></span> <span class='ocrx_word' id='word_1_319' title='bbox 1498 3877 1602 3932; x_wconf 92' lang='lat' dir='ltr'><strong>mel</strong></span> <span class='ocrx_word' id='word_1_320' title='bbox 1637 3887 1848 3945; x_wconf 88' lang='lat' dir='ltr'><strong>quoque</strong></span> <span class='ocrx_word' id='word_1_321' title='bbox 1877 3870 2031 3924; x_wconf 90' lang='lat' dir='ltr'><strong>dulce</strong></span> 
     </span>
    </p>
   </div>
   <div class='ocr_carea' id='block_1_41' title="bbox 447 3970 2029 4060">
    <p class='ocr_par' dir='ltr' id='par_1_41' title="bbox 447 3970 2029 4060">
     <span class='ocr_line' id='line_1_41' title="bbox 447 3970 2029 4060; baseline -0.023 -10"><span class='ocrx_word' id='word_1_322' title='bbox 447 4005 549 4060; x_wconf 91' lang='lat' dir='ltr'><strong>est,</strong></span> <span class='ocrx_word' id='word_1_323' title='bbox 576 4001 631 4046; x_wconf 89' lang='lat' dir='ltr'><strong>at</strong></span> <span class='ocrx_word' id='word_1_324' title='bbox 656 3989 747 4060; x_wconf 83' lang='lat' dir='ltr'><strong>qui</strong></span> <span class='ocrx_word' id='word_1_325' title='bbox 769 4001 910 4056; x_wconf 81' lang='lat' dir='ltr'><strong>:rger</strong></span> <span class='ocrx_word' id='word_1_326' title='bbox 933 3991 1035 4046; x_wconf 92' lang='lat' dir='ltr'><strong>est,</strong></span> <span class='ocrx_word' id='word_1_327' title='bbox 1059 3978 1308 4034; x_wconf 90' lang='lat' dir='ltr'><strong>acerbum</strong></span> <span class='ocrx_word' id='word_1_328' title='bbox 1337 3972 1467 4030; x_wconf 89' lang='lat' dir='ltr'><strong>illud</strong></span> <span class='ocrx_word' id='word_1_329' title='bbox 1494 3970 1814 4029; x_wconf 89' lang='lat' dir='ltr'><strong>arbitratur;</strong></span> <span class='ocrx_word' id='word_1_330' title='bbox 1845 3977 2029 4018; x_wconf 84' lang='lat' dir='ltr'><strong>verum</strong></span> 
     </span>
    </p>
   </div>
   <div class='ocr_carea' id='block_1_42' title="bbox 450 4051 2031 4145">
    <p class='ocr_par' dir='ltr' id='par_1_42' title="bbox 450 4051 2031 4145">
     <span class='ocr_line' id='line_1_42' title="bbox 450 4051 2031 4145; baseline -0.023 -4"><span class='ocrx_word' id='word_1_331' title='bbox 450 4100 558 4140; x_wconf 88' lang='lat' dir='ltr'><strong>non</strong></span> <span class='ocrx_word' id='word_1_332' title='bbox 585 4080 759 4137; x_wconf 88' lang='lat' dir='ltr'><strong>mellis</strong></span> <span class='ocrx_word' id='word_1_333' title='bbox 786 4077 941 4145; x_wconf 91' lang='lat' dir='ltr'><strong>culpa</strong></span> <span class='ocrx_word' id='word_1_334' title='bbox 963 4115 976 4140; x_wconf 92' lang='lat'><strong>,</strong></span> <span class='ocrx_word' id='word_1_335' title='bbox 1005 4070 1099 4127; x_wconf 91' lang='lat' dir='ltr'><strong>sed</strong></span> <span class='ocrx_word' id='word_1_336' title='bbox 1127 4063 1448 4122; x_wconf 79' lang='lat' dir='ltr'><strong>inﬁrmitatis</strong></span> <span class='ocrx_word' id='word_1_337' title='bbox 1477 4070 1559 4118; x_wconf 93' lang='lat' dir='ltr'><strong>est</strong></span> <span class='ocrx_word' id='word_1_338' title='bbox 1583 4059 1805 4114; x_wconf 89' lang='lat' dir='ltr'><strong>crimen.</strong></span> <span class='ocrx_word' id='word_1_339' title='bbox 1839 4055 1911 4109; x_wconf 93' lang='lat' dir='ltr'><strong>Ita</strong></span> <span class='ocrx_word' id='word_1_340' title='bbox 1943 4051 2031 4123; x_wconf 88' lang='lat' dir='ltr'><strong>qtti</strong></span> 
     </span>
    </p>
   </div>
   <div class='ocr_carea' id='block_1_43' title="bbox 451 4159 2033 4240">
    <p class='ocr_par' dir='ltr' id='par_1_43' title="bbox 451 4159 2033 4240">
     <span class='ocr_line' id='line_1_43' title="bbox 451 4159 2033 4240; baseline -0.021 -7"><span class='ocrx_word' id='word_1_341' title='bbox 451 4176 635 4232; x_wconf 83' lang='lat' dir='ltr'><strong>inriosi</strong></span> <span class='ocrx_word' id='word_1_342' title='bbox 657 4180 794 4237; x_wconf 89' lang='lat' dir='ltr'><strong>sunt,</strong></span> <span class='ocrx_word' id='word_1_343' title='bbox 821 4184 940 4240; x_wconf 70' lang='lat' dir='ltr'><strong>qua:</strong></span> <span class='ocrx_word' id='word_1_344' title='bbox 961 4164 1228 4228; x_wconf 76' lang='lat' dir='ltr'><strong>videntur,</strong></span> <span class='ocrx_word' id='word_1_345' title='bbox 1248 4174 1352 4213; x_wconf 89' lang='lat' dir='ltr'><strong>non</strong></span> <span class='ocrx_word' id='word_1_346' title='bbox 1370 4162 1597 4212; x_wconf 90' lang='lat' dir='ltr'><strong>cernunt</strong></span> <span class='ocrx_word' id='word_1_347' title='bbox 1614 4170 1628 4216; x_wconf 87' lang='lat'><strong>;</strong></span> <span class='ocrx_word' id='word_1_348' title='bbox 1647 4159 1700 4204; x_wconf 85' lang='lat' dir='ltr'><strong>at</strong></span> <span class='ocrx_word' id='word_1_349' title='bbox 1715 4163 1899 4204; x_wconf 91' lang='lat' dir='ltr'><strong>eorum</strong></span> <span class='ocrx_word' id='word_1_350' title='bbox 1916 4161 2033 4214; x_wconf 69' lang='lat' dir='ltr'><strong>quae</strong></span> 
     </span>
    </p>
   </div>
   <div class='ocr_carea' id='block_1_44' title="bbox 451 4235 2030 4330">
    <p class='ocr_par' dir='ltr' id='par_1_44' title="bbox 451 4235 2030 4330">
     <span class='ocr_line' id='line_1_44' title="bbox 451 4235 2030 4330; baseline -0.023 -7"><span class='ocrx_word' id='word_1_351' title='bbox 451 4267 696 4322; x_wconf 86' lang='lat' dir='ltr'><strong>videntur</strong></span> <span class='ocrx_word' id='word_1_352' title='bbox 723 4235 874 4330; x_wconf 77' lang='lat' dir='ltr'><strong>culpa</strong></span> <span class='ocrx_word' id='word_1_353' title='bbox 901 4271 1007 4312; x_wconf 92' lang='lat' dir='ltr'><strong>non</strong></span> <span class='ocrx_word' id='word_1_354' title='bbox 1035 4262 1137 4318; x_wconf 91' lang='lat' dir='ltr'><strong>est,</strong></span> <span class='ocrx_word' id='word_1_355' title='bbox 1161 4252 1254 4306; x_wconf 90' lang='lat' dir='ltr'><strong>sed</strong></span> <span class='ocrx_word' id='word_1_356' title='bbox 1278 4247 1472 4303; x_wconf 90' lang='lat' dir='ltr'><strong>mentis</strong></span> <span class='ocrx_word' id='word_1_357' title='bbox 1501 4244 1696 4299; x_wconf 79' lang='lat' dir='ltr'><strong>vitiata:</strong></span> <span class='ocrx_word' id='word_1_358' title='bbox 1725 4238 1906 4293; x_wconf 75' lang='lat' dir='ltr'><strong>furiosi</strong></span> <span class='ocrx_word' id='word_1_359' title='bbox 1934 4235 2030 4288; x_wconf 84' lang='lat' dir='ltr'><strong>ho-</strong></span> 
     </span>
    </p>
   </div>
   <div class='ocr_carea' id='block_1_45' title="bbox 455 4332 2036 4414">
    <p class='ocr_par' dir='ltr' id='par_1_45' title="bbox 455 4332 2036 4414">
     <span class='ocr_line' id='line_1_45' title="bbox 455 4332 2036 4414; baseline -0.022 0"><span class='ocrx_word' id='word_1_360' title='bbox 455 4359 631 4414; x_wconf 89' lang='lat' dir='ltr'><strong>minis.</strong></span> <span class='ocrx_word' id='word_1_361' title='bbox 648 4354 850 4408; x_wconf 72' lang='lat' dir='ltr'><strong>Caelum</strong></span> <span class='ocrx_word' id='word_1_362' title='bbox 877 4351 1016 4405; x_wconf 89' lang='lat' dir='ltr'><strong>Deus</strong></span> <span class='ocrx_word' id='word_1_363' title='bbox 1039 4344 1256 4408; x_wconf 84' lang='lat' dir='ltr'><strong>creavit,</strong></span> <span class='ocrx_word' id='word_1_364' title='bbox 1275 4350 1332 4394; x_wconf 92' lang='lat' dir='ltr'><strong>ut</strong></span> <span class='ocrx_word' id='word_1_365' title='bbox 1359 4352 1492 4408; x_wconf 90' lang='lat' dir='ltr'><strong>opus</strong></span> <span class='ocrx_word' id='word_1_366' title='bbox 1520 4332 1958 4402; x_wconf 83' lang='lat' dir='ltr'><strong>contemplemur,</strong></span> <span class='ocrx_word' id='word_1_367' title='bbox 1983 4337 2036 4382; x_wconf 90' lang='lat' dir='ltr'><strong>et</strong></span> 
     </span>
    </p>
   </div>
   <div class='ocr_carea' id='block_1_46' title="bbox 455 4427 2032 4522">
    <p class='ocr_par' dir='ltr' id='par_1_46' title="bbox 455 4427 2032 4522">
     <span class='ocr_line' id='line_1_46' title="bbox 455 4427 2032 4522; baseline -0.022 -14"><span class='ocrx_word' id='word_1_368' title='bbox 455 4451 696 4522; x_wconf 81' lang='lat' dir='ltr'><strong>opiﬁcem</strong></span> <span class='ocrx_word' id='word_1_369' title='bbox 724 4445 1008 4500; x_wconf 89' lang='lat' dir='ltr'><strong>adoremus</strong></span> <span class='ocrx_word' id='word_1_370' title='bbox 1026 4482 1040 4506; x_wconf 92' lang='lat'><strong>,</strong></span> <span class='ocrx_word' id='word_1_371' title='bbox 1072 4447 1126 4492; x_wconf 87' lang='lat' dir='ltr'><strong>at</strong></span> <span class='ocrx_word' id='word_1_372' title='bbox 1149 4435 1371 4508; x_wconf 83' lang='lat' dir='ltr'><strong>gentiles</strong></span> <span class='ocrx_word' id='word_1_373' title='bbox 1400 4445 1535 4501; x_wconf 90' lang='lat' dir='ltr'><strong>opus</strong></span> <span class='ocrx_word' id='word_1_374' title='bbox 1561 4431 1722 4482; x_wconf 89' lang='lat' dir='ltr'><strong>Deum</strong></span> <span class='ocrx_word' id='word_1_375' title='bbox 1752 4427 2032 4487; x_wconf 83' lang='lat' dir='ltr'><strong>fecerunt;</strong></span> 
     </span>
    </p>
   </div>
   <div class='ocr_carea' id='block_1_47' title="bbox 455 4520 2033 4606">
    <p class='ocr_par' dir='ltr' id='par_1_47' title="bbox 455 4520 2033 4606">
     <span class='ocr_line' id='line_1_47' title="bbox 455 4520 2033 4606; baseline -0.019 -8"><span class='ocrx_word' id='word_1_376' title='bbox 455 4558 639 4598; x_wconf 80' lang='lat' dir='ltr'><strong>verum</strong></span> <span class='ocrx_word' id='word_1_377' title='bbox 663 4555 766 4594; x_wconf 90' lang='lat' dir='ltr'><strong>non</strong></span> <span class='ocrx_word' id='word_1_378' title='bbox 789 4550 943 4606; x_wconf 89' lang='lat' dir='ltr'><strong>opus,</strong></span> <span class='ocrx_word' id='word_1_379' title='bbox 969 4531 1062 4588; x_wconf 91' lang='lat' dir='ltr'><strong>sed</strong></span> <span class='ocrx_word' id='word_1_380' title='bbox 1089 4531 1297 4584; x_wconf 91' lang='lat' dir='ltr'><strong>illorum</strong></span> <span class='ocrx_word' id='word_1_381' title='bbox 1321 4523 1630 4594; x_wconf 86' lang='lat' dir='ltr'><strong>improbitas</strong></span> <span class='ocrx_word' id='word_1_382' title='bbox 1656 4529 1736 4574; x_wconf 89' lang='lat' dir='ltr'><strong>est</strong></span> <span class='ocrx_word' id='word_1_383' title='bbox 1759 4520 1811 4572; x_wconf 92' lang='lat' dir='ltr'><strong>in</strong></span> <span class='ocrx_word' id='word_1_384' title='bbox 1837 4531 1994 4571; x_wconf 87' lang='lat' dir='ltr'><strong>causa</strong></span> <span class='ocrx_word' id='word_1_385' title='bbox 2020 4531 2033 4568; x_wconf 88' lang='lat'><strong>:</strong></span> 
     </span>
    </p>
   </div>
   <div class='ocr_carea' id='block_1_48' title="bbox 455 4605 2039 4703">
    <p class='ocr_par' dir='ltr' id='par_1_48' title="bbox 455 4605 2039 4703">
     <span class='ocr_line' id='line_1_48' title="bbox 455 4605 2039 4703; baseline -0.021 -12"><span class='ocrx_word' id='word_1_386' title='bbox 455 4646 512 4690; x_wconf 91' lang='lat' dir='ltr'><strong>ct</strong></span> <span class='ocrx_word' id='word_1_387' title='bbox 554 4625 1002 4703; x_wconf 85' lang='lat' dir='ltr'><strong>quemadmodum</strong></span> <span class='ocrx_word' id='word_1_388' title='bbox 1051 4620 1324 4690; x_wconf 87' lang='lat' dir='ltr'><strong>improbus</strong></span> <span class='ocrx_word' id='word_1_389' title='bbox 1354 4632 1382 4670; x_wconf 86' lang='lat' dir='ltr'><strong>a</strong></span> <span class='ocrx_word' id='word_1_390' title='bbox 1427 4613 1638 4668; x_wconf 91' lang='lat' dir='ltr'><strong>nemine</strong></span> <span class='ocrx_word' id='word_1_391' title='bbox 1677 4610 1928 4680; x_wconf 85' lang='lat' dir='ltr'><strong>juvatur,</strong></span> <span class='ocrx_word' id='word_1_392' title='bbox 1968 4605 2039 4660; x_wconf 91' lang='lat' dir='ltr'><strong>ita</strong></span> 
     </span>
    </p>
   </div>
   <div class='ocr_carea' id='block_1_49' title="bbox 458 4697 2042 4798">
    <p class='ocr_par' dir='ltr' id='par_1_49' title="bbox 458 4697 2042 4798">
     <span class='ocr_line' id='line_1_49' title="bbox 458 4697 2042 4798; baseline -0.021 -16"><span class='ocrx_word' id='word_1_393' title='bbox 458 4697 656 4798; x_wconf 76' lang='lat' dir='ltr'><strong>probus</strong></span> <span class='ocrx_word' id='word_1_394' title='bbox 685 4737 714 4773; x_wconf 91' lang='lat' dir='ltr'><strong>a</strong></span> <span class='ocrx_word' id='word_1_395' title='bbox 742 4734 802 4774; x_wconf 93' lang='lat' dir='ltr'><strong>se</strong></span> <span class='ocrx_word' id='word_1_396' title='bbox 828 4719 941 4786; x_wconf 90' lang='lat' dir='ltr'><strong>ipso</strong></span> <span class='ocrx_word' id='word_1_397' title='bbox 970 4714 1128 4769; x_wconf 88' lang='lat' dir='ltr'><strong>etiam</strong></span> <span class='ocrx_word' id='word_1_398' title='bbox 1151 4710 1386 4780; x_wconf 89' lang='lat' dir='ltr'><strong>juvatur.</strong></span> <span class='ocrx_word' id='word_1_399' title='bbox 1415 4703 1550 4770; x_wconf 86' lang='lat' dir='ltr'><strong>Quid</strong></span> <span class='ocrx_word' id='word_1_400' title='bbox 1577 4702 1786 4756; x_wconf 90' lang='lat' dir='ltr'><strong>Christo</strong></span> <span class='ocrx_word' id='word_1_401' title='bbox 1810 4697 1944 4769; x_wconf 81' lang='lat' dir='ltr'><strong>par?</strong></span> <span class='ocrx_word' id='word_1_402' title='bbox 1987 4704 2042 4750; x_wconf 88' lang='lat' dir='ltr'><strong>at</strong></span> 
     </span>
    </p>
   </div>
   <div class='ocr_carea' id='block_1_50' title="bbox 459 4787 2041 4878">
    <p class='ocr_par' dir='ltr' id='par_1_50' title="bbox 459 4787 2041 4878">
     <span class='ocr_line' id='line_1_50' title="bbox 459 4787 2041 4878; baseline -0.021 -4"><span class='ocrx_word' id='word_1_403' title='bbox 459 4787 528 4874; x_wconf 70' lang='lat' dir='ltr'><strong>ab</strong></span> <span class='ocrx_word' id='word_1_404' title='bbox 557 4831 623 4872; x_wconf 91' lang='lat' dir='ltr'><strong>eo</strong></span> <span class='ocrx_word' id='word_1_405' title='bbox 659 4828 762 4868; x_wconf 90' lang='lat' dir='ltr'><strong>non</strong></span> <span class='ocrx_word' id='word_1_406' title='bbox 794 4809 1004 4878; x_wconf 87' lang='lat' dir='ltr'><strong>adjutus</strong></span> <span class='ocrx_word' id='word_1_407' title='bbox 1033 4813 1116 4860; x_wconf 90' lang='lat' dir='ltr'><strong>est</strong></span> <span class='ocrx_word' id='word_1_408' title='bbox 1139 4801 1322 4858; x_wconf 81' lang='lat' dir='ltr'><strong>Judas.</strong></span> <span class='ocrx_word' id='word_1_409' title='bbox 1369 4795 1505 4865; x_wconf 87' lang='lat' dir='ltr'><strong>Quid</strong></span> <span class='ocrx_word' id='word_1_410' title='bbox 1535 4792 1745 4848; x_wconf 89' lang='lat' dir='ltr'><strong>diabolo</strong></span> <span class='ocrx_word' id='word_1_411' title='bbox 1776 4787 2041 4860; x_wconf 80' lang='lat' dir='ltr'><strong>nequius?</strong></span> 
     </span>
    </p>
   </div>
   <div class='ocr_carea' id='block_1_51' title="bbox 461 4882 2044 4966">
    <p class='ocr_par' dir='ltr' id='par_1_51' title="bbox 461 4882 2044 4966">
     <span class='ocr_line' id='line_1_51' title="bbox 461 4882 2044 4966; baseline -0.02 -1"><span class='ocrx_word' id='word_1_412' title='bbox 461 4920 516 4966; x_wconf 88' lang='lat' dir='ltr'><strong>at</strong></span> <span class='ocrx_word' id='word_1_413' title='bbox 538 4908 638 4965; x_wconf 82' lang='lat' dir='ltr'><strong>Job</strong></span> <span class='ocrx_word' id='word_1_414' title='bbox 663 4918 859 4961; x_wconf 91' lang='lat' dir='ltr'><strong>corona</strong></span> <span class='ocrx_word' id='word_1_415' title='bbox 885 4898 1162 4956; x_wconf 90' lang='lat' dir='ltr'><strong>redimitus</strong></span> <span class='ocrx_word' id='word_1_416' title='bbox 1183 4902 1296 4956; x_wconf 88' lang='lat' dir='ltr'><strong>est;</strong></span> <span class='ocrx_word' id='word_1_417' title='bbox 1326 4901 1381 4945; x_wconf 92' lang='lat' dir='ltr'><strong>et</strong></span> <span class='ocrx_word' id='word_1_418' title='bbox 1402 4903 1573 4959; x_wconf 88' lang='lat' dir='ltr'><strong>neque</strong></span> <span class='ocrx_word' id='word_1_419' title='bbox 1592 4885 1779 4943; x_wconf 89' lang='lat' dir='ltr'><strong>Judam</strong></span> <span class='ocrx_word' id='word_1_420' title='bbox 1803 4882 2044 4939; x_wconf 87' lang='lat' dir='ltr'><strong>Christus</strong></span> 
     </span>
    </p>
   </div>
   <div class='ocr_carea' id='block_1_52' title="bbox 463 4973 2045 5074">
    <p class='ocr_par' dir='ltr' id='par_1_52' title="bbox 463 4973 2045 5074">
     <span class='ocr_line' id='line_1_52' title="bbox 463 4973 2045 5074; baseline -0.02 -15"><span class='ocrx_word' id='word_1_421' title='bbox 463 5003 698 5074; x_wconf 85' lang='lat' dir='ltr'><strong>adjuvit,</strong></span> <span class='ocrx_word' id='word_1_422' title='bbox 729 4997 851 5068; x_wconf 87' lang='lat' dir='ltr'><strong>quia</strong></span> <span class='ocrx_word' id='word_1_423' title='bbox 892 4996 937 5049; x_wconf 89' lang='lat' dir='ltr'><strong>is</strong></span> <span class='ocrx_word' id='word_1_424' title='bbox 975 5001 1090 5047; x_wconf 88' lang='lat' dir='ltr'><strong>erat</strong></span> <span class='ocrx_word' id='word_1_425' title='bbox 1126 4985 1432 5056; x_wconf 89' lang='lat' dir='ltr'><strong>improbus,</strong></span> <span class='ocrx_word' id='word_1_426' title='bbox 1462 4995 1634 5050; x_wconf 89' lang='lat' dir='ltr'><strong>neque</strong></span> <span class='ocrx_word' id='word_1_427' title='bbox 1666 4977 1768 5032; x_wconf 80' lang='lat' dir='ltr'><strong>Job</strong></span> <span class='ocrx_word' id='word_1_428' title='bbox 1803 4973 2045 5030; x_wconf 89' lang='lat' dir='ltr'><strong>diabolus</strong></span> 
     </span>
    </p>
   </div>
   <div class='ocr_carea' id='block_1_53' title="bbox 465 5070 2046 5161">
    <p class='ocr_par' dir='ltr' id='par_1_53' title="bbox 465 5070 2046 5161">
     <span class='ocr_line' id='line_1_53' title="bbox 465 5070 2046 5161; baseline -0.022 -8"><span class='ocrx_word' id='word_1_429' title='bbox 465 5070 665 5158; x_wconf 75' lang='lat' dir='ltr'><strong>nocuit,</strong></span> <span class='ocrx_word' id='word_1_430' title='bbox 696 5091 816 5161; x_wconf 89' lang='lat' dir='ltr'><strong>quia</strong></span> <span class='ocrx_word' id='word_1_431' title='bbox 844 5087 930 5142; x_wconf 88' lang='lat' dir='ltr'><strong>hic</strong></span> <span class='ocrx_word' id='word_1_432' title='bbox 959 5084 1154 5156; x_wconf 89' lang='lat' dir='ltr'><strong>probus</strong></span> <span class='ocrx_word' id='word_1_433' title='bbox 1183 5087 1315 5134; x_wconf 90' lang='lat' dir='ltr'><strong>erat.</strong></span> <span class='ocrx_word' id='word_1_434' title='bbox 1347 5075 1472 5130; x_wconf 71' lang='lat' dir='ltr'><strong>Ilrcc</strong></span> <span class='ocrx_word' id='word_1_435' title='bbox 1496 5087 1595 5140; x_wconf 79' lang='lat' dir='ltr'><strong>ego</strong></span> <span class='ocrx_word' id='word_1_436' title='bbox 1621 5070 1771 5134; x_wconf 88' lang='lat' dir='ltr'><strong>dico,</strong></span> <span class='ocrx_word' id='word_1_437' title='bbox 1805 5076 1861 5122; x_wconf 91' lang='grc' dir='ltr'><strong>ιιι</strong></span> <span class='ocrx_word' id='word_1_438' title='bbox 1888 5079 2046 5120; x_wconf 91' lang='lat' dir='ltr'><strong>nemo</strong></span> 
     </span>
    </p>
   </div>
   <div class='ocr_carea' id='block_1_54' title="bbox 463 5159 2044 5259">
    <p class='ocr_par' dir='ltr' id='par_1_54' title="bbox 463 5159 2044 5259">
     <span class='ocr_line' id='line_1_54' title="bbox 463 5159 2044 5259; baseline -0.022 -12"><span class='ocrx_word' id='word_1_439' title='bbox 463 5159 770 5259; x_wconf 80' lang='lat' dir='ltr'><strong>Scripturas</strong></span> <span class='ocrx_word' id='word_1_440' title='bbox 797 5187 1028 5243; x_wconf 89' lang='lat' dir='ltr'><strong>accuset,</strong></span> <span class='ocrx_word' id='word_1_441' title='bbox 1055 5173 1148 5230; x_wconf 90' lang='lat' dir='ltr'><strong>sed</strong></span> <span class='ocrx_word' id='word_1_442' title='bbox 1175 5185 1357 5227; x_wconf 90' lang='lat' dir='ltr'><strong>eorum</strong></span> <span class='ocrx_word' id='word_1_443' title='bbox 1383 5165 1772 5237; x_wconf 78' lang='lat' dir='ltr'><strong>improbitatem</strong></span> <span class='ocrx_word' id='word_1_444' title='bbox 1789 5204 1805 5230; x_wconf 94' lang='lat'><strong>,</strong></span> <span class='ocrx_word' id='word_1_445' title='bbox 1833 5159 1921 5229; x_wconf 90' lang='lat' dir='ltr'><strong>qui</strong></span> <span class='ocrx_word' id='word_1_446' title='bbox 1951 5173 2010 5214; x_wconf 87' lang='lat' dir='ltr'><strong>ea</strong></span> <span class='ocrx_word' id='word_1_447' title='bbox 2028 5198 2044 5224; x_wconf 92' lang='lat'><strong>,</strong></span> 
     </span>
    </p>
   </div>
   <div class='ocr_carea' id='block_1_55' title="bbox 462 5252 2049 5355">
    <p class='ocr_par' dir='ltr' id='par_1_55' title="bbox 462 5252 2049 5355">
     <span class='ocr_line' id='line_1_55' title="bbox 462 5252 2049 5355; baseline -0.021 -17"><span class='ocrx_word' id='word_1_448' title='bbox 462 5252 603 5355; x_wconf 45' lang='lat' dir='ltr'><strong>qum-</strong></span> <span class='ocrx_word' id='word_1_449' title='bbox 621 5285 767 5335; x_wconf 89' lang='lat' dir='ltr'><strong>recte</strong></span> <span class='ocrx_word' id='word_1_450' title='bbox 805 5274 944 5328; x_wconf 88' lang='lat' dir='ltr'><strong>dicta</strong></span> <span class='ocrx_word' id='word_1_451' title='bbox 982 5277 1106 5324; x_wconf 89' lang='lat' dir='ltr'><strong>sunt</strong></span> <span class='ocrx_word' id='word_1_452' title='bbox 1129 5307 1143 5330; x_wconf 91' lang='lat'><strong>,</strong></span> <span class='ocrx_word' id='word_1_453' title='bbox 1175 5263 1315 5319; x_wconf 90' lang='lat' dir='ltr'><strong>male</strong></span> <span class='ocrx_word' id='word_1_454' title='bbox 1348 5261 1783 5328; x_wconf 88' lang='lat' dir='ltr'><strong>interpretantur.</strong></span> <span class='ocrx_word' id='word_1_455' title='bbox 1825 5252 1958 5309; x_wconf 88' lang='lat' dir='ltr'><strong>Nam</strong></span> <span class='ocrx_word' id='word_1_456' title='bbox 1994 5259 2049 5305; x_wconf 91' lang='lat' dir='ltr'><strong>et</strong></span> 
     </span>
    </p>
   </div>
   <div class='ocr_carea' id='block_1_56' title="bbox 463 5348 1854 5433">
    <p class='ocr_par' dir='ltr' id='par_1_56' title="bbox 463 5348 1854 5433">
     <span class='ocr_line' id='line_1_56' title="bbox 463 5348 1854 5433; baseline -0.022 -3"><span class='ocrx_word' id='word_1_457' title='bbox 463 5348 710 5431; x_wconf 79' lang='lat' dir='ltr'><strong>diabolus</strong></span> <span class='ocrx_word' id='word_1_458' title='bbox 737 5383 801 5423; x_wconf 86' lang='lat' dir='ltr'><strong>ex</strong></span> <span class='ocrx_word' id='word_1_459' title='bbox 830 5360 1118 5433; x_wconf 86' lang='lat' dir='ltr'><strong>Scripturis</strong></span> <span class='ocrx_word' id='word_1_460' title='bbox 1147 5371 1268 5413; x_wconf 87' lang='lat' dir='ltr'><strong>cum</strong></span> <span class='ocrx_word' id='word_1_461' title='bbox 1295 5354 1508 5411; x_wconf 88' lang='lat' dir='ltr'><strong>Christo</strong></span> <span class='ocrx_word' id='word_1_462' title='bbox 1534 5348 1854 5420; x_wconf 77' lang='lat' dir='ltr'><strong>disputabat.</strong></span> 
     </span>
    </p>
   </div>
   <div class='ocr_carea' id='block_1_57' title="bbox 530 5436 2052 5519">
    <p class='ocr_par' dir='ltr' id='par_1_57' title="bbox 530 5436 2052 5519">
     <span class='ocr_line' id='line_1_57' title="bbox 530 5436 2052 5519; baseline -0.02 -1"><span class='ocrx_word' id='word_1_463' title='bbox 530 5461 672 5517; x_wconf 79' lang='lat' dir='ltr'><strong>Nam</strong></span> <span class='ocrx_word' id='word_1_464' title='bbox 701 5461 780 5515; x_wconf 76' lang='lat' dir='ltr'><strong>lue</strong></span> <span class='ocrx_word' id='word_1_465' title='bbox 804 5472 966 5519; x_wconf 81' lang='lat' dir='ltr'><strong>voces,</strong></span> <span class='ocrx_word' id='word_1_466' title='bbox 987 5454 1130 5508; x_wconf 89' lang='lat' dir='ltr'><strong>Deus</strong></span> <span class='ocrx_word' id='word_1_467' title='bbox 1149 5458 1202 5504; x_wconf 90' lang='lat' dir='ltr'><strong>et</strong></span> <span class='ocrx_word' id='word_1_468' title='bbox 1221 5445 1499 5509; x_wconf 88' lang='lat' dir='ltr'><strong>Dominus,</strong></span> <span class='ocrx_word' id='word_1_469' title='bbox 1528 5440 1676 5496; x_wconf 82' lang='lat' dir='ltr'><strong>Patri</strong></span> <span class='ocrx_word' id='word_1_470' title='bbox 1704 5448 1749 5493; x_wconf 84' lang='lat' dir='ltr'><strong>ct</strong></span> <span class='ocrx_word' id='word_1_471' title='bbox 1771 5436 1906 5490; x_wconf 80' lang='lat' dir='ltr'><strong>Filio</strong></span> <span class='ocrx_word' id='word_1_472' title='bbox 1934 5450 2052 5504; x_wconf 86' lang='lat' dir='ltr'><strong>pro-</strong></span> 
     </span>
    </p>
   </div>
   <div class='ocr_carea' id='block_1_58' title="bbox 469 5531 2054 5626">
    <p class='ocr_par' dir='ltr' id='par_1_58' title="bbox 469 5531 2054 5626">
     <span class='ocr_line' id='line_1_58' title="bbox 469 5531 2054 5626; baseline -0.02 -18"><span class='ocrx_word' id='word_1_473' title='bbox 469 5553 594 5626; x_wconf 77' lang='lat' dir='ltr'><strong>pria:</strong></span> <span class='ocrx_word' id='word_1_474' title='bbox 622 5551 754 5614; x_wconf 88' lang='lat' dir='ltr'><strong>sint;</strong></span> <span class='ocrx_word' id='word_1_475' title='bbox 796 5561 976 5601; x_wconf 83' lang='lat' dir='ltr'><strong>nomen</strong></span> <span class='ocrx_word' id='word_1_476' title='bbox 1004 5540 1263 5596; x_wconf 88' lang='lat' dir='ltr'><strong>Dominus</strong></span> <span class='ocrx_word' id='word_1_477' title='bbox 1282 5551 1382 5589; x_wconf 86' lang='lat' dir='ltr'><strong>non</strong></span> <span class='ocrx_word' id='word_1_478' title='bbox 1416 5541 1487 5586; x_wconf 85' lang='lat' dir='ltr'><strong>est</strong></span> <span class='ocrx_word' id='word_1_479' title='bbox 1515 5531 1678 5583; x_wconf 87' lang='lat' dir='ltr'><strong>minus</strong></span> <span class='ocrx_word' id='word_1_480' title='bbox 1702 5543 1850 5598; x_wconf 88' lang='lat' dir='ltr'><strong>quam</strong></span> <span class='ocrx_word' id='word_1_481' title='bbox 1873 5539 2054 5598; x_wconf 83' lang='lat' dir='ltr'><strong>nomen</strong></span> 
     </span>
    </p>
   </div>
   <div class='ocr_carea' id='block_1_59' title="bbox 471 5615 2053 5707">
    <p class='ocr_par' dir='ltr' id='par_1_59' title="bbox 471 5615 2053 5707">
     <span class='ocr_line' id='line_1_59' title="bbox 471 5615 2053 5707; baseline -0.021 -6"><span class='ocrx_word' id='word_1_482' title='bbox 471 5637 905 5707; x_wconf 62' lang='lat' dir='ltr'><strong>Deus—Atqui</strong></span> <span class='ocrx_word' id='word_1_483' title='bbox 955 5649 1056 5689; x_wconf 93' lang='lat' dir='ltr'><strong>non</strong></span> <span class='ocrx_word' id='word_1_484' title='bbox 1100 5639 1180 5686; x_wconf 89' lang='lat' dir='ltr'><strong>est</strong></span> <span class='ocrx_word' id='word_1_485' title='bbox 1226 5629 1279 5682; x_wconf 91' lang='lat' dir='ltr'><strong>in</strong></span> <span class='ocrx_word' id='word_1_486' title='bbox 1322 5637 1480 5680; x_wconf 90' lang='lat' dir='ltr'><strong>causa</strong></span> <span class='ocrx_word' id='word_1_487' title='bbox 1523 5619 1814 5688; x_wconf 88' lang='lat' dir='ltr'><strong>Scriptura,</strong></span> <span class='ocrx_word' id='word_1_488' title='bbox 1853 5615 1947 5671; x_wconf 92' lang='lat' dir='ltr'><strong>sed</strong></span> <span class='ocrx_word' id='word_1_489' title='bbox 1991 5629 2053 5670; x_wconf 89' lang='lat' dir='ltr'><strong>ea</strong></span> 
     </span>
    </p>
   </div>
   <div class='ocr_carea' id='block_1_60' title="bbox 471 5706 2050 5807">
    <p class='ocr_par' dir='ltr' id='par_1_60' title="bbox 471 5706 2050 5807">
     <span class='ocr_line' id='line_1_60' title="bbox 471 5706 2050 5807; baseline -0.021 -13"><span class='ocrx_word' id='word_1_490' title='bbox 471 5747 644 5794; x_wconf 82' lang='lat' dir='ltr'><strong>mens.</strong></span> <span class='ocrx_word' id='word_1_491' title='bbox 666 5746 785 5807; x_wconf 71' lang='lat' dir='ltr'><strong>qurc</strong></span> <span class='ocrx_word' id='word_1_492' title='bbox 813 5706 958 5784; x_wconf 86' lang='lat' dir='ltr'><strong>recte</strong></span> <span class='ocrx_word' id='word_1_493' title='bbox 985 5725 1120 5779; x_wconf 88' lang='lat' dir='ltr'><strong>dicta</strong></span> <span class='ocrx_word' id='word_1_494' title='bbox 1151 5719 1287 5776; x_wconf 89' lang='lat' dir='ltr'><strong>male</strong></span> <span class='ocrx_word' id='word_1_495' title='bbox 1313 5717 1711 5796; x_wconf 69' lang='lat' dir='ltr'><strong>interpretatur.</strong></span> <span class='ocrx_word' id='word_1_496' title='bbox 1747 5710 1880 5765; x_wconf 86' lang='lat' dir='ltr'><strong>Dum</strong></span> <span class='ocrx_word' id='word_1_497' title='bbox 1911 5706 2050 5764; x_wconf 89' lang='lat' dir='ltr'><strong>enim</strong></span> 
     </span>
    </p>
   </div>
   <div class='ocr_carea' id='block_1_61' title="bbox 1123 238 2929 354">
    <p class='ocr_par' dir='ltr' id='par_1_61' title="bbox 1123 238 2929 354">
     <span class='ocr_line' id='line_1_61' title="bbox 1123 238 2929 354; baseline -0.016 -2"><span class='ocrx_word' id='word_1_498' title='bbox 1123 297 1178 354; x_wconf 91' lang='lat' dir='ltr'><strong>S.</strong></span> <span class='ocrx_word' id='word_1_499' title='bbox 1220 287 1498 350; x_wconf 70' lang='lat' dir='ltr'><strong>JOANNIS</strong></span> <span class='ocrx_word' id='word_1_500' title='bbox 1535 275 2008 342; x_wconf 64' lang='lat' dir='ltr'><strong>CIIRYSOSTOSII</strong></span> <span class='ocrx_word' id='word_1_501' title='bbox 2049 238 2363 338; x_wconf 79' lang='lat' dir='ltr'><strong>ARCIIIEP.</strong></span> <span class='ocrx_word' id='word_1_502' title='bbox 2392 270 2929 339; x_wconf 72' lang='lat' dir='ltr'><strong>CONSTANTINOP.</strong></span> 
     </span>
    </p>
   </div>
   <div class='ocr_carea' id='block_1_62' title="bbox 3575 265 3682 320">
    <p class='ocr_par' dir='ltr' id='par_1_62' title="bbox 3575 265 3682 320">
     <span class='ocr_line' id='line_1_62' title="bbox 3575 265 3682 320; baseline 0 -1"><span class='ocrx_word' id='word_1_503' title='bbox 3575 265 3682 320; x_wconf 61' lang='grc' dir='ltr'><strong>πει</strong></span> 
     </span>
    </p>
   </div>
   <div class='ocr_carea' id='block_1_63' title="bbox 2099 375 3684 460">
    <p class='ocr_par' dir='ltr' id='par_1_63' title="bbox 2099 375 3684 460">
     <span class='ocr_line' id='line_1_63' title="bbox 2099 375 3684 460; baseline -0.011 -11"><span class='ocrx_word' id='word_1_504' title='bbox 2099 393 2290 460; x_wconf 84' lang='lat' dir='ltr'><strong>Filium</strong></span> <span class='ocrx_word' id='word_1_505' title='bbox 2322 399 2476 451; x_wconf 84' lang='lat' dir='ltr'><strong>Patre</strong></span> <span class='ocrx_word' id='word_1_506' title='bbox 2510 395 2768 449; x_wconf 85' lang='lat' dir='ltr'><strong>minorem</strong></span> <span class='ocrx_word' id='word_1_507' title='bbox 2822 401 2941 442; x_wconf 85' lang='lat' dir='ltr'><strong>esse</strong></span> <span class='ocrx_word' id='word_1_508' title='bbox 2980 382 3162 435; x_wconf 85' lang='lat' dir='ltr'><strong>volunt</strong></span> <span class='ocrx_word' id='word_1_509' title='bbox 3183 375 3489 441; x_wconf 81' lang='lat' dir='ltr'><strong>ostendere,</strong></span> <span class='ocrx_word' id='word_1_510' title='bbox 3518 377 3684 432; x_wconf 79' lang='lat' dir='ltr'><strong>innsr-</strong></span> 
     </span>
    </p>
   </div>
   <div class='ocr_carea' id='block_1_64' title="bbox 2095 469 3683 553">
    <p class='ocr_par' dir='ltr' id='par_1_64' title="bbox 2095 469 3683 553">
     <span class='ocr_line' id='line_1_64' title="bbox 2095 469 3683 553; baseline -0.013 -8"><span class='ocrx_word' id='word_1_511' title='bbox 2095 499 2199 546; x_wconf 86' lang='lat' dir='ltr'><strong>tata</strong></span> <span class='ocrx_word' id='word_1_512' title='bbox 2229 489 2443 545; x_wconf 89' lang='lat' dir='ltr'><strong>nomina</strong></span> <span class='ocrx_word' id='word_1_513' title='bbox 2469 487 2678 543; x_wconf 80' lang='lat' dir='ltr'><strong>curiose</strong></span> <span class='ocrx_word' id='word_1_514' title='bbox 2705 480 3076 553; x_wconf 87' lang='lat' dir='ltr'><strong>perquirentes</strong></span> <span class='ocrx_word' id='word_1_515' title='bbox 3104 476 3441 528; x_wconf 84' lang='lat' dir='ltr'><strong>circumeunt</strong></span> <span class='ocrx_word' id='word_1_516' title='bbox 3465 512 3482 538; x_wconf 93' lang='lat'><strong>,</strong></span> <span class='ocrx_word' id='word_1_517' title='bbox 3509 469 3683 542; x_wconf 79' lang='lat' dir='ltr'><strong>deque</strong></span> 
     </span>
    </p>
   </div>
   <div class='ocr_carea' id='block_1_65' title="bbox 2092 561 3682 653">
    <p class='ocr_par' dir='ltr' id='par_1_65' title="bbox 2092 561 3682 653">
     <span class='ocr_line' id='line_1_65' title="bbox 2092 561 3682 653; baseline -0.014 -16"><span class='ocrx_word' id='word_1_518' title='bbox 2092 582 2268 638; x_wconf 90' lang='lat' dir='ltr'><strong>verbis</strong></span> <span class='ocrx_word' id='word_1_519' title='bbox 2309 581 2414 636; x_wconf 91' lang='lat' dir='ltr'><strong>illis</strong></span> <span class='ocrx_word' id='word_1_520' title='bbox 2454 578 2632 653; x_wconf 89' lang='lat' dir='ltr'><strong>(Deus</strong></span> <span class='ocrx_word' id='word_1_521' title='bbox 2659 583 2714 631; x_wconf 92' lang='lat' dir='ltr'><strong>et</strong></span> <span class='ocrx_word' id='word_1_522' title='bbox 2740 567 3034 638; x_wconf 84' lang='lat' dir='ltr'><strong>Dominus)</strong></span> <span class='ocrx_word' id='word_1_523' title='bbox 3058 565 3237 632; x_wconf 87' lang='lat' dir='ltr'><strong>aiunt,</strong></span> <span class='ocrx_word' id='word_1_524' title='bbox 3271 564 3438 623; x_wconf 91' lang='lat' dir='ltr'><strong>Deum</strong></span> <span class='ocrx_word' id='word_1_525' title='bbox 3466 561 3682 617; x_wconf 72' lang='lat' dir='ltr'><strong>Patrem</strong></span> 
     </span>
    </p>
   </div>
   <div class='ocr_carea' id='block_1_66' title="bbox 2093 654 3682 735">
    <p class='ocr_par' dir='ltr' id='par_1_66' title="bbox 2093 654 3682 735">
     <span class='ocr_line' id='line_1_66' title="bbox 2093 654 3682 735; baseline -0.015 -6"><span class='ocrx_word' id='word_1_526' title='bbox 2093 687 2231 735; x_wconf 86' lang='lat' dir='ltr'><strong>esse.</strong></span> <span class='ocrx_word' id='word_1_527' title='bbox 2262 673 2452 727; x_wconf 88' lang='lat' dir='ltr'><strong>Filium</strong></span> <span class='ocrx_word' id='word_1_528' title='bbox 2495 668 2798 731; x_wconf 90' lang='lat' dir='ltr'><strong>Dominum,</strong></span> <span class='ocrx_word' id='word_1_529' title='bbox 2827 672 2882 718; x_wconf 91' lang='lat' dir='ltr'><strong>et</strong></span> <span class='ocrx_word' id='word_1_530' title='bbox 2921 659 3137 714; x_wconf 90' lang='lat' dir='ltr'><strong>nomina</strong></span> <span class='ocrx_word' id='word_1_531' title='bbox 3170 654 3414 710; x_wconf 86' lang='lat' dir='ltr'><strong>dividunt</strong></span> <span class='ocrx_word' id='word_1_532' title='bbox 3446 671 3459 706; x_wconf 91' lang='lat'><strong>:</strong></span> <span class='ocrx_word' id='word_1_533' title='bbox 3490 668 3682 707; x_wconf 88' lang='lat' dir='ltr'><strong>vocem</strong></span> 
     </span>
    </p>
   </div>
   <div class='ocr_carea' id='block_1_67' title="bbox 2095 742 3683 834">
    <p class='ocr_par' dir='ltr' id='par_1_67' title="bbox 2095 742 3683 834">
     <span class='ocr_line' id='line_1_67' title="bbox 2095 742 3683 834; baseline -0.016 -15"><span class='ocrx_word' id='word_1_534' title='bbox 2095 763 2306 834; x_wconf 88' lang='lat' dir='ltr'><strong>quidem</strong></span> <span class='ocrx_word' id='word_1_535' title='bbox 2333 761 2469 815; x_wconf 82' lang='lat' dir='ltr'><strong>Deus</strong></span> <span class='ocrx_word' id='word_1_536' title='bbox 2498 757 2662 822; x_wconf 91' lang='lat' dir='ltr'><strong>Patri,</strong></span> <span class='ocrx_word' id='word_1_537' title='bbox 2690 767 2875 810; x_wconf 79' lang='lat' dir='ltr'><strong>vocem</strong></span> <span class='ocrx_word' id='word_1_538' title='bbox 2918 759 3095 804; x_wconf 89' lang='lat' dir='ltr'><strong>autem</strong></span> <span class='ocrx_word' id='word_1_539' title='bbox 3141 743 3392 799; x_wconf 79' lang='lat' dir='ltr'><strong>Dominus</strong></span> <span class='ocrx_word' id='word_1_540' title='bbox 3426 742 3561 796; x_wconf 84' lang='lat' dir='ltr'><strong>Filio</strong></span> <span class='ocrx_word' id='word_1_541' title='bbox 3584 743 3683 795; x_wconf 85' lang='lat' dir='ltr'><strong>tri-</strong></span> 
     </span>
    </p>
   </div>
   <div class='ocr_carea' id='block_1_68' title="bbox 2095 835 3686 920">
    <p class='ocr_par' dir='ltr' id='par_1_68' title="bbox 2095 835 3686 920">
     <span class='ocr_line' id='line_1_68' title="bbox 2095 835 3686 920; baseline -0.016 -12"><span class='ocrx_word' id='word_1_542' title='bbox 2095 853 2282 914; x_wconf 89' lang='lat' dir='ltr'><strong>buunt,</strong></span> <span class='ocrx_word' id='word_1_543' title='bbox 2315 860 2371 905; x_wconf 90' lang='grc' dir='ltr'><strong>ιιι</strong></span> <span class='ocrx_word' id='word_1_544' title='bbox 2399 850 2488 920; x_wconf 86' lang='lat' dir='ltr'><strong>qui</strong></span> <span class='ocrx_word' id='word_1_545' title='bbox 2514 845 2725 903; x_wconf 90' lang='lat' dir='ltr'><strong>deitatis</strong></span> <span class='ocrx_word' id='word_1_546' title='bbox 2751 839 3127 897; x_wconf 89' lang='lat' dir='ltr'><strong>distributores</strong></span> <span class='ocrx_word' id='word_1_547' title='bbox 3155 835 3293 900; x_wconf 90' lang='lat' dir='ltr'><strong>sint,</strong></span> <span class='ocrx_word' id='word_1_548' title='bbox 3331 842 3384 887; x_wconf 92' lang='lat' dir='ltr'><strong>et</strong></span> <span class='ocrx_word' id='word_1_549' title='bbox 3415 840 3686 901; x_wconf 87' lang='lat' dir='ltr'><strong>tamquam</strong></span> 
     </span>
    </p>
   </div>
   <div class='ocr_carea' id='block_1_69' title="bbox 2099 920 3690 1000">
    <p class='ocr_par' dir='ltr' id='par_1_69' title="bbox 2099 920 3690 1000">
     <span class='ocr_line' id='line_1_69' title="bbox 2099 920 3690 1000; baseline -0.017 -2"><span class='ocrx_word' id='word_1_550' title='bbox 2099 942 2405 999; x_wconf 89' lang='lat' dir='ltr'><strong>hereditatis</strong></span> <span class='ocrx_word' id='word_1_551' title='bbox 2441 939 2724 994; x_wconf 88' lang='lat' dir='ltr'><strong>divisores.</strong></span> <span class='ocrx_word' id='word_1_552' title='bbox 2756 931 3027 1000; x_wconf 89' lang='lat' dir='ltr'><strong>Scriptura</strong></span> <span class='ocrx_word' id='word_1_553' title='bbox 3064 926 3199 982; x_wconf 88' lang='lat' dir='ltr'><strong>Filio</strong></span> <span class='ocrx_word' id='word_1_554' title='bbox 3237 923 3368 979; x_wconf 92' lang='lat' dir='ltr'><strong>dicit</strong></span> <span class='ocrx_word' id='word_1_555' title='bbox 3396 920 3690 974; x_wconf 86' lang='lat' dir='ltr'><strong>Dominus?</strong></span> 
     </span>
    </p>
   </div>
   <div class='ocr_carea' id='block_1_70' title="bbox 2096 1013 3687 1100">
    <p class='ocr_par' dir='ltr' id='par_1_70' title="bbox 2096 1013 3687 1100">
     <span class='ocr_line' id='line_1_70' title="bbox 2096 1013 3687 1100; baseline -0.015 -10"><span class='ocrx_word' id='word_1_556' title='bbox 2096 1037 2184 1090; x_wconf 92' lang='lat' dir='ltr'><strong>ain</strong></span> <span class='ocrx_word' id='word_1_557' title='bbox 2213 1045 2287 1100; x_wconf 91' lang='lat' dir='ltr'><strong>tu,</strong></span> <span class='ocrx_word' id='word_1_558' title='bbox 2320 1035 2432 1088; x_wconf 81' lang='lat' dir='ltr'><strong>haec</strong></span> <span class='ocrx_word' id='word_1_559' title='bbox 2455 1031 2616 1086; x_wconf 88' lang='lat' dir='ltr'><strong>dicit?</strong></span> <span class='ocrx_word' id='word_1_560' title='bbox 2661 1023 2925 1095; x_wconf 86' lang='lat' dir='ltr'><strong>Numquid</strong></span> <span class='ocrx_word' id='word_1_561' title='bbox 2961 1019 3221 1091; x_wconf 87' lang='lat' dir='ltr'><strong>psalmum</strong></span> <span class='ocrx_word' id='word_1_562' title='bbox 3253 1032 3358 1070; x_wconf 89' lang='lat' dir='ltr'><strong>non</strong></span> <span class='ocrx_word' id='word_1_563' title='bbox 3392 1013 3587 1069; x_wconf 88' lang='lat' dir='ltr'><strong>audisti</strong></span> <span class='ocrx_word' id='word_1_564' title='bbox 3616 1013 3687 1067; x_wconf 87' lang='lat' dir='ltr'><strong>ad</strong></span> 
     </span>
    </p>
   </div>
   <div class='ocr_carea' id='block_1_71' title="bbox 2097 1105 3686 1196">
    <p class='ocr_par' dir='ltr' id='par_1_71' title="bbox 2097 1105 3686 1196">
     <span class='ocr_line' id='line_1_71' title="bbox 2097 1105 3686 1196; baseline -0.018 -13"><span class='ocrx_word' id='word_1_565' title='bbox 2097 1142 2256 1182; x_wconf 90' lang='lat' dir='ltr'><strong>unam</strong></span> <span class='ocrx_word' id='word_1_566' title='bbox 2286 1137 2567 1196; x_wconf 89' lang='lat' dir='ltr'><strong>personam</strong></span> <span class='ocrx_word' id='word_1_567' title='bbox 2592 1119 2750 1175; x_wconf 90' lang='lat' dir='ltr'><strong>hodie</strong></span> <span class='ocrx_word' id='word_1_568' title='bbox 2777 1117 3042 1171; x_wconf 89' lang='lat' dir='ltr'><strong>dicentem</strong></span> <span class='ocrx_word' id='word_1_569' title='bbox 3076 1128 3090 1166; x_wconf 91' lang='lat'>:</span> <span class='ocrx_word' id='word_1_570' title='bbox 3129 1108 3261 1163; x_wconf 87' lang='lat' dir='ltr'><strong>Voce</strong></span> <span class='ocrx_word' id='word_1_571' title='bbox 3285 1124 3393 1161; x_wconf 89' lang='lat' dir='ltr'><strong>mea</strong></span> <span class='ocrx_word' id='word_1_572' title='bbox 3413 1106 3481 1160; x_wconf 87' lang='lat' dir='ltr'><strong>ad</strong></span> <span class='ocrx_word' id='word_1_573' title='bbox 3500 1105 3686 1158; x_wconf 82' lang='lat' dir='ltr'><strong>Domi-</strong></span> 
     </span>
    </p>
   </div>
   <div class='ocr_carea' id='block_1_72' title="bbox 2098 1197 3686 1274">
    <p class='ocr_par' dir='ltr' id='par_1_72' title="bbox 2098 1197 3686 1274">
     <span class='ocr_line' id='line_1_72' title="bbox 2098 1197 3686 1274; baseline -0.013 0"><span class='ocrx_word' id='word_1_574' title='bbox 2098 1236 2222 1274; x_wconf 88' lang='lat' dir='ltr'><strong>num</strong></span> <span class='ocrx_word' id='word_1_575' title='bbox 2240 1219 2448 1272; x_wconf 83' lang='lat' dir='ltr'><strong>clamavi</strong></span> <span class='ocrx_word' id='word_1_576' title='bbox 2470 1231 2490 1270; x_wconf 90' lang='lat'><strong><em>:</em></strong></span> <span class='ocrx_word' id='word_1_577' title='bbox 2511 1231 2627 1269; x_wconf 78' lang='lat' dir='ltr'><strong>voce</strong></span> <span class='ocrx_word' id='word_1_578' title='bbox 2645 1228 2755 1266; x_wconf 85' lang='lat' dir='ltr'><strong>mea</strong></span> <span class='ocrx_word' id='word_1_579' title='bbox 2777 1209 2845 1263; x_wconf 82' lang='lat' dir='ltr'><strong>ad</strong></span> <span class='ocrx_word' id='word_1_580' title='bbox 2865 1206 3032 1261; x_wconf 86' lang='lat' dir='ltr'><strong>Deum</strong></span> <span class='ocrx_word' id='word_1_581' title='bbox 3055 1205 3349 1274; x_wconf 79' lang='lat' dir='ltr'><strong>deprecatus</strong></span> <span class='ocrx_word' id='word_1_582' title='bbox 3367 1217 3479 1255; x_wconf 87' lang='lat' dir='ltr'><strong>sum</strong></span> <span class='ocrx_word' id='word_1_583' title='bbox 3505 1197 3686 1270; x_wconf 82' lang='lat' dir='ltr'><strong>(Psal.</strong></span> 
     </span>
    </p>
   </div>
   <div class='ocr_carea' id='block_1_73' title="bbox 2100 1291 3682 1381">
    <p class='ocr_par' dir='ltr' id='par_1_73' title="bbox 2100 1291 3682 1381">
     <span class='ocr_line' id='line_1_73' title="bbox 2100 1291 3682 1381; baseline -0.014 -16"><span class='ocrx_word' id='word_1_584' title='bbox 2100 1310 2324 1381; x_wconf 69' lang='lat'><strong>141.2)?</strong></span> <span class='ocrx_word' id='word_1_585' title='bbox 2353 1309 2534 1378; x_wconf 84' lang='lat' dir='ltr'><strong>Itaque</strong></span> <span class='ocrx_word' id='word_1_586' title='bbox 2558 1314 2612 1361; x_wconf 90' lang='lat' dir='ltr'><strong>et</strong></span> <span class='ocrx_word' id='word_1_587' title='bbox 2642 1303 2922 1358; x_wconf 90' lang='lat' dir='ltr'><strong>Dominum</strong></span> <span class='ocrx_word' id='word_1_588' title='bbox 2951 1307 3006 1354; x_wconf 90' lang='lat' dir='ltr'><strong>et</strong></span> <span class='ocrx_word' id='word_1_589' title='bbox 3038 1297 3203 1352; x_wconf 89' lang='lat' dir='ltr'><strong>Deum</strong></span> <span class='ocrx_word' id='word_1_590' title='bbox 3226 1294 3396 1362; x_wconf 86' lang='lat' dir='ltr'><strong>ipsum</strong></span> <span class='ocrx_word' id='word_1_591' title='bbox 3425 1291 3682 1360; x_wconf 85' lang='lat' dir='ltr'><strong>appellat.</strong></span> 
     </span>
    </p>
   </div>
   <div class='ocr_carea' id='block_1_74' title="bbox 2101 1382 3690 1457">
    <p class='ocr_par' dir='ltr' id='par_1_74' title="bbox 2101 1382 3690 1457">
     <span class='ocr_line' id='line_1_74' title="bbox 2101 1382 3690 1457; baseline -0.014 0"><span class='ocrx_word' id='word_1_592' title='bbox 2101 1400 2287 1457; x_wconf 89' lang='lat' dir='ltr'><strong>Utrum</strong></span> <span class='ocrx_word' id='word_1_593' title='bbox 2321 1399 2482 1454; x_wconf 90' lang='lat' dir='ltr'><strong>Deum</strong></span> <span class='ocrx_word' id='word_1_594' title='bbox 2513 1411 2631 1451; x_wconf 86' lang='lat' dir='ltr'><strong>esse</strong></span> <span class='ocrx_word' id='word_1_595' title='bbox 2655 1395 2734 1448; x_wconf 87' lang='lat' dir='ltr'><strong>vis</strong></span> <span class='ocrx_word' id='word_1_596' title='bbox 2762 1391 2978 1454; x_wconf 88' lang='lat' dir='ltr'><strong>Filium,</strong></span> <span class='ocrx_word' id='word_1_597' title='bbox 3010 1403 3076 1441; x_wconf 89' lang='lat' dir='ltr'><strong>an</strong></span> <span class='ocrx_word' id='word_1_598' title='bbox 3107 1384 3354 1440; x_wconf 84' lang='lat' dir='ltr'><strong>Patrem?</strong></span> <span class='ocrx_word' id='word_1_599' title='bbox 3396 1382 3556 1438; x_wconf 84' lang='lat' dir='ltr'><strong>Plane</strong></span> <span class='ocrx_word' id='word_1_600' title='bbox 3585 1383 3690 1435; x_wconf 87' lang='lat' dir='ltr'><strong>Pa-</strong></span> 
     </span>
    </p>
   </div>
   <div class='ocr_carea' id='block_1_75' title="bbox 2101 1474 3688 1548">
    <p class='ocr_par' dir='ltr' id='par_1_75' title="bbox 2101 1474 3688 1548">
     <span class='ocr_line' id='line_1_75' title="bbox 2101 1474 3688 1548; baseline -0.013 -1"><span class='ocrx_word' id='word_1_601' title='bbox 2101 1502 2236 1548; x_wconf 90' lang='lat' dir='ltr'><strong>trem</strong></span> <span class='ocrx_word' id='word_1_602' title='bbox 2265 1491 2410 1546; x_wconf 89' lang='lat' dir='ltr'><strong>dices</strong></span> <span class='ocrx_word' id='word_1_603' title='bbox 2435 1489 2548 1543; x_wconf 77' lang='lat' dir='ltr'><strong>hmc</strong></span> <span class='ocrx_word' id='word_1_604' title='bbox 2577 1487 2789 1542; x_wconf 90' lang='lat' dir='ltr'><strong>nomina</strong></span> <span class='ocrx_word' id='word_1_605' title='bbox 2831 1483 3080 1537; x_wconf 89' lang='lat' dir='ltr'><strong>indicare.</strong></span> <span class='ocrx_word' id='word_1_606' title='bbox 3126 1478 3286 1548; x_wconf 77' lang='lat' dir='ltr'><strong>Igitur</strong></span> <span class='ocrx_word' id='word_1_607' title='bbox 3321 1477 3458 1531; x_wconf 91' lang='lat' dir='ltr'><strong>Deus</strong></span> <span class='ocrx_word' id='word_1_608' title='bbox 3482 1483 3562 1530; x_wconf 89' lang='lat' dir='ltr'><strong>est</strong></span> <span class='ocrx_word' id='word_1_609' title='bbox 3593 1474 3688 1529; x_wconf 85' lang='lat' dir='ltr'><strong>Fi-</strong></span> 
     </span>
    </p>
   </div>
   <div class='ocr_carea' id='block_1_76' title="bbox 2101 1565 3688 1640">
    <p class='ocr_par' dir='ltr' id='par_1_76' title="bbox 2101 1565 3688 1640">
     <span class='ocr_line' id='line_1_76' title="bbox 2101 1565 3688 1640; baseline -0.013 -1"><span class='ocrx_word' id='word_1_610' title='bbox 2101 1584 2204 1639; x_wconf 91' lang='lat' dir='ltr'><strong>lius</strong></span> <span class='ocrx_word' id='word_1_611' title='bbox 2235 1591 2291 1637; x_wconf 88' lang='lat' dir='ltr'><strong>et</strong></span> <span class='ocrx_word' id='word_1_612' title='bbox 2323 1581 2576 1636; x_wconf 88' lang='lat' dir='ltr'><strong>Dominus</strong></span> <span class='ocrx_word' id='word_1_613' title='bbox 2614 1578 2789 1632; x_wconf 89' lang='lat' dir='ltr'><strong>Pater.</strong></span> <span class='ocrx_word' id='word_1_614' title='bbox 2831 1571 2968 1640; x_wconf 91' lang='lat' dir='ltr'><strong>Quid</strong></span> <span class='ocrx_word' id='word_1_615' title='bbox 2993 1584 3118 1640; x_wconf 86' lang='lat' dir='ltr'><strong>ergo</strong></span> <span class='ocrx_word' id='word_1_616' title='bbox 3147 1568 3360 1622; x_wconf 90' lang='lat' dir='ltr'><strong>nomina</strong></span> <span class='ocrx_word' id='word_1_617' title='bbox 3390 1565 3597 1628; x_wconf 87' lang='lat' dir='ltr'><strong>dividis,</strong></span> <span class='ocrx_word' id='word_1_618' title='bbox 3629 1573 3688 1619; x_wconf 91' lang='lat' dir='ltr'><strong>et</strong></span> 
     </span>
    </p>
   </div>
   <div class='ocr_carea' id='block_1_77' title="bbox 2103 1658 3688 1744">
    <p class='ocr_par' dir='ltr' id='par_1_77' title="bbox 2103 1658 3688 1744">
     <span class='ocr_line' id='line_1_77' title="bbox 2103 1658 3688 1744; baseline -0.011 -16"><span class='ocrx_word' id='word_1_619' title='bbox 2103 1675 2205 1729; x_wconf 90' lang='lat' dir='ltr'><strong>hoc</strong></span> <span class='ocrx_word' id='word_1_620' title='bbox 2239 1673 2454 1744; x_wconf 91' lang='lat' dir='ltr'><strong>quidem</strong></span> <span class='ocrx_word' id='word_1_621' title='bbox 2492 1671 2602 1726; x_wconf 90' lang='lat' dir='ltr'><strong>illic</strong></span> <span class='ocrx_word' id='word_1_622' title='bbox 2638 1667 2844 1738; x_wconf 90' lang='lat' dir='ltr'><strong>adjicis,</strong></span> <span class='ocrx_word' id='word_1_623' title='bbox 2873 1663 2998 1720; x_wconf 91' lang='lat' dir='ltr'><strong>illud</strong></span> <span class='ocrx_word' id='word_1_624' title='bbox 3025 1670 3201 1716; x_wconf 85' lang='lat' dir='ltr'><strong>autem</strong></span> <span class='ocrx_word' id='word_1_625' title='bbox 3233 1659 3318 1713; x_wconf 89' lang='lat' dir='ltr'><strong>hic</strong></span> <span class='ocrx_word' id='word_1_626' title='bbox 3344 1658 3574 1713; x_wconf 85' lang='lat' dir='ltr'><strong>dividis?</strong></span> <span class='ocrx_word' id='word_1_627' title='bbox 3619 1658 3688 1710; x_wconf 78' lang='lat' dir='ltr'><strong>Et</strong></span> 
     </span>
    </p>
   </div>
   <div class='ocr_carea' id='block_1_78' title="bbox 2101 1747 3686 1831">
    <p class='ocr_par' dir='ltr' id='par_1_78' title="bbox 2101 1747 3686 1831">
     <span class='ocr_line' id='line_1_78' title="bbox 2101 1747 3686 1831; baseline -0.015 -9"><span class='ocrx_word' id='word_1_628' title='bbox 2101 1780 2230 1822; x_wconf 75' lang='lat' dir='ltr'><strong>vero</strong></span> <span class='ocrx_word' id='word_1_629' title='bbox 2276 1763 2473 1819; x_wconf 84' lang='lat' dir='ltr'><strong>Paulus</strong></span> <span class='ocrx_word' id='word_1_630' title='bbox 2511 1762 2583 1815; x_wconf 89' lang='lat' dir='ltr'><strong>ait</strong></span> <span class='ocrx_word' id='word_1_631' title='bbox 2621 1759 2842 1831; x_wconf 90' lang='lat' dir='ltr'><strong>(utinam</strong></span> <span class='ocrx_word' id='word_1_632' title='bbox 2875 1754 3093 1810; x_wconf 88' lang='lat' dir='ltr'><strong>Paulum</strong></span> <span class='ocrx_word' id='word_1_633' title='bbox 3131 1750 3363 1816; x_wconf 87' lang='lat' dir='ltr'><strong>audires,</strong></span> <span class='ocrx_word' id='word_1_634' title='bbox 3404 1757 3457 1803; x_wconf 90' lang='lat' dir='ltr'><strong>et</strong></span> <span class='ocrx_word' id='word_1_635' title='bbox 3498 1747 3686 1801; x_wconf 89' lang='lat' dir='ltr'><strong>beatus</strong></span> 
     </span>
    </p>
   </div>
   <div class='ocr_carea' id='block_1_79' title="bbox 2103 1838 3688 1927">
    <p class='ocr_par' dir='ltr' id='par_1_79' title="bbox 2103 1838 3688 1927">
     <span class='ocr_line' id='line_1_79' title="bbox 2103 1838 3688 1927; baseline -0.015 -14"><span class='ocrx_word' id='word_1_636' title='bbox 2103 1858 2274 1927; x_wconf 86' lang='lat' dir='ltr'><strong>esses)</strong></span> <span class='ocrx_word' id='word_1_637' title='bbox 2306 1873 2320 1910; x_wconf 89' lang='lat'><strong>:</strong></span> <span class='ocrx_word' id='word_1_638' title='bbox 2353 1854 2514 1909; x_wconf 85' lang='lat' dir='ltr'><strong>Nobis</strong></span> <span class='ocrx_word' id='word_1_639' title='bbox 2535 1863 2698 1906; x_wconf 88' lang='lat' dir='ltr'><strong>tamen</strong></span> <span class='ocrx_word' id='word_1_640' title='bbox 2728 1865 2857 1903; x_wconf 89' lang='lat' dir='ltr'><strong>unus</strong></span> <span class='ocrx_word' id='word_1_641' title='bbox 2885 1844 3020 1900; x_wconf 90' lang='lat' dir='ltr'><strong>Deus</strong></span> <span class='ocrx_word' id='word_1_642' title='bbox 3056 1841 3228 1905; x_wconf 85' lang='lat' dir='ltr'><strong>Pater,</strong></span> <span class='ocrx_word' id='word_1_643' title='bbox 3259 1857 3321 1894; x_wconf 82' lang='lat' dir='ltr'><strong>ea:</strong></span> <span class='ocrx_word' id='word_1_644' title='bbox 3344 1855 3441 1910; x_wconf 90' lang='lat' dir='ltr'><strong>quo</strong></span> <span class='ocrx_word' id='word_1_645' title='bbox 3469 1838 3638 1891; x_wconf 80' lang='lat' dir='ltr'><strong>omnia</strong></span> <span class='ocrx_word' id='word_1_646' title='bbox 3665 1853 3688 1890; x_wconf 91' lang='lat'><strong><em>:</em></strong></span> 
     </span>
    </p>
   </div>
   <div class='ocr_carea' id='block_1_80' title="bbox 2103 1928 3686 2003">
    <p class='ocr_par' dir='ltr' id='par_1_80' title="bbox 2103 1928 3686 2003">
     <span class='ocr_line' id='line_1_80' title="bbox 2103 1928 3686 2003; baseline -0.014 -1"><span class='ocrx_word' id='word_1_647' title='bbox 2103 1958 2150 2003; x_wconf 85' lang='lat' dir='ltr'><strong>et</strong></span> <span class='ocrx_word' id='word_1_648' title='bbox 2175 1963 2305 2001; x_wconf 85' lang='lat' dir='ltr'><strong>unus</strong></span> <span class='ocrx_word' id='word_1_649' title='bbox 2348 1944 2596 1999; x_wconf 78' lang='lat' dir='ltr'><strong>Dominus</strong></span> <span class='ocrx_word' id='word_1_650' title='bbox 2634 1941 2784 1995; x_wconf 83' lang='lat' dir='ltr'><strong>Jesus</strong></span> <span class='ocrx_word' id='word_1_651' title='bbox 2828 1938 3086 1999; x_wconf 79' lang='lat' dir='ltr'><strong>Christus,</strong></span> <span class='ocrx_word' id='word_1_652' title='bbox 3123 1949 3211 2003; x_wconf 84' lang='lat' dir='ltr'><strong>per</strong></span> <span class='ocrx_word' id='word_1_653' title='bbox 3237 1947 3380 1998; x_wconf 87' lang='lat' dir='ltr'><strong>quem</strong></span> <span class='ocrx_word' id='word_1_654' title='bbox 3412 1929 3580 1982; x_wconf 87' lang='lat' dir='ltr'><strong>omnia</strong></span> <span class='ocrx_word' id='word_1_655' title='bbox 3605 1928 3686 1999; x_wconf 92' lang='lat' dir='ltr'><strong>(l.</strong></span> 
     </span>
    </p>
   </div>
   <div class='ocr_carea' id='block_1_81' title="bbox 2105 2019 3690 2109">
    <p class='ocr_par' dir='ltr' id='par_1_81' title="bbox 2105 2019 3690 2109">
     <span class='ocr_line' id='line_1_81' title="bbox 2105 2019 3690 2109; baseline -0.017 -13"><span class='ocrx_word' id='word_1_656' title='bbox 2105 2039 2223 2096; x_wconf 86' lang='lat' dir='ltr'><strong>Cor.</strong></span> <span class='ocrx_word' id='word_1_657' title='bbox 2250 2037 2303 2094; x_wconf 91' lang='lat'><strong>8.</strong></span> <span class='ocrx_word' id='word_1_658' title='bbox 2328 2035 2406 2109; x_wconf 89' lang='lat'><strong>6).</strong></span> <span class='ocrx_word' id='word_1_659' title='bbox 2456 2035 2628 2090; x_wconf 85' lang='lat' dir='ltr'><strong>Unum</strong></span> <span class='ocrx_word' id='word_1_660' title='bbox 2668 2031 2858 2087; x_wconf 86' lang='lat' dir='ltr'><strong>Filium</strong></span> <span class='ocrx_word' id='word_1_661' title='bbox 2888 2029 3054 2082; x_wconf 90' lang='lat' dir='ltr'><strong>Deum</strong></span> <span class='ocrx_word' id='word_1_662' title='bbox 3083 2021 3328 2078; x_wconf 84' lang='lat' dir='ltr'><strong>vocavit?</strong></span> <span class='ocrx_word' id='word_1_663' title='bbox 3365 2019 3488 2090; x_wconf 88' lang='lat' dir='ltr'><strong>quid</strong></span> <span class='ocrx_word' id='word_1_664' title='bbox 3515 2034 3640 2088; x_wconf 79' lang='lat' dir='ltr'><strong>ergo</strong></span> <span class='ocrx_word' id='word_1_665' title='bbox 3664 2019 3690 2070; x_wconf 84' lang='lat'><strong>?</strong></span> 
     </span>
    </p>
   </div>
   <div class='ocr_carea' id='block_1_82' title="bbox 2106 2112 3687 2193">
    <p class='ocr_par' dir='ltr' id='par_1_82' title="bbox 2106 2112 3687 2193">
     <span class='ocr_line' id='line_1_82' title="bbox 2106 2112 3687 2193; baseline -0.016 -7"><span class='ocrx_word' id='word_1_666' title='bbox 2106 2129 2410 2186; x_wconf 91' lang='lat' dir='ltr'><strong>Dominum.</strong></span> <span class='ocrx_word' id='word_1_667' title='bbox 2451 2124 2557 2181; x_wconf 92' lang='lat' dir='ltr'><strong>Cur</strong></span> <span class='ocrx_word' id='word_1_668' title='bbox 2589 2112 3310 2193; x_wconf 79' lang='lat' dir='ltr'><strong>enim,qu:nso,splendidius</strong></span> <span class='ocrx_word' id='word_1_669' title='bbox 3363 2119 3446 2165; x_wconf 90' lang='lat' dir='ltr'><strong>est</strong></span> <span class='ocrx_word' id='word_1_670' title='bbox 3492 2123 3687 2163; x_wconf 83' lang='lat' dir='ltr'><strong>nomen</strong></span> 
     </span>
    </p>
   </div>
   <div class='ocr_carea' id='block_1_83' title="bbox 2109 2195 3687 2290">
    <p class='ocr_par' dir='ltr' id='par_1_83' title="bbox 2109 2195 3687 2290">
     <span class='ocr_line' id='line_1_83' title="bbox 2109 2195 3687 2290; baseline -0.017 -12"><span class='ocrx_word' id='word_1_671' title='bbox 2109 2223 2269 2286; x_wconf 90' lang='lat' dir='ltr'><strong>Deus,</strong></span> <span class='ocrx_word' id='word_1_672' title='bbox 2321 2233 2478 2290; x_wconf 89' lang='lat' dir='ltr'><strong>quam</strong></span> <span class='ocrx_word' id='word_1_673' title='bbox 2527 2214 2803 2278; x_wconf 90' lang='lat' dir='ltr'><strong>Dominus,</strong></span> <span class='ocrx_word' id='word_1_674' title='bbox 2853 2217 2947 2264; x_wconf 88' lang='lat' dir='ltr'><strong>aut</strong></span> <span class='ocrx_word' id='word_1_675' title='bbox 2993 2195 3258 2262; x_wconf 80' lang='lat' dir='ltr'><strong>Dominus</strong></span> <span class='ocrx_word' id='word_1_676' title='bbox 3305 2205 3478 2256; x_wconf 89' lang='lat' dir='ltr'><strong>minus</strong></span> <span class='ocrx_word' id='word_1_677' title='bbox 3527 2217 3687 2270; x_wconf 87' lang='lat' dir='ltr'><strong>quam</strong></span> 
     </span>
    </p>
   </div>
   <div class='ocr_carea' id='block_1_84' title="bbox 2109 2295 3690 2377">
    <p class='ocr_par' dir='ltr' id='par_1_84' title="bbox 2109 2295 3690 2377">
     <span class='ocr_line' id='line_1_84' title="bbox 2109 2295 3690 2377; baseline -0.018 -5"><span class='ocrx_word' id='word_1_678' title='bbox 2109 2315 2283 2373; x_wconf 84' lang='lat' dir='ltr'><strong>Deus?</strong></span> <span class='ocrx_word' id='word_1_679' title='bbox 2330 2310 2635 2377; x_wconf 83' lang='lat' dir='ltr'><strong>Attendite,</strong></span> <span class='ocrx_word' id='word_1_680' title='bbox 2673 2307 2929 2371; x_wconf 89' lang='lat' dir='ltr'><strong>obsecro,</strong></span> <span class='ocrx_word' id='word_1_681' title='bbox 2957 2301 3254 2372; x_wconf 85' lang='lat' dir='ltr'><strong>diligenter.</strong></span> <span class='ocrx_word' id='word_1_682' title='bbox 3287 2295 3345 2352; x_wconf 92' lang='lat' dir='ltr'><strong>Si</strong></span> <span class='ocrx_word' id='word_1_683' title='bbox 3371 2309 3496 2365; x_wconf 84' lang='lat' dir='ltr'><strong>ergo</strong></span> <span class='ocrx_word' id='word_1_684' title='bbox 3526 2309 3690 2346; x_wconf 89' lang='lat' dir='ltr'><strong>unum</strong></span> 
     </span>
    </p>
   </div>
   <div class='ocr_carea' id='block_1_85' title="bbox 2111 2385 3694 2472">
    <p class='ocr_par' dir='ltr' id='par_1_85' title="bbox 2111 2385 3694 2472">
     <span class='ocr_line' id='line_1_85' title="bbox 2111 2385 3694 2472; baseline -0.019 -7"><span class='ocrx_word' id='word_1_685' title='bbox 2111 2424 2230 2464; x_wconf 91' lang='lat' dir='ltr'><strong>esse</strong></span> <span class='ocrx_word' id='word_1_686' title='bbox 2275 2407 2386 2472; x_wconf 90' lang='lat' dir='ltr'><strong>illa,</strong></span> <span class='ocrx_word' id='word_1_687' title='bbox 2433 2402 2688 2458; x_wconf 87' lang='lat' dir='ltr'><strong>Dominus</strong></span> <span class='ocrx_word' id='word_1_688' title='bbox 2733 2407 2786 2453; x_wconf 91' lang='lat' dir='ltr'><strong>et</strong></span> <span class='ocrx_word' id='word_1_689' title='bbox 2831 2397 2990 2460; x_wconf 91' lang='lat' dir='ltr'><strong>Deus,</strong></span> <span class='ocrx_word' id='word_1_690' title='bbox 3021 2389 3324 2452; x_wconf 86' lang='lat' dir='ltr'><strong>ostendero,</strong></span> <span class='ocrx_word' id='word_1_691' title='bbox 3356 2387 3476 2458; x_wconf 86' lang='lat' dir='ltr'><strong>quid</strong></span> <span class='ocrx_word' id='word_1_692' title='bbox 3503 2385 3694 2439; x_wconf 81' lang='lat' dir='ltr'><strong>dices?</strong></span> 
     </span>
    </p>
   </div>
   <div class='ocr_carea' id='block_1_86' title="bbox 2110 2477 3697 2564">
    <p class='ocr_par' dir='ltr' id='par_1_86' title="bbox 2110 2477 3697 2564">
     <span class='ocr_line' id='line_1_86' title="bbox 2110 2477 3697 2564; baseline -0.017 -7"><span class='ocrx_word' id='word_1_693' title='bbox 2110 2500 2316 2557; x_wconf 89' lang='lat' dir='ltr'><strong>Nomen</strong></span> <span class='ocrx_word' id='word_1_694' title='bbox 2339 2499 2474 2551; x_wconf 88' lang='lat' dir='ltr'><strong>Deus</strong></span> <span class='ocrx_word' id='word_1_695' title='bbox 2493 2494 2662 2564; x_wconf 90' lang='lat' dir='ltr'><strong>majus</strong></span> <span class='ocrx_word' id='word_1_696' title='bbox 2691 2505 2811 2547; x_wconf 90' lang='lat' dir='ltr'><strong>esse</strong></span> <span class='ocrx_word' id='word_1_697' title='bbox 2830 2488 2983 2552; x_wconf 91' lang='lat' dir='ltr'><strong>dicis,</strong></span> <span class='ocrx_word' id='word_1_698' title='bbox 3007 2484 3263 2545; x_wconf 90' lang='lat' dir='ltr'><strong>Dominus</strong></span> <span class='ocrx_word' id='word_1_699' title='bbox 3281 2489 3454 2534; x_wconf 90' lang='lat' dir='ltr'><strong>autem</strong></span> <span class='ocrx_word' id='word_1_700' title='bbox 3483 2477 3697 2532; x_wconf 86' lang='lat' dir='ltr'><strong>minus?</strong></span> 
     </span>
    </p>
   </div>
   <div class='ocr_carea' id='block_1_87' title="bbox 2114 2570 3699 2660">
    <p class='ocr_par' dir='ltr' id='par_1_87' title="bbox 2114 2570 3699 2660">
     <span class='ocr_line' id='line_1_87' title="bbox 2114 2570 3699 2660; baseline -0.018 -13"><span class='ocrx_word' id='word_1_701' title='bbox 2114 2590 2251 2646; x_wconf 87' lang='lat' dir='ltr'><strong>Audi</strong></span> <span class='ocrx_word' id='word_1_702' title='bbox 2277 2587 2587 2660; x_wconf 87' lang='lat' dir='ltr'><strong>prophetam</strong></span> <span class='ocrx_word' id='word_1_703' title='bbox 2611 2583 2873 2639; x_wconf 87' lang='lat' dir='ltr'><strong>dicentem</strong></span> <span class='ocrx_word' id='word_1_704' title='bbox 2899 2596 2913 2632; x_wconf 91' lang='lat'><strong>:</strong></span> <span class='ocrx_word' id='word_1_705' title='bbox 2939 2576 3043 2630; x_wconf 84' lang='lat' dir='ltr'><strong>Iste</strong></span> <span class='ocrx_word' id='word_1_706' title='bbox 3069 2574 3332 2635; x_wconf 83' lang='lat' dir='ltr'><strong>Dominus,</strong></span> <span class='ocrx_word' id='word_1_707' title='bbox 3354 2571 3438 2640; x_wconf 88' lang='lat' dir='ltr'><strong>qui</strong></span> <span class='ocrx_word' id='word_1_708' title='bbox 3462 2570 3576 2637; x_wconf 79' lang='lat' dir='ltr'><strong>fecit</strong></span> <span class='ocrx_word' id='word_1_709' title='bbox 3598 2583 3699 2620; x_wconf 77' lang='lat' dir='ltr'><strong>cre-</strong></span> 
     </span>
    </p>
   </div>
   <div class='ocr_carea' id='block_1_88' title="bbox 2116 2656 3699 2745">
    <p class='ocr_par' dir='ltr' id='par_1_88' title="bbox 2116 2656 3699 2745">
     <span class='ocr_line' id='line_1_88' title="bbox 2116 2656 3699 2745; baseline -0.018 -8"><span class='ocrx_word' id='word_1_710' title='bbox 2116 2683 2219 2738; x_wconf 83' lang='lat' dir='ltr'><strong>lum</strong></span> <span class='ocrx_word' id='word_1_711' title='bbox 2246 2656 2393 2734; x_wconf 32' lang='lat' dir='ltr'><strong>:viste—</strong></span> <span class='ocrx_word' id='word_1_712' title='bbox 2429 2677 2605 2741; x_wconf 87' lang='lat' dir='ltr'><strong>Deus,</strong></span> <span class='ocrx_word' id='word_1_713' title='bbox 2649 2671 2734 2745; x_wconf 85' lang='lat' dir='ltr'><strong>qui</strong></span> <span class='ocrx_word' id='word_1_714' title='bbox 2771 2680 2953 2724; x_wconf 85' lang='lat' dir='ltr'><strong>terram</strong></span> <span class='ocrx_word' id='word_1_715' title='bbox 3001 2664 3224 2719; x_wconf 84' lang='lat' dir='ltr'><strong>condidit</strong></span> <span class='ocrx_word' id='word_1_716' title='bbox 3266 2661 3423 2733; x_wconf 85' lang='lat' dir='ltr'><strong>(Isai.</strong></span> <span class='ocrx_word' id='word_1_717' title='bbox 3463 2660 3554 2713; x_wconf 72' lang='grc' dir='ltr'><strong>ιε.</strong></span> <span class='ocrx_word' id='word_1_718' title='bbox 3586 2656 3699 2726; x_wconf 86' lang='lat' dir='ltr'><strong>I8).</strong></span> 
     </span>
    </p>
   </div>
   <div class='ocr_carea' id='block_1_89' title="bbox 2119 2749 3700 2831">
    <p class='ocr_par' dir='ltr' id='par_1_89' title="bbox 2119 2749 3700 2831">
     <span class='ocr_line' id='line_1_89' title="bbox 2119 2749 3700 2831; baseline -0.02 -2"><span class='ocrx_word' id='word_1_719' title='bbox 2119 2772 2372 2830; x_wconf 90' lang='lat' dir='ltr'><strong>Dominus</strong></span> <span class='ocrx_word' id='word_1_720' title='bbox 2398 2767 2583 2824; x_wconf 61' lang='lat' dir='ltr'><strong>caelum</strong></span> <span class='ocrx_word' id='word_1_721' title='bbox 2604 2807 2618 2831; x_wconf 92' lang='lat'><strong>,</strong></span> <span class='ocrx_word' id='word_1_722' title='bbox 2650 2771 2706 2818; x_wconf 89' lang='lat' dir='ltr'><strong>et</strong></span> <span class='ocrx_word' id='word_1_723' title='bbox 2730 2763 2872 2816; x_wconf 90' lang='lat' dir='ltr'><strong>Deus</strong></span> <span class='ocrx_word' id='word_1_724' title='bbox 2902 2769 3117 2813; x_wconf 92' lang='lat' dir='ltr'><strong>terram.</strong></span> <span class='ocrx_word' id='word_1_725' title='bbox 3150 2753 3247 2808; x_wconf 88' lang='lat' dir='ltr'><strong>llic</strong></span> <span class='ocrx_word' id='word_1_726' title='bbox 3275 2752 3328 2805; x_wconf 91' lang='lat' dir='ltr'><strong>iu</strong></span> <span class='ocrx_word' id='word_1_727' title='bbox 3354 2749 3540 2804; x_wconf 87' lang='lat' dir='ltr'><strong>eadem</strong></span> <span class='ocrx_word' id='word_1_728' title='bbox 3572 2763 3700 2817; x_wconf 91' lang='lat' dir='ltr'><strong>per-</strong></span> 
     </span>
    </p>
   </div>
   <div class='ocr_carea' id='block_1_90' title="bbox 2119 2839 3705 2921">
    <p class='ocr_par' dir='ltr' id='par_1_90' title="bbox 2119 2839 3705 2921">
     <span class='ocr_line' id='line_1_90' title="bbox 2119 2839 3705 2921; baseline -0.018 -1"><span class='ocrx_word' id='word_1_729' title='bbox 2119 2879 2247 2921; x_wconf 90' lang='lat' dir='ltr'><strong>sona</strong></span> <span class='ocrx_word' id='word_1_730' title='bbox 2286 2872 2340 2918; x_wconf 92' lang='lat' dir='ltr'><strong>et</strong></span> <span class='ocrx_word' id='word_1_731' title='bbox 2380 2874 2574 2916; x_wconf 89' lang='lat' dir='ltr'><strong>nomen</strong></span> <span class='ocrx_word' id='word_1_732' title='bbox 2621 2854 2910 2918; x_wconf 89' lang='lat' dir='ltr'><strong>Dominus,</strong></span> <span class='ocrx_word' id='word_1_733' title='bbox 2941 2859 2994 2905; x_wconf 92' lang='lat' dir='ltr'><strong>et</strong></span> <span class='ocrx_word' id='word_1_734' title='bbox 3018 2861 3214 2902; x_wconf 89' lang='lat' dir='ltr'><strong>nomen</strong></span> <span class='ocrx_word' id='word_1_735' title='bbox 3245 2845 3384 2898; x_wconf 89' lang='lat' dir='ltr'><strong>Deus</strong></span> <span class='ocrx_word' id='word_1_736' title='bbox 3411 2841 3604 2911; x_wconf 93' lang='lat' dir='ltr'><strong>posuit.</strong></span> <span class='ocrx_word' id='word_1_737' title='bbox 3636 2839 3705 2892; x_wconf 80' lang='lat' dir='ltr'><strong>Et</strong></span> 
     </span>
    </p>
   </div>
   <div class='ocr_carea' id='block_1_91' title="bbox 2121 2931 3705 3019">
    <p class='ocr_par' dir='ltr' id='par_1_91' title="bbox 2121 2931 3705 3019">
     <span class='ocr_line' id='line_1_91' title="bbox 2121 2931 3705 3019; baseline -0.02 -9"><span class='ocrx_word' id='word_1_738' title='bbox 2121 2955 2324 3019; x_wconf 74' lang='lat' dir='ltr'><strong>rursus,</strong></span> <span class='ocrx_word' id='word_1_739' title='bbox 2345 2949 2480 3004; x_wconf 83' lang='lat' dir='ltr'><strong>Audi</strong></span> <span class='ocrx_word' id='word_1_740' title='bbox 2501 2946 2686 3009; x_wconf 80' lang='lat' dir='ltr'><strong>Israel,</strong></span> <span class='ocrx_word' id='word_1_741' title='bbox 2710 2942 2953 2997; x_wconf 88' lang='lat' dir='ltr'><strong>Dominus</strong></span> <span class='ocrx_word' id='word_1_742' title='bbox 2982 2937 3119 2991; x_wconf 86' lang='lat' dir='ltr'><strong>Deus</strong></span> <span class='ocrx_word' id='word_1_743' title='bbox 3149 2946 3262 2988; x_wconf 87' lang='lat' dir='ltr'><strong>tuus</strong></span> <span class='ocrx_word' id='word_1_744' title='bbox 3288 2931 3537 2985; x_wconf 87' lang='lat' dir='ltr'><strong>Dominus</strong></span> <span class='ocrx_word' id='word_1_745' title='bbox 3566 2945 3705 2981; x_wconf 86' lang='lat' dir='ltr'><strong>unus</strong></span> 
     </span>
    </p>
   </div>
   <div class='ocr_carea' id='block_1_92' title="bbox 2121 3021 3708 3115">
    <p class='ocr_par' dir='ltr' id='par_1_92' title="bbox 2121 3021 3708 3115">
     <span class='ocr_line' id='line_1_92' title="bbox 2121 3021 3708 3115; baseline -0.02 -12"><span class='ocrx_word' id='word_1_746' title='bbox 2121 3057 2193 3102; x_wconf 87' lang='lat' dir='ltr'><strong>est</strong></span> <span class='ocrx_word' id='word_1_747' title='bbox 2223 3043 2398 3115; x_wconf 87' lang='lat' dir='ltr'><strong>(Deut.</strong></span> <span class='ocrx_word' id='word_1_748' title='bbox 2424 3040 2476 3096; x_wconf 87' lang='lat'><strong>6.</strong></span> <span class='ocrx_word' id='word_1_749' title='bbox 2508 3039 2584 3110; x_wconf 72' lang='grc'><strong>4).</strong></span> <span class='ocrx_word' id='word_1_750' title='bbox 2611 3037 2699 3090; x_wconf 87' lang='lat' dir='ltr'><strong>Bis</strong></span> <span class='ocrx_word' id='word_1_751' title='bbox 2726 3034 3000 3096; x_wconf 92' lang='lat' dir='ltr'><strong>Dominus,</strong></span> <span class='ocrx_word' id='word_1_752' title='bbox 3030 3035 3083 3082; x_wconf 91' lang='lat' dir='ltr'><strong>et</strong></span> <span class='ocrx_word' id='word_1_753' title='bbox 3110 3025 3270 3082; x_wconf 91' lang='lat' dir='ltr'><strong>semel</strong></span> <span class='ocrx_word' id='word_1_754' title='bbox 3302 3025 3436 3077; x_wconf 90' lang='lat' dir='ltr'><strong>Deus</strong></span> <span class='ocrx_word' id='word_1_755' title='bbox 3464 3039 3477 3074; x_wconf 93' lang='lat'><strong>:</strong></span> <span class='ocrx_word' id='word_1_756' title='bbox 3509 3036 3572 3074; x_wconf 88' lang='lat' dir='ltr'><strong>ac</strong></span> <span class='ocrx_word' id='word_1_757' title='bbox 3597 3021 3708 3088; x_wconf 85' lang='lat' dir='ltr'><strong>pri-</strong></span> 
     </span>
    </p>
   </div>
   <div class='ocr_carea' id='block_1_93' title="bbox 2123 3112 3704 3194">
    <p class='ocr_par' dir='ltr' id='par_1_93' title="bbox 2123 3112 3704 3194">
     <span class='ocr_line' id='line_1_93' title="bbox 2123 3112 3704 3194; baseline -0.02 -1"><span class='ocrx_word' id='word_1_758' title='bbox 2123 3153 2268 3193; x_wconf 88' lang='lat' dir='ltr'><strong>mum</strong></span> <span class='ocrx_word' id='word_1_759' title='bbox 2299 3131 2552 3188; x_wconf 89' lang='lat' dir='ltr'><strong>Dominus</strong></span> <span class='ocrx_word' id='word_1_760' title='bbox 2571 3170 2584 3194; x_wconf 91' lang='lat'><strong>,</strong></span> <span class='ocrx_word' id='word_1_761' title='bbox 2620 3135 2675 3181; x_wconf 90' lang='lat' dir='ltr'><strong>et</strong></span> <span class='ocrx_word' id='word_1_762' title='bbox 2701 3122 2892 3180; x_wconf 90' lang='lat' dir='ltr'><strong>deinde</strong></span> <span class='ocrx_word' id='word_1_763' title='bbox 2923 3122 3079 3182; x_wconf 88' lang='lat' dir='ltr'><strong>Deus,</strong></span> <span class='ocrx_word' id='word_1_764' title='bbox 3114 3128 3168 3172; x_wconf 90' lang='lat' dir='ltr'><strong>et</strong></span> <span class='ocrx_word' id='word_1_765' title='bbox 3195 3127 3381 3170; x_wconf 87' lang='lat' dir='ltr'><strong>rursus</strong></span> <span class='ocrx_word' id='word_1_766' title='bbox 3406 3112 3658 3166; x_wconf 91' lang='lat' dir='ltr'><strong>Dominus</strong></span> <span class='ocrx_word' id='word_1_767' title='bbox 3688 3127 3704 3139; x_wconf 80' lang='grc' dir='ltr'><strong><em>ο</em></strong></span> 
     </span>
    </p>
   </div>
   <div class='ocr_carea' id='block_1_94' title="bbox 2125 3201 3712 3303">
    <p class='ocr_par' dir='ltr' id='par_1_94' title="bbox 2125 3201 3712 3303">
     <span class='ocr_line' id='line_1_94' title="bbox 2125 3201 3712 3303; baseline -0.02 -17"><span class='ocrx_word' id='word_1_768' title='bbox 2125 3230 2265 3303; x_wconf 88' lang='lat' dir='ltr'><strong>quod</strong></span> <span class='ocrx_word' id='word_1_769' title='bbox 2295 3230 2337 3283; x_wconf 91' lang='lat' dir='ltr'><strong>si</strong></span> <span class='ocrx_word' id='word_1_770' title='bbox 2368 3227 2471 3282; x_wconf 86' lang='lat' dir='ltr'><strong>hoc</strong></span> <span class='ocrx_word' id='word_1_771' title='bbox 2494 3222 2729 3279; x_wconf 88' lang='lat' dir='ltr'><strong>deterius</strong></span> <span class='ocrx_word' id='word_1_772' title='bbox 2754 3226 2916 3282; x_wconf 89' lang='lat' dir='ltr'><strong>esset,</strong></span> <span class='ocrx_word' id='word_1_773' title='bbox 2940 3213 3068 3270; x_wconf 88' lang='lat' dir='ltr'><strong>illud</strong></span> <span class='ocrx_word' id='word_1_774' title='bbox 3089 3221 3263 3265; x_wconf 90' lang='lat' dir='ltr'><strong>autem</strong></span> <span class='ocrx_word' id='word_1_775' title='bbox 3291 3208 3482 3276; x_wconf 89' lang='lat' dir='ltr'><strong>majus,</strong></span> <span class='ocrx_word' id='word_1_776' title='bbox 3505 3219 3611 3258; x_wconf 90' lang='lat' dir='ltr'><strong>non</strong></span> <span class='ocrx_word' id='word_1_777' title='bbox 3639 3201 3712 3256; x_wconf 84' lang='lat' dir='ltr'><strong>de</strong></span> 
     </span>
    </p>
   </div>
   <div class='ocr_carea' id='block_1_95' title="bbox 2127 3301 3714 3394">
    <p class='ocr_par' dir='ltr' id='par_1_95' title="bbox 2127 3301 3714 3394">
     <span class='ocr_line' id='line_1_95' title="bbox 2127 3301 3714 3394; baseline -0.018 -17"><span class='ocrx_word' id='word_1_778' title='bbox 2127 3337 2315 3394; x_wconf 83' lang='lat' dir='ltr'><strong>magna</strong></span> <span class='ocrx_word' id='word_1_779' title='bbox 2353 3315 2642 3374; x_wconf 90' lang='lat' dir='ltr'><strong>substantia</strong></span> <span class='ocrx_word' id='word_1_780' title='bbox 2668 3355 2683 3380; x_wconf 95' lang='lat'><strong>,</strong></span> <span class='ocrx_word' id='word_1_781' title='bbox 2726 3311 3018 3381; x_wconf 90' lang='lat' dir='ltr'><strong>majorique</strong></span> <span class='ocrx_word' id='word_1_782' title='bbox 3057 3303 3367 3359; x_wconf 88' lang='lat' dir='ltr'><strong>vocabulum</strong></span> <span class='ocrx_word' id='word_1_783' title='bbox 3407 3301 3584 3353; x_wconf 89' lang='lat' dir='ltr'><strong>minus</strong></span> <span class='ocrx_word' id='word_1_784' title='bbox 3609 3310 3714 3365; x_wconf 79' lang='lat' dir='ltr'><strong>po-</strong></span> 
     </span>
    </p>
   </div>
   <div class='ocr_carea' id='block_1_96' title="bbox 2129 3389 3712 3485">
    <p class='ocr_par' dir='ltr' id='par_1_96' title="bbox 2129 3389 3712 3485">
     <span class='ocr_line' id='line_1_96' title="bbox 2129 3389 3712 3485; baseline -0.021 -13"><span class='ocrx_word' id='word_1_785' title='bbox 2129 3417 2321 3472; x_wconf 82' lang='lat' dir='ltr'><strong>suisset</strong></span> <span class='ocrx_word' id='word_1_786' title='bbox 2350 3413 2597 3485; x_wconf 87' lang='lat' dir='ltr'><strong>primum,</strong></span> <span class='ocrx_word' id='word_1_787' title='bbox 2636 3405 2729 3461; x_wconf 89' lang='lat' dir='ltr'><strong>sed</strong></span> <span class='ocrx_word' id='word_1_788' title='bbox 2776 3401 2962 3473; x_wconf 89' lang='lat' dir='ltr'><strong>majori</strong></span> <span class='ocrx_word' id='word_1_789' title='bbox 3001 3399 3143 3454; x_wconf 90' lang='lat' dir='ltr'><strong>dicto</strong></span> <span class='ocrx_word' id='word_1_790' title='bbox 3181 3400 3461 3450; x_wconf 90' lang='lat' dir='ltr'><strong>contentus</strong></span> <span class='ocrx_word' id='word_1_791' title='bbox 3503 3389 3712 3452; x_wconf 82' lang='lat' dir='ltr'><strong>fuisset,</strong></span> 
     </span>
    </p>
   </div>
   <div class='ocr_carea' id='block_1_97' title="bbox 2132 3478 3717 3576">
    <p class='ocr_par' dir='ltr' id='par_1_97' title="bbox 2132 3478 3717 3576">
     <span class='ocr_line' id='line_1_97' title="bbox 2132 3478 3717 3576; baseline -0.018 -18"><span class='ocrx_word' id='word_1_792' title='bbox 2132 3519 2304 3576; x_wconf 82' lang='lat' dir='ltr'><strong>neque</strong></span> <span class='ocrx_word' id='word_1_793' title='bbox 2328 3503 2503 3557; x_wconf 90' lang='lat' dir='ltr'><strong>minus</strong></span> <span class='ocrx_word' id='word_1_794' title='bbox 2527 3497 2877 3552; x_wconf 84' lang='lat' dir='ltr'><strong>attribuisset.</strong></span> <span class='ocrx_word' id='word_1_795' title='bbox 2922 3490 3054 3544; x_wconf 91' lang='lat' dir='ltr'><strong>Num</strong></span> <span class='ocrx_word' id='word_1_796' title='bbox 3098 3503 3158 3541; x_wconf 91' lang='lat' dir='ltr'><strong>ea</strong></span> <span class='ocrx_word' id='word_1_797' title='bbox 3184 3527 3199 3550; x_wconf 92' lang='lat'><strong>,</strong></span> <span class='ocrx_word' id='word_1_798' title='bbox 3241 3500 3363 3555; x_wconf 72' lang='lat' dir='ltr'><strong>qua:</strong></span> <span class='ocrx_word' id='word_1_799' title='bbox 3389 3481 3523 3544; x_wconf 89' lang='lat' dir='ltr'><strong>dixi,</strong></span> <span class='ocrx_word' id='word_1_800' title='bbox 3553 3478 3717 3532; x_wconf 87' lang='lat' dir='ltr'><strong>intel-</strong></span> 
     </span>
    </p>
   </div>
   <div class='ocr_carea' id='block_1_98' title="bbox 2133 3570 3720 3658">
    <p class='ocr_par' dir='ltr' id='par_1_98' title="bbox 2133 3570 3720 3658">
     <span class='ocr_line' id='line_1_98' title="bbox 2133 3570 3720 3658; baseline -0.022 0"><span class='ocrx_word' id='word_1_801' title='bbox 2133 3594 2371 3658; x_wconf 84' lang='lat' dir='ltr'><strong>lexistis?</strong></span> <span class='ocrx_word' id='word_1_802' title='bbox 2415 3593 2608 3647; x_wconf 90' lang='lat' dir='ltr'><strong>lterum</strong></span> <span class='ocrx_word' id='word_1_803' title='bbox 2655 3587 2860 3642; x_wconf 86' lang='lat' dir='ltr'><strong>doceo:</strong></span> <span class='ocrx_word' id='word_1_804' title='bbox 2895 3597 2998 3636; x_wconf 90' lang='lat' dir='ltr'><strong>non</strong></span> <span class='ocrx_word' id='word_1_805' title='bbox 3037 3579 3177 3634; x_wconf 90' lang='lat' dir='ltr'><strong>enim</strong></span> <span class='ocrx_word' id='word_1_806' title='bbox 3215 3575 3318 3630; x_wconf 89' lang='lat' dir='ltr'><strong>hoc</strong></span> <span class='ocrx_word' id='word_1_807' title='bbox 3352 3570 3720 3643; x_wconf 86' lang='lat' dir='ltr'><strong>spectaculum</strong></span> 
     </span>
    </p>
   </div>
   <div class='ocr_carea' id='block_1_99' title="bbox 2133 3663 3720 3747">
    <p class='ocr_par' dir='ltr' id='par_1_99' title="bbox 2133 3663 3720 3747">
     <span class='ocr_line' id='line_1_99' title="bbox 2133 3663 3720 3747; baseline -0.021 -2"><span class='ocrx_word' id='word_1_808' title='bbox 2133 3699 2218 3747; x_wconf 75' lang='lat' dir='ltr'><strong>est</strong></span> <span class='ocrx_word' id='word_1_809' title='bbox 2258 3690 2324 3743; x_wconf 90' lang='lat' dir='ltr'><strong>ad</strong></span> <span class='ocrx_word' id='word_1_810' title='bbox 2367 3671 2796 3744; x_wconf 72' lang='lat' dir='ltr'><strong>oStentationem,</strong></span> <span class='ocrx_word' id='word_1_811' title='bbox 2828 3674 2921 3730; x_wconf 90' lang='lat' dir='ltr'><strong>sed</strong></span> <span class='ocrx_word' id='word_1_812' title='bbox 2964 3671 3204 3726; x_wconf 88' lang='lat' dir='ltr'><strong>doctrina</strong></span> <span class='ocrx_word' id='word_1_813' title='bbox 3245 3667 3313 3721; x_wconf 90' lang='lat' dir='ltr'><strong>ad</strong></span> <span class='ocrx_word' id='word_1_814' title='bbox 3347 3663 3720 3734; x_wconf 83' lang='lat' dir='ltr'><strong>compunctio-</strong></span> 
     </span>
    </p>
   </div>
   <div class='ocr_carea' id='block_1_100' title="bbox 2135 3754 3719 3842">
    <p class='ocr_par' dir='ltr' id='par_1_100' title="bbox 2135 3754 3719 3842">
     <span class='ocr_line' id='line_1_100' title="bbox 2135 3754 3719 3842; baseline -0.018 -7"><span class='ocrx_word' id='word_1_815' title='bbox 2135 3796 2278 3842; x_wconf 75' lang='lat' dir='ltr'><strong>nem,</strong></span> <span class='ocrx_word' id='word_1_816' title='bbox 2308 3792 2414 3832; x_wconf 88' lang='lat' dir='ltr'><strong>non</strong></span> <span class='ocrx_word' id='word_1_817' title='bbox 2435 3783 2491 3830; x_wconf 91' lang='lat' dir='ltr'><strong>ut</strong></span> <span class='ocrx_word' id='word_1_818' title='bbox 2512 3775 2743 3827; x_wconf 91' lang='lat' dir='ltr'><strong>inermes</strong></span> <span class='ocrx_word' id='word_1_819' title='bbox 2769 3767 2991 3832; x_wconf 84' lang='lat' dir='ltr'><strong>abeatis,</strong></span> <span class='ocrx_word' id='word_1_820' title='bbox 3020 3763 3114 3818; x_wconf 87' lang='lat' dir='ltr'><strong>sed</strong></span> <span class='ocrx_word' id='word_1_821' title='bbox 3138 3771 3195 3814; x_wconf 92' lang='lat' dir='ltr'><strong>ut</strong></span> <span class='ocrx_word' id='word_1_822' title='bbox 3223 3758 3410 3812; x_wconf 91' lang='lat' dir='ltr'><strong>armati</strong></span> <span class='ocrx_word' id='word_1_823' title='bbox 3431 3754 3719 3810; x_wconf 87' lang='lat' dir='ltr'><strong>recedatis.</strong></span> 
     </span>
    </p>
   </div>
   <div class='ocr_carea' id='block_1_101' title="bbox 2135 3845 3723 3931">
    <p class='ocr_par' dir='ltr' id='par_1_101' title="bbox 2135 3845 3723 3931">
     <span class='ocr_line' id='line_1_101' title="bbox 2135 3845 3723 3931; baseline -0.019 -5"><span class='ocrx_word' id='word_1_824' title='bbox 2135 3872 2339 3926; x_wconf 88' lang='lat' dir='ltr'><strong>Nomen</strong></span> <span class='ocrx_word' id='word_1_825' title='bbox 2379 3868 2520 3921; x_wconf 88' lang='lat' dir='ltr'><strong>Deus</strong></span> <span class='ocrx_word' id='word_1_826' title='bbox 2559 3863 2730 3931; x_wconf 89' lang='lat' dir='ltr'><strong>majus</strong></span> <span class='ocrx_word' id='word_1_827' title='bbox 2770 3873 2889 3914; x_wconf 91' lang='lat' dir='ltr'><strong>esse</strong></span> <span class='ocrx_word' id='word_1_828' title='bbox 2934 3855 3088 3920; x_wconf 84' lang='lat' dir='ltr'><strong>dicis,</strong></span> <span class='ocrx_word' id='word_1_829' title='bbox 3133 3851 3398 3913; x_wconf 76' lang='lat' dir='ltr'><strong>bteretice,</strong></span> <span class='ocrx_word' id='word_1_830' title='bbox 3445 3857 3500 3901; x_wconf 89' lang='lat' dir='ltr'><strong>et</strong></span> <span class='ocrx_word' id='word_1_831' title='bbox 3544 3845 3723 3899; x_wconf 90' lang='lat' dir='ltr'><strong>minus</strong></span> 
     </span>
    </p>
   </div>
   <div class='ocr_carea' id='block_1_102' title="bbox 2137 3937 3723 4017">
    <p class='ocr_par' dir='ltr' id='par_1_102' title="bbox 2137 3937 3723 4017">
     <span class='ocr_line' id='line_1_102' title="bbox 2137 3937 3723 4017; baseline -0.019 0"><span class='ocrx_word' id='word_1_832' title='bbox 2137 3977 2254 4017; x_wconf 88' lang='lat' dir='ltr'><strong>esse</strong></span> <span class='ocrx_word' id='word_1_833' title='bbox 2279 3972 2473 4014; x_wconf 89' lang='lat' dir='ltr'><strong>nomen</strong></span> <span class='ocrx_word' id='word_1_834' title='bbox 2506 3952 2791 4010; x_wconf 83' lang='lat' dir='ltr'><strong>Dominus?</strong></span> <span class='ocrx_word' id='word_1_835' title='bbox 2829 3945 3046 4004; x_wconf 90' lang='lat' dir='ltr'><strong>Ostendi</strong></span> <span class='ocrx_word' id='word_1_836' title='bbox 3071 3944 3160 3998; x_wconf 88' lang='lat' dir='ltr'><strong>tibi</strong></span> <span class='ocrx_word' id='word_1_837' title='bbox 3195 3940 3504 4012; x_wconf 87' lang='lat' dir='ltr'><strong>prophetam</strong></span> <span class='ocrx_word' id='word_1_838' title='bbox 3530 3937 3723 3990; x_wconf 84' lang='lat' dir='ltr'><strong>dicen-</strong></span> 
     </span>
    </p>
   </div>
   <div class='ocr_carea' id='block_1_103' title="bbox 2139 4027 3725 4115">
    <p class='ocr_par' dir='ltr' id='par_1_103' title="bbox 2139 4027 3725 4115">
     <span class='ocr_line' id='line_1_103' title="bbox 2139 4027 3725 4115; baseline -0.021 -7"><span class='ocrx_word' id='word_1_839' title='bbox 2139 4066 2244 4108; x_wconf 92' lang='lat' dir='ltr'><strong>tem</strong></span> <span class='ocrx_word' id='word_1_840' title='bbox 2265 4091 2282 4115; x_wconf 92' lang='lat'><strong>,</strong></span> <span class='ocrx_word' id='word_1_841' title='bbox 2325 4047 2572 4103; x_wconf 90' lang='lat' dir='ltr'><strong>Dominus</strong></span> <span class='ocrx_word' id='word_1_842' title='bbox 2598 4044 2682 4115; x_wconf 86' lang='lat' dir='ltr'><strong>qui</strong></span> <span class='ocrx_word' id='word_1_843' title='bbox 2710 4042 2824 4113; x_wconf 79' lang='lat' dir='ltr'><strong>fecit</strong></span> <span class='ocrx_word' id='word_1_844' title='bbox 2851 4038 3047 4098; x_wconf 71' lang='lat' dir='ltr'><strong>curtum,</strong></span> <span class='ocrx_word' id='word_1_845' title='bbox 3079 4033 3214 4087; x_wconf 88' lang='lat' dir='ltr'><strong>Deus</strong></span> <span class='ocrx_word' id='word_1_846' title='bbox 3245 4030 3330 4100; x_wconf 87' lang='lat' dir='ltr'><strong>qui</strong></span> <span class='ocrx_word' id='word_1_847' title='bbox 3356 4027 3581 4082; x_wconf 86' lang='lat' dir='ltr'><strong>condidit</strong></span> <span class='ocrx_word' id='word_1_848' title='bbox 3617 4037 3725 4078; x_wconf 81' lang='lat' dir='ltr'><strong>ter-</strong></span> 
     </span>
    </p>
   </div>
   <div class='ocr_carea' id='block_1_104' title="bbox 2137 4118 3729 4212">
    <p class='ocr_par' dir='ltr' id='par_1_104' title="bbox 2137 4118 3729 4212">
     <span class='ocr_line' id='line_1_104' title="bbox 2137 4118 3729 4212; baseline -0.019 -12"><span class='ocrx_word' id='word_1_849' title='bbox 2137 4163 2266 4200; x_wconf 86' lang='lat' dir='ltr'><strong>ram.</strong></span> <span class='ocrx_word' id='word_1_850' title='bbox 2334 4143 2568 4212; x_wconf 81' lang='lat' dir='ltr'><strong>Moyscm</strong></span> <span class='ocrx_word' id='word_1_851' title='bbox 2602 4136 2693 4191; x_wconf 91' lang='lat' dir='ltr'><strong>tibi</strong></span> <span class='ocrx_word' id='word_1_852' title='bbox 2739 4145 2922 4188; x_wconf 88' lang='lat' dir='ltr'><strong>rursus</strong></span> <span class='ocrx_word' id='word_1_853' title='bbox 2970 4126 3193 4183; x_wconf 90' lang='lat' dir='ltr'><strong>ostendo</strong></span> <span class='ocrx_word' id='word_1_854' title='bbox 3239 4123 3539 4183; x_wconf 88' lang='lat' dir='ltr'><strong>dicentem,</strong></span> <span class='ocrx_word' id='word_1_855' title='bbox 3591 4118 3729 4170; x_wconf 82' lang='lat' dir='ltr'><strong>Audi</strong></span> 
     </span>
    </p>
   </div>
   <div class='ocr_carea' id='block_1_105' title="bbox 2139 4209 3729 4294">
    <p class='ocr_par' dir='ltr' id='par_1_105' title="bbox 2139 4209 3729 4294">
     <span class='ocr_line' id='line_1_105' title="bbox 2139 4209 3729 4294; baseline -0.019 -3"><span class='ocrx_word' id='word_1_856' title='bbox 2139 4236 2322 4294; x_wconf 82' lang='lat' dir='ltr'><strong>Israel.</strong></span> <span class='ocrx_word' id='word_1_857' title='bbox 2342 4231 2590 4288; x_wconf 86' lang='lat' dir='ltr'><strong>Dominus</strong></span> <span class='ocrx_word' id='word_1_858' title='bbox 2611 4227 2748 4282; x_wconf 88' lang='lat' dir='ltr'><strong>Deus</strong></span> <span class='ocrx_word' id='word_1_859' title='bbox 2777 4233 2889 4277; x_wconf 87' lang='lat' dir='ltr'><strong>tuus</strong></span> <span class='ocrx_word' id='word_1_860' title='bbox 2911 4220 3158 4274; x_wconf 85' lang='lat' dir='ltr'><strong>Dominus</strong></span> <span class='ocrx_word' id='word_1_861' title='bbox 3179 4231 3308 4269; x_wconf 84' lang='lat' dir='ltr'><strong>unus</strong></span> <span class='ocrx_word' id='word_1_862' title='bbox 3327 4221 3416 4267; x_wconf 87' lang='lat' dir='ltr'><strong>est.</strong></span> <span class='ocrx_word' id='word_1_863' title='bbox 3440 4209 3729 4278; x_wconf 86' lang='lat' dir='ltr'><strong>Quomodo</strong></span> 
     </span>
    </p>
   </div>
   <div class='ocr_carea' id='block_1_106' title="bbox 2144 4303 3730 4394">
    <p class='ocr_par' dir='ltr' id='par_1_106' title="bbox 2144 4303 3730 4394">
     <span class='ocr_line' id='line_1_106' title="bbox 2144 4303 3730 4394; baseline -0.018 -9"><span class='ocrx_word' id='word_1_864' title='bbox 2144 4345 2303 4394; x_wconf 88' lang='lat' dir='ltr'><strong>unus,</strong></span> <span class='ocrx_word' id='word_1_865' title='bbox 2334 4326 2378 4382; x_wconf 93' lang='lat' dir='ltr'><strong>si</strong></span> <span class='ocrx_word' id='word_1_866' title='bbox 2404 4324 2510 4379; x_wconf 93' lang='lat' dir='ltr'><strong>duo</strong></span> <span class='ocrx_word' id='word_1_867' title='bbox 2541 4329 2666 4376; x_wconf 91' lang='lat' dir='ltr'><strong>sunt</strong></span> <span class='ocrx_word' id='word_1_868' title='bbox 2691 4317 2924 4378; x_wconf 89' lang='lat' dir='ltr'><strong>nomina,</strong></span> <span class='ocrx_word' id='word_1_869' title='bbox 2957 4313 3057 4367; x_wconf 88' lang='lat' dir='ltr'><strong>hoc</strong></span> <span class='ocrx_word' id='word_1_870' title='bbox 3083 4310 3294 4381; x_wconf 85' lang='lat' dir='ltr'><strong>quidem</strong></span> <span class='ocrx_word' id='word_1_871' title='bbox 3321 4306 3558 4368; x_wconf 90' lang='lat' dir='ltr'><strong>minoris,</strong></span> <span class='ocrx_word' id='word_1_872' title='bbox 3595 4303 3730 4356; x_wconf 85' lang='lat' dir='ltr'><strong>illud</strong></span> 
     </span>
    </p>
   </div>
   <div class='ocr_carea' id='block_1_107' title="bbox 2139 4396 3729 4479">
    <p class='ocr_par' dir='ltr' id='par_1_107' title="bbox 2139 4396 3729 4479">
     <span class='ocr_line' id='line_1_107' title="bbox 2139 4396 3729 4479; baseline -0.018 -5"><span class='ocrx_word' id='word_1_873' title='bbox 2139 4435 2270 4476; x_wconf 82' lang='lat' dir='ltr'><strong>vero</strong></span> <span class='ocrx_word' id='word_1_874' title='bbox 2297 4414 2604 4474; x_wconf 69' lang='lat' dir='ltr'><strong>substantia:</strong></span> <span class='ocrx_word' id='word_1_875' title='bbox 2629 4406 2877 4479; x_wconf 86' lang='lat' dir='ltr'><strong>majoris?</strong></span> <span class='ocrx_word' id='word_1_876' title='bbox 2907 4405 3020 4460; x_wconf 92' lang='lat' dir='ltr'><strong>Non</strong></span> <span class='ocrx_word' id='word_1_877' title='bbox 3042 4403 3184 4457; x_wconf 89' lang='lat' dir='ltr'><strong>enim</strong></span> <span class='ocrx_word' id='word_1_878' title='bbox 3205 4401 3387 4469; x_wconf 90' lang='lat' dir='ltr'><strong>utique</strong></span> <span class='ocrx_word' id='word_1_879' title='bbox 3411 4396 3584 4464; x_wconf 87' lang='lat' dir='ltr'><strong>seipsa</strong></span> <span class='ocrx_word' id='word_1_880' title='bbox 3609 4408 3729 4446; x_wconf 85' lang='lat' dir='ltr'><strong>ma-</strong></span> 
     </span>
    </p>
   </div>
   <div class='ocr_carea' id='block_1_108' title="bbox 2137 4492 3730 4584">
    <p class='ocr_par' dir='ltr' id='par_1_108' title="bbox 2137 4492 3730 4584">
     <span class='ocr_line' id='line_1_108' title="bbox 2137 4492 3730 4584; baseline -0.02 -16"><span class='ocrx_word' id='word_1_881' title='bbox 2137 4514 2225 4584; x_wconf 91' lang='lat' dir='ltr'><strong>jor</strong></span> <span class='ocrx_word' id='word_1_882' title='bbox 2249 4521 2302 4566; x_wconf 89' lang='lat' dir='ltr'><strong>et</strong></span> <span class='ocrx_word' id='word_1_883' title='bbox 2330 4509 2502 4564; x_wconf 92' lang='lat' dir='ltr'><strong>minor</strong></span> <span class='ocrx_word' id='word_1_884' title='bbox 2542 4513 2625 4560; x_wconf 91' lang='lat' dir='ltr'><strong>est</strong></span> <span class='ocrx_word' id='word_1_885' title='bbox 2663 4500 2954 4556; x_wconf 88' lang='lat' dir='ltr'><strong>substantia</strong></span> <span class='ocrx_word' id='word_1_886' title='bbox 2976 4538 2990 4562; x_wconf 94' lang='lat'><strong>,</strong></span> <span class='ocrx_word' id='word_1_887' title='bbox 3015 4495 3110 4550; x_wconf 92' lang='lat' dir='ltr'><strong>sed</strong></span> <span class='ocrx_word' id='word_1_888' title='bbox 3136 4492 3356 4563; x_wconf 72' lang='lat' dir='ltr'><strong>mqualis</strong></span> <span class='ocrx_word' id='word_1_889' title='bbox 3380 4500 3434 4544; x_wconf 92' lang='lat' dir='ltr'><strong>et</strong></span> <span class='ocrx_word' id='word_1_890' title='bbox 3458 4501 3730 4542; x_wconf 77' lang='lat' dir='ltr'><strong>connexa.</strong></span> 
     </span>
    </p>
   </div>
   <div class='ocr_carea' id='block_1_109' title="bbox 2144 4580 3735 4660">
    <p class='ocr_par' dir='ltr' id='par_1_109' title="bbox 2144 4580 3735 4660">
     <span class='ocr_line' id='line_1_109' title="bbox 2144 4580 3735 4660; baseline -0.018 0"><span class='ocrx_word' id='word_1_891' title='bbox 2144 4605 2393 4660; x_wconf 87' lang='lat' dir='ltr'><strong>Dominus</strong></span> <span class='ocrx_word' id='word_1_892' title='bbox 2411 4599 2549 4654; x_wconf 87' lang='lat' dir='ltr'><strong>Deus</strong></span> <span class='ocrx_word' id='word_1_893' title='bbox 2578 4607 2690 4650; x_wconf 86' lang='lat' dir='ltr'><strong>tuus</strong></span> <span class='ocrx_word' id='word_1_894' title='bbox 2716 4593 2959 4649; x_wconf 87' lang='lat' dir='ltr'><strong>Dominus</strong></span> <span class='ocrx_word' id='word_1_895' title='bbox 2983 4606 3113 4642; x_wconf 82' lang='lat' dir='ltr'><strong>unus</strong></span> <span class='ocrx_word' id='word_1_896' title='bbox 3143 4599 3233 4640; x_wconf 84' lang='lat' dir='ltr'><strong>est.</strong></span> <span class='ocrx_word' id='word_1_897' title='bbox 3277 4585 3355 4639; x_wconf 90' lang='lat' dir='ltr'><strong>En</strong></span> <span class='ocrx_word' id='word_1_898' title='bbox 3384 4581 3610 4638; x_wconf 77' lang='lat' dir='ltr'><strong>ostendo</strong></span> <span class='ocrx_word' id='word_1_899' title='bbox 3636 4580 3735 4633; x_wconf 88' lang='lat' dir='ltr'><strong>tibi</strong></span> 
     </span>
    </p>
   </div>
   <div class='ocr_carea' id='block_1_110' title="bbox 2145 4676 3738 4753">
    <p class='ocr_par' dir='ltr' id='par_1_110' title="bbox 2145 4676 3738 4753">
     <span class='ocr_line' id='line_1_110' title="bbox 2145 4676 3738 4753; baseline -0.019 0"><span class='ocrx_word' id='word_1_900' title='bbox 2145 4713 2338 4753; x_wconf 90' lang='lat' dir='ltr'><strong>nomen</strong></span> <span class='ocrx_word' id='word_1_901' title='bbox 2362 4692 2616 4749; x_wconf 91' lang='lat' dir='ltr'><strong>Dominus</strong></span> <span class='ocrx_word' id='word_1_902' title='bbox 2635 4689 2735 4742; x_wconf 90' lang='lat' dir='ltr'><strong>hoc</strong></span> <span class='ocrx_word' id='word_1_903' title='bbox 2755 4700 2872 4741; x_wconf 91' lang='lat' dir='ltr'><strong>esse</strong></span> <span class='ocrx_word' id='word_1_904' title='bbox 2895 4684 3054 4744; x_wconf 87' lang='lat' dir='ltr'><strong>idem,</strong></span> <span class='ocrx_word' id='word_1_905' title='bbox 3077 4679 3218 4750; x_wconf 90' lang='lat' dir='ltr'><strong>quod</strong></span> <span class='ocrx_word' id='word_1_906' title='bbox 3245 4678 3382 4732; x_wconf 89' lang='lat' dir='ltr'><strong>Deus</strong></span> <span class='ocrx_word' id='word_1_907' title='bbox 3405 4693 3420 4730; x_wconf 91' lang='lat'><strong>:</strong></span> <span class='ocrx_word' id='word_1_908' title='bbox 3445 4676 3496 4728; x_wconf 93' lang='lat' dir='ltr'><strong>in</strong></span> <span class='ocrx_word' id='word_1_909' title='bbox 3519 4687 3738 4727; x_wconf 85' lang='lat' dir='ltr'><strong>summa</strong></span> 
     </span>
    </p>
   </div>
   <div class='ocr_carea' id='block_1_111' title="bbox 2145 4764 3741 4844">
    <p class='ocr_par' dir='ltr' id='par_1_111' title="bbox 2145 4764 3741 4844">
     <span class='ocr_line' id='line_1_111' title="bbox 2145 4764 3741 4844; baseline -0.019 1"><span class='ocrx_word' id='word_1_910' title='bbox 2145 4799 2321 4844; x_wconf 89' lang='lat' dir='ltr'><strong>autem</strong></span> <span class='ocrx_word' id='word_1_911' title='bbox 2359 4786 2403 4842; x_wconf 92' lang='lat' dir='ltr'><strong>si</strong></span> <span class='ocrx_word' id='word_1_912' title='bbox 2447 4783 2702 4838; x_wconf 90' lang='lat' dir='ltr'><strong>Dominus</strong></span> <span class='ocrx_word' id='word_1_913' title='bbox 2743 4778 2941 4839; x_wconf 89' lang='lat' dir='ltr'><strong>minus,</strong></span> <span class='ocrx_word' id='word_1_914' title='bbox 2972 4775 3114 4828; x_wconf 92' lang='lat' dir='ltr'><strong>Deus</strong></span> <span class='ocrx_word' id='word_1_915' title='bbox 3139 4780 3313 4825; x_wconf 88' lang='lat' dir='ltr'><strong>autem</strong></span> <span class='ocrx_word' id='word_1_916' title='bbox 3338 4767 3529 4836; x_wconf 85' lang='lat' dir='ltr'><strong>majus,</strong></span> <span class='ocrx_word' id='word_1_917' title='bbox 3561 4764 3741 4834; x_wconf 83' lang='lat' dir='ltr'><strong>quod-</strong></span> 
     </span>
    </p>
   </div>
   <div class='ocr_carea' id='block_1_112' title="bbox 2149 4858 3744 4949">
    <p class='ocr_par' dir='ltr' id='par_1_112' title="bbox 2149 4858 3744 4949">
     <span class='ocr_line' id='line_1_112' title="bbox 2149 4858 3744 4949; baseline -0.017 -14"><span class='ocrx_word' id='word_1_918' title='bbox 2149 4896 2269 4935; x_wconf 92' lang='lat' dir='ltr'><strong>nam</strong></span> <span class='ocrx_word' id='word_1_919' title='bbox 2309 4878 2425 4949; x_wconf 91' lang='lat' dir='ltr'><strong>ejus</strong></span> <span class='ocrx_word' id='word_1_920' title='bbox 2471 4889 2589 4930; x_wconf 90' lang='lat' dir='ltr'><strong>esse</strong></span> <span class='ocrx_word' id='word_1_921' title='bbox 2631 4885 2826 4926; x_wconf 90' lang='lat' dir='ltr'><strong>nomen</strong></span> <span class='ocrx_word' id='word_1_922' title='bbox 2871 4864 3084 4922; x_wconf 85' lang='lat' dir='ltr'><strong>debuit?</strong></span> <span class='ocrx_word' id='word_1_923' title='bbox 3113 4863 3366 4916; x_wconf 90' lang='lat' dir='ltr'><strong>Dominus</strong></span> <span class='ocrx_word' id='word_1_924' title='bbox 3407 4858 3618 4916; x_wconf 87' lang='lat' dir='ltr'><strong>minus,</strong></span> <span class='ocrx_word' id='word_1_925' title='bbox 3669 4871 3744 4908; x_wconf 88' lang='lat' dir='ltr'><strong>an</strong></span> 
     </span>
    </p>
   </div>
   <div class='ocr_carea' id='block_1_113' title="bbox 2148 4946 3748 5035">
    <p class='ocr_par' dir='ltr' id='par_1_113' title="bbox 2148 4946 3748 5035">
     <span class='ocr_line' id='line_1_113' title="bbox 2148 4946 3748 5035; baseline -0.019 -9"><span class='ocrx_word' id='word_1_926' title='bbox 2148 4971 2290 5025; x_wconf 88' lang='lat' dir='ltr'><strong>Deus</strong></span> <span class='ocrx_word' id='word_1_927' title='bbox 2330 4964 2537 5035; x_wconf 86' lang='lat' dir='ltr'><strong>majus?</strong></span> <span class='ocrx_word' id='word_1_928' title='bbox 2580 4962 2636 5017; x_wconf 88' lang='lat' dir='ltr'><strong>Si</strong></span> <span class='ocrx_word' id='word_1_929' title='bbox 2671 4961 2848 5014; x_wconf 87' lang='lat' dir='ltr'><strong>dicat:</strong></span> <span class='ocrx_word' id='word_1_930' title='bbox 2880 4954 3156 5024; x_wconf 87' lang='lat' dir='ltr'><strong>Quodnam</strong></span> <span class='ocrx_word' id='word_1_931' title='bbox 3185 4958 3268 5005; x_wconf 90' lang='lat' dir='ltr'><strong>est</strong></span> <span class='ocrx_word' id='word_1_932' title='bbox 3291 4961 3483 5002; x_wconf 88' lang='lat' dir='ltr'><strong>nomen</strong></span> <span class='ocrx_word' id='word_1_933' title='bbox 3510 4960 3693 4999; x_wconf 86' lang='lat' dir='ltr'><strong>meum</strong></span> <span class='ocrx_word' id='word_1_934' title='bbox 3719 4946 3748 4995; x_wconf 66' lang='grc' dir='ltr'>ἲ</span> 
     </span>
    </p>
   </div>
   <div class='ocr_carea' id='block_1_114' title="bbox 2151 5040 3752 5135">
    <p class='ocr_par' dir='ltr' id='par_1_114' title="bbox 2151 5040 3752 5135">
     <span class='ocr_line' id='line_1_114' title="bbox 2151 5040 3752 5135; baseline -0.016 -18"><span class='ocrx_word' id='word_1_935' title='bbox 2151 5061 2276 5135; x_wconf 89' lang='lat' dir='ltr'><strong>quid</strong></span> <span class='ocrx_word' id='word_1_936' title='bbox 2304 5061 2401 5126; x_wconf 90' lang='lat' dir='ltr'><strong>ais,</strong></span> <span class='ocrx_word' id='word_1_937' title='bbox 2430 5053 2717 5112; x_wconf 83' lang='lat' dir='ltr'><strong>haeretice?</strong></span> <span class='ocrx_word' id='word_1_938' title='bbox 2745 5068 2812 5106; x_wconf 89' lang='lat' dir='ltr'><strong>an</strong></span> <span class='ocrx_word' id='word_1_939' title='bbox 2841 5062 3037 5105; x_wconf 90' lang='lat' dir='ltr'><strong>nomen</strong></span> <span class='ocrx_word' id='word_1_940' title='bbox 3069 5044 3324 5100; x_wconf 91' lang='lat' dir='ltr'><strong>Dominus</strong></span> <span class='ocrx_word' id='word_1_941' title='bbox 3353 5040 3506 5104; x_wconf 87' lang='lat' dir='ltr'><strong>Filii,</strong></span> <span class='ocrx_word' id='word_1_942' title='bbox 3538 5053 3752 5091; x_wconf 83' lang='lat' dir='ltr'><strong>nomen</strong></span> 
     </span>
    </p>
   </div>
   <div class='ocr_carea' id='block_1_115' title="bbox 2151 5128 3756 5210">
    <p class='ocr_par' dir='ltr' id='par_1_115' title="bbox 2151 5128 3756 5210">
     <span class='ocr_line' id='line_1_115' title="bbox 2151 5128 3756 5210; baseline -0.018 -1"><span class='ocrx_word' id='word_1_943' title='bbox 2151 5163 2327 5209; x_wconf 89' lang='lat' dir='ltr'><strong>autem</strong></span> <span class='ocrx_word' id='word_1_944' title='bbox 2353 5152 2493 5206; x_wconf 83' lang='lat' dir='ltr'><strong>Deus</strong></span> <span class='ocrx_word' id='word_1_945' title='bbox 2515 5138 2690 5202; x_wconf 74' lang='lat' dir='ltr'><strong>Patris</strong></span> <span class='ocrx_word' id='word_1_946' title='bbox 2726 5152 2808 5198; x_wconf 89' lang='lat' dir='ltr'><strong>est</strong></span> <span class='ocrx_word' id='word_1_947' title='bbox 2843 5151 3092 5210; x_wconf 90' lang='lat' dir='ltr'><strong>tanquam</strong></span> <span class='ocrx_word' id='word_1_948' title='bbox 3119 5135 3288 5205; x_wconf 80' lang='lat' dir='ltr'><strong>magis</strong></span> <span class='ocrx_word' id='word_1_949' title='bbox 3317 5129 3638 5202; x_wconf 86' lang='lat' dir='ltr'><strong>proprium?</strong></span> <span class='ocrx_word' id='word_1_950' title='bbox 3686 5128 3756 5182; x_wconf 83' lang='lat' dir='ltr'><strong>Si</strong></span> 
     </span>
    </p>
   </div>
   <div class='ocr_carea' id='block_1_116' title="bbox 2155 5222 3754 5304">
    <p class='ocr_par' dir='ltr' id='par_1_116' title="bbox 2155 5222 3754 5304">
     <span class='ocr_line' id='line_1_116' title="bbox 2155 5222 3754 5304; baseline -0.016 -4"><span class='ocrx_word' id='word_1_951' title='bbox 2155 5258 2354 5300; x_wconf 86' lang='lat' dir='ltr'><strong>nomen</strong></span> <span class='ocrx_word' id='word_1_952' title='bbox 2397 5241 2673 5302; x_wconf 91' lang='lat' dir='ltr'><strong>Dominus,</strong></span> <span class='ocrx_word' id='word_1_953' title='bbox 2722 5233 2861 5304; x_wconf 89' lang='lat' dir='ltr'><strong>quod</strong></span> <span class='ocrx_word' id='word_1_954' title='bbox 2908 5241 2991 5284; x_wconf 84' lang='lat' dir='ltr'><strong>est</strong></span> <span class='ocrx_word' id='word_1_955' title='bbox 3039 5228 3232 5290; x_wconf 86' lang='lat' dir='ltr'><strong>minus,</strong></span> <span class='ocrx_word' id='word_1_956' title='bbox 3265 5225 3521 5280; x_wconf 88' lang='lat' dir='ltr'><strong>denotare</strong></span> <span class='ocrx_word' id='word_1_957' title='bbox 3564 5222 3754 5288; x_wconf 84' lang='lat' dir='ltr'><strong>ipsum</strong></span> 
     </span>
    </p>
   </div>
   <div class='ocr_carea' id='block_1_117' title="bbox 2154 5313 3758 5399">
    <p class='ocr_par' dir='ltr' id='par_1_117' title="bbox 2154 5313 3758 5399">
     <span class='ocr_line' id='line_1_117' title="bbox 2154 5313 3758 5399; baseline -0.019 -7"><span class='ocrx_word' id='word_1_958' title='bbox 2154 5335 2476 5398; x_wconf 89' lang='lat' dir='ltr'><strong>ostendero,</strong></span> <span class='ocrx_word' id='word_1_959' title='bbox 2519 5327 2644 5399; x_wconf 90' lang='lat' dir='ltr'><strong>quid</strong></span> <span class='ocrx_word' id='word_1_960' title='bbox 2682 5323 2878 5381; x_wconf 78' lang='lat' dir='ltr'><strong>facies?</strong></span> <span class='ocrx_word' id='word_1_961' title='bbox 2921 5319 3237 5392; x_wconf 85' lang='lat' dir='ltr'><strong>Cognoscant</strong></span> <span class='ocrx_word' id='word_1_962' title='bbox 3276 5315 3394 5386; x_wconf 89' lang='lat' dir='ltr'><strong>quia</strong></span> <span class='ocrx_word' id='word_1_963' title='bbox 3429 5328 3611 5366; x_wconf 79' lang='lat' dir='ltr'><strong>nomen</strong></span> <span class='ocrx_word' id='word_1_964' title='bbox 3657 5313 3758 5363; x_wconf 77' lang='lat' dir='ltr'><strong>tibi</strong></span> 
     </span>
    </p>
   </div>
   <div class='ocr_carea' id='block_1_118' title="bbox 2157 5404 3762 5496">
    <p class='ocr_par' dir='ltr' id='par_1_118' title="bbox 2157 5404 3762 5496">
     <span class='ocr_line' id='line_1_118' title="bbox 2157 5404 3762 5496; baseline -0.016 -13"><span class='ocrx_word' id='word_1_965' title='bbox 2157 5428 2404 5483; x_wconf 90' lang='lat' dir='ltr'><strong>Dominus</strong></span> <span class='ocrx_word' id='word_1_966' title='bbox 2433 5423 2601 5496; x_wconf 82' lang='lat' dir='ltr'><strong>(Psal.</strong></span> <span class='ocrx_word' id='word_1_967' title='bbox 2633 5421 2723 5476; x_wconf 76' lang='lat'><strong>82.</strong></span> <span class='ocrx_word' id='word_1_968' title='bbox 2753 5417 2866 5488; x_wconf 85' lang='lat' dir='ltr'><strong>I9),</strong></span> <span class='ocrx_word' id='word_1_969' title='bbox 2897 5415 3067 5485; x_wconf 87' lang='lat' dir='ltr'><strong>inquit</strong></span> <span class='ocrx_word' id='word_1_970' title='bbox 3107 5408 3382 5482; x_wconf 85' lang='lat' dir='ltr'><strong>propheta.</strong></span> <span class='ocrx_word' id='word_1_971' title='bbox 3431 5405 3568 5460; x_wconf 86' lang='lat' dir='ltr'><strong>Num</strong></span> <span class='ocrx_word' id='word_1_972' title='bbox 3612 5404 3762 5457; x_wconf 70' lang='lat' dir='ltr'><strong>dint</strong></span> 
     </span>
    </p>
   </div>
   <div class='ocr_carea' id='block_1_119' title="bbox 2158 5497 3760 5576">
    <p class='ocr_par' dir='ltr' id='par_1_119' title="bbox 2158 5497 3760 5576">
     <span class='ocr_line' id='line_1_119' title="bbox 2158 5497 3760 5576; baseline -0.018 -2"><span class='ocrx_word' id='word_1_973' title='bbox 2158 5518 2338 5574; x_wconf 87' lang='lat' dir='ltr'><strong>Deus?</strong></span> <span class='ocrx_word' id='word_1_974' title='bbox 2365 5514 2596 5572; x_wconf 86' lang='lat' dir='ltr'><strong>Tametsi</strong></span> <span class='ocrx_word' id='word_1_975' title='bbox 2627 5527 2742 5576; x_wconf 88' lang='lat' dir='ltr'><strong>cur,</strong></span> <span class='ocrx_word' id='word_1_976' title='bbox 2769 5509 2814 5564; x_wconf 89' lang='lat' dir='ltr'><strong>si</strong></span> <span class='ocrx_word' id='word_1_977' title='bbox 2837 5508 3006 5576; x_wconf 88' lang='lat' dir='ltr'><strong>majus</strong></span> <span class='ocrx_word' id='word_1_978' title='bbox 3027 5513 3107 5557; x_wconf 89' lang='lat' dir='ltr'><strong>est</strong></span> <span class='ocrx_word' id='word_1_979' title='bbox 3131 5503 3291 5563; x_wconf 85' lang='lat' dir='ltr'><strong>Deus,</strong></span> <span class='ocrx_word' id='word_1_980' title='bbox 3310 5514 3415 5552; x_wconf 90' lang='lat' dir='ltr'><strong>non</strong></span> <span class='ocrx_word' id='word_1_981' title='bbox 3446 5497 3586 5549; x_wconf 86' lang='lat' dir='ltr'><strong>dixit</strong></span> <span class='ocrx_word' id='word_1_982' title='bbox 3615 5509 3760 5564; x_wconf 87' lang='lat' dir='ltr'><strong>pro-</strong></span> 
     </span>
    </p>
   </div>
   <div class='ocr_carea' id='block_1_120' title="bbox 2159 5587 3763 5686">
    <p class='ocr_par' dir='ltr' id='par_1_120' title="bbox 2159 5587 3763 5686">
     <span class='ocr_line' id='line_1_120' title="bbox 2159 5587 3763 5686; baseline -0.022 -17"><span class='ocrx_word' id='word_1_983' title='bbox 2159 5613 2339 5686; x_wconf 87' lang='lat' dir='ltr'><strong>pheta,</strong></span> <span class='ocrx_word' id='word_1_984' title='bbox 2369 5609 2701 5678; x_wconf 83' lang='lat' dir='ltr'><strong>Cognoscant</strong></span> <span class='ocrx_word' id='word_1_985' title='bbox 2731 5602 2850 5670; x_wconf 85' lang='lat' dir='ltr'><strong>quia</strong></span> <span class='ocrx_word' id='word_1_986' title='bbox 2877 5610 3069 5652; x_wconf 89' lang='lat' dir='ltr'><strong>nomen</strong></span> <span class='ocrx_word' id='word_1_987' title='bbox 3094 5592 3186 5647; x_wconf 91' lang='lat' dir='ltr'><strong>tibi</strong></span> <span class='ocrx_word' id='word_1_988' title='bbox 3215 5591 3385 5644; x_wconf 91' lang='lat' dir='ltr'><strong>Dens:</strong></span> <span class='ocrx_word' id='word_1_989' title='bbox 3410 5588 3452 5641; x_wconf 91' lang='lat' dir='ltr'><strong>si</strong></span> <span class='ocrx_word' id='word_1_990' title='bbox 3481 5587 3625 5640; x_wconf 87' lang='lat' dir='ltr'><strong>enim</strong></span> <span class='ocrx_word' id='word_1_991' title='bbox 3647 5588 3763 5640; x_wconf 78' lang='lat' dir='ltr'><strong>hoc</strong></span> 
     </span>
    </p>
   </div>
   <div class='ocr_carea' id='block_1_121' title="bbox 2162 5676 3769 5780">
    <p class='ocr_par' dir='ltr' id='par_1_121' title="bbox 2162 5676 3769 5780">
     <span class='ocr_line' id='line_1_121' title="bbox 2162 5676 3769 5780; baseline -0.022 -19"><span class='ocrx_word' id='word_1_992' title='bbox 2162 5707 2375 5780; x_wconf 86' lang='lat' dir='ltr'><strong>quidem</strong></span> <span class='ocrx_word' id='word_1_993' title='bbox 2418 5676 2534 5774; x_wconf 80' lang='lat' dir='ltr'><strong>ejus</strong></span> <span class='ocrx_word' id='word_1_994' title='bbox 2572 5694 2842 5770; x_wconf 89' lang='lat' dir='ltr'><strong>proprium</strong></span> <span class='ocrx_word' id='word_1_995' title='bbox 2873 5705 2933 5745; x_wconf 91' lang='lat' dir='ltr'><strong>ac</strong></span> <span class='ocrx_word' id='word_1_996' title='bbox 2962 5685 3231 5761; x_wconf 88' lang='lat' dir='ltr'><strong>peculiare</strong></span> <span class='ocrx_word' id='word_1_997' title='bbox 3261 5682 3428 5748; x_wconf 91' lang='lat' dir='ltr'><strong>Deus,</strong></span> <span class='ocrx_word' id='word_1_998' title='bbox 3459 5676 3590 5735; x_wconf 74' lang='lat' dir='ltr'><strong>illud</strong></span> <span class='ocrx_word' id='word_1_999' title='bbox 3617 5689 3769 5734; x_wconf 67' lang='grc' dir='ltr'>ιιι-ω</span> 
     </span>
    </p>
   </div>
  </div>
