4080 6198
293 401 404 460 ῗυῦ

296 497 575 558 honustus,
605 493 835 548 alienum
865 491 932 544 ab
957 507 1022 545 co
1054 501 1318 561 tamquam
1351 490 1590 557 inferius,
1611 508 1706 548 cur
1725 491 1877 557 dixit,

295 589 611 660 Cognoscont
652 585 769 656 quia
813 601 992 638 nomen
1037 585 1123 638 tibi
1170 585 1436 650 Dominus,
1465 583 1590 638 illud
1623 599 1880 654 parvum,

295 682 474 736 minus
498 721 513 743 ,
557 687 612 734 et
642 676 861 732 inferius
890 679 1108 731 numine
1136 692 1199 734 ae
1227 677 1481 746 dignitate
1510 695 1523 732 :
1557 677 1884 752 nequedicit

296 770 427 826 illud
459 785 705 840 magnum
731 778 783 824 et
806 768 1033 823 sublime
1053 811 1067 829 ,
1112 768 1253 838 quod
1284 769 1496 838 dignum
1527 779 1606 823 est
1632 769 1882 823 substan-

294 861 400 915 tia?
430 861 586 932 Atqui
614 869 672 915 ut
697 860 958 929 intelligas
986 859 1087 915 hoc
1115 874 1332 928 parvum
1362 874 1468 913 non
1494 874 1638 922 esse,
1668 875 1766 914 nec
1789 861 1882 914 dea

296 955 458 1010 terius
486 993 501 1020 ,
534 953 627 1009 sed
657 955 900 1009 eamdem
931 969 1035 1006 vnn
1065 952 1294 1020 habere,
1325 952 1660 1024 (Iognoscant,
1690 953 1880 1022 inquit,

289 1046 411 1114 quia
456 1061 636 1099 nomen
679 1043 767 1097 tibi
809 1043 1058 1098 Dominus
1090 1061 1110 1097 .°
1152 1054 1206 1097 tu
1248 1042 1386 1099 solus
1421 1043 1692 1099 altissimus
1735 1057 1885 1114 super

293 1152 494 1189 omnem
523 1145 728 1190 terram.
1247 1183 1270 1200 ,

365 1229 419 1282 4.
440 1229 510 1282 At
538 1227 771 1281 nondum
797 1241 828 1281 a
848 1241 1020 1297 pugna
1043 1226 1290 1293 discedis,
1314 1227 1406 1282 sed
1433 1228 1512 1282 ais
1532 1243 1719 1282 rursus
1747 1227 1884 1283 Deus

293 1319 468 1387 majus
496 1333 636 1384 esse,
665 1315 916 1370 Dominus
940 1326 1116 1372 autem
1147 1319 1340 1373 minus.
1379 1318 1433 1373 Si
1466 1318 1660 1373 Filium
1690 1319 1879 1388 majori

294 1410 512 1463 nomine
549 1408 872 1479 appellatum
905 1407 1226 1472 indicivcro,
1267 1408 1393 1478 quid
1420 1409 1599 1463 dices?
1626 1426 1748 1464 num
1784 1426 1882 1478 pu-

292 1516 449 1570 gnam
489 1498 679 1554 linies?
709 1514 833 1553 num
854 1513 887 1554 a
911 1500 1251 1555 contentione
1279 1499 1538 1555 desistes?
1580 1517 1707 1555 num
1738 1514 1883 1556 tuam

295 1591 522 1645 salutem
552 1590 844 1661 agnosces?
874 1606 1000 1644 num
1025 1591 1091 1646 ab
1114 1592 1312 1646 insania
1337 1592 1595 1648 recedes?
1620 1594 1884 1648 intellexi-

291 1683 399 1744 sti,
445 1681 573 1751 quid
617 1680 877 1736 dixerim?
925 1681 1350 1752 quandoquidem
1401 1699 1594 1738 nomen
1637 1684 1884 1738 Dominus

295 1772 434 1826 Filio
467 1773 736 1840 tribuunt,
764 1771 904 1827 Deus
929 1783 1106 1828 autem
1138 1773 1279 1828 Patri
1311 1782 1368 1828 ut
1407 1777 1597 1845 majus.
1643 1776 1698 1830 Si
1728 1776 1887 1846 igitur

298 1864 484 1934 majori
529 1865 744 1919 nomine
785 1864 975 1919 Filium
1005 1866 1329 1936 appellatum
1359 1867 1681 1931 indicavero,
1711 1884 1883 1940 pugna

297 1953 538 2008 confecta
566 1964 649 2009 est
680 1972 694 2008 :
721 1956 825 2010 tuis
850 1956 990 2009 enim
1015 1958 1178 2011 armis
1210 1967 1261 2012 te
1288 1958 1499 2028 subigo,
1517 1960 1729 2029 tuisque
1756 1975 1885 2030 pen-

302 2047 382 2099 nis
411 2055 461 2101 te
488 2062 702 2116 supero.
735 2047 813 2102 Tu
842 2048 1020 2104 dixisti
1050 2050 1183 2104 Deus
1211 2051 1404 2121 majus,-
1433 2051 1681 2107 Dominus
1706 2064 1884 2109 autem

299 2137 476 2192 mimis
520 2153 640 2193 esse
679 2153 873 2194 nomen
907 2139 1311 2196 :demonstraro
1349 2143 1472 2197 volo
1519 2144 1692 2198 minus
1742 2145 1884 2199 Patri

295 2245 405 2283 non
448 2230 783 2294 cenvenisse,
817 2231 862 2286 si
912 2233 1080 2301 major
1126 2243 1260 2300 erat,
1293 2243 1346 2288 et
1389 2235 1559 2303 majus
1602 2236 1736 2290 Filio
1778 2251 1883 2291 non

297 2323 636 2387 convenisse,
667 2322 710 2375 si
740 2321 906 2376 Filius
933 2324 1106 2377 minor
1134 2333 1267 2378 erat.
1301 2325 1435 2378 Audi
1461 2327 1767 2395 prophetam
1798 2327 1881 2380 di-

295 2422 528 2478 centem,
565 2412 662 2466 llic
693 2425 763 2468 est
785 2413 922 2469 Deus
954 2425 1120 2469 noster
1146 2432 1164 2470 :
1191 2434 1289 2471 non
1309 2418 1640 2473 a’stimabitt‘tr
1659 2419 1790 2474 alius
1817 2421 1885 2474 ad

303 2521 415 2557 eum
439 2521 457 2557 :
477 2505 728 2560 adinvenit
749 2523 947 2559 omnem
971 2507 1100 2560 riam
1123 2509 1349 2562 scientia:
1369 2525 1388 2563 :
1415 2520 1524 2580 post
1545 2512 1650 2564 [NEC
1670 2513 1719 2565 in
1741 2513 1885 2566 ten-is

293 2595 432 2648 risus
461 2606 554 2662 est,
578 2607 624 2649 et
647 2613 762 2650 cum
782 2597 1066 2652 hominibus
1086 2610 1406 2655 conversatus
1431 2612 1502 2656 est
1532 2601 1675 2674 (Bar.
1704 2604 1756 2658 5.
1784 2603 1884 2658 56-

295 2685 429 2757 58).
461 2687 595 2755 Quid
643 2688 708 2742 ad
755 2688 854 2742 hoc
903 2691 1233 2758 respondes?
1285 2708 1408 2747 num
1442 2694 1526 2747 his
1552 2694 1726 2748 verbis
1750 2710 1884 2748 con-

293 2771 547 2833 tradicis?
591 2780 658 2832 At
688 2794 792 2832 non
821 2789 970 2849 potes
1004 2799 1015 2832 :
1049 2783 1243 2835 veritas
1267 2783 1410 2837 enim
1437 2769 1737 2854 permanet,
1762 2802 1881 2856 qua:

298 2869 637 2937 splendorem
663 2887 815 2926 suum
845 2873 1057 2938 emittit,
1091 2883 1144 2928 et
1170 2875 1352 2930 oculos
1373 2875 1743 2930 haereticorum
1763 2893 1884 2932 cre-

289 2961 424 3016 dere
479 2964 576 3030 ipsi
635 2962 994 3020 recusantium
1047 2976 1307 3022 exczeeat.
1355 2968 1686 3040 Quamquam
1729 2970 1884 3041 longa

310 3203 1794 3232 ψ
1803 3206 2430 3216 σ--α--υ-.-.υς-α--ῄ--ηοο
2437 3206 2744 3214 ...Μ’-

1443 3223 1584 3230 --..-.
1591 3224 1978 3231 -_____..-_..___
1985 3224 2015 3230 _.
2023 3224 2060 3229 _
2077 3222 2500 3230 _‘__—..—...—.—————
2507 3219 2744 3228 —oo——-—-—-a——

1481 395 1571 454 DE
1610 392 1892 456 SANGTIS
1932 398 2396 458 lllAllTYRlllUS.

3457 408 3559 460 7m;

1991 504 2113 547 sunt
2152 495 2438 549 certamina
2464 535 2479 559 ,
2514 505 2565 549 et
2596 495 2790 550 mullus
2836 505 2916 550 est
2956 507 3117 553 aestus
3149 516 3163 553 :
3195 501 3365 571 major
3394 516 3571 560 tanien

1991 593 2072 640 est
2124 587 2327 652 oratio,
2373 595 2530 657 atque
2583 587 2916 642 incommoda
2968 601 3184 659 supemt
3235 594 3572 658 auditorum.

1991 685 2282 747 arsimnque
2325 678 2529 747 mitigat
2571 691 2694 733 rore
2740 674 2996 735 doctrina:
3030 699 3042 734 :
3073 690 3127 736 et
3164 685 3378 752 quando
3405 697 3574 769 semet

1979 761 2080 823 'aut
2125 771 2317 824 iterum
2364 770 2415 824 in
2463 771 2791 825 hebdomada
2832 783 3241 843 congregantur,
3274 761 3572 832 aeditui-em

1989 861 2342 931 negligentem
2370 873 2490 916 esse
2519 874 2624 916 non
2650 873 2879 931 oportet.
2931 864 2984 919 Si
3023 865 3163 919 enim
3204 881 3270 920 ex
3313 865 3413 922 hoc
3457 867 3572 921 loco

1987 955 2307 1018 excesseris,
2334 969 2397 1008 ac
2414 954 2607 1010 dixerit
2634 957 2891 1024 quispiam
2915 974 2928 1011 :
2951 958 3062 1022 Qua
3085 958 3151 1012 de
3177 969 3233 1013 re
3257 958 3446 1013 doctor
3463 961 3582 1015 dis-

1989 1045 2193 1100 seruit?
2217 1045 2486 1114 subjicies,
2520 1047 2785 1102 Adversus
2825 1049 3138 1103 ltzcreticos:
3171 1049 3218 1105 si
3243 1050 3434 1106 dixerit
3457 1051 3570 1118 tibi,

1989 1137 2101 1204 Qua
2130 1138 2198 1193 de
2227 1154 2286 1192 re
2306 1140 2450 1209 egit?
2476 1155 2648 1209 neque
2672 1141 2833 1195 menti
2861 1143 3148 1197 occurrerit
3168 1185 3183 1208 ,
3216 1144 3444 1197 maxima
3473 1147 3574 1198 erit

1991 1231 2316 1300 ignominia;
2357 1231 2437 1286 sin
2464 1239 2638 1286 autem
2670 1231 2890 1297 dixeris,
2925 1233 3092 1301 ipsum
3124 1235 3311 1302 pungis
3345 1253 3363 1288 ι
3386 1245 3439 1289 et
3460 1235 3572 1288 sive

1990 1323 2059 1376 sit
2090 1323 2389 1387 ha'retieus,
2418 1323 2589 1392 ipsum
2621 1324 2874 1392 corrigis,
2909 1323 3018 1377 sive
3050 1324 3320 1395 negligens
3349 1326 3415 1378 sit
3441 1326 3574 1378 ami-

1988 1428 2104 1481 eus,
2136 1413 2306 1482 ipsum
2332 1415 2539 1484 pellicis
2564 1455 2578 1477 ,
2608 1415 2718 1469 sive
2749 1415 2906 1470 etiam
2937 1415 3128 1469 mulier
3152 1415 3376 1482 lasciva,
3405 1414 3573 1472 elﬁcis

1993 1508 2490 1576 temperantiorem;
2536 1524 2655 1561 nam
2699 1517 2754 1562 et
2800 1508 3006 1576 ttjulieri
3052 1508 3274 1564 reddere
3313 1509 3573 1564 rationem

1990 1594 2152 1651 debes
2183 1596 2462 1651 :Mnlieres
2504 1598 2657 1663 enim,
2693 1598 2878 1666 inquit,
2917 1599 2970 1651 iu
3015 1599 3225 1652 ecclesia
3263 1607 3457 1652 taceant
3489 1615 3507 1652 :
3531 1599 3576 1651 si

1989 1688 2112 1758 quid
2151 1698 2316 1743 autent
2351 1691 2522 1743 voltmt
2548 1691 2756 1755 discere,
2781 1690 2919 1743 danti
2952 1691 3083 1743 viros
3120 1705 3236 1743 suos
3271 1690 3575 1760 interrogent

1994 1779 2068 1851 (l.
2101 1777 2220 1835 Cor.
2249 1781 2334 1834 14.
2373 1781 2460 1835 54.
2500 1781 2612 1850 55).
2663 1779 2717 1835 Si
2757 1780 2974 1834 domum
3008 1780 3277 1849 ingressus
3305 1779 3488 1844 fueris,
3521 1789 3574 1834 ct

1989 1886 2055 1926 cx
2103 1881 2153 1926 te
2195 1872 2386 1926 mulier
2411 1873 2725 1934 sciscitetur,
2759 1872 2896 1939 Quid
2924 1871 3050 1926 mihi
3081 1873 3148 1927 ab
3173 1873 3399 1927 ecclesia
3429 1881 3572 1926 retu.

1989 1963 2132 2018 listi?
2172 1965 2437 2035 responde
2480 1965 2573 2031 illi,
2607 1963 2716 2018 Non
2746 1979 2954 2028 carnes,
2989 1978 3088 2018 nec
3114 1964 3315 2026 vinum,
3343 1975 3441 2018 nec
3472 1977 3570 2016 au-

1989 2071 2127 2123 rum,
2153 2071 2249 2110 nec
2276 2057 2549 2117 mundum.
2587 2072 2691 2126 quo
2735 2069 2932 2125 corpus
2979 2063 3232 2120 ornetur;
3274 2063 3327 2108 at
3364 2067 3575 2110 sermo-

1990 2163 2132 2212 nem,
2159 2163 2264 2218 quo
2291 2148 2582 2218 sapientior
2608 2161 2758 2201 mens
2788 2146 3059 2202 reddatur.
3091 2147 3220 2205 Cum
3254 2147 3306 2200 in
3331 2160 3574 2216 congres-

1989 2257 2103 2296 sum
2129 2243 2364 2297 mulieris
2382 2242 2610 2301 vcneris,
2634 2256 2868 2295 mensam
2886 2240 2959 2294 illi
2977 2239 3301 2309 splritualem
3320 2255 3528 2308 appone
3554 2256 3569 2292 :

1988 2337 2075 2391 dic
2103 2339 2328 2406 primum
2356 2334 2481 2390 dum
2509 2335 2681 2389 adhuc
2706 2349 2892 2388 recens
2919 2343 3000 2388 est
3027 2332 3300 2396 memoria,
3330 2328 3576 2386 Perfrua-

1989 2443 2108 2480 mur
2136 2425 2513 2495 spiritualibus,
2545 2440 2606 2479 ac
2633 2424 2823 2479 deinde
2851 2423 3087 2480 sensibili
3118 2438 3298 2478 mensa
3331 2419 3574 2492 perfrua-

1989 2518 2372 2572 murtetenim
2418 2518 2463 2572 si
2513 2533 2598 2572 res
2644 2525 2851 2571 nostras
2898 2516 2967 2569 ita
3013 2515 3391 2586 disponamus,
3439 2513 3576 2568 Deus

1988 2609 2145 2663 etiam
2173 2608 2340 2662 aderit
2367 2609 2418 2662 in
2445 2609 2622 2662 medio
2651 2607 2838 2674 nostri,
2868 2622 2989 2660 cum
3022 2616 3077 2659 ut
3101 2619 3336 2660 mensam
3365 2604 3576 2659 benedi-

1989 2710 2093 2764 cat,
2120 2708 2228 2753 tum
2258 2707 2316 2753 ut
2340 2714 2436 2753 nos
2468 2706 2708 2753 coronet.
2734 2697 2839 2752 Nos
2859 2696 3070 2766 quidem
3099 2710 3196 2764 pro
3217 2691 3298 2750 his
3328 2695 3576 2748 omnibus

1988 2793 2187 2860 gratias
2214 2807 2430 2862 agamus
2459 2792 2556 2860 ipsi
2591 2791 2727 2845 Patri
2751 2805 2870 2845 cum
2899 2787 3034 2844 Filio
3059 2804 3122 2843 ae
3145 2788 3342 2857 Spiritu
3365 2796 3571 2850 saneto,

1992 2902 2130 2940 nunc
2154 2894 2210 2941 et
2239 2901 2469 2952 semper,
2500 2894 2551 2940 et
2582 2885 2632 2939 in
2662 2885 2854 2940 Siue-uls
2885 2882 3221 2938 saeculorum.
3251 2881 3442 2938 Amen.

1185 3464 1282 3523 AD
1324 3459 1702 3552 HOMILIAM
1751 3464 1827 3524 IN
1879 3461 2208 3523 SANCTOS
2262 3463 2692 3523 MARTYRES.

315 3736 484 3804 ἁγίων
533 3735 772 3790 πάντωνε
812 3733 1069 3789 Fortasse
1115 3734 1247 3788 utin
1293 3731 1488 3786 Latina
1539 3731 1784 3787 Ecclesia
1829 3730 2067 3800 primunt
2115 3728 2390 3784 celebrata
2434 3738 2517 3784 est
2559 3730 2807 3784 einnium
2844 3739 3142 3801 martyrum
3186 3729 3447 3788 festivitas
3501 3749 3568 3787 ex

317 3853 638 3926 praescripto
667 3851 930 3906 Bouil‘aeii
958 3850 1046 3913 IV,
1085 3866 1145 3903 ac
1167 3848 1364 3904 deinde
1396 3847 1720 3902 Sanctorum
1745 3846 1988 3901 omnium
2013 3844 2262 3914 Gregorii
2297 3841 2363 3896 IV
2400 3855 2640 3912 tempore
2673 3863 2686 3897 :
2727 3844 2805 3898 sic
2826 3853 2880 3899 et
2915 3844 2966 3897 in
2997 3843 3181 3899 Graeca
3219 3847 3408 3915 paucis
3444 3858 3567 3916 post

317 3969 676 4023 Pentecosten
714 3965 907 4020 diebus
949 3964 1080 4017 olim
1116 3970 1413 4032 martyrum
1462 3958 1708 4013 omnium
1749 3957 2025 4012 memoriae
2052 3955 2360 4010 dedicatum
2389 3966 2505 4010 erat
2568 3953 2789 4018 festum,
2819 3954 2964 4023 quod
2993 3954 3186 4010 deinde
3247 3956 3567 4012 Sanctorum

318 4081 568 4134 omnium
617 4078 962 4134 solemnitate
1011 4083 1393 4131 consecratum
1426 4082 1528 4128 est.
1571 4070 2016 4127 Caeterumihune
2047 4069 2438 4140 Cbrysostomo
2477 4069 2722 4122 tribuunt
2744 4081 3047 4121 sermonem
3094 4078 3284 4136 printer
3317 4064 3570 4123 Codicrm

320 4201 506 4271 Regi-.1:
535 4199 818 4263 BibliOth.,
868 4197 1121 4253 Mediceis:
1163 4195 1621 4264 manuscriptum,
1666 4192 1958 4262 Catalogus
1985 4192 2346 4260 gutuinarum
2387 4189 2627 4244 auctoris
2657 4189 2778 4258 ejus
2818 4189 3151 4253 orationum,
3183 4187 3273 4257 qui
3309 4189 3361 4241 in
3391 4188 3576 4258 Augu-

325 4328 483 4373 stana
519 4329 792 4383 servatur,
826 4327 878 4372 et
909 4319 1047 4372 alius
1072 4333 1137 4370 ex
1164 4315 1312 4369 Italia
1352 4317 1552 4368 missus
1586 4315 1651 4366 a-J
1678 4329 1777 4367 nos
1817 4313 1888 4366 ini

2015 4312 2113 4380 τῆς
2145 4310 2327 4381 βίϐλου
2351 4309 2458 4362 τῶν
2505 4307 2878 4379 μαργαριτῶν,
2909 4307 3013 4361 hoc
3047 4308 3202 4361 titulo
3242 4304 3579 4377 εΊιῖγκώμιον

327 4441 405 4502 εἰς
432 4439 562 4500 τοὺς
588 4437 776 4506 ἁγίους
802 4437 1032 4500 πάντας.
1071 4457 1090 4487 ι
1156 4429 1172 4436 ’

401 4551 786 4620 lnterpretatio
822 4548 1012 4602 Latina
1043 4556 1124 4599 est
1159 4546 1404 4615 ejusdem
1445 4542 1738 4597 Frontonis
1765 4541 1963 4595 Dueaei.

321 4733 405 4748 —

1636 4789 2238 4873 LAUDATIO

705 4966 793 5013 SS.
841 4969 1096 5014 OMNIUM
1142 4968 1250 5022 QUI
1297 4967 1680 5034 ιιωτγηιυμι
1723 4967 1888 5011 TOTO

1994 4969 2282 5013 ZkRARUM
2325 4969 2492 5012 onnn
2521 4969 2682 5012 sosr
2727 4966 2896 5011 rsssr
2942 4953 3042 5026 (a).

1719 5092 2214 5173 WQW-

392 5243 442 5298 Ι.
479 5241 727 5312 Martyres
753 5256 865 5293 cum
893 5223 1085 5309 angens
1105 5246 1274 5290 cottatt
1295 5275 1308 5299 ,
1340 5233 1469 5287 bona
1498 5250 1561 5289 ea:
1586 5252 1696 5306 ipsa
1721 5245 1908 5288 morta-

320 5336 458 5388 litate
481 5334 726 5388 derivata.
751 5361 821 5372 —
850 5329 1092 5385 Nondum
1124 5338 1325 5397 septem
1353 5327 1559 5382 dierum
1587 5327 1798 5397 elapsus
1827 5337 1911 5382 est

325 5443 600 5488 numerus.
632 5443 696 5483 ex
743 5441 850 5497 quo
895 5440 1101 5481 sacram
1151 5423 1491 5477 Pentecostcs
1521 5421 1912 5475 solemnitatem

325 5521 740 5586 celebravimus,
776 5527 831 5574 et
860 5532 958 5574 nos
993 5531 1178 5572 rursus
1221 5523 1510 5586 martyrum
1539 5514 1734 5569 chorus
1761 5529 1913 5568 asse-

386 5632 462 5692 (ιι)
495 5630 672 5683 incitata
687 5643 796 5683 cum
811 5629 1061 5681 codicibus
1078 5630 1238 5694 Regiis
1253 5627 1407 5681 tribus
1423 5636 1472 5680 et
1491 5640 1588 5679 uno
1609 5625 1910 5678 coisliniano.

2013 5253 2204 5314 qnutus
2235 5251 2336 5306 est,
2361 5242 2440 5296 vel
2481 5251 2775 5312 martyrum
2821 5249 2994 5294 castra
3034 5239 3209 5309 potius
3248 5238 3300 5293 et
3339 5223 3600 5292 exercitus

2016 5335 2184 5390 nihilo
2227 5335 2403 5388 mittor
2443 5334 2544 5388 illis
2585 5332 2892 5402 angelorum
2919 5331 3127 5397 castris,
3155 5345 3272 5398 qua!
3303 5327 3604 5398 patriarcha

2021 5425 2183 5482 Iacob
2211 5425 2340 5480 vidit
2366 5423 2518 5496 (Gen.
2547 5425 2635 5480 3'3.
2661 5423 2740 5493 Et),
2769 5422 2862 5477 sed
2891 5421 3114 5476 :emulus
3144 5421 3245 5474 illis
3274 5428 3328 5474 et
3354 5418 3598 5488 aujualis.

2026 5517 2280 5591 Martyres
2301 5516 2440 5573 enim
2465 5525 2516 5571 et
2537 5515 2710 5586 angeli
2733 5515 2944 5568 nomine
2972 5520 3172 5566 tantum
3199 5508 3430 5565 distincti
3459 5519 3604 5577 sunt,

2023 5614 2173 5672 factis
2194 5620 2370 5668 autem
2395 5610 2685 5682 junguntur
2710 5628 2720 5662 :
2746 5607 2933 5662 caelum
2957 5601 3189 5656 incolunt
3213 5601 3405 5673 angeli,
3427 5602 3602 5654 iti-lmt
