4080 6198
1113 339 1167 392 S.
1210 333 1482 392 mihile
1519 323 1994 388 ClliiYSOSlOMI
2035 317 2350 377 ARCHIEP.
2391 310 2920 372 CONSTANTINOP.
3557 309 3688 364 ’τρε

403 475 454 518 et
491 471 749 530 martyres
778 475 788 508 τ
823 453 1106 510 senectutis
1133 461 1378 518 expertes
1407 457 1454 500 et
1490 442 1812 498 immortales
1852 445 1973 492 sunt.
2091 432 2389 489 stantacies
2415 430 2775 495 conmittuitai,
2805 429 3038 498 undique
3065 429 3226 484 armis
3253 427 3530 500 fulgentes,
3565 441 3676 486 ter-

405 553 514 619 illi,
550 521 648 606 hoc
675 560 728 606 et
759 555 1018 616 martyres
1051 539 1383 595 obtinebunt.
1412 536 1480 590 At
1509 535 1871 600 incorporeum
1905 528 1978 582 illi
2087 541 2308 595 ramqtte
2357 523 2638 593 splendore
2681 521 3042 590 complentes;
3087 522 3322 593 undique
3369 524 3670 592 jaculorum

405 618 648 696 naturam
697 637 867 692 sortiti
913 633 1070 688 sntit?
1118 629 1252 697 Quid
1299 637 1408 681 tttm
1455 623 1667 694 postea?
1695 622 1816 676 licet
1841 619 1982 674 enim
2047 639 2058 650 υ
2089 621 2259 674 nubes
2281 619 2612 684 emittuntur,
2635 634 2861 688 quorum
2885 618 3224 674 multitudine
3243 634 3337 674 aer
3355 621 3674 684 occultatur;

409 745 668 802 martyres
693 742 915 795 corpore
941 721 1278 790 circumsepti
1309 720 1436 780 sint,
1462 713 1744 770 immortali
1769 722 1940 767 tamen
1967 727 1980 762 :
2093 720 2358 766 torrentes
2383 711 2658 780 sanguinis
2699 713 2748 765 in
2783 721 2976 766 terram
3017 713 3326 777 volvuntur;
3358 713 3538 768 multa:
3579 731 3676 770 un-

361 817 376 912 ξ
407 823 531 892 quin
563 821 734 890 potius
767 819 925 872 etiam
965 824 1088 868 ante
1119 815 1282 883 ipsam
1314 807 1762 864 immortalitatem
1789 802 1986 858 Christi
2090 805 2250 876 dique
2271 817 2474 874 strages
2501 815 2558 857 ut
2577 813 2816 873 segetum
2845 805 2897 858 in
2926 819 3120 873 messe,
3147 807 3218 860 ita
3245 808 3494 874 militum,
3524 813 3615 880 qui
3645 827 3678 864 a

368 895 376 932 ξ
411 928 554 967 mors
586 925 810 980 corpora
841 908 1005 961 multo
1035 906 1150 975 plus
1171 946 1186 969 ,
1213 919 1369 974 quam
1399 899 1768 956 immortalitas
1793 895 1990 950 eoude-
2091 911 2152 952 se
2173 896 2396 950 invicem
2429 904 2858 964 prosternuntur.
2893 898 3004 966 Age
3027 913 3154 968 ergo
3175 900 3242 954 ab
3264 900 3472 955 illorum
3503 919 3679 974 pugna

373 989 380 1059 ἓ
410 1016 581 1058 uorat.
615 1004 726 1056 Non
755 1004 824 1056 ita
855 1002 1088 1055 siderum
1119 1007 1428 1052 exornatum
1455 997 1620 1048 choro
1649 991 1837 1044 Caelum
1869 989 1991 1042 illtt-
2096 999 2148 1042 te
2177 987 2243 1041 ad
2270 988 2405 1040 hanc
2435 987 2789 1047 traducamus.
2827 988 2922 1041 llic
2964 987 3100 1042 bime
3127 1005 3337 1059 quoque
3363 1003 3485 1046 sunt
3510 995 3678 1056 acies,

375 1049 382 1160 ξ
407 1107 517 1149 stre
540 1103 643 1158 est,
663 1109 724 1146 ac
751 1091 1020 1161 splendida
1045 1091 1318 1143 vulnerum
1347 1086 1492 1140 sanie
1516 1086 1531 1116 ί
1557 1096 1844 1152 martyrum
1872 1093 1992 1132 eor-
2099 1093 2200 1132 una
2232 1078 2444 1147 quidem
2496 1089 2807 1148 martyrum.
2839 1080 3004 1132 altera
3039 1095 3169 1134 vero
3197 1091 3538 1151 tyrannormu
3572 1104 3587 1139 :
3615 1102 3683 1142 ac

379 1169 536 1243 Itinra
594 1196 872 1240 exornata.
915 1183 1118 1243 itaque
1165 1181 1284 1243 quia
1337 1177 1526 1231 mortui
1576 1184 1736 1238 sunt,
1793 1171 1990 1226 idcirco
2097 1170 2304 1240 tyranni
2351 1167 2563 1239 quidem
2604 1169 2791 1222 armati
2831 1180 2974 1231 sunt,
3030 1182 3293 1243 martyres
3322 1183 3496 1228 autem
3533 1179 3682 1228 nudo

378 1171 536 1254 :pora
594 1196 872 1240 exornata.
915 1183 1118 1252 itaque
1165 1181 1284 1250 quia
1337 1177 1526 1231 mortui
1576 1184 1736 1238 sunt,
1793 1171 1990 1226 idcirco

2096 1270 2332 1330 pugnant
2359 1275 2614 1328 corpore;
2643 1262 2735 1315 sed
2763 1277 2792 1315 a
2819 1263 2975 1316 nudis
2997 1271 3191 1326 tamen,
3220 1280 3324 1318 non
3354 1265 3418 1318 ab
3435 1269 3679 1330 annalis,

399 351 504 408 ’ΝΠ

415 1279 644 1330 maxime
689 1283 974 1344 superant,
1013 1285 1066 1326 et
1115 1281 1236 1326 ante
1285 1267 1732 1323 itttmortalitatem
1761 1279 1788 1316 tt
1822 1271 1992 1314 morte

412 1369 650 1422 eorunati
691 1365 902 1436 praemia
935 1369 1289 1430 repertarum.
1335 1357 1564 1410 Miuuisti
1587 1371 1698 1407 cum
1725 1351 1876 1421 paulo
1901 1349 1994 1402 tui-

414 1478 508 1513 nus
552 1459 610 1512 ub
651 1458 877 1527 angelis;
925 1455 1086 1526 gloria
1117 1463 1162 1504 ct
1189 1453 1377 1503 honora
1401 1447 1650 1500 coronasti
1677 1460 1792 1496 cum
1819 1441 1990 1510 (Psal.

417 1551 466 1605 8.
496 1550 574 1616 6).
595 1549 660 1602 de
688 1545 956 1602 communi
981 1544 1248 1596 hominum
1277 1549 1460 1593 natura
1485 1538 1652 1606 inquit
1682 1532 1876 1588 David:
1901 1529 1992 1584 sed

417 1651 470 1697 et
521 1641 622 1694 hoc
663 1639 872 1707 paulum
913 1635 1141 1690 reddidit
1175 1631 1418 1688 Christus
1447 1643 1566 1684 cum
1593 1624 1914 1688 advenisset,
1944 1630 1997 1672 et

418 1741 644 1786 mortem
685 1740 858 1784 morte
895 1726 1220 1780 damnasset.
1267 1722 1462 1778 Verum
1487 1719 1590 1772 hoc
1615 1733 1713 1787 ego
1733 1714 1864 1770 inde
1891 1728 1994 1766 non

418 1825 710 1885 coalirmo,
749 1818 841 1876 sed
872 1835 934 1872 ex
965 1831 1031 1872 co
1063 1815 1202 1885 quod
1241 1811 1476 1866 defectus
1504 1809 1590 1864 hic
1617 1807 1802 1862 mortis
1831 1805 1882 1857 in
1914 1803 1996 1856 lu-

419 1931 567 1970 crum
609 1924 662 1968 et
702 1911 1036 1966 commodum
1066 1923 1138 1962 ce.
1157 1907 1226 1962 sit
1259 1924 1270 1960 :
1301 1905 1399 1960 nisi
1428 1905 1567 1958 enim
1595 1900 1843 1956 mortales
1873 1895 2000 1949 fuis-

419 2015 580 2074 sent,
627 2016 886 2076 martyres
931 2002 1052 2056 faeti
1097 2015 1200 2054 non
1245 2007 1423 2054 essent
1457 2015 1468 2050 :
1501 1997 1674 2064 itaque
1719 1991 1816 2045 nisi
1858 2003 2001 2042 mors

421 2099 630 2164 fuisset,
659 2111 726 2150 ne
742 2109 950 2149 corona:
976 2091 1186 2162 quidem
1218 2089 1580 2142 exstitissent:
1613 2086 1654 2138 si
1685 2099 1788 2136 non
1820 2080 2003 2136 fuisset

425 2191 692 2250 interitus,
717 2186 1026 2256 martyrium
1049 2199 1152 2236 non
1182 2181 1366 2234 fuisset
1391 2197 1404 2233 :
1428 2179 1470 2232 si
1495 2191 1639 2230 mors
1662 2189 1764 2228 non
1795 2172 1998 2234 fuisset,

425 2297 530 2336 non
563 2281 818 2351 potuisset
855 2277 1036 2332 dicere
1075 2274 1302 2336 Paulus,
1338 2269 1569 2336 Quotidie
1597 2267 1780 2320 ιηοιὶον
1805 2281 1892 2334 per
1919 2279 2002 2314 re-

423 2381 580 2424 stram
616 2369 826 2438 gloriam
849 2409 864 2432 ,
899 2382 1047 2434 quam
1083 2363 1237 2414 Imbro
1281 2362 1332 2414 iu
1377 2360 1573 2413 Christo
1611 2356 1734 2410 Jcstt
1773 2355 1846 2425 (l.
1880 2351 2000 2406 Cor.

429 2461 518 2514 15.
549 2459 639 2526 Si)
671 2479 684 2511 :
711 2458 808 2510 nisi
837 2469 981 2509 mors
1009 2465 1058 2507 et
1081 2453 1324 2506 interitus
1353 2449 1589 2511 fuissent,
1615 2461 1718 2500 nou
1749 2445 2006 2514 potuisset

427 2553 566 2608 idem
594 2551 771 2604 dicere
793 2590 808 2609 .
852 2546 1058 2600 Gaudeo
1085 2546 1136 2598 in
1165 2543 1478 2612 positionibus
1514 2540 1634 2594 meis
1666 2554 1756 2608 pro
1781 2536 1935 2604 vobis,
1961 2546 2006 2588 ct

428 2643 682 2710 udimpleo
710 2657 766 2694 ea
786 2655 898 2710 qua:
917 2639 1097 2691 desunt
1117 2637 1408 2707 passionum
1440 2632 1623 2686 Citriin
1651 2632 1700 2684 in
1721 2645 1872 2684 carne
1898 2645 2008 2682 mea

433 2737 566 2804 (Col.
593 2737 641 2790 l.
671 2734 786 2804 25).
835 2731 910 2786 Ne
951 2730 1225 2784 doleamus
1253 2742 1378 2797 ergo
1400 2765 1412 2788 ,
1442 2725 1579 2793 quod
1611 2723 1860 2778 mortales
1890 2721 2010 2774 facti

431 2829 624 2896 simus,
653 2826 744 2880 sed
787 2824 984 2894 gratias
1025 2835 1276 2890 agamus,
1315 2817 1452 2888 quod
1503 2815 1738 2886 martyrii
1784 2815 2008 2868 stadium

333 2937 352 2952 “
433 2921 584 2974 nubis
615 2919 682 2971 sit
719 2932 746 2969 a
780 2923 949 2969 morte
991 2921 1303 2973 reseratum,
1341 2920 1390 2962 et
1419 2907 1484 2960 ab
1516 2906 1730 2959 interitu
1763 2903 2010 2972 πιναιιιιὶο-

431 3026 550 3064 rttm
582 3007 855 3062 materiam
883 3005 1243 3073 acceperimus
1265 3017 1278 3064 ;
1305 2998 1442 3053 unde
1469 3009 1522 3052 et
1551 2995 1898 3051 certaminum
1925 3007 2016 3046 oc-

431 3102 702 3156 casionem
733 3098 868 3152 nacti
897 3111 1098 3149 smnus.
1131 3095 1290 3148 Vides
1313 3091 1624 3162 sapientiam
1653 3088 1764 3154 Dei,
1793 3101 1896 3158 quo
1922 3101 2015 3155 pa-

433 3201 522 3247 cto
566 3191 850 3245 maximum
898 3187 1024 3242 illud
1073 3185 1330 3240 malorum
1349 3191 1622 3252 caputque
1649 3187 1842 3234 nostra:
1871 3177 2014 3231 cala-

437 3284 658 3346 mitatis,
692 3281 832 3351 quod
863 3279 1070 3333 invexit
1093 3277 1358 3340 diabolus,
1383 3285 1608 3328 mortem
1642 3273 1876 3340 inquam,
1899 3283 2015 3322 eam

437 3377 490 3427 iu
541 3373 798 3426 iuniorem
845 3370 1168 3440 gloriamque
1215 3376 1447 3421 nostram
1490 3366 1780 3428 convertit,
1825 3379 1888 3418 ac
1923 3377 2020 3432 per

441 3467 576 3521 hanc
608 3467 773 3534 ipsam
800 3463 1026 3517 athletas
1051 3461 1114 3514 ad
1146 3459 1378 3531 martyrii
1404 3457 1580 3512 bravia
1609 3455 1858 3510 deduxit?
1883 3453 2016 3521 Quid

443 3559 612 3629 ergo?
641 3556 904 3611 idcircone
933 3552 1144 3608 diabolo
1168 3552 1352 3604 mortis
1375 3559 1530 3604 causa
1553 3547 1747 3619 gratias
1767 3545 2021 3616 agemus?

443 3652 593 3706 Absit
617 3669 630 3703 ε
655 3648 926 3704 nonettim
949 3645 1016 3700 ab
1043 3644 1160 3715 ejus
1188 3651 1362 3696 mente
1389 3649 1535 3696 recte
1565 3640 1754 3694 factum
1783 3637 1904 3702 boc,
1929 3636 2020 3690 scit

445 3743 534 3796 Dei
568 3738 839 3809 sapientiae
871 3746 952 3792 est
978 3735 1193 3789 donum.
1227 3733 1317 3788 ille
1342 3731 1551 3802 quidem
1579 3728 1795 3792 invexit,
1816 3737 1869 3782 ut
1898 3741 2021 3796 pcr-

443 3834 628 3894 deret,
671 3839 724 3884 et
771 3829 834 3882 ad
881 3838 1075 3880 terram
1119 3823 1348 3878 reductis
1391 3837 1536 3890 spem
1587 3820 1768 3872 salutis
1812 3831 2022 3872 omnem

449 3921 824 3993 przesciuderet
844 3917 1120 3973 :Cbristus
1137 3925 1312 3970 autem
1338 3913 1388 3967 id
1405 3923 1674 3982 arreptum
1708 3911 2022 3974 imtuutavit,

444 4024 498 4067 et
537 4014 588 4066 in
616 4013 804 4066 curtum
839 4024 934 4063 nos
968 4023 1150 4062 rursus
1171 4022 1271 4076 per
1301 4005 1468 4073 ipsum
1499 4003 1810 4058 introduxit.
1861 4001 2028 4054 Nemo

449 4107 607 4175 igitur
635 4120 728 4157 nos
759 4103 992 4164 damnet,
1024 4099 1161 4166 quod
1189 4098 1408 4150 chorum
1437 4094 1800 4160 et_exercitttm
1831 4101 2030 4166 marty-

447 4217 564 4254 rum
598 4208 791 4252 cmtum
819 4193 1147 4264 appellarim,
1177 4194 1372 4260 unique
1401 4190 1475 4243 rei
1502 4189 1766 4242 cmttraria
1793 4186 1898 4241 duo
1929 4203 2028 4238 no-

450 4293 592 4346 mina
641 4287 911 4342 tribuerint
945 4301 956 4337 :
985 4284 1180 4337 chorus
1207 4282 1346 4336 enim
1387 4288 1441 4335 et
1475 4279 1741 4334 exercitus
1767 4277 2027 4332 contraria

451 4393 593 4446 sunt,
615 4393 799 4434 verum
829 4377 912 4430 hic
937 4384 1218 4443 utrumque
1244 4373 1472 4428 c0a1uit:
1499 4372 1692 4426 etenim
1723 4369 1870 4438 quasi
1901 4367 2032 4420 cbo-

453 4493 572 4531 reas
597 4475 884 4536 ducerent,
927 4469 993 4524 ad
1039 4477 1299 4523 tormenta
1337 4481 1457 4520 cum
1487 4466 1756 4533 voluptate
1783 4477 2032 4532 perrexe-

455 4575 598 4630 runt,
628 4577 679 4620 et
711 4573 976 4632 tamquam
1010 4561 1291 4615 bellatores
1331 4573 1541 4612 omnem
1585 4553 1945 4610 fortitudinem
1974 4569 2034 4606 ac

456 4659 790 4712 tolerantiam
831 4669 938 4724 prie
967 4667 1026 4707 se
1059 4651 1320 4714 tulerunt,
1351 4649 1636 4717 hostesque
1669 4647 1928 4700 vicerunt.
1959 4645 2037 4698 Ac

455 4753 499 4806 si
545 4765 727 4805 eorum
771 4747 980 4818 quidem
1009 4787 1023 4810 ,
1065 4761 1182 4814 qua:
1217 4751 1492 4813 geruntur,
1523 4751 1729 4810 spectes
1758 4747 2033 4802 naturam,

460 4859 628 4912 pugna
658 4851 710 4896 et
741 4839 936 4893 bellum
962 4847 1014 4892 et
1035 4837 1180 4890 acies
1207 4845 1350 4898 sunt,
1379 4848 1496 4901 quze
1522 4840 1776 4901 geruntur
1801 4849 1812 4882 :
1833 4831 1914 4884 sin
1943 4845 2037 4883 att—

461 4946 566 4988 tem
607 4947 790 4986 eorum
823 4939 1053 4983 mentem
1102 4925 1443 4990 consideres,
1479 4937 1596 4992 quae
1623 4921 1791 4986 fiunt,
1828 4920 2038 4975 choreae

460 5034 600 5086 sunt,
628 5031 678 5074 ct
705 5021 966 5083 Convivia,
989 5031 1051 5072 ac
1081 5017 1409 5079 festivitates,
1434 5023 1487 5069 ct
1511 5013 1755 5082 voluptas
1783 5011 2034 5076 maxima,

461 5130 576 5184 qua:
609 5111 966 5180 perficiuntur.

530 5249 659 5302 Cum
687 5241 818 5300 bello
855 5249 1112 5313 comparat
1159 5239 1440 5309 Martyrum
1484 5247 1762 5304 tormenta;
1803 5247 2037 5290 constan-

464 5338 585 5392 tiam
620 5337 908 5406 Martyrum
951 5331 1146 5404 egregie
1179 5331 1429 5383 describit.
1451 5359 1523 5369 ——
1543 5329 1700 5383 Visne
1741 5339 1790 5383 te
1821 5331 2038 5384 doceant

467 5427 580 5482 huic
607 5429 747 5479 ottttti
779 5427 918 5480 bello
957 5439 1073 5478 esse
1117 5421 1452 5488 terribiliora,
1497 5433 1784 5490 martyrum
1829 5421 2037 5488 inquam

463 5534 551 5573 res
579 5519 793 5588 gesms?
831 5517 967 5584 Quid
1002 5524 1083 5570 est
1106 5516 1156 5568 in
1197 5513 1336 5568 bello
1359 5511 1727 5566 formidabile?
1765 5509 2041 5580 Utrimque

527 5693 544 5724 ι
565 5689 666 5801 alii,
680 5688 934 5754 splendido
950 5689 1197 5742 vulnerum
1219 5689 1379 5750 citare,
1399 5703 1508 5754 qua:
1533 5687 1674 5739 lectio
1695 5701 1792 5737 non
1812 5695 1888 5738 est
1912 5697 2044 5750 sper-

527 5768 564 5801 ιι
629 5785 644 5800 .

466 5763 644 5803 “680d.

2099 1351 2318 1404 victoria
2347 1361 2666 1421 reportatur.
2695 1351 2829 1418 Quis
2851 1369 2954 1408 non
2987 1355 3344 1425 Obstupescat,
3379 1359 3590 1427 quando
3633 1361 3680 1414 is

2101 1445 2190 1512 qui
2224 1444 2384 1512 virgis
2411 1444 2651 1506 caeditur,
2677 1445 2970 1500 ctcdentcm
2993 1447 3174 1512 vincit,
3217 1459 3270 1503 et
3295 1451 3500 1504 vinctus
3529 1453 3674 1506 solu-

2101 1544 2233 1600 tum,
2261 1546 2480 1589 exustus
2503 1543 2768 1602 urentem,
2799 1545 2852 1590 ct
2871 1537 2958 1606 qui
2990 1539 3211 1592 moritur
3241 1540 3684 1596 intertieientem?

2103 1625 2260 1680 Vides
2291 1635 2348 1679 ut
2377 1625 2492 1680 ba-c
2517 1628 2620 1680 illis
2655 1628 2968 1682 terribiliora
3003 1631 3149 1684 sint?
3193 1629 3323 1685 Nam
3354 1633 3440 1686 illa
3465 1635 3684 1704 quidem

2105 1733 2424 1787 quamquam
2455 1717 2806 1772 fortuidabilia
2836 1729 2975 1784 sunt,
3007 1729 3181 1774 tamen
3222 1739 3287 1776 ex
3308 1725 3494 1780 ordine
3521 1737 3684 1779 uatu-

2104 1824 2178 1863 ra:
2207 1809 2338 1863 fiunt
2366 1825 2380 1863 :
2407 1809 2520 1863 lucc
2547 1819 2724 1863 autem
2747 1820 3066 1879 exsuperant
3097 1823 3334 1868 naturam
3357 1832 3569 1872 onmem
3601 1837 3688 1872 re-

2105 1916 2330 1970 rumque
2353 1915 2568 1955 omnem
2607 1903 3059 1971 consequentiam,
3111 1913 3166 1958 ut
3203 1905 3463 1978 intelligas
3491 1909 3688 1965 divina:

2106 1993 2287 2062 gratim
2308 2001 2522 2062 accepta
2546 1992 2760 2048 ferenda
2791 2008 2927 2057 esse,
2961 2010 3077 2063 qua:
3107 1996 3187 2049 hic
3213 2011 3330 2050 cum
3362 1999 3513 2052 laude
3544 2016 3687 2070 prae-

2110 2093 2336 2138 stantur.
2384 2084 2618 2139 Tametsi
2643 2084 2768 2154 quid
2799 2084 2916 2150 hac,
2963 2099 3163 2154 quaeso,
3205 2103 3376 2158 pugna
3414 2090 3694 2161 iniquius?

2106 2177 2230 2246 quid
2249 2175 2630 2231 certaminibus
2651 2177 2763 2232 istis
2807 2176 3090 2247 injustius?
3113 2177 3244 2232 Nam
3275 2180 3326 2234 in
3365 2181 3517 2238 bellis
3541 2193 3690 2236 uter-

2109 2283 2214 2339 que
2241 2283 2452 2336 eorum,
2481 2270 2569 2338 qui
2601 2279 2854 2340 pugnant,
2887 2281 3156 2338 armatur;
3189 2271 3274 2327 hic
3309 2289 3434 2329 vero
3459 2291 3563 2330 non
3591 2275 3688 2338 ita,

2109 2361 2204 2415 sed
2235 2362 2320 2416 hic
2343 2362 2556 2432 quidem
2587 2364 2760 2418 nudus
2791 2371 2892 2430 est,
2919 2364 3006 2420 ille
3033 2381 3158 2420 vero
3187 2367 3349 2421 armis
3369 2376 3450 2422 est
3480 2377 3686 2425 tectus:

2113 2451 2164 2504 in
2213 2455 2594 2507 certaminibus
2625 2469 2808 2508 rursus
2849 2457 3084 2526 utrisque
3127 2457 3250 2513 licet
3293 2475 3480 2513 manus
3503 2471 3694 2516 contra

2115 2545 2358 2600 attollere
2382 2563 2396 2610 ;
2431 2546 2517 2599 hic
2541 2562 2666 2601 vero
2693 2549 2901 2602 vinctus
2939 2557 3021 2604 est
3058 2550 3173 2614 iste,
3200 2560 3254 2604 at
3282 2551 3369 2605 ille
3389 2565 3508 2607 cum
3535 2561 3692 2622 pote-

2114 2645 2249 2692 state
2279 2637 2415 2692 ictus
2442 2637 2642 2708 infligit,
2675 2649 2726 2693 et
2771 2648 3038 2710 tamquam
3070 2657 3133 2696 ex
3165 2641 3439 2714 tyrannide
3463 2643 3694 2714 quadam

2121 2727 2220 2782 sibi
2249 2729 2462 2797 quidem
2489 2745 2580 2783 eas
2605 2739 2783 2799 partes
2823 2743 3154 2787 assumentes
3191 2733 3447 2802 przesides
3476 2745 3533 2788 ut
3558 2738 3699 2792 male

2117 2819 2334 2887 faciant,
2358 2821 2518 2890 justis
2543 2823 2862 2894 martyribus
2882 2831 2940 2878 ut
2959 2825 3095 2878 male
3119 2825 3382 2894 patiantur
3402 2827 3696 2880 attribuen-

2121 2919 2221 2979 tes,
2247 2913 2316 2966 ita
2345 2913 2764 2983 congrediuntur
2808 2929 2928 2969 cum
2960 2919 3178 2983 sanctis,
3212 2927 3264 2972 et
3291 2935 3358 2974 ne
3380 2921 3456 2974 sic
3482 2921 3700 2990 quidem

2121 3003 2264 3072 ipsos
2291 3016 2614 3074 expugnant,
2646 3006 2739 3060 sed
2771 3007 2837 3062 ab
2869 3008 2964 3062 ista
2993 3025 3162 3079 pugna
3199 3027 3303 3064 tam
3330 3013 3502 3081 iniqua
3534 3029 3699 3081 supe-

2121 3096 2218 3149 rati
2247 3096 2524 3150 disccdunt
2559 3116 2572 3150 :
2601 3107 2760 3167 atque
2803 3099 2940 3152 ident
2983 3101 3174 3155 accidit
3213 3117 3278 3157 ac
3305 3104 3350 3156 si
3379 3105 3500 3173 quis
3527 3105 3702 3160 virum

2121 3186 2427 3254 quempiam
2458 3187 2769 3243 bellatorem
2789 3191 2842 3244 in
2865 3192 3100 3263 praelium
3129 3193 3372 3262 deducat,
3400 3205 3455 3250 et
3479 3199 3700 3266 prtecisa

2125 3275 2324 3332 lancea:
2369 3280 2610 3348 cuspide,
2641 3281 2802 3334 lorica
2832 3283 3132 3352 spoliatum,
3171 3286 3312 3340 nudo
3355 3301 3580 3356 corpore
3608 3305 3708 3358 pu-

2123 3382 2286 3436 gnare
2327 3368 2528 3442 jubeat,
2573 3371 2662 3426 ille
2689 3383 2865 3427 autem
2909 3374 3031 3428 licet
3083 3390 3368 3443 percussus
3417 3393 3480 3432 ac
3521 3379 3704 3444 laesus,

2125 3459 2497 3530 sexcentisquc
2537 3461 2819 3518 confossus
2861 3464 3187 3530 vulneribus,
3231 3477 3484 3536 trepai-um
3529 3479 3708 3524 tamen

2127 3549 2314 3618 erigat.
2358 3550 2614 3623 Martyres
2653 3554 2796 3607 enim
2845 3555 3016 3608 nudos
3055 3571 3174 3609 eum
3219 3557 3270 3610 itt
3313 3558 3538 3612 medium
3583 3575 3710 3627 pro-

2131 3643 2435 3706 t:'a.\is.~cnt,
2470 3659 2532 3697 ac
2559 3645 2808 3698 revinctis
2841 3653 2958 3714 post
2989 3655 3130 3714 terga
3161 3648 3402 3702 manibus
3425 3663 3517 3704 eos
3547 3650 3714 3702 unde-

2135 3747 2342 3802 quaqne
2361 3736 2864 3804 pet'ettssissent,ita
2889 3737 3230 3790 vincebantur
3255 3757 3266 3790 :
3297 3739 3368 3792 illi
3391 3751 3568 3792 autent
3593 3741 3712 3793 vul—

2133 3837 2260 3876 ttcra
2290 3839 2407 3877 cum
2439 3825 2798 3892 excepissent,
2829 3835 3080 3894 tt'Opa-um
3104 3837 3282 3880 contra
3313 3829 3580 3882 diabolum
3602 3832 3711 3884 eri-

2132 3913 2346 3982 gebant.
2383 3914 2444 3967 lit
2473 3915 2916 3983 quemadmmium
2947 3933 3228 3985 percussos
3257 3919 3474 3973 adamas
3497 3922 3718 3974 minime

2135 4005 2274 4060 cedit
2311 4021 2481 4074 neque
2522 4008 2811 4073 emollitur,
2858 4010 2964 4062 imo
3012 4011 3207 4064 ferrum
3237 4025 3265 4063 a
3296 4027 3400 4080 quo
3421 4013 3720 4081 percutitur

2135 4099 2419 4168 confringit
2459 4118 2471 4154 :
2519 4101 2585 4152 ita
2619 4101 2868 4154 nimirum
2914 4110 2971 4156 et
3013 4112 3317 4158 sanctorum
3349 4105 3564 4170 anitum,
3593 4120 3720 4160 cum

2143 4199 2247 4244 tam
2279 4191 2428 4243 multi
2461 4191 2725 4244 cruciatus
2755 4191 3155 4260 adhiberentur,
3193 4194 3318 4262 ipse
3345 4194 3558 4264 quidem
3583 4197 3720 4250 nihil

2141 4297 2300 4351 grave
2343 4283 2702 4351 patiebantur,
2733 4298 2920 4336 eorum
2957 4299 3086 4336 vero
3113 4293 3139 4336 a
3167 4283 3354 4354 quibus
3379 4286 3724 4340 audebantur

2143 4374 2250 4426 vim
2285 4389 2348 4426 ac
2375 4375 2624 4428 virtutem
2657 4374 3020 4444 profligautes,
3049 4376 3272 4443 turpiter
3295 4385 3348 4430 et
3369 4377 3726 4446 ignominioso

2141 4463 2380 4519 devictos
2403 4475 2520 4533 post
2559 4467 2758 4520 multos
2791 4477 2844 4521 et
2873 4466 3233 4522 intolerandus
3261 4469 3392 4523 ictus
3411 4487 3442 4524 e
3467 4473 3727 4524 certami-

2147 4556 2301 4610 nibus
2328 4555 2685 4610 dimittchant.
2739 4557 2946 4611 Etenim
2977 4559 3082 4612 illis
3105 4560 3155 4613 itt
3185 4561 3410 4630 equuleo
3433 4563 3628 4617 vinctis
3653 4566 3730 4618 la-

2141 4661 2256 4706 tera
2285 4649 2573 4712 fodiebant,
2604 4649 2862 4718 profundc
2897 4651 3073 4704 sulcos
3118 4661 3339 4722 agentes
3371 4653 3408 4718 ί,
3441 4655 3592 4723 quasi
3629 4668 3732 4710 ter-

2145 4757 2256 4796 ram
2275 4750 2454 4796 aratro
2475 4741 2764 4807 stdcareut,
2795 4756 2900 4794 non
2928 4756 3148 4812 corpora
3179 4743 3472 4798 lacerarent
3501 4764 3514 4799 :
3549 4747 3732 4803 videre

2147 4843 2262 4888 erat
2299 4837 2446 4886 sinus
2481 4842 2716 4902 apertos,
2759 4843 2994 4888 reserata
3033 4836 3216 4898 latera,
3247 4848 3464 4906 pectora
3509 4837 3731 4907 effossa,

2151 4939 2322 4992 neque
2344 4932 2519 4976 tamen
2539 4938 2603 4976 eo
2629 4925 2864 4976 cruciatu
2887 4922 3118 4980 furorem
3142 4941 3296 4979 suum
3323 4927 3608 4996 explebant
3629 4930 3736 4984 illa:

2148 5014 2405 5084 sanguine
2437 5023 2601 5084 pastae
2651 5015 2873 5080 bellum;
2926 5015 3020 5070 sed
3067 5017 3364 5073 abstractos
3407 5021 3474 5074 ab
3503 5022 3736 5091 cquuleo

2151 5107 2401 5175 subjectis
2449 5107 2769 5162 carbonibus
2813 5107 2866 5161 in
2903 5107 3046 5163 scala
3091 5107 3266 5164 ferrea
3317 5111 3734 5169 extendebant:

2152 5211 2372 5269 tumque
2397 5198 2580 5254 videre
2616 5208 2734 5253 erat
2769 5203 3072 5270 spectacula
3100 5201 3267 5256 multo
3291 5202 3558 5272 prioribus
3583 5221 3744 5261 acer-

2151 5291 2320 5356 biora,
2354 5289 2591 5358 duplices
2635 5299 2813 5360 guttas
2844 5307 2874 5346 e
2919 5291 3233 5360 corporibus
3275 5292 3598 5360 deﬂuentes,
3643 5297 3740 5351 bas

2151 5381 2362 5450 quidem
2395 5381 2645 5435 stillantis
2668 5381 2962 5452 sanguinis,
3013 5381 3130 5438 illas
3175 5391 3354 5439 autem
3398 5387 3640 5440 carnium
3675 5388 3740 5441 ti-

2151 5471 2515 5541 quefaetarum
2551 5489 2564 5524 :
2602 5473 2772 5527 sancti
2813 5489 2941 5529 vero
2979 5483 3247 5545 tamquam
3293 5475 3434 5529 inter
3469 5491 3624 5532 rosas
3659 5477 3742 5548 ja-

2151 5575 2338 5621 ceutes
2364 5566 2416 5620 in
2443 5567 2651 5636 prunis,
2693 5567 2761 5622 ita
2790 5581 2912 5622 cum
2957 5567 3230 5638 voluptate
3269 5585 3388 5640 qua:
3415 5571 3745 5641 gerebantur

2153 5657 2484 5727 Spectabunt.

2223 5771 2238 5801 ³
2275 5769 2436 5830 Savil.,
2461 5767 2722 5834 profundos
2746 5777 2935 5834 agentes
2959 5769 3007 5820 iu
3031 5771 3116 5832 eis,
3135 5779 3184 5822 ut
3205 5771 3272 5824 ita
3301 5773 3474 5837 dicam,
3500 5773 3684 5827 sulcos.
