4080 6198
332 109 436 162 τοι)
1385 187 1391 193 _

400 225 454 280 ἓ.
487 228 551 278 At
577 233 629 278 tu
657 225 782 280 dum
804 226 1001 282 scalam
1021 227 1172 282 audis
1191 226 1440 293 ferream,
1461 227 1751 297 spiritualis
1773 228 1916 284 illius

329 315 492 373 Scala:
520 318 826 385 recordare,
847 336 1004 390 quam
1040 321 1338 391 patriarcha
1363 321 1494 376 vidit
1518 321 1684 377 Jacob
1713 337 1743 378 a
1771 333 1912 378 terra

331 410 382 462 in
415 409 602 462 ctelum
643 421 921 465 extensam
955 428 967 464 :
1008 427 1104 482 per
1143 413 1288 467 illam
1317 414 1490 484 angeli
1518 413 1915 469 descendebant

327 498 481 570 (Gen.
512 498 603 552 28.
641 501 753 568 15),
788 515 885 571 per
927 502 1062 556 hanc
1100 518 1228 558 vero
1273 515 1538 576 martyres
1571 503 1866 560 ascendunt
1897 523 1911 559 :

324 591 540 658 utrique
569 591 817 646 Dominus
849 600 932 646 est
973 593 1205 649 innixus.
1255 595 1371 649 Non
1417 596 1714 665 potuissent
1740 596 1910 651 sancti

325 680 411 734 isti
439 680 654 736 dolores
683 681 941 750 perferre,
973 684 1073 738 nisi
1101 684 1224 740 huic
1251 686 1414 740 innixi
1440 686 1688 740 fuissent.
1715 687 1792 740 Ac
1814 701 1909 756 per

323 773 467 827 illam
510 773 726 843 quidem
775 777 1072 830 ascendunt
1111 787 1167 831 et
1209 777 1540 833 descendunt
1571 778 1784 848 angeli:
1813 794 1910 848 per

323 865 460 918 hane
490 881 617 919 vero
644 867 935 922 ascendere
953 879 1214 941 martyres
1239 872 1406 926 cuivis
1437 872 1774 928 manifestum
1799 883 1904 931 est.

320 956 459 1022 Quid
490 957 598 1010 ita?
630 958 780 1023 Quod
815 959 890 1011 illi
922 961 1136 1029 quidem
1165 963 1216 1015 in
1238 964 1588 1017 ministerium
1615 975 1737 1019 sunt
1757 965 1906 1021 missi

321 1063 530 1114 eorum,
551 1050 640 1119 qui
663 1047 1016 1106 hereditatem
1037 1054 1247 1123 capient
1269 1055 1454 1109 salutis
1473 1055 1656 1128 (Hebr.
1677 1058 1702 1111 ί
1723 1097 1736 1110 .
1774 1056 1860 1127 Μ)
1888 1075 1900 1111 :

323 1138 407 1190 isti
435 1152 560 1192 vero
585 1148 852 1210 tamquam
871 1143 1087 1197 athletae
1101 1153 1258 1213 atque
1279 1145 1508 1200 victores
1528 1148 1906 1203 certaminibus

321 1229 580 1283 absolutis
617 1230 869 1301 deinceps
909 1233 977 1288 ad
1021 1234 1394 1304 agonothetam
1445 1239 1753 1307 pergebant.
1797 1239 1902 1294 V'e-

320 1321 722 1376 rumenimvero
773 1339 842 1378 ne
867 1326 1158 1380 oscitanter
1187 1328 1466 1384 audiamus
1495 1345 1611 1398 qua:
1632 1331 1898 1399 dicuntur,

320 1411 443 1466 dum
487 1414 734 1468 audimus
772 1416 1042 1485 snbjectas
1091 1417 1254 1473 fuisse
1294 1423 1608 1489 corporibus
1658 1423 1902 1478 laceratis

321 1520 536 1571 prunas,
574 1506 670 1560 sed
713 1508 1010 1577 cogitemus
1047 1511 1252 1579 quales,
1283 1513 1368 1566 ubi
1419 1511 1584 1566 febris
1626 1528 1723 1568 nos
1749 1515 1900 1569 inva-

317 1595 467 1657 serit,
501 1597 672 1651 simus
701 1615 714 1650 :
747 1598 909 1651 vitam
935 1599 1090 1654 ttobis
1115 1601 1456 1671 injucun-dam
1477 1609 1531 1658 et
1556 1605 1898 1674 peracerbum

317 1696 582 1754 putamus,
633 1688 1050 1757 lngemiscimus,
1099 1691 1441 1760 impatienter
1478 1692 1722 1762 ferimus,
1765 1705 1898 1751 tam-

312 1792 472 1846 quam
504 1779 708 1846 parvnli
726 1779 955 1835 infantes
981 1781 1339 1852 indignamur,
1363 1786 1537 1855 ignem
1563 1787 1711 1842 illum
1731 1789 1896 1844 nihilo

314 1871 577 1925 mitiorem
600 1873 841 1940 gehenna
864 1885 1114 1944 putamus
1148 1896 1161 1930 :
1189 1890 1244 1930 at
1269 1879 1354 1933 isti
1391 1895 1496 1936 non
1528 1880 1896 1937 febreincnm-

312 1963 490 2028 bente,
533 1963 628 2018 sed
654 1964 868 2019 ﬂamma
898 1967 1020 2021 illos
1044 1967 1280 2038 undique
1331 1970 1629 2039 obsidente,
1661 1987 1725 2028 ac
1747 1975 1891 2029 scin-

312 2054 436 2109 tillis
463 2056 514 2109 in
548 2057 725 2111 ulcera
751 2059 1173 2128 prosilieutibus,
1195 2070 1250 2116 et
1273 2063 1460 2132 quavis
1490 2065 1600 2119 fera
1626 2066 1894 2122 crudelius

309 2150 528 2205 vulnera
564 2151 960 2220 vellicantibus,
998 2156 1218 2224 perinde
1246 2156 1396 2226 quasi
1441 2168 1623 2213 essent
1648 2161 1900 2215 adaman-

310 2243 422 2308 tiui,
457 2254 512 2299 et
540 2245 592 2298 in
618 2245 806 2302 alienis
832 2247 932 2300 ista
971 2249 1288 2318 senioribus
1318 2251 1435 2305 lteri
1474 2263 1777 2318 cernerent,
1819 2256 1890 2309 ita

302 2353 584 2407 generose,
613 2355 675 2394 ac
722 2355 844 2395 cum
870 2356 952 2407 ea,
981 2357 1099 2412 qua:
1128 2343 1248 2399 illos
1289 2344 1536 2411 decebat,
1572 2344 1892 2402 fortitudine

305 2431 355 2482 in
383 2430 737 2486 confessionis
763 2431 941 2487 verbis
979 2435 1415 2492 constantissime
1451 2437 1885 2506 perseverabant,

302 2533 354 2574 et
380 2524 433 2576 in
460 2523 708 2578 erunibus
749 2522 832 2578 his
861 2525 1019 2579 malis
1046 2524 1322 2592 durantes,
1353 2528 1514 2585 simul
1540 2538 1593 2583 et
1619 2530 1784 2583 animi
1805 2531 1886 2584 sui

302 2614 465 2670 robur
494 2616 747 2672 invictum
787 2627 842 2671 et
875 2619 972 2673 Dei
1005 2620 1232 2688 grati-am
1269 2622 1484 2692 egregie
1525 2638 1634 2693 pra:
1662 2637 1720 2679 se
1750 2624 1885 2679 fere-

298 2709 446 2763 bant.
470 2708 627 2778 S:rpe
650 2710 752 2764 sub
777 2725 1026 2766 auroram
1051 2713 1218 2768 solem
1246 2715 1577 2771 exorientem
1599 2715 1806 2772 vidistis
1829 2727 1886 2774 et

296 2801 448 2870 quasi
501 2816 724 2856 croceos
768 2803 948 2859 radios
999 2805 1369 2862 emittentem?
1413 2808 1536 2863 talia
1575 2819 1880 2867 sanctorum

296 2901 454 2946 erant
474 2907 724 2962 corpora,
761 2894 885 2949 dum
925 2897 1087 2951 veluti
1127 2899 1306 2954 crocei
1351 2901 1570 2971 quidam
1604 2902 1738 2958 radii
1781 2905 1881 2960 rivi

295 2984 569 3053 sanguinis
598 2985 833 3055 undique
873 2987 979 3042 illis
1007 2988 1333 3056 dilﬁuerent,
1365 3006 1660 3061 eorumque
1684 3009 1881 3064 corpus

295 3077 484 3140 multo,
505 3091 664 3145 quam
691 3077 884 3132 ca-lum
909 3079 988 3133 sol
1011 3079 1146 3150 ipse,
1171 3081 1504 3149 splendidius
1531 3082 1876 3140 illustrarent.

296 3167 445 3221 Ilunc
489 3167 802 3235 sanguinem
853 3172 1030 3241 angeli
1066 3183 1382 3230 contuentes
1435 3176 1874 3244 oblectabantur;

291 3259 565 3314 d:emones
608 3260 920 3328 horrebant,
956 3271 1010 3317 et
1039 3263 1153 3333 ipse
1183 3265 1426 3320 diabolus
1452 3267 1730 3322 tremebat.
1763 3268 1876 3323 Non

291 3351 434 3404 enim
481 3353 698 3421 sanguis
741 3361 856 3407 erat
899 3353 1232 3423 simpliciter,
1280 3356 1370 3426 qui
1412 3357 1751 3425 cernebatur,
1781 3360 1875 3414 sed

290 3445 506 3515 sanguis
535 3447 810 3510 salutaris,
845 3449 1064 3518 sanguis
1087 3458 1327 3514 sanctus,
1377 3452 1595 3521 sanguis
1635 3453 1772 3507 cattle
1794 3454 1874 3508 di—

289 3555 446 3606 gnus,
476 3541 696 3610 sanguis
742 3541 830 3610 qui
862 3541 1112 3612 pulchras
1150 3541 1404 3598 Ecclesia:
1433 3545 1655 3600 arbores
1677 3547 1874 3617 iugiter

291 3632 494 3701 irrigat.
525 3631 668 3686 Vidit
697 3633 840 3688 hunc
867 3635 1204 3705 sanguinem,
1253 3635 1566 3707 horruitque
1593 3638 1870 3706 diabolus;

290 3724 604 3778 recordatus
647 3734 732 3780 est
770 3725 966 3796 quippe
996 3726 1218 3782 alterius
1260 3729 1534 3798 sanguinis
1572 3729 1868 3797 Dominici;

237 3831 242 3838 ’
291 3825 510 3884 propter
551 3815 698 3870 illum
742 3818 1056 3886 sanguinem
1097 3818 1183 3875 hic
1207 3819 1412 3875 efﬂuxit
1442 3838 1463 3873 ι
1493 3837 1561 3877 ex
1594 3838 1700 3891 quo
1729 3824 1870 3879 enim

293 3907 498 3960 [lumini
527 3907 670 3962 latus
701 3917 944 3977 apertum
972 3919 1075 3974 est,
1100 3918 1354 3966 sexcenta
1384 3911 1577 3968 deinde
1605 3913 1773 3968 latera
1796 3915 1871 3969 ef-

288 3999 427 4052 fossa
456 4001 748 4055 conlueris.
790 4002 920 4068 Quis
957 4003 1100 4058 enim
1147 4020 1252 4058 non
1284 4020 1403 4059 cum
1429 4005 1624 4075 gaudio
1653 4021 1775 4061 sese
1804 4007 1870 4062 ad

286 4105 488 4158 agones
513 4091 644 4144 istos
671 4092 930 4147 iucundos
957 4089 1253 4148 Dominicis
1267 4095 1604 4164 passionibus
1626 4113 1868 4154 comnm-

286 4182 580 4246 uicatnrus,
605 4192 659 4237 et
685 4183 882 4239 Christi
913 4185 1069 4238 morti
1110 4187 1400 4242 conformis
1439 4188 1649 4246 futurus
1687 4194 1868 4246 accin-

282 4273 407 4341 get?
437 4273 534 4328 Est
573 4276 712 4328 enim
753 4275 1024 4330 sufficiens
1064 4277 1179 4332 haec
1205 4278 1518 4349 retributio,
1565 4291 1618 4338 et
1645 4285 1869 4354 amplior

287 4381 514 4430 merces,
561 4376 613 4418 et
655 4368 949 4421 certamina
993 4369 1257 4424 excedens
1299 4373 1596 4440 pranttium,
1637 4377 1715 4430 vel
1749 4387 1870 4434 atate

284 4457 585 4523 ingressum
619 4455 674 4507 in
696 4472 914 4526 regnum
949 4459 1222 4513 ca-lorum.
1255 4461 1335 4518 Nc
1357 4463 1510 4532 igitur
1533 4464 1865 4532 horreamus,

280 4547 406 4599 dum
440 4546 578 4600 hunc
603 4549 682 4601 vel
714 4549 858 4602 illum
881 4565 1091 4618 passum
1120 4569 1241 4608 esse
1269 4557 1584 4626 martyrium
1603 4559 1864 4626 audimus;

279 4638 373 4690 sed
402 4637 736 4705 horreamus,
762 4640 884 4693 dum
923 4641 1172 4697 audimus
1196 4641 1340 4700 hunc
1375 4647 1458 4700 vel
1489 4649 1633 4702 illtmt
1656 4651 1866 4705 emolli-

279 4732 414 4788 tum,
453 4738 518 4777 ac
566 4732 643 4778 tot
686 4724 948 4795 tantisque
994 4729 1342 4784 certaminum
1389 4733 1622 4800 prtetttiis
1661 4734 1867 4804 lapsum

275 4830 415 4868 esse.

351 4906 479 4972 Qua:
499 4907 707 4975 praemia
739 4918 982 4978 martyres
1019 4921 1273 4966 maneant.
1310 4911 1581 4983 Compara!
1614 4916 1865 4989 Martyres

277 5013 389 5050 cum
416 4999 642 5052 athletis.
662 5001 896 5067 —Quod
929 5003 970 5056 si
1002 5004 1209 5071 placeat
1235 5021 1317 5069 ea,
1341 5024 1458 5074 qua:
1481 5019 1598 5076 post
1627 5011 1758 5066 hanc
1786 5014 1864 5065 vi-

279 5100 383 5143 tam
408 5102 724 5160 sequuntur,
745 5094 927 5149 audire
951 5114 967 5152 :
990 5096 1134 5149 nulla
1163 5113 1226 5151 ca
1253 5100 1466 5167 quidem
1499 5115 1718 5171 possunt
1742 5122 1865 5161 ora-

286 5183 440 5241 tione.
458 5183 722 5239 declarari
747 5204 761 5240 :
787 5186 966 5258 Neque
993 5190 1134 5245 enim
1169 5192 1342 5245 oculos
1370 5194 1513 5261 uidit,
1557 5197 1746 5266 inquit,
1775 5215 1866 5252 mt-

273 5292 366 5339 que
405 5279 544 5330 auris
585 5280 797 5343 audivit,
845 5298 1000 5351 neque
1041 5284 1091 5336 in
1129 5301 1215 5336 cor
1249 5286 1464 5340 hominis
1513 5290 1869 5357 ascenderunt,

273 5385 384 5435 qua
419 5375 722 5441 purpureai!
755 5373 889 5428 Dens
918 5377 978 5428 iis
999 5377 1086 5446 qui
1106 5378 1320 5449 diligunt
1356 5381 1496 5433 illum
1528 5383 1546 5453 (
1575 5383 1620 5435 Ι.
1665 5383 1781 5438 Cor.
1810 5386 1863 5438 2.

273 5465 364 5522 9):
413 5465 588 5518 nullus
618 5480 774 5532 porro
804 5484 864 5520 ex
901 5466 1203 5523 hominibus
1229 5471 1361 5524 adeo
1396 5472 1556 5526 lleutn
1579 5474 1766 5527 dilexit
1805 5491 1866 5530 ac

273 5566 556 5625 martyres.
604 5558 978 5618 Verumtamen
1010 5579 1113 5620 non
1144 5563 1283 5635 quod
1317 5580 1527 5621 omnem
1570 5567 1860 5623 orationem

1493 111 1579 167 DE
1618 111 1900 168 SAXCTIS
1939 108 2129 165 MART
2143 107 2173 163 Υ
2188 109 2406 166 ltlBUS.

3509 134 3611 187 710

2027 236 2364 298 mentemque
2406 242 2689 300 exsuperet
2717 246 3067 305 reposnormn
3111 241 3367 299 bonorum
3410 253 3613 319 magni-

2027 317 2176 381 tudo,
2214 319 2334 374 ideo
2385 321 2675 388 silebimus,
2715 326 2808 380 sed
2847 339 3100 396 quantum
3142 333 3298 388 situm
3351 337 3402 391 in
3459 317 3611 396 nobis

2023 408 2125 461 erit
2156 409 2357 476 dicere,
2390 422 2442 465 et
2487 413 2538 466 itt
2570 414 2716 468 vobis
2760 417 2964 484 audire,
3005 423 3314 479 conabimur
3336 427 3482 482 vobis
3509 431 3607 485 ob.

2022 514 2179 553 scure
2204 499 2591 570 demonstrare,
2622 516 2816 574 quanta
2846 509 2962 563 illos
2993 509 3062 564 ibi
3103 513 3335 585 excipiat
3384 517 3607 572 beatitn.

2019 587 2090 642 do
2117 606 2131 643 :
2158 591 2296 645 hanc
2333 593 2476 647 enim
2514 594 2586 647 illi
2631 597 2731 650 soli
2771 599 3046 655 evidenter
3085 615 3366 673 noverunt,
3410 609 3500 678 qui
3543 626 3606 666 ea

2023 681 2197 750 reipsa
2217 683 2578 752 perfruuntur.
2602 688 2887 746 Enimvero
2914 693 3198 764 perexiguo
3227 697 3440 768 quidem
3469 711 3605 756 tent-

2018 773 2162 840 poris
2205 787 2478 831 momento
2518 789 2780 851 martyres
2821 785 3001 853 gravia
3049 786 3147 841 ista
3187 798 3242 844 et
3270 789 3604 849 intoleranda

2019 864 2292 934 patiuntur
2323 885 2336 921 :
2374 878 2651 939 postquam
2682 881 2858 928 autem
2904 875 3027 932 hinc
3051 881 3397 947 excesserint,
3421 884 3472 938 in
3500 900 3604 940 ca:-

2013 952 2094 1008 los
2117 955 2411 1011 ascendunt
2438 960 2642 1029 angelis
2665 962 2809 1031 ipsos
2837 967 3280 1042 praecedentibus,
3303 983 3353 1027 et
3376 974 3604 1031 archan-

2013 1047 2144 1114 gelis
2164 1049 2451 1103 satellitum
2475 1067 2622 1106 more
2652 1056 3004 1123 stipantibus:
3031 1075 3132 1114 non
3154 1066 3295 1117 enim
3329 1066 3487 1133 pudet
3506 1083 3601 1124 eos

2014 1141 2293 1196 conservis
2319 1141 2489 1197 oflicia
2514 1155 2787 1214 praestare,
2807 1150 2899 1204 sed
2921 1154 3123 1220 qumvis
3148 1158 3317 1224 parati
3340 1169 3462 1213 sunt
3483 1161 3600 1215 illo-

2011 1244 2128 1285 rum
2153 1246 2311 1286 cansa
2337 1235 2532 1315 facere.
2564 1239 2776 1307 quando
2803 1240 2875 1294 illi
2904 1244 3102 1310 quaevis
3128 1261 3222 1315 pro
3248 1248 3474 1304 Domino
3500 1267 3598 1305 suo

2008 1321 2222 1376 Christo
2253 1339 2358 1378 non
2390 1314 2698 1382 dubitarunt
2752 1331 3006 1399 perferre.
3057 1314 3247 1393 Postea
3289 1355 3414 1395 vero
3440 1358 3597 1412 quant

2008 1415 2066 1468 in
2089 1415 2248 1471 cmlus
2276 1419 2632 1484 ascenderint,
2673 1433 2870 1478 sanctzc
2890 1441 3075 1482 omnes
3101 1429 3202 1485 illa:
3231 1433 3453 1489 virtutes
3472 1451 3599 1489 con-

2007 1518 2248 1562 currunt.
2279 1511 2331 1566 Si
2355 1513 2496 1566 enim
2524 1517 2818 1586 peregrinis
2850 1519 3064 1574 athletis
3089 1521 3142 1577 in
3173 1526 3360 1581 urbem
3395 1528 3597 1583 adven-

2011 1603 2242 1657 tantilms
2271 1605 2498 1674 populus
2528 1608 2703 1662 omnis
2733 1611 2956 1666 confluit
2987 1615 3238 1687 nudique.
3265 1633 3466 1691 eosque
3491 1623 3595 1677 cir-

2007 1693 2395 1749 cnmvallantes
2452 1707 2627 1766 aptam
2676 1702 3035 1758 tnctnbrorunt
3090 1707 3490 1778 dispositionem
3538 1717 3589 1769 in

2010 1781 2116 1836 illis
2165 1788 2640 1858 contemplantnr:
2689 1794 2856 1848 multo
2907 1799 3102 1868 magis,
3156 1817 3277 1856 cum
3320 1805 3592 1875 religionis

2009 1873 2222 1930 athleta:
2271 1879 2322 1932 in
2378 1881 2538 1956 cados
2579 1886 2955 1954 ascenderint,
3005 1904 3328 1950 concurrunt
3377 1873 3586 1968 angeli,

2007 1980 2302 2038 omnesque
2327 1973 2560 2044 undique
2587 1977 2863 2033 conﬂuunt
2879 1995 3122 2051 supernae
3147 1986 3385 2054 virtutes,
3402 2007 3588 2063 etynnt

1999 2060 2338 2118 considerant
2364 2067 2602 2133 vulnera,
2640 2080 2695 2125 et
2742 2080 3008 2143 tamquam
3049 2076 3280 2134 victores
3305 2060 3584 2154 quosdam,

1997 2166 2030 2205 e
2052 2152 2194 2207 bello
2218 2169 2281 2209 ac
2312 2159 2508 2226 proeliis
2533 2171 2882 2230 revertentes,
2919 2167 3101 2223 multis
3147 2173 3362 2241 tropaeis
3409 2190 3473 2229 ac
3501 2152 3583 2230 vi;

1995 2244 2176 2300 etet-iis
2201 2248 2385 2316 partis,
2431 2264 2554 2304 cum
2584 2253 2858 2324 voluptate
2895 2259 3168 2328 excipiunt
3209 2278 3302 2318 eos
3323 2281 3512 2321 omnes
3534 2279 3586 2326 ct

1994 2338 2386 2407 amplexantur,
2415 2357 2477 2397 ac
2504 2343 2700 2401 deinde
2726 2348 2894 2403 multo
2916 2353 3166 2407 satellitio
3196 2357 3586 2428 circumseptus

1994 2429 2061 2484 ad
2105 2431 2304 2502 Regem
2335 2436 2608 2504 caelorum,
2641 2438 2706 2495 ad
2752 2441 2898 2498 illum
2946 2445 3194 2501 thronum
3231 2450 3390 2504 multa
3419 2456 3584 2522 gloria

1993 2521 2378 2613 redundantem
2405 2571 2419 2594 ,
2466 2529 2556 2584 ubi
2600 2531 2892 2589 Cherubim
2941 2547 2994 2592 et
3033 2539 3312 2612 Seraphim
3350 2521 3582 2613 adstant,

1992 2611 2281 2670 deducunt.
2330 2618 2464 2673 Cum
2504 2636 2632 2676 vero
2672 2623 2798 2679 illnc
2846 2611 3180 2695 advenerim,
3223 2647 3452 2705 cumque
3491 2611 3582 2708 qui

1995 2706 2187 2760 tbrmm
2209 2709 2402 2766 insidet
2427 2712 2784 2783 adoraverint,
2808 2719 2976 2773 multo
2993 2721 3202 2792 majori,
3222 2739 3380 2793 quam
3403 2741 3433 2781 a
3451 2706 3582 2783 con-

1989 2799 2177 2864 servis,
2203 2815 2232 2853 a
2258 2800 2482 2858 Domino
2499 2804 2836 2875 excipiuntur
2864 2809 3230 2868 benevolentia
3260 2831 3274 2869 :
3307 2831 3413 2872 non
3435 2819 3578 2875 enim

1989 2896 2046 2940 nt
2079 2904 2264 2944 servos
2293 2906 2386 2947 eos
2412 2895 2607 2965 excipit
2637 2896 2982 2968 (quamquam
3011 2911 3066 2957 et
3093 2905 3355 2962 maximus
3381 2907 3468 2963 hic
3497 2921 3578 2966 est

1986 2979 2188 3046 honor,
2213 2984 2402 3054 cuique
2429 3000 2534 3041 non
2564 2989 2733 3057 possit
2756 2985 2974 3061 tequalis
3009 2995 3288 3067 reperiri),
3319 2998 3410 3054 sed
3441 3009 3575 3055 tam-

1985 3087 2147 3141 quam
2171 3074 2372 3130 amicos
2403 3091 2548 3132 suos.
2599 3077 2700 3133 Vos
2724 3081 2875 3148 enim,
2932 3085 3118 3154 inquit,
3168 3089 3318 3142 amici
3343 3091 3442 3144 mei
3460 3094 3578 3148 estis

1986 3156 2270 3233 (16011.15.
2297 3166 2422 3236 l4);
2453 3183 2516 3224 ac
2546 3171 2736 3225 merito
2761 3187 2892 3230 sane
2923 3193 2938 3229 :
2968 3177 3230 3245 siquidem
3252 3179 3364 3250 ipse
3393 3198 3576 3237 rursus

1982 3253 2156 3308 dixit:
2187 3253 2440 3326 Majorcm
2490 3260 2585 3314 huc
2625 3277 2771 3316 nemo
2808 3264 2956 3319 habet
2993 3266 3329 3337 dilectionem,
3371 3282 3429 3325 ιιι
3461 3276 3575 3326 ιιιιὶ-

1982 3360 2114 3397 mant
2141 3359 2286 3400 suam
2305 3358 2459 3418 ponat
2475 3352 2587 3420 quis
2608 3369 2702 3422 pro
2723 3355 2898 3410 amicis
2915 3358 3020 3410 suis
3055 3356 3214 3429 (Ibid.
3243 3361 3352 3429 l5).
3390 3365 3573 3432 Quan-

1980 3434 2054 3489 do
2101 3435 2262 3507 igitur
2311 3441 2598 3496 maximam
2644 3444 2740 3512 ipsi
2802 3447 3077 3502 caritatem
3117 3449 3571 3523 demonstrarunt,

1983 3527 2112 3582 istos
2156 3529 2354 3600 excipit
2403 3531 2712 3598 honoriﬁce,
2755 3545 2912 3606 atque
2954 3538 3041 3593 illa
3079 3541 3242 3608 gloria
3285 3544 3570 3610 perfruun-

1982 3629 2066 3672 tur
2095 3630 2148 3683 I;
2181 3622 2470 3693 participes
2515 3624 2647 3678 linat
2676 3626 2960 3682 chororum
3001 3639 3055 3684 et
3078 3632 3299 3688 canticis
3332 3637 3569 3706 mysticis

1978 3703 2394 3767 communicant.
2431 3712 2486 3769 Si
2510 3714 2652 3769 enim
2672 3729 2793 3772 cum
2823 3730 3005 3774 essent
3032 3720 3086 3776 in
3114 3736 3356 3793 corpore,
3379 3703 3569 3783 secun-

1977 3801 2103 3857 dum
2157 3806 2535 3874 mysteriorum
2575 3811 3006 3867 communionem
3051 3815 3102 3868 in
3150 3815 3297 3871 illum
3341 3819 3564 3875 chorum

1977 3892 2490 3961 admittebantur,ut
2516 3912 2637 3952 cum
2669 3899 2801 3968 ipsis
2825 3898 3112 3958 Cherubim
3150 3907 3440 3975 psallerent
3465 3909 3565 3982 by-

1977 3999 2158 4038 mnum
2186 3993 2268 4039 ter
2293 3994 2536 4041 sanctum
2592 3986 2746 4058 (Isai.
2777 3991 2828 4047 6.
2861 3991 2946 4063 5),
2977 4003 3034 4048 ut
3065 4009 3156 4050 vos
3182 3997 3346 4066 probe
3374 4003 3562 4067 nostis,

1981 4073 2071 4142 qui
2102 4073 2371 4145 mysteriis
2421 4076 2613 4130 initiati
2663 4079 2836 4147 estis;
2878 4081 3047 4137 multo
3089 4087 3259 4156 magis
3288 4105 3428 4143 nunc
3459 4091 3564 4146 illis

1976 4162 2270 4232 conjuncti,
2301 4179 2424 4219 cum
2449 4166 2642 4236 quibus
2670 4166 2866 4225 choros
2905 4172 3030 4226 olim
3061 4174 3347 4244 ducebant,
3397 4182 3562 4238 multa

1976 4265 2096 4306 cum
2128 4253 2322 4308 ﬁducia
2353 4255 2641 4312 laudationl
2669 4259 2744 4313 illi
2785 4264 3199 4320 communicant.
3247 4269 3438 4326 Annon
3468 4287 3562 4328 an-

1979 4344 2133 4398 tehac
2186 4345 2502 4416 martyrium
2554 4347 2890 4407 horrebatis?
2943 4369 3122 4410 annon
3171 4361 3413 4432 martyrii
3465 4379 3562 4421 vos

1978 4449 2122 4489 nunc
2177 4435 2503 4492 desiderium
2546 4439 2720 4508 capit?
2774 4445 3032 4514 numquid
3072 4462 3179 4502 non
3219 4446 3413 4506 doletis
3450 4454 3561 4524 jam

1975 4525 2214 4595 martyrii
2245 4533 2460 4596 tempus
2489 4543 2595 4582 non
2623 4528 2853 4587 adesse?
2879 4533 3074 4588 Verum
3103 4553 3447 4596 exerceamus
3463 4558 3561 4598 nos

1972 4617 2040 4670 ad
2069 4628 2277 4687 tempus
2303 4623 2544 4691 martyrii
2574 4639 2588 4675 :
2617 4633 3058 4696 contempserunt
3109 4631 3184 4685 illi
3215 4633 3396 4700 vitam,
3431 4652 3560 4692 cen-

1977 4719 2153 4767 tenme
2185 4723 2239 4768 tu
2266 4713 2488 4771 delicias
2513 4732 2527 4770 :
2558 4717 2902 4788 proiecerunt
2929 4721 3002 4776 illi
3027 4737 3253 4793 corpora
3282 4726 3333 4780 in
3361 4727 3559 4798 ignem,

1977 4804 2176 4873 projice
2222 4814 2276 4859 tu
2307 4808 2560 4876 pecunias
2589 4824 2731 4866 nunc
2763 4811 2814 4865 in
2845 4827 3136 4885 pauperum
3169 4833 3358 4875 manus
3391 4840 3404 4875 :
3437 4838 3561 4891 pru-

1975 4909 2071 4948 nas
2095 4895 2172 4950 illi
2197 4896 2492 4963 calcarunt,
2543 4909 2596 4954 tu
2629 4901 2932 4972 cupiditatis
2961 4905 3228 4963 ﬂammam
3257 4912 3560 4982 exstingue.

1976 4992 2265 5049 Laboriosa
2291 5004 2416 5050 sunt
2447 4996 2543 5052 ista
2565 5007 2618 5052 et
2641 4997 2899 5067 difﬁcilia,
2934 5002 3030 5057 sed
3060 5011 3239 5061 tamen
3271 5007 3416 5060 utilia
3446 5009 3562 5062 val"

1973 5084 2062 5139 de.
2088 5083 2170 5140 No
2206 5100 2268 5140 ea
2301 5101 2422 5156 qua:
2459 5091 2740 5158 praesentia
2779 5101 2908 5148 sunt
2943 5095 3134 5150 acerba
3176 5108 3420 5167 spectes,
3468 5101 3560 5154 sed

1974 5193 2092 5247 qua:
2117 5177 2351 5250 jucunda
2393 5180 2603 5236 futura:
2637 5198 2743 5239 non
2771 5200 2891 5256 qua
2919 5187 2973 5242 in
3005 5190 3250 5244 manibus
3280 5191 3440 5259 mala,
3465 5192 3557 5246 sed

1973 5288 2093 5341 qua:
2141 5272 2193 5326 in
2227 5287 2322 5342 spe
2346 5273 2483 5328 bona
2515 5291 2528 5329 :
2561 5292 2666 5330 non
2692 5294 2982 5347 mrumnas,
3024 5282 3116 5336 scd
3156 5283 3373 5352 praemia
3402 5300 3417 5337 :
3451 5299 3557 5341 non

1976 5363 2205 5428 labores,
2244 5363 2337 5419 sed
2365 5379 2593 5421 coronas
2626 5385 2638 5421 :
2672 5385 2778 5422 non
2827 5370 3073 5435 sudores,
3115 5373 3206 5426 sed
3238 5372 3515 5432 mercedes
3545 5395 3556 5431 :

2039 5518 2052 5548 ¹
2085 5523 2129 5595 tn
2151 5516 2298 5595 savii;
2315 5519 2387 5595 sic
2399 5519 2604 5595 legum,
2622 5522 2733 5572 istos
2754 5523 2934 5595 ca'riptt
2959 5530 3007 5574 ιιι
3027 5523 3383 5589 dilcrtissimos;
3401 5535 3444 5579 ει
3465 5531 3567 5595 ςιο.

1975 5578 2048 5628 riu
2077 5578 2161 5627 illa
2181 5581 2241 5637 im
2256 5581 2405 5642 [metu
2431 5578 2765 5645 perfruuntur;
2787 5578 2934 5636 bene.
