4080 6198
443 167 530 224 7H
1159 167 1215 222 S.
1253 165 1529 222 JOANNIS
1565 163 2035 222 CliliYSOSTOMt
2071 164 2391 222 ARCﬂlEP.
2431 117 2962 226 CONSTANTINOP:

436 300 542 343 non
572 281 912 347 acerbitates,
959 282 1052 338 sed
1081 282 1456 336 retributiones
1488 298 1500 332 :
1527 295 1631 334 non
1655 281 1828 349 ignem
1853 295 2014 333 uren-

393 441 400 454 ι
437 386 565 434 tein.
599 375 692 430 sed
715 375 1043 446 prepositum
1068 389 1289 444 regnum
1321 391 1334 428 :
1365 388 1466 427 non
1489 373 1769 426 carnifices
1789 371 2017 426 circum-

435 477 658 527 stantes.
688 466 781 520 scd
815 465 1081 520 Christum
1112 472 1480 518 coronantem.

507 559 558 614 3.
604 559 717 624 Qua
749 559 944 612 ratione
968 556 1034 609 ad
1061 556 1286 609 t'irtutmt
1321 556 1550 624 expedite
1572 553 1818 622 possimus
1845 567 2012 622 perue—

435 654 566 707 nire.
593 682 666 693 —
686 652 810 706 Haec
844 650 1088 719 expedita
1126 649 1356 703 maxime
1395 649 1529 701 ratio
1556 663 1619 700 ae
1649 648 1734 700 via
1762 646 1828 700 ad
1855 645 2020 699 virtu:

435 755 541 800 teut
589 745 858 808 facillima,
897 759 1002 797 non
1053 741 1264 796 labores
1315 750 1516 795 tantum
1577 740 1790 806 intueri,
1828 738 1920 792 scd
1963 746 2017 791 ct

438 837 655 906 prmmia
681 850 800 889 cum
827 834 1117 897 laboribus,
1149 847 1322 902 neque
1345 833 1454 902 ipsa
1478 840 1678 886 tantum
1707 830 2013 900 separatim.

432 927 565 983 Cum
590 927 746 996 igitur
775 926 1173 996 cleemosynam
1200 941 1259 980 es
1305 924 1690 994 impcrtiturus,
1717 923 1823 976 noli
1852 937 2015 993 pecn-

434 1020 536 1072 nize
575 1018 869 1084 impensam
911 1016 1224 1081 attendere,
1266 1015 1358 1070 sed
1399 1016 1617 1086 jnstitiae
1656 1015 2016 1068 coacervatio-

435 1127 580 1170 nem.
619 1109 884 1179 Dispersit,
931 1109 1068 1163 dedit
1095 1107 1400 1179 pauperibus
1432 1123 1450 1161 .'
1481 1107 1683 1176 justitia
1712 1106 1819 1177 ejus
1848 1115 2013 1157 manet

432 1205 484 1259 in
513 1203 751 1257 arculum
772 1202 943 1256 sa'culi
971 1204 987 1269 (
1015 1199 1160 1253 I’sal.
1189 1199 1310 1253 111.
1344 1197 1415 1270 9)
1450 1215 1463 1252 :
1490 1215 1556 1251 ne
1581 1197 1834 1264 reSpicias
1861 1210 2013 1264 opes,

433 1310 551 1362 qme
582 1292 990 1354 exhauriuntur,
1045 1288 1136 1343 sed
1167 1289 1368 1357 ittSpicc
1401 1286 1704 1340 thesaurum
1736 1285 1822 1355 qui
1849 1299 2016 1354 auge—

433 1393 542 1442 tur.
563 1383 618 1438 Si
646 1381 878 1451 jejuncs,
907 1397 1013 1435 non
1045 1381 1324 1435 carnis.-cx
1360 1377 1564 1448 jejunio
1604 1376 2016 1430 macerationem

435 1475 748 1538 considera,
786 1474 879 1528 sed
929 1472 1335 1536 rclaxationctn,
1379 1486 1536 1540 qttatn
1567 1485 1631 1524 ex
1664 1470 1749 1522 illa
1778 1484 2016 1522 macera-

435 1568 580 1626 tione
637 1563 1004 1633 consequeris.
1059 1563 1113 1618 Si
1162 1571 1371 1618 noctem
1422 1560 1718 1615 insomnem
1775 1559 2020 1614 traducas

435 1655 661 1721 ιηίιηιίο,
691 1670 796 1709 non
830 1654 1130 1708 molestiam
1176 1668 1244 1707 cx
1271 1651 1466 1720 vigilia,
1489 1650 1583 1706 sed
1605 1665 1760 1719 quam
1791 1650 2020 1719 acquiris

431 1748 769 1810 exoratione
801 1746 1046 1800 fiduciam
1100 1745 1386 1814 perpende.
1441 1743 1513 1797 lta
1565 1758 1776 1812 quoque
1827 1743 2020 1796 milites

433 1839 630 1896 faciunt
662 1856 681 1898 ε,
711 1853 817 1893 non
847 1837 1067 1892 vulnera
1121 1837 1412 1900 intttentur,
1455 1834 1548 1888 sed
1595 1835 1809 1903 pra‘ntia
1861 1851 1874 1887 :
1914 1849 2020 1889 non

431 1930 627 1996 caedes,
660 1929 753 1984 sed
777 1929 1027 1983 victorias
1061 1945 1074 1980 :
1110 1942 1214 1982 non
1247 1936 1484 1981 mortuos
1513 1926 1785 1993 cadentes,
1814 1927 1906 1981 sed
1931 1942 2021 1981 co-

434 2032 652 2079 ronatos
678 2021 925 2076 victores.
959 2019 1048 2074 Sic
1077 2029 1130 2075 et
1159 2019 1546 2089 gubernatores
1573 2027 1696 2073 ante
1729 2028 2018 2088 tempesta-

435 2123 516 2169 tes
547 2126 734 2184 portus
772 2113 1083 2183 respiciunt,
1127 2121 1254 2167 ante
1293 2112 1562 2180 naufragia
1604 2111 2017 2181 negotiationes;

433 2215 558 2261 ante
589 2205 923 2263 incommoda
964 2204 1312 2274 navigationis
1345 2219 1464 2273 qua:
1501 2218 1568 2258 ex
1610 2203 1873 2258 maritima
1903 2218 2024 2272 per-

433 2298 764 2367 qrinatione
807 2297 950 2356 lucra
981 2297 1357 2364 deccrpnntnr.
1392 2295 1463 2349 lta
1487 2295 1572 2354 (ac
1601 2305 1654 2350 ιιι
1679 2309 2023 2366 «ιυοίμιοεεο.

431 2393 539 2462 gita
567 2401 826 2456 quantum,
840 2391 910 2446 sit
931 2389 1082 2452 illud,
1106 2392 1269 2444 multa
1296 2399 1451 2443 nocte
1467 2388 1858 2444 dormientibus
1880 2403 2020 2442 mor-

433 2466 628 2545 talibus
652 2483 921 2548 omnibus,
962 2481 1089 2537 feris
1115 2496 1176 2534 ac
1193 2481 1447 2550 jnmeutis
1474 2481 1524 2534 in
1548 2479 1798 2534 altissima
1821 2479 2018 2549 quiete,

431 2577 604 2632 solum
636 2587 686 2631 te
715 2573 1142 2644 expergefactum
1173 2588 1294 2627 cum
1334 2572 1604 2626 communi
1633 2571 1870 2624 omnium
1920 2571 2024 2624 Do-

429 2669 582 2733 mino
601 2668 771 2724 libere
796 2667 1060 2738 colloquia
1089 2665 1342 2721 miscere.
1371 2665 1547 2720 Dulcis
1569 2675 1651 2720 est
1680 2665 1931 2719 somnus?
1956 2667 2022 2719 At

429 2760 564 2823 nihil
586 2758 798 2818 dulcius
828 2758 1070 2812 oratione
1100 2758 1140 2810 ¹.
1175 2757 1228 2813 Si
1255 2757 1401 2812 solus
1427 2772 1547 2812 cum
1572 2757 1686 2810 solo
1711 2755 2020 2824 colloquens

431 2852 520 2914 diu
557 2851 794 2923 potueris
837 2849 1128 2920 perdurare
1183 2847 1330 2902 nullo
1378 2847 1742 2916 obstrepente,
1789 2847 1934 2900 nullo
1966 2854 2021 2902 te

435 2943 833 3012 interpellante,
876 2951 1035 3011 atque
1062 2940 1131 2998 ab
1158 2940 1401 2995 oratione
1441 2948 1741 3002 revocante,
1775 2938 1939 2994 habes
1963 2949 2019 2994 et

431 3044 646 3103 tempus
679 3031 1087 3102 suffragatorem
1129 3031 1195 3086 ad
1243 3031 1292 3085 id
1334 3030 1474 3101 quod
1535 3030 1740 3099 expetis
1774 3030 2019 3084 obtinen-

436 3127 588 3188 dum.
616 3123 814 3180 Verum
843 3124 894 3183 in
943 3123 1088 3180 molli
1124 3131 1293 3178 strato
1326 3115 1684 3186 decumbens,
1722 3123 1774 3176 in
1802 3121 1938 3177 hanc
1963 3128 2018 3176 et

437 3217 490 3273 itt
519 3216 664 3270 illam
708 3224 914 3286 partem
942 3214 1192 3280 verteris,
1233 3229 1295 3268 ac.
1322 3228 1542 3283 surgere
1573 3213 1872 3282 pigritaris?
1913 3211 2018 3268 Vc-

436 3307 588 3370 niant
610 3306 703 3364 tibi
729 3307 779 3359 itt
813 3317 1042 3359 mentem
1077 3305 1172 3368 illi,
1192 3305 1284 3374 qui
1314 3304 1363 3358 in
1387 3304 1640 3358 craticuL't
1669 3303 1838 3359 ferrea
1873 3303 2020 3374 jacov

439 3398 569 3456 bant
597 3395 756 3454 hodie
784 3405 1068 3466 martyres,
1103 3411 1208 3452 non
1233 3395 1673 3465 subjectocubili,
1706 3394 1801 3451 sed
1833 3395 2020 3465 prunis

433 3488 738 3551 substratis.

507 3580 794 3652 Martyrum
813 3579 1066 3650 supplicia
1092 3580 1373 3635 recolendu.
1403 3610 1470 3620 —
1499 3581 1722 3650 llicego
1751 3581 1905 3635 finem
1936 3582 2019 3636 di-

434 3673 589 3733 cendi
618 3671 794 3728 facere
823 3671 1017 3737 statui,
1044 3681 1104 3726 ut
1129 3687 1227 3726 vos
1255 3672 1525 3727 craticula:
1554 3674 1813 3744 vigentem
1844 3672 2017 3728 adhuc

500 3787 515 3818 ¹
551 3784 689 3836 savll.
710 3793 761 3836 et
784 3792 922 3848 ncg.,
946 3783 1159 3835 oratione
1179 3781 1415 3848 ﬁduciam
1439 3783 1657 3836 habente.

444 3991 1222 4026 wgmu_;
1243 3994 1284 4014 ξ.
1303 4008 1390 4013 .-.--
1411 4007 1462 4011 -λ..
1481 4008 1492 4010 -
1513 4005 1520 4010 .
1536 3991 1862 4011 -,η.-,..;..-....-’
1885 4005 1920 4009 .-Α
1943 4005 1992 4010 -..

539 4006 872 4018 ...σή-...ω

3603 175 3715 228 Ἠῦ

2123 288 2177 335 ct
2201 289 2470 335 recentem
2502 279 2755 336 habentes
2797 281 3109 336 memoriam
3150 271 3481 352 abscedatis,
3507 293 3561 340 et
3589 285 3710 353 ejus

2125 378 2282 424 noctu
2312 378 2470 440 atque
2493 371 2720 426 interdiu
2749 373 3096 426 recordemini
3116 388 3130 426 :
3150 372 3274 428 licet
3295 375 3435 428 enim
3448 389 3712 432 sexcenta

2125 463 2330 518 vincula
2361 479 2458 518 uos
2486 464 2816 530 devinciant,
2851 475 3024 520 tamen
3058 464 3212 521 facile
3241 476 3432 523 cuncta
3471 470 3703 526 disrum.

2124 571 2250 626 pere
2280 557 2572 626 poterimus
2595 597 2610 622 ,
2639 567 2798 626 atque
2826 557 2890 610 ad
2913 557 3170 611 orandum
3198 573 3550 630 consurgere,
3574 563 3707 617 dum

2123 647 2432 703 craticulam
2463 662 2674 717 semper
2700 663 2974 702 versamus
3018 649 3218 702 animo.
3249 648 3366 704 Non
3394 653 3708 705 craticulam

2123 740 2519 801 autetnisolum,
2549 739 2640 792 sed
2671 747 2724 793 et
2759 739 2859 794 alia
2905 750 3197 812 martyrum
3240 750 3503 797 tormenta
3544 759 3710 812 super

2124 830 2300 884 cordis
2350 831 2519 886 nostri
2559 830 2889 885 latitudinem
2931 831 3315 888 describamus.
3346 834 3703 900 Quemadmo-

2123 920 2248 975 dum
2278 921 2368 990 qui
2397 936 2521 976 suas
2546 921 2689 977 mdes
2727 922 3084 991 clegantiores
3109 924 3372 990 reddunt,
3403 925 3588 980 florida
3613 942 3709 982 eas

2127 1014 2328 1082 pictura
2355 1014 2586 1084 undique
2601 1023 2863 1069 exornant
2891 1032 2904 1068 :
2937 1016 3012 1070 sic
3033 1025 3085 1070 et
3106 1031 3203 1070 nos
3224 1017 3276 1070 in
3299 1020 3488 1072 mentis
3509 1029 3709 1074 nostra

2124 1104 2421 1174 parietibus
2444 1105 2711 1160 cruciatus
2737 1115 3027 1176 martyrum
3059 1107 3422 1179 depingamus.
3445 1111 3575 1164 Nam
3615 1113 3708 1165 illa

2124 1189 2337 1265 quidem
2380 1195 2585 1266 pictura
2632 1207 2715 1252 est
2765 1199 3001 1265 inutilis;
3037 1199 3136 1254 ista
3167 1216 3292 1255 vero
3323 1202 3474 1270 plena
3521 1203 3654 1258 lucri
3685 1219 3703 1258 :

2126 1303 2230 1340 non
2257 1289 2400 1342 enim
2421 1289 2660 1358 pecuniis
2684 1289 2901 1359 indiget,
2930 1307 3036 1344 non
3063 1294 3342 1362 expensis,
3373 1311 3543 1364 neque
3566 1297 3708 1350 adeo

2125 1388 2238 1434 arte
2264 1379 2366 1433 ulla
2385 1381 2582 1449 pictura
2613 1381 2725 1434 lucc
2747 1382 2870 1436 :sed
2888 1383 3000 1437 vice
3027 1385 3262 1438 omnium
3295 1397 3586 1456 promptam
3611 1405 3708 1442 vo-

2125 1472 2382 1525 luntatem
2431 1485 2769 1543 mentemque
2794 1489 3107 1543 generosam
3132 1491 3195 1530 ac
3221 1477 3524 1547 vigilantem
3551 1481 3705 1534 suffi-

2125 1564 2197 1618 cit
2237 1563 2522 1631 adltiberc,
2568 1575 2728 1636 atque
2772 1567 2853 1622 his
2891 1568 3041 1638 quasi
3073 1569 3318 1624 manibus
3367 1573 3706 1639 peritissimis

2126 1656 2364 1726 ipsorum
2412 1657 2716 1714 describere
2761 1661 3048 1714 cruciatus.
3077 1659 3433 1730 Depingamus
3473 1677 3602 1732 ergo
3651 1665 3705 1717 in

2124 1750 2301 1804 anima
2333 1759 2510 1803 nostra
2542 1749 2638 1804 hos
2669 1750 2908 1816 jacentes
2938 1751 2987 1803 itt
3026 1751 3326 1820 sartagine,
3370 1752 3486 1806 illos
3525 1763 3706 1806 autem

2126 1855 2286 1910 super
2331 1841 2590 1896 carbones
2635 1851 2922 1905 extensos;
2972 1840 3071 1894 hos
3102 1843 3152 1895 in
3180 1841 3382 1896 lebetes
3427 1842 3702 1912 dejectos,

2128 1931 2246 1986 illos
2275 1931 2327 1985 in
2360 1946 2506 1986 mare
2533 1930 2843 1998 demersos;
2875 1931 3006 1985 alios
3036 1932 3328 1998 laceratos,
3350 1933 3484 1987 alios
3507 1935 3557 1987 iu
3587 1947 3706 1988 rota

2127 2025 2410 2090 distortos,
2436 2024 2571 2079 alios
2601 2025 2652 2079 in
2682 2025 3029 2094 praecipitium
3056 2034 3237 2092 actos;
3277 2033 3434 2095 atque
3463 2026 3560 2080 bos
3588 2029 3710 2098 qui-

2126 2119 2247 2174 dem
2272 2134 2392 2174 cum
2415 2119 2597 2174 bestiis
2618 2118 3001 2189 depugnantes,
3021 2117 3139 2172 illos
3161 2133 3290 2172 vero
3317 2118 3366 2171 in
3395 2118 3710 2174 barathrum

2126 2213 2434 2278 devolutus,
2456 2213 2589 2270 alios
2613 2221 2670 2268 ut
2693 2213 2883 2283 cuique
2912 2211 3132 2282 contigit
3158 2222 3384 2267 mortem
3410 2212 3702 2267 obeuntes:

2128 2316 2187 2363 ut
2229 2307 2383 2377 hujus
2415 2307 2632 2376 pictura:
2657 2306 2915 2360 varietate
2939 2304 3157 2359 domum
3186 2313 3422 2358 nostram
3451 2303 3710 2358 illustrio-

2127 2413 2240 2453 rem
2268 2411 2388 2452 cnm
2415 2397 2828 2460 reddiderimus,
2853 2405 3039 2465 aptum
3068 2396 3322 2450 caelorum
3354 2395 3481 2464 Regi
3524 2395 3706 2448 diver-

2127 2491 2328 2544 sorium
2363 2504 2743 2557 pneparcmus.
2786 2487 2993 2541 Etenim
3041 2487 3085 2540 si
3125 2486 3386 2554 ejusmodi
3432 2485 3621 2540 viderit
3653 2487 3714 2540 in

2125 2591 2310 2636 nostra
2334 2591 2510 2634 mente
2530 2581 2784 2650 picturas,
2814 2577 2990 2633 veniet
3013 2592 3136 2632 cum
3170 2578 3348 2644 Patre,
3374 2577 3718 2632 mansionem

2126 2672 2264 2742 apud
2291 2687 2389 2726 nos
2411 2672 2568 2727 faciet
2593 2686 2712 2726 cum
2740 2670 2940 2739 Spiritu
2969 2677 3183 2734 sancto;
3207 2669 3412 2738 eritque
3453 2668 3715 2737 deinceps

2125 2763 2267 2834 regia
2293 2763 2532 2832 quaedam
2562 2762 2755 2816 doams
2785 2775 2935 2815 mens
2974 2769 3154 2815 nostra
3180 2800 3195 2823 ,
3223 2760 3474 2828 nullaque
3505 2760 3554 2812 in
3586 2775 3716 2813 eam

2127 2853 2330 2924 ingredi
2355 2853 2549 2924 poterit
2570 2853 2798 2906 absurda
2824 2852 3094 2920 cogitatio,
3115 2850 3240 2904 dum
3269 2864 3563 2921 martyrum
3593 2866 3709 2904 me—

2125 2949 2292 3004 moria
2313 2987 2329 3012 ,
2353 2947 2497 3000 velut
2527 2945 2732 3014 pictura
2768 2943 3010 3013 quaedam
3039 2942 3259 3005 ﬂorida,
3296 2940 3441 2996 omni
3467 2951 3716 3010 tempore

2124 3041 2178 3096 in
2201 3039 2353 3097 nobis
2375 3037 2644 3102 manebit,
2665 3037 2995 3103 multumque
3021 3034 3073 3088 in
3099 3049 3160 3087 ea
3188 3032 3528 3102 Splendorem
3551 3031 3713 3085 emit-

2123 3141 2230 3196 tet;
2259 3131 2492 3200 atquein
2517 3127 2669 3183 nobis
2691 3128 2803 3183 ltex
2849 3126 3218 3180 universorum
3250 3122 3503 3178 continue
3526 3121 3711 3176 diver-

2073 3283 2076 3287 λ
2122 3224 2345 3280 sabitur.
2368 3221 2521 3288 Quod
2546 3221 2591 3275 si
2620 3221 2692 3275 ita
2720 3219 2992 3275 Christum
3040 3217 3094 3272 in
3140 3216 3240 3271 hac
3267 3216 3373 3270 vita
3403 3215 3712 3283 susceperi-

2122 3331 2262 3380 mus,
2298 3323 2418 3385 post
2466 3323 2705 3369 nostrum
2755 3328 2819 3367 ex
2866 3327 2929 3367 ea
2972 3310 3265 3365 discessum
3305 3307 3598 3378 poterimus
3655 3307 3714 3362 in

2121 3419 2321 3465 azterna
2352 3407 2513 3476 recipi
2543 3405 2879 3464 tabernacula
2911 3401 3088 3474 :quod
3117 3400 3270 3455 nobis
3295 3399 3545 3454 omnibus
3567 3413 3705 3468 pra:-

2121 3511 2264 3557 slare
2279 3501 2526 3571 dignetur
2551 3498 2718 3570 gratia
2747 3507 2801 3552 et
2830 3495 3124 3565 benignitas
3155 3491 3362 3546 Domini
3388 3491 3555 3546 nostri
3578 3490 3712 3544 .lesu

2119 3593 2314 3650 Christi
2338 3635 2352 3660 ,
2379 3608 2472 3663 per
2508 3607 2666 3662 quem
2697 3601 2751 3646 et
2770 3605 2888 3642 cum
2917 3604 3022 3658 quo
3053 3585 3194 3640 Patri
3217 3583 3384 3654 gloria
3406 3624 3420 3648 ,
3452 3597 3550 3636 una
3579 3597 3708 3636 cum

2120 3696 2306 3740 sancto
2356 3694 2410 3739 ct
2460 3683 2668 3739 vivifico
2719 3681 2955 3752 Spiritu.
3022 3678 3074 3733 in
3113 3676 3307 3732 saacula
3359 3675 3708 3730 sccculorum.

2124 3780 2318 3833 Amen.

1488 4270 1564 4330 ΙΝ
1611 4271 1982 4330 ΠΟΜΙΙᾸΑΜ
2016 4270 2112 4328 DE
2143 4269 2422 4329 TERHJ‘I
2473 4268 2677 4327 MUTU

515 4571 841 4647 [7171Aliam
869 4572 1140 4627 edidimus
1169 4569 1445 4626 bomiliam
1467 4571 1694 4624 interrae
1711 4577 2069 4636 motumque
2091 4578 2173 4624 est
2193 4577 2342 4624 sexta
2372 4568 2433 4620 de
2466 4565 2674 4621 Lazaro
2695 4565 2757 4620 T.
2779 4569 2881 4634 l,in
2913 4569 3070 4639 cujus
3085 4569 3288 4624 Monito
3315 4587 3365 4640 p.
3394 4571 3494 4624 772
3523 4575 3714 4628 multis

439 4705 566 4744 cum
593 4684 998 4758 Chrysostomi,
1041 4691 1156 4738 tum
1190 4682 1423 4738 aliorum
1456 4682 1787 4738 testimoniis
1820 4683 2171 4751 probavimus
2203 4681 2550 4736 Antiochiam
2588 4681 2968 4752 frequentibus
3009 4691 3167 4738 terra:
3206 4687 3446 4741 motibus
3474 4703 3710 4743 succus-

440 4822 581 4869 sant,
615 4804 962 4872 maximeque
991 4810 1151 4855 ae'atc
1185 4798 1559 4869 Chrysostomi
1597 4797 1786 4852 fuisse.
1829 4795 1876 4852 ls
1904 4805 2085 4850 autem
2117 4805 2275 4850 terra:
2302 4805 2507 4859 motus,
2532 4795 2713 4864 quode
2756 4810 2901 4850 nunc
2934 4797 3134 4867 agitur,
3163 4807 3294 4853 tunc
3331 4799 3548 4863 accidit,
3584 4817 3708 4855 cum

439 4924 867 4992 (lltrysostotnus
892 4935 1033 4992 aeger
1068 4918 1121 4973 in
1150 4919 1290 4973 lecto
1312 4919 1664 4978 decumberet
1696 4937 1707 4971 :
1740 4921 1832 4988 qui
1858 4925 1916 4972 ut
1949 4919 2148 4976 ardens
2176 4929 2293 4974 etat
2319 4919 2501 4974 studio
2528 4919 2875 4975 instituenda:
2903 4921 3098 4991 plebis,
3131 4932 3377 4976 mwstam
3414 4923 3560 4977 illam
3585 4940 3709 4978 cer-

440 5051 576 5089 nens
601 5035 674 5092 ob,
695 5035 1034 5104 ingruentem
1065 5034 1453 5097 calamitatem,
1479 5034 1634 5088 nullo,
1667 5032 1892 5089 affectus
1929 5035 2101 5089 morbi
2129 5049 2318 5101 sensu,
2356 5034 2421 5087 ad
2457 5023 2670 5106 gregem
2703 5035 2977 5092 advolavit
3008 5015 3020 5090 ξ
3060 5036 3205 5108 quod
3247 5036 3465 5106 quidem
3504 5038 3595 5092 ille
3624 5039 3711 5100 iti-

441 5155 563 5211 ttuit
587 5170 713 5209 cum
755 5155 870 5210 ait:
913 5155 1066 5208 Verbi
1105 5156 1352 5209 doctrina
1381 5155 1752 5223 wgritudiuem
1786 5171 1954 5208 meam
1990 5155 2043 5206 iu
2074 5152 2268 5207 bonum
2314 5153 2668 5208 valetudinem
2694 5135 2936 5208 mutauit.
2965 5153 3090 5207 time
3135 5170 3299 5224 porro
3336 5155 3529 5210 concio
3553 5166 3711 5210 extra

439 5277 629 5331 urbem
661 5275 712 5328 in
756 5274 936 5343 aliqua
965 5275 1345 5338 ecclesiarum,
1380 5291 1517 5344 quas
1547 5275 1726 5344 populi
1756 5274 2081 5329 Antiocheni
2111 5274 2310 5343 pietate
2337 5273 2484 5327 ducti
2520 5271 2961 5342 frequentabant,
2988 5271 3224 5326 habitam
3268 5271 3436 5327 fuisse
3478 5273 3712 5326 suadent

441 5415 551 5460 non
589 5416 762 5470 pauca
788 5400 1163 5470 Cltrysostonti
1200 5400 1383 5463 verba,
1418 5404 1508 5469 qui
1539 5402 1795 5468 populum
1830 5415 1937 5454 non
1967 5399 2132 5456 semel
2163 5399 2348 5454 laudat
2392 5398 2460 5453 ob
2498 5407 2807 5469 susceptum
2835 5399 3087 5455 audiendi
3118 5413 3282 5454 causa
3309 5396 3520 5453 itineris
3557 5395 3713 5453 iabo-v
