4080 6198
1665 145 1748 202 DE
1786 146 2040 202 TEIlR/E
2081 147 2284 206 MO'I'U.
3567 164 3663 218 7H

2756 290 2981 303 ῃ

1018 370 1519 457 HOMILIA
1566 368 1853 450 POST
1896 365 2318 476 TERB/E
2385 372 2824 455 MOTUM
2874 363 2977 454 (⁸⁸).

1867 527 2183 579 «om»

456 672 799 744 Chrysostomi
852 686 968 739 ergo
1019 684 1216 737 gregem
1272 666 1493 729 caritas;
1547 663 1973 717 Antiochenorum

388 769 579 835 pictus;
607 762 947 815 calamitatum
972 762 1185 829 fructus.
1210 788 1280 798 -——
1312 757 1418 810 Etsi
1464 756 1685 809 adversa
1727 752 1974 807 valetudo

389 858 721 927 impedierit,
758 852 1039 923 quominus
1070 850 1339 903 vobiscum
1385 847 1714 917 spirituaiem
1750 846 1971 899 chorum

386 962 695 1019 ageremus,
729 959 824 999 vos
872 954 1045 997 tamen
1101 942 1301 996 itineris
1345 940 1493 993 labor
1539 953 1643 993 non
1694 937 1969 992 deterruit.

390 1041 535 1093 Licet
568 1039 711 1091 enim
744 1036 892 1088 labor
920 1033 1006 1087 illo
1033 1048 1127 1085 vos
1163 1032 1328 1084 multo
1363 1029 1556 1083 sudore
1602 1028 1843 1099 perfusos
1870 1026 1974 1081 huc

388 1131 684 1192 adduxerit,
726 1138 781 1181 at
812 1127 957 1180 verbi
989 1125 1225 1178 doctrina
1255 1138 1373 1177 cum
1403 1121 1765 1191 a‘gritudinetn
1799 1135 1969 1173 meam

387 1227 440 1279 in
469 1226 655 1276 bonam
685 1220 1040 1275 valetudinem
1069 1218 1306 1276 mutavit,
1342 1226 1449 1268 tum
1474 1214 1707 1268 laborem
1736 1223 1970 1268 vestrum

390 1333 481 1384 per
508 1313 853 1384 psalmodiam
887 1310 1163 1365 recreavit.
1200 1308 1399 1362 Idcirco
1440 1320 1609 1375 neque
1636 1320 1733 1373 ego
1774 1303 1843 1357 ob
1884 1304 1970 1355 in-

391 1412 693 1464 firmitatem
726 1406 957 1474 linguam
988 1402 1222 1465 coercui,
1257 1414 1428 1468 neque
1456 1412 1550 1451 vos
1579 1396 1968 1465 defatigationis

388 1522 515 1575 ergo
544 1504 727 1561 audire
752 1499 1041 1563 abnuistis;
1074 1496 1167 1550 sed
1190 1496 1346 1549 simul
1376 1502 1534 1563 atque
1555 1506 1731 1545 sermo
1754 1488 1966 1559 prodiit,

389 1594 695 1664 tlt’ldllQﬂllO
744 1590 1032 1654 abscessit;
1072 1602 1191 1641 cum
1234 1585 1460 1654 primum
1500 1582 1736 1636 doctrina
1767 1579 1968 1649 prolata

387 1699 502 1751 cst,
537 1685 793 1740 lassitudo
840 1681 1059 1751 aufugit.
1091 1679 1222 1733 Nam
1273 1676 1530 1745 mgritudo
1571 1683 1624 1728 et
1664 1672 1970 1742 defatigatio

386 1779 623 1847 Corporis
650 1787 793 1841 sunt,
823 1774 1061 1828 doctrina
1089 1786 1213 1824 veru
1244 1769 1403 1822 animi
1443 1781 1577 1836 Opus
1608 1774 1764 1835 atque
1799 1763 1969 1815 medi-

387 1872 525 1924 cina.
549 1868 813 1936 Quantum
841 1874 1017 1919 autem
1048 1862 1255 1932 corpori
1287 1867 1500 1929 prmstat
1526 1859 1699 1911 anima
1720 1899 1734 1923 ,
1767 1864 1968 1909 tantum

390 1961 545 2030 hujus
588 1974 747 2028 opera
789 1965 911 2010 sunt
954 1953 1344 2024 praestantiora.
1374 1949 1602 2019 Ideoque
1632 1962 1734 2001 non
1782 1947 1969 2000 morbo

389 2064 611 2119 tantmn,
631 2052 722 2107 sed
747 2052 1009 2106 sexcentis
1028 2050 1185 2103 etiam
1206 2048 1324 2101 aliis
1350 2044 1709 2115 ingruentibus
1730 2040 1970 2097 obicibus

388 2157 613 2200 vestrant
647 2146 918 2198 caritatem
951 2140 1229 2209 complecti
1268 2152 1552 2207 numquam
1589 2135 1790 2190 cessavi
1824 2150 1835 2187 :
1872 2147 1967 2185 ne-

388 2257 489 2310 que
523 2238 679 2291 hodie
715 2239 779 2289 ab
818 2237 914 2289 hac
944 2235 1195 2304 prmelara
1230 2231 1567 2285 solemnitate
1595 2227 1781 2289 abesse
1801 2224 1964 2279 volui.

389 2331 489 2383 Sed
525 2330 777 2382 hactenus
804 2327 1013 2397 quidem
1040 2324 1177 2377 lecto
1199 2321 1341 2375 affixi
1372 2332 1605 2381 eramus,
1631 2317 1770 2370 Deus
1792 2326 1965 2368 tamen

389 2441 490 2477 non
525 2422 782 2491 permisit,
817 2429 869 2472 ut
901 2418 1036 2472 fame
1082 2418 1288 2484 penitus
1332 2412 1700 2467 dcflccremus.
1734 2407 1798 2464 Ut
1823 2407 1964 2463 enim

388 2514 538 2568 vobis
576 2513 741 2566 fames
770 2522 847 2566 est
881 2527 982 2564 non
1030 2507 1212 2562 audire
1237 2546 1252 2572 ,
1285 2507 1361 2559 sic
1399 2513 1452 2559 et
1482 2502 1609 2557 mihi
1650 2502 1817 2554 fames
1860 2514 1963 2551 non

386 2604 712 2659 concionari.
743 2602 819 2654 Ad
851 2600 1094 2656 eumdem
1127 2598 1337 2652 modum
1383 2605 1437 2650 et
1484 2603 1654 2648 mater
1701 2601 1966 2661 rcgrotans

387 2696 593 2751 estrahi
619 2711 899 2753 mammam
927 2708 1076 2746 suam
1107 2691 1174 2745 ab
1198 2690 1394 2744 infante
1420 2688 1586 2751 malit,
1612 2701 1771 2755 quam
1791 2688 1965 2754 ipsum

389 2791 525 2842 fame
566 2790 919 2843 tabescentem
952 2784 1133 2843 videre
1164 2801 1177 2838 :
1209 2782 1448 2836 trahatur
1475 2788 1530 2835 et
1575 2778 1702 2832 mihi
1746 2791 1962 2845 corpus.

387 2884 514 2952 Quis
539 2883 679 2936 enim
712 2899 813 2934 non
847 2880 1029 2933 lubens
1057 2893 1153 2953 pro
1180 2877 1327 2931 vobis
1348 2874 1504 2929 etiam
1535 2873 1842 2941 sanguinem
1880 2870 1964 2924 fu.

386 2977 561 3038 derit,
588 2975 711 3029 viris
743 2984 882 3027 tanta
916 2976 1105 3043 pietate
1129 3012 1142 3035 ,
1172 2981 1318 3027 tanto
1352 2967 1596 3024 audiendi
1644 2965 1819 3020 studio
1858 2964 1962 3018 fer-

387 3069 627 3123 ventibus
658 3082 672 3123 :
700 3067 786 3137 qui
816 3078 919 3119 tam
959 3065 1148 3131 exiguo
1197 3062 1449 3130 temporis
1489 3068 1759 3113 momento
1790 3057 1960 3125 βαδιιί-

388 3161 606 3215 tentiam
637 3159 965 3214 exhibeatis?
994 3157 1134 3211 inter
1162 3156 1298 3209 diem
1330 3163 1383 3207 et
1422 3161 1630 3207 noctem
1675 3150 1961 3204 discrimen

388 3268 490 3304 non
538 3252 731 3313 nostis,
762 3250 854 3303 sed
894 3261 1172 3316 utrumque
1200 3256 1406 3317 tempus
1434 3245 1573 3300 diem
1607 3244 1773 3297 facitis
1798 3286 1811 3307 ,
1856 3258 1962 3296 non

386 3358 561 3395 aerem
582 3340 960 3401 mutantessed
987 3339 1272 3408 pervigiliis
1291 3346 1471 3391 noctes
1495 3337 1846 3391 illustrantes:
1868 3349 1963 3387 no-

384 3443 496 3485 ctes
522 3434 668 3485 vobis
692 3434 979 3494 insomnes,
1005 3431 1173 3484 Somni
1194 3429 1430 3501 tyrannis
1451 3428 1623 3483 Soluta
1652 3435 1733 3481 est
1756 3444 1769 3479 :
1805 3425 1960 3479 Chri-

385 3525 448 3576 sti
469 3539 856 3592 namqueamor
876 3532 1073 3575 natura:
1096 3520 1452 3574 infirmitatem
1471 3520 1612 3572 vicit.
1635 3520 1713 3571 Ab
1733 3516 1959 3569 humana

383 3616 683 3667 cotniitione
703 3628 924 3681 corpora
944 3612 1229 3677 Ititet‘uSlis,
1249 3610 1387 3681 quod
1407 3610 1627 3664 virtutes
1653 3607 1958 3674 imitemini,

383 3706 507 3757 dum
543 3716 711 3758 tantas
754 3707 955 3774 vigilias
987 3704 1285 3773 suscipitis,
1316 3703 1621 3757 diuturnum
1658 3702 1915 3771 jejunium
1942 3743 1957 3768 ,

386 3807 585 3850 tantum
615 3798 818 3851 itineris
843 3796 1077 3850 laborem
1098 3838 1113 3863 ,
1149 3797 1386 3851 laborem
1428 3795 1632 3851 scilicet
1664 3794 1707 3848 si
1740 3806 1954 3857 natura,

383 3889 611 3956 quietem
638 3889 682 3942 si
714 3889 957 3942 voluntas
1007 3898 1295 3958 spectetur.
1331 3887 1426 3941 Ilic
1475 3887 1680 3942 timoris
1716 3885 1916 3941 fructus
1940 3926 1957 3952 ,

387 3980 468 4032 hic
496 3994 558 4032 ex
591 3988 742 4032 terrm
765 3989 910 4033 motu
939 3988 1245 4049 proventus,
1272 3993 1463 4047 nempe
1489 3986 1778 4047 proventus
1805 3992 1959 4030 num-

382 4085 539 4138 quam
569 4069 963 4127 consumendus
983 4110 997 4134 ,
1031 4078 1318 4139 proventus
1346 4069 1435 4139 qui
1466 4078 1520 4127 et
1549 4084 1838 4139 pauperum
1878 4068 1958 4123 fa-

381 4162 610 4221 cultates
648 4170 805 4235 auget
824 4203 838 4227 ,
866 4170 917 4217 et
959 4161 1208 4219 divitibus
1235 4160 1532 4219 divitiarum
1563 4160 1799 4221 accessio
1827 4170 1910 4217 est
1941 4177 1954 4213 :

384 4268 488 4307 non
538 4253 684 4309 novit
731 4263 1133 4322 paupertatem,
1185 4269 1290 4307 non
1346 4253 1492 4308 novit
1533 4253 1763 4307 divitias.
1803 4251 1958 4307 Venit

384 4355 539 4399 terra:
564 4354 761 4411 motus,
784 4356 837 4401 et
864 4347 983 4401 vita:
1008 4346 1416 4416 inzequalitatem
1439 4347 1668 4401 sustulit.
1686 4345 1786 4402 Ubi
1818 4361 1959 4401 nunc

380 4448 505 4493 sunt
533 4440 620 4509 qtti
648 4440 831 4494 sericis
857 4440 1239 4494 induebamur?
1262 4440 1349 4494 ubi
1378 4440 1604 4495 aurum?
1629 4440 1753 4494 Haec
1778 4439 1956 4496 omnia

381 4531 679 4593 evolarunt,
709 4530 936 4594 facilius,
964 4546 1125 4601 quam
1148 4547 1357 4591 araueze
1382 4532 1504 4597 tela,
1535 4533 1789 4602 dissipata
1810 4542 1954 4595 sunt.

381 4632 434 4675 et
465 4621 601 4675 fluxa
630 4623 797 4692 magis
823 4638 978 4691 quam
1008 4622 1155 4677 verni
1184 4622 1342 4677 tiores
1364 4623 1691 4691 deprehensa
1718 4632 1859 4677 sunt.
1889 4625 1957 4677 At

380 4716 501 4778 quia
534 4724 771 4780 paratum
806 4723 1036 4768 vestrum
1077 4715 1313 4767 animum
1344 4714 1517 4777 video,
1548 4715 1822 4768 lautiorem
1860 4730 1955 4768 vo-

381 4802 462 4854 bis
486 4816 721 4856 mensam
748 4818 1016 4872 apponere
1042 4804 1184 4857 volo.
1214 4804 1448 4874 Corpora
1476 4814 1649 4860 vestra
1680 4805 1839 4872 fessa,
1863 4806 1957 4860 sed

379 4895 615 4948 animum
662 4906 905 4966 vegetum
951 4898 1235 4975 perspicio.
1268 4897 1409 4953 Multi
1456 4898 1707 4959 sudorum
1749 4899 1952 4966 fontes,

378 4984 472 5039 sed
523 4986 899 5039 censeienttam
943 4987 1272 5057 abstergunt.
1305 4987 1435 5042 Nam
1482 4989 1525 5042 si
1569 4990 1781 5045 atlileke
1829 5006 1955 5043 san-

379 5076 536 5143 guine
558 5075 961 5144 perfunduntur,
995 5090 1051 5133 ut
1080 5079 1211 5133 lattri
1243 5079 1384 5134 foliis
1408 5080 1691 5147 donentur,
1718 5098 1835 5151 quae
1862 5082 1958 5135 bo-

379 5170 466 5221 die
516 5168 670 5235 data,
716 5184 836 5225 cras
883 5180 1212 5228 marcescent
1243 5189 1254 5227 :
1289 5173 1455 5231 multo
1498 5177 1665 5244 magis
1704 5190 1795 5233 vus
1819 5218 1834 5239 ,
1865 5176 1954 5245 qui

383 5260 643 5321 honorum
672 5275 892 5329 operum
917 5272 1189 5319 certamen
1215 5264 1408 5323 iniistis
1432 5305 1445 5329 ,
1471 5281 1565 5333 par
1589 5274 1671 5323 est
1700 5280 1798 5325 nec
1830 5282 1955 5325 suc»

380 5352 630 5411 cumbam
657 5367 756 5408 nec
783 5354 1011 5409 emolliri
1039 5354 1306 5411 laboribus
1335 5372 1429 5425 pro
1453 5357 1645 5412 virtute
1674 5358 1951 5431 susceptis.

436 5504 512 5564 (ο)
545 5508 719 5573 hscri;
741 5514 787 5554 ta
823 5520 888 5573 ex,
908 5508 1020 5573 (toil.
1046 5511 1266 5558 Vaticano
1292 5525 1336 5556 n.
1362 5512 1470 5569 337i,
1500 5520 1550 5561 .\t
1578 5512 1757 5573 stcculi,
1786 5523 1835 5565 et
1859 5514 1948 5566 col-

377 5563 472 5616 lata
496 5579 603 5617 ωω
625 5563 739 5616 bitt.
768 5571 1016 5618 (Loitthcfts.
1044 5585 1167 5619 anno
1192 5574 1319 5622 i656.

2086 660 2332 717 Vestrum
2358 666 2618 720 theatrum
2647 669 2776 723 mihi
2802 685 2997 725 corona
3030 682 3125 735 est,
3159 689 3403 744 unusque
3430 686 3663 730 vestrum

2083 753 2296 807 auditor
2324 758 2540 824 perinde
2565 758 2693 813 mihi
2712 769 2811 821 est,
2846 772 3003 831 atque
3029 771 3134 816 tota
3167 766 3376 821 civitas.
3397 767 3497 819 Alii
3524 769 3665 820 enim

2084 856 2320 900 crateras
2348 858 2471 915 potu
2500 861 2821 904 coronarunt
2845 894 2859 917 ,
2883 853 2969 906 alii
2998 856 3227 908 satanica
3255 858 3493 910 convivia
3521 860 3663 913 cele-

2084 935 2329 1001 brarunt,
2353 939 2437 993 alii
2471 940 2664 994 lautam
2704 958 3028 1010 apparavere
3063 959 3297 1000 mensam
3331 963 3464 1001 :vos
3485 961 3660 1004 autem

2084 1029 2414 1097 pervigilium
2441 1043 2641 1087 tantum
2668 1034 2970 1104 percgistis,
2995 1046 3258 1107 totamque
3288 1041 3471 1095 urbem
3502 1045 3661 1097 vcsti-

2082 1117 2183 1184 giis
2209 1130 2513 1175 sanctorum
2546 1124 2735 1191 pedum
2765 1134 3059 1179 vestrorum
3083 1131 3423 1191 emundastis,
3454 1133 3660 1186 incessu

2082 1208 2253 1262 forum
2272 1213 2475 1265 emensi
2496 1214 2643 1277 estis,
2663 1224 2718 1269 et
2744 1232 2919 1271 aerem
2941 1218 3329 1275 sanctiﬁcaStis.
3348 1224 3453 1277 Aer
3468 1226 3661 1293 quippe

2081 1312 2296 1355 sanctus
2339 1304 2691 1375 efficitur'pcr
2729 1309 3115 1377 psalmodiam,
3147 1321 3202 1365 ut
3243 1314 3462 1369 audistis
3506 1318 3661 1372 hodie

2083 1393 2245 1447 Deum
2276 1394 2440 1466 Moysi
2480 1397 2741 1452 dicentem
2774 1416 2786 1451 :
2820 1400 2984 1455 Locus
3008 1403 3159 1466 enim,
3183 1404 3344 1474 inquo
3375 1415 3496 1471 stas,
3531 1419 3661 1460 terra

2079 1494 2253 1537 sancta
2282 1495 2351 1537 est
2385 1486 2403 1556 (
2426 1486 2592 1541 Exod.
2620 1490 2672 1543 5.
2697 1490 2772 1559 5).
2799 1491 3177 1546 Sanctilieastis
3204 1496 3371 1548 solum
3384 1494 3412 1561 ',
3442 1496 3609 1551 forum
3641 1516 3655 1563 ;

2080 1575 2265 1628 urbem
2288 1577 2439 1631 nobis
2460 1580 2741 1633 ecclesiam
2768 1582 2983 1636 fecistis.
3002 1585 3077 1637 Ac
3098 1585 3232 1638 sicut
3255 1597 3461 1641 torrens
3482 1606 3661 1643 ermn-

2080 1682 2211 1736 pens
2232 1684 2422 1738 magno
2443 1686 2696 1740 aquarum
2721 1674 2915 1743 impetu
2937 1678 3112 1729 omnia
3134 1679 3341 1741 evortit,
3357 1682 3433 1734 sic
3451 1689 3659 1737 torrens

2078 1759 2167 1812 ille
2222 1760 2512 1827 Spiritualis
2536 1804 2549 1824 ,
2581 1762 2776 1819 flumen
2824 1766 2913 1819 Dei
2946 1767 3219 1822 Iaztiﬁeans
3266 1770 3529 1825 civitatem
3566 1773 3655 1827 Dei

2080 1848 2402 1917 (1501.45.35.
2423 1853 2573 1907 e164.
2598 1855 2707 1924 10),
2727 1856 2984 1925 repletum
3010 1861 3271 1928 estaquis,
3292 1871 3449 1931 atque
3473 1864 3658 1931 impie»

2080 1945 2201 1995 tatis
2221 1958 2431 1999 caenum
2453 1950 2778 2016 expurgavit.
2800 1948 2965 2003 Nemo
2992 1951 3316 2022 impudicus;
3342 1955 3445 2009 imo
3468 1957 3509 2010 si
3537 1959 3655 2026 quis

2077 2041 2374 2109 impudicus
2396 2042 2567 2098 adhuc
2589 2054 2667 2099 est
2688 2086 2702 2110 ,
2727 2046 2770 2099 is
2793 2046 3216 2102 transformatur.
3254 2050 3448 2105 Vocem
3488 2053 3653 2119 audit,

2075 2142 2129 2186 et
2154 2136 2361 2187 animus
2388 2135 2794 2213 transformatur
2818 2155 2832 2191 :
2858 2138 3018 2195 intrat
3046 2141 3269 2195 tneiodia
3290 2184 3305 2205 ,
3339 2150 3392 2197 et
3417 2144 3655 2213 impietas

2077 2234 2456 2281 transmutatur
2484 2245 2496 2282 :
2532 2230 2776 2298 fugantur
2797 2233 3027 2287 avaritim
3057 2234 3246 2287 morbi.
3280 2235 3499 2291 Etiamsi
3532 2252 3656 2292 vero

2077 2334 2181 2371 non
2210 2317 2489 2388 fugentur;
2518 2330 2572 2374 at
2613 2322 3058 2389 quemadmodum
3106 2324 3233 2379 fera:
3284 2326 3473 2396 hyeme
3516 2343 3573 2381 se
3604 2330 3653 2381 in

2076 2408 2261 2462 lustris
2291 2400 2587 2476 continent,
2609 2412 2685 2465 sic
2716 2422 2768 2466 et
2793 2414 2998 2467 animus
3026 2413 3299 2469 luxurians
3326 2432 3444 2471 sese
3472 2419 3611 2472 abdit
3639 2437 3652 2480 ;

2072 2516 2136 2557 ac
2164 2503 2299 2557 sicut
2323 2515 2620 2573 serpentes,
2653 2504 2851 2575 frigore
2874 2522 3055 2560 eorum
3085 2523 3309 2577 corpora
3340 2512 3654 2580 congelante

2073 2594 2126 2647 in
2150 2594 2252 2647 ima
2284 2609 2341 2649 se
2371 2595 2653 2664 recipiunt,
2681 2597 2757 2651 sic
2782 2606 2836 2651 et
2858 2597 3144 2651 illiberales
3172 2608 3224 2652 et
3246 2601 3467 2655 serviles
3493 2605 3653 2658 animi

2071 2687 2379 2742 affectiones
2411 2703 2506 2742 ceu
2544 2689 2594 2742 in
2646 2688 2961 2758 profundum
3002 2691 3266 2760 quoddam
3298 2708 3415 2747 sese
3446 2694 3655 2749 demer-

2070 2789 2199 2848 gunt
2228 2790 2281 2836 et
2308 2781 2529 2836 abdunt.
2566 2781 2755 2851 Utique
2783 2782 2835 2847 ii,
2869 2784 2955 2851 qui
2984 2783 3097 2839 hinc
3130 2784 3524 2849 circumferunt,
3559 2803 3655 2856 ρει-

2070 2873 2200 2928 dore
2231 2874 2569 2928 afficiuntur:
2599 2890 2719 2929 nam
2757 2890 2817 2929 ea
2854 2874 3069 2944 quidem
3112 2876 3518 2944 circumferunt,
3556 2881 3653 2934 sed

2069 2978 2332 3022 emortua.
2363 2968 2493 3037 Ipsis
2522 2969 2715 3040 quippe
2744 2968 2968 3022 meludia
2998 2980 3290 3038 cantusque
3321 2980 3494 3024 vester
3519 2971 3650 3043 hye-

2070 3065 2171 3119 mis
2212 3064 2328 3118 loco
2356 3071 2456 3118 est.
2486 3063 2541 3117 In
2570 3064 2711 3117 avari
2740 3077 2896 3117 aures
2920 3079 3018 3117 vox
3048 3064 3236 3129 intrat,
3269 3078 3331 3117 ac
3359 3064 3478 3117 licet
3506 3081 3649 3118 mor-

2070 3156 2191 3210 bum
2220 3170 2323 3209 non
2354 3156 2529 3225 ejiciat
2550 3196 2566 3221 ,
2598 3155 2735 3225 sopit
2764 3163 2938 3208 tamen
2968 3164 3021 3209 et
3049 3154 3195 3224 quasi
3226 3146 3489 3209 mortuum
3534 3158 3653 3211 red-

2068 3246 2187 3301 dit:
2218 3246 2269 3299 in
2312 3261 2468 3299 aures
2516 3246 2676 3299 intrat
2714 3245 2961 3313 impudici
3015 3255 3069 3299 et
3109 3246 3320 3314 superbi
3352 3264 3366 3311 ;
3398 3249 3496 3302 etsi
3545 3263 3650 3302 non

2069 3339 2369 3406 exstinguat
2397 3336 2775 3405 impudicitiam
2802 3348 2853 3391 et
2890 3336 3192 3405 superbiam
3213 3378 3228 3404 ,
3264 3347 3540 3409 utramque
3574 3350 3654 3393 ta-

2070 3446 2189 3485 men
2220 3445 2315 3484 ceu
2355 3429 2574 3484 defodit.
2624 3427 2806 3498 Neque
2848 3442 2973 3482 vero
3014 3429 3218 3483 modica
3264 3444 3350 3483 res
3391 3440 3499 3492 est,
3528 3446 3654 3485 cum

2068 3522 2297 3591 nequitia
2331 3535 2433 3574 non
2466 3520 2632 3573 libere
2663 3520 2879 3589 prodire
2918 3519 3097 3574 audet.
3134 3520 3377 3575 Dicebam
3410 3530 3464 3576 et
3493 3521 3603 3575 heri
3628 3564 3647 3590 ,

2066 3628 2314 3683 magnum
2344 3627 2410 3667 ex
2441 3621 2597 3666 terrae
2638 3611 2869 3665 motibus
2902 3626 3173 3680 emergere
3217 3610 3467 3666 fructum.
3499 3612 3645 3666 Vidi-

2065 3707 2161 3761 stis
2190 3706 2398 3760 Domini
2440 3707 2809 3770 elementiam,
2838 3706 2927 3775 qui
2966 3705 3091 3759 dum
3139 3705 3325 3761 urbem
3372 3708 3601 3761 concutit
3628 3750 3645 3773 ,

2066 3805 2298 3853 utentem
2337 3796 2545 3861 firmat;
2576 3798 2700 3853 dum
2748 3796 3086 3851 fundamenta
3125 3808 3451 3858 commovet,
3485 3801 3646 3854 animi

2064 3904 2219 3945 sensa
2245 3898 2489 3943 constare
2515 3898 2761 3958 procurat
2786 3906 2798 3952 ;
2827 3888 2952 3941 dum
2982 3889 3165 3943 urbem
3196 3890 3498 3958 labefactat,
3527 3892 3643 3944 ani-

2065 3994 2210 4033 mum
2251 3979 2511 4033 roborat?
2537 3978 2665 4047 Ejus
2710 3978 3085 4047 benignitatem
3131 3981 3301 4049 cogita
3337 3998 3348 4031 :
3384 3982 3645 4035 tantillum

2063 4070 2379 4147 exagitavit,
2420 4078 2475 4127 et
2518 4071 2569 4125 in
2612 4081 2923 4141 perpetuum
2976 4072 3203 4129 firmavit
3245 4089 3258 4129 ς
3304 4070 3448 4131 bidui
3487 4081 3645 4127 terrae

2064 4169 2238 4214 motus
2268 4159 2400 4227 fuit,
2429 4170 2483 4215 at
2511 4161 2561 4214 in
2589 4171 2897 4229 perpetuum
2922 4161 3088 4231 pictas
3129 4174 3337 4215 maneat
3362 4180 3374 4215 :
3407 4163 3472 4217 ad
3520 4180 3635 4217 tuo-

2063 4251 2237 4303 dieum
2271 4261 2475 4319 tempus
2504 4250 2748 4304 doluistis
2770 4292 2783 4314 ,
2818 4261 2871 4304 at
2900 4252 2949 4303 in
2974 4262 3283 4320 perpetuum
3312 4253 3515 4308 radices
3542 4256 3641 4307 mi-

2062 4342 2225 4398 siSIis.
2257 4341 2399 4396 Bene
2424 4343 2618 4412 quippe
2659 4344 2780 4395 novi
2821 4358 2886 4396 ex
2918 4344 3107 4398 timore
3138 4344 3227 4397 Dei
3271 4346 3520 4415 pietatem
3550 4361 3643 4399 ve-

2062 4445 2229 4493 stram
2269 4435 2477 4488 radiees
2534 4434 2778 4511 posuisse
2820 4451 2833 4487 :
2876 4436 2975 4490 etsi
3030 4437 3278 4492 remissio
3325 4438 3432 4502 sit,
3465 4449 3641 4497 tuanct

2063 4528 2245 4597 utique
2288 4526 2506 4581 fructus.
2539 4514 2650 4581 Non
2684 4525 2819 4581 ultra
2867 4528 3033 4595 spina:
3083 4527 3307 4587 aderunt
3334 4538 3451 4597 qua:
3482 4531 3638 4585 suII'o.

2062 4629 2210 4684 cent,
2246 4635 2417 4689 neque
2458 4619 2631 4688 pluvia
2670 4618 2946 4672 exundans
2984 4621 3171 4674 obruet
3202 4639 3215 4674 :
3250 4622 3414 4690 probe
3443 4638 3537 4677 vos
3568 4626 3638 4678 ti—

2063 4729 2180 4767 mor
2220 4712 2449 4765 excoluit
2473 4754 2485 4774 ,
2512 4712 2873 4779 doctrinarque
2902 4728 3033 4766 mea:
3071 4728 3224 4781 opem
3266 4715 3405 4769 tulit.
3434 4715 3515 4769 Me
3556 4726 3638 4769 ta-

2062 4814 2217 4860 cente
2270 4802 2606 4857 fundamenta
2662 4802 2949 4871 loquuntur
3005 4822 3018 4857 :
3076 4819 3161 4857 me
3209 4814 3416 4860 tacente
3485 4816 3646 4861 teme

2062 4906 2237 4955 motus
2264 4894 2402 4951 tubae
2430 4894 2679 4963 clangore
2720 4893 2999 4947 clariorem
3025 4894 3218 4949 emittit
3245 4910 3425 4951 vocem
3461 4897 3643 4966 hujus-

2062 4984 2203 5039 modi
2238 5003 2249 5036 :
2286 4984 2569 5039 Misericors
2612 4994 2658 5036 et
2701 4984 2962 5036 miseratur
3012 4983 3300 5050 Dominus;
3339 4989 3644 5059 Iongunimis

2061 5086 2108 5131 et
2135 5078 2346 5130 multant
2376 5077 2654 5131 misericors
2688 5074 2866 5144 (Psal.
2907 5076 3024 5131 102.
3056 5079 3108 5132 8.
3141 5078 3248 5148 9):
3280 5082 3499 5148 accessi,
3536 5099 3640 5135 non

2063 5177 2119 5223 ut
2146 5184 2241 5229 vos
2267 5168 2545 5227 obruerent
2563 5208 2577 5230 ,
2603 5167 2695 5223 sed
2731 5176 2788 5223 ut
2816 5183 3008 5223 nervos
3049 5169 3197 5227 vobis
3224 5170 3494 5227 adderem.
3520 5172 3641 5227 lln'c

2063 5268 2215 5317 terra:
2248 5268 2419 5315 motus
2450 5258 2699 5329 loquitur,
2731 5272 2794 5315 ac
2836 5274 3022 5317 vocem
3048 5260 3238 5316 emittit
3264 5278 3276 5313 :
3309 5261 3495 5319 Terrui
3523 5279 3633 5326 vos,

2062 5367 2167 5409 non
2213 5360 2269 5407 ut
2296 5350 2531 5411 molestia
2561 5350 2829 5411 afﬁcerem
2855 5393 2870 5418 ,
2914 5350 3005 5407 sed
3041 5358 3096 5407 ut
3125 5352 3387 5409 cautiores
3414 5364 3635 5423 pratsta-

2061 5462 2193 5503 rem.
2227 5445 2402 5509 Dictis,
2435 5458 2634 5513 qmrso,
2665 5445 2899 5499 animum
2927 5444 3203 5513 diligenter
3224 5445 3639 5505 advertitedlmu

2060 5556 2240 5598 sermo
2272 5540 2464 5598 vitibus
2486 5539 2756 5606 deﬁceret,
2786 5540 3043 5599 chutandi
3080 5552 3251 5609 partes
3283 5558 3440 5613 pth
3466 5562 3651 5615 sust-ae
