4080 6198
432 172 534 228 715

423 287 542 352 pit',
563 298 682 338 cum
709 282 947 338 doctrina
979 283 1142 338 robur
1166 283 1452 348 amitteret,
1478 284 1636 336 timor
1676 283 1727 336 in
1759 282 2011 336 auxilium

426 375 594 429 venit.
628 375 754 428 lla'c
795 374 942 428 vobis
989 374 1302 443 loquutnrus
1348 373 1414 426 ad
1443 371 1708 426 modicum
1741 372 1932 437 venio,
1959 382 2014 426 et

426 483 544 536 qua:
573 483 691 522 mea
721 477 838 522 sunt
861 479 1053 536 praesto
1081 483 1095 520 :
1123 481 1241 519 cum
1263 467 1440 518 autem
1469 479 1562 518 vos
1591 467 1876 523 strinxero.
1903 474 2010 516 tum

426 562 662 616 sermoni
693 561 916 628 tradam,
950 569 1006 614 ut
1034 575 1100 614 ne
1149 558 1344 614 frustra
1374 573 1553 612 sermo
1595 557 1799 612 laboret
1831 573 1844 610 :
1877 557 2012 625 lapi-

427 653 523 706 des
553 653 973 722 pullulantesque
1003 650 1183 719 Spinas
1207 649 1439 712 invenio,
1469 659 1520 704 et
1546 664 1728 702 arvum
1751 662 2008 720 expurgo,

429 755 484 796 ιιι
509 758 686 798 sermo
713 745 856 812 larga
888 758 1044 796 manu
1073 750 1362 797 sementem
1387 742 1568 810 jacial.

497 831 582 888 Ex
602 844 746 888 terra
765 843 899 888 motu
921 844 1162 906 quantum
1177 835 1354 887 mutati
1369 834 1898 903 Antioclteni.——Quid
1919 849 2014 889 v0-

427 925 507 979 bis
535 925 714 978 damni
745 941 810 979 ex
837 924 988 980 brevi
1012 925 1278 980 mcerore?
1305 925 1386 979 Ex
1411 924 1714 980 hominibus
1735 927 1906 996 angeli
1937 927 2013 980 ef-

427 1016 546 1070 lecti
577 1017 707 1070 estis
733 1033 747 1070 :
781 1017 832 1070 in
861 1017 1046 1070 czelum
1071 1016 1170 1070 etsi
1198 1032 1302 1070 non
1330 1015 1470 1082 loco,
1503 1026 1556 1070 at
1577 1017 1812 1072 moribus
1841 1027 2006 1072 trans-

426 1109 516 1162 lati
547 1110 699 1164 estis.
727 1108 880 1176 Quod
910 1118 1088 1162 autem
1119 1125 1223 1162 non
1251 1124 1315 1164 ex
1355 1109 1660 1164 adulatione
1689 1110 1893 1178 loquar,
1928 1125 2014 1165 res

425 1201 538 1272 ipse
562 1201 928 1257 testificantur.
957 1201 1092 1270 Quid
1117 1201 1257 1258 enim
1289 1201 1438 1256 vobis
1474 1205 1539 1256 ad
1569 1202 1898 1274 pcenitcntia:
1923 1217 2012 1256 ra-

425 1295 623 1350 tionem
653 1293 859 1350 del’uit?
889 1293 1144 1349 Invidiam
1176 1293 1442 1364 cjecistis,
1475 1294 1764 1350 illiberales
1791 1297 2013 1351 affectus

425 1385 851 1451 exterminastis,
893 1389 1142 1440 virtutem
1187 1386 1538 1451 consevistis,
1595 1395 1755 1440 totam
1803 1395 2012 1442 noctein

424 1475 712 1546 pervigiliis
755 1477 922 1530 sacris
963 1486 1214 1547 agentes,
1246 1493 1365 1530 eum
1397 1477 1562 1532 multa
1599 1477 1818 1532 caritate
1844 1488 1896 1534 et
1928 1478 2011 1532 in-

424 1567 570 1636 genti
595 1567 760 1622 animi
791 1567 1020 1624 fervore.
1053 1567 1220 1622 Nemo
1247 1584 1530 1624 usurarum
1561 1571 1826 1638 meminit,
1851 1586 2013 1626 nemo

423 1661 492 1714 de
535 1660 749 1714 avaritia
789 1661 1022 1730 loquitur
1051 1677 1064 1714 :
1093 1677 1192 1716 nec
1233 1662 1404 1716 solum
1451 1677 1480 1716 a
1525 1667 1755 1732 peccatis
1797 1665 2012 1720 munda:

425 1767 614 1806 manus
647 1761 802 1820 sunt,
827 1753 920 1808 sed
949 1755 1108 1808 etiam
1137 1754 1312 1824 lingua
1343 1755 1410 1810 ab
1448 1755 1724 1826 iniquitate
1744 1765 1798 1810 et
1825 1767 2013 1812 contu-

424 1846 582 1900 melia
623 1846 788 1902 libera
818 1864 830 1900 :
861 1862 1020 1902 nemo
1049 1847 1293 1917 injuriam
1339 1849 1582 1916 proximo
1609 1848 1810 1915 infert,
1854 1865 2010 1906 nemo

421 1937 656 1992 sataniea
677 1937 788 1993 adit
811 1938 1052 1994 convivia
1081 1955 1095 1992 :
1119 1937 1264 1994 :edes
1285 1938 1496 1994 munda:
1523 1950 1668 2004 sunt,
1697 1939 1867 1993 forum
1890 1954 2010 1994 sor-

419 2029 576 2082 dibus
635 2037 910 2100 pnrgatum
958 2046 973 2084 :
1027 2030 1313 2084 accedente
1353 2044 1574 2099 vespera
1619 2045 1882 2100 nusquam
1919 2031 2009 2101 ju-

421 2139 614 2176 vcnnm
676 2122 862 2187 ebori,
920 2121 1204 2178 Ibeatricas
1255 2123 1636 2177 modulantium
1695 2123 2007 2178 cantilenas.

420 2213 580 2268 tlbori
629 2223 777 2268 certe
833 2223 990 2280 sunt,
1036 2222 1091 2268 at
1137 2230 1243 2268 non
1293 2215 1522 2270 lascivia:
1554 2233 1566 2267 :
1598 2213 1746 2270 ebori
1793 2215 2008 2286 utique,

419 2303 512 2358 sed
553 2313 697 2359 recte
747 2304 1024 2359 factorum.
1067 2305 1122 2360 ln
1160 2305 1274 2358 foro
1307 2305 1532 2376 hymnos
1565 2307 1748 2361 audire
1798 2315 2008 2371 est;ex

369 2381 376 2394 ’
419 2395 562 2448 domi
593 2411 720 2450 vero
755 2394 1060 2480 sedentibus
1104 2396 1264 2448 alium
1313 2397 1646 2464 psallentem,
1697 2397 1855 2452 alium
1908 2398 2008 2470 by-

419 2503 574 2542 ninos
625 2496 903 2542 canentem
938 2505 950 2542 :
985 2503 1088 2542 nox
1139 2488 1386 2554 advenit,
1419 2498 1472 2542 et
1505 2504 1690 2545 omnes
1733 2492 1784 2546 in
1833 2493 2009 2548 eccle-

418 2579 574 2642 siam,
603 2579 943 2648 trauquillum
975 2587 1185 2650 portum
1213 2579 1566 2651 fluctibusque
1605 2597 1848 2652 vacuum,
1878 2601 2010 2640 con-

417 2672 656 2724 veniunt.
686 2669 938 2724 Putabam
975 2685 1072 2740 ego
1103 2667 1216 2724 fore
1236 2712 1251 2736 ,
1284 2679 1340 2724 ut
1368 2680 1486 2740 post
1523 2687 1684 2726 unum
1716 2674 2010 2732 alterumve

417 2761 558 2814 dietn
584 2761 773 2830 vigilia:
799 2776 1022 2830 corpora
1065 2761 1358 2831 dejicerent
1381 2781 1396 2817 :
1421 2779 1562 2819 nunc
1604 2775 1782 2820 autem
1811 2777 2009 2838 quanto

419 2853 609 2922 vigilia:
639 2853 848 2924 longius
875 2851 1200 2923 procedunt,
1234 2862 1380 2908 tanto
1425 2855 1575 2910 vobis
1609 2857 1782 2926 major
1809 2861 2007 2916 amoris

421 2949 478 2998 tit
502 2945 762 2998 accessio.
795 2943 893 3011 Qui
922 2944 1218 3014 psallebant
1242 2946 1585 3014 defecerunt,
1615 2957 1670 3004 et
1711 2965 1804 3006 vos
1843 2951 2009 3008 virili-

419 3043 499 3088 ter
526 3035 682 3103 agitis
711 3051 724 3086 :
757 3033 846 3104 qui
877 3033 1172 3104 psallebant
1200 3034 1396 3092 defessi
1421 3045 1578 3104 sunt,
1609 3048 1663 3094 et
1687 3055 1782 3094 vos
1806 3041 2006 3099 viribus

417 3129 698 3198 nervisque
727 3127 864 3181 aucti
890 3127 1043 3182 estis.
1071 3127 1172 3183 Ubi
1217 3137 1344 3186 sunt
1373 3146 1512 3186 nunc
1533 3173 1550 3200 ,
1580 3147 1712 3204 rogo
1733 3175 1749 3200 ,
1773 3134 2008 3192 divites?

418 3216 628 3270 discant
657 3232 943 3288 pauperum
973 3217 1383 3289 philoSOpbiam.
1409 3221 1688 3278 Dormiunt
1723 3225 1835 3292 illi,
1871 3243 2004 3297 pau-

419 3322 574 3378 peres
603 3323 731 3364 vero
753 3309 803 3363 in
833 3307 1136 3378 pavimento
1163 3311 1319 3380 positi
1341 3327 1445 3368 non
1475 3313 1766 3383 dormiunt,
1799 3317 1891 3372 sed
1916 3335 2001 3390 ge.

467 3604 806 3618 -—-—-——a—-‘—r

465 3621 802 3636 _———

1139 170 1192 226 S.
1233 169 1509 226 JOANNIS
1531 167 2000 224 CllliYSOSTOJII
2041 166 2335 222 AllClllEP
2395 168 2922 228 CONSTANTINOP.

3603 182 3710 236 716

2119 300 2222 338 nua
2267 283 2480 340 flectunt
2505 328 2520 352 ,
2553 287 2773 341 Paulum
2803 297 2856 342 et
2898 288 3061 342 Silain
3109 286 3375 347 imitantes
3401 291 3548 364 (Act.
3581 297 3700 366 to).

2123 373 2318 429 Verum
2367 377 2442 430 illi
2493 377 2826 446 psallebant,
2881 389 2934 434 et
2985 381 3361 438 concutiebant
3398 399 3706 454 carcerein;

2119 483 2214 522 vos
2257 477 2434 523 autem
2479 469 2701 537 psallitis
2727 511 2741 532 ,
2769 479 2824 524 et
2865 482 3169 540 quassatam
3201 475 3385 528 urbem
3433 476 3706 535 firnia;.tis.

2119 559 2315 613 Rerum
2346 561 2596 614 contrarii
2629 561 2792 626 ﬁnes,
2831 562 2926 616 sed
2969 571 3194 633 utraque
3239 566 3306 619 ad
3345 567 3567 636 gloriam
3617 570 3710 624 Dei

2117 659 2362 720 vergunt.
2392 650 2485 707 Ille
2511 667 2740 722 namque
2775 667 3046 708 carcerem
3086 657 3393 722 concussit,
3427 669 3484 713 ut
3522 661 3712 716 infide-

2119 743 2246 798 lium
2271 753 2504 798 mentem
2528 752 2790 814 quateret,
2815 755 2872 799 ut
2892 747 3123 802 carceris
3148 749 3424 804 custodem
3453 752 3710 820 solveret,

2120 843 2176 888 ut
2203 835 2421 888 verbum
2453 833 2547 889 Dei
2575 836 2916 890 annuntiaret
2945 855 2959 889 :
2991 853 3084 891 vos
3119 837 3303 893 urbem
3337 841 3618 906 tirmastis,
3657 855 3714 899 ut

2121 925 2251 978 iram
2285 925 2378 979 Dei
2420 925 2740 980 solveretis:
2770 937 2824 980 et
2853 925 2968 982 luce
3007 937 3060 982 et
3101 929 3189 982 illa
3228 931 3374 984 vario
3401 932 3710 1004 dispensata

2121 1018 2280 1072 modo
2311 1027 2454 1072 sunt.
2484 1021 2731 1073 Attamen
2759 1019 2965 1089 gaudeo
2988 1062 3004 1088 ,
3034 1037 3138 1075 non
3163 1023 3306 1093 quod
3341 1025 3468 1078 urbs
3499 1029 3708 1083 firmata

2119 1111 2209 1176 sit,
2239 1109 2333 1164 sed
2359 1108 2500 1180 quod
2525 1111 2594 1164 sit
2623 1112 2868 1180 precibus
2898 1113 3087 1168 vestris
3113 1113 3319 1170 firmata
3341 1159 3358 1184 ,
3388 1120 3524 1188 quod
3557 1123 3708 1189 psal-

2118 1203 2311 1256 modia:
2355 1213 2546 1258 vestra:
2571 1202 3034 1259 fundamentorum
3064 1205 3184 1261 loco
3224 1209 3437 1264 fuerint.
3465 1211 3710 1282 Snperne

2120 1293 2216 1360 ira,
2249 1303 2302 1348 et
2325 1293 2376 1348 in
2405 1303 2541 1348 terra
2570 1310 2668 1348 vox
2701 1289 2874 1350 vestra
2909 1313 2922 1349 :
2951 1312 3181 1365 superne
3209 1299 3539 1368 ingruentem
3571 1304 3708 1358 iram

2117 1385 2356 1442 cohibuit
2380 1401 2482 1440 vox
2511 1401 2542 1441 e
2572 1387 2722 1440 terris
2754 1387 2966 1442 emissa.
3000 1389 3184 1457 Aperti
3207 1400 3330 1444 sunt
3360 1393 3498 1462 caeli,
3529 1403 3583 1449 et
3611 1396 3706 1450 de-

2116 1480 2260 1549 lapsa
2283 1481 2542 1536 sententia
2567 1490 2644 1536 est
2667 1481 2872 1550 gladius
2901 1491 3088 1538 acutus
3114 1501 3127 1535 :
3157 1484 3284 1539 urbs
3304 1485 3357 1540 in
3385 1486 3554 1540 solum
3578 1489 3704 1542 red-

2115 1581 2266 1640 acta,
2311 1572 2716 1642 indeprecabilis
2757 1573 2856 1627 ira.
2902 1572 3056 1628 Nulla
3106 1589 3164 1630 re
3208 1591 3342 1645 Opus
3381 1575 3704 1645 habuimus,

2119 1668 2219 1722 nisi
2249 1665 2584 1736 ptenitentia,
2607 1667 2877 1736 lacrymis,
2901 1667 3218 1736 gemitibus,
3246 1677 3299 1721 et
3324 1669 3502 1723 omnia
3531 1669 3705 1725 soluta

2117 1769 2240 1814 sunt
2273 1778 2286 1812 :
2319 1759 2458 1812 Deus
2498 1759 2816 1812 sententiam
2863 1757 3008 1822 tulit,
3047 1772 3250 1828 neSque
3291 1759 3426 1814 iram
3460 1759 3705 1815 dissolvi-

2117 1865 2254 1905 mus.
2286 1849 2630 1920 Nequaquam
2678 1849 3004 1904 aberraverit
3049 1850 3140 1918 qui
3181 1865 3278 1905 vos
3323 1859 3595 1906 curatores
3651 1863 3704 1906 et

2117 1953 2420 2000 servatores
2451 1941 2596 1996 urbis
2621 1941 2989 2010 appellaverit.
3021 1941 3243 1996 Ubinam
3287 1943 3589 2012 principes?
3617 1945 3704 2000 ubi
3739 1983 3744 1986 -

2117 2033 2292 2104 magni
2319 2033 2394 2086 illi
2439 2033 2828 2101 sOSpitatores?
2857 2032 2962 2088 Vos
2991 2033 3137 2088 urbis
3174 2049 3298 2088 vero
3343 2043 3549 2100 turres,
3585 2051 3702 2088 mu-

2116 2141 2228 2190 rus,
2249 2125 2572 2196 praesidium.
2593 2123 2670 2178 llli
2699 2125 2928 2194 nequitia
2959 2140 3051 2180 sua
3085 2126 3268 2180 urbem
3297 2126 3707 2193 labefactarunt,

2118 2233 2214 2288 vos
2232 2220 2425 2274 virtute
2451 2227 2626 2272 vestra
2657 2218 2839 2272 urbem
2871 2219 3139 2272 lirmastis.
3163 2219 3216 2272 Si
3247 2219 3365 2289 quis
3402 2219 3697 2292 interroga-

2115 2321 2220 2374 tus.
2245 2326 2340 2368 cur
2361 2325 2617 2365 concussa
2641 2309 2766 2364 urbs
2797 2307 2975 2376 fuerit,
2997 2311 3096 2363 etsi
3125 2309 3256 2364 nihil
3283 2312 3622 2381 respondeat,
3647 2313 3705 2367 in

2115 2403 2360 2460 confesso
2388 2412 2563 2456 tamen
2593 2412 2695 2468 ρει,
2723 2401 2775 2456 id
2809 2411 3144 2471 peccatorum
3167 2444 3182 2466 ,
3209 2405 3464 2470 avaritim,
3495 2405 3705 2475 injustio

2117 2494 2204 2550 tia:
2227 2533 2242 2557 ,
2291 2493 2538 2562 nequitia:
2563 2534 2578 2558 ,
2611 2491 2873 2563 superbia:
2893 2534 2908 2557 ,
2952 2492 3214 2547 mendacii
3239 2508 3394 2548 causa
3421 2496 3702 2550 accidisse.

2116 2583 2447 2654 Cujusnam?
2473 2583 2716 2638 divitum.
2742 2581 2973 2637 Rursum
3004 2583 3047 2636 si
3078 2583 3196 2652 quis
3223 2583 3530 2654 interroget,
3561 2586 3703 2641 unde

2115 2676 2242 2731 urbs
2271 2674 2479 2728 firmata
2523 2673 2714 2736 fuerit,
2747 2674 2800 2728 in
2843 2672 3090 2728 confesso
3117 2683 3232 2737 est,
3266 2675 3404 2744 quod
3435 2691 3533 2745 per
3563 2678 3706 2746 psal-

2113 2765 2320 2820 medias
2338 2807 2353 2832 ,
2383 2779 2568 2834 preces
2587 2805 2602 2832 ,
2635 2761 2928 2834 pervigilia.
2955 2763 3354 2831 Quorumnam?
3381 2781 3700 2836 pauperum.

2115 2860 2243 2927 Qua:
2275 2859 2460 2914 urbem
2499 2865 2914 2921 concusserunt,
2948 2857 3156 2911 illorum
3199 2868 3360 2922 sunt;
3391 2874 3510 2928 qua:
3554 2861 3700 2914 illaut

2113 2947 2602 3014 confirmaverunt,
2655 2956 2830 3018 vestra
2865 2965 2878 3000 :
2913 2947 3090 3018 itaque
3135 2961 3229 3001 vos
3291 2957 3590 3002 servatores
3645 2960 3703 3004 et

2112 3051 2386 3097 curatores
2436 3040 2626 3094 fuistis.
2663 3039 2856 3093 Verum
2885 3021 3282 3092 hic‘sermonis
3331 3040 3487 3092 tinem
3533 3037 3700 3094 facia-

2095 3119 2232 3190 'mus
2261 3123 2544 3204 pervigiliis
2569 3141 2624 3187 et
2655 3129 2960 3201 psalmodiis
2985 3130 3260 3193 instantes,
3289 3130 3509 3200 gloriam
3541 3130 3700 3185 emit-

2111 3235 2283 3284 tentes
2309 3225 2472 3288 Patri,
2502 3223 2636 3278 Filio
2662 3234 2714 3277 et
2739 3221 2959 3291 Spiritui
2986 3229 3190 3290 sancto,
3211 3237 3350 3275 nunc
3377 3231 3431 3276 et
3459 3235 3692 3290 semper,

2112 3329 2167 3376 et
2196 3321 2248 3374 in
2277 3317 2472 3374 satcula
2499 3317 2837 3372 szeculorum.
2869 3315 3060 3369 Amen.

1617 3603 2777 3613 -εΗᾙ--ο--φ--σ-ῌΨ
2791 3603 2844 3614 ..-

1397 3838 1478 3898 ῐΝ
1517 3836 1892 3900 HOMILIAM
1925 3837 2023 3899 DE
2051 3837 2247 3918 .JUDA
2295 3836 2726 3898 PRODITORE

507 4105 625 4163 Non
652 4103 770 4162 sine
796 4103 1032 4175 quodam
1071 4101 1328 4173 scrupulo
1349 4101 1493 4158 hanc
1523 4102 1829 4167 liomiliam,
1871 4117 1996 4172 quae
2031 4116 2178 4157 nunc
2205 4100 2442 4172 primum
2485 4101 2540 4156 in
2564 4101 2742 4156 lucem
2787 4099 2988 4171 prodit,
3017 4100 3160 4154 inter
3179 4111 3468 4170 germanas
3495 4105 3550 4152 et
3575 4095 3696 4152 siu~

437 4236 592 4276 ceras
608 4217 976 4292 Cbrysostomi
1001 4217 1294 4272 conciones
1309 4215 1562 4272 locamus
1583 4235 1600 4271 :
1623 4216 1903 4273 licetenim
1928 4215 2018 4270 illa
2039 4215 2292 4287 Daphnes
2313 4213 2560 4270 suburbii
2589 4215 2914 4269 Antioclteni
2935 4213 3408 4279 commemoratio,
3433 4225 3541 4282 qua
3560 4225 3698 4264 con-

436 4336 522 4390 cio
541 4333 832 4404 incipitur;
867 4333 994 4388 licet
1011 4332 1190 4406 Pythii
1218 4334 1485 4404 Apollinis
1519 4335 1572 4390 in
1605 4347 1670 4388 eo
1691 4331 1955 4388 suburbio
1979 4347 2008 4388 a
2033 4333 2328 4403 gentilibus
2357 4332 2491 4388 culti
2519 4331 2803 4398 memoria,
2831 4346 3044 4387 necnon
3081 4331 3186 4385 alia
3209 4329 3454 4400 quaedam
3483 4325 3693 4382 similia

431 4449 884 4518 Chrysostomum
939 4449 1356 4503 concionautem
1390 4447 1596 4504 referre
1615 4446 1924 4512 videantur,
1977 4461 2086 4500 non
2119 4461 2294 4516 pauca
2333 4453 2462 4501 sunt
2487 4461 2610 4516 qua:
2639 4445 2986 4514 peregrinum
3019 4443 3220 4508 oleant,
3267 4443 3698 4498 exclamationes

439 4563 695 4618 nimirum
745 4571 798 4618 et
819 4565 1270 4637 interrogationes
1300 4573 1597 4634 perpetuae,
1620 4577 1759 4631 quas
1795 4563 1920 4617 licet
1959 4560 2020 4616 S.
2053 4561 2245 4618 doctor
2272 4577 2380 4616 non
2405 4575 2530 4617 raro
2563 4561 2739 4617 soleat
2765 4575 3052 4630 usurparet,
3087 4574 3197 4614 non
3239 4567 3348 4612 tam
3381 4557 3696 4627 frequenter

1296 4901 1416 4984 IN
1461 4901 2275 4988 PRODITIONEM
2328 4908 2660 4991 JUDZE
2687 4903 2792 4986 (α).

1841 5081 2264 5140 δεοὒῶὺὲἐὲ

457 5197 607 5252 Nunc
635 5209 842 5251 ammna
873 5193 1114 5264 Daphne,
1139 5209 1280 5249 nunc
1305 5193 1550 5265 religiosa
1575 5205 1674 5262 est,
1695 5209 1799 5252 non
1828 5199 1988 5254 modo

401 5287 543 5359 quod
585 5287 954 5358 limpidissima
1003 5285 1202 5341 ﬂuenta
1243 5285 1469 5353 emittat,
1511 5301 1616 5342 non
1647 5287 1786 5358 quod
1823 5289 1985 5344 arbo-

399 5397 515 5434 rum
559 5393 740 5436 eon'ias
783 5379 891 5434 alat
929 5379 1380 5449 iucundissimas;
1421 5378 1518 5434 sed
1561 5379 1702 5448 quod
1748 5383 1986 5452 peregri-

398 5489 519 5528 nam
553 5473 784 5542 plantam
807 5487 1020 5528 cruccm
1050 5472 1312 5542 receperit
1339 5489 1353 5525 :
1387 5485 1528 5526 nunc
1555 5470 1675 5526 fons
1697 5485 1825 5528 vere
1847 5481 1988 5528 tem-

401 5577 594 5635 perans
621 5573 704 5618 est
735 5575 790 5618 et
825 5565 1012 5634 Pythio
1039 5563 1270 5618 dzemoni
1304 5562 1574 5619 terribilis.
1619 5561 1734 5619 Non
1763 5563 1988 5635 ampiius

465 5679 538 5741 (α)
571 5681 640 5730 Ex
657 5677 766 5729 Cod.
794 5685 888 5728 Em.
919 5679 1051 5728 card.
1074 5679 1313 5730 Ottobom.

2093 5203 2270 5273 impiis
2298 5201 2427 5257 viris
2465 5201 2638 5256 solum
2677 5199 2989 5256 calcandum
3029 5198 3214 5263 otl'ert,
3259 5195 3353 5252 sed
3391 5197 3545 5252 vobis
3587 5197 3692 5266 piis

2092 5309 2282 5348 nemus
2317 5293 2550 5363 przebet,
2597 5291 2880 5363 imaginem
2909 5291 3156 5344 amabilis
3203 5287 3348 5344 illius
3375 5289 3500 5356 loci,
3543 5289 3688 5343 born

2092 5401 2312 5456 nempe,
2347 5386 2398 5440 in
2441 5399 2550 5455 quo
2591 5384 2891 5440 Servatoris
2929 5382 3194 5453 proditio,-
3221 5385 3394 5436 audax
3429 5380 3642 5435 facinus
3665 5421 3683 5446 ,

2093 5486 2302 5547 peracta
2326 5485 2428 5542 est,
2458 5475 2748 5546 salutisque
2788 5483 2983 5530 nostra:
3023 5474 3290 5544 negotium
3319 5482 3497 5527 ortum
3524 5487 3684 5526 acce-

2094 5571 2188 5640 pit.
2221 5570 2432 5626 Atenim
2456 5569 2582 5639 quid
2609 5567 2860 5638 praesenti
2881 5567 3041 5624 emtui
3069 5567 3256 5636 loquar
3275 5580 3382 5621 non
3407 5565 3684 5636 suppetit:

2097 5663 2326 5736 linguam
2359 5671 2536 5718 movet
2555 5671 2726 5718 canus
2757 5659 2822 5716 ad
2847 5658 3036 5716 Jin‘lam
3077 5657 3452 5725 incusandum,
3484 5661 3580 5712 sed
3625 5669 3688 5712 os
3739 5661 3742 5666 '
