4080 6198
345 385 444 437 717

343 514 520 552 meum
547 499 614 552 ad
644 513 704 554 se
746 499 1004 568 pertrahit
1044 497 1344 553 Servator-is
1377 499 1678 554 ekmentia.
1727 501 1940 557 Duobus

347 594 495 648 hisce
534 593 806 659 detineor,
841 592 966 649 odio
1005 593 1294 663 proditoris
1319 601 1373 649 et
1399 608 1585 649 amore
1617 595 1821 648 Domini
1849 613 1860 648 :
1887 604 1940 648 at

345 684 508 740 vincit
532 685 712 739 odium
746 697 918 751 amor,
941 693 1124 754 utpote
1149 683 1318 752 maior
1342 683 1689 755 validiorque.
1741 671 1940 753 Quam-

343 777 532 830 obrem
563 775 752 831 relicto
791 775 1084 846 proditore,
1115 776 1411 831 benelicum
1440 777 1675 841 celebro,
1706 792 1808 830 non
1841 792 1939 846 pro

348 867 488 921 illius
515 866 770 937 dignitate
794 908 809 935 ,
833 866 928 922 sed
960 881 1054 936 pro
1083 866 1327 922 facultate
1367 883 1502 923 mea.
1535 868 1813 934 Quomodo
1855 869 1938 924 in-

346 957 564 1012 clinavit
591 957 774 1025 cados,
816 967 870 1013 et
894 959 1169 1014 descendit
1198 959 1250 1013 in
1296 960 1532 1014 terram?
1561 959 1828 1029 quomodo
1871 960 1935 1023 is,

347 1049 435 1118 qui
479 1057 647 1103 totum
677 1050 849 1118 replet
876 1048 1151 1115 mundum,
1192 1049 1258 1103 ad
1291 1064 1376 1104 me
1418 1050 1603 1116 venit,
1633 1065 1728 1118 pro
1763 1065 1847 1104 me
1887 1059 1942 1104 et

346 1141 638 1197 secundum
683 1157 770 1198 me
813 1142 1023 1197 lactus?
1051 1143 1321 1213 quomodo
1350 1159 1506 1210 eum,
1552 1158 1709 1213 quem
1756 1142 1939 1212 prodi-

349 1243 516 1289 torem
568 1232 804 1288 futurum
857 1243 1114 1300 noverat,
1157 1234 1472 1303 discipulum
1519 1234 1765 1303 accepit?
1808 1249 1940 1304 quo-

348 1327 507 1380 modo
544 1328 814 1382 inimicum
842 1343 902 1383 se
932 1336 988 1381 ut
1013 1329 1238 1382 amicum
1266 1329 1418 1397 sequi
1444 1328 1604 1396 jussit
1626 1328 1648 1380 ’ἰ
1674 1328 1942 1396 quomodo

349 1436 452 1474 non
496 1420 562 1474 de
593 1419 914 1488 proditione,
947 1420 1044 1474 sed
1074 1420 1140 1474 de
1182 1420 1468 1491 proditoris
1495 1420 1663 1475 salute
1693 1419 1787 1474 fuit
1829 1421 1940 1474 snl-

351 1511 567 1583 licitus?
608 1510 740 1564 Nam
781 1509 996 1581 Vespere
1025 1512 1182 1579 facta,
1222 1513 1411 1581 inquit,
1457 1511 1941 1565 rccumbebathsus

348 1622 463 1658 cum
508 1605 773 1660 duodecim
822 1605 1084 1678 discipulis
1122 1607 1247 1674 suis,
1278 1617 1324 1660 et
1373 1607 1796 1661 manducantibus
1839 1606 1941 1661 illis

348 1701 476 1753 dixit
504 1716 522 1752 :
548 1699 726 1765 Amen,
759 1716 908 1754 amen
937 1701 1049 1754 dico
1070 1702 1225 1764 vobis,
1263 1701 1399 1767 quod
1424 1718 1552 1755 unus
1590 1711 1805 1754 vestrum
1833 1709 1940 1753 tra-

349 1791 430 1844 det
466 1808 546 1844 me
589 1790 802 1862 (Matth.
851 1791 944 1848 26.
975 1792 1065 1847 20.
1116 1793 1232 1863 2|).
1280 1792 1641 1848 Proditionem
1675 1792 1939 1862 prtcdixit,

348 1893 408 1935 ut
437 1883 613 1938 scelus
637 1881 932 1938 cohiberet.
962 1883 1240 1939 Neminem
1269 1883 1510 1938 indicans
1543 1883 1939 1953 praedictionem

351 1977 546 2044 emisit,
579 1992 697 2046 qua:
725 1975 793 2031 de
819 1975 1063 2046 discipuli
1098 1976 1352 2046 nequitia,
1397 1975 1831 2030 recumbentibus
1855 1987 1945 2029 oc-

348 2067 514 2133 culta,
561 2067 890 2136 triumphare
933 2082 1038 2121 non
1083 2067 1272 2136 potuit.
1323 2066 1452 2135 Quis
1493 2067 1646 2121 talem
1691 2080 1942 2134 umquam

351 2159 563 2214 Domini
609 2159 986 2230 benignitatem
1031 2160 1198 2214 vidit?
1237 2159 1299 2212 Et
1326 2159 1565 2228 proditur
1605 2167 1658 2214 et
1702 2159 1942 2228 prodito-

352 2265 463 2304 rem
495 2259 658 2304 amat.
697 2249 827 2318 Quis
863 2249 1155 2320 despicitur
1183 2258 1236 2304 et
1267 2249 1628 2304 misericordia
1662 2247 1943 2303 movetur?

349 2345 598 2400 venditur
644 2352 698 2400 et
740 2345 1121 2415 nequissimum
1171 2353 1521 2398 mercatorem
1567 2357 1767 2397 mensa:
1811 2357 1944 2396 con-

350 2449 551 2491 sortem
589 2436 816 2505 accipit,
855 2443 910 2491 et
953 2435 1249 2490 insidiatori
1293 2435 1499 2505 parcit?
1532 2434 1595 2488 Et
1633 2433 1946 2488 manducan-

351 2529 481 2584 tibus
519 2528 622 2584 illis
660 2529 1024 2596 dixit:Amen,
1086 2545 1230 2582 auten
1275 2529 1386 2581 dico
1427 2528 1596 2593 vobis,
1636 2525 1771 2596 quod
1811 2541 1945 2580 unus

351 2632 566 2676 vestrum
591 2623 752 2676 tradet
779 2639 856 2676 me
888 2620 992 2694 (Ib.
1025 2639 1071 2676 υ.
1096 2621 1210 2692 2i).
1236 2621 1304 2678 Ut
1337 2623 1496 2675 homo
1523 2619 1857 2684 comedebat,
1892 2628 1946 2673 et

351 2723 409 2767 ut
452 2715 592 2768 Deus
622 2715 792 2769 futura
834 2714 1200 2784 praedicebat:
1245 2729 1366 2785 qua:
1404 2720 1605 2767 natura:
1635 2719 1946 2780 competunt

352 2821 523 2870 metu,
573 2805 660 2861 ille
704 2806 806 2860 mei
846 2821 1003 2862 causa
1043 2807 1222 2862 subire
1271 2805 1536 2876 dignatur.
1580 2803 1944 2874 Omnibusque

349 2898 622 2968 discipulis
648 2899 715 2954 de
762 2899 849 2953 tali
893 2898 1036 2954 dicto
1080 2897 1423 2969 stupefactis,
1468 2907 1524 2952 et
1565 2896 1942 2952 conscientiam

352 3009 502 3047 suam
556 2993 787 3062 graviter
830 2991 1179 3059 ferientibus,
1228 3006 1546 3061 comamque
1595 2991 1646 3045 in
1699 2993 1946 3048 maeroris

354 3096 563 3154 tempus
591 3085 1044 3149 couvcrtentibus,
1074 3084 1400 3154 singulisque
1425 3083 1743 3150 dicentibus,
1778 3083 1946 3136 Num-

350 3177 474 3246 quid
509 3193 600 3248 ego
629 3193 739 3230 sum
761 3217 777 3242 ,
815 3175 1032 3230 Domine
1064 3174 1173 3247 (Ib.
1210 3192 1257 3229 υ.
1286 3174 1406 3246 29.γέ
1434 3184 1489 3229 ιιι
1525 3174 1944 3244 lntcrrogatioue

355 3270 444 3324 illa
487 3271 725 3325 molestae
755 3269 1072 3340 suspicionis
1102 3269 1341 3324 levamen
1375 3268 1707 3332 invenirent,
1753 3267 1944 3321 animis

352 3363 726 3432 intempestive
758 3362 1024 3431 percussis
1047 3361 1340 3414 remedium
1370 3360 1627 3414 adhibens
1651 3359 1902 3415 Servator
1925 3400 1938 3421 ,

350 3470 476 3508 eum
528 3455 616 3524 qui
667 3454 922 3509 hactenus
965 3455 1203 3509 occultus
1244 3452 1417 3508 fuerat
1458 3453 1808 3524 responsione
1847 3467 1944 3508 sua

351 3548 587 3604 declarat
611 3566 624 3601 :
648 3547 746 3614 Qui
771 3549 989 3618 iutingit,
1017 3547 1202 3616 inquit,
1232 3563 1422 3600 mecum
1449 3562 1654 3600 manum
1679 3547 1732 3599 in
1755 3550 1940 3610 catino,

355 3645 438 3698 hic
480 3660 559 3698 me
592 3643 774 3698 tradet.
819 3640 882 3696 Et
932 3642 1094 3696 Filius
1120 3642 1318 3711 quidem
1365 3641 1582 3695 hominis
1611 3640 1770 3706 tradit,
1816 3640 1945 3693 sicut

353 3737 598 3805 scriptum
642 3746 715 3789 est
759 3735 821 3787 de
850 3734 958 3788 illo.
998 3733 1082 3786 ναι
1115 3743 1284 3786 autem
1320 3732 1510 3785 homini
1537 3732 1642 3794 illi,
1673 3748 1760 3800 per
1797 3747 1944 3799 quem

355 3827 529 3882 Filius
569 3827 785 3882 hominis
820 3827 1046 3880 tradetur
1070 3843 1087 3878 :
1125 3825 1309 3879 bonum
1350 3825 1393 3878 ei
1435 3834 1543 3878 erat
1583 3823 1628 3878 si
1665 3833 1814 3877 natus
1845 3840 1944 3877 non

355 3922 534 3990 [uisset
565 3919 713 3974 Itonia
753 3920 841 3974 ille
869 3919 972 3988 (Ib.
1019 3935 1066 3972 υ.
1095 3919 1182 3975 25.
1214 3917 1330 3986 94).
1374 3917 1654 3972 Miseratur
1679 3931 1823 3979 eum,
1855 3916 1945 3985 qui

354 4029 417 4066 se.
441 4012 683 4066 miserati
715 4013 915 4076 noluit;
949 4013 1114 4079 parcit
1139 4011 1210 4074 ei,
1239 4011 1327 4079 qui
1353 4009 1545 4062 anima:
1570 4022 1680 4061 suto
1705 4021 1808 4060 non
1851 4021 1945 4075 pe-

357 4114 620 4174 percerat.
645 4105 819 4158 Palam
846 4103 1022 4159 facere
1046 4105 1260 4157 nolebat
1279 4117 1422 4166 eum,
1451 4103 1540 4170 qui
1569 4102 1751 4171 sciam
1774 4101 1946 4170 palam

357 4198 576 4261 fecerat,
607 4197 678 4252 illi
707 4196 1030 4266 ptenitentim
1061 4206 1183 4262 tem;
1206 4209 1288 4261 us,
1317 4194 1700 4265 discipulisque
1731 4193 1948 4263 reliquis

357 4289 608 4357 interimis
660 4288 921 4344 medelam
977 4287 1343 4356 suppeditans.
1391 4287 1583 4339 Verum
1638 4285 1768 4338 nihil
1826 4285 1947 4339 hinc

356 4380 549 4433 melior
599 4378 820 4434 effectus
863 4377 1102 4449 proditor
1145 4386 1247 4433 est.
1301 4378 1590 4446 Oportebat
1637 4377 1780 4431 enim
1825 4392 1948 4431 eum

353 4482 477 4542 post
523 4470 792 4526 horrenda
841 4469 1144 4540 huiusmodi
1190 4469 1350 4524 verba
1405 4481 1624 4538 repente
1677 4468 1744 4524 de
1795 4483 1950 4522 etena

354 4577 598 4632 surgere,
643 4561 924 4632 oportebat
959 4560 1357 4629 condiscipulos
1387 4559 1764 4630 deprecatores
1793 4558 1946 4613 adhi-

356 4657 510 4719 bere,
541 4654 820 4723 Oportebat
842 4653 1144 4710 Servatnris
1163 4669 1335 4723 genua
1356 4652 1660 4722 complecti,
1696 4651 1948 4720 illumque

358 4745 665 4817 huiusmodi
715 4745 871 4802 dictis
915 4745 1163 4816 placare:
1209 4745 1466 4808 Peccavi,
1507 4743 1944 4807 clementissime,

357 4837 614 4910 peccavi,
663 4837 840 4908 inique
889 4839 1007 4907 egi,
1056 4853 1178 4892 cum
1226 4836 1533 4890 hominibus
1571 4850 1734 4904 parvo
1780 4834 1948 4903 pretio

358 4932 572 4987 vendidi
614 4931 1036 4988 inaestimabilem
1081 4931 1456 5000 margaritam;
1497 4929 1677 4999 inique
1716 4928 1799 4998 egi
1845 4929 1946 4982 im-

359 5043 604 5082 mensum
629 5028 936 5082 thesaurum
961 5042 1057 5097 pro
1083 5025 1226 5080 tenui
1256 5025 1478 5094 pecunia
1501 5023 1754 5095 prodens.
1783 5023 1948 5079 Parce

359 5121 515 5185 mihi,
550 5118 726 5173 damni
771 5127 825 5172 et
869 5116 1123 5186 perniciei
1165 5115 1492 5170 mercatori:
1535 5115 1750 5184 ignosce
1781 5113 1945 5178 mihi,

357 5212 516 5280 cuius
555 5211 792 5263 animmn
834 5209 948 5262 auri
983 5223 1136 5263 amor
1173 5206 1466 5278 corripuit:
1517 5207 1730 5276 ignosce
1763 5207 1810 5260 ei
1856 5209 1946 5276 qui

359 5319 386 5356 a
419 5300 706 5358 Phariswis
732 5303 930 5362 nefarie
958 5303 1215 5374 deceptus
1240 5311 1344 5358 est.
1386 5301 1588 5358 ﬂorum
1626 5304 1827 5357 nullum
1866 5303 1946 5358 vel

361 5396 609 5465 protulit,
640 5397 726 5451 vel
757 5395 1048 5466 cogitavit;
1079 5397 1175 5454 sed
1203 5397 1458 5466 asper-iuri
1488 5412 1618 5452 voce
1657 5398 1818 5452 animi
1851 5397 1952 5452 im-

359 5489 672 5558 pudentiam
714 5490 966 5561 patefecit
1005 5490 1323 5548 clamando:
1366 5489 1631 5558 Numquid
1669 5505 1760 5561 ego
1801 5507 1948 5557 sunt,

364 5579 620 5636 Domine!
645 5580 692 5638 Ο
736 5582 969 5653 linguam
1007 5581 1407 5654 imprudentem!
1448 5596 1482 5637 0
1513 5583 1749 5637 animum
1794 5582 1953 5637 indo-

361 5673 590 5728 mitum!
640 5673 938 5744 lnterrogat
975 5683 1032 5730 ut
1074 5675 1291 5746 ignarus
1315 5689 1524 5739 eorum,
1565 5689 1685 5746 qua:
1727 5673 1954 5729 medita-

361 5768 546 5833 batur,
589 5777 646 5824 et
685 5770 786 5824 hoc
831 5770 996 5824 latere
1046 5778 1193 5839 putat
1228 5769 1384 5826 oculo
1427 5783 1714 5841 numquam
1761 5782 1952 5840 sopore

358 5858 566 5914 clauso.
615 5861 806 5917 Animo
849 5860 1028 5918 dolum
1071 5870 1277 5932 gestat,
1325 5871 1380 5919 et
1421 5863 1595 5932 lingua
1638 5860 1951 5933 ignorantia:

1597 387 1682 442 DE
1725 387 2133 446 I‘RODITIONE
2173 389 2246 446 .lU
2259 389 2388 444 DxE.

3531 399 3630 454 7l8

2049 503 2267 558 verbum
2311 502 2510 571 profert
2544 519 2555 554 ε
2592 513 2768 557 mente
2807 503 2916 571 iam
2944 504 3300 573 proditionem
3335 505 3553 574 fecerat,
3579 523 3630 566 et

2043 609 2160 660 ore,
2203 603 2260 647 ut
2289 602 2468 663 putat,
2513 603 2785 662 peccatmn
2832 595 3051 664 obtegit.
3101 596 3291 650 Iisdem
3339 605 3498 667 atque
3543 601 3631 654 alii

2045 685 2290 755 discipuli
2344 685 2506 739 utitur
2550 687 2727 739 verbis
2753 727 2766 751 ,
2810 686 2966 756 longe
3009 687 3354 743 dissimilibus
3406 705 3524 744 eum
3566 694 3632 748 sit

2045 776 2285 830 moribus
2313 794 2325 830 :
2357 777 2511 846 lupus
2539 778 2752 844 animo,
2787 780 2945 832 ovina
2990 781 3278 848 respondet
3301 796 3452 837 voce.
3495 784 3632 852 Quid

2043 865 2114 920 ad
2139 867 2286 920 illum
2313 866 2562 922 Servator
2582 868 2605 921 ?
2626 867 2705 920 Tu
2734 869 2924 922 dixisti.
2950 869 3216 924 'I‘oleranti
3250 885 3378 926 voce
3406 872 3631 942 improbi

2045 975 2260 1015 scenam
2291 961 2547 1031 coarguit.
2582 961 2798 1015 Poterat
2827 963 2970 1016 enim
3011 962 3086 1016 illi
3124 963 3301 1018 dicere
3335 982 3347 1018 :
3381 965 3518 1033 Quid
3550 967 3634 1020 di-

2045 1051 2142 1117 cis,
2166 1054 2493 1109 exsccrande
2538 1062 2592 1109 et
2617 1056 2915 1109 scelerate?
2956 1056 3079 1124 quid
3111 1056 3260 1119 dicis,
3293 1060 3634 1127 pecuniarqu

2045 1144 2396 1215 mancipium,
2443 1154 2499 1200 et
2539 1146 2733 1200 diaboli
2784 1148 3051 1201 consors?
3097 1148 3331 1203 audesne
3383 1143 3659 1220 ignoran-‘

2047 1238 2172 1291 tiam
2201 1238 2494 1293 simulare?
2519 1239 2684 1293 audes
2706 1240 2956 1308 obtegere
2982 1255 3099 1309 quae
3126 1241 3300 1310 obtegi
3329 1245 3640 1310 nequeunt?

2045 1344 2222 1384 annon
2275 1330 2549 1384 divinitate
2602 1331 2878 1385 adstabant
2944 1332 3035 1386 tibi
3083 1332 3296 1401 indigna
3352 1333 3643 1388 molienti?

2044 1433 2220 1474 annon
2269 1420 2560 1475 divinitatis
2601 1424 2757 1475 oculo
2801 1431 2851 1476 te
2897 1423 2999 1476 vidi
3044 1423 3327 1478 adeuntem
3371 1425 3641 1494 principes

2046 1515 2424 1572 sacerdotum?
2463 1533 2638 1570 annon
2688 1517 2769 1571 vel
2811 1517 3005 1572 absens
3044 1517 3324 1572 audiebam
3367 1526 3418 1572 te
3455 1517 3639 1572 dictan-

2046 1618 2174 1676 tem,
2211 1610 2347 1677 Quid
2371 1610 2517 1663 vultis
2560 1611 2681 1662 mihi
2720 1610 2862 1674 dare,
2906 1619 2951 1663 et
2999 1627 3086 1680 ego
3113 1611 3248 1664 vobis
3285 1627 3395 1664 eum
3442 1611 3639 1662 tradam

2048 1701 2267 1772 (Matth.
2298 1702 2386 1756 ‘26.
2435 1703 2564 1773 15)?
2616 1719 2680 1755 an
2715 1703 2899 1769 ignoro
2942 1703 3122 1771 quanti
3165 1717 3249 1756 me
3297 1701 3640 1756 vendideris?

2046 1794 2184 1860 Quid
2217 1795 2412 1864 igitur?
2452 1796 2593 1849 itane
2636 1794 2910 1848 convictus
2953 1793 3294 1863 impudenter
3319 1794 3470 1858 agis?
3511 1793 3634 1862 quid

2047 1901 2109 1941 ea
2160 1895 2339 1956 tegere
2387 1887 2599 1940 conaris
2641 1902 2759 1956 qua:
2813 1885 2987 1940 facere
3041 1885 3241 1954 cupis?
3288 1884 3416 1938 mihi
3461 1884 3636 1938 omnia

2047 1975 2187 2033 nuda
2233 1987 2288 2034 et
2333 1989 2516 2049 aperta
2563 1987 2708 2032 sunt.
2745 1977 2872 2031 llzec
2916 1992 3034 2030 cum
3086 1975 3413 2045 respondere
3460 1986 3638 2044 posset

2046 2071 2312 2136 Christus,
2347 2087 2452 2124 non
2495 2072 2565 2124 ita
2609 2070 2857 2138 loquutus
2885 2078 3002 2133 cst;
3048 2067 3142 2122 sed
3174 2067 3484 2135 simpliciter
3529 2065 3639 2134 pla-

2050 2164 2274 2234 cideque
2321 2165 2437 2217 sine
2469 2162 2577 2217 ullo
2621 2160 3001 2231 indignationis
3040 2159 3279 2224 stimulo,
3311 2157 3390 2211 Tu
3431 2158 3639 2219 dixisti;

2049 2267 2107 2311 ut
2147 2271 2244 2310 nos
2275 2254 2493 2309 doceret
2529 2254 2606 2308 sic
2645 2268 2765 2306 cum
2797 2251 3024 2306 inimicis
3067 2263 3185 2304 esse
3227 2248 3511 2320 agendum.
3547 2250 3638 2302 At-

2050 2357 2226 2402 tamen
2280 2355 2400 2417 post
2446 2351 2644 2400 tantam
2696 2343 3064 2398 circuitionem
3112 2341 3304 2395 mansit
3351 2340 3402 2394 in
3449 2339 3638 2393 morbo

2047 2439 2228 2503 ludas,
2263 2453 2368 2493 non
2400 2436 2613 2502 medici,
2641 2435 2736 2492 sed
2763 2435 3072 2506 aegrotantis
3101 2433 3322 2487 incuria.
3353 2430 3447 2486 llle
3485 2446 3637 2484 ruun-

2048 2545 2152 2599 que
2176 2530 2353 2584 omnia
2378 2528 2444 2584 ad
2484 2529 2710 2582 salutem
2742 2524 2977 2581 remedia
3003 2523 3342 2590 admovebat,
3385 2521 3471 2576 hic
3511 2538 3638 2575 vero

2048 2637 2110 2675 ea
2141 2620 2423 2675 admittere
2452 2618 2703 2684 nolebat;
2747 2615 2840 2671 sed
2871 2630 3028 2670 unam
3072 2630 3191 2669 cum
3242 2623 3422 2667 nosset
3459 2613 3636 2666 avari-

2049 2714 2195 2777 tiam,
2225 2728 2412 2767 aurum
2443 2708 2658 2766 Christo
2688 2708 3064 2779 anteponebat,
3098 2717 3318 2776 eratque
3350 2707 3432 2769 iis,
3464 2706 3553 2775 qui
3580 2723 3636 2758 se

2048 2807 2438 2870 conduxerant,
2472 2803 2762 2858 benevolus
2801 2811 2962 2872 atque
2990 2800 3178 2853 fidelis.
3210 2797 3483 2853 Accedens
3510 2812 3636 2852 vero

2048 2899 2213 2954 Jutlas
2248 2897 2464 2952 Christo
2487 2894 2621 2949 dixit
2649 2912 2662 2948 :
2693 2892 2816 2957 Ave,
2858 2892 3019 2946 Rabbi
3039 2907 3058 2955 ;
3081 2899 3126 2942 et
3149 2889 3402 2943 osculatus
3426 2898 3499 2941 est
3524 2905 3636 2940 eum

2050 2989 2157 3063 (Ib.
2183 3009 2228 3046 ιο.
2260 2989 2371 3059 49).
2400 2987 2578 3041 Novus
2607 2999 2736 3039 sane
2779 2982 3092 3052 proditionis
3119 2978 3328 3044 modus,
3361 2978 3427 3031 ab
3453 2978 3637 3031 osculo

2048 3094 2103 3138 et
2155 3080 2563 3150 compellatione
2611 3076 2882 3146 prodieus.
2933 3075 3082 3127 Jesus
3125 3083 3295 3127 autem
3337 3071 3466 3124 dixit
3509 3069 3586 3123 illi
3619 3086 3637 3123 :

2050 3173 2242 3237 Amice,
2275 3172 2343 3224 ad
2372 3171 2496 3239 quid
2526 3170 2703 3222 venisti
2741 3165 2846 3239 (Ib.
2877 3183 2926 3220 υ.
2965 3163 3096 3234 50)?
3122 3150 3248 3233 quid
3291 3178 3376 3217 me
3405 3161 3638 3232 gaudere

2045 3263 2224 3333 iubes,
2269 3261 2394 3316 dmn
2446 3259 2574 3314 mihi
2623 3259 2820 3312 malum
2870 3256 3067 3311 inferre
3108 3253 3348 3322 cogitas?
3388 3252 3512 3323 quid
3553 3266 3638 3306 me

2051 3355 2212 3410 verbo
2260 3353 2481 3417 delinis,
2529 3354 2654 3406 dum
2705 3364 2866 3419 opere
2914 3347 3191 3418 percutis?
3257 3359 3412 3399 vocas
3466 3345 3636 3413 magi-

2049 3458 2237 3513 strum,
2287 3462 2407 3502 cum
2453 3460 2559 3499 non
2601 3443 2676 3497 sis
2717 3438 3050 3510 discipulus?
3076 3437 3200 3508 quid
3247 3436 3480 3491 caritatis
3517 3435 3634 3504 jura

2049 3539 2330 3596 conl‘ndis?
2372 3554 2468 3593 cur
2499 3537 2643 3606 pacis
2667 3533 2967 3606 symbolum
2999 3531 3052 3585 in
3083 3531 3291 3599 signum
3323 3526 3637 3598 proditionis

2050 3631 2351 3688 convertis?
2406 3629 2682 3698 cuiusnam
2733 3625 2980 3693 exemplo
3046 3623 3148 3676 hoc
3201 3619 3446 3690 peragis?
3498 3618 3633 3673 Num

2049 3725 2128 3780 sic
2194 3722 2374 3778 vidisti
2431 3735 2602 3790 nuper
2669 3717 3004 3772 meretricem
3076 3713 3236 3783 pedes
3308 3713 3634 3766 osculantem

2051 3819 2239 3876 meos?
2280 3834 2404 3872 num
2442 3817 2519 3871 sic
2566 3814 2742 3869 vidisti
2784 3813 3148 3868 centurionem
3197 3810 3252 3863 in
3295 3822 3462 3875 genua
3515 3821 3637 3874 pru-

2050 3910 2432 3969 cumbentem?
2474 3923 2596 3961 num
2639 3907 2774 3960 forte
2820 3904 3090 3958 daemonas
3123 3902 3191 3955 ita
3231 3896 3636 3954 succumbentes

2051 4002 2270 4060 vidisti?
2312 4001 2444 4056 Novi
2474 3999 2592 4070 quis
2642 3998 2733 4052 tibi
2775 3996 2946 4051 dolosi
2987 3994 3152 4050 osculi
3184 3993 3320 4045 viam
3367 3997 3636 4044 monstra-

2049 4096 2187 4151 verit
2214 4113 2226 4148 :
2257 4092 2502 4148 diabolus
2533 4091 2622 4144 tibi
2656 4089 2775 4143 talis
2803 4087 3079 4156 amplexus
3107 4085 3319 4138 modum
3351 4082 3632 4151 suggessit,

2051 4197 2106 4244 tu
2149 4201 2280 4243 vero
2309 4184 2554 4253 improbo
2595 4179 2900 4236 consiliario
2937 4177 3346 4245 obtemperans,
3385 4174 3501 4239 eius
3541 4186 3636 4223 vo-

2050 4279 2307 4336 luntatem
2350 4274 2679 4345 exsequeris.
2711 4271 2883 4325 Amice
2903 4311 2921 4337 ,
2956 4270 3024 4323 ad
3051 4269 3172 4339 quid
3211 4266 3431 4320 venisti?
3461 4263 3637 4333 iniqua

2052 4382 2201 4444 pacta
2228 4371 2411 4439 imple,
2451 4383 2569 4438 qua:
2615 4382 2736 4422 cum
2762 4363 3054 4418 'Phariszeis
3085 4358 3247 4414 iniisti
3285 4356 3641 4412 :venditionis

2053 4467 2409 4540 syngrapham
2458 4465 2675 4518 absolve
2729 4478 2742 4514 :
2789 4459 3064 4514 subscribe
3115 4457 3187 4511 illi
3237 4454 3450 4523 negotio
3499 4449 3639 4520 quod

2055 4562 2321 4632 pollicitus
2350 4572 2407 4612 es
2437 4577 2450 4612 :
2483 4554 2650 4626 prode
2674 4568 2819 4618 cum,
2849 4551 2936 4622 qui
2967 4548 3116 4618 prodi
3145 4546 3328 4614 cupit:
3356 4544 3463 4613 iam
3507 4558 3644 4632 pra--

2055 4631 2135 4708 ter
2187 4653 2390 4706 loculos
2446 4644 2765 4703 venditionis
2812 4640 3138 4711 marsupium
3195 4635 3456 4708 posside:
3508 4631 3640 4687 cede

2055 4745 2266 4808 latroni,
2297 4743 2386 4814 qui
2416 4757 2510 4811 per
2535 4736 2924 4794 confessionem
2951 4731 3192 4787 ordinem
3220 4728 3508 4797 adepturus
3535 4733 3639 4786 est,

2052 4854 2209 4910 quem
2257 4846 2311 4891 tu
2362 4850 2456 4905 per
2497 4831 2852 4902 proditionem
2890 4824 3135 4881 amisisti.
3171 4821 3313 4876 Tunc
3353 4817 3645 4872 accedentes

2053 4933 2330 5000 injcceruut
2368 4941 2548 4980 manus
2577 4925 2630 4978 in
2670 4921 2866 4986 Jesum,
2900 4929 2947 4972 et
2976 4926 3240 4971 tenuerunt
3279 4930 3392 4968 cum
3431 4911 3642 4984 (Ibid)

2053 5021 2204 5076 Tunc
2243 5018 2567 5088 completum
2619 5021 2704 5069 est
2752 5010 3121 5082 propheticum
3168 5006 3299 5062 illud
3337 5005 3642 5075 eloquimu:

2055 5111 2501 5171 Clrcumdedertutt
2523 5125 2600 5162 me
2623 5107 2750 5162 sicut
2778 5120 2898 5175 apes
2923 5106 3114 5174 favum,
3147 5110 3192 5154 et
3221 5105 3517 5153 exarserunt
3541 5095 3643 5148 sic-

2055 5217 2109 5260 ut
2152 5204 2282 5276 ignis
2321 5204 2375 5256 in
2413 5201 2573 5270 spinis
2613 5196 2782 5270 (Psal.
2821 5197 2943 5250 H7.
2977 5193 3100 5260 12);
3147 5205 3210 5245 ac
3251 5202 3499 5243 rursum:
3535 5184 3646 5237 Cir-

2058 5297 2415 5353 cumdedcruut
2440 5309 2517 5347 me
2540 5307 2687 5345 canes
2730 5289 2874 5342 multi
2893 5328 2908 5353 ,
2942 5287 3074 5340 tauri
3107 5285 3312 5352 pingues
3346 5276 3644 5331 obsederunt

2057 5408 2135 5446 me
2172 5388 2345 5460 (Psal.
2377 5386 2466 5440 ΕΗ.
2504 5385 2616 5455 17).
2665 5382 2860 5437 Verum
2901 5396 2932 5431 υ
2975 5373 3342 5437 tolerantiam,
3384 5383 3502 5438 qua:
3547 5365 3645 5419 soli

2037 5485 2158 5556 “ipsi
2187 5481 2440 5552 competit
2471 5481 2486 5534 l
2530 5477 2586 5532 ln
2616 5475 2751 5532 caelo
2793 5469 3080 5529 Cherubim
3125 5475 3181 5522 et
3207 5460 3486 5533 Seraphin:
3525 5474 3645 5513 cum

2059 5554 2164 5634 non
2203 5575 2435 5632 audeant
2475 5571 2738 5641 respicere
2777 5566 3057 5621 sublimem
3087 5559 3202 5630 eius
3240 5556 3484 5628 gloriam,
3532 5554 3651 5607 vul—

2063 5679 2173 5726 tum
2201 5682 2354 5723 suum
2383 5666 2478 5719 alis
2509 5678 2607 5718 ceu
2638 5659 2878 5715 manibus
2905 5652 3173 5724 operiunt,
3201 5659 3256 5706 et
3276 5649 3327 5703 iu
3355 5657 3490 5702 terra
3523 5645 3648 5701 dum

2060 5775 2186 5816 caro
2215 5758 2331 5830 eius
2371 5755 2616 5810 ntanibus
2659 5751 2960 5820 iniquorum
2998 5750 3290 5808 teneretur,
3332 5739 3380 5793 id
3431 5736 3518 5790 ille
3555 5750 3644 5803 pa-

2063 5829 2308 5913 tiebatur.
2341 5851 2612 5908 Videtisne
2651 5862 2812 5917 quam
2843 5839 3088 5914 patientis
3120 5848 3173 5894 et
3199 5833 3410 5908 benigni
3443 5829 3651 5884 Dntnini
