4080 6198
451 347 555 406 '419
651 353 666 388 -’

457 461 586 515 servi
631 459 794 516 sitis?
847 459 1009 514 Iidem
1053 473 1180 528 ergo
1227 467 1396 512 estote
1441 473 1564 528 erga
1617 457 1860 512 inimicos
1897 471 2028 512 con-

447 567 634 607 servos
675 563 901 614 vestros,
929 551 1138 622 qualem
1165 567 1288 622 erga
1321 552 1562 606 inimicos
1587 567 1712 606 suos
1753 551 2032 605 Dominum

453 644 680 698 vidistis.
724 644 930 698 Etenim
979 659 1072 699 vos
1101 659 1313 713 quoque
1353 644 1420 698 ad
1455 659 1662 698 coenam
1705 643 2032 714 spiritualem

456 738 678 790 vocandi
737 737 909 790 estis:
959 751 1080 790 cum
1129 735 1351 789 Domino
1407 734 1824 791 recumbendum
1879 733 2034 788 vobis

457 827 598 878 erit:
647 841 712 880 ne
755 825 872 895 quis
917 826 968 880 iu
1015 824 1164 880 vobis
1205 823 1368 880 ludas
1407 823 1644 878 moribus
1688 823 2029 893 reperiatur:

803 1029 810 1034 Α
821 1026 1127 1038 ...ι-...ουκ
1147 1028 1218 1038 ...μ
1235 1027 1254 1034 —
1269 1025 1398 1038 ———~}\
1411 1023 1748 1038 ἰα’-τζετὲτ--ῒ

1133 1028 1328 1048 ,επ-..ς’
1235 1027 1254 1034 “
1269 1025 1557 1047 '_.:—’L___J"'-—
1565 1025 1870 1046 m'——‘::‘:_T

485 1025 643 1052 ενδ,
662 1031 672 1048 ,
725 1031 729 1050 ,
803 1026 1118 1038 .....__...___.

1162 347 1217 401 8.
1257 345 1532 402 JOANNIS
1569 344 2038 402 CllRYSOSTO-Ml
2079 342 2398 400 ABCIIIEP.
2439 339 2976 398 CONSTANTINOP.

1751 1020 2388 1046 m

3619 333 3726 390 T20

2139 469 2330 510 omnes
2361 469 2484 509 cum
2531 467 2663 524 pace
2707 461 2761 508 et
2813 448 3196 520 tranquillitate
3235 445 3510 510 accedite;
3539 461 3729 502 omnes

2139 563 2260 603 cum
2309 562 2440 618 pura
2499 531 2848 602 conscientia
2873 542 3148 598 Servatori
3191 552 3557 602 occurramus.
3611 537 3731 606 Ipse

2139 654 2367 709 namque
2395 647 2480 694 est
2510 637 2742 692 fidelium
2769 634 3028 706 jejunium
3057 642 3218 704 atque
3247 631 3551 686 convivium
3585 647 3598 682 :
3643 629 3732 684 hic

2140 730 2393 784 nutritius
2420 737 2580 797 atque
2617 729 3026 796 nutrimentum,
3057 727 3142 780 hic
3173 733 3356 794 pastor
3379 733 3438 779 et
3455 723 3590 778 ovis.
3623 721 3730 788 ipsi

2139 823 2308 893 gloria
2339 821 2392 876 in
2421 822 2614 878 saecula
2635 819 2976 876 saeculorum.
3007 819 3198 872 Amen.

2396 1020 2620 1030 ——-———

2213 1033 2532 1042 -οη--ι--ι--η--ι--ι
2569 1031 2650 1040 -ια-
2675 1031 2836 1040 -.η-,ιι-

2627 1013 3706 1048 mm

1051 1370 1180 1496 s.
1235 1366 1932 1530 .JOANNIS
2029 1367 3150 1498 CHRYSOSTOMI

1908 1930 2260 1994 MONITUM

543 2162 662 2220 Non
691 2181 890 2236 paucas
916 2167 1317 2239 peregrinitatis
1339 2175 1498 2226 notas
1543 2169 1596 2224 in
1644 2166 1747 2222 hac
1780 2167 2004 2223 homilia-
2042 2165 2512 2238 deprehendimus.
2543 2165 2727 2240 Stylus
2761 2170 2982 2223 omnino
3021 2167 3308 2236 diversus;
3352 2166 3444 2223 illa
3479 2167 3720 2238 Chryso-

473 2283 632 2336 stomi
657 2283 920 2349 inventio,
947 2299 1053 2354 qua
1089 2286 1300 2340 caeteris
1325 2284 1582 2354 praecellit
1608 2283 1988 2352 scriptoribus,
2025 2283 2112 2338 hic
2141 2299 2248 2338 non
2281 2291 2576 2352 comparet.
2603 2283 2762 2338 Ratio
2797 2282 3154 2353 compe'llandi
3191 2281 3720 2348 auditores,_nempo

485 2396 834 2467 φιλόχριστοι,
876 2413 1038 2467 quam
1071 2399 1160 2453 hic
1185 2407 1433 2468 usurpat.
1464 2399 1516 2454 in
1545 2398 1820 2468 germanis
1857 2397 2232 2470 Chrysostomi
2265 2399 2522 2468 operibus
2545 2401 2630 2454 vix
2661 2400 2984 2469 reperiatur.
3019 2397 3138 2454 Non
3175 2399 3446 2456 immerito
3473 2397 3640 2467 igitur
3659 2405 3720 2451 et

469 2511 851 2576 Combelisius,
888 2512 978 2582 qui
1035 2514 1176 2567 hanc
1209 2513 1550 2578 concionem,
1607 2514 1764 2584 quasi
1803 2513 2043 2568 nondum
2074 2513 2330 2569 emissam
2407 2515 2701 2584 publicavit
2731 2529 2873 2568 anno
2927 2512 3084 2579 1656,
3121 2515 3334 2570 tametsi
3385 2525 3448 2568 ea
3503 2510 3712 2565 emissa

471 2629 648 2686 fuerat
687 2633 740 2686 in
787 2631 1035 2686 Etlitione
1073 2631 1446 2703 Chrysostomi
1481 2631 1716 2702 Operum
1768 2629 2034 2700 Parisina,
2089 2649 2230 2688 anno
2270 2633 2433 2698 16³56,
2477 2649 2595 2688 eam
2637 2635 2762 2688 licet
2793 2631 3165 2703 Chrysostomi
3203 2631 3422 2686 nomine
3473 2625 3710 2692 dederit,

479 2747 568 2802 alii
621 2747 856 2804 adscribi
899 2763 1060 2818 posse
1110 2748 1320 2803 auctori
1374 2749 1602 2805 censuit.
1659 2747 1846 2802 Parem
1886 2749 2029 2804 circa
2070 2748 2214 2802 illam
2277 2747 2494 2802 exhibet
2532 2747 2845 2815 scrupulum
2897 2745 3289 2802 Tillemontlus.
3357 2743 3518 2798 Certe
3555 2756 3712 2806 cum,

3331 2973 3414 2986 ὑ

3415 2975 3732 2988 -ῌ

455 3081 520 3124 ιη
550 3077 1190 3128 (ΖΟΜΜΕΜΟΒᾹΤΙΟΝΕΜ
1241 3079 1292 3122 S.
1338 3077 1532 3122 BASSI.
1579 3077 1852 3120 HABITUS
1897 3077 2013 3119 EST
2039 3073 2248 3118 δεκΜο
2283 3073 2366 3115 DE
2407 3071 2676 3125 TIMOBE,
2723 3071 2805 3112 ET
2847 3067 2930 3112 DE
2975 3067 3198 3113 VERBIS
3253 3067 3433 3124 ILLIS,
3481 3067 3736 3113 υιεαιτι

1247 3235 1252 3238 _
1308 3183 1348 3226 Α
1377 3183 1468 3227 ME
1497 3181 1648 3234 QUIA
1677 3175 2026 3237 MITIS'SUM,
2061 3181 2142 3223 ET
2173 3175 2436 3221 HUMILIS
2461 3173 2674 3218 conon
2721 3153 2830 3236 (α).

523 3437 573 3490 l.
615 3433 723 3489 Nos
751 3431 960 3503 quidem
989 3446 1085 3502 par
1105 3439 1238 3496 erat,
1269 3440 1546 3500 postquam
1575 3429 1626 3484 in
1657 3443 1749 3482 vos
1767 3437 1942 3482 tantus
1968 3428 2034 3482 de

451 3524 747 3596 more_l'ons
774 3524 1032 3578 orationis
1058 3523 1256 3578 elTusus
1281 3531 1382 3586 est,
1413 3530 1468 3577 et
1495 3537 1614 3576 cum
1643 3521 1743 3575 hoc
1769 3529 2026 3587 tempore,

447 3627 606 3687 atque
651 3631 681 3670 a
725 3613 1154 3684 prmeedentibus
1201 3613 1570 3668 sacerdotibus
1611 3629 1674 3667 ac
1717 3611 2026 3666 doctoribus

445 3709 660 3776 copiosa
683 3707 834 3764 vobis
853 3707 1144 3777 spiritualis
1168 3715 1250 3762 est.
1276 3707 1534 3761 instructa
1569 3719 1774 3770 mensa,
1805 3719 2028 3774 pauper-

446 3801 596 3857 culas
635 3809 939 3856 nostrorum
993 3800 1277 3856 verborum
1327 3801 1498 3854 stillas
1549 3800 1862 3868 reprimere,
1905 3815 2026 3852 cum

445 3893 746 3961 prtcscrtim
790 3891 1036 3946 diuturna
1087 3892 1327 3960 corporis
1379 3891 1725 3961 aigritndinc,
1775 3905 1838 3944 ac
1881 3891 2026 3944 vocis

445 3983 850 4048 imbecillitate,
893 3993 1052 4054 atque
1111 3985 1245 4038 adeo
1286 3983 1428 4038 curis
1477 3985 1575 4038 sibi
1618 3983 2025 4039 succedentibus

445 4075 718 4144 praspeiliti
766 4073 957 4139 simus,
1001 4091 1035 4128 ο
1070 4073 1264 4130 Christi
1312 4085 1552 4130 amantes
1586 4075 1892 4140 auditores;
1927 4073 2022 4129 sed

442 4164 692 4235 quoniam
719 4165 1025 4232 inexplebili
1063 4167 1379 4222 concinnum
1403 4183 1673 4222 sacrarum
1699 4181 1883 4222 amore
1906 4181 2025 4222 cor-

442 4255 580 4322 repti
607 4268 704 4308 nos
725 4253 792 4308 ad
817 4254 1100 4310 dicendum
1135 4257 1388 4323 invitatis,
1417 4273 1514 4327 age
1537 4258 1829 4312 Salvatoris
1853 4259 2022 4328 gratia

442 4346 580 4400 bene
618 4344 836 4414 iuvante
873 4347 1053 4413 paucis
1093 4348 1341 4416 probitati
1387 4360 1599 4416 vestrm,
1649 4365 1768 4420 qua:
1796 4349 2020 4420 tempori

440 4433 708 4506 quadrent
745 4443 802 4489 et
845 4437 1187 4500 conveniant,
1234 4451 1582 4506 apponamus.
1629 4441 1742 4494 lloc
1778 4441 1920 4494 enim
1965 4449 2021 4496 et

439 4525 592 4578 nobis
627 4523 718 4595 qui
763 4524 1011 4588 dicimus.
1067 4534 1121 4580 et
1166 4527 1319 4581 vobis
1346 4529 1434 4597 qui
1463 4529 1657 4585 auditis
1697 4531 1875 4599 aptius
1913 4539 2016 4596 est,

437 4615 645 4681 opinor,
681 4617 770 4702 qpi
792 4616 1000 4670 ratione
1032 4631 1094 4670 ac
1117 4625 1294 4672 mente
1320 4619 1470 4673 vobis
1499 4635 1616 4689 qua:
1647 4620 1867 4675 meliora
1893 4629 2019 4674 sunt

435 4716 490 4762 et
515 4709 666 4763 utilia
701 4709 1048 4778 comparatis.
1080 4711 1155 4764 Ac
1195 4720 1412 4766 sanctus
1439 4712 1652 4781 quidem
1697 4723 1750 4768 et
1785 4713 2016 4770 celebris

435 4807 639 4870 martyr
662 4807 718 4854 et
741 4801 1024 4870 episc0pus
1072 4801 1286 4868 Bassus,
1318 4803 1407 4873 qui
1447 4819 1655 4858 sacrum
1693 4805 1846 4859 nobis
1875 4807 2016 4860 hunc

436 4902 754 4949 conventum
791 4893 949 4949 hodie
975 4898 1334 4966 cengregavit,
1357 4897 1422 4951 iis
1461 4897 1714 4966 pranniis,
1753 4914 1872 4965 qua:
1899 4899 2015 4954 suis

434 4987 730 5056 promeruit
752 4989 1156 5052 certaminibus,
1179 4990 1288 5058 jam
1309 4991 1532 5061 potitur,
1561 5008 1660 5047 nec
1685 4993 1791 5047 ulla
1813 5005 2014 5049 nostra-

435 5093 552 5130 rum
573 5075 784 5132 laudum
805 5078 1090 5134 collatione
1112 5079 1192 5134 vel
1225 5083 1479 5150 pensione
1505 5099 1646 5138 nunc
1678 5085 1899 5153 indiget,
1917 5087 2012 5141 sed

434 5185 529 5240 pro
555 5169 729 5238 nobis,
754 5179 810 5225 ut
827 5171 983 5239 solet,
1007 5173 1072 5226 ad
1103 5171 1385 5229 Dominum
1403 5191 1590 5246 preces
1613 5177 1800 5246 fundit,
1831 5191 2012 5249 utpote

429 5260 518 5331 qui
539 5273 754 5331 propter
769 5277 994 5334 agonem
1009 5265 1250 5333 martyrii
1275 5266 1520 5337 loquendi
1545 5268 1790 5325 libertate
1811 5273 2010 5340 gratia-

429 5369 536 5424 que
551 5355 834 5425 plurimum
851 5357 1040 5420 valeat,
1065 5369 1116 5412 et
1135 5359 1552 5415 immortalitatis
1573 5375 1768 5416 corona
1784 5363 2012 5418 donatus

427 5446 516 5508 sit,
538 5461 694 5517 quam
715 5447 875 5506 etiam
894 5449 1138 5507 Christus
1165 5451 1404 5510 ﬁdelibus
1429 5457 1760 5524 praeparavit.
1783 5457 2008 5527 Copiosa

488 5580 768 5660 {expoliata
791 5597 902 5660 cum
941 5594 1046 5638 Mss.
1073 5589 1218 5653 Regio
1265 5589 1402 5654 l97-i,
1439 5599 1490 5642 ct
1511 5591 1734 5643 -Cclbert.
1762 5593 1902 5654 3038,
1926 5597 2010 5660 qui

363 5677 368 5684 -
425 5643 618 5696 mendis
639 5652 846 5697 scatent.

2143 3437 2268 3480 sunt
2297 3425 2462 3492 enim,
2511 3433 2565 3478 ut
2603 3433 2832 3479 testatur
2877 3424 3175 3495 apostolus,
3219 3425 3316 3481 Dei
3355 3425 3512 3490 dona,
3557 3425 3645 3496 qni
3677 3435 3736 3480 et

2141 3519 2268 3572 olim
2299 3527 2590 3590 martyrum
2635 3530 2856 3572 munera
2887 3517 2973 3583 iis,
3005 3517 3094 3586 qni
3139 3517 3351 3572 sincere
3380 3517 3548 3586 ipsum
3579 3517 3736 3570 invo-

2138 3619 2282 3676 cant,
2301 3610 2578 3680 dilargitus
2595 3619 2696 3675 est,
2721 3617 2776 3664 et
2797 3624 2938 3663 nunc
2949 3609 3214 3679 praecipue
3237 3624 3355 3664 cum
3377 3623 3552 3662 annua
3573 3610 3734 3678 paulo

2137 3713 2256 3774 post
2281 3704 2540 3759 memoria
2589 3705 2797 3758 timoris
2845 3703 2990 3758 illius
3039 3702 3362 3759 celebranda
3411 3704 3498 3762 sit.
3557 3711 3616 3756 et
3655 3703 3728 3755 ad

2135 3798 2304 3852 Deum
2333 3796 2654 3852 laudandum
2681 3796 2750 3852 ob
2781 3795 3050 3850 terribiles
3067 3795 3194 3850 illas
3225 3795 3397 3848 minas
3425 3794 3654 3863 benigna
3673 3803 3730 3847 et

2135 3891 2444 3945 misericors
2467 3891 2540 3944 ira
2567 3889 2662 3944 Dei
2685 3905 2784 3945 nos
2815 3897 3084 3960 provocet.
3107 3887 3350 3944 Vidimus
3371 3889 3514 3943 enim
3541 3903 3730 3942 revera

2135 3982 2390 4049 furorem,
2423 3999 2488 4037 ex
2518 3997 2627 4053 quo
2656 3981 2957 4052 benignitas
2983 3981 3319 4042 cornscabat,
3343 3995 3466 4036 cum
3497 3995 3598 4033 nos
3625 3997 3732 4032 nn-

2130 4075 2290 4146 dique
2337 4077 2496 4130 timor
2537 4084 2692 4131 terrae
2735 4085 2912 4130 motus
2939 4075 3230 4137 obsideret,
3275 4089 3396 4129 cum
3445 4085 3732 4128 creaturas

2131 4183 2318 4224 omnes
2346 4169 2560 4224 concuti
2601 4183 2970 4234 cerneremus,
3013 4183 3076 4222 ac
3117 4167 3478 4237 pavimentum
3529 4183 3732 4237 magno

2131 4261 2330 4330 impetu
2365 4261 2629 4330 quassari,
2677 4259 2924 4315 Salvator
2953 4267 3129 4314 autem
3163 4259 3566 4314 miserationum
3597 4273 3729 4310 sua-

2128 4367 2244 4405 rum
2275 4367 2607 4422 nequaquam
2630 4352 3053 4416 oblivisceretur,
3105 4367 3228 4406 cum
3255 4349 3507 4406 acerbum
3550 4350 3726 4404 inter-

2127 4442 2259 4496 itum
2309 4451 2762 4511 exspectaremus,
2815 4459 2938 4498 cum
2999 4451 3214 4498 nostras
3267 4441 3411 4497 aedes
3457 4441 3726 4496 continuo

2125 4533 2366 4603 sepulcra
2413 4543 2593 4588 nostra
2637 4531 2842 4588 futuras
2893 4547 3222 4604 putaremus,
3273 4547 3398 4588 cum
3425 4532 3724 4602 agitatione

2124 4625 2324 4680 detenti
2353 4623 2528 4679 locum
2541 4625 2828 4680 modumve
2849 4625 3074 4696 perfugii
3103 4624 3310 4679 nullum
3335 4623 3724 4692 reperiremns,

2123 4732 2243 4771 cum
2275 4719 2341 4770 ad
2369 4717 2600 4772 medium
2627 4718 2730 4772 diei
2759 4717 3132 4787 pervenientes
3159 4731 3490 4787 nequaquam
3511 4719 3728 4770 vism-us

2123 4824 2220 4862 nos
2240 4823 2512 4878 vesperam
2527 4823 2884 4877 sperarctnus.
2907 4823 3026 4862 cum
3047 4822 3259 4863 sursum
3283 4807 3300 4838 ι
3331 4819 3601 4876 appensus
3611 4808 3728 4874 gia-

2122 4900 2236 4954 dius
2255 4901 2574 4966 immineret,
2609 4915 2670 4954 ac
2699 4901 2946 4954 deorsum
2974 4898 3322 4954 beneficentia
3361 4911 3559 4951 secum
3601 4912 3728 4965 pre.-

2121 4996 2270 5049 cihns
2321 5007 2538 5050 strenue
2578 5003 2805 5065 gereret,
2848 5009 2966 5048 cum
2987 5009 3086 5047 una
3109 5007 3236 5048 voce
3263 4985 3462 5062 populi.
3488 4991 3726 5045 Domine

2121 5087 2393 5147 miserere.
2425 5085 2735 5152 clamarent,
2755 5097 2806 5140 et
2829 5085 3078 5140 Dominus
3099 5083 3523 5140 miserationibus
3541 5083 3730 5137 ﬂecte-

2120 5191 2286 5234 retur:
2299 5181 2384 5249 qui
2403 5179 2540 5235 enim
2557 5181 2744 5234 intuitu
2757 5181 2874 5235 solo
2884 5195 2998 5234 com
3007 5187 3202 5246 movet,
3231 5195 3386 5232 mann
3399 5187 3724 5232 trementem

2119 5284 2414 5328 creaturam
2431 5273 2650 5328 sedavit.
2668 5271 2778 5327 Cur
2805 5289 2905 5325 non
2921 5273 3098 5341 paucis
3115 5271 3212 5325 ista
3227 5269 3593 5339 complector?
3612 5285 3728 5338 quo

2109 5375 2381 5435 tempore,
2421 5365 2522 5418 nisi
2553 5365 2806 5420 Dominus
2833 5363 3060 5418 Sabaoth
3089 5362 3378 5430 adjuvissct
3404 5377 3517 5425 nos
3559 5361 3722 5429 paulo

2117 5458 2292 5512 mitms
2325 5455 2616 5512 habitasset
2650 5458 2700 5511 in
2753 5455 2958 5510 inferno
2985 5455 3159 5508 anima
3189 5465 3366 5508 nostra
3402 5451 3586 5520 (Psal.
3617 5451 3714 5504 93.

2119 5551 2183 5604 17
2211 5551 2247 5620 ).
2287 5551 2454 5616 Quem
2481 5549 2624 5603 enim
2657 5563 2760 5604 non
2805 5557 3022 5616 stupore
3068 5544 3250 5614 deligit
3283 5541 3592 5614 rnagnitudu
3617 5541 3724 5597 ml-

2183 5665 2196 5688 ¹
2233 5659 2306 5707 sic
2325 5664 2430 5708 Mss.
2459 5657 2576 5708 l-Zdtti
2604 5669 2740 5717 vero,
2765 5653 3081 5707 extrinsecus.
