4080 6198
230 304 324 362 721

228 417 530 476 sericordia:
550 419 876 478 Salvatorist
899 437 1032 493 quos
1055 424 1262 481 animos
1283 423 1348 480 ad
1369 426 1564 494 gratias
1579 423 1814 496 agendas

230 526 334 564 non
370 509 592 566 incitant
629 527 748 581 qua:
779 521 904 568 tunc
929 513 1256 582 acciderunt,
1288 529 1459 586 neque
1501 515 1676 570 solum
1703 530 1822 586 qua:

232 614 340 657 tum
360 605 636 674 temporis,
658 605 753 666 sed
766 606 924 662 etiam
940 623 1056 677 quae
1072 609 1264 665 deinde
1282 624 1343 663 ac
1358 609 1520 680 paulo
1531 617 1652 668 ante
1668 608 1823 668 nobis

230 697 619 754 occurrerunt?
647 696 826 754 Terrae
872 697 1204 755 ﬁrmamenta
1257 701 1574 764 commovit,
1628 699 1823 756 mdium

231 787 575 844 l‘undtnueota
602 790 896 855 concussit,
922 789 1114 846 domus
1146 801 1412 862 tamquam
1443 791 1701 847 oneraria:
1725 807 1822 845 na-

231 893 326 934 ves
363 879 416 933 iu
444 880 608 934 maris
636 879 887 934 ﬂuctibus
927 881 1285 949 jactabantur,
1331 881 1609 948 judiciales
1643 881 1825 936 oculos

234 979 438 1030 tanwm
461 971 713 1039 ostendit,
741 981 795 1030 et
817 972 1037 1043 perinde
1059 988 1122 1029 ac
1151 974 1195 1028 si
1223 973 1414 1028 mediis
1434 972 1485 1026 in
1512 972 1663 1045 aquis
1705 987 1826 1028 vcr-

235 1079 499 1131 saremur,
525 1065 856 1135 agitabantur
881 1080 1089 1120 omnes.

306 1155 392 1210 Ea:
415 1167 562 1210 terra:
581 1166 716 1210 motu
744 1158 855 1228 quis
879 1157 1074 1226 {ructus
1093 1157 1157 1213 sit
1193 1157 1523 1228 colligendus.
1543 1186 1616 1196 —
1637 1154 1828 1210 Multus

236 1259 347 1302 erat
382 1247 560 1312 timor,
577 1261 640 1301 ac
666 1248 845 1306 multis
870 1249 1107 1317 partibus
1127 1249 1394 1318 copiosior
1416 1255 1500 1302 est
1521 1246 1710 1302 timore
1735 1245 1828 1299 rui-

235 1339 547 1393 sericordia.
577 1339 864 1394 Cutnenitn
890 1348 1190 1400 creaturam
1213 1340 1455 1408 agitaret,
1475 1353 1578 1393 non
1603 1339 1822 1404 evertit;

236 1445 356 1485 curn
401 1430 645 1484 universa
686 1438 1016 1490 concuteret.
1050 1445 1156 1490 non
1197 1431 1312 1484 solo
1356 1430 1603 1500 wquavit,
1655 1443 1829 1498 neque

241 1532 346 1577 tota
385 1531 751 1578 creaturarum
779 1522 1172 1592 pulchritudine
1199 1531 1395 1578 terram
1427 1520 1682 1576 nudavit:
1711 1519 1826 1576 sola

241 1626 377 1672 tecta
404 1616 698 1682 concussit,
728 1626 782 1670 ut
801 1616 902 1670 hoe
929 1623 1083 1685 pacto
1107 1615 1279 1675 solum
1307 1614 1738 1680 admoneremur,
1770 1620 1828 1670 at.

238 1709 481 1765 interitus
499 1727 563 1766 ne
579 1717 788 1780 gustum
805 1707 1018 1778 quidem
1036 1723 1133 1763 nos
1152 1707 1317 1763 voluit
1331 1707 1584 1762 delibare.
1596 1705 1827 1762 Tantum

238 1803 354 1872 ejus
380 1805 431 1857 in
464 1818 564 1857 nos
589 1801 1074 1858 commiserationis
1097 1809 1180 1855 est
1208 1799 1441 1870 pelagus.
1471 1797 1577 1854 Sed
1605 1806 1660 1853 et
1683 1795 1827 1865 quod

240 1907 399 1952 terrm
418 1898 696 1952 columnas
719 1896 1074 1960 concusserit,
1105 1894 1206 1950 hoc
1232 1895 1350 1964 ipso
1372 1891 1438 1948 de
1463 1891 1617 1949 nobis
1636 1889 1828 1946 sollici-

242 1996 354 2042 tum
375 2003 440 2043 ac
475 1983 873 2042 misericordem
904 2001 964 2042 se
994 1985 1246 2056 prodidit.
1279 1983 1423 2040 Vidit
1449 1983 1588 2038 enim
1621 1996 1827 2051 proavo-

240 2079 500 2136 ricatores
528 2095 626 2134 ms
668 2094 809 2143 esse,
843 2087 1004 2148 atque
1047 2077 1256 2132 irritare
1281 2075 1429 2130 illum
1459 2074 1653 2139 solere,
1695 2071 1828 2128 vidit

239 2171 452 2240 rapinas
480 2170 773 2226 adamare:
807 2169 942 2224 vidit
976 2185 1073 2226 nos
1096 2167 1312 2222 domum
1361 2166 1542 2222 domui
1577 2165 1827 2234 iungere,

240 2273 294 2319 st
318 2279 506 2332 agrum
543 2277 664 2316 cum
708 2277 838 2331 agro
865 2261 1149 2330 capillare,
1182 2268 1240 2314 ut
1279 2259 1523 2330 proximo
1553 2255 1826 2327 quidpiam

238 2356 544 2408 auferamus
575 2371 589 2408 :
618 2353 746 2408 vidit
791 2352 1151 2423 orphanorum
1181 2364 1514 2422 nequaquam
1557 2346 1823 2412 misereri,

237 2463 412 2516 neque
430 2449 635 2518 judicio
659 2447 941 2502 viduarum
970 2462 1186 2517 operam
1218 2447 1346 2504 dare
1377 2463 1392 2501 :
1425 2445 1557 2501 vidit
1583 2459 1613 2499 a
1640 2441 1826 2497 docto-

237 2541 384 2596 ribus
412 2541 679 2597 contraria
725 2539 842 2598 ﬁeri
881 2554 1087 2606 eorum,
1125 2554 1245 2608 quae
1270 2537 1510 2596 iacienda
1531 2533 1826 2590 dicebant:

237 2634 368 2688 vidit
399 2633 625 2690 turbidis
665 2633 992 2691 theatrorum
1039 2632 1355 2705 spectaculis
1395 2630 1635 2686 addictos
1661 2627 1824 2682 disci-

238 2725 412 2799 pulos,
432 2725 850 2783 eccicsiastiwm
862 2724 1103 2779 ordinem
1125 2739 1186 2780 ae
1201 2723 1608 2777 concinnitatem
1627 2717 1826 2792 probro

237 2816 450 2872 allicere
474 2834 489 2870 :
521 2816 650 2870 vidit
668 2816 718 2869 in
745 2815 976 2885 nequitia
1000 2825 1055 2869 et
1080 2813 1275 2870 invidia
1295 2815 1494 2877 vivere,
1520 2811 1652 2866 vidit
1679 2810 1824 2866 frau-

237 2909 362 2961 dem
386 2923 510 2960 cum
539 2907 733 2964 invidia
749 2907 1026 2976 copulare,
1042 2905 1172 2962 vidit
1197 2903 1548 2961 simulationis
1567 2902 1827 2972 procellas

236 2999 592 3068 simpliciores
610 3009 875 3069 tamquam
903 2998 1106 3068 navigia
1132 2998 1496 3066 sultutergerc,
1518 2995 1649 3052 vidit
1663 2995 1826 3052 animi

237 3091 515 3162 prtimsito
557 3105 768 3153 nccare,
799 3089 934 3144 vidit
959 3099 1218 3159 quantum
1249 3103 1532 3158 possumus
1580 3085 1825 3155 iniuriam

238 3183 460 3249 inferre,
481 3181 611 3236 vidit
637 3181 967 3251 naufragium
989 3181 1094 3251 pati
1122 3183 1417 3244 caritatem,
1436 3179 1675 3236 fraudem
1701 3194 1828 3235 vero

237 3274 288 3328 in
341 3274 445 3328 hoe
471 3274 594 3326 vine
642 3272 832 3342 pelago
882 3273 1237 3342 navigationis
1289 3271 1582 3327 secundum
1610 3284 1827 3327 cursura

237 3375 443 3430 tenere,
478 3364 611 3418 vidit
639 3380 671 3418 a
699 3364 924 3419 veritate
950 3363 1178 3428 resilire,
1225 3373 1386 3432 atque
1422 3361 1700 3419 mendacio
1728 3358 1827 3418 εει-ν

238 3459 475 3524 haerere;
508 3459 739 3528 denique
785 3465 841 3511 ut
889 3473 994 3512 uno
1045 3455 1211 3511 verbo
1261 3456 1455 3522 dicam,
1487 3453 1616 3510 vidit
1661 3468 1831 3508 mam.

238 3567 414 3608 monac
463 3551 640 3621 potius
673 3565 829 3620 quam
879 3550 1105 3604 Domino
1134 3549 1355 3613 servire,
1411 3549 1591 3617 sicque
1633 3556 1828 3608 terram

240 3653 558 3701 trementem
593 3644 744 3698 nobis
773 3653 1039 3712 tamquam
1064 3643 1408 3718 paedagogum
1438 3643 1614 3710 pueris
1641 3640 1829 3697 admov

240 3739 335 3802 vit,
377 3749 433 3792 et
483 3736 804 3805 indulgentis
852 3736 1038 3790 matris
1066 3736 1269 3790 viscera
1292 3733 1554 3798 exhibuit,
1585 3747 1704 3802 qua
1731 3746 1831 3788 sa:—

243 3842 538 3903 peuumero
589 3826 910 3896 pendentem
962 3827 1030 3880 ab
1060 3823 1312 3879 uberibus
1362 3823 1526 3877 lilium
1573 3837 1728 3878 suum
1767 3835 1832 3880 ae

243 3922 541 3994 plorantem
569 3919 638 3973 ab
665 3919 752 3973 illa
779 3919 965 3974 volens
986 3917 1249 3973 abducere
1277 3916 1679 3977 consuetudine,
1711 3929 1832 3987 par—

242 4027 365 4066 vum
397 4011 550 4067 illum
569 4009 821 4066 lectulum
847 4008 1197 4063 vehementer
1219 4009 1474 4074 concutit,
1504 4023 1611 4062 non
1634 4015 1693 4060 ut
1715 4014 1831 4062 stu-v

243 4117 376 4174 pore
408 4101 660 4170 percellat
689 4099 964 4165 infantem,
994 4099 1087 4154 sed
1118 4108 1172 4154 ut
1199 4106 1395 4152 terreat
1425 4115 1438 4151 :
1475 4098 1554 4152 sic
1583 4095 1832 4154 nimirum

246 4206 299 4249 et
333 4194 586 4248 Dominus
613 4193 1003 4255 universorum,
1051 4191 1140 4260 qui
1176 4200 1437 4245 terrarum
1460 4189 1645 4244 urbem
1674 4203 1833 4244 manu

241 4295 435 4354 gestat,
484 4285 628 4340 illum
657 4285 911 4347 concutit,
940 4298 1047 4339 non
1080 4293 1137 4337 ut
1163 4291 1386 4348 evertat,
1417 4282 1509 4337 sed
1541 4291 1597 4336 ut
1621 4296 1717 4338 eos
1744 4281 1833 4351 qui

244 4377 540 4430 insolenter
568 4391 628 4430 se
655 4385 864 4446 gerunt,
893 4375 961 4430 ad
985 4375 1209 4430 salutem
1240 4383 1534 4429 convertat.

315 4468 370 4520 ‘2.
412 4469 594 4537 Neque
622 4483 748 4522 vero
800 4469 1078 4538 quisquam
1126 4467 1497 4537 reprehendat,
1547 4464 1833 4536 quodcum

246 4562 556 4630 intltngente
586 4570 757 4615 matre
799 4559 1085 4614 Dominum
1114 4559 1618 4629 mmpamverimus,
1665 4575 1834 4628 quon-

245 4655 537 4724 rtoqnidem
596 4655 649 4708 in
683 4653 983 4723 Evangeliis
1011 4653 1244 4721 seipsom
1293 4651 1548 4713 Dominus
1573 4651 1688 4720 ipse
1713 4665 1836 4728 cum

246 4749 443 4817 gallina
494 4747 719 4800 centulit
762 4746 949 4801 dicens
977 4761 989 4797 :
1017 4743 1324 4809 Jerusalem,
1369 4741 1675 4807 Jerusalem,
1726 4757 1840 4810 qua

245 4839 438 4894 occidis
467 4839 758 4908 prophetas,
789 4848 839 4890 et
876 4837 1078 4906 (atridas
1103 4852 1206 4902 eos,
1235 4835 1320 4906 qui
1348 4834 1415 4890 ad
1455 4843 1500 4888 te
1527 4835 1667 4890 missi
1700 4843 1838 4901 sunt,

251 4933 448 5000 quoties
475 4930 610 4982 solui
634 4943 942 5005 congregare
965 4927 1098 4997 ﬁlios
1118 4937 1230 4981 tuos
1246 4927 1666 5000 quemadmodum
1693 4925 1843 4997 gelli-

253 5039 326 5078 na
341 5031 611 5093 congregat
637 5020 804 5091 pullos
830 5036 969 5086 suos,
993 5030 1040 5074 et
1066 5020 1270 5076 noluisti
1313 5018 1334 5090 (
1355 5019 1540 5073 Matth.
1565 5019 1656 5074 ‘23.
1685 5018 1792 5088 37)
1821 5017 1845 5071 ?

253 5114 477 5170 Terram
523 5113 681 5183 igitur
707 5122 981 5182 expertem
1013 5113 1205 5166 animat
1235 5112 1496 5182 benignus
1523 5111 1664 5168 Deus
1690 5125 1843 5164 com-

255 5207 444 5269 movit,
476 5215 531 5258 ut
553 5219 669 5260 eam
697 5220 817 5276 qua:
844 5205 1021 5262 anima
1062 5204 1281 5274 pradita
1308 5213 1409 5270 est,
1435 5204 1502 5258 ab
1532 5202 1846 5261 iuordinatls

256 5299 492 5353 niotibus
517 5308 792 5352 revocaret
817 5316 830 5352 :
863 5299 1038 5354 carnis
1061 5297 1332 5354 interitum
1357 5297 1718 5354 eotnntinstus
1739 5303 1840 5359 est.

259 5398 315 5441 ut
343 5387 782 5443 nobisabanimre
803 5389 964 5444 exitio
982 5403 1284 5446 caveamus.
1308 5385 1487 5453 Vides,
1525 5371 1566 5441 ο¹
1596 5387 1680 5455 pie
1705 5384 1849 5440 Chri-

259 5481 455 5544 stiane,
485 5489 679 5548 quanto
721 5481 791 5534 sit
814 5481 1083 5535 Creatoris
1109 5495 1232 5549 erga
1296 5494 1397 5533 nos
1439 5478 1848 5536 misericordia?

263 5572 410 5626 rides
452 5572 827 5644 benignitatem
881 5589 947 5628 ex
998 5573 1500 5628 comminationibus
1551 5572 1848 5642 cﬂ’ulgere?

262 5662 414 5717 vides
443 5663 836 5718 miserationem
865 5664 1161 5734 prtcvenirc
1192 5663 1606 5734 indignationem
1635 5664 1658 5716 ?
1701 5663 1851 5719 vich

261 5755 581 5811 sententiam
613 5755 846 5810 bonitate
871 5753 1114 5826 superari
1138 5755 1162 5809 ‘l
1185 5753 1365 5828 Neque
1393 5754 1443 5811 id
1466 5770 1592 5814 sane
1618 5754 1844 5813 mirum:

1371 309 1460 372 DE
1496 307 1550 370 Β.
1597 310 1808 370 BASSO
1843 310 2198 370 MARTYRE.

3412 318 3517 372 72‘}

1939 424 2054 494 ipse
2075 439 2222 482 nunc
2249 425 2408 492 etiam
2439 427 2581 484 mitis
2609 442 2671 484 ac
2696 427 2957 500 benignus
2995 439 3080 485 est
3114 428 3369 484 Dominus
3414 446 3513 484 no-

1929 524 2061 579 ster,
2089 531 2239 576 more,
2269 517 2426 572 solito
2453 517 2518 572 de
2539 519 2709 574 salute
2742 529 2920 599 nostra
2951 520 3230 586 sollicitus,
3254 520 3343 590 qui
3369 521 3512 577 clara

1930 621 2061 661 voce
2087 607 2281 662 clamat
2312 608 2362 661 in
2413 607 2739 680 Evangeliis,
2770 619 2824 665 ut
2854 610 3009 679 paulo
3035 618 3160 666 ante
3191 609 3342 664 nobis
3371 611 3514 679 lege-

1930 697 2084 762 batur
2114 714 2127 752 :
2158 696 2349 763 Venite,
2381 699 2605 754 discitea
2632 717 2727 762 me,
2767 702 2884 768 quia
2911 701 3042 755 mitis
3070 719 3200 766 sum,
3233 714 3278 755 ct
3310 701 3517 756 Immitis

1931 788 2080 844 corde
2107 788 2318 860 (Matth.
2355 790 2440 844 11.
2471 789 2598 862 29).
2623 791 2666 846 0
2694 801 2888 862 quanta
2915 792 3187 848 Creatoris
3213 803 3294 847 est
3321 792 3515 847 dentis.

1930 879 2048 936 sio!
2081 896 2178 936 nec
2207 889 2382 936 tamen
2412 895 2654 938 creatura
2701 893 2992 941 reveretur.
3028 882 3236 949 Venite,
3268 884 3456 938 discite
3487 901 3513 936 υ

1930 987 2039 1037 tne,
2072 972 2284 1040 quando
2311 973 2586 1028 advenerit
2617 973 2872 1029 Dominus
2907 975 2973 1028 ad
3018 990 3230 1039 servos,
3271 974 3360 1047 qui
3397 990 3519 1043 pro.

1932 1062 2062 1132 lapsi
2092 1063 2319 1130 fuerant,
2339 1064 2712 1120 consolandos.
2739 1066 2813 1118 lla
2840 1080 2898 1118 se
2916 1066 3047 1133 gerit
3067 1081 3188 1136 erga
3232 1080 3330 1119 nos
3367 1066 3511 1118 Citri-

1931 1165 2063 1220 stus,
2119 1155 2500 1214 misericordi-.e
2542 1158 2811 1231 specimen
2847 1157 2977 1222 edit,
3013 1173 3133 1212 cum
3186 1167 3516 1227 peccatorem

1934 1248 2106 1322 puniri
2135 1259 2408 1319 oporteret
2441 1265 2562 1306 cum
2591 1266 2775 1306 eorum
2807 1265 2975 1324 genus
3005 1265 3164 1306 omne
3198 1248 3398 1311 delere,
3428 1248 3516 1317 qui

1933 1341 2103 1412 ipsum
2128 1341 2486 1410 irritaverant,
2522 1343 2812 1396 mansuetis
2842 1358 2963 1399 rens
2987 1341 3165 1396 verbis
3190 1339 3475 1410 alloquitur
3502 1356 3514 1393 :

1942 1430 2134 1499 Venite,
2176 1433 2352 1488 discite
2389 1449 2419 1486 α
2446 1449 2542 1499 me,
2569 1434 2690 1504 quia
2731 1433 2864 1488 mitis
2889 1449 3023 1496 sum,
3052 1443 3096 1486 ct
3122 1432 3325 1495 humilis
3348 1433 3515 1493 corda,
3603 1482 3618 1494 ,

1934 1523 2075 1579 Deus
2102 1523 2315 1582 humilis
2341 1533 2446 1591 est,
2475 1536 2529 1580 et
2557 1523 2716 1579 homo
2763 1525 3006 1580 sublimis
3031 1539 3044 1576 :
3078 1533 3386 1583 mansuetus
3436 1532 3519 1576 Cal

1927 1616 2110 1686 iudex,
2139 1627 2194 1674 et
2216 1632 2340 1674 reus
2365 1619 2628 1688 superbus
2657 1635 2670 1671 :
2701 1617 2954 1675 humilem
2977 1617 3162 1672 artifex
3191 1631 3374 1670 vocem
3400 1616 3520 1670 init.

1931 1714 2013 1776 tit,
2038 1723 2091 1769 et
2125 1714 2292 1769 lutum
2322 1715 2472 1786 quasi
2497 1729 2590 1776 rex
2620 1714 2881 1784 quiSpiam
2925 1712 3178 1782 loquitur.
3216 1709 3408 1776 Venite,
3441 1711 3520 1762 tti-

1930 1808 2052 1872 scite
2075 1824 2108 1860 a
2127 1824 2224 1873 me,
2251 1808 2369 1878 quia
2397 1808 2528 1862 mitis
2554 1823 2681 1872 sum,
2709 1816 2755 1860 et
2785 1805 2990 1859 humilis
3011 1805 3178 1858 corde.
3211 1803 3325 1860 Non
3354 1799 3517 1855 ﬂeres-

1930 1909 2054 1954 l‘llll
2076 1914 2170 1953 VOS
2203 1915 2322 1970 qua:
2349 1906 2762 1970 prmcesserunt,
2795 1913 2904 1952 non
2945 1904 3233 1954 ειοτατωιι
3262 1909 3356 1948 VDS
3390 1909 3510 1964 (111ἱο

1931 1989 2142 2056 deinde,
2157 2006 2379 2062 quaeque
2397 1990 2551 2061 paulo
2563 1999 2686 2048 ante
2709 1988 3017 2046 acciderunt
3037 2006 3047 2041 :
3069 1984 3514 2058 quemadmodum

1934 2093 2077 2149 tunc,
2102 2099 2242 2140 nunc
2265 2085 2420 2138 etiam
2449 2094 2744 2138 creaturam
2767 2097 2888 2136 cum
2904 2080 3303 2146 commovisset,
3334 2093 3516 2136 rursus

1932 2193 2048 2234 cam
2077 2177 2443 2234 misericordia
2471 2193 2597 2232 usus
2614 2177 2854 2232 ﬁrmavit
2881 2195 2895 2230 :
2930 2174 3105 2230 Venite
3133 2173 3311 2244 igitur.
3341 2170 3515 2228 dist-ite

1931 2288 1962 2324 α
1986 2288 2085 2340 me,
2111 2272 2230 2341 quia
2255 2272 2389 2326 mitis
2426 2288 2559 2337 sum,
2586 2280 2636 2326 et
2663 2268 2867 2324 humilis
2893 2268 3062 2328 corde.
3091 2265 3204 2322 Non
3253 2264 3516 2338 ﬂagelluttt

1929 2372 2121 2434 gestat,
2150 2377 2256 2433 Quo
2282 2363 2547 2427 verberet,
2576 2363 2667 2417 sed
2696 2370 2960 2425 naturam,
2991 2375 3091 2430 qua
3121 2357 3416 2420 medeatur.

2003 2455 2106 2514 Cur
2133 2457 2268 2512 mitis
2293 2456 2358 2513 sit
2383 2467 2428 2511 et
2455 2455 2660 2512 Immitis
2685 2455 2737 2508 iu
2766 2452 2924 2510 verbis
2951 2450 3201 2510 Christus.
3229 2479 3300 2490 —
3327 2447 3519 2506 Venitu

1931 2557 2090 2618 atque
2134 2548 2451 2603 inel'lhbilcm
2496 2546 2875 2618 benignitatem
2921 2543 3117 2604 videte.
3163 2541 3293 2614 Quis
3331 2541 3517 2598 herum

1931 2640 2152 2700 minimc
2189 2640 2560 2696 verberantem
2604 2654 2709 2693 non
2753 2635 2960 2707 diligit?
2996 2635 3116 2709 quis
3151 2631 3382 2706 judicent
3425 2646 3519 2686 reo

1931 2731 2318 2802 supplicantem
2345 2745 2450 2786 non
2481 2729 2746 2786 miratur?
2771 2727 3000 2785 Omnino
3034 2724 3315 2782 verborum
3347 2722 3520 2782 lnuni-

1933 2821 2052 2882 litas
2075 2831 2126 2876 te
2149 2821 2198 2876 in
2226 2821 2633 2877 admirationem
2657 2819 2884 2876 traducit
2912 2834 2924 2870 :
2948 2817 3123 2886 opifex
3150 2829 3288 2881 sum,
3314 2824 3518 2883 etopus

1932 2927 2112 2970 meum
2131 2911 2326 2981 diligo;
2351 2910 2501 2966 faber
2524 2926 2664 2977 sum,
2689 2919 2742 2965 et
2767 2908 2813 2965 ei
2843 2922 3024 2982 parco,
3048 2921 3205 2977 quem
3236 2903 3520 2965 fabriettns

1933 3018 2075 3058 sum.
2106 3004 2162 3058 Si
2191 3018 2324 3058 mea:
2357 3001 2628 3073 dignitatis
2664 3000 2785 3071 jure
2824 3014 3032 3054 suuuno
3063 3008 3200 3060 utar,
3230 2994 3516 3072 collapsam

1934 3107 2174 3154 naturam
2202 3096 2486 3152 humanam
2516 3094 2734 3150 minime
2774 3091 3028 3158 liberabo,
3057 3099 3112 3145 et
3142 3086 3518 3147 imrnodicahili

1935 3188 2121 3244 morbo
2163 3185 2423 3248 laboranti
2461 3186 2561 3241 nisi
2599 3185 2737 3247 lenia
2777 3184 3161 3239 medicamenta
3198 3177 3517 3242 adhibeam,

1935 3281 2308 3336 convalescere
2335 3278 2424 3334 illa
2453 3277 2672 3334 minime
2702 3275 2892 3346 poterit
2921 3292 2934 3327 :
2965 3272 3068 3328 nisi
3108 3271 3334 3343 benigne
3361 3278 3521 3340 atque

1936 3371 2238 3430 humaniter
2267 3379 2484 3426 tractem
2513 3410 2528 3436 ,
2561 3379 2782 3424 necatur
2810 3385 2822 3420 :
2851 3367 2894 3426 si
2936 3365 3107 3424 minas
3145 3362 3314 3418 solum
3346 3360 3523 3415 inten-

1937 3471 2077 3528 tem,
2111 3462 2454 3518 interimitur.
2497 3459 2698 3516 Idcirco
2735 3456 2933 3530 jacenti
2972 3454 3258 3526 emplastra
3293 3450 3522 3508 lenitatis

1937 3571 2146 3625 appono
2179 3573 2192 3609 :
2225 3553 2510 3624 plurimum
2535 3567 2599 3612 ex
2629 3532 3092 3605 commiseratioiie
3121 3561 3208 3599 me
3245 3541 3519 3605 sulnnitto,

1937 3658 1994 3704 ut
2018 3663 2134 3705 eam
2165 3647 2362 3716 lapsam
2395 3645 2615 3714 erigam.
2644 3642 2917 3699 iacentem
2943 3648 2998 3693 et
3024 3637 3286 3706 abiectum
3316 3649 3345 3687 a
3375 3632 3523 3702 lapsu

1938 3759 2042 3798 non
2072 3741 2268 3796 excitat
2295 3739 2385 3793 ille
2409 3738 2496 3809 qui
2525 3745 2647 3800 stat,
2681 3734 2779 3788 nisi
2805 3747 3018 3789 manum
3045 3737 3098 3784 et
3121 3729 3233 3798 ipse
3257 3725 3518 3784 demittat,

1949 3833 2140 3896 Venite,
2169 3830 2344 3884 discite
2368 3845 2400 3881 α
2427 3843 2508 3881 me
2526 3869 2540 3891 ,
2569 3826 2686 3897 quia
2714 3824 2848 3878 mitis
2876 3838 2988 3878 sunt
3006 3863 3020 3884 ,
3049 3829 3095 3876 et
3125 3816 3326 3877 humilis
3351 3816 3520 3874 corde.

1938 3924 2054 3980 Non
2101 3921 2168 3976 ad
2207 3919 2614 3975 ostentationem
2655 3915 2815 3971 verba
2859 3911 3109 3984 profero,
3141 3926 3319 3970 rerum
3357 3922 3523 3975 espe-

1940 4013 2184 4069 rientiam
2227 4011 2376 4065 vobis
2421 4007 2674 4071 exhibui;
2711 4005 2843 4072 Quia
2882 4005 3015 4060 ruitis
3055 4019 3199 4065 sitm,
3239 4010 3285 4054 et
3321 3997 3527 4052 hurnilis

1939 4104 2108 4165 corde,
2141 4117 2204 4156 ex
2234 4115 2300 4155 eo
2331 4109 2468 4154 statu
2499 4098 2706 4166 collige,
2742 4095 2792 4148 in
2823 4109 2979 4164 quem
3022 4091 3302 4147 devenisse
3333 4106 3417 4144 me
3444 4088 3527 4141 vi-

1941 4194 2057 4248 des.
2087 4193 2336 4248 Formam
2367 4191 2569 4244 intuere
2594 4203 2787 4250 meam,
2816 4195 2868 4240 et
2896 4200 3013 4254 qua:
3038 4183 3106 4238 sit
3131 4182 3359 4252 dignitas
3385 4195 3524 4244 mea,

1941 4302 2061 4342 cum
2092 4285 2269 4340 animo
2299 4293 2388 4337 tuo
2418 4289 2625 4350 reputa,
2655 4293 2842 4348 meque
2871 4277 3056 4344 adora,
3086 4273 3226 4344 quod
3255 4281 3340 4327 tua
3370 4284 3530 4324 causa

1946 4392 2031 4432 me
2057 4374 2387 4430 demiserim.
2415 4372 2599 4442 Cogita
2629 4369 2765 4424 unde
2794 4366 3065 4439 proiectus
3093 4365 3191 4420 sim
3213 4406 3229 4432 ,
3261 4371 3315 4417 et
3342 4375 3447 4433 quo
3475 4361 3530 4416 in

1946 4467 2066 4522 loco
2095 4477 2268 4522 tecum
2298 4464 2606 4532 colloquar:
2635 4477 2754 4520 cum
2787 4458 2915 4520 mihi
2953 4457 3139 4512 cmlum
3171 4453 3325 4509 sedes
3351 4461 3490 4518 esset
3511 4491 3531 4521 ,

1946 4575 2086 4616 nunc
2109 4569 2159 4614 te
2186 4557 2461 4628 alloquens
2482 4570 2663 4610 verser
2689 4554 2738 4607 in
2767 4552 2924 4610 terris
2950 4566 2963 4602 :
2995 4564 3203 4616 sursum
3232 4544 3529 4618 gloriﬁcor,

1947 4662 2002 4707 et
2026 4661 2083 4706 ut
2113 4647 2430 4719 longanimis
2455 4662 2561 4704 non
2593 4646 2826 4707 irascor,
2866 4642 3000 4708 Quia
3039 4640 3171 4693 mitis
3201 4655 3334 4704 sum,
3361 4647 3406 4695 et
3434 4637 3533 4692 ltuv

1951 4744 2084 4798 milis
2108 4743 2278 4800 corde.
2309 4739 2420 4797 Nisi
2447 4739 2588 4794 mitis
2615 4753 2786 4792 essem
2815 4735 2970 4804 [legis
2994 4733 3148 4800 filius,
3175 4743 3396 4790 matrem
3424 4745 3538 4785 sero

1953 4851 2071 4890 vam
2115 4850 2221 4891 non
2259 4833 2537 4904 elegissent
2571 4847 2584 4884 :
2615 4830 2714 4884 nisi
2748 4828 2888 4883 mitis
2918 4842 3125 4890 essem,
3166 4822 3444 4882 invisibilis
3485 4830 3542 4881 et

1953 4929 2174 4983 visibilis
2201 4926 2512 4983 substantia:
2541 4922 2740 4993 Opifex,
2773 4936 2988 4990 peregre
3017 4917 3084 4974 ad
3111 4932 3203 4974 vos
3229 4932 3333 4973 non
3361 4915 3543 4972 venis-

1955 5035 2068 5074 sem
2095 5035 2107 5072 :
2134 5017 2233 5073 nisi
2265 5017 2407 5076 mitis
2432 5030 2626 5079 essem,
2660 5012 2927 5070 involutus
2955 5011 3134 5072 fasciis
3163 5025 3269 5072 non
3301 5009 3544 5072 fuissem,

1959 5111 2047 5180 qui
2088 5109 2406 5168 surculorum,
2444 5123 2560 5161 sum
2593 5115 2778 5175 pater:
2807 5102 2910 5158 ιὼἰ
2938 5102 3152 5158 humilis
3181 5115 3352 5162 essem
3372 5141 3387 5165 ,
3419 5114 3550 5169 pau-

1960 5212 2217 5273 pertatem
2263 5198 2513 5272 prmsepis
2543 5213 2650 5258 non
2682 5197 2962 5252 subiisscm
2984 5234 2999 5259 ,
3027 5195 3116 5268 qui
3145 5203 3400 5250 creatura:
3429 5204 3552 5262 pos-

1960 5295 2108 5350 sideo
2135 5293 2350 5352 divitias
2387 5293 2648 5346 universa:
2681 5307 2694 5343 :
2725 5289 2832 5345 nisi
2865 5289 3009 5344 mitis
3049 5299 3258 5347 essem,
3289 5298 3396 5343 non
3431 5295 3553 5340 cum

1957 5387 2213 5457 intuentis
2251 5398 2491 5438 versarer
2526 5382 2600 5448 is,
2625 5396 2783 5450 quem
2813 5393 2982 5449 neque
3007 5375 3294 5434 Cherubim
3330 5380 3558 5442 possunt

1960 5478 2151 5532 intueri
2176 5493 2188 5529 :
2214 5475 2314 5530 nisi
2335 5475 2477 5530 mitis
2496 5488 2691 5548 0559“),
2717 5485 3001 5544 numquam
3024 5483 3120 5534 ego
3141 5466 3227 5536 qui
3246 5463 3558 5536 exspectth

1960 5571 2116 5626 cteris
2159 5568 2339 5622 lumen
2372 5564 2594 5620 inluudo
2618 5605 2635 5633 ,
2660 5565 2727 5618 ab
2754 5561 3114 5632 improborum
3145 5557 3297 5614 labiis
3324 5569 3558 5625 conspuo

1965 5676 2048 5721 tus
2075 5679 2250 5718 essem
2277 5679 2290 5715 :
2315 5662 2417 5717 nisi
2448 5658 2592 5715 mitis
2621 5672 2817 5724 essem,
2849 5668 3140 5724 numquam
3173 5666 3294 5724 ego,
3325 5647 3415 5720 qui
3444 5661 3556 5702 ser,

1967 5771 2062 5814 vos
2105 5751 2457 5823 manumitte,
2501 5748 2752 5808 servilem
2801 5745 3008 5822 alapam
3052 5742 3365 5806 toleratis“
3400 5752 3414 5796 ἰ
3457 5731 3557 5792 ΠΜ
