4080 6198
571 371 672 426 7'23

574 484 712 538 milis
739 497 932 548 essem,
963 480 1176 536 dorsum
1209 493 1384 532 meum
1411 477 1476 531 ad
1507 476 1710 547 ﬂagella
1743 488 1841 546 pro
1871 470 2146 541 mancipiis

571 553 877 631 sustinenda
906 587 1009 628 non
1044 571 1404 641 prmbuissem.
1432 568 1536 624 Sed
1559 583 1654 622 cur
1674 582 1791 636 ego,
1814 563 1952 632 quod
1980 562 2150 628 majus

567 675 651 719 est
671 707 686 730 ,
719 680 822 718 non
850 661 1099 733 profero?
1127 661 1222 715 nisi
1253 660 1392 714 milis
1417 674 1590 714 essem
1611 699 1626 721 ,
1653 674 1773 712 cum
1803 656 1890 710 alii
1923 654 2027 724 pati
2057 653 2149 708 dc-

573 758 776 821 herent,
811 770 914 809 non
945 755 1126 823 utique
1150 767 1248 822 ego
1269 752 1356 822 qui
1385 751 1511 804 nihil
1533 749 1812 812 debebam,
1838 747 2023 800 mortis
2053 760 2148 814 pro

569 847 670 899 illis
695 847 927 900 debitum
970 844 1336 898 exsolvissem.
1378 843 1489 912 Ego
1530 855 1656 894 vero
1693 838 1925 902 exsolvi,
1960 845 2016 890 ut
2052 851 2147 906 pro

568 938 675 991 illis
705 938 792 1007 qui
822 937 1070 991 deorsum
1100 934 1235 1006 apud
1265 933 1460 988 inferos
1483 931 1873 995 detinebantur,
1898 929 2144 983 mulctam

565 1029 811 1098 supplicii
841 1043 1192 1082 numerarem.
1222 1025 1334 1080 Non
1362 1026 1502 1079 enim
1532 1023 1771 1077 vivorum
1801 1030 2001 1076 tantum
2035 1019 2146 1072 Rex

565 1135 702 1182 sum,
732 1119 824 1174 sed
852 1119 1010 1174 etiam
1039 1119 1290 1172 Dominus
1314 1126 1660 1170 mortuorum.
1689 1114 1974 1181 Propterea
2002 1111 2144 1165 viam

565 1220 842 1280 utramque
881 1210 1292 1279 dispensationis
1331 1208 1578 1262 insistens
1611 1205 1752 1260 veni.
1781 1204 1953 1259 Homo
1982 1218 2144 1273 appa-

564 1302 646 1354 rui
669 1342 683 1366 ,
707 1301 883 1358 factus
913 1315 1028 1354 sum
1057 1310 1112 1354 et
1137 1299 1202 1353 ad
1235 1298 1499 1352 modicum
1533 1305 1740 1366 tempus
1777 1305 2019 1349 mortuus
2041 1335 2056 1359 ,
2086 1302 2144 1347 ut

561 1392 808 1445 omnibus
847 1390 1006 1445 etiam
1050 1389 1137 1459 qui
1179 1390 1280 1444 sub
1324 1396 1461 1442 terra
1502 1395 1687 1452 erant,
1729 1384 2143 1454 incorruptionis

563 1497 695 1535 metu
736 1481 930 1535 donum
978 1481 1324 1549 impertirem.
1379 1478 1581 1543 Venite,
1619 1477 1792 1530 discite
1823 1493 1855 1529 a
1883 1492 1992 1539 me,
2021 1475 2141 1547 quia

561 1572 695 1625 mitis
719 1589 859 1638 sum,
889 1581 936 1625 et
966 1570 1169 1623 humilis
1196 1569 1366 1624 corde.
1397 1570 1478 1622 Ab
1501 1568 1660 1622 animi
1693 1569 1965 1637 proposito
1985 1607 2001 1632 ,
2033 1580 2136 1618 non

558 1677 588 1715 a
635 1672 818 1716 natura
871 1672 954 1717 est
1004 1664 1173 1717 vilitas
1224 1677 1340 1716 mea
1380 1678 1394 1715 :
1441 1659 1794 1715 inaeccssibili
1845 1657 2134 1713 substantia

555 1754 807 1824 prmdilus
837 1769 975 1820 sum,
1004 1755 1096 1810 sed
1125 1764 1322 1818 mente,
1350 1769 1468 1824 quae
1493 1769 1550 1808 se
1575 1753 1640 1808 ad
1668 1766 1855 1807 omnes
1879 1749 2133 1805 extendit.

565 1842 756 1911 Venite,
789 1847 963 1902 discite
987 1865 1016 1901 a
1045 1865 1143 1914 me,
1173 1848 1291 1916 quia
1320 1848 1452 1901 mitis
1478 1863 1619 1912 sum,
1651 1855 1696 1900 et
1723 1844 1926 1898 humilis
1950 1844 2131 1908 corde,

554 1950 662 1989 non
689 1935 962 2007 dignitate.
992 1938 1226 1993 Modicus
1267 1953 1383 1992 sum
1405 1979 1420 2004 ,
1447 1938 1491 1992 si
1519 1947 1726 2006 spectes
1749 1935 1909 1989 animi
1939 1948 2134 2004 propo-

551 2028 711 2080 situm
731 2069 748 2094 ,
779 2045 880 2083 non
909 2030 950 2084 si
977 2030 1270 2100 potentiam
1303 2048 1316 2082 :
1345 2028 1546 2099 angelis
1576 2027 1827 2083 terribilis
1856 2041 1974 2080 sum
2012 2039 2135 2094 pro-

549 2129 671 2188 pter
689 2121 1008 2191 potentiam,
1043 2122 1344 2177 hominibus
1375 2131 1589 2190 propter
1612 2121 1773 2174 animi
1803 2119 2130 2191 propositum

549 2225 666 2264 sum
709 2212 939 2267 humilis.
985 2213 1180 2280 Venite,
1209 2215 1382 2268 discite
1414 2229 1444 2265 a
1478 2229 1576 2278 me,
1610 2214 1726 2283 quia
1748 2212 1882 2265 mitis
1915 2227 2052 2276 sum,
2085 2219 2132 2262 ct

551 2303 755 2356 Immitis
795 2305 964 2356 corde.
1009 2305 1122 2358 Non
1174 2322 1267 2375 pro
1311 2314 1512 2358 natura:
1552 2320 1686 2359 mea:
1714 2303 2018 2358 conditione
2047 2301 2128 2356 lo-

549 2406 714 2458 quor,
747 2392 838 2446 sed
879 2404 1033 2462 prout
1067 2395 1480 2448 misericordiam
1521 2410 1692 2448 meam
1734 2394 1926 2459 decet,
1966 2392 2126 2447 verba

549 2481 705 2534 facio.
736 2483 893 2539 Multo
921 2484 1047 2538 mihi
1079 2489 1252 2540 carior
1281 2495 1362 2540 est
1392 2486 1740 2542 mansuetudo
1776 2502 1932 2557 quam
1979 2496 2128 2555 pote-

546 2582 675 2625 stas.
715 2573 825 2629 Rex
859 2585 976 2630 sum
1014 2592 1134 2646 ego,
1165 2578 1251 2647 qui
1297 2587 1348 2633 te
1393 2578 1673 2648 alloquor:
1701 2574 1886 2646 magna
1915 2577 2125 2647 quidem

542 2655 740 2720 virtute
770 2667 964 2735 pollco,
995 2669 1087 2723 sed
1120 2672 1242 2724 uolo
1277 2671 1529 2740 potentia,
1559 2686 1677 2740 quze
1705 2671 1830 2724 mihi
1870 2670 2123 2739 suppetit,

541 2765 688 2809 tuam
717 2757 1128 2814 imbecillitatem
1157 2761 1586 2830 perterrefacere.
1613 2760 1728 2816 Non
1751 2761 1890 2828 dico,
1916 2761 2118 2825 Venite,

545 2846 731 2902 discite
757 2863 792 2903 a
833 2865 919 2904 me
942 2893 957 2917 ,
987 2851 1105 2921 quia
1128 2853 1388 2906 Dominus
1430 2867 1545 2906 sum
1568 2894 1582 2919 ,
1615 2868 1714 2923 ego
1755 2854 1842 2923 qui
1879 2853 2125 2907 dominor

550 2942 840 3009 creaturis,
871 2945 956 3015 qui
981 2946 1220 3014 ~respicio
1259 2955 1454 3001 terram
1481 2989 1494 3010 ,
1531 2957 1584 3002 et
1611 2946 1785 3002 efﬁcio
1811 2957 1868 3001 ut
1894 2955 2117 3012 tremat,

543 3033 636 3100 qui
660 3035 845 3089 czelum
871 3037 1060 3091 metior
1085 3039 1280 3108 palmo,
1303 3049 1356 3095 et
1373 3050 1569 3096 terram
1596 3056 1770 3110 pugno
1791 3049 1946 3096 teneo
1966 3039 2116 3114 (lsai.

543 3121 754 3195 40.12)
788 3143 801 3179 :
833 3127 947 3194 sed,
975 3127 1181 3195 'Venite,
1211 3130 1388 3186 discite
1409 3149 1440 3185 a
1474 3149 1572 3200 me,
1603 3133 1722 3202 quia
1749 3133 1885 3187 mitis
1913 3149 2042 3196 sum,
2073 3143 2121 3186 et

541 3216 744 3270 Immitis
769 3219 937 3271 corde.
971 3218 1044 3274 lla
1075 3236 1192 3275 sum
1222 3223 1362 3278 ruitis
1392 3241 1405 3277 :
1440 3225 1666 3292 peccasti
1700 3233 1753 3278 tu
1773 3264 1789 3291 ,
1816 3234 1871 3278 et
1896 3239 1994 3295 ego
2019 3223 2117 3278 ﬂa-

529 3305 688 3372 gellis
713 3322 1060 3372 sumcmsus;
1094 3310 1162 3365 ita
1195 3321 1384 3380 SpOItle
1413 3328 1528 3366 sum
1555 3312 1772 3367 humilis
1806 3314 1962 3368 :veui
1993 3329 2113 3384 ego,

539 3403 597 3448 nt
623 3411 734 3461 em,
765 3399 851 3468 qui
884 3401 1556 3472 servitutepremebantur,
1585 3405 1635 3458 in
1667 3406 1966 3461 libertatem
2000 3408 2116 3462 vin-

536 3486 804 3557 dicarem,
850 3499 903 3544 et
953 3491 1048 3563 ipsi
1097 3509 1182 3548 me
1225 3495 1562 3549 liberatorem
1605 3495 1770 3566 alapis
1810 3497 2115 3552 ceciderunt

537 3577 711 3642 simul,
745 3590 797 3635 et
824 3581 875 3635 in
904 3597 1114 3637 crucem
1143 3586 1468 3641 sustulerunt
1495 3587 1582 3657 qui
1622 3589 1876 3644 servitute
1901 3604 2112 3659 preme-

533 3668 755 3735 bantur,
785 3682 837 3726 et
871 3676 1290 3743 postea‘Patrem
1327 3694 1500 3733 meum
1527 3695 1624 3750 pro
1654 3681 1779 3750 ipsis
1805 3697 2000 3752 rogans
2025 3684 2108 3736 di-

531 3759 715 3814 cebam
745 3779 758 3816 :
791 3761 976 3830 Pater,
1015 3766 1208 3820 dimitte
1248 3769 1350 3822 illis
1381 3785 1398 3822 :
1430 3787 1528 3823 non
1572 3771 1707 3824 enim
1751 3772 1947 3838 sciunt,
1987 3773 2108 3837 quid

537 3853 726 3921 faciunt
757 3853 907 3924 (Luc.
939 3857 1026 3911 25.
1051 3859 1166 3928 54).
1211 3860 1383 3915 Venite
1411 3863 1585 3933 igitur,
1614 3863 1788 3918 discite
1814 3881 1846 3918 η
1873 3880 1969 3925 me,
1992 3866 2109 3936 quia

531 3947 667 3999 mitis
689 3964 820 4015 sum,
843 3957 889 4002 et
914 3950 1115 4005 humilis
1137 3954 1303 4008 corde.
1333 3954 1538 4023 Venite,
1565 3959 1800 4026 supplico
1821 3966 1875 4012 et
1900 3972 2105 4026 precor,

532 4051 635 4090 non
678 4054 761 4093 me
794 4039 963 4108 pudet
1003 4043 1335 4114 supplicare,
1377 4061 1558 4101 servos
1597 4063 1745 4102 meos
1782 4063 1936 4102 orare
1974 4063 2105 4104 eon-

533 4142 706 4184 tentns
747 4149 862 4186 sum
887 4175 902 4198 ,
935 4150 1002 4189 ne
1044 4150 1204 4204 cogar
1251 4138 1436 4206 pmdre
1468 4155 1480 4190 :
1508 4139 1683 4193 venite
1705 4183 1718 4206 ,
1749 4140 1934 4195 discite
1963 4155 1990 4193 a
2022 4156 2106 4195 me

531 4224 985 4278 mansuetiulincm
1041 4229 1222 4297 prius,
1267 4245 1424 4297 quam
1479 4231 1764 4284 terribilem
1818 4234 2100 4301 potentiam

503 4305 778 4382 spectetis
807 4333 821 4369 :
849 4317 1056 4384 venite,
1087 4335 1225 4373 llllllc
1255 4322 1503 4385 medeor,
1533 4323 1690 4390 paulo
1728 4333 1844 4392 post
1875 4324 2103 4378 rationes

531 4404 851 4472 subducam;
878 4423 1019 4462 nunc
1038 4425 1218 4478 parco,
1248 4413 1402 4480 paulo
1425 4424 1541 4480 post
1564 4415 1876 4468 sententiam
1904 4415 2097 4480 feram;

496 4491 502 4498 ’
531 4509 669 4547 nunc
699 4508 813 4547 sum
853 4496 1152 4552 misericors
1173 4539 1186 4564 ,
1221 4501 1376 4567 paulo
1404 4513 1522 4570 post
1535 4501 1718 4572 'justus
1740 4503 1902 4573 judex
1935 4520 2098 4573 appa-

495 4580 502 4592 ’
529 4583 673 4637 robo.
722 4582 922 4650 Venite,
952 4586 1126 4640 discite
1149 4605 1180 4640 a
1205 4606 1282 4643 me
1300 4632 1314 4656 ,
1346 4593 1462 4660 quia
1492 4595 1624 4645 mitis
1650 4611 1760 4647 sum
1779 4635 1792 4658 ,
1822 4606 1867 4647 et
1885 4595 2100 4650 immitis

491 4657 496 4661 ’
525 4673 692 4728 corde.
727 4673 821 4729 Vel
865 4679 1318 4736 mansuetudinem
1352 4681 1605 4740 honorate
1628 4726 1642 4747 ,
1683 4687 1764 4740 vel
1813 4689 2095 4755 potentiam

481 4752 897 4832 "pertimescite.
942 4767 1164 4838 Venite,
1192 4785 1556 4844 prmoccupate
1601 4775 1785 4830 faciem
1831 4793 2000 4832 meam
2044 4780 2095 4834 in

481 4859 484 4862 ’
517 4855 908 4913 confessionem
938 4879 951 4914 :
983 4868 1220 4931 tempore
1248 4863 1444 4934 quippe
1472 4867 1819 4920 mansuetudo
1845 4868 1940 4922 ista
1978 4877 2094 4924 mea

479 4935 486 4940 ’
520 4944 879 5004 discriminata
907 4961 1006 5005 est.
2049 4969 2051 4974 ’

595 5036 646 5089 3.
680 5038 944 5095 Secundus
971 5039 1163 5096 Christi
1189 5044 1430 5100 adventus
1466 5047 1718 5102 terribilis.
1746 5079 1817 5090 -—-
1845 5050 1923 5104 Ad
1957 5051 2094 5108 hanc

517 5127 685 5182 solam
731 5131 889 5185 vitam
936 5143 1248 5201 praesentem
1274 5139 1512 5206 jpert-iuct
1538 5179 1552 5203 ,
1595 5149 1652 5193 ut
1684 5142 2092 5212 loogauimitatis

515 5235 654 5273 mea:
697 5223 964 5289 specimen
1007 5225 1160 5279 edam
1193 5244 1206 5280 :
1240 5229 1414 5283 veniet
1443 5239 1646 5301 tempus
1669 5272 1682 5296 ,
1712 5249 1818 5302 quo
1847 5251 2091 5291 mansuc-

515 5311 711 5363 tudims
755 5313 910 5381 hujus
949 5329 1080 5368 mcze
1124 5325 1271 5384 porta
1309 5319 1619 5376 claudetur:
1651 5325 1821 5379 veniet
1851 5335 2085 5395 tempus,

1308 363 1362 417 S.
1403 357 1676 417 JOANNIS
1711 349 2181 410 CllliYSOSTCHl
2229 351 2537 408 ARCIIIEP.
2561 354 3087 413 CONSTANTINOP.

3726 359 3829 418 724

2255 468 2490 535 cahitur,
2519 481 2571 526 et
2608 485 2768 542 super
2794 473 3034 530 caelestes
3073 473 3295 530 virtutes
3332 485 3514 532 vectus
3541 475 3780 533 incedam
3809 497 3823 534 :

2254 561 2463 630 quando
2491 563 2811 633 principatus
2835 575 2888 619 et
2915 574 3199 636 potestates
3224 569 3482 624 venientis
3507 571 3642 626 latus
3670 572 3828 642 stips-

2253 651 2383 705 btmt
2415 670 2427 706 :
2457 653 2667 722 quando
2694 656 2838 725 regni
2876 657 2978 710 mei
3019 657 3294 712 luminaria
3334 660 3588 715 mundum
3615 663 3825 717 univer-

2251 759 2367 796 sum
2413 744 2781 800 illuminabunt
2810 764 2823 799 :
2852 748 3064 816 quando
3104 749 3221 803 libri
3263 749 3568 820 aperientur
3599 768 3783 807 eorum
3805 793 3822 819 ,

2250 851 2367 904 qua:
2397 837 2754 908 unusquisque
2794 840 2956 909 gessit
2985 841 3036 894 in
3067 841 3170 894 vita
3201 859 3215 894 :
3244 843 3454 911 quando
3482 843 3614 914 legis
3639 846 3825 900 obser-

2248 927 2391 979 vatio
2429 928 2702 997 exigetur,
2745 942 2800 984 et
2840 930 3138 985 daemonum
3169 943 3410 987 exactum
3450 935 3782 991 ratiocinium
3805 939 3824 970 '

2251 1020 2547 1088 proferetur
2577 1040 2592 1080 :
2623 1023 2834 1092 quando
2861 1041 2983 1080 reus
3011 1027 3258 1093 sistetur,
3285 1029 3368 1083 cui
3399 1030 3509 1085 sola
3536 1045 3697 1100 opera
3724 1047 3824 1102 po-

2250 1118 2420 1163 terunt
2445 1114 2756 1179 patrocinari
2781 1117 3018 1185 :quaudo
3037 1119 3381 1187 cogitationes
3401 1123 3743 1190 accusabunt,
3770 1133 3823 1178 et

2247 1201 2567 1255 Conscientia
2597 1205 2872 1259 convineet
2902 1225 2913 1258 :
2942 1207 3154 1276 quando
3184 1209 3397 1280 maligni
3421 1212 3635 1280 spiritus
3661 1213 3823 1269 verba

2241 1286 2435 1356 judieis
2463 1292 2734 1348 attendent
2762 1311 2774 1346 :
2802 1296 3014 1364 quando
3051 1295 3238 1352 foruax
3278 1303 3593 1355 sententiam
3624 1302 3825 1372 judicis

2243 1382 2569 1448 exspectabit
2594 1399 2609 1440 :
2631 1385 2842 1453 quando
2867 1385 3082 1441 verbum
3113 1389 3262 1453 illud,
3289 1390 3557 1456 Miserere,
3580 1392 3690 1462 jam
3715 1410 3822 1450 non

2241 1471 2466 1538 amplius
2507 1473 2754 1528 clamanti
2801 1478 3059 1545 proderit.
3114 1479 3296 1535 Venite
3344 1481 3502 1551 igitur
3536 1493 3820 1555 antequam

2243 1560 2382 1614 fores
2405 1562 2798 1619 miserationqu
2822 1583 3054 1622 mearum
3077 1569 3370 1636 occludam,
3388 1578 3669 1642 antequam
3696 1574 3822 1629 vitae

2241 1651 2501 1705 nundinas
2527 1653 2664 1708 finiri
2685 1658 2977 1727 contingat,
3003 1669 3284 1730 antequam
3312 1663 3432 1717 vita:
3457 1665 3820 1734 spectaculum

2240 1743 2550 1808 pra'tcrierit
2576 1761 2586 1794 :
2614 1749 2960 1813 przestitutum
2985 1751 3123 1803 enim
3150 1760 3360 1820 tempus
3388 1753 3505 1808 linis
3529 1756 3708 1810 δευουιί
3735 1766 3822 1810 est

2238 1832 2288 1885 in
2329 1833 2524 1902 jauuis.
2561 1835 2779 1902 Venite,
2821 1841 3124 1910 priusquam
3167 1839 3412 1914 incipiam
3451 1844 3692 1913 judicare
3725 1865 3740 1901 :
3772 1849 3818 1902 si

2235 1923 2374 1976 enim
2422 1924 2528 1994 jam
2573 1928 2764 1982 sedens
2809 1931 3053 2001 incipiam
3093 1933 3350 2002 judicium
3384 1951 3674 2004 exercere,
3706 1955 3817 1995 non

2233 2015 2459 2083 amplius
2511 2018 2840 2074 condonabo.
2898 2023 3180 2093 Propterea
3244 2025 3501 2083 fatuarum
3549 2030 3817 2101 virginum

2233 2107 2530 2173 exemplum
2573 2109 2834 2178 patefeci,
2885 2129 3104 2183 quarum
3155 2117 3275 2172 vitae
3323 2118 3614 2190 lampades,
3668 2125 3813 2193 quod

2231 2195 2404 2249 oleum
2430 2197 2647 2265 justitia:
2677 2218 2780 2256 nou
2809 2204 3082 2271 haberent,
3111 2211 3382 2264 exstincta:
3415 2220 3536 2267 sunt
3557 2255 3574 2277 ,
3611 2222 3669 2268 et
3703 2231 3815 2284 quo

2231 2296 2384 2354 pacto
2413 2287 2552 2344 fores
2581 2292 2681 2346 illis
2701 2295 2964 2349 conclavis
2989 2299 3166 2366 sponsi
3197 2301 3422 2356 occlusa:
3448 2303 3554 2358 sint
3589 2304 3810 2377 (Matth.

2227 2376 2316 2431 23.
2365 2380 2410 2432 l.
2452 2382 2584 2450 sqq.)
2606 2423 2622 2448 ,
2653 2399 2757 2453 quo
2787 2398 2940 2454 pacto
2968 2387 3298 2457 pulsantibus
3333 2392 3436 2446 illis
3462 2408 3524 2448 ex
3565 2376 3811 2451 interiori

2227 2468 2418 2522 mdium
2451 2482 2602 2540 parte
2626 2476 2985 2544 responderim
3006 2519 3022 2540 ,
3055 2477 3244 2533 Nescio
3269 2497 3352 2536 vos
3371 2524 3386 2548 ,
3413 2484 3602 2552 quibus
3630 2489 3812 2542 verbis

2222 2560 2416 2629 judicis
2444 2580 2626 2619 vocem
2649 2607 2665 2630 ,
2703 2583 2805 2638 qua
2847 2580 3150 2640 peccatores
3177 2573 3473 2644 alloquetur
3495 2617 3511 2640 ,
3539 2581 3808 2646 expressi.

2225 2654 2278 2709 Si
2309 2671 2436 2726 ergo
2463 2658 2786 2715 Dominicam
2826 2663 3197 2734 benignitatem
3217 2707 3233 2732 ,
3259 2667 3476 2734 fratres,
3505 2685 3570 2725 es
3617 2672 3811 2747 Salva-

2226 2747 2354 2801 toris
2395 2751 2570 2805 verbis
2610 2751 2923 2820 didicimus,
2964 2772 3031 2811 ne
3065 2757 3298 2826 iudicem
3335 2776 3683 2830 spcrnamus,
3715 2767 3811 2835 qui

2224 2841 2438 2895 mitibus
2464 2843 2637 2896 verbis
2665 2861 2762 2898 nos
2796 2856 2920 2902 ante
2943 2847 3129 2916 judicii
3157 2858 3364 2922 tempus
3387 2853 3673 2923 alloquitur
3691 2897 3707 2919 ,
3740 2873 3812 2913 ne

2225 2935 2546 3002 poenitentia:
2571 2939 2904 2994 occasionem
2924 2942 3228 2998 amittamus
3251 2961 3264 2998 :
3293 2944 3447 3000 bouis
3472 2948 3729 3016 operibus
3755 2960 3813 3004 et

2220 3027 2570 3100 eleemosynis
2597 3031 2800 3086 animas
2841 3043 3050 3088 nostras
3080 3036 3360 3090 vestiamus
3392 3054 3406 3090 :
3439 3040 3811 3110 unusquisque

2221 3129 2457 3174 nostrum
2479 3122 2544 3174 ad
2567 3122 2724 3176 vitam
2746 3131 2998 3179 mternam
3021 3125 3414 3195 adipiscendam
3437 3136 3805 3187 necessarium

2217 3219 2488 3280 comparet
2529 3221 2879 3268 commeatum
2905 3255 2922 3280 ,
2963 3215 3029 3270 ab
3071 3217 3264 3288 iniquis
3300 3219 3594 3274 actionibus
3627 3222 3806 3276 absti-

2218 3315 2456 3354 neamus.
2481 3301 2535 3358 Si
2561 3302 2702 3356 enim
2728 3302 2885 3359 ﬁdem
2910 3316 3144 3361 nostram
3165 3310 3535 3364 inconcussam
3563 3311 3615 3364 in
3643 3311 3806 3368 bonis

2215 3395 2464 3463 operibus
2483 3411 2878 3461 conservemus,
2896 3407 3152 3454 creatura:
3173 3400 3443 3455 nobiscum
3467 3403 3802 3460 inconcussa

2216 3486 2620 3555 permanebunt.
2646 3490 2863 3544 Animas
2887 3500 3093 3545 nostras
3111 3493 3353 3549 castitate
3375 3494 3716 3561 decoremus,
3744 3508 3801 3554 et

2215 3592 2360 3646 pura:
2396 3577 2516 3633 lldei
2557 3580 2974 3636 inaestimabilem
3007 3583 3341 3654 margaritam
3373 3594 3487 3640 tuto
3525 3587 3680 3642 nobis
3711 3590 3797 3642 in~

2211 3684 2372 3738 super
2394 3669 2748 3740 acquiramus,
2771 3680 3049 3742 antequam
3076 3674 3196 3728 vita:
3225 3684 3420 3729 nostra:
3450 3685 3662 3747 tempus
3686 3679 3799 3742 ριειτ

2207 3760 2385 3828 batur,
2408 3771 2690 3833 antequam
2715 3764 2876 3834 figura
2896 3765 3098 3830 mundi,
3115 3775 3171 3822 et
3191 3767 3289 3821 llos
3308 3768 3510 3838 glorize,
3527 3780 3584 3825 et
3603 3787 3798 3826 omnes

2212 3861 2436 3907 terreno
2483 3854 2687 3910 deliciae
2731 3857 2982 3911 tollantur
3023 3867 3076 3911 ct
3125 3869 3380 3928 pereant,
3425 3862 3794 3930 incorruptqu

2203 3942 2436 4012 judicem
2469 3945 2620 3999 nobis
2647 3947 3013 4002 conciliemus.
3045 3947 3161 4018 lpse
3188 3951 3327 4004 enim
3353 3959 3465 4018 est,
3494 3953 3583 4022 qui
3615 3952 3748 4007 dicit
3778 3972 3792 4004 :

2223 4035 2340 4088 Vivo
2366 4051 2478 4105 ego,
2502 4037 2620 4091 dicit
2647 4037 2893 4094 Dominus
2919 4055 2938 4094 :
2967 4041 3084 4094 nolo
3105 4052 3312 4096 mortem
3339 4045 3630 4113 peccatoris,
3662 4058 3796 4101 sicut

2205 4130 2424 4182 converti
2451 4146 2568 4183 eum
2590 4141 2638 4184 et
2663 4131 2824 4185 vivere
2851 4132 2870 4200 (
2885 4131 3070 4187 Ezecli.
3103 4133 3189 4188 i8.
3217 4133 3343 4204 52).
3374 4134 3429 4189 Si
3473 4137 3665 4204 punire
3699 4153 3796 4191 cu.

2200 4228 2354 4288 peret
2394 4231 2759 4290 peicatorem,
2793 4232 2990 4276 taceret
3017 4241 3031 4277 :
3060 4223 3296 4278 misereri
3329 4225 3437 4277 vult
3457 4265 3474 4290 ,
3505 4236 3790 4295 propterea

2205 4320 2385 4365 monet.
2413 4331 2426 4366 :
2461 4313 2659 4380 parcit,
2697 4313 2894 4368 idcirco
2934 4313 3179 4369 hortatur
3209 4332 3226 4369 :
3253 4315 3589 4384 prmdicendo
3619 4327 3794 4372 terret

2204 4410 2284 4463 te,
2318 4417 2384 4456 ne
2414 4404 2584 4471 reipsa
2625 4403 2675 4456 in
2721 4403 3010 4472 perieulum
3054 4405 3275 4460 incidas.
3313 4405 3452 4459 Deus
3488 4407 3632 4460 cnim
3663 4421 3786 4460 cum

2199 4493 2464 4555 minatur,
2493 4502 2709 4548 servare
2737 4495 2844 4549 vult
2875 4514 2888 4550 :
2920 4511 3041 4552 cum
3071 4513 3198 4551 vero
3227 4497 3385 4562 silet,
3415 4499 3600 4552 statuit
3622 4503 3788 4555 casti-

2197 4600 2340 4656 gare.
2369 4585 2657 4640 Possumus
2681 4603 2747 4642 es
2775 4589 2996 4643 aliorum
3025 4590 3399 4659 experimentis
3419 4593 3520 4646 hoc
3547 4592 3782 4649 discere.

2197 4677 2562 4733 Comminatus
2598 4688 2680 4732 est
2722 4679 2966 4735 Ninivitis
2989 4720 3005 4744 ,
3041 4693 3094 4736 et
3129 4683 3408 4752 pepercit:
3439 4685 3601 4738 tacuit
3637 4688 3784 4755 apud

2197 4768 2518 4834 Sodomitas,
2551 4783 2604 4826 et
2630 4773 2840 4842 punivit
2871 4792 2884 4827 :
2912 4789 3135 4829 coronas
3167 4777 3500 4844 prmparavit,
3533 4778 3634 4830 nisi
3665 4790 3783 4833 tor-

2197 4873 2371 4918 menta
2400 4863 2554 4918 nobis
2584 4865 2711 4934 ipsis
2749 4864 3054 4920 infer-anius.
3085 4865 3240 4934 Cupit
3264 4866 3560 4936 gehennam
3587 4870 3780 4936 otiari,

2175 4957 2338 5025 cupit
2361 4955 2700 5010 tenebrarum
2726 4971 2995 5013 carcerem
3016 4957 3291 5021 claudere,
3321 4959 3465 5026 cupit
3493 4958 3624 5013 iram
3656 4978 3780 5014 oni-

2193 5063 2313 5101 nem
2357 5048 2569 5102 diabolo
2613 5063 2922 5112 reservare,
2950 5049 3094 5118 cupit
3128 5049 3291 5117 judex
3323 5049 3510 5103 sedere
3533 5088 3550 5114 ,
3583 5065 3692 5104 non
3726 5063 3789 5104 ut

2190 5139 2397 5208 aliquos
2425 5139 2600 5208 puniat
2619 5183 2631 5202 ,
2661 5139 2754 5193 sed
2785 5149 2841 5194 ut
2864 5154 3056 5194 omnes
3079 5148 3316 5194 coronet.
3351 5141 3480 5194 Cum
3510 5141 3672 5210 igitur
3702 5150 3793 5194 ta-

2192 5230 2296 5286 lem
2328 5231 2607 5286 Dominum
2637 5233 2924 5287 habeamus
2945 5274 2962 5300 ,
2989 5234 3353 5303 prteripiamus
3382 5232 3669 5302 benignam
3711 5235 3786 5289 il-

2189 5325 2291 5380 lam
2312 5340 2539 5391 vocem,
2571 5342 2848 5396 parcamus
2873 5326 3069 5381 dicenti
3100 5344 3113 5380 :
3152 5325 3355 5387 Venite,
3392 5327 3568 5380 discite
3593 5343 3629 5379 α
3656 5345 3776 5392 me.

512 5415 620 5468 quo
643 5403 894 5475 'lacryuuc.
933 5418 1266 5476 peccatorum
1303 5412 1561 5467 stillantes
1591 5415 1719 5468 nihil
1753 5418 2039 5486 proderunt
2069 5437 2084 5474 :

512 5493 687 5547 veniet
717 5506 923 5567 tempus
943 5540 956 5565 ,
989 5516 1093 5570 quo
1129 5504 1363 5572 undique
1391 5506 1696 5575 clangentes
1723 5509 1860 5563 tubae
1893 5526 2085 5567 secun-

450 5575 473 5654 "
509 5581 637 5635 dum
680 5584 964 5642 adventum
1014 5606 1187 5646 meum
1219 5593 1534 5648 iudicabunt
1567 5612 1591 5648 δε
1631 5599 1846 5666 quando
1891 5611 2082 5656 terram

507 5687 880 5742 percurrentes
907 5683 1203 5739 universam
1225 5686 1394 5756 angeli
1422 5689 1582 5742 multa
1610 5691 1890 5749 multorum
1913 5694 2081 5751 millia

495 5762 566 5819 in
581 5765 840 5838 judicium
861 5773 1130 5829 adducent
1165 5793 1178 5830 :
1207 5778 1414 5848 quando
1447 5777 1679 5838 «ilionei
1715 5800 1888 5842 meum
1919 5789 2080 5843 cel'o-

2184 5418 2305 5488 quia
2331 5419 2464 5472 mitis
2492 5435 2623 5481 sum,
2652 5428 2698 5471 et
2725 5417 2932 5472 humilis
2959 5417 3108 5470 cotde
3133 5417 3344 5481 (Matth.
3375 5417 3462 5472 11.
3493 5417 3608 5489 29),
3636 5430 3693 5472 ut
3715 5430 3782 5477 ει

2185 5508 2470 5577 optabilem
2507 5507 2654 5560 illam
2691 5522 2758 5562 ac
2794 5506 3000 5561 felicem
3039 5521 3222 5561 vocem
3252 5506 3780 5567 atnlire'mcreamur

2184 5599 2446 5655 dicentem
2477 5585 2497 5652 ί
2525 5597 2732 5665 Venite,
2756 5598 3006 5652 .bencdicti
3041 5597 3210 5652 Patris
3235 5599 3363 5661 mei,
3393 5600 3646 5668 possidete
3669 5617 3772 5671 pa-

2241 5799 2264 5830 ⁴
2302 5805 2442 5860 Unus,
2468 5806 2511 5850 ct
2535 5798 2827 5862 agendorum
2845 5805 3073 5849 accurata
3098 5797 3232 5848 ratio.
