4080 6198
271 185 368 244 723

269 300 522 370 παρεῖχον
556 300 698 375 ὑπὲρ
734 302 1094 386 αίχμαλώτων
1124 309 1202 373 είς
1242 310 1532 381 μάστιγας.
1578 318 1642 370 Τί
1675 318 1731 371 δὲ
1777 318 1836 371 τὸ

267 384 447 455 μεῖζον
476 385 537 437 οὐ
581 385 756 454 λέγω;
792 384 842 439 εἰ
886 391 960 459 μὴ
1012 391 1182 460 πρᾶος
1217 393 1384 464 ήμην,
1429 396 1603 450 ἄλλων
1641 400 1700 452 τὸ
1735 417 1838 452 πα-

266 468 376 551 θεῖν
405 469 844 539 χρεωστούντων,
869 472 967 526 οὐκ
997 472 1064 526 ἂν
1097 475 1126 526 6
1165 478 1328 545 μηδὲν
1372 480 1604 548 ὀφείλων
1639 483 1748 551 ἐγὼ
1783 484 1842 536 τὸ

264 550 354 604 τοῦ
399 551 630 606 θανάτου
677 554 839 624 χρέος
870 555 1010 626 ὑπὲρ
1058 556 1284 612 ἐκείνων
1334 563 1650 616 κατέϐαλον.
1680 550 1843 618 Kar-

263 633 536 707 ἐϐαλόμην
573 635 630 688 δὲ
671 636 758 689 ἵνα
798 639 893 690 καὶ
921 641 1031 702 τοῖς
1056 645 1114 692 ἐν
1147 641 1246 713 ᾄδῃ
1279 643 1428 697 κάτω
1463 648 1844 717 κατεχομένοις

262 719 357 800 τῆς
386 719 684 789 καταδίκης
715 719 953 774 διαλύσω
991 723 1050 775 τὸ
1080 725 1381 796 πρόστιμον
1400 745 1413 756 ·
1455 730 1515 781 ού
1546 732 1652 800 γάρ
1685 732 1843 800 μόνον

261 799 478 864 ζώντων
517 804 634 872 είμὶ
674 801 947 872 βασιλεὺς,
989 804 1126 858 ἀλλὰ
1167 807 1262 860 καὶ
1305 811 1513 882 νεκρῶν
1543 799 1839 884 Δεσπότης.

263 886 464 939 Τούτου
502 886 661 958 χάριν
691 887 961 958 ἑκατέραν
997 885 1160 959 ἦλθον
1204 894 1303 962 τῆς
1336 895 1650 966 οἰκονομίας
1701 897 1840 952 όδόν.

275 970 508 1041 Ἐφάνην
545 970 853 1041 ἅνθρωπος,
895 971 1095 1039 γέγονα
1131 974 1226 1026 καὶ
1255 976 1392 1046 πρὸς
1418 976 1599 1048 ὀλίγον
1628 981 1840 1051 νεκρὸς,

265 1055 350 1106 ἵνα
382 1056 516 1107 πᾶσι
546 1055 639 1108 καὶ
676 1058 788 1118 τοῖς
815 1055 920 1108 ὑπὸ
954 1057 1060 1126 γῆν
1085 1057 1184 1128 τῆς
1223 1060 1363 1129 ἐμῆς
1395 1062 1707 1134 ἀφθαρσίας
1737 1064 1844 1116 δια-

262 1139 432 1208 νείμω
478 1138 538 1191 τὸ
585 1139 855 1210 χάρισμα.
903 1141 1101 1204 Δεῦτε,
1148 1142 1368 1210 μάθετε
1414 1147 1517 1200 ἀπ’
1540 1147 1708 1215 ἐμοῦ,
1755 1147 1843 1200 ὅτι

261 1221 450 1291 πρᾶός
479 1225 595 1292 ειμι
637 1225 734 1277 καὶ
781 1225 1060 1292 ταπεινὸς
1092 1226 1164 1295 τῇ
1212 1229 1444 1296 καρδίᾳ.
1493 1231 1741 1303 Γνώμης,
1781 1235 1841 1286 ού

264 1307 474 1376 φύσεως
510 1309 543 1378 ὴ
578 1307 850 1362 εὐτέλεια·
884 1310 1071 1364 οὐσίαν
1113 1313 1406 1383 ἀπρόσιτον
1449 1315 1576 1386 έχω,
1608 1317 1843 1370 διάνοιαν

262 1390 315 1442 δὲ
362 1389 500 1460 πρὸς
555 1391 764 1455 πάντας
819 1391 1161 1462 βαδίζουσαν.
1221 1396 1420 1458 Δεῦτε,
1475 1397 1692 1466 μάθετε
1740 1401 1841 1453 ἀπ’

262 1478 427 1548 ἐμοῦ,
470 1477 560 1532 ὅτι
611 1477 802 1548 πρᾶός
833 1482 980 1547 ειμι,
1018 1480 1118 1534 καὶ
1160 1485 1438 1551 ταπεινὸς
1480 1484 1555 1553 τῇ
1608 1489 1841 1554 καρδίῃ,

262 1565 316 1613 ού
356 1564 420 1632 τῇ
457 1559 614 1632 ἀξίᾳ·
675 1561 893 1633 μέτριος
929 1563 1028 1636 τὴν
1083 1564 1329 1636 γνώμην,
1377 1568 1438 1619 ού
1491 1567 1588 1639 τὴν
1643 1569 1838 1640 ῥώμην

261 1645 487 1716 ὑπάρχω
509 1660 522 1675 ·
556 1644 644 1699 διά
676 1646 776 1716 τὴν
817 1645 1009 1718 ῥώμην
1036 1648 1288 1716 ἀγγέλοις
1330 1650 1557 1720 φοϐερός
1590 1652 1726 1721 εἰμι,
1756 1651 1846 1704 διὰ

261 1728 354 1798 τὴν
384 1727 609 1800 γνώμην
657 1729 965 1801 ἀνθρώποις
1009 1733 1262 1797 ταπεινὸς
1310 1732 1457 1803 ἐγώ·
1490 1735 1687 1802 Δεῦτε,
1733 1736 1846 1806 μά-

259 1815 389 1865 θετε
423 1812 524 1864 ἀπ’
551 1811 717 1880 ἐμοῦ,
767 1813 855 1865 ὅτι
888 1813 1077 1883 πρᾶός
1115 1819 1232 1886 εἰμι
1253 1860 1266 1876 ,
1315 1819 1412 1870 καὶ
1460 1819 1738 1886 ταπεινὸς
1771 1819 1844 1888 τῇ

263 1895 494 1962 καρδίᾳ.
547 1896 662 1948 Οὐκ
712 1897 805 1965 ἀφ’
845 1891 920 1949 ὧν
972 1892 1224 1970 ὑπάρχω,
1264 1900 1428 1966 λαλῶ,
1476 1903 1588 1955 ἀλλ’
1638 1903 1730 1972 ἀφ’
1769 1897 1843 1956 ὧν

264 1977 428 2041 ἐλεῶ,
480 1977 820 2048 διαλέγομαι.
869 1979 1040 2051 ’Υπὲρ
1093 1981 1190 2052 τὴν
1243 1982 1490 2047 ἐξουσίαν
1551 1984 1689 2052 φιλῶ
1743 1985 1844 2054 τὴν

265 2061 619 2133 χρηστότητα.
666 2061 923 2126 Βασιλεὺς
954 2066 982 2117 6
1010 2064 1185 2119 ταῦτά
1220 2082 1299 2119 σοι
1333 2065 1507 2135 λέγων
1546 2067 1661 2138 εἰμί
1684 2083 1698 2097 ·
1735 2067 1835 2136 μέ-

264 2148 418 2214 γεθος
462 2145 579 2199 ἐστι
626 2163 716 2217 μοι
762 2146 1066 2218 δυνάμεως,
1108 2149 1221 2202 ἀλλ’
1249 2151 1311 2203 ού
1343 2151 1706 2221 καταπλήττω
1748 2167 1841 2203 σου

262 2230 336 2300 τῷ
379 2229 606 2302 παρόντι
655 2247 744 2301 μοι
803 2230 1012 2301 δυνατῷ
1062 2234 1161 2303 τὴν
1205 2233 1506 2288 ἀσθένειαν.
1553 2236 1626 2289 Ού
1672 2235 1837 2302 λέγω,

260 2315 445 2375 Δεῦτε,
500 2313 698 2382 μάθετε
739 2314 833 2368 ἀπ’
864 2315 997 2384 ἐμοῦ
1032 2317 1115 2368 δτι
1145 2318 1424 2388 Δεσπότης
1473 2319 1621 2387 είμὶ,
1663 2320 1691 2371 ό
1740 2319 1842 2388 τῆς

261 2396 490 2459 κτίσεως
518 2396 737 2466 Κύριος,
763 2397 791 2449 6
816 2398 1122 2451 ἐπιϐλέπων
1143 2399 1237 2450 ἐπὶ¹
1265 2399 1364 2469 τὴν
1392 2400 1517 2470 γῆν,
1550 2401 1643 2454 καὶ
1673 2402 1844 2454 ποιῶν

259 2481 432 2551 αὐτὴν
480 2480 725 2550 τρέμειν,
769 2483 797 2532 6
840 2481 932 2534 τὸν
968 2481 1197 2553 οὐρανὸν
1247 2485 1521 2556 μετρήσας
1561 2485 1842 2556 σπιθαμῇ,

261 2564 356 2616 καὶ
395 2564 496 2632 τὴν
534 2563 638 2633 γῆν
674 2564 914 2634 κατέχων
949 2565 1138 2634 δρακί·
1183 2565 1346 2630 ἀλλά,
1393 2567 1590 2632 Δεῦτε,
1626 2567 1844 2635 μάθετε

259 2650 361 2703 ἀπ’
387 2649 555 2717 ἐμοῦ,
600 2649 687 2702 ὅτι
719 2647 906 2716 πρᾶός
939 2652 1086 2719 ειμι,
1127 2650 1225 2703 καί
1272 2651 1551 2716 ταπεινὸς
1583 2651 1656 2720 τῇ
1698 2670 1839 2725 καρ-

260 2733 380 2798 δίῃ.
426 2731 612 2795 υῦτως
656 2731 770 2802 είμὶ
819 2735 1023 2802 πρᾶος,
1065 2733 1312 2803 ἥμαρτες
1359 2734 1445 2797 σὺ,
1486 2733 1579 2786 καὶ
1622 2736 1846 2804 ἐμαστι-

259 2817 456 2890 γώθην
477 2817 614 2885 ἐγὼ·
657 2817 831 2878 οὕτως
865 2815 1004 2869 ἐκὼν
1037 2819 1151 2886 εἰμι
1183 2818 1455 2882 ταπεινὸς,
1489 2812 1653 2887 ἦλθον
1689 2819 1718 2870 ὁ
1747 2821 1846 2869 Δε-

263 2902 472 2972 σπότης
525 2899 890 2971 ἐλευθερῶσαι
939 2899 1092 2972 [728]
1145 2903 1271 2963 τοὺς
1325 2900 1704 2965 δουλεύοντας,
1751 2902 1846 2955 καὶ

261 2985 416 3039 αύτοί
461 3003 529 3055 με
595 2984 686 3036 τὸν
757 2982 1128 3055 ἐλευθερωτὴν
1183 2984 1492 3055 ἐρράπισαν
1552 2985 1686 3054 ὁμοῦ
1752 2985 1845 3038 καὶ

261 3069 616 3138 ἐσταύρωσαν
657 3067 706 3119 οἱ
743 3065 1106 3129 δουλεύοντες,
1149 3068 1241 3120 καὶ
1289 3067 1424 3138 πρὸς
1453 3065 1660 3130 τούτοις
1708 3067 1844 3136 πρὸς

259 3151 351 3204 τὸν
399 3150 533 3219 ἐμὸν
590 3149 810 3219 Πατέρα
862 3148 1003 3220 ὑπὲρ
1047 3149 1225 3202 αὐτῶν
1263 3149 1582 3220 πρεσϐεύων
1628 3148 1840 3218 ἔλεγον·

263 3237 476 3306 Πάτερ,
516 3236 664 3306 ἇρες
710 3235 940 3301 αὐτοῖς·
980 3237 1052 3289 οὺ
1092 3238 1201 3304 γὰρ
1245 3236 1444 3290 οἴδασι
1482 3236 1538 3288 τί
1575 3237 1839 3292 ποιοῦσι.

262 3325 442 3379 Δεῦτε
476 3319 592 3390 οὖν,
634 3322 850 3392 μάθετε
898 3323 999 3375 ἀπ’
1025 3321 1192 3391 ἐμοῦ,
1226 3322 1313 3375 ὅτι
1363 3321 1551 3390 πρᾶός
1575 3325 1700 3394 ,εἰμι
1745 3323 1843 3377 καί

264 3408 545 3472 ταπεινὲς
573 3405 645 3474 τῇ
678 3404 920 3472 καρδίᾳ·
956 3404 1131 3470 δεῦτε,
1171 3403 1398 3457 ἱκετεύω
1430 3406 1701 3475 δεόμενος,
1736 3407 1847 3457 ίκε-

262 3492 443 3544 τεύειν
472 3492 574 3543 οὐκ
603 3489 949 3559 αἰσχύνομαι.
981 3489 1106 3550 τοὺς
1138 3488 1305 3558 ἐμοὺς
1343 3487 1562 3550 δούλους
1591 3489 1847 3560 αἱροῦμαι

263 3573 627 3644 παρακαλεῖν,
655 3573 742 3624 ἵνα
779 3571 852 3642 μὴ
877 3570 1124 3634 κολάζειν
1151 3571 1510 3638 ἀναγκασθῶ·
1535 3570 1708 3636 δεῦτε,
1746 3574 1850 3642 μά-

262 3656 388 3710 θετε
421 3657 516 3710 ἀπ’
541 3655 676 3725 ἐμοῦ
704 3654 766 3707 τὺ
794 3655 966 3724 πρᾶον
1006 3653 1136 3724 πρὶν
1160 3655 1192 3724 ἢ
1218 3652 1488 3724 θεάσησθέ
1523 3672 1622 3723 μου
1659 3655 1720 3707 τὸ
1756 3673 1850 3724 φοι

262 3741 457 3813 ϐερόν·
491 3741 645 3795 δεῦτε
685 3739 800 3802 νῦν,
846 3737 1101 3809 ίατρεύω,
1139 3737 1275 3808 μετὰ
1309 3737 1482 3807 βραχὺ
1518 3738 1845 3805 λογιστεύω·

266 3824 364 3877 νῦν
397 3823 667 3893 φείδομαι,
707 3821 845 3892 μετὰ
879 3822 1072 3891 μικρὸν
1103 3821 1505 3889 ἀποφαίνομαι·
1539 3819 1632 3872 νῦν
1663 3821 1850 3889 φιλάν-

265 3908 509 3978 θρωπος,
542 3907 657 3977 μετ’
681 3907 862 3973 ὀλίγον
890 3905 1261 3975 δικαιοκρίτης
1287 3905 1619 3974 φανήσομαι.
1649 3904 1846 3971 Δεῦτε,

260 3994 501 4060 μάθετε,
538 3989 628 4044 ὅτι
661 3989 851 4058 πρᾶός
887 3991 1003 4058 εἰμι
1037 3989 1132 4041 καί
1174 3988 1451 4053 ταπεινὸς
1493 3986 1564 4056 τῇ
1613 3987 1844 4055 καρδίᾳ.

269 4077 346 4128 ’Ἡ
378 4075 440 4128 τὸ
481 4075 657 4146 πρᾶον
702 4074 992 4144 τιμήσατε,
1041 4070 1074 4140 ἢ
1120 4070 1181 4123 τὸ
1211 4070 1436 4123 δυνατὸν
1487 4070 1844 4142 εύλαϐήθητε.

266 4159 456 4224 Δεῦτε,
495 4157 737 4226 φθάσατέ
785 4174 885 4226 μου
915 4155 974 4208 τὸ
1009 4154 1297 4224 πρόσωπον
1330 4157 1386 4207 ἐν
1430 4154 1810 4225 ἐξομολογήσει
1832 4171 1845 4185 ·

268 4241 448 4312 καιρῷ
501 4241 610 4311 γάρ
655 4240 723 4293 τὰ
771 4239 868 4309 τῆς
914 4238 1167 4306 τοιαύτης
1213 4237 1344 4308 παρ’
1391 4239 1524 4310 ἐμοῦ
1573 4238 1851 4310 διώρισται

271 4325 649 4397 μετριότητος.

339 4409 410 4477 γ’.
445 4409 503 4461 Ὀ
536 4405 726 4478 παρὼν
752 4407 911 4478 μόνος
932 4405 1048 4458 ἐστὶ
1066 4404 1179 4474 βίος
1194 4404 1293 4474 τῆς
1309 4404 1448 4474 ἐμῆς
1473 4404 1852 4476 μακροθυμίας

269 4492 530 4556 ἐπίδειξις
552 4507 564 4518 ·
599 4489 718 4561 ἥξει
753 4490 962 4560 καιρὸς,
989 4490 1077 4543 ὅτε
1115 4488 1319 4559 ταύτης
1355 4505 1454 4557 μου
1487 4491 1583 4559 τῆς
1622 4491 1854 4560 χρηστό-

268 4594 432 4648 τητος
457 4579 490 4647 ἠ
519 4575 656 4645 θύρα
686 4574 1063 4643 κλεισθήσεται
1081 4588 1095 4600 ·
1121 4573 1241 4641 ἥξει
1269 4573 1477 4643 καιρὸς.
1506 4574 1593 4625 ὅτε
1619 4574 1852 4644 δάκρυον

265 4664 378 4715 τῶν
431 4660 771 4731 ἁμαρτωλῶν
819 4659 920 4712 ούκ
982 4658 1253 4728 ὠφελήσει
1319 4656 1679 4726 σταζόμενον·
1731 4658 1852 4728 ἥξει

268 4743 494 4817 καιρὸς,
541 4745 630 4798 ὅτε
675 4743 974 4810 σάλπιγγες
1021 4739 1354 4809 πανταχόθεν
1403 4739 1706 4792 κτυποῦσαι
1749 4741 1852 4810 τὴν

262 4830 532 4897 δευτέραν
568 4845 667 4896 μου
702 4826 1006 4896 παρουσίαν
1039 4825 1310 4895 δηλοῦσιν,
1352 4824 1440 4875 ὅτε
1470 4822 1566 4893 τὴν
1595 4824 1697 4892 γῆν
1725 4823 1854 4893 ὅλην

258 4913 645 4983 διατρέχοντες
672 4909 888 4978 ἄγγελοι
915 4908 1021 4962 τῶν
1051 4908 1255 4980 νεκρῶν
1287 4907 1385 4970 τὰς
1416 4907 1681 4978 μυριάδας
1715 4924 1854 4980 παρ-

265 4995 497 5046 ιστῶσιν
525 4995 603 5056 είς
631 4993 834 5064 κρίσιν,
856 4993 944 5046 ὅτε
979 5009 1069 5062 μοι
1118 4992 1267 5062 βῆμα
1295 4989 1446 5060 τεθῇ,
1479 4991 1571 5042 καὶ
1596 4992 1716 5052 ταῖς
1741 4991 1853 5044 ἄνω

261 5078 566 5148 δυνάμεσιν
609 5075 806 5141 ἐπιϐῶ,
853 5076 943 5128 ὅτε
983 5076 1148 5146 ἀρχαὶ
1191 5075 1284 5128 καὶ
1333 5073 1568 5138 ἐξουσίαι
1620 5072 1853 5143 δορυφο-

265 5161 456 5232 ροῦσιν
487 5161 796 5231 ἐρχόμενον,
823 5160 910 5213 ὅτε
943 5176 1043 5229 μου
1069 5158 1166 5230 τῆς
1191 5157 1465 5228 βασιλείας
1490 5157 1539 5208 οί
1569 5156 1854 5226 φωστῆρες

262 5245 365 5296 τὸν
402 5246 579 5297 πάντα
627 5243 1040 5314 καταλάμπουσι
1106 5242 1330 5311 κόσμον,
1373 5242 1462 5293 ὅτε
1520 5239 1692 5309 βίϐλοι
1742 5239 1852 5291 τῶν

267 5329 492 5398 ἑκάστῳ
527 5327 873 5398 βεϐιωμένων
902 5327 1225 5395 ἀνοίγονται,
1254 5327 1341 5378 ὅτε
1367 5325 1546 5394 νόμων
1578 5324 1849 5396 ἀκρίϐεια,

265 5411 372 5465 καὶ
404 5411 670 5482 δαιμόνων
700 5411 924 5481 ἀκριϐὲς
956 5409 1263 5479 λογοθέσιον
1289 5413 1337 5474 ⁸,
1368 5410 1456 5462 ὅτε
1482 5411 1509 5462 6
1539 5408 1855 5478 κρινόμενος

925 5513 954 5536 Ι

341 5629 367 5658 ⁸
395 5630 529 5681 Caus
553 5634 629 5681 καί
654 5635 746 5682 τῶν
766 5634 1008 5698 πρακτέων
1031 5634 1226 5697 ἀκριϐὴς
1258 5631 1518 5696 λογοθεσία.

1410 199 1478 256 IN
1518 202 1617 259 SS.
1661 204 1946 262 PE'IRUM
1991 210 2079 265 ET
2116 213 2391 272 HELIAM.

3425 230 3525 285 ττι

1949 323 2369 400 ἵσταται,-μόνα
2412 331 2550 403 ἔχων
2582 334 2729 406 αύτῷ
2785 337 3105 406 παρεστῶτα
3137 338 3204 391 τὰ
3248 340 3405 412 ἔργα,
3440 347 3530 399 ὅτε

1942 420 2190 493 λογισμοὶ
2227 428 2614 500 κατηγοροῦσι,
2652 431 2748 484 καὶ
2791 431 3002 502 ἐλέγχει
3052 436 3390 507 συνείδησις,
3431 441 3530 493 ὅτε

1944 518 2234 588 πνεύματα
2276 525 2487 592 πονηρὰ
2533 529 2644 590 τοῖς
2690 528 2783 581 τοῦ
2831 527 3143 594 δικάζοντος
3191 532 3528 603 προσέχοντα

1945 614 2207 686 ῥήμασιν,
2245 621 2332 674 ὅτε
2379 623 2608 693 κάμινος
2646 624 2739 677 τοῦ
2776 625 2964 696 κριτοῦ
3007 627 3381 697 περιμένουσα
3430 631 3529 700 τὴν

1942 713 2235 784 ἀπόφασιν,
2258 717 2346 771 ὅτε
2375 718 2457 784 τὸ,
2491 721 2761 793 Ἐλέησον,
2801 724 2951 796 ῥῆμα
2979 725 3056 796 τῷ
3105 724 3298 795 βοῶντι
3345 725 3530 782 λοιπὸν

1943 810 2309 882 ἀνωφέλητον.
2338 815 2501 869 Δεῦτε
2533 813 2646 882 οῦν,
2680 819 2809 891 πρίν
2838 821 3144 874 ἀποκλείσω
3175 841 3276 892 μου
3303 825 3400 887 τάς
3435 824 3531 878 θύ-

1948 924 2045 973 ρας
2089 909 2196 962 τῶν
2224 912 2544 983 οἰκτιρμῶν,
2589 917 2718 986 πρὶν
2751 916 2932 987 φθάσῃ
2978 917 3202 988 λυθῆναι
3233 919 3331 989 τῆς
3381 921 3529 990 ζωῆς

1944 1005 1976 1075 ἡ
2020 1007 2356 1078 πανήγυρις,
2403 1011 2532 1081 πρὶν
2585 1012 2830 1083 παρέλθῃ
2870 1012 2963 1065 τοῦ
3009 1014 3123 1084 βίου
3157 1017 3217 1068 τὸ
3266 1017 3521 1088 θέατρον·

1944 1101 2037 1154 ἐπὶ
2090 1101 2284 1174 θύραις
2336 1105 2444 1178 γάρ
2490 1108 2523 1175 ἠ
2580 1088 2892 1180 προθεσμία
2945 1111 3039 1162 τοῦ
3108 1111 3315 1176 τέλους.
3363 1116 3526 1168 Δεῦτε

1945 1197 2074 1265 πρὶν
2108 1197 2359 1270 ἄρξωμαι
2398 1201 2628 1273 κρίνειν·
2663 1203 2728 1256 ἂν
2758 1203 2866 1274 γὰρ
2895 1205 3085 1272 φθάσω
3113 1208 3342 1272 καθίσας
3374 1211 3528 1263 δικά-

1946 1293 2081 1358 ζειν,
2108 1294 2290 1348 οὐκέτι
2318 1294 2632 1369 χαρίζομαι.
2662 1300 2761 1353 Διά
2793 1301 2966 1355 ταῦτα
3009 1303 3308 1378 κατριδηλον
3340 1308 3528 1376 ἐποιη-

1949 1390 2128 1461 σάμην
2163 1391 2224 1445 τὸ
2257 1393 2367 1446 τῶν
2411 1395 2608 1465 μωρῶν
2661 1397 2944 1468 παρθένων
2989 1399 3314 1472 ὑπόδειγμα,
3360 1398 3434 1456 ὧν
3468 1406 3546 1475 αἱ.

1946 1487 2226 1558 λαμπάδες
2265 1490 2364 1561 τῆς
2398 1490 2544 1560 ζωῆς
2585 1491 2661 1564 μὴ
2703 1493 2922 1563 ἔχουσαι
2968 1496 3312 1568 δικαιοσύνης
3353 1499 3530 1552 ἔλαιον

1946 1586 2382 1658 ἁπεσϐέσθησαν,
2419 1589 2514 1640 καὶ
2557 1590 2704 1654 ὅπως
2734 1591 3170 1664 ἀπεκλείσθησαν
3205 1597 3396 1658 αὐταῖς
3434 1599 3528 1650 τοῦ

1943 1682 2229 1751 νυμφῶνος
2256 1685 2310 1736 αἱ
2354 1683 2536 1755 θύραι,
2577 1686 2724 1749 ὅπως
2758 1703 2816 1739 τε
2870 1689 3195 1759 κρουούσαις
3242 1692 3528 1758 ἀντέλεγον

1942 1775 2172 1843 ἔνδοθεν,
2201 1781 2323 1834 Οὐκ
2340 1777 2470 1834 οἶδα
2491 1779 2643 1850 ὑμᾶς
2662 1783 2760 1852 τὴν
2789 1784 2922 1854 πρὸς
2941 1785 3065 1849 τοὺς
3089 1786 3445 1858 ἁμαρτωλοὺς
3469 1789 3526 1840 ἐν

1942 1877 2008 1946 τῇ
2049 1881 2228 1947 κρίσει
2269 1883 2453 1949 φωνὴν
2486 1879 2874 1950 αἰνιττόμενος.
2906 1882 2969 1934 Εί
3015 1883 3370 1954 ἐδιδάχθημεν
3413 1901 3526 1938 τοι·

1943 1972 2168 2043 γαροῦν,
2206 1974 2444 2044 ἀδελφοὶ,
2473 1975 2537 2028 ἐκ
2567 1975 2677 2028 τῶν
2709 1977 2802 2030 τοῦ
2840 1978 3092 2050 Σωτῆρος
3121 1979 3294 2048 λόγων
3308 1965 3526 2034 ’Δεσπο-

1940 2067 2100 2140 τικὴν
2130 2069 2465 2142 ἀγαθότητα,
2503 2071 2578 2142 μὴ
2607 2074 3108 2144 καταφρονήσωμεν
3135 2075 3391 2128 δικαστοῦ
3423 2076 3529 2145 πρὸ

1941 2165 2041 2236 τῆς
2088 2167 2322 2238 κρίσεως
2363 2167 2734 2238 φθεγγομένου
2783 2169 3168 2239 φιλάνθρωπα,
3209 2171 3284 2242 μὴ
3328 2171 3528 2224 ἀπολέ-

1943 2277 2123 2332 σωμεν
2179 2262 2536 2332 μεταμελείας
2591 2263 2816 2332 καιρόν·
2869 2264 3104 2333 ἀγαθαῖς
3161 2266 3392 2335 πράξεσι
3433 2267 3531 2320 καὶ

1941 2357 2332 2429 ἐλεημοσύναις
2379 2358 2476 2423 τὰς
2504 2360 2714 2413 ἑαυτῶν
2746 2359 2923 2430 ψυχὰς
2957 2361 3355 2432 ἁμφιάσωμεν·
3397 2363 3528 2416 ἐκαο

1943 2471 2068 2517 στος
2095 2454 2250 2526 ἡμῶν
2283 2455 2383 2526 ἥδη
2413 2457 2929 2527 πμγματευσάσθω
2959 2457 3112 2531 [7:29]
3159 2460 3225 2512 τά
3267 2459 3403 2531 πρὸς
3432 2461 3540 2531 τὴν·

1942 2549 2157 2604 αίιὶινιον
2183 2551 2328 2622 ζωὴν
2368 2553 2669 2622 ἐπιτήδεια,
2693 2552 2802 2606 τῶν
2839 2552 3090 2624 χαλεπῶν
3123 2556 3374 2626 πράξεων
3406 2557 3532 2609 ἐαυ-

1941 2649 2068 2713 τοὺς
2105 2650 2521 2720 ἀποστήσωμεν.
2563 2650 2687 2704 Ἐάν
2715 2650 2822 2721 γάρ
2857 2653 3018 2721 ἡμεῖς
3047 2651 3143 2722 τὴν
3175 2652 3356 2704 πίστιν
3395 2653 3531 2705 ἀσά-

1940 2745 2128 2798 λευτον
2153 2746 2210 2798 ἐν
2242 2744 2467 2813 ἀγαθοῖς
2493 2744 2675 2816 ἔργοις
2699 2745 3045 2816 φυλάξωμεν,
3075 2748 3226 2800 ἕσται
3257 2749 3358 2800 σὺν
3398 2750 3539 2818 ἡμῖν

1942 2841 2039 2895 καλ⁵
2073 2842 2106 2912 ἡ
2134 2839 2310 2903 κτίσις
2337 2841 2650 2903 ἀσάλευτος.
2679 2841 3008 2914 Σωφροσύνη
3033 2847 3397 2914 κοσμήσωμεν
3433 2845 3530 2907 τὰς

1942 2938 2120 3010 ψυχὰς
2146 2939 2324 3010 ἡμῶν,
2355 2939 2448 2992 καὶ
2475 2941 2574 3009 τῆς
2606 2937 2854 3010 καθαράς
2881 2939 3116 3002 πίστεως
3144 2939 3236 2992 τὸν
3267 2939 3530 3010 ἀτίμητον

1947 3036 2296 3110 μαργαρίτην
2337 3036 2568 3106 βεϐαίως
2615 3035 3072 3107 ἐπικτησώμεθα·
3112 3037 3239 3106 πρὶν
3281 3039 3309 3089 6
3341 3036 3530 3107 χρόνος

1943 3134 2045 3208 τῆς
2086 3132 2228 3204 ζωῆς
2263 3131 2464 3202 σϐεσθῇ
2498 3132 2597 3202 τῆς
2627 3133 2923 3204 ἡμετερας,
2955 3135 3083 3203 πρὶν
3112 3133 3172 3185 τὸ
3215 3133 3402 3202 σχῆμα
3437 3131 3528 3185 τοῦ

1945 3233 2173 3304 κόσμου,
2216 3229 2400 3283 καὶτὸ
2439 3228 2600 3293 ἄνθος
2627 3231 2728 3300 τῆς
2767 3228 2945 3301 δόξης,
2977 3232 3072 3282 καὶ
3108 3230 3286 3282 πάντα
3327 3230 3396 3282 τά
3433 3231 3531 3300 τῆς

1944 3331 2072 3400 ὅλης
2121 3327 2330 3401 τερπνά
2375 3327 2849 3400 διαφθαρῆσηται,
2895 3327 2988 3381 τὸν
3055 3328 3352 3380 ἀδέκαστον
3397 3344 3532 3397 κρι-
3595 3343 3600 3348 ‘

1944 3429 2044 3499 τὴν
2073 3425 2520 3498 θεραπεύσωμεν.
2566 3424 2739 3488 Αὐτὸς
2787 3423 2895 3494 γάρ
2931 3425 3077 3476 ἐστιν
3125 3425 3153 3477 ό
3199 3424 3395 3493 λέγων·
3441 3424 3546 3476 Ζῶ.

1945 3523 2082 3594 ἐγὼ,
2119 3522 2280 3593 λέγει
2309 3521 2543 3589 Κύριος,
2573 3522 2644 3575 οὺ
2672 3521 2975 3591 ,βούλομαι
3003 3521 3111 3573 τὸν
3143 3518 3400 3574 θάνατον
3429 3521 3533 3572 τοῦ

1947 3618 2320 3691 ἀμαρτωλοῦ,
2351 3617 2433 3682 ὠς
2464 3617 2531 3671 τὸ
2563 3617 2921 3686 ἐπιστρέψαι
2954 3618 3053 3671 καί
3082 3615 3189 3684 ζῇν
3215 3618 3423 3670 αὐτόν.
3472 3617 3530 3669 Et

1948 3717 2130 3787 ἐφίετο
2161 3715 2517 3788 τιμωρεῖσθαι
2556 3714 2649 3769 τὸν
2682 3715 3024 3786 ἁμαρτωλὸν,
3080 3714 3321 3768 ἐσιώπα·
3363 3714 3534 3766 ἐλεεῖν

1951 3812 2114 3878 θέλει,
2137 3811 2227 3865 διὰ
2254 3810 2413 3866 τοῦτο
2446 3813 2782 3885 παρακαλεῖ·
2819 3812 3080 3883 φείδεται,
3107 3812 3200 3866 διὰ
3222 3811 3379 3865 τοῦτο
3407 3825 3534 3880 προ-

1950 3909 2245 3982 τρέπεται·
2284 3910 2443 3980 φοϐεῖ
2480 3926 2539 3963 σε
2582 3910 2660 3981 τῷ
2689 3913 2993 3984 προειπεῖν,
3027 3910 3114 3963 ἵνα
3153 3908 3246 3963 τοῦ
3285 3907 3536 3961 κινδύνου.
3619 3945 3626 3949 -

1951 4006 2356 4078 προαναστείλῃ
2399 4006 2497 4078 τὴν
2544 4010 2760 4079 πεῖραν.
2808 4008 2940 4072 Θεὸς
2990 4008 3098 4080 γάρ
3146 4005 3384 4060 ἀπειλῶν
3434 4005 3532 4074 μὲν

1955 4105 2149 4171 σώζειν
2197 4104 2480 4176 βούλεται,
2522 4105 2741 4159 σιωπῶν
2779 4106 2837 4159 δὲ
2882 4108 3227 4178 προαιρεῖται
3260 4103 3530 4166 κολάζειν.

1957 4205 2194 4274 Ἐχομεν
2238 4202 2348 4257 ἀπὸ
2389 4203 2499 4258 τῶν
2546 4203 2885 4275 πραγμάτων
2915 4204 3013 4274 τὴν
3049 4203 3304 4274 μάθησιν.
3344 4200 3532 4254 Ἠπεί-

1953 4300 2116 4372 λησεν
2155 4301 2249 4353 ἐπὶ
2294 4299 2612 4364 Νινευῖτῶν,
2667 4303 2761 4353 καὶ
2812 4299 3097 4369 ἐφείσατο·
3138 4301 3393 4370 ἐσίγησεν
3440 4298 3536 4350 ἐττί

1954 4397 2280 4468 Σοδομιτῶν,
2327 4397 2423 4450 καὶ
2489 4397 2778 4450 ἐκόλασεν·
2838 4397 3136 4466 στεφάνους
3182 4395 3534 4466 ηύτρὲπισεν,

1954 4495 2052 4548 ἐὰν
2088 4493 2163 4566 μὴ
2191 4492 2314 4547 καθ’
2349 4491 2558 4546 ἑαυτῶν
2591 4491 2862 4563 βασάνους
2891 4493 3220 4563 ἐνέγκωμεν.
3251 4492 3407 4545 θέλει
3444 4493 3537 4562 ἀρα

1954 4592 2122 4662 γῆσαι
2169 4591 2268 4662 τὴν
2315 4590 2559 4658 γέενναν,
2591 4590 2734 4643 θέλει
2764 4590 2855 4644 τοῦ
2888 4590 3111 4656 σκότους
3152 4591 3211 4644 τὸ
3251 4590 3534 4660 δεσμωτή-

1958 4705 2072 4759 ριον
2102 4688 2337 4752 κλεῖσαι,
2365 4687 2508 4740 θέλει
2539 4688 2719 4741 πᾶσαν
2747 4687 2910 4742 αὑτοῦ
2941 4690 3039 4760 τὴν
3068 4688 3236 4759 ὀργὴν
3271 4687 3417 4758 μόνῳ
3457 4687 3535 4757 τῷ

1955 4785 2186 4856 διαϐόλῳ
2217 4784 2601 4855 φυλάττεσθαι,
2643 4785 2785 4837 θέλει
2823 4784 3043 4839 καθίσαι
3083 4784 3295 4856 κριτὴς,
3319 4785 3418 4853 οὐχ
3449 4784 3534 4838 ἴνα

1957 4884 2163 4956 κολάζῃ
2189 4882 2362 4947 τινάς,
2398 4881 2514 4935 ἀλλ’
2539 4882 2626 4934 ἵνα
2661 4880 2982 4952 στεφανώσῃ
3016 4883 3242 4945 πάντας.
3280 4882 3535 4952 Ἔχοντες

1956 4983 2134 5036 τοίνυν
2171 4981 2410 5035 τοιοῦτον
2436 4980 2734 5050 Δεσπότην,
2759 4979 3095 5051 ἀρπάσωμεν
3123 4979 3305 5051 φωνὴν
3335 4979 3538 5048 ἀγαθό-

1957 5101 2118 5156 τητος
2151 5084 2452 5156 γέμουσαν,
2480 5083 2879 5155 ύπακούσωμεν
2920 5081 3162 5152 λέγοντι·
3196 5083 3394 5142 Δεῦτε,
3421 5081 3535 5151 μείς

1956 5190 2088 5242 θετε
2127 5186 2226 5240 ἀπ’
2267 5185 2433 5255 ἐμοῦ,
2481 5184 2569 5239 ὅτι
2603 5183 2794 5255 πρᾶός
2837 5186 2955 5255 ειμι
2989 5185 3086 5239 καί
3134 5183 3412 5248 ταπεινὸς
3462 5182 3535 5249 τῇ

1958 5288 2191 5358 καρδίῃ,
2219 5288 2308 5342 ἵνα
2336 5288 2431 5341 καὶ
2457 5288 2555 5359 τῆς
2593 5287 2850 5352 εὐκταίας
2885 5287 3098 5357 ἐκείνης
3137 5287 3230 5339 καὶ
3261 5285 3538 5354 μακαρίας

1958 5394 2142 5466 φωνῆς
2185 5393 2501 5464 ἀξιωθῶμεν
2530 5392 2757 5447 ἀκοῦσαι
2788 5395 2886 5460 τῆς
2920 5389 3216 5460 λεγούσης·
3252 5387 3450 5452 Δεῦτε,
3482 5390 3538 5442 οί

1956 5495 2346 5566 εὐλογιυιένοι
2369 5495 2472 5550 τοῦ
2495 5495 2723 5562 Πατρός
2743 5511 2882 5563 μου,
2906 5489 3400 5559 κ..ἶιυ)ονομήσατε
3423 5487 3539 5556 τὴν

1967 5598 2406 5670 ἡτοιμασμένην
2441 5598 2580 5663 ὑμῖν
2603 5599 2961 5662 ,ϐασιλείαν-
2996 5589 3060 5666 ῆς
3097 5593 3294 5657 πάντες
3317 5595 3374 5648 ἐν
3403 5595 3540 5647 6m-
