4080 6198
298 156 401 210 725

300 288 458 325 turum
488 269 621 323 vobis
650 284 856 340 regnum
888 268 1098 337 (Matth.
1131 267 1220 323 25.
1253 268 1344 334 3t)
1379 286 1390 320 :
1421 282 1524 336 quo
1567 282 1660 320 nos
1691 281 1878 320 omnes

300 365 496 417 utinam
527 363 684 429 potiri
713 362 1008 432 contingat,
1039 362 1201 431 gratia
1229 370 1280 415 et
1311 361 1632 431 benignitate
1670 360 1874 417 Duiuini

1442 153 1506 208 IN
1544 153 1638 209 SS.
1684 151 1959 208 PE’I‘RUM
2003 152 2086 207 ΕΤ
2126 152 2403 209 ιιΕιιΑιι.

3466 145 3567 198 7Ξὸ

1990 267 2154 321 nostri
2203 265 2328 320 δοκιι
2375 263 2606 326 Chi-isti,
2643 280 2762 318 cum
2808 279 2912 330 quo
2954 261 3093 315 Patri
3127 261 3293 330 gioria
3317 275 3422 316 una
3447 272 3572 311 eum

1989 358 2184 427 Spiritu
2214 365 2419 424 sancto,
2444 357 2492 410 in
2518 358 2711 410 saecula
2739 354 3073 409 sireiilornm.
3100 352 3288 405 Amen.

2590 629 3096 652 __._—_____.===_:__.‘
2937 633 2946 639 '
3041 627 3553 651 ’τε-...κῄτῶ

1765 823 2134 884 ΜΟΧΙΊἮΜ.

324 1016 446 1074 quae
481 997 698 1052 Petrum
748 995 1130 1062 interrogabat,
1166 993 1332 1046 [uisse
1383 990 1718 1045 meretricem
1760 1007 1771 1042 :
1809 1004 1932 1042 cum
1967 988 2089 1040 item
2127 1004 2317 1058 magna
2352 985 2635 1039 concionis
2662 1000 2788 1052 pars
2843 984 3023 1038 hacin
3074 1001 3128 1039 re
3176 986 3453 1054 probanda
3481 987 3570 1040 in-

324 1091 579 1151 sumitur,
610 1086 817 1141 Heliam
853 1087 1098 1139 videlicet
1131 1085 1362 1154 graviter
1386 1097 1659 1151 peccasse,
1694 1096 1840 1145 cum,
1863 1080 2109 1134 ιυιςιὶιριο
2137 1095 2320 1132 necem
2347 1078 2547 1130 inferre
2581 1077 2683 1130 sibi
2716 1087 3011 1146 quierente,
3051 1076 3187 1143 fugit
3214 1078 3300 1130 ille
3321 1081 3557 1146 quadra-

324 1189 470 1261 ginta
508 1185 716 1239 dierum
750 1182 940 1251 spatio.
978 1177 1071 1235 llis
1097 1196 1197 1249 ego
1235 1179 1300 1233 de
1330 1179 1510 1254 causis
1541 1179 1679 1230 hanc
1709 1177 1984 1228 homiliam
2023 1175 2161 1228 inter
2196 1173 2416 1243 δρψ-ἱεὶς
2442 1173 2694 1242 ablegare
2723 1172 2906 1224 statim
2951 1171 3253 1239 cegitabam

3302 1188 3313 1222 :
3351 1181 3403 1223 at
3441 1187 3562 1225 Cum

325 1276 468 1331 Savil
495 1290 558 1329 us
585 1283 639 1327 et
689 1271 1068 1325 Tilleinontius
1095 1269 1322 1340 γνησίαν
1375 1270 1520 1321 illam
1575 1283 1696 1321 esse
1733 1267 1903 1336 opiuei

2007 1282 2043 1327 Γ,
2082 1266 2204 1318 licet
2239 1265 2324 1318 hie
2381 1275 2688 1332 ptistremus
2742 1279 2850 1316 non
2892 1263 3011 1316 sine
3049 1261 3281 1331 quodam
3311 1265 3578 1332 scrupulo

323 1383 442 1424 eam
483 1365 754 1440 germanis
785 1374 1121 1429 annumeret,
1164 1362 1295 1417 satis
1331 1361 1490 1414 habui
1524 1376 1641 1415 eam
1670 1361 1808 1415 inter
1839 1370 2123 1430 suspectas
2166 1359 2367 1412 locare.

392 1483 898 1554 lntcrpretationem
931 1479 1178 1536 Latinam
1207 1493 1400 1534 novam
1429 1476 1594 1534 edidi.

391 1598 610 1671 (Totam
655 1598 1120 1656 hanchomiliam.
1158 1598 1339 1652 multis
1371 1595 1762 1652 ontissionibus
1816 1592 2196 1656 deformatam,
2245 1609 2367 1647 eum
2402 1591 2604 1646 Savilio
2663 1591 3010 1646 contulerunt
3066 1602 3228 1660 atque
3273 1590 3568 1661 inlt‘grllztti

321 1691 675 1748 restituerunt
705 1687 1004 1746 doctissimi
1043 1689 1250 1744 Gaume
1289 1707 1301 1742 :
1336 1704 1572 1758 quorum
1607 1704 1704 1742 nos
1731 1689 2118 1751 correctiones,
2161 1703 2191 1742 e
2223 1687 2427 1742 Savilio
2459 1694 2754 1749 mutuatas,
2785 1690 2972 1738 nostra
3003 1683 3242 1752 ipsorum
3271 1683 3565 1738 collatione

321 1789 500 1846 domm
525 1787 799 1857 probatas,
838 1787 1160 1856 recepimus.
1192 1785 1350 1842 EDIT.
1385 1783 1582 1855 Pun.)

1279 2231 1381 2310 IN

383 2914 436 2968 Ι.
482 2914 640 2968 Pauci
670 2913 828 2969 hodie
859 2914 1012 2970 nonis
1038 2915 1229 2971 adsunt
1262 2932 1276 2971 :
1308 2916 1430 2986 quid
1477 2918 1528 2971 in
1571 2932 1727 2972 causa
1772 2914 1896 2972 est?

311 3005 596 3078 Martyrum
641 3007 952 3061 memoriam
993 3008 1322 3063 celebramus
1348 3052 1362 3077 ,
1407 3019 1459 3063 et
1502 3025 1660 3064 nemo
1705 3010 1768 3064 ad
1799 3025 1895 3064 nos

313 3099 535 3154 accessit
565 3115 578 3151 :
605 3098 704 3152 via:
731 3099 958 3168 spatium
991 3099 1040 3152 in
1073 3101 1346 3170 segnitiem
1373 3116 1465 3155 eos
1491 3099 1762 3170 coniecit?
1789 3101 1894 3155 imo

313 3208 420 3247 non
445 3191 544 3244 via:
568 3191 817 3258 spatium,
850 3190 942 3245 sed
977 3191 1178 3259 ignavia
1201 3191 1576 3260 impedimento
1606 3191 1721 3245 fuit.
1751 3190 1900 3245 Sicut

311 3284 454 3338 enim
493 3284 663 3336 virum
708 3281 1005 3336 studiosum
1035 3293 1087 3337 et
1114 3285 1291 3337 animo
1329 3284 1578 3338 solertem
1609 3282 1734 3338 nihil
1765 3283 1900 3338 deti-

316 3389 445 3427 nere
477 3381 668 3440 potest,
701 3373 770 3425 ita
801 3387 1016 3442 segnem
1047 3387 1108 3427 ac
1136 3375 1416 3427 remissum
1447 3376 1621 3428 omnia
1646 3376 1902 3445 impedire

318 3472 559 3531 possunt.
607 3462 865 3533 Martyres
898 3464 1166 3532 proprium
1199 3466 1506 3535 sanguinem
1541 3481 1635 3535 pro
1681 3469 1904 3522 veritate

315 3555 586 3620 fuderunt,
611 3563 664 3607 et
685 3564 737 3608 tu
761 3571 825 3610 ne
851 3555 1106 3608 tantillum
1130 3555 1338 3625 quidem
1363 3557 1564 3611 itineris
1584 3559 1906 3612 contemnis?

326 3645 406 3699 Illi
433 3661 529 3714 pro
551 3645 766 3700 Christo
793 3655 951 3714 caput
970 3645 1232 3700 dederunt
1255 3689 1269 3708 ,
1295 3657 1346 3700 et
1375 3656 1425 3700 tu
1456 3664 1522 3700 nc
1544 3657 1691 3702 extra
1721 3648 1903 3702 urbem

321 3736 535 3805 quidem
565 3753 660 3806 pro
691 3737 915 3791 Domino
939 3737 1016 3790 ris
1047 3738 1272 3807 egredi?
1299 3739 1554 3802 Dominus
1579 3756 1674 3810 pro
1695 3750 1744 3794 te
1768 3756 1908 3794 mor-

321 3836 446 3880 tuus
481 3838 562 3882 est
588 3869 602 3893 ,
634 3835 687 3882 et
725 3837 779 3881 tu
824 3843 1040 3897 segnem
1089 3843 1212 3898 erga
1245 3828 1522 3882 Dominum
1566 3839 1616 3882 te
1656 3829 1907 3884 exhibes?

319 3918 579 3973 memoria
631 3929 920 3988 martyrum
948 3920 1098 3975 adest
1127 3961 1140 3984 ,
1183 3929 1234 3973 tu
1265 3936 1392 3975 vero
1429 3921 1685 3976 remissus
1719 3920 1908 3990 jaccs?

325 4008 482 4062 Adsis
507 4018 736 4076 oportet,
770 4018 825 4061 ut
852 4009 1033 4062 videas
1058 4009 1323 4064 diabolum
1350 4020 1672 4080 superatum,
1708 4024 1909 4083 marty-

321 4114 440 4154 rem
472 4099 723 4153 victorem
749 4141 765 4165 ,
795 4099 958 4154 Deum
990 4100 1162 4169 gloria
1202 4101 1526 4156 celebratum
1547 4142 1562 4166 ,
1611 4101 1907 4156 Ecclesiam

321 4198 650 4244 coronatam.
683 4189 785 4245 Sed
814 4190 1021 4245 illorum
1051 4191 1165 4245 lucc
1189 4192 1457 4246 excusatio
1497 4201 1576 4247 est
1603 4232 1615 4258 ,
1660 4193 1911 4248 Peecator

323 4297 464 4346 sum,
495 4291 653 4352 atque
680 4282 796 4335 ideo
838 4283 1092 4337 accedere
1120 4298 1223 4337 non
1254 4298 1489 4353 possum.
1518 4283 1670 4353 Atqui
1699 4300 1760 4337 ea
1797 4284 1907 4352 ipsa

325 4374 394 4428 de
417 4389 576 4428 causa
603 4373 741 4444 quod
769 4386 1015 4444 peccator
1039 4376 1112 4430 sis
1137 4417 1151 4438 ,
1183 4375 1376 4430 accede
1401 4417 1414 4440 ,
1444 4384 1501 4428 ut
1527 4391 1593 4428 ne
1635 4391 1663 4428 a
1701 4376 1902 4444 justitia

325 4467 566 4521 excidas.
593 4468 723 4532 Quis
751 4477 925 4521 autem
950 4466 1242 4528 hominum,
1273 4467 1357 4521 die
1385 4467 1532 4530 mihi,
1556 4465 1670 4522 sine
1697 4477 1910 4535 peccato

322 4557 449 4613 est?
477 4556 581 4612 Sed
609 4568 885 4626 propterea
914 4557 1226 4612 sacrificium
1256 4566 1311 4611 et
1345 4557 1602 4621 Ecclesia,
1635 4568 1907 4626 preptereu

327 4664 514 4720 preces
535 4664 595 4703 ac
617 4649 836 4718 jejunia,
861 4650 1111 4718 quoniam
1135 4649 1296 4702 multa
1315 4657 1438 4702 sunt
1459 4649 1649 4702 anima:
1671 4650 1906 4702 vulnera:

329 4741 450 4796 ideo
481 4741 646 4794 multa
677 4739 1060 4794 medicamenta
1089 4740 1383 4809 excogitata
1410 4748 1532 4792 sunt
1555 4778 1570 4802 ,
1626 4747 1680 4792 et
1707 4739 1771 4792 ad
1803 4740 1912 4792 sin-

326 4834 447 4906 gula
497 4833 716 4888 vulnera
762 4832 965 4900 singula
1012 4832 1106 4902 ipsi
1150 4831 1492 4901 congruentia
1531 4831 1910 4886 medicamenta

323 4937 451 4983 sunt
490 4934 806 4997 praaparata.
853 4926 1026 4980 Habes
1069 4925 1357 4979 Ecclesiam
1386 4924 1642 4978 sacriﬁcia
1685 4923 1914 4978 offeren-

327 5029 434 5074 tem
460 5060 475 5084 ,
517 5020 786 5072 orationes
829 5027 1034 5086 patrum
1063 5057 1079 5082 ,
1126 5015 1633 5070 administrationem
1682 5013 1912 5083 Spiritus

327 5113 521 5178 sancti,
552 5120 841 5183 martyrum
872 5114 1156 5164 memorias
1175 5149 1189 5174 ,
1217 5116 1523 5162 sanctorum
1545 5107 1911 5176 congregatio-

329 5217 452 5258 nem
477 5244 491 5266 ,
524 5213 578 5258 et
605 5203 795 5257 similia
825 5201 1012 5266 multa,
1042 5215 1160 5270 quae
1193 5209 1243 5252 te
1268 5214 1297 5251 a
1323 5207 1540 5266 peccato
1567 5197 1632 5252 ad
1655 5198 1908 5266 justitiam

327 5311 580 5352 revocare
608 5295 813 5366 possint
842 5313 854 5348 :
881 5309 986 5348 non
1013 5290 1281 5347 occessisti
1301 5289 1366 5344 ad
1389 5290 1745 5360 precationem
1765 5304 1910 5342 mar-

395 5427 468 5489 (a)
501 5425 674 5476 Collata
696 5440 805 5476 cum
820 5425 1069 5489 Codicihus
1093 5422 1238 5481 Regio
1262 5417 1398 5489 20kt,
1426 5425 1477 5468 et
1498 5419 1783 5489 Crilhertinis
1799 5417 1907 5489 833‘0,

328 5480 470 5547 δοδῇ
494 5498 546 5538 et
571 5489 710 5544 ιτοι,
735 5490 817 5551 qui
835 5487 1041 5551 Codices
1058 5480 1197 5551 tanta
1227 5491 1324 5532 tam
1370 5482 1608 5551 incondita
1645 5487 1707 5551 et
1728 5480 1908 5530 insulsa

331 5543 579 5608 proferunt
600 5543 861 5599 lectionum
904 5547 1198 5609 discrimina,
1217 5553 1274 5609 ut
1299 5555 1357 5592 ea
1395 5543 1547 5592 solum
1570 5549 1802 5609 annotat'c
1827 5555 1909 5607 lar

331 5607 491 5676 tuerit,
515 5625 627 5677 quia
651 5610 849 5676 llit‘ujlls
871 5611 1100 5661 momenti
1127 5607 1410 5658 ridebantur
1437 5618 1566 5656 esse.
1595 5607 1602 5609 ⁷
1862 5665 1872 5694 ρ

1931 2051 3524 2074 W

1471 2233 1880 2309 PETBUM
1965 2231 2583 2308 APOSTOLUM

1503 2449 1578 2492 ET
1621 2448 1685 2493 IN
1724 2448 1956 2492 HELIAM
1997 2446 2394 2491 PROPHBTAM.

2005 2929 2178 2992 tyrum
2214 2943 2229 2992 ;
2272 2942 2493 2998 ecquam
2542 2929 2705 2985 habes
2767 2930 3017 2984 veniam?
3055 2927 3198 2985 Nihil
3243 2940 3491 3000 asperum
3540 2932 3599 2984 in

2002 3020 2180 3074 medio
2223 3023 2448 3090 positum
2471 3031 2553 3077 est
2581 3065 2594 3087 ,
2643 3033 2692 3077 et
2728 3032 2899 3078 tamen
2929 3039 2958 3077 a
2992 3035 3285 3095 martyrum
3331 3032 3598 3077 conventu

2004 3111 2265 3166 cohibitus
2294 3115 2394 3167 es?
2447 3117 2514 3168 At
2561 3115 2832 3170 smcularis
2882 3125 2931 3171 te
2978 3130 3104 3171 cura
3152 3115 3418 3172 detinuit?
3465 3115 3597 3170 llinc

2006 3204 2177 3273 majus
2199 3204 2422 3259 crimen.
2458 3205 2532 3262 Ne
2573 3209 2785 3263 brevem
2817 3208 3028 3279 quidem
3059 3209 3246 3262 horam
3279 3207 3388 3263 Deo
3428 3205 3597 3262 {mne-

2007 3297 2112 3349 rari
2143 3296 2352 3350 voluisti
2381 3340 2394 3360 ,
2425 3307 2480 3352 ut
2522 3299 2786 3368 integrum
2818 3299 2959 3354 diem
3005 3297 3324 3368 acciperes?

2077 3386 2179 3444 Cur
2215 3393 2496 3446 sacerdotes
2522 3393 2737 3462 peccatis
2781 3391 3020 3447 obnoxios
3055 3409 3158 3447 esse
3188 3390 3328 3447 Deus
3355 3391 3598 3456 voluerit;

2010 3478 2192 3536 Petrus
2209 3500 2417 3553 peccare
2433 3485 2753 3554 permittitur,
2779 3494 2834 3538 ut
2858 3486 3137 3540 misericors
3157 3502 3278 3558 erga
3307 3486 3432 3540 alios
3449 3496 3596 3539 esset.

2008 3606 2079 3615 —
2117 3575 2370 3631 Peccator
2412 3593 2526 3631 sum
2555 3619 2568 3644 ,
2625 3577 3056 3648 inquies,neque
3081 3577 3130 3631 id
3179 3593 3416 3646 possunt.
3465 3576 3597 3643 Quia

2009 3679 2258 3740 peccator
2285 3685 2373 3732 es,
2406 3670 2523 3724 ideo
2551 3669 2827 3740 ingredere
2859 3687 2873 3723 :
2907 3686 2973 3723 an
3006 3669 3218 3740 ignoras
3248 3669 3365 3722 illos
3394 3668 3550 3720 etiam
3579 3709 3599 3733 ,

2011 3763 2097 3833 qui
2147 3764 2297 3816 altari
2343 3763 2554 3816 adstant
2585 3803 2598 3824 ,
2646 3763 2874 3830 peccatis
2919 3777 3036 3815 esse
3077 3759 3378 3814 obnoxios?
3420 3759 3595 3813 Carne

2011 3863 2132 3906 sunt
2165 3851 2419 3917 induti,et
2438 3868 2501 3906 ex
2527 3851 2779 3921 sanguine
2805 3849 3190 3920 constituti,(a)
3209 3847 3362 3922 [etcx
3385 3849 3596 3912 ossibus

2010 3945 2294 4011 compacti,
2326 3951 2378 3997 et
2410 3959 2507 3997 nos
2550 3943 2646 4012 ipsi
2687 3943 2879 3996 throno
2925 3941 3214 3995 insidentes
3256 3949 3307 3994 ct
3337 3939 3594 3995 ducentes

2015 4037 2243 4107 peccatis
2283 4035 2578 4104 complicati
2621 4049 2823 4089 sumus.
2866 4033 3238 4087 Verumtamen
3267 4049 3369 4087 non
3398 4031 3591 4100 despe-

2013 4147 2190 4184 ramns
2219 4131 2284 4184 de
2313 4129 2670 4184 misericordia
2705 4129 2838 4194 Dei,
2891 4144 2988 4183 nec
3020 4129 3117 4198 ipsi
3157 4127 3592 4182 inhmn:mitatcm

2013 4221 2292 4292 afligimns.
2336 4221 2533 4275 Omnes
2561 4221 2700 4275 enim
2743 4221 2985 4294 homines
3027 4235 3210 4274 sumus
3250 4219 3434 4273 iisdem
3482 4218 3594 4272 elc-

2014 4315 2203 4369 mcntis
2252 4310 2546 4385 constituti]
2601 4331 2614 4366 :
2667 4328 2840 4382 neque
2891 4321 3066 4366 tamen
3140 4325 3444 4365 recuSamus
3499 4309 3594 4362 do-

2014 4407 2235 4461 ctrinam
2265 4406 2556 4476 impertire,
2585 4405 2651 4459 ad
2683 4405 2773 4459 Dei
2801 4403 3136 4473 benignitatis
3165 4401 3380 4472 pelagus
3418 4402 3590 4470 respi-

2011 4503 2233 4556 cientes.
2265 4500 2370 4554 Vos
2396 4499 2608 4570 quidem
2638 4507 2943 4568 peccatm-cs
2977 4496 3021 4550 si
3051 4494 3414 4565 ingrediamiui
3435 4535 3450 4555 ,
3485 4511 3588 4545 non

2015 4605 2218 4650 tantum
2247 4601 2329 4647 est
2370 4592 2571 4646 crimen
2607 4607 2619 4643 :
2654 4606 2774 4644 nam
2821 4587 2920 4642 sub
2964 4587 3243 4655 disciplina
3289 4585 3446 4644 estis;
3495 4599 3592 4637 nos

2015 4703 2142 4743 vero
2182 4695 2378 4758 quanto
2416 4684 2580 4753 magis
2610 4691 2921 4751 priestamus
2941 4678 3194 4748 dignitate
3213 4718 3227 4742 ,
3258 4686 3402 4729 tanto
3428 4678 3592 4744 magis

2015 4781 2184 4849 culpa:
2230 4790 2411 4832 sumus
2439 4774 2653 4830 obnoxii
2685 4791 2698 4826 :
2730 4771 2870 4825 aliud
2918 4771 3058 4823 enim
3107 4779 3190 4823 est
3231 4767 3543 4835 discipulum
3575 4806 3590 4828 ,

2014 4873 2157 4929 aliud
2203 4871 2473 4924 doctorem
2521 4880 2744 4937 peccare
2773 4881 2786 4916 :
2815 4873 3048 4918 attamen
3095 4876 3200 4915 non
3246 4873 3590 4921 recusamus.

2014 4981 2082 5020 ne
2121 4961 2426 5017 humilitatis
2451 4959 2665 5014 obtentu
2689 4957 2738 5010 in
2765 4955 3038 5025 segnitiem
3062 4953 3331 5008 cudamus.
3365 4951 3430 5006 Et
3470 4950 3593 5004 il3ud

2014 5058 2191 5112 divina
2216 5052 2609 5124 dispensatione
2643 5048 2834 5104 factum
2865 5057 2964 5110 est,
3000 5058 3055 5101 ut
3082 5045 3386 5100 sacerdotes
3415 5043 3510 5112 ipsi
3539 5043 3590 5096 in

2016 5158 2226 5218 peccata
2271 5146 2530 5198 labantur.
2580 5141 2712 5196 Audi
2756 5138 3022 5208 quomodo
3064 5151 3151 5191 res
3195 5151 3252 5190 se
3294 5134 3505 5189 habeat.
3533 5131 3588 5184 Si

2014 5239 2256 5294 doctores
2283 5247 2337 5291 et
2365 5233 2669 5289 sacerdotes
2698 5247 2802 5286 non
2825 5238 3102 5300 peccarent
3122 5269 3137 5292 ,
3171 5241 3341 5295 neque
3366 5225 3485 5276 vita:
3513 5224 3590 5274 at-

2015 5331 2234 5388 fcctibus
2272 5327 2489 5381 obnoxii
2520 5333 2734 5388 essent,
2771 5338 2895 5392 erga
2923 5321 3053 5375 alios
3080 5314 3348 5372 inhumani
3383 5313 3592 5367 veniam

2014 5423 2352 5498 peccantibus
2381 5436 2484 5476 non
2525 5419 2711 5475 darent
2744 5436 2758 5474 :
2790 5418 2910 5472 ideo
2951 5416 3086 5469 Deus
3111 5411 3254 5482 ipsos
3291 5408 3595 5464 sacerdotes

2074 5541 2146 5603 (τι)
2177 5548 2290 5597 Qum
2309 5537 2495 5603 uncinis
2515 5534 2801 5603 clauduntur
2815 5532 2992 5583 desunt
3016 5527 3063 5577 in
3085 5525 3198 5576 ab].
3217 5520 3380 5573 Morel.
3401 5526 3454 5572 et
3471 5527 3595 5571 ston-

2016 5597 2098 5654 tet“.
2114 5597 2138 5665 ς’
2156 5616 2184 5653 e
2209 5602 2377 5651 Sarilio
2401 5597 2623 5664 suppleta
2645 5605 2775 5648 sunt.
