4080 6198
521 171 741 254 ’κη’

519 322 679 392 atque
704 318 974 391 principes
1001 316 1280 378 aifeCtibus
1307 316 1575 390 subjectos
1602 334 1721 376 esse
1748 316 1929 386 roluit,
1960 329 2018 376 ut
2041 322 2110 377 ex

519 411 631 465 suis
661 410 759 479 ipsi
791 410 996 466 morbis
1029 411 1095 466 ad
1121 410 1327 466 veniam
1353 410 1471 465 aliis
1493 411 1888 468 cducedeudatn
1928 410 2113 466 flecte-

518 515 724 557 runtur.
753 502 914 574 Atqui
943 504 1021 559 sic
1063 519 1276 573 semper
1306 504 1442 559 Deus
1468 511 1582 560 rem
1627 504 1974 573 temperavit,
2006 519 2113 559 non

521 597 679 650 modo
709 612 869 663 nunc,
893 596 987 653 sed
1013 597 1172 652 etiam
1194 597 1322 652 olim
1348 627 1362 664 ,
1390 612 1484 653 eos
1519 598 1708 668 quibus
1736 597 2028 653 Ecclesium
2059 605 2114 653 et

518 678 770 758 populum
820 678 1223 744 c’oncrediturus
1250 696 1403 755 erat,
1435 677 1488 745 in
1518 695 1793 759 petcattim
1840 681 1944 744 labi
1992 704 2116 759 per-

516 782 679 847 tuisit,
706 786 759 836 ut
781 799 843 839 ex
871 783 1098 853 propriis
1118 783 1353 853 lapsibus
1375 799 1499 855 erga
1517 784 1650 839 alios
1671 783 1890 839 humani
1911 792 2113 839 essent.

518 876 575 930 Si
606 876 746 930 enim
779 875 876 946 ipsi
906 882 1011 931 non
1034 881 1367 947 peccassent,
1399 877 1743 949 peccantibus
1768 877 1976 932 veniam
2007 882 2114 932 non

512 965 822 1033 dedissent;
874 967 967 1021 sed
1014 966 1289 1046 inhumani
1336 981 1553 1038 prorsus
1596 980 1785 1024 omnes
1812 967 2115 1038 exegissent

515 1058 585 1112 ab
614 1045 873 1113 Ecclesia.
905 1054 1054 1127 Quod
1099 1055 1276 1115 autem
1307 1048 1379 1115 ita
1402 1067 1487 1116 res
1513 1074 1571 1115 se
1599 1054 1812 1124 habeat,
1845 1070 2018 1130 neque
2046 1074 2111 1112 ex

513 1148 816 1219 conjectura
843 1151 1030 1221 loquar
1049 1193 1063 1217 ,
1092 1159 1189 1222 age
1220 1152 1378 1207 rebus
1408 1151 1537 1223 ipsis
1558 1152 1907 1208 consideratis
1934 1151 2112 1206 dicere

510 1257 815 1313 pergamus.
847 1230 1006 1299 Petro
1030 1242 1427 1301 Committenda:
1452 1253 1605 1301 erant
1631 1245 1807 1301 claves
1834 1240 2112 1321 Ecclesim,

511 1326 621 1391 imo
694 1338 870 1408 potius
911 1338 1379 1393 committebantur
1403 1325 1453 1394 ei
1497 1337 1674 1393 claves
1699 1326 1953 1393 caelorum
1979 1378 1994 1403 ,
2029 1338 2110 1391 ei-

510 1429 741 1501 demque
762 1431 1127 1487 concrcdenda
1150 1442 1264 1487 erat
1285 1431 1567 1487 multitudo
1585 1425 1787 1502 pepuli.
1806 1429 1943 1497 Quid
1966 1431 2110 1485 enim

513 1523 589 1577 ait
614 1524 687 1577 illi
738 1524 990 1579 Dominus
1011 1525 1036 1577 ’ἶ
1067 1524 1431 1597 Quodcumque
1457 1524 1693 1596 ligaveris
1721 1540 1872 1594 super
1898 1533 2106 1589 terram,

511 1614 605 1668 erit
639 1614 849 1684 ligatum
876 1625 922 1669 et
959 1618 1013 1669 in
1042 1616 1179 1670 ctelis
1205 1631 1225 1681 ;
1263 1626 1311 1671 et
1347 1616 1696 1687 quodcumque
1720 1615 1928 1670 solveris
1956 1630 2110 1684 super

515 1715 721 1772 terram,
745 1708 837 1761 erit
864 1709 1081 1762 solutum
1104 1719 1149 1763 et
1174 1709 1227 1763 in
1257 1709 1395 1765 caelis
1426 1708 1447 1783 (
1470 1707 1655 1763 Matth.
1686 1708 1777 1763 16.
1806 1706 1873 1762 19
1903 1707 1946 1777 ).
1978 1708 2107 1761 Erat

512 1808 642 1851 vero
673 1795 862 1855 Petrus
904 1800 1177 1868 aliquanto
1203 1801 1442 1871 asperior
1469 1817 1483 1853 :
1516 1800 1655 1871 quod
1684 1799 1727 1854 si
1758 1808 1811 1855 et
1839 1799 2107 1868 impecca-

508 1889 631 1944 bilis
660 1880 865 1957 fuisset,
897 1908 1056 1963 quam
1084 1894 1292 1948 veniam
1325 1893 1558 1948 habituri
1582 1892 1807 1948 fuissent
1834 1893 1890 1959 ii,
1921 1892 2011 1962 qui
2038 1890 2107 1946 ab

506 1979 600 2034 illo
644 1979 871 2037 ducendi
915 1994 1066 2039 erant
1091 1985 1116 2037 ?
1157 1984 1446 2055 Propterea
1483 1985 1583 2040 hoc
1630 1984 1893 2055 disposuit
1929 1983 2106 2039 divina

508 2074 700 2142 gratia,
730 2084 787 2130 ut
816 2075 867 2129 in
892 2084 1165 2145 peccatum
1197 2076 1462 2148 quoddam
1490 2075 1769 2141 incideret,
1798 2091 1904 2146 quo
1928 2088 1994 2130 ex
2018 2075 2101 2140 iis.

505 2171 628 2237 qua:
654 2168 767 2239 ipse
797 2185 983 2239 passus
1002 2169 1193 2236 fuerat,
1224 2171 1506 2226 humanior
1527 2171 1579 2225 in
1606 2170 1740 2226 alios
1768 2169 2101 2225 redderetur.

505 2262 587 2317 Ac
615 2263 894 2318 considera
941 2273 1099 2333 quem
1131 2265 1181 2318 in
1209 2273 1483 2335 peccatum
1515 2262 1619 2319 labi
1652 2258 1923 2335 permittat
1952 2279 1966 2315 :
1999 2260 2104 2316 Pe.

504 2359 647 2409 trum
680 2354 826 2409 illum
870 2356 1235 2424 apostolorum
1279 2357 1623 2429 coryphaeum
1650 2399 1664 2423 ,
1703 2356 2104 2411 fundamentum

503 2446 777 2501 immobile
801 2486 815 2510 ,
850 2454 1051 2517 petram
1081 2464 1198 2519 quze
1222 2445 1390 2518 frangi
1423 2449 1637 2519 nequit,
1669 2448 1924 2504 Ecclesia:
1953 2448 2103 2518 prin~

504 2539 698 2606 cipcm,
732 2548 941 2609 portum
970 2540 1452 2611 inekpugnabilem,
1486 2541 1672 2595 turrim
1705 2541 2100 2598 inconcussam.

504 2628 601 2684 llic
628 2631 716 2684 ille
746 2626 936 2687 Petrus
958 2642 1059 2701 est,
1088 2633 1177 2703 qui
1203 2632 1415 2688 Christo
1438 2633 1570 2687 dixit
1595 2650 1608 2687 :
1633 2624 1848 2688 Etiamsi
1866 2641 2104 2705 oportue-

504 2723 572 2775 rit
602 2739 680 2776 me
704 2723 833 2776 mori
868 2731 1028 2778 tecum
1054 2763 1069 2789 ,
1102 2736 1203 2778 non
1236 2734 1282 2778 te
1306 2724 1497 2796 negabo
1529 2721 1756 2796 (Matth.
1796 2724 1889 2779 26.
1937 2725 2006 2781 55
2037 2724 2096 2795 );

508 2813 698 2868 Petrus
725 2817 811 2885 qui
845 2830 908 2870 ex
952 2816 1131 2871 divina
1161 2817 1484 2872 revelatione
1509 2816 1784 2873 veritatem
1821 2815 2098 2872 confessus

509 2916 588 2960 est
620 2920 632 2957 :
668 2905 743 2959 Tu
789 2924 839 2959 es
880 2905 1107 2962 Christus
1159 2906 1322 2963 Filius
1360 2907 1457 2963 Dei
1475 2902 1908 2973 eiui(tllaltlt.i6.
1937 2906 2005 2962 16
2030 2906 2095 2981 )z

505 2985 593 3051 hic
620 2996 775 3052 ubele
799 2998 905 3059 illa,
929 3016 1029 3068 qna
1056 2999 1275 3055 traditus
1299 3008 1382 3055 est
1399 2997 1660 3066 Christus,
1691 2998 1960 3069 ingressus
1980 2998 2094 3054 est:

505 3098 559 3144 et
585 3096 702 3143 eum
740 3096 908 3145 staret
949 3091 1017 3145 ad
1066 3092 1280 3162 ignem,
1332 3101 1389 3146 ut
1416 3091 1729 3147 calefaceret
1769 3107 1827 3146 se
1852 3131 1867 3155 ,
1919 3092 2094 3161 puella

510 3183 752 3252 qumdain
800 3185 1060 3239 accedens
1085 3186 1215 3240 dixit
1245 3186 1315 3240 illi
1350 3203 1364 3240 :
1397 3184 1459 3239 Et
1507 3194 1561 3239 tu
1586 3186 1693 3239 heri
1718 3201 1833 3238 cum
1864 3185 1956 3239 hoc
2004 3185 2095 3238 ho-

512 3276 646 3328 mine
688 3267 1055 3341 eras;Petrus
1096 3286 1272 3330 autem
1298 3318 1312 3341 ,
1344 3276 1466 3331 Non
1508 3278 1623 3331 novi
1665 3277 1915 3331 hominem
1960 3276 2094 3329 hunc

507 3366 1064 3437 (Mattlt.26.69.70).
1101 3368 1255 3423 Modo
1292 3367 1503 3423 dicebas
1523 3409 1539 3434 ,
1569 3366 1784 3421 Etiamsi
1817 3368 2094 3435 oportuerit

503 3474 584 3512 me
609 3458 736 3511 mori
765 3461 926 3510 tecum
949 3463 969 3522 ξ
994 3462 1135 3513 hunc
1162 3467 1337 3513 autem
1366 3473 1525 3527 negas
1554 3467 1608 3513 et
1633 3458 1764 3513 dicis
1782 3498 1798 3525 ,
1834 3456 1952 3511 Non
1978 3458 2095 3513 nari

502 3546 753 3604 heminam
779 3546 934 3605 hunc.
967 3550 1010 3606 Ο
1032 3546 1185 3606 Petre
1214 3552 1228 3607 l
1256 3548 1476 3607 hoccine
1498 3562 1575 3606 est
1591 3551 1731 3622 quod
1750 3552 2094 3622 promiseras?

502 3644 740 3698 nondum
787 3646 1088 3709 tormenta,
1137 3639 1371 3699 nondum
1421 3644 1642 3700 verbera
1690 3654 1980 3715 expertus,
2027 3645 2094 3701 ad

502 3726 751 3805 puellulae
780 3743 965 3791 vacem
1001 3735 1069 3792 ad
1100 3736 1397 3807 negandum
1428 3737 1741 3807 prepcrasti.
1769 3728 1961 3807 Negas,
1990 3734 2094 3793 Pes

504 3827 632 3883 tre?
661 3828 896 3883 nondum
939 3829 1208 3884 crtnciattis
1230 3869 1247 3897 ,
1297 3829 1532 3883 nondum
1581 3826 1785 3900 ﬂagella
1815 3872 1830 3896 ,
1858 3830 2093 3885 ualidum

503 3918 692 3990 plaga},
723 3934 827 3973 non
857 3918 1081 3986 furores,
1114 3936 1219 3974 non
1253 3921 1549 3991 principes,
1584 3936 1688 3975 non
1718 3916 1891 3993 gladia
1918 3933 2090 3990 acuta,

504 4026 609 4065 non
630 4010 845 4066 decreta
871 3997 1214 4075 emiss‘a,nou
1238 4017 1388 4083 reges
1410 4012 1746 4079 minitantes;
1771 4030 1875 4069 non
1896 4024 2098 4069 mortes

503 4104 899 4170 exspectantur,
932 4103 1167 4157 nondum
1197 4102 1475 4169 custodiae,
1502 4119 1606 4157 non
1635 4105 1923 4175 praecipitia
1942 4146 1956 4171 ,
1988 4118 2094 4161 non

502 4208 650 4249 mare
674 4236 687 4258 ,
720 4193 953 4250 nundum
982 4196 1249 4267 quidpiam
1274 4191 1572 4267 hujuSmodi
1595 4239 1609 4261 ,
1638 4207 1691 4253 et
1710 4197 1819 4267 jam
1848 4200 2047 4270 negasti
2080 4216 2094 4254 :

510 4285 633 4340 Non
682 4288 795 4340 no'vi
844 4288 1113 4344 hominem.
1166 4276 1373 4343 Rursus
1414 4290 1583 4358 puella
1628 4288 1693 4343 ad
1727 4284 1871 4344 illum
1906 4308 1918 4344 :
1948 4290 2015 4343 Et
2043 4296 2098 4344 tu

504 4373 613 4431 lteri
637 4394 749 4431 cum
781 4381 874 4431 hoc
915 4374 1114 4433 homine
1147 4397 1278 4435 eras.
1309 4372 1406 4436 Hic
1451 4393 1578 4435 vero
1617 4380 1684 4435 ad
1733 4381 1900 4450 ipsam
1928 4399 1941 4436 :
1978 4382 2097 4436 Non

504 4473 618 4526 noui
644 4473 896 4526 homiuem
922 4511 938 4536 ,
983 4480 1128 4543 quem
1168 4474 1312 4527 dicis.
1343 4473 1474 4541 Quis
1515 4483 1599 4528 est
1629 4482 1800 4528 tecum
1833 4476 2056 4546 laqueus
2078 4518 2095 4545 ,

502 4565 752 4635 quoniam
790 4564 868 4619 si’c
904 4559 1102 4635 negas?
1126 4558 1295 4619 Nemo
1327 4572 1393 4620 ex
1414 4566 1749 4632 necessariis,
1767 4568 1859 4622 sed
1886 4568 2095 4634 mulier,

509 4670 562 4711 et
586 4658 696 4729 ipsa
725 4657 963 4720 usuaria,
993 4656 1198 4724 abjecta
1217 4698 1232 4722 ,
1265 4658 1468 4726 captiva
1489 4698 1504 4722 ,
1536 4656 1729 4711 nullius
1757 4660 1907 4727 pretii
1941 4676 1955 4712 :
1985 4660 2096 4730 ipsa

499 4750 648 4816 dicit,
681 4752 734 4803 et
762 4764 814 4804 tu
829 4762 992 4818 negas
1037 4748 1053 4778 ί
1071 4748 1094 4803 τ
1112 4738 1158 4804 0
1174 4763 1261 4803 res
1285 4747 1475 4803 noVasi
1500 4749 1673 4817 puella
1694 4740 1908 4803 Petrum
1925 4746 2094 4817 illum,

504 4844 755 4900 meretrix
785 4843 850 4897 ad
873 4843 1085 4898 Petrum
1104 4841 1382 4908 accedens,
1412 4841 1569 4896 fidem
1601 4842 1715 4912 ejus
1735 4844 2092 4899 conturbavit.

502 4930 727 4999 Petrus,
761 4924 845 4990 illa
868 4929 1115 4989 columna
1140 4976 1155 5000 ,
1183 4932 1315 4989 illud
1345 4930 1815 5004 propugnaculum,
1844 4944 1951 4989 non
1980 4934 2101 4992 tulit.

504 5029 701 5094 minas,
726 5016 821 5083 sed
842 5026 1015 5083 solum
1048 5027 1264 5097 loquuta
1292 5027 1379 5081 illa
1407 5026 1510 5092 est,
1538 5039 1592 5083 et
1618 5043 1875 5084 concussa
1906 5042 1988 5087 est
2015 5049 2100 5088 co-

503 5110 683 5173 Iumn‘a
710 5159 727 5184 ,
773 5126 824 5172 et
857 5118 1027 5187 ipsum
1080 5118 1535 5188 propugnaculum
1579 5112 1886 5178 ﬂuctuabat.
1926 5120 2096 5192 Quem

502 5209 704 5273 vidisti,
734 5199 911 5274 Petre,
942 5204 1001 5263 ut
1026 5206 1287 5278 negares?
1315 5209 1469 5264 vilem
1494 5202 1743 5281 puellam,
1775 5215 1827 5267 e't
1854 5212 2097 5284 despica-

501 5302 662 5357 bilem
684 5288 951 5357 ostiariam
970 5322 984 5357 :
1002 5296 1118 5357 hzee
1141 5303 1316 5358 vidisti
1337 5313 1390 5358 et
1406 5304 1644 5376 negasti?
1661 5305 1889 5361 Rursum
1917 5309 2093 5363 tertio:

504 5392 569 5447 Et
596 5406 649 5447 tu
684 5384 790 5448 heri
814 5400 927 5448 cum
958 5387 1052 5448 hoc
1092 5394 1294 5450 homine
1317 5411 1472 5462 eras;
1504 5405 1558 5451 et
1596 5404 1772 5452 tamen
1814 5399 1971 5454 tertio
1996 5415 2094 5456 ne-

556 5552 584 5615 !
604 5552 708 5619 _nie
750 5552 1030 5665 incussrpud
1058 5553 1250 5606 Montcf.
1273 5557 1344 5607 sic
1364 5555 1573 5607 habetur
1610 5558 1770 5608 minus
1791 5568 1957 5610 recte:
1985 5561 2097 5620 otiis

556 5620 571 5661 ι
596 5612 683 5663 die
702 5615 786 5665 aut
810 5614 895 5665 Itbt
952 5617 1061 5665 imit.
1079 5618 1219 5665 Mea
1242 5617 1265 5665 Ρ
1476 5620 1681 5665 captiva.
1706 5619 1885 5665 nullius
1908 5624 2050 5665 melii
2077 5634 2095 5665 .-

499 5612 571 5664 ρει
596 5612 683 5683 ηις
702 5615 786 5677 (μαι
810 5614 897 5665 tibi
917 5612 1061 5680 dixit,
1079 5618 1219 5682 .vega
1242 5617 1265 5668 ρ
1476 5620 1681 5683 captiva,
1706 5619 1885 5675 nullius
1908 5612 2050 5685 preiti
2075 5612 2095 5676 .-

495 5676 607 5743 φὺν
633 5681 765 5735 duit,
796 5687 939 5739 Nega.

1229 200 1287 258 S.
1326 199 1608 258 JOANNIS
1643 192 2125 259 CiiRYSOSTOMl
2163 196 2482 262 ARCHIEP.
2522 202 3053 267 CONSTANTINOP.
3207 189 3228 239 ι

3715 215 3814 273 79.8

2224 320 2385 390 gavit.
2432 319 2510 379 Ae
2557 320 2771 380 demum
2801 325 2971 396 ipsum
3022 321 3242 381 intuitus
3265 324 3421 382 Jcsus
3450 368 3465 392 ,
3509 343 3628 400 qua:
3675 331 3813 388 dicta

2220 410 2431 467 fueram
2454 413 2507 468 in
2533 415 2845 470 memoriam
2872 418 3178 472 revecavit:
3207 434 3311 489 qua
3339 428 3396 474 re
3422 419 3686 476 intellecta
3708 438 3815 479 co:-

2221 504 2295 575 pit
2322 504 2453 561 ﬂere
2478 521 2542 561 ac
2570 508 2933 578 pmnitentiam
2959 510 3026 566 de
3058 520 3275 581 peccato
3318 520 3494 583 agere.
3537 513 3812 569 Verumta-

2219 612 2341 652 men
2405 598 2812 670 bcnignissimus
2870 602 3135 657 concessit
3186 603 3259 657 illi
3314 618 3537 674 peccare
3568 624 3581 659 τ
3612 606 3808 665 sciebat

2218 690 2361 745 enim
2390 691 2538 745 illum
2581 699 2641 747 ut
2668 692 2938 748 hominem
2981 694 3270 749 humanum
3300 695 3569 767 quidpiam
3600 707 3808 768 passum

2218 796 2337 836 esse
2370 799 2382 834 :
2414 781 2511 838 sed
2555 783 3001 853 quemadmodum
3038 785 3146 855 jam
3175 786 3324 853 dixi,
3356 786 3459 843 hoc
3483 797 3637 856 pacto
3682 789 3810 845 illud

2218 870 2290 925 ita
2330 871 2625 929 institutum
2655 889 2719 929 ac
2748 874 2906 930 Petro
2934 875 3253 944 permissum
3279 884 3361 933 est
3389 892 3610 947 peccare
3631 921 3646 945 ,
3675 895 3807 949 quo-

2218 966 2360 1019 niam
2398 965 2447 1021 ei
2485 967 2886 1023 coucredendus
2933 979 3049 1023 erat
3091 970 3316 1039 populus
3345 967 3541 1025 multus
3565 1008 3582 1039 ,
3612 981 3672 1026 ut
3701 989 3770 1028 ne
3791 1014 3804 1039 ,

2216 1066 2433 1113 severus
2458 1072 2578 1114 cum
2606 1068 2767 1126 esset,
2801 1061 2845 1114 si
2869 1076 3061 1131 expers
3092 1062 3290 1132 peccati
3320 1060 3529 1130 fuisset,
3556 1080 3584 1117 a
3612 1074 3805 1121 conoe-

2216 1147 2390 1205 denda
2433 1149 2682 1208 fratribus
2725 1148 2837 1208 suis
2876 1155 3032 1209 venia
3071 1155 3277 1211 alienus
3307 1156 3465 1212 foret.
3492 1156 3698 1226 Lapsus
3727 1170 3806 1215 est

2216 1239 2268 1294 in
2296 1250 2589 1311 peccatum,
2619 1252 2676 1298 ut
2701 1249 2754 1299 et
2778 1254 3054 1316 peccatum
3084 1246 3209 1300 illud
3240 1255 3293 1302 et
3317 1247 3492 1303 datam
3518 1249 3619 1305 sibi
3646 1265 3674 1303 a
3706 1250 3809 1305 Do-

2217 1333 2361 1386 mino
2408 1334 2619 1389 veniam
2659 1335 2935 1405 cogitans,
2985 1336 3105 1392 aliis
3140 1338 3299 1392 etiam
3340 1340 3548 1394 veniam
3580 1341 3805 1413 benigne

2215 1424 2535 1481 concederet
2556 1467 2570 1493 ,
2614 1427 2908 1483 secundum
2938 1428 3389 1500 dispensationem
3433 1432 3543 1488 Deo
3572 1449 3803 1506 congru-

2214 1529 2413 1574 entem.
2443 1518 2562 1591 ipse
2588 1521 2729 1576 enim
2756 1521 2808 1576 in
2838 1532 3113 1594 peccatum
3141 1523 3244 1580 labi
3268 1526 3559 1595 permissus
3585 1535 3687 1593 est,
3718 1528 3801 1583 cui

2213 1610 2453 1667 Ecclesia
2495 1612 2874 1670 committenda
2916 1623 3068 1682 erat,
3112 1615 3360 1672 columna
3405 1616 3801 1688 Ecclesiarum,

2211 1710 2397 1773 pertus
2443 1702 2606 1770 fidei,
2636 1705 2825 1760 Petrus
2849 1704 3035 1761 doctor
3061 1707 3208 1763 orbis
3256 1723 3475 1778 peccare
3514 1711 3803 1780 permissus

2211 1804 2323 1861 est,
2354 1804 2413 1850 ut
2449 1793 2567 1852 haec
2596 1797 2876 1867 permissio
2914 1796 3258 1854 immanitatis
3278 1810 3648 1871 argumentum
3688 1801 3804 1859 aliis

2211 1892 2619 1958 proponeretur.
2654 1887 2781 1944 Haec
2818 1900 2997 1945 autem
3024 1905 3121 1945 cur
3144 1905 3174 1946 a
3196 1906 3282 1948 me
3318 1891 3453 1946 dicta
3480 1892 3641 1947 sunt?
3668 1893 3805 1961 Quia

2210 1996 2308 2035 nos
2337 1980 2644 2036 sacerdotes
2685 1981 2737 2035 in
2766 1980 2959 2038 throno
3002 1982 3253 2038 sedentes
3290 1998 3354 2038 ac
3380 1983 3634 2039 docentes
3672 1999 3803 2055 pec-

2209 2074 2341 2130 catis
2369 2074 2601 2146 colligati
2626 2078 2848 2131 sumus.‘
2877 2074 3079 2131 idcirco
3119 2076 3262 2131 enim
3297 2091 3467 2147 neque
3494 2077 3683 2147 angelo
3711 2090 3807 2132 nes

2207 2185 2312 2240 que
2341 2169 2663 2240 archangelo
2690 2169 3053 2226 concreditum
3075 2178 3159 2241 est
3184 2170 3537 2226 sacerdotium
3568 2171 3803 2242 (impec‘

2207 2262 2408 2318 cabiles
2433 2262 2628 2333 quippe
2653 2260 2815 2336 sunt)
2839 2302 2856 2329 ,
2889 2279 2956 2318 ne
2985 2278 3097 2334 pra:
3127 2263 3412 2318 severitate
3438 2272 3719 2333 peccantes
3748 2263 3802 2317 in

2208 2355 2403 2425 pepulo
2449 2354 2729 2411 confestim
2774 2355 2993 2411 fulmine
3045 2355 3429 2412 ferirentzsed
3478 2356 3680 2412 homini
3735 2370 3802 2411 ex

2208 2446 2428 2503 homine
2470 2443 2595 2502 na'to
2622 2448 2940 2504 commissus
2969 2447 3054 2503 hic
3082 2446 3306 2504 thronus
3330 2458 3444 2517 est,
3486 2450 3572 2520 qui
3602 2459 3657 2504 et
3688 2450 3804 2522 ipse

2204 2538 2425 2595 libidine
2446 2539 2788 2611 pcccatisque
2808 2541 3086 2610 colligatus
3108 2547 3210 2606 est,
3240 2549 3298 2596 ut
3324 2541 3368 2596 si
3394 2557 3549 2612 quem
3574 2557 3806 2612 peccan-

2204 2641 2309 2684 tem
2332 2631 2615 2699 invenerit,
2640 2646 2704 2687 ex
2731 2632 2959 2704 propriis
2980 2637 3207 2702 peccatis
3231 2632 3507 2703 benignior
3529 2633 3603 2688 illi
3632 2642 3802 2689 esset.

2198 2721 2333 2777 Nam
2366 2722 2411 2776 si
2445 2723 2666 2791 angelus
2701 2732 2843 2779 esset
2879 2723 3164 2792 sacerdos,
3197 2732 3251 2779 et
3278 2724 3580 2794 quempiam
3610 2722 3804 2789 forni-

2200 2822 2381 2868 catum
2412 2813 2869 2885 deprehenderet,
2897 2829 3017 2869 cum
3047 2814 3159 2884 ipse
3187 2814 3307 2869 huic
3333 2816 3520 2870 morbo
3554 2814 3805 2869 addictus

2199 2920 2306 2961 non
2346 2914 2521 2972 esset,
2572 2906 2751 2961 statim
2784 2906 2929 2961 illum
2967 2905 3308 2962 interficeret.
3350 2906 3711 2975 Quamobrem
3758 2908 3805 2962 si

2198 2999 2419 3069 angelus
2447 3006 2763 3070 potestatem
2786 2998 3174 3055 sacerdotalem
3204 3000 3497 3069 accepisset
3516 3040 3530 3062 ,
3558 3015 3666 3053 non
3697 2999 3803 3053 do-

2198 3092 2402 3147 cuisset
2426 3133 2440 3157 ,
2470 3089 2562 3147 sed
2589 3082 2909 3158 occidisset,
2938 3092 3011 3146 ira
3034 3100 3360 3157 commotus,
3398 3092 3521 3162 quia
3546 3092 3660 3161 ipse
3690 3107 3804 3147 non

2199 3182 2503 3253 hujusmodi
2548 3190 2711 3240 esset.
2744 3182 3035 3254 Propterea
3080 3184 3131 3238 id
3173 3182 3373 3238 homini
3419 3183 3798 3239 concreditum

2197 3285 2302 3343 est,
2330 3276 2422 3347 qui
2451 3286 2785 3347 peccatorum
2815 3277 2915 3331 sibi
2945 3276 3208 3342 conscius,
3238 3284 3293 3332 et
3322 3276 3372 3330 in
3403 3275 3485 3331 bis
3513 3285 3799 3345 expertus,

2196 3366 2501 3437 ignosceret
2527 3366 2886 3438 peccantibus,
2917 3382 3016 3423 nec
3041 3377 3344 3424 moveretur
3372 3367 3472 3435 ira,
3498 3382 3567 3423 ne
3594 3381 3801 3440 ρει-δῖε

2196 3475 2455 3531 nagogam
2484 3458 2719 3514 Ecclesia
2743 3459 3010 3514 vacaret‘.

2271 3550 2327 3605 2.
2368 3549 2574 3604 Heliam
2618 3550 2673 3603 in
2711 3557 2968 3620 peccatum
3010 3548 3232 3604 incidere
3276 3549 3502 3621 permisit
3546 3548 3711 3618 Deus,
3742 3554 3799 3607 td

2199 3645 2510 3700 mansuetior
2535 3660 2656 3715 erga
2683 3644 2811 3699 alios
2839 3654 2984 3699 esset.
3005 3673 3077 3684 —
3095 3643 3200 3699 Sed
3230 3658 3327 3698 cur
3353 3644 3403 3698 in
3427 3644 3585 3699 Petro
3606 3660 3801 3701 moror

2199 3737 2303 3793 hoc
2334 3746 2566 3792 tractans
2590 3746 2980 3805 argumentum,
3007 3752 3104 3791 nec
3124 3737 3189 3791 ad
3219 3737 3381 3792 aliam
3409 3737 3642 3793 ascendo
3672 3754 3802 3808 per-

2198 3828 2428 3885 sonam?
2475 3823 2588 3899 Age
2616 3828 2778 3883 alium
2824 3828 3156 3898 proferamus
3196 3828 3250 3883 in
3296 3828 3551 3891 medium,
3585 3830 3797 3884 lleliam

2199 3936 2393 3992 nempe
2440 3919 2774 3994 prophetam,
2806 3928 3076 3976 terrenum
3110 3920 3255 3975 illum
3296 3921 3567 3990 angelum,
3610 3922 3799 3977 homi-

2202 4028 2432 4083 nemque
2461 4013 2763 4068 caalestcm:
2787 4012 2934 4066 humi
2955 4012 3313 4068 ambulantem
3341 4022 3394 4068 et
3412 4014 3647 4068 caelestia
3677 4030 3802 4068 mo:-

2201 4104 2503 4170 derantem,
2536 4102 2892 4159 tricubitalem
2922 4104 3190 4158 hominem
3215 4103 3516 4160 sublimiter
3538 4106 3803 4176 gradien-

2200 4205 2330 4264 tem,
2356 4196 2422 4250 ad
2451 4197 2593 4267 ipsos
2621 4195 2741 4251 coeli
2770 4194 3002 4250 fornices
3026 4195 3242 4259 elatum,
3261 4211 3514 4267 aquarum
3541 4214 3800 4268 promum

2200 4288 2456 4354 condunt,
2499 4289 2653 4357 cujus
2697 4287 2874 4358 lingua
2918 4288 3201 4343 thesaurus
3248 4304 3504 4358 aquarum
3552 4299 3696 4356 erat,
3743 4302 3801 4347 et

2201 4380 2366 4434 clavis
2395 4377 2649 4433 caelorum
2679 4393 2694 4432 :
2725 4378 2837 4447 ipse
2874 4394 3075 4449 pauper
3102 4388 3156 4435 et
3178 4378 3350 4444 dives,
3392 4380 3552 4434 idiota
3579 4390 3635 4435 et
3666 4383 3798 4451 phi-

2203 4470 2505 4541 lOSOphus:
2549 4484 2754 4540 pauper
2802 4469 3047 4540 quidem,
3092 4470 3213 4540 quia
3264 4469 3395 4525 nihil
3443 4471 3803 4541 possidebat;

2202 4568 2352 4625 dives
2376 4576 2577 4635 autem,
2604 4564 2728 4637 quia
2755 4566 2925 4620 nubes
2962 4566 3208 4620 imbrium
3236 4565 3288 4620 in
3337 4565 3513 4637 lingua
3542 4568 3806 4623 contine-

2201 4663 2312 4719 bat.
2357 4662 2473 4734 Ipse
2510 4676 2721 4732 quoque
2760 4661 2838 4716 sic
2876 4676 3035 4731 asper
3072 4676 3193 4730 erga
3220 4670 3530 4731 peccatores
3568 4672 3708 4726 erat,
3745 4672 3809 4715 nt

2202 4755 2489 4825 aliquando
2512 4764 2820 4823 precaretur
2850 4767 2919 4807 ne
2950 4752 3125 4821 pluvia
3153 4751 3389 4809 caderet.
3425 4753 3491 4807 Et
3513 4754 3642 4823 quid
3685 4754 3808 4807 ait?

2213 4828 2345 4903 Vivit
2372 4846 2638 4910 Dominus,
2658 4844 2702 4899 si
2730 4844 2822 4898 erit
2853 4844 3039 4914 pluvia,
3064 4845 3163 4897 nisi
3190 4861 3349 4913 peros
3370 4861 3533 4899 meum
3560 4846 3640 4913 (5.
3668 4846 3808 4916 Reg.

2205 4939 2295 4994 17.
2324 4938 2398 5009 1).
2439 4936 2575 5005 Quid
2610 4934 2762 5002 facis,
2810 4933 3003 4989 Helia?
3031 4933 3157 5003 quid
3203 4935 3552 5003 pronuntias?
3600 4939 3810 4989 saltem

2205 5030 2489 5086 Dominum
2518 5042 2757 5097 precare,
2783 5034 2837 5081 et
2859 5027 2936 5081 sic
2966 5026 3128 5094 imple
3152 5040 3453 5081 sermonem
3481 5044 3495 5080 :
3535 5024 3669 5079 Vivit
3698 5026 3815 5081 Do-

2204 5124 2392 5186 minus,
2423 5121 2466 5176 si
2489 5121 2585 5175 erit
2628 5119 2819 5189 pluvia,
2846 5119 2943 5172 nisi
2968 5134 3058 5188 per
3086 5135 3141 5172 os
3167 5134 3348 5171 meum.
3392 5117 3618 5173 Ubinam
3673 5129 3817 5173 sunt

2205 5216 2458 5280 itmretici,
2510 5213 2602 5284 qui
2650 5212 2854 5278 dicunt,
2906 5211 3096 5267 Filium
3162 5211 3255 5266 Dei
3306 5212 3552 5281 precari?
3602 5212 3811 5268 infelix

2204 5310 2386 5376 homo,
2415 5307 2580 5362 miser
2604 5315 2659 5360 et
2685 5305 2996 5375 impudens:
3046 5304 3223 5359 Helias
3251 5304 3576 5375 pronuntiat,
3608 5315 3667 5358 et
3705 5305 3809 5359 Fe-

2204 5403 2307 5457 lius
2354 5398 2640 5471 precatur?
2679 5414 2868 5455 servus
2914 5397 3086 5468 jubet,
3117 5406 3172 5453 et
3200 5397 3454 5451 Dominus
3483 5398 3678 5465 regat?
3733 5411 3815 5451 ne

2201 5508 2387 5564 parem
2415 5491 2631 5563 quidem
2660 5490 2735 5547 illi
2761 5500 2919 5562 atque
2947 5489 3110 5545 Helice
3141 5488 3399 5544 honorem
3441 5487 3670 5542 tribuis?
3699 5504 3813 5542 an-

2266 5626 2286 5656 ι
2320 5627 2370 5673 ιη
2393 5621 2552 5680 savﬁ..
2576 5633 2622 5675 et
2642 5637 2734 5675 non
2756 5628 3019 5676 ntaeeretur
3055 5621 3148 5684 ira,
3175 5628 3220 5673 et
3242 5634 3332 5672 non
3347 5619 3683 5674 αἰηωῖίνειισ
3707 5634 3818 5685 per

2202 5684 2333 5740 iram
2348 5686 2575 5737 Ecclesia.

3812 5763 3853 5817 1
