4080 6198
473 210 576 266 729

470 328 614 400 μήνς
654 323 716 379 οὐ
763 320 938 385 θέλεις
970 319 1048 383 ὡς
1092 318 1170 389 τῷ
1198 313 1541 400 δούλῳᾼούτω
1571 310 1664 364 καὶ
1800 300 2049 400 ἀεσπότρ

593 385 895 479 ίσομοιρίαν
927 385 1292 474 χαρίσασθαι;
1328 398 1440 483 06x
1463 393 1679 463 εὐχεται
1709 391 1937 483 ἐκεῖνος.
1967 385 2053 483 06:

469 466 884 562 δὲ’παρακοίλεῖ,
926 466 1063 540 ἀλλὰ
1113 484 1272 550 λόγον
1319 469 1916 562 ἀληθείας
1944 466 2051 562 ¹καί

468 576 560 630 τὸν
587 548 811 646 ούρανὸν
837 548 1104 623 ἔκλεισεν..
1131 548 1292 631 Εὗξαι
1324 562 1557 632 πρῶτον,
1598 556 1772 646 Ἠλία.
1800 549 1969 646 ⁸Ἀλλά
1999 548 2051 602 τί

482 637 701 722 Ἦλίαξς
739 653 869 709 Οἶδα
898 653 988 707 τὸν
1016 652 1146 723 ἐμὸν
1167 649 1463 718 Δεσπότην,
1488 646 1569 698 ὅτι
1605 637 1867 724 ὑπακούει
1890 720 1906 724 _
1926 649 2047 724 μου·

469 741 580 796 ἀπὸ
618 740 726 810 γὰρ
756 738 917 809 ζήλου
948 718 1107 789 τοῦτο
1135 732 1292 787 ποιῶ.
1314 732 1378 783 Ὢ
1400 728 1601 783 καινῶν
1618 718 1712 779 καὶ
1735 718 2051 792 παραδόξων

469 806 845 895 πραγμάτωνί
873 815 1012 880 εἶδες
1040 816 1314 885 Δεσπότην
1334 813 1438 888 6,1:6
1454 811 1667 869 εὐνοίας
1697 806 1885 859 δούλου
1908 818 2051 855 νενι-

470 885 739 978 κημένον;
774 903 885 956 Καὶ
925 901 1035 971 γάρ
1060 903 1088 953 6
1126 899 1310 959 Ἠλίας
1327 885 1436 949 ἀπὸ
1470 894 1634 967 ζήλου
1661 889 1880 978 πολλοῦ*
1894 885 2052 978 τοῦτο

469 970 744 1058 ἐποίησεν.
770 970 1015 1039 Ἐϐλεπε
1036 982 1145 1055 γάρ
1169 982 1336 1035 πολλά
1354 980 1531 1034 ἄτοπα
1556 970 2050 1058 γινόμενα-,ἔϐλεπε

472 1055 731 1142 πορνείαν
764 1067 905 1139 μετά
937 1066 1137 1136 πολλῆς
1163 1066 1262 1134 τῆς
1296 1064 1494 1125 κακίας
1533 1055 1958 1142 πολιτευομένην
1999 1063 2047 1103 ο.

470 1136 587 1218 Νύξ
612 1152 721 1224 γὰρ
746 1136 835 1223 ἧν,
855 1151 920 1205 δι’
938 1149 966 1202 6
991 1149 1084 1201 καὶ
1106 1150 1321 1217 κατεῖχε
1349 1145 1445 1215 τήν
1463 1141 1788 1212 οἰκουμένην
1812 1136 2048 1224 ἃπασαν·

471 1218 670 1305 νεφέλη
692 1218 1027 1302 πυκνοτάτη
1063 1231 1332 1284 ἐκάλυπτε
1364 1228 1435 1280 τά
1483 1225 1827 1305 σύμπαντα.-
1846 1218 2052 1305 Πάντες

470 1299 582 1390 γάρ
614 1299 952 1388 προέκοπτον
978 1299 1073 1367 ἐπὶ
1097 1313 1157 1366 τὸ
1179 1312 1368 1366 κακόν·
1396 1305 1770 1378 οἰκουμενικὸν
1798 1299 1867 1390 ἦν
1894 1299 2054 1390 ναυά-

473 1386 613 1469 γιον,
652 1386 749 1471 οὐχ
779 1400 1009 1460 ὑδάτων,
1042 1396 1182 1450 ἀλλά
1213 1393 1520 1461 ἀσελγείας·
1574 1387 1897 1471 σωφροσύνη
1955 1386 2050 1437 ἐκ·

473 1468 673 1549 ποδὼν,
703 1468 797 1536 καὶ
827 1480 1095 1535 ἀκολασία
1143 1475 1510 1548 ὲπομπεύετο·
1555 1472 1726 1544 ἁρετὴ
1776 1468 2049 1533 ἐδιώκετο,

474 1565 572 1618 καὶ
606 1564 776 1619 κακία
802 1562 1146 1634 ἐνηϐρύνετο·
1175 1557 1350 1629 βουνοί
1376 1557 1471 1611 καὶ
1495 1556 1617 1626 ὅρη,
1641 1555 1734 1607 καὶ
1756 1549 2052 1610 νάπαι,καὶ

474 1649 605 1710 ὁδοὶ,
636 1647 729 1700 καὶ
761 1650 959 1716 ταμεῖα
985 1646 1080 1699 καὶ
1115 1647 1144 1697 6
1176 1643 1284 1713 ἀὴρ
1326 1639 1635 1712 ἐμολύνετο·
1673 1639 1702 1690 6
1732 1635 1880 1706 ἥλιος
1918 1634 2051 1686 ἐκα-

476 1731 717 1795 πνίζετο,
750 1730 783 1800 ή
815 1729 888 1798 γῆ
933 1727 1231 1798 ἐμιαίνετο,
1272 1727 1301 1778 6
1332 1722 1559 1795 οὐρανὸς
1611 1718 1963 1785 ἐξουθενεῖτο,
2018 1717 2051 1787 ή

474 1813 674 1877 κτίσις,
702 1814 851 1865 πᾶσα
884 1811 1059 1864 ἐνόσει
1084 1809 1193 1863 ἀπὸ
1229 1804 1692 1877 εἰδωλολατρείας·
1717 1802 1792 1865 ὡς
1812 1802 1871 1854 ἐν
1898 1800 2053 1853 νυκτὶ

475 1895 679 1958 πάντες
706 1894 1095 1966 περιεπάτουν,
1125 1891 1301 1945 οὐδενὶ
1316 1888 1670 1960 προσέχοντες
1685 1885 1792 1938 τῶν
1820 1882 2054 1952 κτισμά-

475 1999 603 2046 των,
634 1981 781 2035 λίθον
814 1981 1060 2043 ἔϐλεπον,
1093 1979 1188 2031 καὶ
1218 1978 1292 2041 ὡς
1333 1976 1452 2029 θεὸν
1485 1972 1872 2045 προσεκύνουν·
1900 1968 2053 2034 ξύλον

475 2066 724 2132 ἔϐλεπον,
762 2065 854 2117 καὶ
877 2064 1037 2118 τοῦτο
1054 2063 1254 2135 ὁμοίως
1269 2061 1390 2115 θεὸν
1417 2059 1686 2129 ἐνόμιζον.
1716 2054 1831 2120 Νὺξ
1857 2054 2053 2117 αὐτοὺς

476 2146 591 2221 εἶχε
623 2149 958 2219 πυκνοτάτη·
989 2149 1082 2202 τὸν
1118 2147 1343 2216 κτίστην
1374 2144 1619 2206 ἔϐλεπον,
1666 2142 1760 2194 καὶ
1799 2142 1911 2203 τοῖς
1932 2136 2055 2221 κτί-

478 2220 650 2302 σμασι
686 2231 1074 2302 προσεκύνουν.
1114 2229 1300 2292 Ἠλίας
1331 2227 1487 2298 μόνος
1511 2222 1578 2296 ἦν
1598 2224 1688 2278 τὸν
1708 2223 1899 2293 λύχνον
1916 2220 2053 2291 ἔχων

475 2317 575 2386 τῆς
605 2316 825 2387 ἀρετῆς,
870 2314 1124 2385 καθάπερ
1151 2313 1242 2365 ἐπὶ
1289 2310 1531 2381 κορυφῆς
1567 2308 1728 2379 ὅρους
1773 2305 1870 2376 τῆς
1902 2305 2052 2373 φιλο-

475 2397 733 2467 λοσηφίας
758 2398 1116 2466 καθεζόμενος
1138 2395 1233 2448 καὶ
1261 2391 1466 2456 ἀσκῶν,
1502 2390 1658 2462 μόνος
1693 2390 1790 2460 μὲν
1811 2389 1949 2458 ἔχων
1965 2387 2054 2441 τὸν

446 2479 670 2549 “λύχνον
694 2480 790 2550 τῆς
823 2479 1127 2541 εὐσεϐείας,
1161 2475 1351 2529 οὐδένα
1396 2475 1453 2527 δέ
1479 2473 1679 2542 ὠφέλει
1702 2472 1764 2524 τὸ
1799 2471 2054 2540 φώτισμα

478 2562 567 2616 διὰ
596 2564 658 2616 τὸ
692 2565 847 2634 κάρῳ
887 2558 1083 2625 αὐτὸύς
1107 2557 1489 2621 κατακεῖσθαι,
1521 2558 1615 2610 καὶ
1646 2553 2058 2631 εἰδωλολατρείᾳ,

482 2643 681 2709 αὐτοὺς
708 2645 1060 2716 κατέχεσθαι.
1108 2644 1391 2714 Ἐμαίνετο
1416 2637 1508 2694 οὖν
1535 2641 1563 2692 6
1601 2638 1803 2701 Ἠλίας,
1832 2635 2054 2707 ἐπρίζε-

479 2739 562 2789 το,
613 2728 874 2801 ὠδύρετο,
902 2729 1122 2800 ῥήματα
1147 2726 1348 2790 ἐλάλει,
1386 2726 1557 2787 οὐδεὶς
1589 2724 1773 2794 ήκουε·
1810 2721 2056 2792 παρεκά-

479 2809 582 2872 λει,
613 2813 789 2877 οὐδεὶς
813 2813 1093 2883 ἠνέσχετο·
1132 2810 1317 2864 λοιπὸν
1342 2809 1450 2863 ἀπὸ
1493 2808 1656 2879 ζήλου
1680 2805 2055 2877 προσαγαγεῖν

482 2893 684 2959 αὐτοὺς
711 2894 853 2948 θέλει
882 2895 978 2947 xl
1016 2893 1325 2955 παιδεῦσαι,
1357 2892 1443 2945 ἵνα
1486 2891 1587 2944 κᾶν
1620 2889 1762 2942 οὕτω
1791 2887 1869 2959 τῷ
1912 2887 2056 2958 λιμῷ

476 2979 772 3048 τηκόμενοι
805 2979 896 3032 ἐπὶ
914 2979 1006 3031 τὸν
1033 2977 1375 3048 Δημιουργὸν
1400 2977 1465 3046 τῇ
1490 2976 1620 3045 εὐχῇ
1647 2973 1944 3041 φθάσωσιν,
1973 2972 2057 3024 ἵνα

478 3061 507 3114 6
529 3061 686 3130 λιμὸς
719 3061 977 3124 ὑπόθεσις
1007 3062 1191 3123 αὐτοῖς
1220 3060 1445 3131 γένηται
1466 3057 1766 3117 εὐσεϐείας.
1800 3054 1937 3107 Ἀλλ’
1966 3055 2058 3107 οὐ⁶

477 3144 569 3198 δέν
605 3144 828 3198 δύναται
878 3145 1098 3208 αὐτοὺς,
1139 3142 1294 3214 φησί,
1342 3140 1629 3193 παιδεῦσαι
1658 3142 1687 3192 6
1710 3138 1889 3208 λιμός·
1916 3137 2059 3191 οὓτω

479 3228 591 3297 γὰρ
626 3228 960 3298 πανταχόθεν
993 3227 1178 3280 στενού
1188 3243 1338 3296 μενοι
1355 3226 1448 3277 ἐπὶ
1476 3224 1566 3278 τὸν
1593 3224 1810 3277 πάντων
1835 3222 2059 3293 κτίστην

475 3311 812 3381 χωρήσουσι.
847 3310 911 3363 Τί
954 3306 1046 3363 οὖν
1102 3309 1325 3375 Ἠλίας;
1380 3306 1488 3374 Ζῇ,
1538 3308 1692 3376 φησὶ,
1731 3306 1963 3372 Κύριος,
2007 3307 2059 3357 εὶ

477 3393 651 3445 ἐσται
682 3391 878 3458 ὑετὸς,
917 3391 1071 3461 εἰμὴ
1104 3391 1204 3444 διὰ
1234 3391 1530 3458 στόματός
1557 3405 1697 3457 μου.
1745 3387 1996 3457 Ἐξῆλθεν
2031 3389 2060 3440 6

478 3471 637 3541 λόγος
674 3473 770 3528 τοῦ
821 3475 1126 3546 προφήτου,
1158 3475 1253 3526 καὶ
1283 3472 1489 3534 εὐθέως
1514 3473 1542 3523 ό
1570 3471 1681 3540 ἀὴρ
1729 3470 2058 3540 μετεϐλήθη,

458 3556 509 3611 ’ὁ
554 3557 782 3629 οὐρανὸς
806 3557 1003 3628 χαλκὸς
1029 3558 1266 3625 ἐγένετο,
1294 3558 1356 3608 06
1384 3556 1483 3626 τήν
1524 3555 1683 3624 φύσιν
1722 3555 2059 3626 μεταϐαλὼν,

480 3642 617 3697 ἀλλὰ
647 3640 746 3711 τὴν
790 3642 1073 3712 ἐνέργειαν
1122 3638 1461 3709 χαλινωθείς·
1493 3638 1654 3702 εὐθὺς
1702 3640 1769 3690 τι
1823 3642 2060 3707 στοιχεῖα

482 3724 1001 3795 μετεσχηματίζετο.
1055 3723 1343 3776 Ἐνέπεσεν
1384 3725 1412 3775 ὁ
1443 3721 1598 3788 λόγος
1632 3720 1725 3773 τοῦ
1756 3723 2057 3791 προφήτου,

480 3805 734 3879 καθάπερ
762 3807 1013 3880 πυρετὸς,
1039 3808 1119 3868 εἱς
1143 3807 1241 3868 τὰς
1268 3805 1502 3874 λαγόνας
1527 3804 1763 3874 τῆςγῆς,
1798 3803 1893 3855 καὶ
1924 3805 2061 3856 πάν-

477 3907 551 3944 τα
574 3892 735 3955 εὐθὺς
769 3892 1103 3963 ἐξηραίνετο,
1129 3892 1308 3944 πάντα
1337 3887 1631 3960 ἐρημοῦτο,
1660 3889 1838 3941 πάντα
1860 3886 2061 3957 ἐξηφα-

480 3976 680 4040 νίζετο·
723 3976 950 4028 ἔϐλεπον
996 3975 1197 4037 εὐθέως
1224 3974 1454 4044 βοτάνας
1495 3970 1913 4042 ξηραινομένας,
1967 3970 2063 4023 καὶ

481 4061 651 4128 φυτὰ,
686 4061 781 4113 καὶ
827 4060 1020 4130 δένδρα
1070 4060 1324 4129 κάρπιμα
1354 4058 1448 4110 καὶ
1486 4057 1733 4127 ἄκαρπα,
1767 4055 1834 4109 τὰ
1875 4057 1933 4109 ἐν
1966 4072 2062 4108 πε-

481 4144 634 4208 δίοις,
664 4144 731 4197 τὰ
765 4144 917 4215 παρά
969 4144 1264 4197 θάλασσαν·
1322 4141 1499 4194 πάντα
1558 4140 1770 4212 ἁθρόως
1811 4138 2060 4209 ξηραινό-

486 4228 676 4298 μεναὶι,
693 4230 872 4281 πᾶσαν
891 4226 1133 4297 ἔμψυχον
1154 4225 1369 4297 ήλικίαν
1388 4223 1809 4294 ἀφανιζομένην,
1825 4224 2059 4294 ὀδυρμὸν

481 4310 711 4364 παιδίων
731 4312 821 4363 καὶ
850 4309 1121 4380 κλαυθμὸν
1147 4309 1418 4379 μητέρων,
1445 4310 1536 4359 καὶ
1554 4306 1899 4374 ἀπογνωσίαν
1925 4306 2055 4359 πολ-

481 4394 601 4463 λήν.
639 4392 731 4456 Εἷς
765 4394 922 4462 λόγος
952 4394 1044 4446 τοῦ
1072 4393 1351 4462 προφήτου
1369 4389 1518 4462 [754]
1543 4389 1755 4459 ἐξῆλθε,
1778 4389 1872 4443 καὶ
1891 4388 2057 4459 βλέπε

484 4479 628 4531 πόσα
650 4478 964 4547 εἰργάσατο.
998 4476 1183 4529 Πάντα
1198 4476 1379 4528 τοίνυν
1401 4474 1761 4543 ἀπέθνησκον,
1779 4472 1848 4525 τά
1870 4473 2056 4542 θηρία,

482 4561 554 4614 τὰ
585 4561 780 4630 κτήνη,
812 4558 882 4611 τά
915 4558 1121 4621 παιδία,
1167 4560 1215 4612 οἰ
1259 4556 1557 4628 ἄνθρωποι,
1590 4554 1659 4607 τὰ
1692 4555 1827 4619 ζῶα,
1864 4556 1936 4607 τὰ
1964 4573 2061 4608 πε-

478 4649 634 4698 τεινά
663 4645 899 4698 ἅπαντα·
931 4642 1305 4712 οἰκουμενικὸν
1334 4631 1609 4707 ναυάγιοῖ
1621 4634 1710 4706 ἦν,
1737 4640 1830 4690 καὶ
1863 4641 1896 4709 ή
1931 4655 2062 4708 συμ-

483 4728 628 4800 φορά
648 4730 830 4781 πᾶσαν
862 4726 997 4795 ὁμοῦ
1023 4725 1289 4779 κατέλαϐε
1325 4724 1424 4793 τὴν
1446 4724 1569 4793 γῆν·
1594 4721 1770 4784 οὐδεὶς
1797 4721 2059 4786 ἁνεσώζε-

481 4828 564 4874 το,
595 4811 732 4865 ἁλλά
758 4810 961 4874 πάντες
1002 4810 1110 4863 ἀπὸ
1146 4810 1244 4878 τῆς
1275 4808 1535 4878 ἀϐροχίας
1571 4803 1935 4872 ἀπέθνησκον,
1990 4803 2058 4856 τά

484 4898 631 4965 φυτά
648 4894 981 4967 ἐξηραίνετο,
1019 4893 1214 4965 πηγαὶ,
1246 4889 1502 4959 ποταμοὶ,
1519 4888 1726 4958 λίμναι,
1760 4886 1857 4940 καὶ
1884 4886 2058 4941 πάντα

483 4980 672 5044 ἁπλῶς
719 4979 1016 5033 ἀπώλοντο.
1083 4974 1471 5046 Οἰκουμενικὸν
1529 4972 1788 5040 ναυάγιον
1845 4976 2058 5043 κατεῖχε

485 5066 668 5117 πᾶσαν
696 5063 794 5134 τὴν
826 5062 1172 5132 οἰκουμένην,
1200 5060 1262 5112 οὐ
1305 5058 1372 5110 δι’
1401 5056 1610 5117 ὓδατος,
1638 5056 1774 5108 άλλά
1795 5056 1860 5110 δι’
1895 5055 2058 5127 ἀϐροο

485 5148 630 5218 χίας·
662 5148 690 5199 6
713 5147 940 5217 οὐρανὸς
966 5145 1192 5206 ἐδέδετο,
1221 5144 1316 5196 καὶ
1346 5140 1528 5193 λοιπὸν
1551 5140 1816 5209 ἐπείχετο,
1842 5140 1936 5193 καὶ
1961 5141 2059 5211 τὴν

483 5232 647 5303 φύσιν
669 5231 797 5300 ὃλην
829 5228 1144 5299 μετέϐαλλε.
1180 5228 1364 5280 Πάντα
1400 5220 1492 5277 06v
1531 5222 1770 5276 ἀπέθανε
1813 5221 2059 5294 θεηλάτῳ

480 5317 622 5386 ὀργῇ
659 5314 751 5368 καὶ
778 5312 1045 5366 ἀπώλετο·
1096 5311 1197 5363 οὐκ
1238 5307 1399 5378 ἐμελε
1430 5306 1487 5359 δέ
1519 5305 1596 5374 τῷ
1628 5305 1783 5376 Ἠλίᾳ
1815 5306 1944 5376 περὶ
1971 5307 2060 5358 οὐ·

478 5400 652 5464 δενός·
698 5398 899 5469 ἐμέθυε
960 5397 1070 5468 γάρ
1135 5394 1217 5466 τῷ
1281 5393 1446 5465 ζήλῳ.
1522 5393 1679 5444 Πᾶσα
1734 5389 1829 5444 06v
1882 5390 2061 5459 ἄωρος

481 5483 671 5555 ήλικία
716 5482 992 5537 ἐτελεύτα.
1047 5479 1112 5533 Τί
1153 5480 1349 5542 ποιεῖς,
1412 5478 1601 5543 Ἠλία;
1648 5476 1810 5541 ἔστω,
1842 5478 1892 5531 οἱ
1931 5493 2056 5529 νεα-

545 5631 572 5660 ⁸
592 5629 718 5678 Tres
744 5643 857 5678 mss.
880 5631 1049 5678 ἔϐλεπε
1071 5627 1241 5676 κακίαν
1260 5625 1377 5687 μετὰ
1397 5625 1573 5682 πολλῆς
1594 5630 1677 5682 τῆς
1696 5623 1957 5687 παῤῥησίας
1978 5641 2057 5673 νο·-

479 5694 761 5755 μευοᾼιιένην.
792 5690 930 5755 Alius
946 5691 1341 5755 νομῃτευομένῃν,
1363 5689 1489 5755 alius
1512 5687 1931 5755 δημοριευομένην.

538 5709 761 5749 ,υοιιενην.
792 5703 930 5739 Anus
946 5704 1341 5751 νομητευομενην,
1363 5703 1489 5735 allus
1512 5703 1769 5746 οημοσιευο
1786 5703 1846 5734 εει

538 5759 565 5800 ι»
593 5753 741 5804 Savil.
767 5753 918 5801 πάντα
940 5753 1118 5815 ἀθρόως
1141 5752 1237 5813 inp.
1262 5747 1537 5812 chebalur
1558 5764 1607 5796 π.
1629 5748 1752 5811 ἑώρα
1832 5777 1846 5796 .

1148 206 1205 261 S.
1246 199 1530 260 JOANNXS
1565 182 2060 252 CIIRYSOSTOMI
2098 181 2419 237 ARCHIEP.
2461 178 3009 237 CONSTANTINOP.
3054 212 3058 220 ι

3616 179 3719 233 750

2155 297 2331 350 νίσκοι
2374 297 2639 367 ἥμαρτον·
2677 294 2824 348 τίτά
2872 293 3057 346 παιδία
3099 292 3443 346 παιδεύονται
3469 302 3526 356 ες
3562 290 3720 364 ἔστω,

2151 383 2200 434 οί
2229 380 2502 453 ἄνθρωποι
2521 381 2786 451 ἥμαρτον,
2817 378 2868 430 τί
2905 378 2971 430 τὰ
2993 377 3162 445 κτήνη
3191 377 3720 449 συναποθνήσκουσις

2151 464 2420 534 τοσαύτην
2476 463 2853 531 ἀσπλαγχνίαν
2910 460 3301 532 περιϐέϐλησαι
3330 477 3345 525 ;
3376 462 3587 527 οὐδενός
3641 482 3724 519 σοι

2158 547 2308 617 μέλει
2355 547 2484 619 περὶ
2536 546 2644 600 τῶν
2701 544 3040 616 ἀνθρώπων·
3070 544 3131 596 06
3185 548 3419 612 γυναῖκα
3468 547 3630 617 ἔχεις,
3659 550 3722 603 06

2152 632 2360 685 παιδίον
2385 650 2398 664 ·
2433 633 2792 702 καταφρονεῖς
2832 620 2941 681 τῶν
2986 628 3376 697 ἀπολλυμένων
3396 628 3447 683 ἀ.
3481 633 3546 685 Τί
3579 629 3671 685 οὖν
3697 635 3727 688 6

2151 715 2281 777 Θεὸς
2322 714 2457 785 πρὸς
2489 714 2691 778 αὐτόν;
2724 715 2996 775 Ἀπελθε,
3028 714 3212 782 φησὶν,
3245 713 3345 766 ἐπὶ
3384 714 3463 780 τῷ
3486 715 3729 785 ποταιιῷ

2150 796 2512 865 Χορῤὰθ,καὶ
2546 795 2904 864 ἐντελοῦμαι
2930 796 3139 864 κόραξι
3167 797 3273 850 τοῦ
3297 796 3631 867 διατρέφειν
3653 814 3729 854 σε

2150 878 2290 932 ἐκεῖ.
2335 879 2502 932 Πάλιν
2534 878 2599 933 ἂν
2628 878 2797 950 ἡδέως
2828 879 3054 950 ἐροίμην
3089 879 3179 932 τὸν
3218 879 3467 934 Ἰουδαῖον
3503 884 3584 944 είς
3633 881 3731 952 μέσ-

2154 981 2244 1017 σον
2273 960 2516 1031 ἀγαγὼν,
2556 962 2644 1015 ἵνα
2667 962 2826 1028 δείξω
2871 962 3022 1032 αὐτῴ
3049 963 3132 1015 ὅτι
3156 966 3185 1016 ὁ
3212 963 3376 1033 νόμος
3412 965 3482 1019 τὰ
3515 965 3610 1019 τοῦ
3639 966 3727 1019 νό-

2154 1062 2255 1117 μου
2285 1046 2567 1116 ἀνέτρεπε,
2593 1045 2686 1098 καὶ
2702 1045 2864 1108 αὐτὸς
2880 1047 2958 1108 είς
2982 1046 3172 1099 ἐαυτὸν
3201 1046 3322 1100 οὕτε
3348 1046 3412 1099 τὸ
3442 1048 3725 1115 στάσιμον,

2151 1128 2273 1182 οὔτε
2297 1128 2355 1181 τὸ
2376 1128 2555 1200 ὄρθιον
2584 1124 2729 1199 εἶχεν
2750 1145 2763 1157 ·
2792 1129 2853 1181 οὐ
2883 1128 2992 1196 γάρ
3016 1123 3084 1199 ἦν
3112 1129 3359 1199 ἀλήθεια,
3395 1130 3529 1184 ἀλλά
3575 1134 3724 1185 σκιά·

2154 1214 2337 1265 ἐκεῖνα
2375 1209 2535 1275 σκιά,
2575 1209 2745 1264 ταῦτα
2791 1210 3043 1281 ἀλήθεια·
3095 1213 3276 1265 ἐκεῖνα
3319 1212 3521 1278 τύπος,
3556 1213 3731 1268 ταῦτα

2153 1294 2475 1364 πράγματα.
2513 1296 2608 1347 Ὃν
2632 1293 2766 1365 σέϐῃ
2805 1294 3013 1358 Ἠλίαν,
3038 1293 3096 1346 δν
3126 1294 3431 1365 προσδοκᾷς
3452 1295 3727 1366 ἔρχεσθαι,

2154 1378 2281 1448 περὶ
2302 1370 2362 1429 οὗ
2404 1376 2570 1429 πολὺν
2612 1376 2755 1446 ἔχεις
2792 1376 2882 1429 τὸν
2909 1375 3088 1443 λόγον,
3117 1376 3212 1429 καὶ
3246 1379 3531 1448 προφήτην
3564 1378 3729 1431 αὐτὸν

2154 1459 2360 1523 καλεῖς,
2389 1453 2544 1520 οὗτος
2578 1460 2695 1522 πῶς
2735 1460 2840 1515 ὑπὸ
2869 1459 3102 1530 κόρακος
3133 1460 3390 1530 ἐτρέφετο
3409 1477 3423 1525 ;
3444 1461 3476 1512 6
3501 1461 3610 1531 γάρ
3638 1463 3729 1515 κό-

2152 1544 2255 1617 ραξ
2298 1543 2438 1598 κατά
2474 1545 2565 1596 τὸν
2597 1544 2761 1612 νόμον
2805 1543 3136 1614 ἀκάθαρτος.
3161 1544 3256 1597 καὶ
3299 1542 3471 1608 οὕτως
3496 1546 3525 1597 ὁ
3563 1547 3729 1615 νόμος

2150 1628 2499 1699 διηγόρευσεν
2530 1626 2838 1698 ἀκάθαρτον
2869 1621 3009 1679 εἶναι
3039 1626 3128 1679 τὸν
3179 1625 3411 1697 κόρακα.
3454 1627 3565 1680 Καὶ
3611 1627 3729 1693 πῶς

2151 1708 2243 1765 οὖν
2275 1713 2304 1764 6
2330 1712 2616 1782 προφήτης
2654 1710 2911 1780 ἐτρέφετο
2948 1709 3052 1762 ύπὸ
3087 1707 3182 1761 τοῦ
3222 1707 3530 1779 ἀκαθάρτου
3560 1712 3729 1781 κόρα-

2154 1812 2276 1859 κος;
2318 1796 2367 1849 εί
2394 1794 2503 1865 γάρ
2529 1796 2557 1847 6
2594 1793 2759 1864 νόμος
2808 1792 3116 1863 ἀκάθαρτον
3170 1792 3259 1845 τὸν
3307 1792 3515 1864 κόρακα
3548 1794 3725 1862 ἔλεγε,

2154 1880 2371 1942 πάντως
2403 1881 2431 1931 6
2458 1879 2522 1930 ἐκ
2557 1876 2650 1930 τοῦ
2684 1876 2920 1948 κόρακος
2958 1875 3294 1948 τρεφόμενος
3330 1877 3639 1948 ἀκάθαρτος
3662 1878 3730 1931 ἂν

2153 1962 2260 2031 εἴη.
2308 1960 2469 2014 ⁹Αλλά
2491 1959 2649 2013 τοῦτο
2682 1960 2782 2012 οὐκ
2819 1955 2907 2030 ἦν,
2944 1959 3145 2026 ἄπαγε,
3176 1961 3250 2030 μὴ
3286 1961 3525 2028 γένοιτοί
3556 1963 3673 2015 ἀλλ’
3699 1966 3728 2016 6

2166 2046 2350 2109 Ἠλίας
2378 2043 2483 2098 ὐπὸ
2509 2044 2742 2115 κόρακος
2783 2036 3060 2114 ἐτρέφετο,
3096 2043 3247 2095 οὐδὲν
3280 2045 3589 2115 ἀκάθαρτον
3620 2049 3727 2100 τῶν

2154 2130 2258 2183 ὐπὸ
2292 2129 2495 2199 Κυρίου
2527 2126 2853 2180 κτισθέντων
2873 2123 3280 2197 νομίζων.Ἐἷτα
3306 2129 3509 2182 ἐκεῖθεν
3531 2170 3545 2191 ,
3575 2130 3728 2183 ἐπει-

2151 2213 2215 2284 δὴ
2279 2211 2469 2283 χρόνος
2506 2209 2710 2280 διῆλθε,
2744 2210 2838 2261 καὶ
2872 2207 3056 2261 λοιπὸν
3085 2209 3113 2261 ὀ
3153 2210 3397 2280 ποταμὸς
3430 2212 3726 2284 ἐξηράνθη,

2153 2280 2356 2366 ἐγείρει
2388 2294 2479 2348 τὸν
2513 2293 2798 2363 προφήτην
2826 2294 2906 2355 εἰς
2937 2292 3165 2363 τροφήν.
3204 2294 3451 2346 Ἀπελθε
3474 2334 3488 2352 .
3522 2280 3726 2364 φησὶν,

2152 2381 2239 2444 εἰς
2265 2377 2535 2445 Σαρεερθὰ
2568 2372 2674 2441 τῆς
2722 2374 3030 2441 Σιδωνίας,
3081 2375 3181 2428 καὶ
3232 2375 3587 2443 ἑντελοῦιιαι
3621 2394 3731 2445 γυ-

2152 2461 2312 2516 ναικί
2338 2458 2494 2528 χήρᾳ
2527 2457 2634 2512 τοῦ
2665 2457 3001 2526 διατρέφειν
3023 2472 3097 2512 σε
3133 2458 3293 2511 ἐκεῖ·
3314 2458 3471 2512 τοῦτο
3506 2460 3562 2513 δὲ
3590 2460 3733 2514 κατά

2152 2562 2273 2598 τινα
2306 2541 2614 2612 οἰκονομίαν
2639 2542 2667 2593 ὁ
2696 2541 2826 2604 Θεὸς
2861 2540 3054 2594 ἐποίει.
3101 2541 3320 2612 Ἐπειδὴ
3344 2542 3451 2613 γάρ
3480 2543 3580 2595 οὐκ
3612 2545 3730 2613 ᾔδει

2166 2626 2350 2690 Ἠλίας
2378 2624 2446 2679 τὰ
2484 2624 2861 2695 γινόμενα
2885 2624 2963 2677 ἐνί
2990 2623 3099 2694 γάρ
3126 2623 3274 2694 τόπῳ
3305 2626 3613 2689 ἐκαθέζετο,
3630 2629 3733 2680 οὐκ

2154 2710 2348 2763 ἔϐλεπε
2371 2710 2469 2780 τὴν
2499 2706 2880 2777 οἰκουμενικὴν
2911 2705 3213 2778 συμφοράν,
3241 2707 3357 2771 πῶς
3396 2709 3574 2763 πάντα
3607 2711 3735 2782 ἐξη-

2156 2794 2360 2866 ράνθη,
2412 2791 2528 2855 πῶς
2584 2791 2641 2844 αἱ
2692 2789 2905 2861 λίμναι,
2952 2792 3067 2852 πῶς
3104 2792 3152 2843 οί
3188 2793 3455 2861 ποταμοὶ,
3499 2794 3616 2857 πῶς
3666 2795 3734 2848 τά

2156 2876 2316 2946 φυτά,
2354 2874 2471 2937 πῶς
2495 2874 2563 2928 τὰ
2602 2872 2949 2945 δένδρα,πῶς
2981 2873 3049 2926 τά
3083 2873 3254 2945 ἄωρα,
3292 2876 3408 2939 πῶς
3430 2876 3496 2928 τά
3520 2875 3731 2948 ὤριμα,

2157 2959 2272 3024 πῶς
2314 2957 2383 3013 τὰ
2434 2957 2707 3028 ἔγκαρπα,
2744 2956 2865 3019 πῶς
2910 2955 2981 3009 τὰ
3025 2957 3290 3028 ἄκαρπα,
3331 2959 3447 3022 πῶς
3479 2960 3549 3011 τά
3582 2962 3736 3031 παρά

2156 3044 2378 3112 πηγαῖς,
2413 3041 2482 3094 τὰ
2516 3039 2665 3111 παρά
2703 3038 2919 3111 λίμναις
2969 3039 3077 3093 τῶν
3129 3040 3355 3103 ὑδάτων,
3382 3042 3480 3113 τήν
3529 3041 3736 3095 ἅλωσιν

2154 3129 2263 3182 τῶν
2290 3126 2527 3196 πτηνῶν,
2561 3124 2669 3177 τῶν
2698 3124 2939 3194 κτηνῶν,
2970 3124 3077 3177 τῶν
3102 3124 3275 3179 ἄλλων
3316 3126 3591 3189 ἁπάντων,
3624 3127 3737 3181 τῶν

2157 3210 2383 3264 παιδίων
2441 3210 2533 3263 τὸν
2579 3208 2805 3263 θάνατον
2828 3247 2842 3269 ,
2882 3207 2991 3260 τῶν
3055 3209 3306 3281 μητέρων
3363 3211 3488 3273 τοὺς
3549 3212 3740 3264 ὀλολυ-

2156 3295 2351 3363 γμοὺς,
2396 3292 2496 3363 τήν
2541 3291 2923 3361 οἱκουμενικὴν
2956 3290 3171 3361 ἐκείνην
3219 3293 3737 3364 συμφοράν),ἐγεῑ-

2161 3395 2243 3449 ρει
2274 3375 2434 3429 αὐτὸν
2463 3377 2491 3428 6
2526 3375 2689 3439 Θεὸς,
2720 3373 2816 3427 καὶ
2851 3376 2995 3427 ποιεῖ
3017 3375 3177 3429 αὐτὸν
3203 3377 3428 3448 ἄπειρον
3453 3379 3557 3448 γῆν
3587 3379 3738 3432 ὁδεῦ-

2160 3478 2250 3513 σαι
2279 3458 2485 3512 ἐκεῖθεν
2507 3458 2611 3521 ἕως
2649 3457 2898 3522 Σιδῶνος,
2932 3458 3019 3511 ἵνα
3053 3457 3153 3512 κᾶν
3173 3459 3344 3524 οὕτως
3379 3459 3501 3513 ἰδὼν
3548 3462 3739 3527 Ἠλίας

2155 3543 2227 3597 τά
2271 3543 2565 3613 γινόμενα,
2617 3539 2822 3613 ἀξιώσῃ
2874 3540 2965 3594 τὸν
3002 3543 3281 3613 Δεσπότην
3329 3544 3494 3598 αὐτοῦ
3551 3546 3738 3601 δοῦναι

2159 3626 2330 3680 ύετόν.
2363 3625 2575 3695 Πέμπει
2601 3619 2693 3677 οὖν
2725 3624 2886 3677 αὐτὸν
2918 3624 3007 3677 διὰ
3046 3625 3205 3679 τούτο
3233 3626 3331 3698 τὴν
3376 3628 3594 3698 μακρὰν
3617 3630 3740 3683 ὁδὸν

2158 3713 2391 3783 ἐκείνην,
2428 3710 2524 3780 οὐχ
2557 3708 2633 3773 ὡς
2666 3709 2740 3780 μὴ
2781 3708 3076 3780 δυνάμενος
3116 3711 3277 3764 αὐτὸν
3311 3713 3427 3765 ἐκεῖ
3457 3713 3682 3784 τρέφειν
3708 3717 3739 3768 6

2158 3796 2311 3859 Θεὸς,
2342 3795 2455 3848 ἀλλ’
2483 3794 2558 3857 ὡς
2587 3791 2755 3846 θέλων
2789 3793 3054 3858 ἐπιδεῖξαι
3093 3794 3170 3865 τῷ
3208 3795 3361 3868 Ἠλίᾳ
3394 3796 3489 3868 τήν
3522 3816 3740 3868 συμφο-

2164 3880 2283 3952 ρὰν,
2319 3879 2405 3932 ἴνα
2436 3875 2642 3948 ἀξιώσῃ
2676 3873 2826 3948 [755]
2854 3876 3015 3928 αὐτὸν
3060 3879 3188 3948 περί
3218 3877 3435 3949 βῳχῆς.
3475 3880 3740 3935 Ἠδύνατο

2162 3963 2260 4033 μὲν
2292 3961 2401 4033 γὰρ
2430 3961 2524 4014 καὶ
2561 3958 2722 4021 αὐτὸς
2752 3959 2922 4029 χωρὶς
2953 3957 3165 4022 τούτου,
3200 3960 3315 4013 ἀλλ’
3341 3962 3440 4015 ούκ
3471 3963 3741 4033 ἠθέλησεν
3800 3988 3809 4005 ο

2161 4038 2401 4117 ὑϐρίζειν
2453 4044 2544 4096 τὸν
2585 4044 2715 4097 ι’διον
2746 4044 2985 4111 οἰκέτην,
3027 4043 3135 4096 τῶν
3179 4044 3278 4113 μὲν
3317 4046 3502 4098 κακῶν
3528 4050 3743 4101 ἐκεῖνον

2160 4129 2328 4191 ἐάσας
2372 4123 2513 4179 εἶναι
2550 4125 2808 4198 πρόξενον
2828 4165 2842 4190 ,
2872 4125 2980 4179 τῶν
3007 4126 3063 4178 δὲ
3102 4126 3322 4194 ἀγαθῶν
3358 4130 3549 4182 ἑαυτόν
3569 4147 3583 4160 ·
3617 4132 3739 4184 ἀλλ’

2160 4212 2430 4282 ἐξεδέχετο
2455 4208 2553 4280 τὴν
2585 4209 2678 4263 τοῦ
2725 4210 2909 4263 δούλου
2943 4212 3306 4282 παράκλησιν.
3330 4208 3463 4266 Εἶτα
3486 4214 3611 4266 οὐδὲ
3640 4214 3743 4270 06-

2157 4312 2265 4358 τως
2296 4296 2502 4355 ἐκεῖνος
2544 4292 2884 4362 ἐκάμπτετο,
2917 4293 3052 4346 ἀλλά
3099 4295 3328 4364 ἀπονοία
3352 4296 3457 4348 τινὶ
3483 4303 3506 4330 ε
3539 4314 3744 4370 κεχρη-

2163 4382 2323 4451 μένος
2354 4379 2526 4441 οὐτως
2564 4377 2775 4441 ἐϐάδιζε
2807 4376 2904 4448 τὴν
2931 4377 3077 4440 ὁδὸν,
3106 4379 3481 4449 ἀσπλαγχνίαν
3510 4382 3743 4451 περιϐε-

2159 4465 2461 4535 ϐλημένος,
2494 4460 2709 4525 οὐδενὸς
2760 4460 2914 4527 λόγον
2954 4460 3275 4531 ποιούμενος
3303 4479 3316 4490 ·
3349 4462 3535 4533 ὥσπερ
3580 4462 3742 4519 εἷπον

2158 4548 2267 4617 γὰρ
2310 4544 2417 4597 ἀπὸ
2471 4542 2632 4613 ζήλου
2663 4543 2882 4613 ἐμέθυε.
2914 4540 2979 4593 Τί
3011 4542 3407 4614 ἀπονενόησαι,
3452 4545 3646 4618 Ἠλίας
3685 4546 3742 4600 τι

2158 4627 2426 4696 τοσαύτην
2454 4624 2690 4679 ἐνεδύσω
2720 4621 3151 4694 ἀπανθρωπίαν;
3181 4624 3390 4692 ἐκδεξαι
3415 4627 3617 4694 ὀλίγον,
3646 4628 3750 4681 καὶ

2159 4710 2462 4781 ἐλεγχθήση
2512 4708 2604 4762 καὶ
2658 4696 2818 4772 αὐτὸς
2877 4707 2982 4761 ὐπὸ
3027 4709 3301 4780 ἁμαρτίαν
3344 4708 3438 4765 ὧν.
3485 4713 3587 4766 Διὰ
3636 4712 3743 4785 τήν

2158 4794 2435 4866 ἁμαρτίαν
2449 4793 2556 4845 τῶν
2585 4791 2931 4844 ἐνοικούντων
2969 4791 3179 4861 αὐχμὸν
3211 4792 3493 4856 ἐκάλεσας,
3529 4795 3625 4847 καὶ
3648 4798 3748 4850 ού-

2163 4876 2319 4949 ρανὸν
2344 4875 2610 4937 ἕκλεισας,
2642 4875 2736 4927 καί
2756 4874 2861 4945 γῆν
2894 4874 3247 4944 ἐχαλίνωσας,
3277 4877 3371 4928 καὶ
3414 4876 3507 4929 τὸν
3535 4878 3745 4948 δρόμον

2157 4961 2258 5030 τῆς
2287 4959 2501 5029 φύσεως
2535 4957 2864 5028 ἐκράτησας,
2890 4958 2984 5009 καὶ
3006 4957 3128 5009 ούδέ
3155 4957 3385 5023 ἀξιῶσαι
3408 4958 3589 5027 βούλει
3607 4963 3746 5032 περὶ

2158 5044 2267 5095 τῶν
2295 5041 2674 5113 γεγενημένων
2701 5057 2714 5106 ;
2735 5040 2926 5110 μετ’οὐ
2962 5039 3097 5092 πολύ
3129 5041 3222 5093 καὶ
3243 5042 3403 5104 αὐτὸς
3431 5042 3749 5117 ἐλεγχθήσῃ

2161 5127 2265 5182 ὑπὸ
2294 5126 2565 5197 ἁμαρτίαν
2596 5124 2691 5187 ὢν,
2719 5125 2813 5177 καὶ
2842 5123 3248 5195 φιλανθρωπίας
3272 5123 3448 5194 τυχὼν
3472 5127 3624 5198 παρά
3645 5129 3747 5181 τοῦ

2161 5211 2429 5265 Δεσπότου
2461 5226 2575 5269 σου,
2599 5209 2686 5260 ἵνα
2722 5207 3229 5280 φιλανθρωπότερος
3255 5208 3388 5280 γένῃ
3430 5212 3562 5280 περὶ
3611 5215 3748 5276 τοὺς

2162 5293 2479 5357 συνδούλους
2507 5310 2620 5346 σου.

2225 5380 2248 5410 ε
2278 5377 2562 5437 Legendum
2581 5374 2784 5437 omninq
2798 5387 2907 5422 cum
2926 5388 3039 5422 mss.
3066 5374 3294 5437 omnibus
3317 5381 3367 5421 ρι
3396 5389 3549 5435 marg.
3575 5376 3741 5424 Savil.

2157 5434 2472 5489 παιδεύονται·
2496 5450 2603 5485 nam
2622 5434 2938 5496 πιστεύονται,
2955 5443 3009 5485 ut
3026 5436 3270 5485 habebant
3288 5437 3427 5497 editi,
3454 5434 3751 5487 uallatam):

2159 5503 2359 5564 quadrat
2388 5500 2448 5548 ad
2472 5500 2603 5564 hunc
2622 5497 2801 5545 locum.

2225 5562 2252 5602 τι
2274 5563 2426 5611 Savil.
2453 5561 2586 5609 οὐδέν
2609 5574 2686 5606 σοι
2710 5574 2759 5619 μ.
2779 5574 2831 5605 π.
2852 5575 2896 5605 τ.
2919 5559 2976 5616 ἇς
2999 5558 3053 5606 06
3074 5574 3118 5619 γ.
3150 5558 3208 5617 ἔ.;
3229 5558 3431 5607 παιδίων
3448 5576 3560 5608 κατ.
3582 5577 3626 5608 τ.
3658 5562 3711 5608 ἀ.
3733 5598 3747 5618 ,

2165 5624 2223 5675 In
2247 5638 2397 5684 marg.
2421 5640 2463 5685 γ,
2488 5624 2549 5677 ἐ.,
2570 5621 2625 5685 06
2643 5619 2834 5679 παιδίας
2859 5621 3021 5685 καί-ού
3047 5622 3174 5682 μέλει
3198 5637 3274 5685 σοι
3297 5622 3403 5683 περί
3423 5624 3520 5685 τῷν
3542 5622 3748 5685 ᾁπο).λ.;

2231 5691 2254 5717 θ
2278 5681 2492 5762 Sig—55v.
2521 5693 2572 5734 ρι
2595 5683 2692 5733 duo
2712 5694 2825 5730 mss.
2852 5683 3028 5731 melius
3051 5681 3195 5743 Quam
3231 5681 3459 5743 Μαι-(τιυὶ
3480 5681 3624 5731 hbet
3650 5686 3749 5731 πο-

2166 5766 2232 5812 νφ
2256 5765 2360 5797 τινι.
