4080 6198
430 136 535 194 ἹΞἿ

430 265 538 307 ιιοιι
572 251 652 305 vis
676 252 933 321 rqnaieui
955 252 1176 308 Domino
1196 262 1249 309 et
1275 269 1429 310 servo
1454 256 1762 327 dignitatem
1787 258 2002 327 largiri?

430 339 545 395 Noti
574 352 822 408 precatur
866 344 951 399 ille
993 359 1165 415 neque
1192 356 1361 415 rogat,
1393 347 1486 401 sed
1529 349 1744 403 Verbum
1776 349 2011 403 veritatis

430 432 653 502 profert,
673 444 723 491 et
744 436 932 490 cadum
953 437 1167 491 claudlt.
1189 438 1292 492 Ora
1313 440 1559 508 primum,
1579 441 1748 496 Helia.
1765 442 1867 496 Sed
1885 441 2011 511 quid

431 525 722 593 respondet
754 527 971 589 Helias?
1007 529 1137 583 Novi
1170 530 1448 585 Dominum
1477 541 1652 587 meum
1682 549 1767 587 me
1793 533 2011 587 exaudi-

431 623 609 669 tunim
635 630 756 671 esse
780 633 793 669 :
820 617 939 673 zelo
976 628 1152 673 motus
1183 621 1282 676 hoc
1307 621 1463 676 facio.
1504 623 1548 677 Ο
1593 639 1703 678 rem
1744 639 1932 677 novam
1959 634 2013 680 et

431 706 793 775 impendam?
821 709 994 765 vidisti
1037 711 1317 769 Dominum
1347 716 1487 769 servi
1520 715 1882 770 benevolentia
1923 732 2012 771 su-

431 799 717 865 peratum?
744 800 952 856 Etenim
985 803 1160 859 flelias
1188 820 1378 875 magno
1404 807 1519 860 zelo
1544 819 1718 863 motus
1746 808 1845 863 hoc
1866 809 2007 863 fecit.

432 884 661 943 Videbat
686 888 829 944 enim
870 890 1031 945 multa
1070 893 1298 947 absurda
1340 895 1493 950 fieri:
1527 897 1738 950 videbat
1780 898 2010 952 fornica-

433 981 630 1037 tionem
656 996 777 1036 eum
803 983 966 1037 multa
996 985 1195 1040 malitia
1222 988 1579 1057 coniunctam.
1603 988 1714 1044 Nox
1735 1000 1869 1053 erat,
1891 1007 2010 1059 qua:

433 1077 603 1125 totum
624 1073 807 1128 orbem
836 1076 1130 1145 occupabat
1159 1094 1173 1129 :
1206 1078 1374 1133 nubes
1393 1079 1705 1134 densissima
1738 1082 2012 1150 operiebat

431 1163 633 1217 omnia.
662 1162 861 1221 Omnes
892 1168 1031 1221 enim
1069 1168 1138 1224 ad
1176 1171 1373 1225 malum
1411 1174 1765 1241 proruebant:
1800 1176 2012 1229 univer~

430 1253 541 1307 sale
584 1254 913 1326 naufragium
952 1269 1087 1327 erat,
1133 1276 1237 1314 non
1285 1276 1565 1331 aquarum,
1598 1264 1690 1318 sed
1741 1265 2004 1319 libidinis:

384 1396 387 1399 η
429 1347 775 1415 temperantia
823 1347 1115 1417 eliminata,
1162 1351 1564 1421 intemperantia
1616 1356 2005 1425 triumphabat:

428 1438 597 1493 virtus
648 1440 969 1510 pellebatur,
1000 1443 1183 1498 vitium
1231 1445 1499 1513 vigebat:
1544 1448 1729 1513 colles,
1777 1459 2003 1517 montes,

426 1529 615 1595 saltus,
648 1531 765 1597 viai,
790 1536 1169 1602 promptuaria,
1198 1550 1293 1591 aer
1324 1536 1695 1605 polluebantur
1718 1556 1729 1590 :
1754 1539 1833 1593 sol
1867 1540 2004 1592 offu-

427 1620 696 1685 scabatur,
762 1631 904 1678 terra
956 1624 1271 1689 ftedabatur,
1335 1629 1523 1682 caelum
1589 1629 2000 1699 dwpiciehatur,

429 1721 670 1767 creatura
696 1714 871 1768 omnis
915 1730 980 1771 ex
1028 1716 1321 1771 idololatria
1368 1718 1770 1775 intirinabatur:
1807 1735 1904 1775 ceu
1952 1720 2003 1774 in

427 1811 586 1857 nocte
632 1819 819 1859 omnes
864 1806 1235 1875 ambulabant,
1282 1825 1386 1864 non
1438 1811 1775 1866 attendentes
1827 1828 2003 1866 rerum

428 1904 676 1950 naturam
703 1914 717 1951 :
740 1897 970 1966 lapidem
1014 1901 1281 1968 videbant,
1314 1911 1370 1957 et
1403 1912 1463 1956 ut
1494 1905 1658 1958 Deum
1684 1904 2001 1959 adorabunt:

428 1983 629 2055 lignum
672 1988 1049 2058 rcSpiciebant,
1081 2003 1136 2044 et
1162 1992 1263 2047 hoc
1287 1994 1532 2047 similiter
1560 1995 1723 2049 Deum
1754 2011 1873 2050 esse
1905 2013 2003 2064 pii-

428 2075 630 2129 tabaut.
657 2075 772 2132 Nox
815 2079 936 2133 illos
973 2079 1289 2136 densissima
1330 2084 1621 2153 occupabat
1652 2104 1666 2139 :
1695 2085 2000 2141 Creatorem

426 2164 695 2232 videbant,
733 2176 789 2222 et
825 2179 1096 2224 creaturas
1128 2172 1440 2228 adorahant.
1471 2175 1648 2229 llclias
1685 2177 1830 2232 solus
1865 2188 2000 2243 erat,

425 2255 514 2323 qui
553 2256 821 2312 lucernam
850 2261 1058 2316 virtutis
1094 2262 1339 2329 habebat,
1370 2266 1421 2319 iii
1459 2266 1789 2337 philosophia
1824 2284 1921 2324 ceu
1948 2271 2000 2324 in

425 2349 622 2402 montis
648 2352 845 2405 vertice
877 2353 1088 2420 sedens,
1111 2370 1173 2409 ac
1211 2371 1268 2410 sc
1305 2372 1582 2426 exercens,
1612 2360 1756 2413 soliis
1784 2360 1999 2415 lucerna
2048 2410 2055 2427 ι

425 2437 636 2504 pietatis
667 2440 998 2497 instructus:
1035 2446 1299 2499 neminem
1345 2456 1518 2502 tamen
1564 2447 1678 2503 haec
1720 2450 1808 2504 lux
1851 2450 2003 2519 juva-

423 2524 534 2591 bat,
565 2529 704 2599 quod
748 2530 800 2584 in
830 2546 1023 2603 sopore
1049 2534 1121 2605 illi
1154 2535 1427 2605 degerent.
1459 2548 1512 2592 et
1539 2539 1831 2594 idololatria
1859 2542 1999 2596 dcti-

420 2631 695 2675 nerentur.
725 2604 1154 2683 Excaiidesccbat
1178 2604 1351 2698 itaque
1383 2628 1579 2695 llclias,
1612 2631 1996 2701 dissecabatur,

421 2710 829 2779 laineniabatur,
855 2716 1014 2770 verba
1044 2717 1313 2784 fundebat,
1334 2721 1547 2775 nemine
1574 2722 1850 2789 audiente;
1876 2723 2000 2777 hor-

423 2802 634 2855 tabatur
683 2806 895 2859 nemine
941 2808 1173 2861 animum
1232 2809 1514 2864 adhibcute
1555 2829 1569 2865 :
1617 2811 1829 2867 demum
1882 2813 1998 2868 zclo

421 2902 742 2960 commotus,
760 2896 877 2949 illos
901 2899 1159 2969 castigare
1186 2910 1238 2954 et
1260 2901 1473 2956 erudire
1502 2903 1683 2967 voluit,
1711 2912 1765 2958 ut
1784 2905 1997 2960 tandem

420 2976 561 3036 ftinie
591 2984 940 3051 tabescentes,
972 2989 1215 3055 precibus
1252 2991 1317 3044 ad
1346 2991 1649 3047 Creatorem
1689 2994 1916 3064 adirent,
1941 3005 1998 3050 ut

422 3070 589 3126 fames
613 3089 981 3145 arguincnium
1021 3078 1232 3150 pietatis
1270 3082 1374 3138 illis
1398 3094 1559 3140 esset.
1604 3085 1765 3152 Nihil,
1805 3087 1992 3157 inquit,

420 3159 540 3216 illos
564 3167 848 3223 emendare
892 3180 1085 3238 potest,
1116 3173 1214 3226 nisi
1254 3172 1458 3229 fames:
1491 3176 1567 3231 sic
1592 3178 1756 3244 enim,
1803 3179 1993 3249 inquit,

420 3255 650 3326 undique
693 3263 949 3329 angustiis
990 3266 1265 3327 coarctati,
1304 3266 1369 3320 ad
1414 3268 1650 3321 omnium
1685 3269 1993 3326 Creatorem

418 3346 740 3418 confugient.
767 3350 901 3419 Quid
928 3353 1082 3422 igitur
1103 3355 1318 3411 Helias?
1350 3356 1492 3423 Vivit,
1521 3359 1702 3430 inquit,
1728 3359 1991 3427 Dominus,

418 3435 462 3489 si
490 3440 581 3490 erit
611 3440 799 3507 pluvia,
818 3442 913 3495 nisi
944 3460 1033 3513 per
1058 3460 1112 3497 os
1139 3463 1318 3498 meum.
1340 3448 1478 3501 Exiit
1505 3449 1774 3518 propheta:
1793 3465 1991 3520 sermo,

418 3536 473 3580 et
497 3529 671 3580 Statim
703 3548 794 3584 aer
824 3544 1055 3588 mutatus
1092 3545 1194 3601 est,
1225 3538 1410 3591 caelum
1433 3555 1637 3593 tenequ
1668 3539 1860 3595 factum
1889 3553 1991 3608 est,

416 3632 522 3670 non
555 3628 751 3673 mutata
778 3622 981 3685 n-itura‘,
1011 3625 1103 3679 sed
1134 3626 1398 3682 refrenata
1428 3628 1542 3698 ejus
1565 3630 1787 3685 virtute:
1814 3633 1990 3687 statim

418 3710 681 3766 elementa
712 3716 1080 3771 transformata
1108 3730 1258 3772 sunt:
1289 3721 1477 3776 cecidit
1504 3724 1771 3794 prophetae
1789 3742 1988 3794 sermo,

415 3803 561 3869 quasi
586 3801 746 3858 febris
768 3809 1028 3877 quaedam,
1045 3810 1095 3863 in
1124 3811 1321 3866 viscera
1347 3823 1521 3877 terrm,
1538 3826 1590 3869 et
1610 3818 1784 3871 omnia
1810 3822 1988 3875 statim

414 3894 813 3961 exarescebant,
865 3900 1042 3954 omnia
1086 3900 1478 3967 desolabautur,
1531 3909 1704 3961 omnia
1732 3909 1988 3965 deleban-

413 3988 534 4037 tur:
577 3985 825 4041 videbant
856 3988 1047 4044 herbas
1084 3992 1361 4048 confestim
1392 3996 1737 4064 exarethctas,
1781 4017 1985 4057 necnon

413 4074 641 4143 plantas,
671 4078 997 4151 arboresque
1025 4091 1128 4137 tam
1158 4084 1474 4153 fructiferas,
1502 4103 1657 4158 quam
1694 4090 1986 4146 infructuo-

412 4178 520 4230 sas,
554 4185 671 4237 qua:
699 4168 752 4223 in
782 4173 1005 4241 campis,
1039 4188 1155 4243 qute
1181 4191 1365 4231 versus
1405 4195 1583 4244 mare;
1627 4182 1803 4235 omnia
1844 4183 1986 4239 illico

410 4256 571 4323 sicca,
600 4276 814 4315 onmem
846 4273 1055 4323 :etatcm
1101 4268 1276 4321 anima
1324 4269 1596 4337 pricditain
1625 4272 1981 4339 deficientem,

411 4362 694 4417 pueromin
721 4354 996 4423 gemitum,
1045 4371 1271 4412 mairum
1318 4360 1521 4428 fletum,
1559 4363 1982 4432 desperationem

409 4441 649 4495 multam.
674 4442 842 4497 lhiiim
867 4446 1139 4516 prophetae
1166 4451 1383 4505 verbum
1405 4455 1554 4518 exiit,
1573 4466 1625 4509 et
1647 4457 1766 4511 vide
1785 4469 1979 4527 quanta

407 4542 684 4598 Operam!"
716 4535 802 4589 sit.
821 4537 1008 4591 Omnia
1032 4539 1208 4609 itaque
1228 4542 1536 4610 interibant,
1556 4548 1699 4613 fera-,
1718 4548 1980 4619 jumenta,

406 4622 653 4687 infantes,
689 4625 952 4697 homines,
975 4632 1240 4699 animalia,
1270 4635 1495 4690 volatilia
1519 4640 1694 4693 omnia
1724 4657 1735 4693 :
1772 4644 1984 4697 univer-

406 4715 517 4770 sale
542 4718 893 4790 naufragium,
922 4733 975 4778 et
1010 4726 1281 4780 calamitas
1310 4737 1473 4783 totum
1502 4732 1655 4786 simul
1684 4748 1982 4803 occupave-

404 4817 487 4861 rat
512 4810 693 4865 orbein
735 4830 749 4866 :
796 4830 953 4869 nemo
996 4820 1327 4882 servabatur.
1356 4823 1448 4877 sed
1493 4839 1679 4880 omnes
1724 4842 1977 4896 aquarum

406 4901 624 4966 penuria
648 4902 1011 4960 moriebantur
1039 4925 1052 4961 :
1082 4913 1392 4964 arescehant
1420 4914 1627 4982 planur,
1659 4917 1848 4979 fontes,
1882 4920 1979 4972 flu-

404 4991 568 5056 mina,
614 4994 759 5050 laciis
792 5016 806 5050 :
836 5000 1011 5052 omnia
1055 5001 1284 5071 denique
1330 5005 1634 5061 interibant.
1670 5008 1977 5066 Uiiivcrsale

403 5083 733 5155 naufragium
766 5098 931 5144 totum
956 5092 1138 5146 orbem
1169 5096 1479 5163 occupabat,
1509 5114 1613 5152 non
1641 5117 1733 5168 per
1761 5119 1972 5170 aquam,

401 5175 493 5229 sed
523 5192 616 5244 per
646 5180 888 5236 imbrium
935 5186 1205 5252 penuriam
1242 5188 1468 5243 :cailum
1500 5189 1713 5261 ligatum
1757 5205 1869 5247 erat
1913 5212 1977 5251 ac

402 5269 611 5334 penitus
639 5271 1004 5338 cohibebatur,
1037 5293 1356 5348 omnemque
1386 5291 1625 5335 naturain
1658 5295 1971 5339 mutaverat.

399 5356 585 5410 Omnia
630 5362 803 5431 itaque.
843 5367 1220 5428 moriebantur,
1248 5381 1303 5423 et
1330 5385 1428 5441 per
1470 5373 1723 5429 divinitus
1769 5377 1973 5432 ittiinis-

401 5461 511 5501 sani
541 5453 671 5505 iram
712 5456 989 5523 peribant:
1021 5462 1197 5516 Helias
1237 5481 1364 5519 vero
1394 5466 1521 5521 nihil
1551 5470 1763 5525 curabat
1797 5492 1809 5525 :
1858 5475 1974 5529 zelo

399 5539 540 5595 enim
584 5547 733 5613 quasi
775 5547 953 5607 ebrius
986 5565 1117 5607 erat.
1148 5555 1331 5611 Omnis
1360 5558 1520 5628 igitur
1557 5562 1635 5615 vel
1690 5562 1965 5620 immatura

1516 139 1584 197 IN
1619 140 1716 197 SS.
1758 141 2032 198 PETRUM
2074 140 2161 195 ET
2191 140 2469 201 unum.

3590 144 3691 201 730

2121 266 2249 309 tetas
2297 258 2517 325 peribat.
2563 257 2697 325 Quid
2751 257 2899 317 facis.
2944 257 3132 312 Helia?
3177 265 3313 320 esto,
3364 261 3694 327 peccaverint

2119 348 2502 414 adolescriitcs,
2533 365 2629 402 cur
2670 349 2897 403 infantes
2942 350 3310 418 castigantur?
3340 359 3476 415 esto,
3510 364 3696 418 pecca-

2120 438 2292 491 verint
2340 439 2599 502 homines,
2633 455 2725 492 cur
2746 439 2980 506 jnmcnta
3013 439 3168 492 simul
3200 439 3541 493 moriuntur?
3578 449 3696 494 tau-

2119 535 2240 580 tune
2293 528 2621 581 iinu'ianitaie
2654 529 2866 581 indiitUs
2902 530 2999 583 es?
3043 529 3170 581 nihil
3218 544 3373 601 curas
3418 530 3693 591 hutiiiiies;

2119 632 2224 669 non
2253 633 2496 681 uxorem,
2530 632 2632 670 non
2667 618 2830 671 filiuni
2862 619 3061 683 habes;
3107 620 3396 674 morientes
3434 620 3584 674 nihili
3618 623 3690 673 fa-

2115 709 2243 761 cis‘.
2272 707 2407 773 Quid
2440 723 2566 777 ergo
2597 709 2734 763 Dens
2755 708 2821 761 ad
2855 709 3048 761 illum?
3091 708 3244 772 Vade,
3276 711 3467 777 inquit,
3496 710 3564 762 ad
3591 712 3695 780 ﬂu-

2116 816 2227 852 men
2258 799 2525 861 Cdorrutli,
2556 810 2598 854 et
2640 802 2931 870 pi‘tl‘clpittm
2968 802 3149 862 corvis,
3187 811 3240 853 ut
3282 812 3330 855 te
3367 802 3586 854 nutriant
3629 802 3696 854 ibi

2115 888 2194 957 (3.
2225 888 2350 958 Reg.
2378 889 2461 941 l7.
2489 890 2565 957 5).
2608 890 2857 944 Libenter
2885 891 3319 960 interrogaverim
3358 891 3597 947 Judaeum
3640 894 3693 948 in

2117 978 2349 1032 medium
2395 979 2702 1045 adductum,
2736 989 2792 1033 ut
2819 980 3097 1034 ostendam
3136 981 3208 1047 ei,
3254 981 3423 1049 legem
3465 998 3548 1047 ea,
3575 998 3693 1051 qua:

2116 1066 2248 1134 legis
2278 1078 2449 1133 erant,
2474 1069 2751 1129 evertisse,
2785 1079 2836 1122 et
2873 1071 3037 1138 ipsam
3084 1086 3256 1140 neque
3297 1072 3395 1126 sibi
3423 1083 3689 1138 constare,

2115 1172 2286 1226 neque
2315 1167 2461 1211 recte
2496 1159 2786 1227 procedere
2812 1176 2824 1211 :
2855 1174 3025 1228 neque
3052 1161 3194 1213 enim
3227 1164 3421 1215 veritas
3439 1172 3571 1225 erat,
3595 1163 3691 1217 sed

2115 1247 2339 1307 umbra,
2396 1247 2482 1300 illa
2536 1259 2688 1300 erant
2741 1250 2943 1313 umbra,
2994 1248 3109 1303 haze
3148 1250 3346 1304 veritas
3400 1261 3558 1317 sunt;
3603 1252 3693 1309 illa

2112 1336 2299 1405 figura,
2334 1337 2446 1392 lure
2490 1354 2576 1392 res
2619 1349 2759 1393 sunt.
2789 1340 2882 1394 llle
2919 1356 3076 1410 quem
3119 1341 3286 1409 colis,
3340 1342 3504 1408 llela,
3533 1359 3690 1414 quem

2114 1437 2393 1481 venturum
2416 1441 2713 1497 exspectas,
2738 1431 2805 1485 de
2831 1447 2936 1500 quo
2966 1433 3129 1486 multa
3159 1433 3317 1487 verba
3348 1433 3497 1499 facis,
3532 1451 3690 1504 quem

2112 1520 2422 1587 prophetam
2452 1536 2628 1586 vocas,
2662 1521 2769 1585 ille,
2797 1525 3031 1592 inquam,
3055 1525 3323 1593 quomodo
3347 1540 3376 1578 a
3396 1541 3559 1582 corvo
3587 1544 3689 1583 tiu-

2112 1612 2405 1666 triebatur?
2433 1628 2551 1665 nam
2576 1630 2769 1667 Corvus
2792 1616 3082 1669 secundum
3107 1616 3274 1686 legem
3308 1619 3547 1687 impurus
3572 1629 3685 1674 est:

2111 1701 2220 1769 ipsa
2276 1702 2358 1756 lcx
2413 1703 2598 1755 statuit
2645 1704 2906 1771 impurum
2954 1719 3074 1758 esse
3123 1720 3361 1759 corvum.
3412 1708 3687 1774 Quomodo

2108 1792 2267 1861 igitur
2288 1793 2540 1861 prOpheta
2572 1795 2637 1848 ab
2666 1794 2874 1862 impuro
2894 1809 3054 1848 corvo
3076 1798 3444 1851 nutriebatur?
3473 1798 3519 1851 si
3540 1815 3688 1851 naui-

2107 1898 2212 1952 que
2240 1884 2322 1936 lex
2353 1884 2623 1952 impurum
2654 1900 2774 1939 esse
2807 1900 3023 1939 Corvum
3053 1887 3205 1949 dixit,
3227 1888 3314 1957 qui
3345 1903 3374 1941 a
3402 1904 3565 1943 corvo
3590 1905 3686 1944 nu-

2109 1976 2385 2040 triebatur,
2413 1976 2651 2044 impurus
2687 1991 2816 2030 sane
2847 1978 3024 2030 luerit.
3062 1978 3252 2032 Verum
3277 1995 3379 2031 non
3416 1980 3483 2032 ita
3517 1996 3601 2035 res
3625 1997 3685 2036 so

2107 2064 2355 2131 habebat,
2384 2068 2556 2131 absu;
2603 2066 2696 2120 sed
2726 2066 2900 2120 llrlias
2923 2082 2954 2119 a
2981 2081 3142 2121 corvo
3174 2069 3522 2135 uu.riehatur,
3555 2072 3684 2127 iiibil

2105 2169 2310 2219 eorum,
2342 2171 2459 2225 quae
2497 2157 2747 2210 Dominus
2787 2159 3010 2220 creavit,
3052 2159 3315 2228 impurum
3352 2162 3680 2216 existimans.

2108 2248 2325 2309 Deinde,
2356 2248 2537 2318 elapsi»
2564 2249 2793 2317 quodam
2834 2258 3091 2320 tempore,
3125 2268 3244 2305 cum
3276 2252 3470 2307 ﬂumen
3509 2258 3682 2310 exsic-

2104 2348 2277 2391 catum
2309 2349 2469 2399 esset,
2495 2340 2806 2407 prophetam
2834 2342 3059 2395 suscitat
3104 2340 3241 2395 Deus
3262 2343 3328 2395 ad
3371 2343 3545 2396 cibum
3590 2361 3683 2399 su-

2104 2428 2374 2483 mendum.
2409 2427 2567 2493 Vade,
2593 2429 2779 2498 inquit,
2808 2431 2861 2481 in
2889 2428 3177 2499 Sareplillia
3201 2431 3447 2498 Sidonia’,
3468 2441 3511 2486 et
3547 2450 3681 2502 pra:-

2102 2519 2287 2588 cipiunt
2310 2519 2504 2572 mulieri
2525 2520 2708 2586 vidum,
2733 2531 2787 2573 ut
2810 2531 2858 2575 te
2881 2522 3066 2574 nutriat
3088 2520 3193 2575 illic
3218 2524 3288 2593 (5.
3317 2522 3445 2594 Reg.
3478 2525 3562 2580 l7.
3592 2526 3680 2595 8):

2101 2608 2203 2663 hoc
2228 2618 2402 2663 autem
2434 2610 2829 2679 dispensatione
2855 2612 3083 2682 quadam
3111 2612 3248 2668 Deus
3276 2613 3520 2669 faciebat.
3548 2617 3679 2683 Quia

2100 2701 2241 2754 enim
2274 2700 2452 2756 Helias
2482 2718 2586 2755 non
2630 2711 2787 2757 norat
2810 2718 2894 2771 ea,
2923 2720 3042 2773 qua:
3073 2715 3197 2760 tunc
3238 2707 3432 2761 fiebant
3462 2709 3679 2778 (quippe

2099 2794 2186 2862 qui
2236 2794 2285 2848 in
2317 2809 2422 2848 uno
2450 2795 2621 2848 solum
2652 2795 2771 2850 loco
2820 2796 3037 2852 sederet
3069 2815 3083 2852 :
3116 2814 3219 2853 nec
3271 2800 3482 2855 videbat
3531 2803 3674 2856 illam

2100 2886 2329 2940 llllth’l‘Si
2358 2886 2502 2940 orbis
2531 2887 2908 2951 calamitatem,
2947 2889 3214 2958 quomodo
3238 2894 3415 2946 omnia
3442 2895 3673 2949 arefacta

2099 2987 2297 3041 CSSenl,
2349 2976 2588 3047 paludes,
2637 2977 2830 3045 fontes,
2885 2979 3125 3048 flumina,
3175 2983 3386 3053 planae,
3435 2987 3674 3057 arbores,

2099 3065 2297 3120 fructus
2337 3069 2551 3135 maturi,
2598 3070 2887 3139 immaturi,
2931 3073 3153 3128 arbores
3192 3074 3476 3132 fructuosa:
3510 3089 3565 3133 et
3594 3081 3676 3134 iii-

2098 3158 2401 3223 fruetuosae,
2432 3176 2550 3230 quae
2581 3163 2721 3215 circa
2752 3163 2946 3228 fontes,
2970 3180 3088 3234 qua:
3112 3166 3252 3220 circa
3294 3177 3478 3237 stagna
3515 3186 3677 3240 aqua-

2098 3262 2236 3314 rum,
2261 3250 2559 3316 volucrum,
2584 3252 2946 3319 jumentoi'uui
2979 3265 3403 3327 creterorumqne
3438 3263 3674 3316 omnium

2097 3339 2389 3405 interitum,
2412 3342 2686 3396 iuianiiiini
2720 3355 2968 3413 mortem,
2989 3357 3214 3402 matrum
3247 3350 3498 3418 ululatus,
3520 3354 3673 3408 istam

2098 3433 2325 3487 universi
2366 3435 2510 3489 orbis
2548 3437 2961 3507 calamitatem),
3005 3442 3198 3497 excitat
3225 3444 3367 3498 illum
3416 3446 3575 3514 Deus,
3620 3459 3674 3503 et

2096 3523 2412 3578 immeo-um
2439 3536 2596 3580 terra:
2619 3531 2845 3598 spatium
2871 3547 3152 3603 peragrare
3167 3535 3317 3605 jubet
3343 3538 3486 3592 illinc
3507 3556 3675 3611 usque

2093 3615 2160 3670 ad
2198 3616 2476 3685 Sidonem,
2506 3630 2562 3674 ut
2591 3622 2659 3675 ita
2682 3637 2800 3676 cum
2831 3625 3055 3689 videret,
3082 3616 3347 3697 quomodo
3378 3645 3466 3684 res
3489 3647 3546 3687 se
3574 3632 3671 3686 ha-

2092 3708 2299 3773 berent,
2333 3724 2643 3779 precaretur
2670 3714 2949 3770 Dominum
2982 3728 3038 3771 ut
3071 3718 3224 3774 daret
3267 3721 3517 3791 pluviam.
3547 3724 3672 3780 Ideo

2094 3802 2251 3870 igitur
2275 3805 2436 3856 mittit
2466 3806 2609 3859 illum
2645 3823 2737 3875 per
2767 3818 2967 3863 tantum
2997 3811 3096 3865 viae
3124 3814 3371 3882 spatium,
3402 3830 3506 3869 non
3528 3819 3670 3887 quod

2092 3907 2196 3945 non
2237 3903 2417 3960 posset
2443 3912 2561 3948 cuin
2595 3897 2701 3951 illic
2725 3899 2888 3964 alere,
2916 3901 3008 3954 sed
3033 3903 3170 3971 quod
3207 3905 3365 3960 vellet
3396 3906 3558 3961 llclize
3582 3924 3665 3962 ca—

2091 3982 2382 4038 lamitatem
2423 3986 2562 4039 illam
2591 3990 2866 4055 exhibere,
2898 4000 2953 4044 ut
2989 4008 3084 4061 pro
3121 3995 3297 4063 pluvia
3338 4011 3521 4065 preces
3552 3997 3670 4051 fun-

2090 4076 2258 4130 deret.
2285 4077 2415 4130 Nam
2464 4088 2669 4147 poterat
2698 4081 2911 4150 quidem
2943 4082 3082 4138 Deus
3111 4085 3225 4138 sine
3275 4087 3423 4141 llelia
3454 4086 3555 4143 hoc
3591 4090 3666 4142 fa-

2088 4181 2233 4231 cere,
2258 4168 2351 4222 sed
2382 4168 2579 4223 famulo
2607 4186 2704 4224 suo
2735 4173 2901 4227 noluit
2939 4177 3312 4230 contumeliam
3358 4178 3573 4245 inferre,
3610 4190 3670 4237 et

2088 4254 2235 4310 illum
2265 4260 2411 4324 mali,
2443 4275 2502 4313 se
2534 4276 2659 4315 vero
2687 4263 2809 4317 boui
2854 4274 3123 4319 auctorem
3156 4267 3429 4335 exhibere,
3467 4271 3561 4325 sed
3588 4271 3667 4325 fa—

2087 4349 2213 4402 muli
2242 4352 2664 4407 obsecrationeiu
2700 4356 3062 4425 exspectabat.
3104 4357 3208 4412 Sed
3249 4374 3316 4413 ne
3355 4362 3423 4413 ita
3451 4361 3663 4430 quidem

2086 4438 2259 4495 adhuc
2304 4441 2392 4496 ille
2434 4443 2767 4509 flectebatur,
2814 4447 2906 4503 scd
2955 4462 3049 4503 seu
3094 4453 3392 4519 arrogantia
3435 4454 3663 4522 quadam

2087 4547 2234 4599 usus,
2287 4536 2387 4590 iter
2433 4539 2659 4607 agebat,
2713 4542 2853 4594 nulla
2905 4550 3080 4595 motus
3128 4544 3509 4613 iniscriciirdia,
3560 4564 3664 4607 nec

2084 4626 2386 4695 quempiam
2429 4644 2662 4685 curans:
2696 4648 2839 4694 nam,
2888 4644 2943 4686 ut
2985 4636 3113 4695 dixi,
3157 4639 3271 4689 zelo
3303 4639 3482 4693 ebrius
3527 4651 3661 4694 crat.

2084 4717 2193 4771 Cur
2218 4719 2437 4782 insanis,
2463 4720 2653 4774 Helia?
2702 4739 2866 4792 quare
2909 4735 3048 4778 tanta
3082 4726 3293 4781 indutus
3322 4743 3381 4781 es
3413 4729 3664 4784 inhuma-

2085 4810 2288 4863 nitate?
2313 4822 2561 4878 exspecta
2587 4815 2873 4882 paulisper,
2897 4824 2950 4869 et
2980 4816 3135 4885 paulo
3162 4829 3274 4887 post
3305 4820 3415 4889 ipse
3446 4834 3663 4888 peccato

2082 4899 2341 4954 obnoxius
2388 4901 2822 4971 deprehenderis.
2885 4906 2966 4960 Ob
3030 4914 3303 4977 peccatum
3367 4912 3661 4967 incolarum

2082 4991 2372 5047 siccitatem
2401 4995 2695 5061 advocasti,
2716 4997 2902 5050 caelum
2923 4998 3182 5067 (‘1:lllalSli,
3200 5012 3394 5057 terram
3418 5005 3657 5069 frenasti,

2083 5094 2285 5137 natura:
2327 5100 2541 5139 cursum
2587 5087 2890 5155 cohibuisti,
2939 5107 3112 5163 neque
3154 5097 3230 5148 vis
3276 5112 3462 5166 rogare
3493 5097 3658 5151 Deiuu

2084 5189 2178 5242 pro
2206 5174 2285 5227 his
2310 5176 2648 5231 anfercndis?
2683 5180 2828 5235 brevi
2852 5191 2904 5235 et
2928 5184 3039 5250 ipse
3072 5188 3121 5237 in
3154 5198 3371 5254 peccato
3412 5202 3530 5241 esse
3571 5205 3660 5242 re-

2081 5267 2375 5339 dargiieris,
2409 5274 2723 5341 veniamque
2766 5275 3072 5345 impetrabis
3118 5292 3147 5329 a
3196 5278 3416 5331 Domino
3461 5288 3571 5345 tuo,
3603 5288 3660 5337 ut

2082 5376 2201 5427 erga
2226 5375 2513 5415 conservos
2546 5373 2662 5416 tuas
2692 5364 2972 5419 humanior
2997 5367 3210 5420 evadas.

2146 5452 2439 5524 ffieliahent
2466 5454 2627 5511 sarit,
2664 5469 2757 5505 non
2782 5471 2990 5524 uxorein
3004 5457 3146 5509 habes
3169 5457 3192 5508 ἵ)
3213 5460 3466 5511 morientes
3487 5473 3660 5524 puero;

2081 5515 2223 5565 iii/iiii
2259 5515 2423 5581 luris}
2457 5526 2503 5565 tu
2530 5532 2683 5581 marg.
2710 5526 2872 5567 autem
2898 5518 3096 5581 legitur,
3118 5534 3207 5570 non
3242 5536 3443 5573 iacerent
3471 5515 3611 5576 habet
3636 5516 3661 5573 2

2080 5590 2171 5628 non
2195 5591 2365 5640 pueros
2382 5576 2406 5630 ζ’
2426 5590 2470 5630 et
2486 5592 2577 5628 non
2593 5576 2711 5629 cura
2733 5580 2817 5631 tibi
2839 5588 2907 5631 est
2934 5576 2993 5630 de
3016 5576 3339 5636 morientibus.
