4080 6198
355 207 450 262 731

415 323 468 374 3.
509 319 612 373 Cur
637 319 860 374 homines
887 318 1167 374 horninibus
1187 317 1466 388 prtefecerit
1496 314 1635 371 Deus
1654 355 1670 382 ,
1699 331 1798 368 non
1820 314 1928 368 Au~

345 414 504 483 gelos.
531 440 600 451 -—
622 411 790 467 Ilodie
819 413 898 466 his
923 412 990 466 de
1018 411 1174 466 rebus
1199 426 1498 466 sermonem
1515 425 1670 464 orsus
1695 424 1810 462 sum
1831 450 1845 472 ,
1878 417 1934 462 ut

345 503 708 566 ostenderem,
738 504 858 558 ideo
885 503 1213 558 sacerdotem
1245 519 1350 556 non
1386 517 1505 555 esse
1543 501 1812 569 angelum,
1839 498 1931 553 sed

348 593 619 651 hominem
649 613 715 651 ex
742 598 954 650 homine
986 609 1187 658 natum,
1220 606 1278 650 ut
1308 612 1373 650 ne
1402 611 1429 647 a
1463 605 1818 664 peccatorttnt~
1843 609 1936 647 ex-

349 698 498 756 perte
525 697 806 756 peccantes
838 688 1243 742 interticiantnr.
1274 685 1404 740 Nam
1431 687 1474 739 si
1507 684 1758 739 sacerdos
1793 694 1934 738 esset

347 778 570 848 angelus
599 779 798 849 peccati
826 793 1022 847 expers
1045 819 1060 844 ,
1093 787 1399 848 peccatores
1432 777 1614 831 statim
1645 779 1936 844 plecteret;

349 872 444 926 sed
478 883 758 941 prepterea
789 871 948 925 homo
969 882 1072 936 est,
1099 880 1156 926 ut
1193 886 1410 924 suorum
1445 870 1694 924 conscius
1729 868 1944 922 morbo-

350 979 510 1028 rum,
565 980 676 1018 sua:
727 975 932 1018 natura:
970 964 1312 1020 cousqrtibus
1357 964 1614 1032 ignoscat.
1673 959 1942 1016 Declaravi

352 1065 556 1122 postea,
611 1055 774 1108 Deum
814 1071 1032 1124 magnos
1063 1057 1222 1108 etiam
1266 1055 1427 1118 viros,
1453 1055 1646 1123 quibus
1693 1053 1942 1122 populum

352 1146 577 1199 multum
627 1148 1034 1201 concrediturus
1064 1157 1198 1212 eral,
1231 1141 1538 1215 permisisSc
1580 1147 1630 1199 in
1671 1154 1944 1214 peccatum

354 1238 484 1303 labi,
520 1239 754 1308 ipsisque
783 1239 991 1292 veniam
1021 1239 1262 1308 largitum
1292 1254 1412 1294 esse
1438 1281 1452 1304 ,
1477 1247 1530 1291 ut
1559 1248 1742 1307 postea
1763 1247 1816 1290 et
1847 1235 1945 1306 ipsi

355 1347 420 1386 ex
457 1330 542 1386 his
579 1333 811 1398 eruditi,
846 1333 1188 1388 humaniores
1227 1332 1493 1387 evadant:
1528 1331 1848 1397 Petrumque
1894 1328 1944 1382 in

355 1423 588 1476 medium
619 1423 852 1488 adduxi,
887 1424 1042 1478 talem
1085 1423 1406 1492 apostolum,
1437 1423 1525 1492 qui
1571 1422 1622 1475 iu
1673 1429 1946 1490 peccatum

360 1513 462 1566 labi
496 1515 788 1582 permissus
816 1523 934 1577 est;
965 1513 1057 1568 sed
1088 1514 1180 1568 Dei
1204 1513 1527 1584 benignitate
1555 1522 1827 1582 peccatum
1856 1527 1950 1580 per

259 1681 265 1686 ν
359 1606 726 1674 paenitentiam
775 1605 993 1660 delevit.
1026 1609 1158 1676 Age,
1194 1605 1260 1660 ad
1306 1606 1511 1661 lleliam
1553 1606 1870 1670 redeamus,
1897 1613 1953 1661 et

361 1708 508 1752 recte
559 1697 816 1752 factorum
859 1697 975 1766 ejus
1026 1698 1242 1767 pelagus
1294 1698 1950 1768 ostendamus:qnoniam

359 1788 576 1848 volebat
597 1786 808 1858 quidem
838 1788 976 1843 Deus
994 1788 1320 1857 benignitate
1343 1790 1436 1855 uti,
1461 1789 1554 1843 sed
1584 1788 1674 1843 ille
1701 1788 1912 1842 nolebat
1936 1805 1950 1842 :

361 1877 578 1932 volebat
620 1879 758 1932 Deus
800 1879 1030 1948 pluviam
1056 1879 1205 1946 dare,
1229 1880 1321 1934 sed
1354 1881 1493 1935 servi
1543 1896 1729 1950 preces
1777 1881 1955 1951 requi-

363 1971 534 2026 rebat.
565 1970 700 2039 Quid
725 1972 881 2042 igitur
903 1971 926 2024 ?
948 1972 1052 2027 lter
1081 1973 1301 2043 perfecit
1329 1982 1495 2028 totum
1527 1974 1733 2039 llelias,
1773 1983 1828 2028 et
1860 1989 1954 2028 ve-

366 2063 442 2115 nit
470 2063 520 2116 in
547 2063 844 2132 S-zrephtha
875 2063 1108 2119 Sidonia:
1128 2106 1142 2129 ,
1175 2065 1410 2134 viditque
1437 2065 1648 2119 viduam
1680 2065 1954 2120 mulierem

367 2152 509 2222 ligna
553 2153 912 2224 colligentem.
940 2154 1034 2209 llic
1077 2155 1206 2209 mihi
1257 2156 1421 2210 llelite
1474 2155 1862 2226 philosophiam
1904 2164 1962 2211 et
2021 2172 2028 2182 '

369 2243 529 2297 ﬁdem
561 2245 946 2300 animadverte.
993 2245 1199 2300 Rursus
1229 2261 1352 2302 eum
1387 2247 1529 2301 aliud
1557 2248 1770 2302 virtutis
1812 2248 1959 2317 pela-

368 2351 470 2404 gus
498 2341 711 2406 excepit
739 2339 776 2388 ¹.
801 2337 915 2391 Non
945 2337 1078 2392 dixit
1109 2338 1218 2393 Deo
1245 2357 1257 2392 :
1289 2339 1366 2392 Ad
1413 2355 1571 2409 quam
1619 2355 1705 2394 me
1755 2340 1962 2394 mittis?

373 2438 519 2481 tanta
549 2445 633 2483 me
677 2428 859 2483 subire
901 2431 1048 2498 cogis
1099 2431 1370 2499 pericula,
1407 2441 1462 2485 et
1499 2431 1566 2486 ad
1618 2431 1830 2486 viduam
1875 2447 1963 2486 me

371 2519 562 2583 mittis,
614 2519 808 2573 famem
858 2520 921 2574 ad
967 2523 1306 2575 extremam?
1342 2537 1519 2577 annon
1568 2533 1694 2579 sunt
1731 2525 1829 2580 viri
1872 2525 1963 2580 alii

373 2611 771 2680 epulentiores,
807 2613 894 2682 qui
928 2623 1149 2682 possunt
1177 2613 1369 2669 famem
1401 2615 1579 2672 levare
1607 2618 1826 2672 meam?
1869 2619 1964 2675 sed

374 2714 520 2756 tanta
548 2714 808 2757 terrarum
841 2706 1008 2774 Spatia
1035 2720 1278 2776 peragro,
1308 2716 1365 2762 ut
1407 2707 1474 2763 ad
1519 2708 1731 2764 viduam
1778 2725 1967 2779 perve-

380 2798 522 2850 niam
545 2839 560 2862 ,
589 2799 654 2852 ad
703 2797 870 2869 ipsam
903 2799 1164 2854 malorum
1193 2801 1550 2856 calamitatem
1577 2818 1592 2866 ;
1616 2817 1716 2857 nec
1764 2813 1967 2858 tantum

379 2891 615 2957 viduam,
645 2892 738 2946 sed
769 2891 927 2946 etiam
961 2893 1337 2963 pauperculam
1363 2894 1386 2947 ?
1409 2895 1786 2951 Animadverte
1824 2895 1968 2966 quod

379 2984 512 3038 nihil
564 2985 751 3039 horum
797 2986 942 3041 dicat
983 2987 1248 3053 famulus;
1280 2986 1476 3042 ﬁdebat
1512 2989 1653 3042 enim
1711 2988 1968 3054 Domino,

379 3075 470 3146 qui
502 3091 585 3141 ea,
615 3092 731 3146 quae
760 3078 870 3132 ﬁeri
904 3093 1008 3133 non
1058 3092 1214 3149 posse
1258 3078 1526 3145 videntur,
1554 3078 1730 3134 facilia
1775 3079 1967 3134 reddit.
2010 3091 2021 3111 κ

392 3165 552 3232 Vade,
583 3167 786 3237 inquit,
817 3169 870 3222 in
897 3169 1188 3240 Sarephtlta
1211 3169 1420 3224 Sidonis
1443 3209 1459 3234 ,
1489 3179 1534 3223 et
1558 3186 1669 3224 ecce
1693 3171 1840 3223 vidua
1871 3187 1974 3223 una

385 3258 527 3328 tigna
551 3259 812 3332 colligens.
841 3261 976 3328 Quid
1020 3260 1240 3327 incedis,
1273 3261 1462 3316 Helia?
1488 3262 1612 3332 quid
1657 3262 1724 3316 ad
1761 3261 1974 3317 viduam

385 3350 671 3405 accurris?
701 3351 877 3406 vidisti
906 3353 1234 3422 paupertatis
1255 3352 1508 3408 vesﬁbula
1527 3393 1542 3418 ,
1576 3369 1642 3407 ne
1683 3354 1974 3422 interroges

397 3453 593 3514 quanta
621 3446 688 3500 sit
737 3447 966 3500 tenuitas
1001 3463 1013 3500 :
1047 3446 1222 3500 vidisti
1272 3447 1598 3516 paupertatis
1650 3446 1972 3516 ingressum,

391 3553 462 3592 ne
499 3552 708 3608 qnzeras
735 3537 858 3608 quid
885 3537 954 3591 sit
994 3538 1152 3592 intus.
1175 3537 1291 3606 Quo
1321 3537 1637 3608 ingrederis,
1671 3537 1860 3593 llelia?
1897 3539 1976 3592 vi-

391 3631 516 3686 disti
548 3632 685 3702 ligna
715 3632 1088 3700 colligentem,
1121 3640 1175 3686 et
1225 3631 1292 3684 ab
1314 3631 1402 3685 illa
1449 3630 1639 3684 nutriri
1688 3630 1966 3700 postulas?

392 3725 639 3777 Attamen
661 3738 783 3776 cum
813 3722 1019 3775 Domini
1052 3721 1211 3776 verba
1247 3721 1298 3775 in
1345 3721 1535 3790 pignus
1572 3721 1822 3788 haberet,
1849 3721 1981 3776 abiit

394 3817 764 3887 alloquuturus
795 3817 1026 3870 viduam.
1053 3816 1114 3870 Et
1144 3815 1269 3885 quid
1299 3815 1413 3868 ait?
1445 3813 1523 3866 Da
1550 3815 1674 3868 mihi
1716 3815 1982 3884 paululum

395 3923 575 3977 agitat,
628 3917 684 3960 ut
729 3907 892 3960 bibam
920 3907 998 3976 (5.
1024 3905 1151 3977 Reg.
1177 3905 1262 3960 17.
1293 3905 1403 3974 10).
1461 3904 1618 3960 Vides
1661 3906 1977 3975 sapientiam

396 3998 607 4054 lleliaz?
633 3997 899 4069 quomodo
942 4013 1045 4051 non
1082 3998 1260 4051 statim
1311 3996 1376 4051 ad
1425 3996 1548 4050 illud
1573 4039 1587 4064 ,
1617 3997 1760 4068 quod
1811 3998 1983 4068 majus

399 4101 538 4157 erat,
571 4090 878 4160 petendum,
906 4089 1000 4144 sed
1023 4089 1088 4143 ad
1117 4089 1189 4152 id,
1219 4088 1360 4160 quod
1392 4089 1548 4143 vilius
1575 4097 1708 4150 erat,
1742 4089 1985 4144 venerit?

400 4179 516 4236 Non
544 4183 694 4246 dixit,
745 4181 816 4236 Da
873 4181 1001 4235 mihi
1051 4170 1276 4250 panem,
1318 4179 1448 4245 scd,
1483 4182 1552 4234 Da
1601 4181 1729 4234 tnihi
1770 4196 1984 4250 aquam.

404 4273 587 4328 Primo
627 4289 818 4342 aquam
873 4274 1036 4342 petit,
1066 4273 1376 4342 eonjectans
1419 4272 1462 4326 si
1511 4287 1701 4341 aquam
1757 4271 1985 4339 habeat,

403 4377 594 4432 panem
654 4363 850 4418 habere
910 4379 1085 4431 posse.
1139 4363 1220 4416 Da
1270 4364 1427 4428 mihi,
1467 4363 1671 4433 inquit,
1725 4365 1988 4434 paululum

405 4471 570 4520 aquae.
621 4455 764 4508 Abiit
811 4455 1003 4520 vidua,
1046 4472 1236 4524 aquam
1295 4457 1432 4520 tulit,
1463 4463 1519 4509 et
1563 4457 1651 4510 ille
1701 4457 1868 4521 bibit;
1920 4457 1992 4510 ita

395 4555 599 4613 sumpta
632 4543 1009 4607 ﬁducia,Sume
1029 4546 1170 4606 mihi,
1197 4546 1396 4613 inquit,
1429 4557 1475 4598 et
1503 4547 1773 4598 buccellam
1802 4547 1946 4616 panis
1974 4587 1987 4612 ,

410 4646 456 4689 et
481 4636 738 4688 comedam
761 4635 922 4708 (Ibid.
949 4651 997 4688 υ.
1025 4636 1132 4703 11).
1158 4625 1574 4704 Ιὶιεερυιιάειῖηςι
1611 4655 1624 4690 :
1664 4635 1792 4690 Vivit
1819 4637 1993 4690 Domi-

415 4745 504 4783 nus
528 4770 542 4792 ,
579 4729 624 4781 si
655 4738 728 4780 est
760 4729 881 4781 mihi
924 4727 1070 4796 panis
1111 4729 1459 4782 subcincritius
1483 4727 1641 4800 (Ibid.
1669 4746 1713 4783 υ.
1744 4731 1862 4799 12),
1899 4731 1996 4784 nisi

415 4820 637 4890 pugillas
658 4821 679 4851 ’
701 4820 883 4889 farina:
907 4820 956 4872 in
985 4820 1187 4888 hydria,
1215 4829 1261 4872 et
1291 4821 1552 4888 paululum
1579 4821 1676 4875 olei
1695 4827 1746 4873 iu
1778 4820 1994 4891 let'ytlto,

414 4927 528 4977 qua:
556 4912 796 4983 faciemus
821 4922 865 4964 et
894 4903 1212 4965 comedenms
1239 4927 1328 4982 ego
1356 4922 1401 4965 et
1450 4913 1546 4980 [illi
1581 4912 1677 4966 mei
1697 4955 1710 4977 ,
1742 4923 1788 4965 et
1815 4913 1998 4965 morie-

414 5021 546 5057 mur.
592 5004 727 5070 Quid
775 5005 933 5075 igitur
981 5005 1194 5060 Helias?
1233 5005 1407 5073 Vade,
1462 5007 1648 5076 inquit,
1674 5017 1719 5060 et
1758 5010 1841 5075 [ac
1877 5005 2002 5059 mihi

415 5095 789 5149 subciueritium
838 5114 1092 5163 seorsum,
1123 5107 1167 5152 et
1217 5099 1514 5160 comedunt;
1542 5107 1590 5151 et
1633 5108 1806 5168 postea
1849 5097 2003 5168 facies

417 5191 537 5256 ﬁliis
567 5189 684 5254 tuis,
715 5200 758 5242 et
785 5191 1063 5244 comedent.
1087 5191 1221 5255 Quid
1249 5190 1396 5255 facis,
1428 5191 1574 5244 llelia
1597 5191 1620 5243 ?
1648 5199 1784 5256 esto,
1811 5205 2002 5258 panem

419 5291 590 5351 petas,
619 5296 716 5335 cur
745 5283 967 5335 seorsim
999 5289 1052 5336 et
1080 5283 1249 5350 prium
1277 5281 1366 5336 tibi
1394 5281 1505 5335 dari
1532 5282 1798 5348 postulas?
1826 5297 2004 5336 annon

413 5376 615 5445 gratias
644 5392 802 5446 agere
830 5376 1078 5442 deberes,
1108 5377 1152 5431 si
1198 5391 1298 5431 una
1343 5391 1462 5430 cum
1509 5375 1628 5429 ﬁliis
1666 5375 1782 5444 ejus
1829 5389 2009 5429 conte-

463 5488 500 5555 _'
541 5495 605 5555 tta
629 5488 801 5555 ξιιμ-ιω
827 5489 873 5555 in
901 5487 1062 5538 Morel.
1088 5495 1253 5555 autem
1289 5495 1341 5538 et
1361 5490 1412 5540 in
1442 5487 1657 5548 uomet,
1682 5501 1848 5540 rursus
1871 5487 2008 5541 aliud

424 5549 612 5623 virtutis
634 5550 738 5623 ejus
763 5551 960 5623 pelagus
985 5549 1288 5623 noseajcipit.

491 5613 509 5642 '
533 5619 592 5680 ,ιιι
619 5609 778 5681 savii,
804 5609 938 5681 siest
962 5615 1079 5667 mihi
1102 5609 1212 5665 nisi
1241 5609 1471 5679 pagillus,
1499 5617 1617 5676 etc,
1655 5615 1830 5665 omissa
1870 5627 2008 5675 voce,

416 5674 562 5743 pani.
586 5674 938 5724 subcmen'tt'us.

1137 205 1187 258 δ.
1223 201 1502 258 JOANNIS
1543 199 2014 257 CllllYSUSTlllll
2057 201 2372 258 AllClllEP.
2415 200 2946 258 (ZONSTANTINOP.

3521 195 3626 255 73!

2040 313 2239 369 dcres?
2269 324 2322 369 ιιι
2355 315 2434 368 vis
2459 315 2743 370 comedere
2767 315 2933 379 solus,
2964 323 3020 371 ct
3047 315 3164 385 ejus
3195 315 3332 371 ﬁlios
3365 317 3503 372 fame
3531 332 3625 370 ne-

2039 422 2162 460 care
2197 408 2234 458 ¹.
2257 405 2478 478 [Necare
2501 423 2603 461 non
2627 407 2776 472 volo,
2793 407 2897 462 sed
2928 407 3165 462 beneﬁce
3193 406 3390 463 habere
3415 407 3536 463 volo
3558 404 3627 480 '.]

2041 499 2170 553 Novi
2200 501 2570 554 liberalitatem
2619 511 2672 556 et
2715 502 2922 570 copiam
2965 501 3174 556 Domini
3217 500 3344 556 mei.
3377 501 3625 556 Attamen

2041 591 2196 644 vidua
2229 607 2332 646 non
2389 592 2592 646 turbata
2647 603 2726 648 est
2756 593 2799 660 ³,
2833 608 2930 647 nec
2971 593 3098 664 quid
3155 593 3443 648 absurdum
3489 597 3626 664 cogi-

2046 684 2193 750 tavit,
2227 699 2398 753 neque
2427 684 2563 738 dixit
2595 702 2608 737 :
2641 684 2719 738 Tu
2751 701 2810 738 cs
2838 686 2928 755 qui
2957 685 3149 739 famem
3192 684 3329 740 hanc
3367 685 3629 752 intulisti;

2045 781 2098 826 et
2130 775 2179 826 in
2199 768 2616 844 reliquiiShujus
2647 773 2802 830 famis
2831 791 2859 828 a
2893 791 2977 830 me
3008 774 3198 828 nutriri
3230 775 3468 844 postulas
3490 775 3515 827 τ
3544 790 3632 829 ne-

2045 882 2150 936 que
2175 867 2306 920 dixit
2339 885 2352 922 :
2385 867 2582 922 Orbem
2613 879 2872 922 terrarum
2903 869 2988 938 qui
3020 877 3197 921 tantus
3223 878 3304 922 est
3331 867 3612 938 neglexisti

2049 967 2106 1011 ut
2127 957 2191 1012 ad
2225 974 2309 1012 me
2332 959 2562 1026 venires,
2609 959 2849 1028 ﬁliosque
2880 974 3026 1014 meos
3059 958 3197 1013 fante
3238 974 3492 1024 necares,
3521 960 3637 1028 ipse

2051 1048 2209 1104 famis
2255 1050 2476 1103 auctor?
2502 1049 2595 1104 sed
2630 1049 2976 1105 Abrahamiea
3023 1051 3108 1104 illa
3158 1051 3350 1104 mulier
3395 1051 3639 1120 ingressa

2052 1141 2174 1194 fecit
2227 1139 2276 1193 id
2325 1139 2464 1210 quod
2499 1141 2754 1210 propheta
2786 1142 2999 1194 dixerat
3029 1157 3044 1206 ;
3073 1143 3359 1209 vitlereque
3400 1153 3513 1195 erat
3561 1143 3640 1195 vi-

2050 1233 2208 1287 duam
2253 1233 2368 1302 ipso
2399 1233 2703 1288 Abrahamo
2744 1233 3166 1304 hospitaliorum.
3203 1233 3296 1286 Ille
3326 1233 3468 1287 enim
3502 1251 3640 1302 optt-

2053 1324 2228 1378 lentus
2273 1340 2394 1378 cum
2449 1335 2626 1391 esset,
2673 1327 2892 1394 angelos
2941 1325 3174 1395 hospitio
3218 1325 3466 1396 excepit;
3525 1325 3642 1378 lucc

2053 1431 2182 1470 vero
2205 1431 2268 1470 ex
2305 1415 2444 1471 fame
2471 1417 2742 1471 interitum
2787 1427 3105 1487 exspectans
3125 1458 3138 1480 ,
3170 1417 3380 1486 excepit
3406 1415 3639 1486 proplte-

2056 1515 2185 1560 tam.
2209 1507 2506 1578 Videreque
2528 1519 2642 1563 erat
2665 1519 2907 1564 naturam
2925 1518 3306 1579 contemptam,
3334 1519 3386 1564 et
3403 1509 3644 1578 hoSpita-

2055 1602 2256 1658 litatem
2305 1603 2620 1658 honoratam
2651 1623 2666 1659 :
2696 1604 2877 1660 videre
2905 1615 3022 1660 erat
3049 1605 3250 1659 viscera
3282 1603 3516 1673 projecta
3539 1646 3552 1668 ,
3584 1613 3642 1660 et

2056 1693 2371 1763 prephetam
2417 1704 2764 1765 susceptum;
2800 1705 2962 1750 totam
3014 1696 3242 1750 ﬁliorum
3308 1695 3513 1749 turbam
3558 1709 3647 1749 se-

2057 1785 2298 1854 pulcrum
2329 1785 2506 1840 effecit
2534 1797 2826 1856 :quantum
2854 1787 2996 1842 enim
3030 1785 3128 1842 fuit
3153 1787 3324 1841 vidua:
3357 1788 3407 1841 in
3441 1802 3643 1856 propo-

2057 1875 2185 1939 sito,
2213 1875 2287 1930 illi
2317 1877 2514 1931 mortui
2546 1887 2701 1943 sunt,
2731 1878 2824 1933 sed
2855 1878 2946 1933 Dei
2978 1878 3305 1948 benignitate
3336 1877 3533 1932 factum
3563 1885 3648 1932 est

2060 1979 2119 2024 ut
2148 1969 2391 2024 viverent
2417 1978 2471 2024 et
2511 1970 2802 2024 incolumes
2830 1981 3030 2025 essent.
3054 1970 3244 2024 Nescio
3272 1970 3463 2039 quibus
3504 1984 3647 2038 pra:-

2061 2063 2230 2116 cmtiis
2260 2063 2471 2117 viduam
2502 2063 2823 2119 celebrabo:
2852 2063 3120 2134 quomodo
3145 2064 3280 2118 lilios
3304 2062 3648 2132 contempsit,

2062 2169 2114 2211 et
2143 2157 2558 2226 hospitalitatem
2583 2157 2828 2227 amplexa
2857 2165 2943 2212 est
2975 2173 2989 2210 :
3019 2157 3288 2227 quomodo
3316 2165 3502 2211 natura
3533 2155 3651 2224 ejus

2065 2266 2170 2304 non
2213 2249 2509 2316 contabuit,
2531 2251 2614 2304 vel
2645 2251 2838 2304 matrix
2867 2265 2972 2304 non
3001 2257 3200 2304 mutata
3235 2247 3354 2313 fuit,
3380 2246 3653 2317 quomodo

2064 2346 2271 2400 viscera
2298 2345 2413 2415 ejus
2455 2360 2558 2398 non
2584 2343 2838 2398 dissoluta
2868 2352 3010 2408 sunt,
3039 2358 3159 2396 cum
3202 2341 3406 2396 videret
3442 2339 3652 2394 turbam

2067 2439 2324 2506 integram
2397 2437 2625 2492 filiorum
2686 2451 2810 2491 mox
2864 2436 3002 2490 fame
3055 2433 3502 2497 constituendam;
3555 2431 3652 2485 sed

2066 2530 2314 2584 omnibus
2344 2529 2617 2598 superior,
2648 2527 2963 2597 prophetam
2997 2527 3229 2595 hospitio
3270 2525 3487 2593 recepit.
3515 2523 3652 2577 Cum

2067 2621 2364 2690 accepisset
2401 2629 2576 2675 autem
2621 2619 2876 2689 propheta
2929 2627 2983 2672 et
3029 2617 3383 2682 comedisset,
3437 2616 3655 2669 deruunt

2069 2711 2373 2766 mercedem
2403 2710 2646 2765 retribuit
2671 2728 2684 2764 :
2717 2709 3130 2779 bosliitalitatem
3167 2707 3319 2762 vidua
3348 2705 3656 2773 semimtvit,

2070 2805 2359 2874 statimque
2409 2803 2786 2872 hospitalitatis
2835 2805 3036 2872 spicam
3081 2811 3380 2856 comantem
3416 2799 3656 2868 Collegit.

2071 2897 2210 2966 Quid
2239 2898 2379 2953 enim
2409 2896 2475 2950 ad
2503 2911 2618 2951 eam
2647 2895 2862 2950 llclias?
2899 2893 3026 2947 Vivit
3057 2893 3301 2947 Dominus
3321 2933 3336 2958 ,
3365 2892 3547 2964 hydria
3579 2893 3664 2962 fa-

2073 2991 2200 3044 rina:
2228 3006 2327 3043 non
2358 2989 2574 3058 de/iciet,
2601 2999 2648 3042 et
2675 2989 2902 3058 lecythus
2929 2987 3027 3041 olei
3056 3005 3156 3040 non
3188 2986 3548 3055 imminuetur(
3574 2984 3660 3038 Ib.

2077 3099 2126 3136 υ.
2161 3079 2270 3151 ll).
2302 3080 2460 3135 Facta
2492 3091 2575 3134 est
2598 3080 2770 3134 viduae
2791 3080 3006 3134 dextera
3040 3079 3273 3132 torcular
3294 3118 3310 3142 ,
3346 3087 3400 3133 et
3441 3077 3662 3131 sinistra

2075 3191 2199 3232 area
2221 3186 2276 3230 et
2305 3174 2558 3243 manipuli
2585 3175 2635 3228 in
2662 3174 2978 3228 necessitate
3022 3173 3251 3227 fructum
3274 3171 3582 3236 reddentes,
3606 3178 3664 3223 et

2079 3284 2174 3339 per
2222 3267 2494 3337 prophetae
2531 3267 2692 3320 verba
2719 3266 2931 3319 viduam
2964 3265 3278 3319 nutrientes.
3305 3263 3567 3319 Torcular
3607 3274 3666 3318 et

2077 3373 2203 3414 arca
2245 3360 2383 3414 facta
2407 3368 2489 3414 est
2517 3357 2706 3412 domus
2735 3357 2942 3422 viduae;
2971 3371 3073 3411 u0n
3107 3356 3297 3419 imber,
3329 3370 3434 3409 non
3464 3355 3663 3425 pluvia,

2079 3468 2185 3507 non
2221 3467 2336 3517 ver,
2371 3465 2474 3505 non
2505 3461 2810 3512 autumnus,
2837 3464 2940 3503 non
2984 3458 3164 3512 testas,
3189 3463 3295 3501 non
3321 3457 3484 3500 arstus
3509 3488 3523 3507 ,
3558 3462 3666 3498 non

2079 3552 2358 3598 Ventorum
2415 3542 2536 3610 vis,
2591 3557 2696 3595 non
2765 3551 3064 3610 temporum
3119 3536 3528 3602 ututatioues‘;
3569 3537 3668 3590 sed

2082 3636 2303 3692 verbum
2327 3651 2488 3690 unum
2511 3651 2576 3690 ex
2603 3633 2879 3704 prophetae
2906 3633 3172 3688 sententia
3207 3631 3468 3701 prolatum
3494 3629 3672 3683 vidua:

2083 3741 2264 3781 rerum
2294 3727 2504 3796 c0piam
2551 3725 2994 3780 subministravit.
3034 3723 3160 3778 Inde
3196 3739 3325 3777 vero
3375 3733 3587 3792 [mstea,
3612 3730 3675 3774 ut

2085 3821 2268 3892 paucis
2296 3818 2590 3884 absolvam,
2618 3816 2746 3872 abiit
2773 3817 2840 3871 ad
2879 3833 3056 3888 regem
3085 3815 3288 3869 Achab.
3311 3814 3488 3868 Dicam
3528 3829 3676 3866 nunc

2086 3912 2203 3981 ejus
2236 3911 2489 3980 prreclara
2517 3924 2701 3979 opera,
2735 3918 2791 3962 ut
2819 3924 2939 3961 cum
2964 3923 3086 3960 eum
3119 3914 3424 3976 peccantem
3449 3905 3672 3968 videris,

2087 4005 2264 4058 discas
2311 4002 2403 4057 Dei
2450 4003 2673 4072 gratiam
2719 4014 2844 4068 erga
2894 3998 3138 4052 homines
3184 3997 3485 4066 benignam.
3535 3995 3677 4062 Quid

2089 4104 2266 4149 autem
2309 4091 2378 4147 ad
2424 4093 2568 4146 illunt
2601 4090 2820 4144 Achab?
2848 4089 2923 4143 Tu
2953 4105 3004 4142 es
3050 4088 3135 4154 qui
3178 4086 3412 4156 pervertis
3458 4084 3625 4138 Israel
3653 4085 3683 4138 .’

2094 4187 2383 4257 Respondit
2411 4186 2497 4240 ille
2518 4227 2532 4245 .
2569 4183 2716 4244 Non.
2737 4183 2824 4236 sed
2853 4193 2936 4249 tu,
2980 4191 3028 4235 et
3071 4179 3250 4234 domus
3307 4179 3463 4248 patris
3490 4179 3565 4231 tui
3591 4178 3672 4251 (3.

2095 4281 2222 4351 Reg.
2256 4281 2340 4334 18.
2370 4279 2453 4334 17.
2483 4277 2594 4348 18).
2622 4274 2864 4329 Vidistin'
2903 4273 3174 4343 prOphCIa:
3220 4271 3466 4341 loquendi
3515 4272 3682 4326 liber-

2098 4371 2555 4442 tatcm,quomodo
2575 4384 2753 4438 regem
2786 4367 3089 4436 redarguit?
3114 4365 3298 4420 Postea
3320 4380 3438 4419 cum
3467 4365 3687 4418 sederet

2098 4467 2149 4520 in
2192 4474 2392 4527 monte,
2426 4462 2652 4516 accchit
2693 4460 2760 4514 ad
2804 4475 2927 4514 eum
2973 4458 3214 4512 centurio
3261 4457 3477 4521 dicens,
3517 4454 3689 4508 Ηοιιιο

2099 4558 2192 4612 Dei
2221 4598 2233 4619 ,
2288 4555 2565 4621 descende,
2606 4570 2694 4607 rex
2733 4562 2779 4605 te
2825 4562 2964 4605 vocat
2989 4549 3064 4622 (4.
3103 4549 3226 4620 Reg.
3261 4549 3311 4602 1.
3341 4548 3374 4603 9
3427 4548 3535 4614 11)).
3589 4545 3689 4601 ωε

2099 4667 2227 4706 vero
2258 4668 2271 4703 :
2302 4650 2360 4704 Si
2388 4650 2537 4702 homo
2563 4647 2656 4700 Dei
2677 4663 2788 4701 sum
2809 4687 2823 4711 ,
2865 4644 3132 4698 descendat
3174 4642 3304 4712 ignis
3344 4641 3406 4693 de
3443 4641 3567 4693 cazlo
3591 4679 3607 4701 ,
3641 4650 3693 4692 et

2103 4745 2298 4798 devoret
2326 4753 2392 4809 te,
2420 4751 2465 4796 ct
2486 4740 2851 4811 quinquaginta
2882 4747 3013 4789 tuos.
3047 4734 3246 4788 Deittde
3285 4733 3524 4786 secundo
3552 4733 3694 4785 alius

2103 4833 2584 4908 quinquagenarius
2633 4830 2762 4884 dicit
2793 4845 2806 4882 :
2839 4826 3001 4881 Homo
3043 4825 3136 4879 Dei
3159 4866 3174 4890 ,
3204 4822 3447 4878 descende
3466 4861 3479 4882 ,
3509 4839 3600 4874 rer
3648 4832 3699 4874 te

2106 4945 2234 4999 opus
2257 4928 2400 4980 habet
2427 4923 2588 4998 (Ibid.
2619 4939 2668 4976 υ.
2694 4919 2805 4992 11).
2840 4919 2908 4972 Et
2933 4917 3056 4987 quid
3084 4917 3149 4970 ad
3193 4916 3334 4968 illtttn
3384 4913 3600 4966 Helias?

2110 5022 2258 5075 homo
2296 5019 2391 5073 Dei
2416 5033 2528 5071 sum
2565 5031 2677 5086 ego,
2709 5011 2974 5065 descendat
3004 5011 3134 5080 ignis
3158 5009 3218 5060 de
3250 5007 3395 5074 cado,
3425 5014 3470 5057 et
3495 5005 3700 5057 devoret

2110 5124 2157 5168 te
2181 5123 2225 5167 et
2249 5109 2615 5182 quinquaginta
2644 5117 2755 5159 tuos
2783 5102 2940 5175 (Ibid.
2969 5118 3014 5154 υ.
3044 5100 3156 5168 12).
3184 5098 3306 5152 Inde
3335 5110 3546 5149 rursum
3574 5110 3701 5147 cum

2111 5205 2289 5271 venit,
2318 5202 2384 5257 ad
2413 5199 2669 5255 orationis
2692 5195 2996 5252 condictum
3027 5189 3340 5262 provocavit
3385 5185 3706 5242 sacerdotes

2177 5365 2192 5395 ι
2233 5368 2279 5408 tu
2296 5356 2457 5416 Savil.,
2476 5363 2520 5406 et
2540 5354 2751 5420 ﬁliorum
2775 5349 3129 5420 multitudinem
3152 5360 3339 5420 nccare.

2177 5426 2197 5455 ²
2230 5403 2872 5481 διιῖἰιιιέἶιιιέιὲιιιυσιιιιιιιιι
2893 5416 3073 5463 desunt
3105 5413 3233 5474 apud
3259 5406 3449 5459 ttontef.
3475 5413 3508 5455 Ε
3530 5403 3707 5455 Savtho

2114 5494 2278 5536 autem
2304 5484 2495 5532 inducta
2515 5487 2650 5530 sunt.

2181 5549 2200 5580 ³
2233 5547 2305 5595 sic
2324 5553 2429 5592 Mss.
2458 5550 2618 5591 uorat.
2646 5553 2785 5601 vero,
2807 5551 2900 5589 non
2923 5543 3110 5586 mortua
3125 5541 3212 5583 ρει.
3652 5589 3681 5601 Δ.

2179 5609 2201 5640 ⁵
2235 5605 2534 5668 AI'-tul_savil.
2562 5596 2878 5668 legitur,'nou
2902 5608 3064 5659 tratus,
3090 5611 3181 5648 non
3205 5603 3473 5660 ιειιδρυιιιιιι
3513 5596 3705 5655 ιιιίαιιε

2119 5665 2328 5726 tutorum
2352 5665 2417 5720 ris
2439 5667 2464 5720 ν
