4080 6198
356 291 452 346 731

427 403 497 473 γ’.
525 405 774 476 Σήμερον
802 405 857 459 δὲ
887 405 1025 478 ὑπὲρ
1060 406 1168 460 τῶν
1194 407 1376 461 αὐτῶν
1401 408 1488 462 διὰ
1521 409 1680 462 τοῦτο
1705 410 1929 479 ἐξῆλθον

357 491 446 541 τὸν
473 486 629 556 λόγον
653 491 827 541 εἰπεῖν
845 529 860 551 ,
891 490 972 542 ὅτι
1015 489 1104 542 διὰ
1133 489 1291 543 τοῦτο
1326 492 1425 543 οὐκ
1454 492 1671 560 ἐγένετο
1701 493 1931 561 ἄγγελος

359 570 558 640 ίερεῦς,
583 570 700 624 ἀλλ’
749 571 1033 642 ἄνθρωπος
1084 572 1140 638 ἐξ
1175 572 1464 644 ἀνθρώπου
1490 615 1504 638 ,
1533 576 1618 627 ἵνα
1655 575 1728 645 μὴ
1783 574 1931 645 παρά

356 653 740 724 ἀναμαρτήτου
790 655 1116 726 ἀναιρῶνται
1161 657 1211 708 οἰ
1257 657 1678 728 ἁμαρτάνοντες.
1722 659 1783 709 Εἰ
1824 657 1932 726 γὰρ

357 735 586 802 ἄγγελος
627 732 695 807 ἦν
745 737 818 807 μὴ
861 738 1190 808 ἁμαρτάνων
1219 741 1248 791 6
1285 740 1494 809 ἱερεὺς,
1525 741 1651 802 τοὺς
1683 739 1932 810 ἁμαρτά-

356 833 545 880 νοντας
591 819 931 891 παραχρῆμα
954 820 1018 875 ἂν
1047 819 1301 884 ἐκόλαζεν
1319 862 1333 886 ,
1357 821 1492 876 ἀλλὰ
1523 821 1610 876 διά
1642 821 1799 875 τοῦτο
1834 821 1930 875 άν-

358 899 572 970 θρωπος
631 901 852 970 γέγονεν
880 943 894 966 ,
943 904 1028 957 ἵνα
1069 905 1415 977 συγγινώσκῃ
1456 905 1535 977 τῷ
1575 905 1926 977 όμοιοπαθεῖ,

358 984 665 1055 ὑπόμνησιν
689 984 984 1056 λαμϐάνων
1015 988 1078 1041 ἐκ
1105 989 1214 1043 τῶν
1251 989 1397 1044 ἰδίων
1434 989 1621 1043 παθῶν
1655 993 1766 1054 τοῖς
1799 991 1930 1061 όμο⁶

357 1068 564 1136 φύλοις.
600 1066 730 1123 Εἶτα
772 1073 1186 1142 παρηγάγομεν,
1215 1075 1294 1126 ὅτι
1343 1073 1435 1126 καὶ
1464 1075 1590 1138 τοὺς
1641 1075 1928 1145 μεγάλους,

357 1146 436 1216 οἷς
463 1153 656 1222 ἔμελλε
688 1155 962 1209 πιστεύειν
987 1156 1112 1210 λαὸν
1141 1157 1329 1222 πολὺν,
1355 1158 1731 1231 συνεχώρησεν
1761 1161 1933 1231 ἀμαρ-

355 1236 448 1307 τίᾳ
501 1237 796 1291 ὑποπεσεῖν
821 1277 836 1299 ,
870 1240 963 1292 καὶ
1005 1241 1332 1311 συγγνώμην
1388 1242 1573 1306 αὐτοῖς
1623 1242 1806 1296 δοῦναι
1843 1244 1932 1296 ἵνα

359 1319 498 1389 μετά
545 1320 719 1374 ταῦτα
761 1323 856 1375 καὶ
907 1323 1058 1375 αὐτοὶ
1090 1324 1150 1388 ἐξ
1193 1319 1268 1378 ὧν
1299 1324 1697 1396 ὲπαιδεύθησαν
1742 1325 1928 1394 φιλαν-

356 1402 693 1474 θρωπότεροι
745 1405 1029 1473 γένωνται.
1061 1409 1170 1463 Καὶ
1213 1409 1419 1476 Πέτρον
1466 1411 1788 1480 παρήγαγον
1839 1409 1930 1463 τὸν

354 1485 595 1539 τοιοῦτον
631 1489 947 1551 ἀπόστολον,
993 1491 1416 1564 συγχωρηθέντα
1449 1493 1546 1562 μὲν
1585 1494 1927 1564 ἀμαρτῆσαι,

357 1570 616 1640 μετανοίᾳ
641 1571 698 1624 δὲ
729 1572 1084 1642 ἐξαλείψαντα
1108 1576 1206 1648 τὴν
1250 1575 1526 1644 ἁμαρτίαν
1665 1577 1760 1630 τοῦ
1793 1577 1928 1631 θεοῦ

355 1651 735 1726 φιλανθρωπίᾳ
787 1657 957 1726 Δεῦρο
984 1658 1048 1728 δὴ
1085 1658 1180 1710 καὶ
1207 1659 1298 1710 ἐπὶ
1339 1659 1430 1712 τὸν
1480 1659 1664 1712 Ἠλίαν
1707 1660 1932 1712 ἐπανέλ-

357 1733 536 1804 θωμεν
557 1776 572 1798 ,
602 1739 695 1790 καὶ
728 1738 988 1809 δείξωμεν
1040 1739 1206 1793 αὐτοῦ
1237 1740 1296 1792 τὸ
1336 1739 1571 1808 πέλαγος
1593 1739 1701 1795 τῶν
1735 1759 1932 1813 κατορ-

353 1816 644 1886 θωμάτων,
665 1821 897 1884 ὅτιθεὸς
931 1821 1031 1893 μὲν
1065 1823 1297 1893 ἠθέλησε
1326 1823 1929 1894 φιλανθρωπεύσασθαι,

366 1901 554 1964 Ἠλίας
577 1903 634 1955 δὲ
668 1905 767 1957 οὐκ
806 1905 1387 1976 ἐφιλανθρωπεύσατο·
1422 1908 1516 1960 καὶ
1557 1907 1718 1979 ἤθελε
1747 1908 1931 1962 δοῦναι

353 1983 530 2043 ὑετὸν,
561 1986 675 2040 ἀλλ’
706 1987 886 2058 ἐζήτει
919 1989 1142 2055 ἀξίωσιν
1175 1991 1326 2062 παρᾶ
1350 1991 1444 2046 τοῦ
1469 1991 1678 2048 δούλου.
1710 1992 1775 2044 Τί
1804 1988 1928 2056 οὐν;

353 2066 636 2138 Παρῆλθεν
668 2071 696 2123 6
741 2072 926 2134 Ἠλίας
960 2073 1090 2142 ὃλην
1115 2074 1212 2143 τὴν
1236 2074 1373 2136 ὁδὸν,
1399 2076 1493 2128 καὶ
1521 2070 1682 2146 ἦλθεν
1710 2077 1791 2138 εἰς
1827 2077 1932 2128 Σα-

357 2151 527 2220 Ρεῗθά
555 2157 652 2223 τῆς
681 2155 958 2220 Σιδωνίας,
980 2157 1074 2210 καὶ
1101 2152 1206 2209 εἶδε
1233 2160 1466 2226 γυναῖκα
1493 2160 1670 2229 χήραν
1702 2159 1824 2212 τινὰ
1849 2159 1934 2225 ξυ-

349 2232 670 2306 λευομένην.
714 2237 852 2290 Ἀλλ’
877 2240 1026 2310 ὅμως
1057 2239 1220 2308 βλέπε
1249 2240 1342 2293 τοῦ
1389 2241 1568 2294 Ἦλίου
1597 2241 1695 2313 τὴν
1725 2242 1933 2312 φιλοσο-

354 2317 480 2382 φίαν
514 2321 606 2374 καὶ
641 2321 741 2391 τήν
774 2323 976 2376 πίστιν.
1012 2323 1181 2378 Πάλιν
1215 2323 1344 2378 ἄλλο
1369 2323 1604 2394 πέλαγος
1646 2326 1808 2379 αὐτον
1860 2326 1933 2379 διο

353 2405 572 2470 εδέξατο
597 2406 796 2478 ἀρετῆς
825 2418 870 2459 ⁸.

424 2566 538 2618 Οὐκ
571 2560 691 2618 εἷπε
719 2567 796 2638 τῷ
825 2567 964 2638 Θεῷ·
1003 2569 1147 2638 Πρὸς
1173 2568 1293 2622 τίνα
1323 2587 1390 2640 με
1425 2571 1666 2641 πέμπεις
1695 2589 1708 2635 ;
1744 2573 1933 2626 τοσού-

352 2669 479 2714 τους
515 2668 580 2720 με
619 2654 786 2714 ποιεῖς
819 2651 1096 2713 κινδύνους
1129 2653 1445 2723 ὑπομεῖναι,
1471 2655 1565 2708 καὶ
1591 2655 1746 2727 πρὸς.
1758 2657 1932 2726 χήραν

359 2752 426 2804 με
459 2734 696 2804 πέμπεις
719 2736 796 2797 εἰς
827 2735 1052 2804 ἔσχατον
1081 2735 1269 2806 λιμόνς
1311 2737 1384 2808 μὴ
1413 2737 1522 2808 γάρ
1550 2737 1650 2791 οὐκ
1688 2740 1823 2792 εἰσὶν
1850 2739 1934 2793 άλ·

349 2818 437 2870 ’λοι
488 2817 678 2888 ἄνδρες
726 2818 1112 2889 εὐπορώτεροι,
1149 2819 1438 2890 δυνάμενοι
1476 2820 1576 2890 τὴν
1603 2822 1792 2875 πενίαν
1831 2840 1932 2893 μου

352 2900 898 2971 παραμυθήσασθαι;
938 2901 1074 2954 ἀλλὰ
1118 2902 1386 2972 τοσαύτην
1437 2903 1540 2974 γῆν
1574 2903 1776 2974 βαδίζω
1798 2947 1814 2972 ,
1846 2907 1934 2960 ἵνα

343 2985 490 3055 πρὸς
525 2985 698 3054 χήραν
726 2985 1020 3054 άπαντήσω
1040 3025 1055 3042 ,
1081 2986 1160 3048 είς
1192 2985 1362 3057 αὐτὴν
1387 2986 1486 3058 τήν
1510 2989 1794 3061 συμφορὰν
1825 2991 1934 3045 τῶν

355 3068 568 3131 κακῶν,
615 3068 709 3120 καὶ
743 3069 802 3120 οὐ
859 3067 1019 3137 μόνον
1065 3070 1268 3138 χήραν,
1305 3068 1440 3122 ἀλλὰ
1487 3073 1582 3124 καὶ
1613 3075 1879 3144 πενιχράν
1916 3091 1931 3139 ;

367 3151 648 3218 Ἐννόησον
683 3150 801 3214 πῶς
828 3151 980 3207 οὐδὲν
1005 3152 1206 3206 τούτων
1234 3150 1386 3208 εἶπεν
1412 3158 1440 3209 ό
1457 3157 1709 3229 θεράπων
1730 3176 1741 3187 ·
1769 3159 1934 3232 ἐθάρ-

343 3237 439 3309 ρει
484 3234 592 3306 γάρ
624 3235 700 3305 τῷ
745 3235 938 3292 ἐαυτοῦ
991 3237 1237 3311 Δεσπὸτῃ
1275 3240 1353 3310 τῷ
1401 3243 1464 3295 ἐκ
1506 3241 1616 3298 τῶν
1656 3243 1933 3299 ἀδυνάτων

355 3318 555 3372 δυνατὰ
588 3317 846 3372 ποιοῦντι.
883 3321 1150 3386 Ἀπελθε,
1184 3324 1367 3394 φησὶν,
1408 3327 1495 3391 εις
1523 3329 1795 3394 Σαρεφθὰ
1825 3328 1934 3393 τῆς

357 3401 636 3465 Σιδῶνος,
664 3401 760 3454 καί
796 3401 925 3454 ἰδοὺ
947 3404 1056 3468 μία
1095 3404 1252 3474 χήρα
1293 3405 1688 3476 ξυλευομένη.
1730 3408 1796 3462 Τί
1841 3406 1933 3463 οῦν

354 3483 654 3546 ἐπιϐαίνεις
685 3485 762 3536 ἔτι
788 3526 802 3544 ,
841 3484 1024 3551 Ἠλίας
1053 3487 1106 3539 τί
1143 3488 1200 3540 δὲ
1232 3490 1590 3560 προστρέχεις
1645 3493 1710 3562 τῇ
1749 3493 1930 3564 χήρας

345 3561 492 3631 εἶδες
530 3567 599 3619 τὰ
642 3567 952 3647 προπύλαια
976 3569 1076 3638 τῆς
1108 3571 1319 3634 πενίας,
1359 3573 1436 3643 μὴ
1473 3573 1652 3644 ἐρώτα
1683 3561 1753 3628 τά
1785 3561 1930 3647 πάθη

350 3651 454 3720 τῆς
507 3653 882 3722 μετριότητος·
913 3646 1052 3714 εἶδες
1080 3655 1180 3723 τήν
1214 3654 1416 3708 εἴσοδον
1447 3656 1547 3725 τῆς
1585 3658 1792 3720 πενίας,
1829 3646 1934 3728 μηέ

343 3734 440 3786 δὲν
472 3734 650 3804 ἐρώτα
677 3734 946 3805 περὶτῶν
991 3735 1158 3788 ἔνδον.
1192 3736 1300 3789 Ποῦ
1353 3738 1675 3812 ἐπεισέρχῃ,
1744 3741 1930 3804 Ἠλίας

356 3813 494 3879 εἶδες
517 3817 902 3888 ξυλευομένην,
930 3819 1023 3871 καὶ
1051 3820 1325 3890 τραφῆναι
1350 3819 1533 3893 ζητεῖς
1565 3823 1695 3894 παρ’
1729 3824 1931 3894 αὐτῆς;

372 3900 507 3952 Ἀλλ’
534 3902 675 3970 ὅμως
728 3901 865 3970 ἔχων
899 3903 1153 3972 ἐνέχυρον
1188 3903 1281 3956 τοῦ
1330 3905 1602 3960 Δεσπότου
1631 3905 1721 3959 τὸν
1753 3907 1931 3973 λόγον,

357 3985 522 4062 ἀπῄει
561 3984 938 4057 διαλεγόμενος
961 3988 1023 4056 τῇ
1062 3987 1222 4058 χήρᾳ.
1260 3988 1370 4044 Καὶ
1409 3989 1462 4040 τί
1493 4006 1624 4058 φησι
1649 4005 1664 4054 ;
1694 3991 1804 4058 Δός
1833 4008 1933 4061 μοι

356 4069 569 4136 μικρὸν
613 4067 804 4134 ὕδωρ,
855 4069 955 4122 ἵνα
1003 4070 1132 4122 πίω.
1184 4070 1347 4142 Ὁρᾷς
1393 4070 1545 4143 [7⁸56]
1597 4075 1786 4144 σοφίαν
1837 4075 1933 4127 τοῦ

370 4150 583 4213 Ἡλίου;
625 4151 745 4213 πῶς
775 4151 874 4203 οὐκ
918 4151 1120 4215 εὐθέως
1151 4154 1242 4206 ἐπὶ
1273 4155 1334 4207 τὸ
1379 4156 1728 4226 ἰσχυρότερον
1756 4157 1934 4228 ἀπήλ-

353 4235 469 4294 θεν,
505 4237 620 4289 ἀλλ’
668 4237 760 4288 ἐπὶ
816 4236 878 4289 τὸ
937 4236 1350 4309 εὐτελέστερονς
1381 4241 1482 4292 οὐκ
1527 4236 1670 4305 εἶπε,
1699 4242 1798 4305 Δός
1846 4259 1934 4312 μοι

351 4323 542 4389 ἄρτον,
577 4319 711 4373 ἀλλά
747 4319 846 4382 Δός
875 4337 963 4388 μοι
992 4318 1154 4391 ὕδωρ.
1195 4320 1416 4391 Πρῶτον
1445 4323 1588 4396 ὕδωρ
1619 4324 1792 4394 ζητεῖ,
1818 4343 1936 4378 στο-

358 4402 676 4472 χαζόμενος,
722 4403 805 4454 ὅτι
845 4404 910 4455 ἂν
964 4403 1243 4475 εὐπορήσῃ
1302 4405 1528 4470 ὓδατος,
1563 4407 1787 4462 δύναται
1841 4411 1936 4462 καὶ

359 4489 526 4556 ἄρτου
583 4487 903 4558 εὐπορῆσαι,
957 4489 1067 4553 Δός
1117 4507 1240 4557 μοι,
1287 4493 1701 4562 φησὶ,μικρὸν
1738 4493 1930 4562 ὕδωρ·

373 4569 708 4623 Ἀπελθοῦσα
730 4570 785 4622 δὲ
817 4572 849 4641 ἡ
892 4570 1034 4641 χήρα
1065 4573 1294 4643 ἤνεγκεν
1322 4575 1491 4648 αὐτῷ,
1525 4577 1621 4632 καὶ
1649 4576 1769 4630 ἔπιε
1797 4595 1811 4607 ·
1844 4579 1938 4634 καὶ

359 4653 500 4704 οὓτω
527 4651 807 4722 θαρσήσας
841 4653 1001 4722 φησί·
1040 4655 1222 4723 Λιὲψῃ
1241 4655 1316 4723 δή
1341 4675 1440 4726 μοι
1469 4658 1566 4712 καὶ
1603 4659 1814 4728 ψωμὸν
1837 4660 1940 4728 (7p-

360 4755 488 4798 του,
524 4737 620 4789 καὶ
653 4737 932 4806 φάγομαι.
970 4739 1034 4791 Ἦ
1080 4739 1137 4792 δὲ
1170 4737 1289 4793 εἷπε
1324 4742 1461 4811 πρὸς
1495 4743 1680 4795 αὐτόν·
1708 4742 1797 4815 Ζῇ
1825 4745 1938 4797 Κύ-

352 4837 504 4887 ριος,
551 4823 603 4872 ει
650 4821 776 4875 ἔστι
822 4839 923 4889 μοι
961 4823 1287 4892 ἐγκρυφίας
1310 4825 1354 4886 ι’,
1379 4826 1515 4879 ἀλλ’
1541 4827 1578 4894 ἢ
1618 4828 1768 4882 ὅσον
1789 4828 1939 4896 δρὰξ

355 4905 622 4971 ἀλεύρου
664 4905 733 4956 ἐν
766 4903 840 4972 τῇ
872 4904 1067 4973 ὑδρίᾳ,
1102 4908 1199 4961 καί
1247 4909 1454 4978 ὀλίγον
1503 4909 1713 4964 ἔλαιον
1742 4911 1813 4964 ἐν
1861 4913 1939 4978 τῷ

361 4988 667 5056 καμψάκῃ,
703 4989 735 5041 ὃ
769 4988 1102 5057 ποιήσομεν
1133 4992 1227 5044 καί
1269 4992 1572 5062 φαγόμεθα
1604 4994 1718 5064 ἐγώ
1752 5013 1815 5048 τε
1841 4998 1939 5050 καὶ

356 5071 434 5125 τὰ
465 5073 669 5126 παιόιά
681 5074 932 5141 ﬂavam!
959 5075 1430 5144 ἀποθανούμεθα.
1456 5077 1520 5130 Τί
1549 5076 1642 5131 οὖν
1663 5081 1690 5132 6
1712 5080 1896 5143 Ἠλίας
1922 5097 1937 5146 ;

366 5155 636 5218 Ἀπελθε,
666 5157 819 5226 φησὶ,
855 5157 951 5213 καὶ
982 5158 1243 5222 ποίησόν
1271 5175 1373 5227 μοι
1401 5159 1732 5228 ἐγκρυφίαν
1760 5179 1938 5216 κατα-

357 5239 569 5308 μόνας,
605 5238 699 5293 καί
714 5237 906 5313 φάγω,
933 5239 1029 5292 καὶ
1061 5241 1214 5294 οὕτω
1237 5242 1509 5311 ποιήσεις
1549 5243 1674 5308 τοῖς
1709 5244 1940 5310 τέκνοις

361 5339 500 5390 σου,
522 5322 616 5376 καί
640 5323 949 5392 φάγονται.
991 5324 1054 5380 Τί
1085 5327 1278 5393 ποιεῖς,
1327 5325 1479 5384 Ἠλία
1519 5343 1534 5392 ;
1569 5326 1710 5382 ἔστω
1729 5369 1744 5395 ,
1775 5328 1939 5402 ἄρτον

360 5593 454 5709 En.
482 5593 564 5642 Sic
593 5594 742 5643 Savil.
770 5593 1007 5643 Morcl.e:
1033 5595 1199 5646 Montr.
1220 5598 1422 5659 πέλαγος
1447 5598 1559 5648 διεδ.
1587 5597 1730 5651 αὐτοῦ
1754 5601 1937 5664 ἀρετῆς.

441 5668 499 5703 ιτ.

441 5668 483 5703 Ιτ

424 5692 631 5769 ῖὲσγὶὶ.
662 5721 837 5770 οωίιιὶί
870 5719 1127 5788 ἐγκρυφίας.

1488 251 1680 350 mss.
1727 291 2018 350 mnum
2062 292 2148 347 ET
2191 293 2472 348 nam“.

3507 301 3608 355 ’ἲδέ

1995 419 2000 430 “
2041 407 2236 472 θέλεις,
2268 408 2320 460 τί
2359 408 2451 460 καὶ
2483 409 2795 478 καταμόνας
2821 410 2913 463 καὶ
2949 411 3006 463 ἐν
3038 409 3271 481 πρώτοις
3303 409 3517 480 ζητεῖςς
3556 410 3614 464 οὐ

2041 492 2147 562 γὰρ
2167 491 2403 559 ὀφείλεις
2426 492 2834 562 εὐχαριστήσαι,
2873 493 2958 546 ἵνα
2992 494 3129 563 μετά
3154 494 3262 546 τῶν
3290 493 3492 546 τέκνων
3515 497 3616 561 φάη

2039 589 2176 646 ‘mg;
2208 575 2270 626 σὺ
2332 573 2505 638 θέλεις
2563 579 2756 643 φαγεῖν
2810 577 2988 646 μόνος,
3021 576 3114 629 καὶ
3161 575 3306 647 λιμῷ
3349 577 3416 629 τὰ
3448 577 3615 629 τέκνα

2041 658 2221 721 πνϊξαι
2256 667 2276 694 ο
2301 673 2314 721 ς
2350 657 2562 728 [Πνῖξαι
2592 659 2650 711 οὐ
2683 658 2840 716 θέλω,
2879 659 2992 711 ἀλλ’
3021 660 3379 729 εὐεργετῆσαι
3403 659 3540 712 θέλω
3566 677 3576 686 ·
3603 659 3615 730 ]

2039 735 2152 793 οἶδα
2174 740 2271 812 τὴν
2298 741 2557 809 ἀφθονίαν
2610 741 2702 794 τοῦ
2735 741 2870 812 ἐμοῦ
2909 742 3200 796 Δεσπότου.
3237 743 3377 797 Ἀλλ’
3405 744 3553 814 ὅμως
3582 748 3613 816 η

2039 824 2182 894 Χήρα
2213 825 2312 877 οὐκ
2349 825 2624 896 ἐταράχθη
2663 825 2688 864 δ
2720 826 2840 879 οὐδὲ
2870 826 3118 896 ἐνενόησέ
3145 846 3196 882 τι
3221 827 3460 880 τοιοῦτον
3493 828 3616 880 ἀτό-

2040 923 2226 976 πημα,
2254 905 2377 959 οὐτε
2404 902 2549 960 εἷπε·
2576 907 2646 962 Σὺ
2673 903 2723 960 εἷ
2756 908 2784 960 6
2816 908 2905 961 τὸν
2936 908 3091 978 λιμὸν
3131 910 3318 963 τοῦτον
3361 911 3615 979 ποιήσας,

2039 989 2132 1041 καὶ
2159 989 2217 1040 ἐν
2247 991 2358 1052 τοῖς
2399 989 2670 1058 λειψάνοις
2716 991 2808 1044 τοῦ
2848 991 3006 1061 λιμοῦ
3038 992 3397 1064 διατραφῆναι
3446 992 3618 1055 θέλεις

2039 1070 2170 1141 παρ’
2197 1071 2329 1140 ἐμοῦ
2357 1089 2371 1136 ;
2401 1070 2521 1124 οὐτε
2564 1068 2718 1124 εἶπεν
2740 1112 2755 1134 ,
2787 1075 2869 1130 ὅτι
2910 1073 3176 1127 Τοσοῦτον
3226 1076 3429 1145 κόσμον
3475 1091 3619 1145 παρ-

2037 1153 2221 1222 ῆλθες,
2255 1154 2348 1207 καὶ
2376 1154 2511 1223 πρὸς
2530 1154 2628 1224 ἐμὲ
2651 1151 2813 1226 ἦλθες
2842 1155 2985 1225 λιμῷ
3007 1157 3368 1227 καταφθεῖραι
3391 1155 3461 1209 τὰ
3487 1174 3617 1209 παιο

2037 1235 2125 1288 δία
2161 1252 2296 1305 μου,
2338 1236 2499 1299 αὐτὸς
2548 1236 2722 1300 αἴτιος
2775 1237 2870 1291 τοῦ
2915 1237 3075 1308 λιμοῦ
3122 1239 3448 1309 γενόμενος;
3501 1239 3616 1291 ἀλλ’

2051 1317 2381 1387 Ἀδραμεαία
2406 1336 2488 1381 τις
2517 1321 2783 1391 γενομένη
2817 1323 2850 1392 ἡ
2883 1322 3022 1391 γυνὴ
3045 1321 3361 1376 εἰσελθοῦσα
3391 1323 3618 1392 ἐποίησε

2037 1400 2179 1453 κατὰ
2203 1401 2262 1453 τὸ
2280 1401 2430 1472 ῥῆμα
2451 1401 2546 1453 τοῦ
2581 1405 2882 1475 προφήτου,
2899 1400 3074 1474 καὶῆν
3099 1405 3227 1458 ἰδεῖν
3244 1404 3338 1459 τοῦ
3369 1405 3620 1476 Ἀϐραὰμ

2041 1482 2240 1552 μᾶλλον
2268 1483 2365 1554 τὴν
2390 1485 2566 1555 χήραν
2604 1485 3076 1557 φιλοξενεστέραν.
3126 1489 3362 1551 Ἐκεῖνος
3385 1489 3484 1561 μὲν
3511 1491 3620 1556 γὰρ

2037 1564 2268 1636 εὔπορος
2315 1565 2414 1628 ὢν,
2461 1567 2696 1631 ἐξένισεν
2751 1568 3051 1637 ἀγγέλους·
3089 1569 3226 1640 αῦτη
3264 1570 3320 1622 δὲ
3349 1573 3412 1624 ἐκ
3454 1570 3617 1640 λιμοῦ

2039 1651 2398 1720 προσδοκῶσα
2418 1651 2669 1713 θάνατον,
2705 1651 2910 1719 ἐξένισε
2942 1653 3035 1706 τὸν
3063 1655 3369 1724 προφήτην.
3415 1655 3523 1707 Καὶ¹
3551 1650 3618 1725 ἦν

2043 1731 2170 1784 ἰδεῖν
2202 1732 2301 1804 τὴν
2358 1733 2519 1801 φύσιν
2569 1735 3120 1806 καταφρονουμένην,
3163 1736 3258 1789 καὶ
3312 1735 3618 1806 φιλοξενίαν

2037 1817 2354 1886 τιμωμένην
2374 1835 2386 1848 ·
2413 1814 2481 1888 ἦν
2518 1818 2645 1871 ἰδεῖν
2693 1819 2976 1889 σπλάγχνα
3011 1820 3333 1889 ῥιπτόμενα,
3357 1820 3452 1874 καὶ
3484 1838 3618 1891 προ-

2039 1900 2216 1970 φήτην
2253 1899 2540 1970 δεχόμενον
2569 1919 2580 1932 ·
2619 1901 2911 1973 ὁλόκληρον
2960 1901 3134 1972 δῆμον
3188 1903 3394 1956 τέκνων
3449 1905 3618 1972 τάφον

2039 1982 2335 2052 εἰργάσατο
2354 2000 2368 2014 ·
2392 1985 2517 2036 ὅσον
2532 1982 2640 2056 γὰρ
2660 1986 2740 2047 εἰς
2756 1985 3076 2056 προαίρεσιν
3100 1985 3199 2054 τῆς
3225 1987 3418 2056 χήρας,
3438 1988 3619 2039 ἐκεῖνα

2038 2063 2652 2136 τετελευτήκασιν,ὃσον
2679 2067 2735 2120 δὲ
2767 2067 2854 2121 διὰ
2891 2069 2989 2138 τὴν
3020 2067 3113 2124 τοῦ
3151 2069 3285 2122 Θεοῦ
3314 2068 3619 2139 φιλανθρω-

2039 2149 2190 2215 πίαν,
2226 2149 2364 2214 ἔζων
2397 2151 2491 2204 καὶ
2547 2152 2923 2220 ἐκρατύνοντο.
2975 2153 3089 2206 Οὐκ
3140 2149 3256 2207 οἰδα
3294 2153 3411 2216 πῶς
3445 2155 3621 2221 ἐγκω-

2041 2233 2222 2304 μιάσω
2271 2234 2368 2304 τὴν
2419 2236 2626 2304 χήραν·
2656 2235 2772 2299 πῶς
2827 2235 3034 2288 τέκνων
3063 2237 3468 2307 κατεφρόνησεν
3525 2237 3620 2291 καὶ

2039 2316 2339 2385 φιλοξενίαν
2371 2318 2616 2386 ἐποίησε,
2660 2317 2829 2386 πῶςή
2867 2318 3026 2386 φύσις
3081 2312 3218 2390 αὐτὴ
3257 2319 3317 2372 οὐ
3353 2321 3622 2390 κατενάρ-

2042 2418 2196 2470 κησε,
2217 2401 2334 2463 πῶς
2366 2401 2400 2472 ἡ
2445 2402 2626 2474 μήτρα
2648 2402 2746 2455 οὐκ
2783 2401 3074 2472 ἠλλοιώθη,
3101 2402 3217 2466 πῶς
3239 2401 3308 2456 τὰ
3339 2402 3622 2473 σπλάγχνα

2039 2485 2098 2538 οὐ
2137 2482 2353 2554 διελύθη
2391 2483 2656 2553 βλέποντα
2708 2485 2880 2556 δῆμον
2927 2487 3222 2558 ὁλόκληρον
3277 2487 3482 2544 τέκνων
3517 2487 3622 2541 ὑπὸ

2039 2566 2198 2634 λιμοῦ
2239 2566 2502 2637 μέλλοντα
2531 2567 2872 2638 φθείρεσθαι.
2917 2569 3057 2621 Ἀλλ’
3101 2570 3360 2642 ἀνωτέρω
3411 2571 3630 2624 πάντων

2041 2651 2276 2718 ἐγένετο,
2309 2650 2404 2702 καὶ
2451 2651 2542 2702 τὸν
2572 2651 2856 2720 προφήτην
2888 2650 3144 2717 ἐξένισεν.
3187 2653 3272 2715 Ὠς
3299 2653 3459 2706 έλαὸε
3493 2653 3557 2723 δὴ
3592 2654 3622 2706 6

2041 2735 2347 2805 προφήτης,
2379 2735 2471 2786 καὶ
2527 2733 2714 2802 ἔφαγε,
2747 2733 2934 2786 λοιπὸν
2965 2736 3064 2797 τάς
3095 2735 3330 2804 ἀμοιϐάς
3365 2735 3622 2788 ἀποδίδω-

2043 2831 2126 2867 σιν
2147 2833 2162 2848 ·
2199 2816 2420 2887 ἔσπειρε
2456 2816 2760 2885 φιλοξενίαν
2794 2817 2827 2886 ἡ
2856 2818 3020 2887 χήρα,
3056 2818 3150 2870 καὶ
3183 2817 3344 2880 εὐθὺς
3373 2817 3464 2870 τὸν
3493 2817 3622 2870 στάο

2039 2917 2139 2968 χυν
2186 2899 2440 2970 κομῶντα
2494 2901 2594 2970 τῆς
2649 2899 2954 2968 φιλοξενίας
2988 2899 3222 2971 ἐθέρισε.
3253 2901 3318 2953 Τί
3349 2901 3458 2970 γάρ
3489 2917 3622 2971 φησι

2041 2982 2178 3052 πρὸς
2201 2981 2371 3051 αὐτὴν
2413 2981 2632 3046 Ἦλίαςς
2663 2981 2751 3052 Ζῇ
2773 2985 3006 3051 Κύριος,
3039 2986 3077 3052 ἠ
3111 2983 3283 3050 ὑδρία
3317 2983 3427 3038 τοῦ
3447 2985 3621 3038 ἀλεώ-

2032 3082 2149 3132 ρου
2169 3067 2280 3126 οὐκ
2302 3065 2594 3134 ἐκλείψει,
2623 3065 2718 3118 καί
2743 3069 2775 3119 ὀ
2804 3066 3128 3134 κιιμψάκης
3149 3067 3253 3120 τοῦ
3281 3067 3490 3120 ἐλαίου
3509 3070 3622 3122 οὐκ

2039 3148 2452 3214 ἐλαττονήσει.
2486 3148 2596 3202 Καὶ
2620 3149 2838 3216 ἐγένετο
2867 3153 2899 3218 ή
2931 3147 3080 3214 δεξιὰ
3103 3149 3205 3218 τῆς
3231 3150 3409 3220 χήρας
3441 3149 3620 3218 ληνὸς,

2042 3231 2136 3286 καὶ
2168 3233 2200 3302 ὴ
2233 3230 2499 3302 ἀριστερὰ
2536 3231 2678 3285 ἅλων
2698 3271 2712 3294 ,
2745 3233 2839 3288 καὶ
2870 3231 3161 3302 δράγματα
3189 3234 3248 3286 ἐν
3294 3234 3509 3306 ἀνάγκῃ
3532 3233 3624 3286 τὸν

2041 3314 2252 3385 καρπὸν
2289 3315 2616 3386 παρέχοντα,
2645 3315 2740 3370 καὶ
2772 3314 2860 3368 διὰ
2888 3315 2981 3366 τοῦ
3013 3315 3172 3382 λόγου
3215 3315 3310 3369 τοῦ
3338 3318 3622 3386 προφήτου

2038 3397 2137 3467 τὴν
2170 3399 2346 3468 χήραν
2391 3397 2766 3468 διατρέφοντα.
2808 3396 2982 3467 Ληιδς
3019 3399 3111 3450 καὶ
3167 3398 3311 3451 ἅλων
3344 3399 3558 3466 ἐγένετο
3589 3401 3622 3469 ὴ

2039 3481 2186 3534 οίκία
2217 3482 2317 3551 τῆς
2347 3481 2553 3552 χήρας·
2585 3481 2647 3534 οὐ
2676 3479 2876 3551 βροχὴ,
2904 3481 3002 3550 οὐχ
3050 3481 3225 3546 ὐετὺς,
3262 3481 3362 3535 οὐκ
3406 3480 3526 3553 ἔαρ,
3561 3483 3622 3537 οὐ

2041 3562 2220 3636 θέρος,
2265 3563 2328 3616 οὐ
2363 3562 2551 3634 καῦμα
2573 3605 2588 3628 ,
2619 3563 2720 3618 οὐκ
2760 3564 2976 3632 ἀνέμων
3023 3564 3276 3630 ἀνάγκαι,
3302 3564 3364 3615 οὐ
3416 3563 3623 3633 καιρῶν

1999 3682 2008 3696 .
2039 3646 2274 3714 άλλαγαὶ
2300 3654 2345 3709 ο,
2369 3644 2504 3698 ἀλλὰ
2529 3643 2689 3714 μόνον
2711 3639 2795 3710 εἷς
2835 3646 2991 3714 λόγος
3018 3646 3315 3717 προελθὼν,
3336 3647 3430 3700 καὶ
3462 3648 3625 3713 αὐτὸς

2039 3729 2148 3784 ἀπὸ
2179 3730 2280 3798 τῆς
2313 3729 2519 3793 οἰκείας
2553 3731 2796 3800 ’γνώμης
2841 3729 3143 3800 ἐξενεχθεὶς
3179 3737 3225 3794 f,
3263 3733 3491 3800 χορηγεῖ
3527 3731 3624 3800 τὴν

2041 3810 2302 3878 ἀφθονίαν
2344 3815 2414 3882 τῇ
2469 3813 2635 3883 χήρα.
2680 3808 2813 3867 Εἶτα
2846 3811 3077 3875 ἐκεῖθεν,
3113 3813 3199 3866 ἵνα
3255 3813 3503 3882 συντέμω
3533 3813 3624 3866 τὸν

2041 3895 2218 3963 λόγον,
2249 3895 2400 3968 [75η
2429 3895 2634 3964 ἀπῆλθε
2659 3895 2795 3965 πρὸς
2837 3895 3042 3966 Ἀχαὰό
3073 3895 3164 3948 τὸν
3195 3895 3437 3966 βασιλέα.
3466 3897 3625 3965 Λέγω

2041 3984 2136 4036 νῦν
2165 3983 2330 4038 αὐτοῦ
2354 3982 2422 4036 τὰ
2448 3983 2866 4053 κατορθώματα,
2887 3984 2973 4036 ἵνα
2997 3983 3089 4036 ἐάν
3112 3983 3228 4056 ἴδης
3257 3983 3418 4037 αὐτὸν
3447 3984 3625 4054 ἁμαρ-

2041 4068 2314 4136 τήσαντα,
2347 4065 2524 4137 μάθῃς
2553 4068 2650 4136 τὴν
2687 4065 2779 4118 τοῦ
2812 4065 2946 4119 Θεοῦ
2979 4065 3139 4135 χάριν
3184 4066 3412 4136 ἔχουσαν
3435 4068 3624 4136 φιλαν-

2043 4147 2311 4219 θρωπίαν.
2345 4147 2409 4199 Τί
2436 4144 2530 4200 οὐν
2565 4147 2701 4217 πρὸς
2736 4147 2896 4201 αὐτὸν
2925 4149 2952 4200 6
2989 4148 3191 4216 Ἀχαάϐ
3212 4165 3226 4212 ;
3249 4149 3331 4203 Σὺ
3355 4145 3410 4202 εἷ
3435 4153 3467 4202 ὁ
3495 4150 3623 4203 δια-

2043 4229 2316 4299 στρέφων
2352 4229 2460 4283 τὸν
2500 4227 2772 4298 Tarpa-13.1;
2810 4228 2866 4281 '0
2922 4228 2979 4283 δὲ
3012 4230 3146 4299 πρὸς
3193 4229 3356 4283 αὐτόν
3381 4247 3397 4264 ·
3435 4231 3580 4300 Οὐχὶ
3606 4272 3622 4294 ,

2043 4311 2204 4365 ἀλλὰ
2236 4311 2318 4365 σὺ
2355 4312 2449 4365 καὶ
2485 4315 2518 4365 ό
2545 4309 2708 4377 οἶκος
2746 4311 2850 4365 τοῦ
2887 4313 3112 4380 πατρός
3147 4328 3286 4366 σου.
3313 4309 3466 4377 Εἶδες
3491 4315 3627 4386 παῤ-

2046 4395 2240 4463 ρησίαν
2274 4397 2552 4465 προφήτου
2575 4434 2588 4458 ,
2619 4396 2737 4458 πῶς
2777 4394 2869 4447 τὸν
2916 4395 3138 4464 βασιλέα
3188 4395 3447 4468 ἧλεγξενς
3492 4393 3627 4452 Εἶτα

2044 4478 2130 4530 ὅτε
2161 4479 2218 4531 ἐν
2253 4477 2332 4548 τῷ
2354 4477 2468 4548 δρει
2501 4478 2808 4546 ἐκαθέζετο,
2841 4481 2933 4533 καὶ
2965 4475 3096 4550 ἦλθε
3142 4481 3276 4550 πρὸς
3309 4481 3470 4537 αὐτὸν
3500 4499 3629 4535 πενσ

2044 4562 2276 4631 τηκόντα
2287 4578 2411 4632 ρχος
2437 4561 2611 4629 λέγων
2631 4576 2644 4590 °
2668 4563 2972 4630 ’Ἄνθρωπε
2998 4561 3104 4616 τοῦ
3135 4563 3302 4625 Θεοῦ,
3319 4565 3624 4631 κατάϐηθι,

2046 4648 2079 4698 ό
2109 4645 2410 4710 ,Βασιλεύς
2447 4661 2522 4697 σε
2578 4645 2788 4698 καλεῖ·
2821 4648 2849 4698 6
2883 4645 2938 4698 δὲ
2992 4646 3128 4716 πρὸς
3185 4647 3348 4699 αὐτόν
3375 4663 3387 4677 ·
3420 4648 3532 4701 Καὶ
3575 4650 3626 4701 εἰ

2045 4729 2158 4800 ἐγὼ
2183 4730 2492 4794 ἄνθρωπος
2532 4729 2636 4782 τοῦ
2686 4729 2864 4793 Θεοῦ,
2903 4729 3213 4795 καταϐήτω
3245 4731 3364 4798 πῦρ
3403 4731 3472 4784 ἐκ
3519 4730 3628 4785 τοῦ

2046 4813 2327 4882 οὐρανοῦ,
2359 4812 2457 4866 καὶ
2480 4812 2863 4882 καταφαγέτω
2880 4830 2953 4867 σε
2969 4814 3068 4866 καί
3090 4815 3228 4881 τοὺς
3253 4815 3630 4882 πεντήκοντά

2046 4913 2183 4951 σου.
2214 4892 2346 4948 Εἶτα
2381 4896 2446 4948 ὲκ
2475 4895 2727 4966 δευτέρου
2755 4895 2912 4957 ἄλλος
2941 4897 3409 4969 πεντηκόνταρχός
3439 4917 3626 4969 φησιν·

2051 4982 2347 5045 Ἄνθρωπε
2377 4977 2480 5032 τοῦ
2508 4979 2678 5040 Θεοῦ,
2708 4977 3012 5046 κατάϐηθι,
3047 4983 3079 5033 ὀ
3103 4981 3399 5047 ,βασιλεὺς
3421 4983 3631 5052 χρείαν

2047 5079 2164 5117 σου
2187 5063 2333 5131 ἔχει.
2362 5061 2469 5114 Καὶ
2500 5062 2553 5114 τί
2587 5061 2724 5133 πρὸς
2769 5062 2931 5115 αὐτὸν
2958 5064 2987 5114 ὀ
3031 5063 3246 5128 ’ἱῖλίας;
3285 5065 3392 5116 Καὶ
3427 5068 3478 5117 εὶ
3514 5064 3630 5132 ἐγὼ

2045 5146 2358 5213 ἄνθρωπος
2377 5145 2484 5199 τοῦ
2513 5145 2684 5209 Θεοῦ,
2708 5145 3015 5212 καταϐήτω
3044 5146 3164 5214 πῦρ
3194 5148 3261 5200 ἐκ
3297 5147 3400 5200 τοῦ
3447 5149 3628 5215 οὐρα-

2047 5228 2197 5294 νοῦ,
2229 5229 2328 5284 καί
2364 5228 2752 5298 καταφαγέτω
2797 5245 2870 5282 σε
2918 5229 3017 5282 καὶ
3067 5230 3206 5294 τοὺς
3256 5227 3630 5294 πεντήκοντύ

2047 5338 2186 5376 σου.
2230 5316 2361 5374 Εἶτα
2383 5320 2542 5376 πάλιν
2563 5321 2652 5375 ὅτε
2680 5316 2842 5391 ἦλθεν
2898 5323 2976 5384 εἰς
3007 5319 3280 5391 συμϐολὴν
3311 5320 3410 5390 τῆς
3458 5319 3624 5390 εὐχῆς

2113 5477 2136 5505 ο
2162 5474 2312 5522 Savil.
2335 5475 2416 5522 καὶ
2435 5474 2585 5533 δῆμον
2611 5476 2786 5522 τέκνων
2804 5491 2879 5522 πν.

2112 5536 2138 5574 ιι
2165 5537 2246 5583 Sic
2271 5549 2380 5583 mss.
2412 5535 2584 5583 Morel.
2603 5549 2718 5583 vero
2744 5536 2829 5582 οὐκ
2853 5533 3156 5589 ἀποθνήσκει.

2111 5599 2133 5658 ξ
2163 5597 2309 5644 Smil.
2343 5598 2397 5644 οῦ
2422 5595 2604 5656 καῦμα,
2635 5598 2688 5643 οὐ
2710 5597 2856 5656 νόμον
2877 5597 3054 5658 καιρῷν
3075 5596 3275 5658 ἀνάγκη.

2116 5657 2418 5723 τείνεειιιι.
2460 5665 2616 5705 rche.
2665 5659 2797 5707 linus
2842 5671 2952 5705 mss.
2985 5656 3261 5723 ἐπενεχθείς,
3290 5657 3461 5710 διοτοι.
3516 5657 3644 5713 ἰλιγ-

2051 5722 2174 5779 me;
2197 5732 2473 5782 pel-potam.
