4080 6198
1460 364 1523 418 IN
1564 362 1659 417 SS.
1704 353 1984 413 l'ETIlUM
2029 353 2114 409 ET
2158 353 2439 408 IIELIAM.
3475 347 3578 402 735

1994 486 2126 522 niam
2155 476 2316 532 tuam,
2347 476 2401 519 ut
2423 465 2644 518 animam
2673 465 2823 518 unius
2848 479 2912 516 ea:
2936 462 3059 532 ipsis
3088 462 3163 532 ('5.
3196 459 3320 532 Reg.
3353 461 3437 515 l9.
3465 462 3502 515 ‘2
3527 470 3579 526 ),

1990 563 2189 616 audivit
2221 562 2430 626 llelias,
2463 569 2518 614 et
2545 553 2680 629 fugit
2701 558 2888 612 itinere
2911 556 3118 610 dierqu
3146 554 3513 624 quadraginta.
3543 556 3587 605 0

1993 654 2197 708 timoris
2247 651 2554 706 excessum!
2601 649 2839 703 mulieris
2879 663 3064 702 vocem
3103 646 3330 707 audivit,
3369 655 3420 700 et
3456 660 3586 712 qua.

291 389 392 444 735

293 505 407 558 illos
435 499 659 554 infames
694 491 869 547 Baalis
894 529 908 554 ,
935 485 1119 540 dicens
1145 525 1158 546 ,
1190 481 1476 534 Preremur
1502 493 1515 529 :
1545 473 1874 540 addiditque,

296 594 470 650 Facite
513 589 648 644 vobis
693 585 854 637 altare
906 592 1152 638 seorsum,
1212 583 1256 626 et
1303 571 1468 639 eligite
1517 568 1644 619 duos
1699 564 1876 623 bores,

293 700 338 744 ct
367 683 610 757 imponite
639 680 775 750 ligna
801 673 868 727 ad
892 686 1044 726 unum
1071 669 1262 728 bovem,
1307 673 1351 717 et
1378 662 1544 733 ignem
1577 674 1678 710 non
1715 657 1882 723 impo-

297 781 438 843 nite;
468 785 515 830 et
542 788 632 844 ego
679 769 905 838 idipsum
953 763 1138 835 faciant
1169 775 1186 812 :
1234 766 1280 810 et
1325 756 1549 808 invocate
1589 750 1640 802 in
1687 745 1888 799 nomine

297 876 506 926 deorum
533 874 830 922 vestrorum,
850 868 893 911 et
916 872 1005 926 ego
1031 855 1082 907 in
1106 849 1306 904 nomine
1326 845 1419 899 Dei
1446 843 1561 896 mei.
1577 839 1644 892 Et
1670 838 1782 901 erit,
1801 835 1888 905 qui

299 964 434 1018 Deus
449 954 725 1013 exaudierit
743 953 793 1004 in
809 951 939 1020 igne,
957 947 1037 999 hic
1058 943 1190 996 Deus
1202 957 1342 994 verus
1360 939 1436 1004 (5.
1454 927 1885 1003 Reg.18.?.5.9.i).

298 1056 431 1110 Tum
465 1051 705 1118 fecerunt
736 1039 1042 1097 sacerdotes
1073 1033 1295 1089 infames
1319 1031 1508 1090 altare,
1533 1033 1585 1079 et
1611 1026 1891 1090 cmperunt

300 1148 548 1200 invocare
580 1136 703 1192 Baal
729 1135 985 1193 dicentes,
1013 1126 1216 1182 Exaudi
1253 1137 1363 1185 nos,
1395 1118 1542 1180 Baal,
1570 1114 1750 1169 exaudi
1801 1128 1891 1162 nos

303 1235 465 1307 (Ibid.
494 1251 544 1286 υ.
571 1228 686 1300 26).
713 1224 846 1282 Cum
891 1230 1069 1276 autem
1122 1225 1241 1287 post
1289 1211 1482 1265 multas
1528 1219 1712 1277 preces
1733 1217 1892 1257 nemo

305 1337 445 1386 esset
488 1325 575 1396 qui
616 1319 894 1377 exnudiret
923 1313 1070 1384 (Non
1099 1311 1239 1366 enim
1266 1317 1372 1362 erat
1411 1300 1526 1369 var,
1556 1315 1714 1373 neque
1743 1297 1892 1350 audi-

309 1423 422 1492 tio),
457 1395 806 1487 cnspeetabat
835 1409 1011 1463 llelias
1051 1419 1170 1458 cum
1226 1399 1475 1471 patientia
1523 1395 1626 1448 illis
1665 1404 1894 1462 precan-

311 1517 448 1571 tibus
475 1529 489 1566 :
520 1526 640 1566 cum
670 1515 848 1562 autem
891 1500 1093 1556 videret
1121 1495 1340 1550 multum
1373 1505 1492 1545 esse
1522 1489 1728 1542 illorum
1783 1491 1895 1536 stu-

309 1606 477 1670 dium,
509 1601 601 1654 sed
655 1596 921 1651 neminem
966 1590 1054 1660 qui
1099 1584 1413 1645 exaudiret,
1443 1579 1627 1632 irridet
1657 1577 1774 1630 illos
1814 1571 1896 1626 his

309 1695 484 1749 verbis
517 1711 530 1746 :
561 1689 787 1744 Clamute
821 1681 1032 1738 multum
1055 1722 1068 1745 ,
1103 1695 1163 1730 ne
1189 1681 1316 1746 forte
1343 1671 1558 1724 dormiat
1594 1666 1716 1721 deus
1742 1675 1900 1717 vester

313 1788 470 1858 (Ibid.
496 1802 542 1838 υ.
571 1783 686 1851 27).
721 1780 908 1833 Postea
947 1789 1066 1826 cum
1110 1766 1357 1822 meridies
1388 1770 1562 1825 esset,
1600 1768 1652 1812 et
1693 1769 1900 1824 tempus

315 1881 658 1954 procederet,
687 1873 820 1927 dixit
869 1869 971 1923 illis
1002 1907 1016 1930 ,
1052 1861 1304 1917 Discedite
1349 1872 1481 1910 nunc
1505 1897 1518 1917 ,
1549 1862 1602 1905 ut
1629 1850 1813 1920 [ariam
1855 1858 1902 1899 et

314 1941 401 2044 ego
442 1972 791 2023 holocaustum
838 1977 1004 2014 nteum
1031 1954 1190 2026 (Ibid.
1224 1970 1270 2004 ιο.
1299 1951 1390 2020 '50)
1424 1966 1435 2000 :
1466 1955 1520 2001 et
1562 1943 1686 2000 fecit.
1713 1941 1899 2005 altare,

315 2077 367 2119 ct
393 2060 646 2132 impOSuit
681 2059 840 2124 ligna,
873 2062 926 2106 et
961 2051 1089 2103 dixit
1126 2066 1138 2100 :
1180 2043 1328 2098 Ferte
1366 2055 1547 2109 aquam
1592 2037 1645 2089 in
1691 2031 1906 2086 circuitu

315 2156 493 2210 altaris
513 2195 527 2217 ,
550 2161 600 2205 et
638 2149 856 2203 tulerunt
888 2160 904 2198 :
936 2141 1224 2207 Duplicate,
1251 2145 1294 2188 et
1343 2132 1728 2201 duplicat'erunt
1751 2139 1769 2188 ,'
1795 2122 1908 2175 Tri-

321 2215 522 2318 plicate,
547 2255 591 2298 et
621 2224 994 2309 tripiicavcrunt
1024 2229 1183 2302 (Ibid.
1215 2244 1260 2280 υ.
1285 2222 1374 2295 54)
1400 2220 1497 2293 (a).
1528 2215 1906 2273 Animadverte

318 2355 480 2411 quare
512 2335 562 2390 id
595 2333 752 2388 faciat
786 2328 981 2383 llclias.
1009 2321 1272 2390 Quoniam
1304 2315 1503 2371 erroris
1531 2323 1647 2364 mos
1673 2304 1908 2361 estveri-

324 2397 413 2486 {ali
443 2427 654 2498 propria
685 2422 994 2492 adiungere,
1027 2411 1168 2484 quod
1219 2408 1420 2464 faciunt
1457 2412 1511 2458 cl
1562 2397 1904 2458 meretrices,

323 2540 438 2594 quae
470 2523 927 2591 prmoccupantes,
960 2508 1154 2562 liberas
1194 2501 1443 2555 mulieres
1473 2491 1782 2549 meretrices
1819 2503 1913 2542 vo—

322 2626 466 2680 cant,
498 2623 552 2667 ut
580 2625 682 2665 non
713 2607 940 2662 habeant
970 2601 1072 2656 ιιιιυ
1093 2595 1218 2668 quid
1249 2590 1469 2648 convicii
1498 2587 1778 2656 objiciunt.

394 2711 447 2763 4.
496 2705 660 2759 Fraus
686 2697 900 2768 insignis
933 2691 1251 2746 sacerdotum
1279 2683 1644 2754 gentilium.—
1666 2678 1912 2736 Attamen

328 2801 507 2857 Ilelias
546 2796 630 2849 hic
660 2767 918 2860 sapientia
954 2783 1118 2837 utitur
1150 2775 1388 2848 :quare?
1424 2773 1474 2826 id
1506 2768 1645 2840 quod
1678 2767 1916 2821 dicturus

329 2909 444 2948 sum
465 2880 600 2944 ineis
626 2887 738 2954 ipse
764 2879 934 2936 oculis
968 2871 1240 2943 conspexi.
1272 2869 1328 2922 In
1361 2865 1623 2921 idolorum
1662 2857 1918 2913 altaribus

331 2984 586 3038 foramina
627 2973 870 3048 qumdam
909 2977 1032 3024 sunt
1074 2967 1126 3019 in
1170 2961 1422 3018 inferiore
1452 2955 1632 3010 altaris
1662 2957 1840 3021 parte,
1865 2958 1921 3002 et

330 3078 465 3133 infra
491 3041 662 3147 posita
682 3077 762 3123 est
778 3061 1020 3136 quaedam
1050 3059 1199 3111 fovea
1227 3051 1432 3108 occulta
1454 3065 1466 3102 :
1486 3041 1921 3108 descenduntqne

328 3170 528 3227 erroris
575 3163 808 3219 artifices
857 3158 909 3210 in
968 3153 1204 3214 foveam,
1245 3154 1298 3200 et
1337 3144 1414 3198 sic
1457 3156 1519 3195 ex
1576 3133 1922 3192 feraminiims

329 3262 587 3316 deorsum
621 3257 795 3324 ignem
820 3245 1104 3304 exsufflant
1132 3251 1342 3293 sursum
1363 3233 1429 3288 ad
1447 3227 1765 3286 sacrificium
1792 3237 1922 3278 cou-

339 3319 745 3414 licieudum,‘ita
768 3352 825 3398 ut
843 3339 992 3396 multi
1013 3335 1345 3403 decipiantur
1365 3337 1418 3383 et
1443 3331 1628 3396 putent
1656 3319 1922 3375 cmlestem

334 3461 455 3504 esse
487 3446 680 3512 ignem.
714 3436 792 3491 Ne
817 3433 976 3503 igitur
1012 3427 1186 3482 ilelias
1215 3424 1268 3476 in
1293 3417 1649 3489 suSpicionem
1689 3408 1919 3470 veniret,

337 3540 477 3611 quod
500 3550 554 3592 et
578 3537 689 3604 ipse
719 3527 892 3586 simile
909 3521 1176 3595 quidpiam
1196 3513 1530 3572 machinatus
1545 3514 1708 3571 esset,
1735 3515 1924 3572 aquam

337 3630 543 3694 effudit,
576 3635 632 3678 ut
662 3624 864 3677 foveam
897 3632 1001 3671 non
1041 3627 1162 3669 esse
1189 3622 1324 3678 aqua
1345 3604 1771 3658 demonstraret:
1806 3606 1926 3646 nam

339 3725 428 3778 ubi
451 3735 584 3790 aqua
615 3718 817 3771 foveam
847 3708 1067 3779 reperit,
1088 3717 1195 3757 non
1217 3696 1480 3759 consisdt,
1510 3691 1603 3746 sed
1624 3685 1926 3743 descendit.

345 3780 588 3887 Implevit
642 3811 802 3879 igitur
851 3805 1053 3864 altare,
1099 3804 1154 3851 et
1184 3797 1429 3864 precatus
1465 3794 1548 3841 est
1581 3784 1662 3837 his
1707 3780 1925 3835 verbis:

345 3908 548 3964 Exaudi
589 3921 698 3967 me,
737 3898 986 3960 Domine,
1030 3893 1082 3945 in
1128 3891 1244 3960 igne
1281 3875 1736 3938 Itodie:exaudisti
1775 3889 1853 3927 me
1878 3876 1930 3924 in

343 4017 494 4070 aqua,
523 3995 706 4051 exaudi
739 4007 816 4044 me
855 3999 901 4042 et
939 3987 989 4038 in
1027 3983 1143 4053 igne
1175 3980 1251 4048 ('5.
1290 3974 1414 4042 Reg.
1439 3971 1526 4025 I8.
1551 3969 1665 4036 37).
1700 3966 1768 4020 Et
1809 3977 1933 4016 ecce

345 4094 461 4162 ipso
497 4091 776 4143 invocantc
817 4075 1097 4132 confestim
1128 4070 1266 4140 ignis
1293 4062 1565 4121 descendit
1593 4061 1660 4114 de
1690 4057 1851 4119 cado,
1882 4063 1936 4107 et

342 4179 678 4248 consumpsit
694 4173 1008 4229 sacriﬁcium
1030 4175 1082 4220 et
1105 4161 1594 4232 lapides,etaquam
1614 4149 1933 4218 liuxitignis.

349 4273 485 4342 Quid
522 4281 699 4326 autem
735 4267 809 4318 ait
837 4259 1073 4333 populo?
1103 4248 1520 4323 Compreltendite
1547 4242 1826 4300 sacerdotes
1855 4239 1936 4291 in-
1964 4257 1974 4270 ι

350 4373 530 4437 (anites,
560 4373 717 4415 nemo
741 4363 982 4411 servetur
1002 4367 1066 4405 ex
1096 4348 1197 4402 illis
1223 4364 1234 4397 :
1267 4352 1316 4397 et
1347 4333 1868 4408 comprehendermtt
1888 4339 1940 4382 et

352 4459 665 4516 occiderunt
690 4469 807 4516 eos,
839 4447 1252 4520 quadringentos
1281 4447 1335 4494 et
1364 4431 1736 4505 quinquaginta
1765 4440 1942 4481 sacer—

351 4555 506 4608 dotes
536 4548 692 4608 Baal,
727 4555 774 4599 et
810 4540 1222 4611 quadringentos
1251 4527 1560 4584 sacerdotes
1585 4521 1939 4576 excelsorum.

355 4644 569 4699 Audivit
599 4637 814 4693 Iezabel
860 4648 991 4687 uxor
1031 4627 1210 4684 Achab
1233 4639 1292 4677 ea
1315 4638 1433 4690 quae
1464 4619 1596 4672 facta
1626 4615 1832 4668 fuerant
1853 4652 1866 4672 ,
1893 4617 1946 4662 et

355 4735 500 4789 misit
528 4731 593 4786 ad
626 4729 826 4784 Heliam
859 4725 1040 4777 dicens
1073 4738 1085 4774 :
1121 4717 1246 4772 Htrc
1275 4714 1464 4786 faciant
1491 4708 1612 4762 mihi
1641 4706 1735 4770 dii,
1765 4714 1809 4756 et
1841 4702 1946 4754 Itazc

355 4833 549 4882 addant
573 4867 588 4891 ,
625 4823 722 4876 nisi
752 4835 863 4872 cras
905 4830 1087 4885 ponam
1127 4811 1350 4864 animum
1383 4815 1519 4856 tuam
1559 4801 1686 4853 sicut
1727 4795 1949 4848 animant

356 4923 510 4977 unius
536 4886 705 4973 an...
727 4915 804 4985 (5.
831 4911 955 4981 Reg.
984 4909 1050 4964 -ι9
1088 4905 1174 4974 2.)
1200 4919 1212 4956 :
1240 4901 1324 4956 his
1353 4895 1567 4957 auditis,
1599 4891 1774 4946 llelias
1796 4886 1946 4954 fugit.

362 5014 588 5071 Ubinam
627 5017 708 5062 est
748 4977 927 5060 Helias
971 5001 1057 5053 ille
1103 4997 1220 5049 talis
1257 4984 1576 5057 tantusque?
1603 4984 1653 5035 in
1677 4977 1952 5052 proposito

361 5108 506 5164 enim
536 5101 664 5155 mihi
688 5107 770 5154 est
795 5092 1100 5151 ostendere,
1127 5087 1272 5140 illum
1294 5083 1342 5135 in
1370 5085 1642 5151 peccatum
1665 5069 1949 5125 incidisse:

367 5208 645 5271 peccatum
673 5191 812 5253 dico,
845 5201 949 5241 non
983 5191 1241 5237 accusans
1264 5175 1487 5244 justum,
1517 5167 1611 5222 sed
1638 5162 1820 5218 salutis
1842 5175 1948 5213 ma-

368 5250 384 5271 ,
411 5250 426 5253 -
445 5250 458 5251 κ
478 5250 490 5252 -
803 5250 808 5253 ,

366 5290 553 5344 teriam
583 5294 910 5354 procurans,
941 5283 998 5328 ut
1025 5287 1145 5327 cum
1176 5275 1388 5322 sanctos
1418 5263 1538 5315 illos
1567 5261 1848 5326 peccantes
1875 5250 1956 5303 vi-

367 5379 513 5433 deris
534 5418 549 5443 ,
581 5384 636 5429 et
669 5373 738 5426 de
770 5385 864 5423 sua
899 5366 1070 5419 salute
1101 5378 1204 5415 non
1232 5357 1611 5425 desperantes,
1639 5345 1732 5401 sed
1768 5343 1961 5398 divinae

370 5466 707 5537 benignitatis
738 5468 1012 5531 compotes
1059 5454 1225 5508 factos
1251 5491 1266 5517 ,
1300 5459 1352 5500 ιιι
1383 5441 1588 5498 etiamsi
1621 5452 1842 5509 pecces,
1879 5449 1964 5486 sa-

372 5524 534 5616 lutem
577 5524 877 5610 admodum-
904 5562 1112 5618 speres.
1143 5541 1274 5596 Cum
1305 5537 1525 5592 dixisset
1552 5528 1765 5588 Iezabel
1791 5569 1804 5590 ,
1838 5524 1962 5578 IIa'c

373 5653 566 5725 faciant
608 5647 729 5701 mihi
757 5646 859 5710 dii,
896 5615 952 5697 et
970 5642 1074 5692 hwc
1099 5635 1290 5689 addunt
1310 5674 1324 5696 ,
1368 5627 1466 5682 nisi
1493 5640 1610 5679 cras
1637 5633 1824 5692 ponam
1853 5615 1966 5670 ani-

439 5788 512 5848 (a)
547 5785 628 5835 Hic
650 5781 868 5848 quidam
892 5777 1166 5830 deerantin
1195 5769 1375 5829 Morel,
1402 5779 1510 5832 qure
1538 5778 1599 5816 ex
1615 5768 1722 5813 Mss.
1753 5765 1805 5810 ct
1822 5754 1960 5809 Savil.

367 5861 666 5906 mutuantur.

1991 748 2230 816 dragiuta
2255 745 2461 799 dierum
2490 743 2663 812 spatio
2691 741 2821 812 fugit
2855 759 2867 795 :
2901 755 3005 794 non
3039 754 3142 792 uno
3169 739 3254 793 die
3275 781 3289 804 ,
3316 754 3420 792 nun
3446 737 3586 792 duo-

1994 841 2121 905 bus,
2176 855 2280 892 non
2328 838 2527 902 tribus;
2571 836 2664 889 sed
2703 851 2822 889 cum
2867 834 3096 903 primum
3135 832 3370 885 mulieris
3409 846 3588 885 sermo

1994 935 2140 988 venit
2167 933 2231 985 ad
2262 931 2599 1001 prophetam,
2625 945 2732 997 prze
2771 939 2912 983 metu
2941 928 3186 981 nesciens
3212 926 3336 994 quid
3365 935 3544 995 ageret
3568 965 3584 991 ,

1997 1035 2194 1078 tantam
2223 1024 2396 1093 fugant
2427 1023 2568 1076 fecit.
2601 1022 2734 1086 Quid
2761 1022 2859 1074 hoc
2890 1029 2990 1085 est,
3025 1019 3211 1073 llclia?
3244 1031 3370 1073 tune
3395 1019 3481 1073 ille
3502 1032 3586 1082 es,

1996 1117 2087 1186 qui
2114 1117 2303 1171 eat-lum
2334 1114 2568 1168 clausisti
2594 1155 2605 1172 ,
2635 1113 2859 1180 pluviam
2890 1111 3126 1174 frenasti,
3155 1111 3263 1164 aeri
3293 1109 3587 1179 imperasti,

1999 1212 2172 1279 ignem
2215 1224 2278 1263 ex
2319 1208 2426 1260 alto
2447 1207 2716 1271 evocasti,
2751 1205 3058 1258 sacerdotes
3085 1203 3418 1263 interfecisti,
3478 1203 3589 1270 regi

1999 1301 2186 1356 Achab
2221 1299 2398 1354 dixisti
2421 1339 2434 1362 ,
2467 1297 2544 1352 Tu
2571 1314 2622 1350 es
2647 1298 2732 1366 qui
2763 1297 3008 1350 subvenis
3035 1293 3277 1348 Israelem
3298 1334 3314 1358 ,
3343 1303 3387 1346 et
3413 1294 3593 1346 domus

2003 1393 2158 1462 patris
2191 1392 2264 1445 tui
2292 1392 2364 1461 (5.
2393 1391 2519 1459 Reg.
2547 1389 2632 1443 18.
2661 1390 2745 1442 l7.
2802 1396 2855 1443 et
2896 1386 2998 1458 18)
3031 1403 3046 1451 ς
3115 1386 3203 1454 qui
3225 1385 3426 1445 dixisti,
3461 1382 3597 1436 Vivit

2002 1484 2274 1548 Dominus,
2316 1483 2358 1535 si
2406 1482 2499 1534 erit
2540 1480 2742 1551 pluvia,
2798 1479 2896 1533 nisi
2946 1495 3034 1545 per
3088 1494 3144 1531 os
3200 1493 3420 1542 meum;
3503 1475 3594 1545 qui

2007 1578 2182 1632 vidum
2225 1577 2438 1632 domum
2472 1589 2648 1629 arcam
2690 1585 2744 1628 et
2784 1571 3174 1641 manipulorum
3218 1572 3424 1639 copiam
3463 1570 3598 1624 elic-

2005 1671 2121 1723 cisti
2148 1669 2285 1744 ,[qui
2326 1667 2604 1721 elementis
2651 1663 2998 1733 imperavisti,
3031 1676 3334 1715 sermonem
3359 1662 3600 1715 meretri-

2007 1762 2084 1814 cis
2114 1759 2362 1812 audivisti
2396 1768 2447 1811 et
2477 1756 2673 1826 fugisti,
2704 1764 2755 1808 et
2780 1770 2882 1808 una
2917 1753 3108 1806 mulier
3138 1762 3189 1807 te
3210 1753 3474 1820 captivum
3497 1751 3596 1804 ab-

2008 1851 2198 1905 ducit?
2229 1851 2370 1903 Duas
2399 1863 2548 1902 arces
2583 1844 2896 1916 (licclesiar)
2927 1862 3027 1896 una
3061 1843 3217 1912 fregit
3243 1825 3550 1896 muliercula
3585 1859 3598 1892 :

2009 1945 2200 1998 Petrus
2229 1943 2459 2012 puellam
2489 1942 2686 1994 veritus
2715 1947 2816 2004 est,
2845 1947 2897 1991 et
2919 1937 3004 1991 ille
3024 1936 3267 1999 Iezabel;
3316 1935 3367 1987 in
3412 1932 3600 1988 eadem

2010 2048 2226 2109 peccata
2272 2035 2505 2106 prolapsi
2553 2043 2695 2086 sunt.
2747 2031 2814 2085 Et
2853 2028 3181 2099 fugitllelias
3209 2028 3345 2081 viam
3369 2025 3598 2094 quadra-

2014 2133 2153 2202 ginta
2185 2130 2411 2184 dierum.
2444 2126 2543 2182 Ubi
2574 2134 2656 2181 est
2680 2125 2824 2178 zelus
2849 2131 2990 2185 tuus,
3023 2121 3192 2185 llelia,
3221 2117 3436 2188 quando
3458 2117 3606 2170 dice-

2015 2227 2110 2280 bas
2130 2266 2144 2287 ,
2193 2223 2323 2276 Vit-it
2359 2221 2624 2284 Dominus,
2659 2219 2701 2270 si
2728 2217 2818 2270 erit
2857 2215 3047 2285 pluvia,
3077 2214 3172 2266 nisi
3201 2228 3289 2281 per
3314 2226 3369 2264 os
3396 2208 3606 2262 meum?

2016 2316 2226 2388 quando
2254 2313 2439 2369 Achab
2466 2327 2640 2380 regem
2671 2307 3008 2377 vituperabas
3029 2302 3285 2372 ,]quando
3304 2301 3477 2370 ignem
3506 2313 3600 2351 vo-

2017 2409 2148 2464 casti
2179 2405 2298 2479 (a)?
2367 2405 2532 2459 Tanta
2575 2413 2824 2470 cperatus
2845 2439 2858 2464 ,
2893 2407 2942 2450 et
2972 2395 3210 2448 mulieris
3237 2394 3394 2446 unius
3425 2403 3608 2443 vocem

2020 2520 2124 2558 non
2157 2501 2356 2556 tulisti?
2392 2497 2493 2553 Ubi
2515 2505 2595 2551 est
2621 2495 2707 2549 illa
2734 2504 2820 2546 tua
2843 2489 3160 2551 censtantia,
3184 2502 3304 2541 cmn
3331 2485 3610 2539 Domimnn

2022 2613 2212 2668 rogare
2255 2593 2470 2649 noluisti
2498 2632 2512 2654 ,
2542 2600 2600 2642 ut
2631 2587 2859 2656 pluviam
2892 2584 3044 2637 daret
3077 2579 3276 2636 terrm?
3302 2577 3444 2631 clare
3469 2575 3612 2630 enim

2022 2667 2389 2744 subindicabat
2409 2683 2524 2747 tibi,
2549 2695 2611 2734 ac
2640 2680 2683 2732 si
2712 2677 2911 2731 diceret
2937 2694 2947 2727 :
2975 2673 3120 2742 Roga
3153 2685 3247 2741 pro
3272 2668 3467 2739 pluvia,
3493 2667 3615 2720 licet

2021 2795 2120 2852 ego
2147 2780 2261 2833 sine
2289 2787 2339 2832 te
2363 2775 2490 2828 dare
2520 2771 2735 2841 possim,
2767 2766 2862 2822 sed
2888 2765 3050 2830 nolui,
3083 2772 3138 2817 ut
3164 2757 3610 2832 quemadmodum

2024 2873 2286 2927 malorum
2332 2865 2648 2921 conciliator
2688 2860 2870 2921 fuisti,
2921 2858 2993 2910 ita
3031 2865 3085 2909 et
3135 2853 3395 2908 bonorum
3427 2848 3531 2902 dux
3561 2857 3618 2902 et

2025 2973 2208 3018 auctor
2252 2962 2344 3013 sis.
2391 2955 2582 3011 Fecisti
2626 2953 2805 3016 enim,
2852 2947 3034 3011 llelia,
3079 2961 3191 3000 rem
3234 2939 3618 2996 inhumanitate

2025 3055 2238 3125 plenam
2262 3067 2275 3115 ;
2309 3049 2448 3104 Deus
2476 3060 2601 3100 vero
2631 3059 2695 3098 ex
2729 3040 3031 3096 calamitate
3058 3031 3422 3090 misericordia
3444 3039 3620 3084 motus

2030 3160 2166 3215 erat,
2188 3151 2309 3221 quia
2334 3145 2570 3201 omnium
2595 3142 2706 3211 ipse
2728 3146 2937 3192 creator
2963 3145 3015 3189 et
3041 3131 3215 3203 epifex
3239 3139 3317 3183 est
3338 3145 3352 3192 ;
3383 3125 3621 3181 omnium

2030 3244 2227 3316 pariter
2264 3247 2477 3295 curator
2518 3241 2636 3299 est,
2682 3230 2950 3297 voluitque
2995 3222 3432 3279 inhumanitatem
3480 3226 3624 3270 tuam

2031 3335 2273 3392 emollire
2299 3371 2312 3394 ,
2367 3338 2421 3383 et
2464 3337 2518 3381 tu
2567 3326 2618 3378 in
2662 3324 2747 3376 illa
2796 3315 3198 3388 perseverabas.
3235 3311 3453 3365 Dicebat
3481 3307 3622 3371 tibi,

2033 3429 2164 3485 Novi
2195 3423 2549 3479 calamitatem
2580 3431 2698 3486 qum
2722 3411 2952 3471 accidit,
3003 3407 3124 3462 novi
3174 3413 3399 3458 matrmn
3446 3398 3622 3462 ﬂetus,

2037 3520 2159 3576 novi
2207 3527 2491 3587 puerormn
2539 3507 2773 3562 ululatus
2803 3520 2816 3555 :
2849 3501 3002 3553 video
3033 3506 3228 3550 terram
3255 3535 3268 3554 ,
3298 3506 3455 3561 quam
3486 3488 3584 3542 feci
3610 3527 3625 3550 ,

2034 3613 2264 3666 deletam
2290 3647 2305 3672 ,
2353 3611 2412 3656 et
2454 3600 2576 3655 volo
2614 3596 2840 3664 benigne
2870 3606 2990 3645 cum
3021 3587 3107 3640 illa
3134 3599 3330 3654 agere;
3364 3579 3455 3634 sed
3502 3577 3629 3632 nolo

2035 3712 2212 3758 tamen
2245 3708 2296 3752 te
2325 3693 2522 3764 probro
2563 3688 2781 3744 afficere
2804 3726 2819 3748 ,
2872 3695 3044 3748 neque
3073 3680 3188 3730 sine
3219 3684 3308 3727 tuo
3337 3678 3466 3725 nutu
3513 3668 3630 3737 plu-

2038 3797 2176 3849 viam
2224 3790 2440 3844 mittere
2464 3823 2479 3850 ,
2513 3797 2580 3835 ne
2604 3778 2869 3834 malorum
2913 3782 2969 3825 tu
3005 3783 3166 3823 causa
3215 3765 3292 3819 sis
3315 3805 3331 3828 ,
3367 3762 3628 3816 honorum

2043 3901 2172 3942 vero
2218 3897 2321 3937 non
2363 3881 2488 3933 item
2517 3893 2530 3941 ;
2581 3873 2675 3926 sed
2716 3881 2765 3924 te
2793 3869 2844 3922 in
2874 3867 3079 3919 honore
3122 3859 3314 3913 habeo.
3343 3856 3386 3910 Ο
3419 3853 3629 3908 Domini

2043 3977 2423 4035 humanitatem
2491 3961 2864 4023 benevolentia
2933 3971 3058 4025 erga
3121 3965 3338 4006 servum
3407 3959 3632 4015 supcra-

2043 4085 2147 4127 tam
2179 4068 2289 4140 (b)!
2322 4063 2501 4119 llelias
2534 4070 2711 4112 tamen
2755 4053 2935 4107 multae
2960 4055 3078 4101 erat
3104 4040 3417 4110 arrogantia:
3439 4078 3454 4102 ,
3484 4034 3634 4105 quasi

2043 4158 2404 4235 impeccabilis
2439 4173 2452 4209 :
2483 4166 2624 4208 nunc
2653 4157 2828 4201 autem
2861 4145 2910 4197 in
2941 4147 3217 4210 peceatum
3253 4135 3432 4202 lapsus
3456 4139 3637 4182 osten-

2045 4273 2135 4313 sus
2168 4264 2282 4317 cst,
2322 4252 2436 4304 Deo
2478 4243 2818 4315 permittente
2845 4250 2906 4288 ac
2935 4229 3251 4302 providente
3273 4267 3286 4289 ,
3324 4233 3380 4277 ut
3407 4221 3638 4275 humane

2048 4351 2258 4406 habitus
2285 4388 2297 4410 ,
2330 4357 2451 4412 erga
2497 4338 2630 4391 alios
2660 4343 2713 4387 et
2743 4333 2856 4400 ipse
2885 4343 2989 4380 nou
3021 4322 3342 4376 inhumanus
3372 4322 3536 4369 esset.
3572 4309 3638 4363 Et

2047 4445 2197 4516 fugit,
2230 4405 2421 4508 inquit:
2455 4431 2632 4486 Helias
2656 4427 2788 4479 viam
2811 4423 3005 4474 dierum
3040 4411 3376 4504 quadraginta
3404 4409 3478 4478 (5.
3509 4405 3635 4474 Iieg.

2051 4493 2242 4602 i9ii8').
2273 4493 2498 4586 libitiam
2530 4530 2648 4576 sunt
2679 4518 2765 4572 illa
2791 4513 2972 4575 verba,
2997 4493 3113 4576 qua;
3141 4519 3259 4559 cum
3292 4501 3356 4554 ad
3381 4500 3644 4568 quinqua-

2051 4630 2295 4704 genarias
2321 4622 2561 4682 dixisset,
2595 4609 2869 4669 descendit
2901 4604 3056 4674 ignis,
3082 4608 3135 4654 et
3163 4597 3282 4651 illos
3314 4587 3641 4648 combussit!

2790 4702 2821 4704 ’-
2927 4699 2956 4704 “
3312 4686 3354 4704 '4
3391 4680 3640 4704 μ--ἒ----ΛΑ

2052 4680 2180 4781 Eum
2211 4722 2370 4791 igitur
2398 4713 2674 4770 declarare
2719 4702 2882 4757 vellet
2927 4699 3064 4751 Deus
3088 4731 3102 4756 ,
3149 4686 3362 4759 quando
3391 4680 3643 4736 miracula

2057 4823 2166 4890 ipsa
2217 4772 2407 4870 tierent
2431 4852 2445 4876 ,
2494 4819 2599 4861 non
2650 4799 2856 4855 lleliam
2881 4835 2896 4855 ,
2931 4789 3024 4846 sed
3058 4787 3149 4842 Dei
3179 4787 3425 4837 virtutem
3454 4776 3540 4830 illa
3568 4772 3646 4828 fc-

2829 4889 2832 4890 ⁷
3225 4876 3287 4890 δέ
3344 4888 3353 4890 ~
3401 4868 3618 4890 Α-ι-...ςιη-

2057 4868 2223 4973 cisse,
2268 4906 2389 4960 vide
2433 4899 2557 4972 quid
2601 4894 2776 4949 faciat.
2808 4889 2923 4956 Quo
2956 4892 3196 4949 tempore
3225 4876 3362 4928 Deus
3393 4868 3650 4939 operaba-

2062 5015 2145 5059 tur
2167 5045 2182 5065 ,
2225 5014 2378 5069 reges
2402 5036 2415 5058 ,
2447 4990 2714 5064 principes
2743 4992 2795 5036 et
2828 4977 3003 5048 pepuli
3035 4970 3293 5026 cadebant
3319 4983 3332 5030 ;
3366 4980 3485 5019 cum
3515 4974 3647 5013 vero

2062 5102 2200 5154 Deus
2229 5090 2504 5148 abscessit,
2537 5083 2616 5137 vel
2646 5077 2832 5132 mulier
2863 5067 3114 5125 terribilis
3140 5064 3251 5117 visa
3279 5067 3362 5114 cst
3396 5075 3408 5112 :
3440 5055 3654 5108 absces-

2062 5192 2128 5246 sit
2163 5189 2300 5242 Deus
2324 5225 2338 5248 ,
2381 5189 2434 5234 et
2473 5178 2700 5230 humana
2746 5174 2932 5220 natura
2981 5161 3226 5226 superata
3268 5159 3368 5204 est.
3406 5148 3652 5198 Attamen

2064 5299 2184 5341 cum
2216 5233 2435 5348 fugisset
2460 5270 2640 5328 Ilclias
2667 5262 2854 5318 diebus
2884 5250 3251 5326 quadraginta,
3281 5241 3421 5294 venit
3450 5233 3656 5289 dormi-

3131 5341 3141 5348 .
3351 5333 3388 5348 η
3428 5341 3487 5348 η,
3556 5324 3629 5348 nn

2068 5382 2246 5449 vitque
2271 5324 2499 5444 ('iuodam
2531 5365 2582 5419 iu
2615 5360 2772 5423 loco,
2803 5351 3050 5420 venitque
3079 5341 3144 5397 ad
3173 5340 3318 5394 illum
3351 5333 3520 5392 Deus,
3556 5324 3660 5379 Do-

2133 5622 2206 5685 (a)
2238 5601 2873 5685 Quae_uncinis_clauduntnr
2905 5607 2934 5643 a
2971 5582 3164 5639 Montef.
3189 5579 3364 5631 omissa
3410 5574 3542 5626 sunt,
3585 5562 3670 5611 hic

2076 5671 2203 5737 vero,
2219 5671 2444 5730 c‘Savilio
2466 5671 2712 5722 restituta.
3338 5701 3347 5712 .

2546 5731 2557 5737 ’
2735 5724 2822 5737 ""‘
2875 5716 3073 5737 "AM-"‘9
3121 5715 3310 5737 hnnnnn
3338 5713 3347 5737 t

2139 5699 2194 5733 ro
2219 5697 2247 5730 c
2272 5691 2444 5728 SilVlllt)
2466 5691 2712 5722 Γυδιιιυιά.
3338 5701 3347 5712 ⁸

2138 5745 2211 5809 (b)
2245 5743 2327 5790 ttic
2353 5741 2400 5788 in
2417 5724 2850 5809 atere-inquieti?“
2870 5715 3313 5809 deﬁtfgt‘t‘t'knecnon
3338 5711 3387 5750 ιιι
3410 5691 3664 5752 sermonu-

2078 5776 2327 5869 θυέἶᾞὶἱὶἔ
2733 5781 2872 5836 Savil.
2901 5776 3144 5828 sarsimus.
