4080 6198
433 371 535 426 755

433 487 611 540 minus
636 484 701 539 ad
731 497 982 548 servum;
1029 481 1116 536 ille
1139 521 1153 545 ,
1197 480 1408 548 inquam
1435 516 1450 543 ,
1494 483 1709 530 curator
1745 484 1798 528 et
1834 488 2024 529 amans

439 579 709 630 hominum
745 593 757 628 :
787 585 842 629 et
869 573 994 644 quid
1022 573 1138 626 ait?
1163 586 1358 642 gnarus
1384 568 1597 638 quidem
1627 582 1728 636 qua
1759 565 1826 620 de
1862 579 2020 618 causa

435 670 569 723 istuc
592 669 843 732 venisset,
862 675 1096 719 attamen
1117 664 1451 732 sciscitatur:
1478 660 1614 728 Quid
1635 670 1688 713 tu
1707 659 1807 724 hic,
1835 657 2024 712 Helia?

434 761 556 830 quid
579 761 659 812 hic
680 761 788 829 agis
812 759 829 828 (
874 759 958 814 Ib.
983 760 1036 815 9.
1074 775 1182 828 sqq.
1215 761 1234 831 )
1276 752 1662 808 ?subindicans
1682 749 1798 819 ejus
1825 748 2019 818 fugam,

441 867 503 905 ac
533 853 576 904 si
601 851 803 904 diceret
835 867 848 900 :
884 846 1082 916 Fugiin
1111 862 1126 900 :
1159 845 1244 899 ubi
1276 853 1358 899 est
1388 844 1474 897 illa
1505 840 1733 896 fiducia?
1759 840 1826 894 Ut
1850 839 2024 894 discas

439 941 642 994 viribus
671 941 775 993 tuis
799 956 904 992 non
931 937 1224 993 confidere.
1269 935 1404 1003 Quid
1436 945 1489 988 tu
1523 934 1605 987 hic
1627 975 1644 998 ,
1691 932 1877 987 Helia?
1901 931 2024 1001 quid

436 1033 518 1084 hic
553 1031 713 1100 agis?
741 1028 1037 1098 Respondit
1059 1039 1234 1082 tamen
1263 1026 1441 1081 llelias
1463 1067 1479 1091 ,
1507 1026 1608 1081 alia
1641 1024 1692 1078 in
1723 1032 1902 1078 mente
1931 1022 2025 1077 ha-

434 1122 566 1176 bens
589 1161 605 1187 ,
631 1130 686 1175 et
707 1121 807 1173 alia
847 1121 1052 1174 dicens.
1079 1117 1214 1185 Quid
1255 1116 1413 1186 igitur
1439 1115 1505 1168 ad
1535 1115 1650 1168 hare
1681 1113 1891 1168 llelias?
1915 1111 2022 1166 Do-

438 1214 592 1276 mine,
623 1212 894 1282 proyhetas
923 1221 1032 1263 tuos
1059 1208 1347 1262 occiderunt
1369 1249 1382 1268 ,
1410 1215 1456 1259 et
1483 1205 1666 1260 altaria
1693 1215 1776 1256 tua
1802 1201 2024 1270 suffode-

435 1313 551 1356 ruut
577 1319 595 1356 :
625 1312 670 1354 et
711 1318 802 1371 ego
852 1301 1059 1354 relictus
1104 1314 1216 1351 sum
1258 1297 1429 1360 solus,
1456 1306 1502 1349 et
1531 1305 1762 1364 quwrunt
1801 1295 2022 1346 animant

437 1409 598 1446 meam
627 1433 640 1454 ,
673 1404 727 1447 ut
757 1394 994 1462 auferant
1037 1405 1169 1443 eam.
1213 1387 1348 1454 Quid
1380 1387 1536 1455 igitur
1564 1385 1628 1439 ad
1659 1386 1807 1438 illum
1841 1383 2022 1438 Deus?

437 1484 616 1538 statim
654 1483 799 1538 illum
833 1481 1119 1550 redarguit.
1157 1478 1272 1533 Non
1305 1478 1423 1532 ideo
1453 1477 1659 1546 fugisti,
1684 1475 1852 1546 inquit
1873 1515 1888 1538 ,
1921 1475 2024 1530 lle-

436 1575 542 1636 lia;
589 1588 691 1628 non
736 1573 876 1628 enim
921 1581 973 1625 tu
1017 1571 1160 1625 solus
1187 1585 1279 1634 es,
1310 1569 1399 1638 qui
1437 1585 1543 1621 non
1589 1567 1823 1621 adorasti
1855 1566 2019 1621 Baal:

439 1663 564 1718 hinc
591 1664 738 1717 illum
769 1663 1090 1731 redargueus
1121 1660 1396 1729 suhjungit
1420 1677 1432 1712 :
1460 1659 1662 1728 Reliqui
1690 1658 1812 1713 mihi
1837 1668 2023 1727 septem

440 1759 602 1812 millia
631 1758 870 1817 virorum,
901 1755 985 1821 qui
1007 1771 1108 1809 non
1124 1761 1450 1807 curvaverunt
1469 1769 1597 1823 genu
1619 1762 1736 1805 ante
1752 1750 1883 1808 Baal
1915 1750 2020 1820 (Ib.

436 1865 484 1903 υ.
521 1847 633 1919 l8.)
668 1847 955 1917 Redarguit
977 1846 1132 1915 igitur
1155 1845 1324 1908 illum,
1356 1843 1498 1914 quod
1524 1859 1628 1898 non
1657 1858 1774 1898 eam
1802 1842 1872 1897 ob
1897 1857 2024 1896 cau-

440 1956 554 1993 sam
583 1938 824 2009 fngissct,
853 1936 946 1992 sed
978 1935 1217 1992 mulieris
1241 1943 1383 1989 metu
1414 1943 1690 2002 correptus
1717 1933 1756 1984 ¹.
1788 1931 1876 1987 Sic
1903 1946 2022 1986 mu-

438 2035 538 2087 lier
565 2048 666 2087 una
700 2031 856 2086 talem
887 2039 1196 2097 tantumque
1216 2027 1389 2081 virum
1418 2024 1692 2095 fugitivum
1721 2021 1898 2078 effecit
1917 2062 1932 2087 ,
1967 2030 2023 2076 ut

437 2123 636 2186 discas,
669 2121 840 2185 Helia,
869 2134 990 2174 cum
1019 2116 1220 2187 aliquid
1251 2115 1562 2170 admirabile
1584 2113 1774 2169 feceris
1793 2155 1808 2179 ,
1837 2112 1888 2166 id
1915 2126 2020 2166 non

437 2212 528 2264 tibi
550 2208 955 2266 adscribendum
982 2222 1101 2262 esse
1124 2209 1169 2273 ’,
1192 2205 1287 2260 sed
1316 2204 1406 2260 Dci
1439 2203 1644 2258 virtuti.
1671 2202 1856 2257 Vidisﬁ
1882 2216 2019 2271 quo-

437 2301 598 2355 modo
627 2299 934 2355 discedente
969 2298 1137 2369 gratia
1162 2337 1177 2362 ,
1216 2302 1464 2366 superata
1499 2294 1570 2350 sit
1611 2292 1840 2348 natura?
1865 2291 2022 2363 Fugit

441 2392 618 2448 Helias
643 2393 818 2445 itinere
837 2391 1031 2444 dierum
1051 2389 1409 2461 quadraginta.
1431 2386 1476 2442 0
1497 2387 1740 2442 timorem
1763 2385 1981 2442 nituium
2003 2385 2017 2440 1

437 2499 472 2539 o
502 2482 801 2538 formidinis
830 2479 1249 2537 vehementiam!
1281 2495 1386 2533 non
1412 2493 1521 2533 uno
1541 2519 1556 2544 ,
1586 2487 1679 2533 aut
1703 2477 1872 2532 altero
1893 2518 1908 2544 ,
1930 2484 2023 2530 aut

439 2575 635 2643 tertio,
680 2574 773 2630 sed
821 2571 1168 2645 quadraginta
1208 2570 1398 2626 diebus
1436 2569 1600 2640 fugit,
1630 2576 1684 2624 et
1711 2568 1777 2623 ad
1802 2567 2020 2622 omnino

439 2668 701 2722 desertam
743 2666 1016 2738 regionem
1057 2680 1118 2720 se
1147 2663 1399 2732 contulit,
1440 2677 1548 2717 non
1588 2661 1739 2728 cibo,
1783 2674 1891 2720 non
1917 2659 2018 2714 ali-

438 2768 620 2814 mento
657 2758 905 2829 quopiam
933 2756 1226 2814 instructus
1253 2773 1266 2810 :
1291 2763 1436 2809 metu
1465 2753 1661 2825 quippe
1697 2752 1876 2808 ebrius
1905 2749 2020 2807 haec

436 2865 540 2905 non
564 2850 822 2912 curabat,
851 2848 946 2903 sed
971 2849 1183 2902 deserta
1223 2846 1342 2902 loca
1367 2845 1692 2902 sectabatur.
1717 2845 2016 2916 lngressnm

442 2950 525 2997 est
553 2941 789 2996 mulieris
818 2941 1036 2996 verbum
1068 2940 1120 2996 in
1149 2940 1484 3008 pr0phetam,
1512 2946 1566 2993 et
1585 2937 1734 3008 quasi
1755 2935 2019 3007 zephyros

433 3033 777 3088 vehementer
814 3033 866 3088 in
900 3033 1078 3088 velum
1114 3030 1334 3088 sulllans
1370 3031 1638 3101 navigium
1669 3045 1792 3086 cum
1817 3029 2016 3100 impetu

500 3209 515 3239 ι
527 3213 603 3276 __tn
618 3204 782 3276 ,δας-11.)
798 3205 922 3268 quia
943 3218 1163 3276 non-eam
1183 3205 1242 3256 ob
1281 3217 1479 3256 causam
1499 3203 1684 3270 fugisti,
1707 3202 1794 3256 sed
1819 3207 2016 3267 propter

434 3266 654 3318 mutin’is
677 3266 852 3316 metum
875 3266 1132 3317 recessisti.

489 3331 520 3378 εξ
553 3327 718 3381 Itorel.
743 3333 796 3377 et
817 3327 1030 3389 nomen,
1054 3335 1106 3381 ut
1129 3327 1413 3383 discas......
1428 3326 1482 3378 id
1505 3339 1599 3381 non
1620 3325 1708 3381 tibi
1720 3324 1959 3381 adscribe.

1268 361 1326 420 S.
1357 361 1634 418 JOANNIS
1657 356 2128 416 CllllYSOSTOMI
2155 357 2471 415 ARCHIEP.
2511 357 3043 414 CONS'I‘ANTINOP.

3611 363 3720 420 7'56

2127 474 2471 539 transmittit;
2527 473 2606 530 sic
2642 473 2865 528 verbum
2914 472 3151 529 mulleris
3183 472 3234 528 iu
3274 473 3588 545 prophetam
3628 478 3714 532 in-

2124 579 2402 634 gressum,
2455 564 2601 618 illum
2649 579 2770 618 cum
2817 564 3017 633 impetu
3057 564 3108 617 in
3143 563 3414 640 desertum
3457 569 3712 636 conjecit.

2130 655 2382 721 Ubinam,
2410 655 2560 711 Helia
2583 696 2599 723 ,
2623 655 2710 711 illa
2735 665 2821 709 tua
2846 655 3098 725 loquendi
3121 656 3380 712 libertas?
3411 657 3625 712 ubinam
3651 675 3716 712 os

2129 748 2256 802 illud
2284 747 2550 802 terribile?
2577 747 2665 800 ubi
2691 747 2869 817 lingua
2899 747 2986 801 illa
3008 747 3254 802 imbrium
3277 749 3663 817 suppeditatrix
3690 752 3715 802 ἲ

2127 839 2215 894 ubi
2239 839 2346 905 ille,
2370 839 2461 908 qui
2492 839 2728 908 utrisque
2756 838 3036 895 clementis
3063 837 3439 909 praecipiebat,
3470 851 3522 895 et
3555 842 3719 896 modo

2127 932 2315 986 caelum
2354 931 2675 997 claudebat,
2705 931 2866 987 modo
2918 931 3092 1000 ignem
3139 931 3393 986 evocabat
3418 932 3484 987 ad
3506 935 3714 988 sacrifi~

2126 1025 2266 1080 cium
2287 1025 2310 1079 ?
2332 1027 2579 1079 Attamen
2598 1065 2614 1089 ,
2664 1033 2720 1098 ut
2743 1023 2888 1088 dixi,
2918 1023 3032 1078 ha:c
3057 1021 3284 1078 faciebat
3311 1033 3566 1094 operante
3592 1039 3715 1094 gra~

2128 1116 2198 1169 tia
2219 1115 2599 1186 ;quamobrcm
2621 1130 2652 1168 a
2676 1116 2784 1169 Deo
2809 1113 3163 1184 redarguitur.
3187 1113 3349 1169 Vides
3367 1114 3636 1185 quomodo
3659 1115 3714 1170 in

2129 1216 2400 1278 peccatum
2429 1207 2555 1262 illud
2586 1208 2833 1278 exiguum
2863 1207 3056 1264 cadere
3086 1206 3380 1276 permissus
3406 1207 3514 1272 sit,
3540 1215 3599 1261 ut
3627 1207 3714 1262 in-

2129 1310 2278 1370 tegro
2303 1300 2644 1370 benignitatis
2679 1300 2876 1356 amictu
2902 1314 2960 1354 se
2981 1298 3261 1355 indueret?
3301 1299 3522 1353 Demutn
3546 1339 3563 1364 ,
3607 1298 3715 1354 Ile-

2128 1391 2219 1456 lia,
2253 1390 2494 1446 eruditus
2524 1405 2617 1456 es;
2648 1401 2764 1445 esto
2798 1391 3055 1460 benignus
3089 1389 3226 1445 sicut
3265 1389 3520 1446 Dominus
3546 1399 3669 1445 tuus
3690 1433 3713 1458 ,

2130 1492 2187 1538 ιιι
2213 1483 2450 1538 eruditus
2474 1496 2553 1545 es,
2588 1491 2645 1535 ut
2669 1481 2896 1536 didicisti
2919 1497 2948 1534 a
2975 1480 3200 1539 Domino
3229 1488 3339 1534 tuo.
3365 1479 3549 1536 Vidisti
3577 1495 3714 1552 quo-

2127 1572 2286 1627 modo
2326 1571 2626 1642 permiserit
2667 1572 2806 1626 Deus
2847 1571 2900 1627 in
2935 1571 3181 1642 exiguum
3218 1579 3490 1644 peccatum
3518 1571 3714 1627 cadere

2127 1666 2406 1722 columnas
2432 1664 2570 1728 illas,
2601 1662 3016 1734 pr0pugnacula,
3040 1662 3252 1718 turres?
3273 1677 3341 1718 ne
3365 1662 3409 1716 si
3438 1663 3655 1717 omnino
3679 1678 3714 1718 τι

2127 1759 2361 1827 peccatis
2391 1767 2644 1826 expertes
2672 1765 2890 1821 essent,
2924 1769 3113 1812 omnes
3137 1754 3205 1810 ab
3231 1754 3467 1813 Ecclesia
3497 1755 3713 1812 exscius

2125 1849 2349 1914 dcrent;
2383 1857 2439 1902 ut
2458 1862 2579 1902 cum
2624 1847 2856 1916 aliquem
2901 1855 3208 1916 peccantem
3246 1845 3514 1912 viderint,
3550 1853 3716 1916 atque

2125 1938 2194 1994 ad
2244 1937 2394 1994 illum
2435 1939 2553 1994 sine
2597 1937 2961 1993 misericordia
3006 1935 3377 2006 excipiendum
3409 1937 3561 2006 proni
3597 1935 3715 1992 fue-

2126 2031 2251 2096 rint,
2281 2029 2630 2085 recordentur
2657 2029 2861 2101 peccati
2877 2017 2980 2090 sui,
3005 2037 3056 2082 et
3083 2027 3325 2082 eamdem
3350 2027 3400 2083 ei
3424 2037 3714 2083 exerceant

2125 2121 2530 2192 benignitatem,
2553 2136 2708 2190 quam
2731 2129 2783 2174 et
2805 2120 2902 2189 ipsi
2926 2118 3240 2189 consequuti
3262 2127 3383 2173 sunt
3405 2134 3434 2173 a
3460 2119 3709 2177 Domino.

2125 2211 2252 2266 Hmc
2270 2211 2520 2273 diximus,
2551 2226 2658 2264 non
2687 2219 2743 2264 ut
2757 2209 2933 2280 justos
2957 2209 3075 2262 illos
3102 2223 3491 2275 accusaremus,
3523 2210 3618 2264 sed
3648 2218 3708 2266 ut

2125 2302 2277 2357 vobis
2302 2303 2441 2357 viam
2481 2300 2668 2358 salutis
2706 2315 3165 2372 prmpararemus;
3211 2309 3268 2354 ut
3301 2317 3421 2355 cum
3451 2315 3711 2370 peccare-

2125 2393 2265 2460 ritis,
2296 2408 2363 2448 ne
2388 2392 2681 2463 desperetis
2705 2390 2772 2447 de
2800 2391 2970 2450 salute
2998 2401 3176 2446 vestra
3193 2432 3208 2458 ,
3249 2407 3512 2447 memores
3532 2392 3712 2460 justo.

2123 2501 2244 2543 rum
2293 2485 2504 2542 illorum
2530 2526 2547 2548 ,
2592 2485 2682 2555 qui
2712 2484 2844 2553 lapsi
2884 2493 3039 2551 sunt,
3071 2493 3124 2538 et
3147 2499 3240 2553 per
3262 2483 3622 2555 paenitentiam
3652 2483 3708 2544 in

2123 2578 2314 2634 eodem
2344 2592 2446 2632 nec
2466 2577 2746 2634 imminuto
2773 2575 2990 2633 honoris
3009 2574 3176 2645 gradu
3204 2582 3529 2631 manserunt.
3560 2573 3710 2629 Dixi-v

2124 2685 2245 2726 mus
2296 2670 2468 2739 primo
2505 2669 2716 2723 illorum
2758 2668 3009 2731 virtutes;
3052 2673 3108 2722 et
3147 2665 3339 2725 deinde
3372 2673 3585 2736 peccata
3624 2665 3710 2719 in-

2123 2764 2387 2819 duximus.
2413 2763 2479 2820 Et
2508 2771 2562 2817 tu
2591 2761 2751 2831 igitur
2779 2761 2822 2815 si
2866 2768 3115 2832 peccator
3138 2773 3218 2823 es,
3248 2773 3316 2814 ne
3339 2759 3484 2812 absis
3509 2757 3579 2811 ab
3604 2757 3710 2814 Ecv

2122 2857 2283 2914 clesia
2311 2872 2326 2923 ;
2361 2856 2404 2911 si
2430 2855 2626 2926 justus,
2660 2869 2727 2909 ne
2751 2852 2895 2908 absis
2920 2855 3075 2921 item,
3108 2861 3166 2906 ut
3193 2851 3584 2922 Scripturarum
3603 2867 3709 2906 no-

2123 2950 2293 3007 titiam
2339 2959 2656 3020 prtesentem
2689 2946 2889 3003 habens
2911 2945 3084 3016 justus
3121 2959 3468 3018 permaneas,
3499 2958 3711 2999 memor

2121 3039 2272 3111 regni
2293 3040 2546 3100 ctelorum
2570 3079 2586 3103 ,
2618 3047 2674 3094 et
2711 3037 2972 3094 bonorum
2997 3077 3013 3104 ,
3055 3052 3176 3108 qua:
3220 3035 3540 3108 prcharavit
3564 3035 3710 3090 Deus

2121 3130 2461 3202 diligentibus
2485 3146 2544 3186 se
2575 3147 2590 3184 :
2617 3129 2738 3201 quia
2766 3129 2939 3200 ipsum
2965 3127 3120 3182 decet
3143 3126 3314 3198 gloria
3334 3141 3454 3180 cum
3485 3125 3622 3180 Filio
3649 3132 3708 3192 et

2121 3231 2308 3277 sancto
2332 3222 2531 3292 Spiritu
2551 3262 2568 3290 ,
2600 3236 2741 3283 nunc
2767 3230 2823 3278 et
2851 3235 3066 3296 semper
3087 3261 3103 3286 ,
3146 3228 3198 3280 et
3228 3220 3282 3276 in
3310 3219 3503 3279 sarcula
3531 3233 3707 3280 δίκην

2121 3314 2318 3374 lorum.
2347 3317 2538 3375 Amen.

1399 4205 1497 4266 DE
1549 4207 1866 4269 HOMILIA
1905 4209 1986 4271 IN
2023 4210 2332 4272 BEATUM
2375 4211 2749 4278 ABRAHAM

517 4473 665 4529 Hanc
705 4476 982 4532 homiliam
1024 4493 1130 4532 non
1157 4479 1314 4550 pauci
1355 4479 1500 4536 docti
1537 4481 1638 4536 viri
1667 4481 1822 4552 quasi
1854 4482 2120 4553 principio
2151 4492 2206 4537 et
2247 4485 2351 4538 line
2372 4485 2616 4539 mutilam
2647 4486 2884 4540 habuere
2919 4501 2934 4540 :
2963 4492 3016 4539 et
3043 4483 3262 4554 quidem
3287 4481 3431 4551 quod
3467 4480 3707 4536 antehae

443 4588 499 4641 in
527 4589 633 4642 fine
662 4606 768 4647 non
799 4595 986 4648 mutila
1005 4598 1186 4662 modo,
1222 4596 1313 4652 sed
1342 4598 1516 4652 media
1544 4598 1628 4652 sui
1657 4601 1808 4664 parte
1838 4604 2086 4649 truncata
2123 4593 2304 4654 fuerit.
2333 4593 2444 4662 jam
2480 4595 2836 4664 conspicuum
2867 4602 2971 4658 est,
3005 4593 3224 4662 quando
3247 4607 3366 4648 eam
3400 4606 3466 4648 ex
3505 4590 3701 4648 Manu-

443 4701 658 4771 scriptis
692 4703 1077 4773 Ottoboniano,
1111 4708 1449 4764 Coisliniano
1481 4717 1536 4763 et
1561 4707 1875 4762 Colbertiuo
1926 4723 2035 4761 ttuo
2069 4707 2335 4777 integram
2370 4707 2584 4763 damus.
2642 4705 2797 4774 Quod
2855 4715 3036 4762 autem
3073 4706 3227 4765 initio
3276 4705 3409 4760 nihil
3449 4720 3701 4775 unquam

444 4816 672 4874 defuerit
709 4837 833 4877 cum
869 4822 944 4879 illi
985 4823 1339 4894 Manuscripti
1379 4833 1430 4878 et
1470 4832 1579 4880 tres
1609 4823 1700 4881 alii
1741 4825 1992 4889 suadent,
2045 4824 2137 4894 qui
2172 4823 2314 4878 idem
2364 4823 2542 4893 ipsum
2573 4823 2902 4893 principium
2926 4822 3165 4879 ederunt
3191 4824 3309 4878 sine
3341 4823 3705 4888 discrimine;

442 4949 554 4992 tum
595 4941 763 4995 etiam
825 4942 1071 4997 ordiendi
1131 4941 1327 4998 modus
1376 4942 1768 5015 Chrysostomo
1824 4958 2021 5013 perque

2134 4940 2422 4996 familiaris
2462 4961 2475 4996 :
2537 4941 2723 4996 Εῖδετε
2777 4941 2969 4994 πολιὰν
3017 4904 3474 5012 σφριγῶσανΙκαὶ
3523 4939 3709 5009 γῆρας

440 5057 719 5129 ἀκμάζον;
761 5059 978 5115 Vidistis
1001 5061 1248 5116 canitiem
1280 5073 1532 5132 uegetam,
1567 5071 1614 5115 et
1645 5060 1897 5130 floridam
1927 5069 2243 5114 senectutem
2275 5063 2301 5116 2
2321 5061 2388 5115 At
2427 5060 2530 5114 hoc
2578 5059 2930 5130 principium.
2964 5058 3238 5133 inquiunt,
3271 5059 3375 5113 alia
3398 5067 3524 5116 ante
3554 5058 3703 5114 dicta

440 5177 714 5243 stipponit.
773 5178 850 5230 Ita
909 5191 1040 5233 sane
1069 5186 1198 5243 est;
1260 5178 1356 5234 sed
1388 5179 1468 5233 vel
1525 5187 1649 5232 ante
1687 5179 1830 5234 dicta
1871 5178 1926 5233 in
1975 5177 2209 5232 lectione
2261 5176 2496 5248 quadam
2551 5175 2847 5247 Scriptum
2909 5190 3100 5241 sacrae,
3161 5190 3282 5244 quae
3333 5173 3707 5236 concionihus

440 5287 691 5356 praemitti
759 5288 988 5350 solebat,
1049 5289 1129 5343 vel
1193 5291 1246 5344 in
1298 5291 1522 5346 homilia
1567 5291 1804 5362 quadam
1861 5291 2183 5362 prteccdenti
2249 5299 2680 5347 commemorata
2736 5299 2793 5346 et
2840 5299 3115 5346 enarrata.
3173 5288 3334 5344 Certe
3379 5287 3687 5344 conciones

441 5405 699 5460 tredecim
759 5406 900 5474 apud
964 5401 1415 5476 Chrysostomum
1485 5413 1785 5460 occurrunt
1849 5405 1953 5459 hoc
2009 5420 2021 5448 π

2152 5403 2316 5458 simili
2372 5402 2678 5473 principio,
2731 5403 2953 5468 Εἵδετε,
3007 5402 3316 5475 ἀγαπητοὶ,
3367 5401 3488 5465 πῶς
3538 5401 3703 5455 οὐδὲν

438 5519 626 5590 ἀργόν,
655 5517 854 5573 llomil.
897 5519 965 5574 39
1000 5518 1052 5572 in
1087 5518 1282 5574 Gcncs.
1309 5517 1443 5573 Illud
1469 5534 1598 5573 vero
1622 5519 1686 5572 ad
1717 5520 2021 5588 prtemissar

2125 5519 2364 5576 :ctionexn
2395 5518 2649 5575 refertur.
2677 5521 2836 5582 Item,
2866 5517 3049 5577 Εῑδετε
3073 5519 3133 5571 ὲν
3159 5519 3270 5580 τοῖς
3293 5517 3394 5588 ἤδη
3423 5516 3702 5588 ῥηθεῖσιν,

436 5637 560 5691 ὅσον
582 5635 678 5706 τῆς
715 5634 1142 5706 φιλανθρωπίας,
1178 5635 1336 5690 Hom.
1369 5636 1422 5690 in
1463 5635 1663 5692 Gcncs.
1698 5635 1786 5690 ‘25.
1817 5635 1953 5690 illud
1979 5653 2021 5689 Vt

2165 5645 2374 5706 spectat
2405 5637 2472 5691 ad
2493 5651 2578 5703 ea,
2619 5652 2742 5708 qua!
2773 5637 2826 5692 in
2869 5635 3136 5692 concione
3186 5633 3517 5704 prtecedenti
3551 5633 3705 5693 dicta

442 5745 609 5804 fuere.
643 5748 734 5804 Sic
773 5756 824 5804 et
858 5749 959 5803 hoc
998 5748 1117 5804 loco
1164 5748 1494 5819 principium
1545 5748 1698 5816 illul,
1730 5747 1895 5804 εἴδετε
1930 5746 2021 5804 πει)

2179 5746 2517 5819 σφριγῶσιν,
2551 5747 2746 5807 referri
2799 5747 3074 5807 credimus
3105 5746 3170 5806 ad
3227 5746 3520 5810 leuiouem
3567 5757 3710 5805 ante
