4080 6198
349 246 453 304 735

352 361 560 422 δοῦλον,
593 361 621 413 6
650 359 903 432 κηδεμὼν
945 359 1036 414 καὶ
1066 352 1440 430 φιλάνθρωπος
1460 379 1473 392 ο
1510 363 1603 414 καὶ
1633 363 1684 414 τί
1725 379 1918 432 (gmw;

1357 247 1445 308 DE
1481 245 1706 306 ΒΕΑΤο
1745 247 2096 304 ΑΒΒΛΗᾹΜ.
2132 275 2193 283 —-
2229 245 2557 306 ΜΟΝΙἸἚΜ.

3487 257 3595 313 756

2029 363 2198 428 ἔστιν,
2257 362 2428 424 Ἠλία,
2484 362 2554 416 τὰ
2585 361 2685 432 τῆς
2713 362 3022 434 παρρησίας
3090 363 3337 432 ἐκείνης;
3386 367 3487 422 ποῦ
3535 375 3597 424 τὸ

347 445 500 508 εἰδὼς
538 443 636 514 μὲν
684 443 772 496 διὰ
818 443 870 495 τί
919 439 1082 514 ἦλθεν
1134 445 1268 508 ἐκεῖ,
1301 443 1530 513 ὅμωςδέ
1569 444 1820 514 ἐρωτῶνο
1865 445 1923 497 Τί
2027 447 2199 516 στόμα
2251 445 2311 497 τὸ
2363 445 2626 516 φοϐερόν;
2669 444 2838 514 ποῦὴ
2886 445 3099 512 γλῶττα
3137 449 3168 517 ή
3226 448 3438 517 ἡνίοχος
3484 453 3594 506 τῶν

341 524 480 589 ὧδε,
534 526 734 588 Ἠλία;
783 527 878 579 καὶ
915 528 973 580 τί
1019 526 1100 580 σὺ
1139 521 1292 591 ὦδε;
1338 527 1707 597 αἰνιττόμενος
1756 526 1919 580 αὑτοῦ

343 611 440 678 τὴν
471 607 671 678 φυγὴν,
703 608 824 660 ἀντὶ
849 608 968 665 τοῦ.
1002 610 1264 678 Ἐφυγες·
1288 608 1389 662 ποῦ
1411 609 1556 662 ἔστιν
1582 612 1614 680 ἡ
1642 610 1921 681 παρρησία

342 691 561 760 ἐκείνης
613 689 729 743 ’Ὶνα
776 691 975 763 μάθῃς,
1019 692 1093 762 μὴ
1143 691 1322 760 σαυτῷ
1363 691 1604 763 θαρρεῖν.
1661 691 1726 743 Τί
1781 687 1916 753 ὦδε,

354 775 564 836 ’11.ίιά;
595 772 693 826 καὶ
725 775 780 826 τί
811 775 892 826 σὺ
917 769 1071 837 ὦδε;
1123 775 1260 826 Ἀλλ’
1290 776 1437 843 ὅμως
1469 777 1497 827 6
1557 773 1740 836 Ἠλίας
1783 775 1918 827 ἁπο-

341 857 611 928 κρίνεται,
659 856 792 910 ἀλλα
827 857 926 926 μὲν
974 857 1113 928 ἔχων
1150 859 1208 911 ἐν
1233 861 1297 926 τῇ
1337 857 1549 928 γνώμῃ.
1583 857 1716 910 ἄλλα
1747 857 1804 909 δὲ
1832 857 1917 908 λέ-

340 957 472 1006 γων.
525 939 590 990 Τί
642 938 751 1009 γὰρ
781 940 808 991 6
866 939 1050 999 Ἠλίας
1094 940 1226 1010 πρὸς
1271 940 1472 1004 ταῦτα;
1526 938 1724 1008 Κύριε,
1776 939 1916 1004 τοὺς

339 1020 652 1091 προφήτας
685 1036 801 1074 σου
835 1021 1228 1086 ἀπέκτειναν,
1276 1023 1373 1076 καὶ
1410 1022 1482 1075 τὰ
1524 1020 1918 1087 θυσιαστήριά

338 1123 454 1158 σου
479 1103 894 1172 κατέσκαψαν,
923 1103 1082 1173 κάγὼ
1103 1105 1472 1173 ὑπελείφθην
1489 1107 1696 1173 μόνος,
1713 1104 1809 1159 καὶ
1827 1103 1912 1171 (n-

338 1187 514 1240 τοῦσι
543 1186 657 1254 τὴν
682 1186 895 1256 ψυχήν
926 1205 1046 1255 μου
1071 1187 1279 1242 λαϐεῖν
1307 1189 1516 1253 αὐτ-ἠν.
1548 1187 1612 1239 Τί
1641 1183 1733 1240 οῦν
1781 1186 1916 1259 πρὸς

339 1271 503 1324 αὐτὸν
538 1273 566 1323 ό
612 1270 782 1334 Θεός;
818 1270 980 1333 εὐθὺς
1012 1271 1174 1323 αὐτὸν
1224 1271 1458 1339 ἐλέγχει.
1508 1271 1582 1322 Ού
1635 1269 1724 1322 διὰ
1759 1269 1918 1321 τοῦτο

340 1353 562 1422 ἔφυγες,
592 1352 778 1421 φησὶν,
815 1353 970 1406 Ἠλία
992 1369 1004 1382 ·
1030 1354 1091 1404 οὑ
1123 1353 1230 1424 γὰρ
1260 1355 1326 1406 σὺ
1359 1353 1518 1421 μόνος
1544 1347 1595 1406 εἶ
1620 1353 1649 1403 6
1675 1351 1748 1422 μὴ
1780 1369 1916 1422 προ-

339 1438 613 1505 σκυνήσας
635 1438 700 1504 τῇ
725 1435 888 1488 Βαάλο
922 1431 1040 1489 εἶτα
1072 1436 1264 1503 ἐπάγει
1288 1435 1526 1504 ἐλέγχων
1548 1433 1728 1488 αὐτόν’
1761 1436 1914 1486 Κατ-

336 1517 551 1572 έλιπον
595 1519 828 1587 ἐμαυτῷ
865 1520 1365 1586 ἑπτακισχιλίους
1414 1519 1662 1585 ἄνδρας,
1698 1517 1916 1582 οἵτινες

337 1606 447 1658 οὐκ
469 1603 750 1671 ἔκαμψαν
779 1605 926 1672 γόνυ
948 1603 1022 1672 τῇ
1045 1602 1231 1657 Βαάλ.
1266 1601 1497 1669 ’Πλεγξε
1518 1601 1696 1653 τοίνυν
1727 1599 1910 1665 αὐτὸν,

338 1688 418 1740 ὃτι
450 1687 513 1740 οὐ
544 1686 632 1740 διά
660 1684 821 1738 τοῦτο
866 1686 1085 1755 ἔφυγεν,
1111 1685 1248 1738 ἀλλά
1273 1684 1362 1738 διά
1390 1685 1480 1736 τὸν
1516 1684 1615 1754 τῆς
1659 1683 1914 1751 γυναικὸς

337 1771 500 1840 φόϐον
547 1771 873 1841 ἀνεχόμενος
909 1783 966 1810 ιι·
1001 1771 1093 1824 καὶ
1125 1770 1224 1839 μία
1256 1769 1389 1838 γυνὴ
1431 1769 1523 1821 τὸν
1551 1766 1789 1821 τοιοῦτον
1819 1767 1914 1820 καὶ

336 1853 657 1924 τηλικοῦτον
690 1854 860 1923 ἄνδρα
873 1853 1150 1924 δραπέτην
1170 1853 1262 1906 καὶ
1293 1850 1505 1919 φυγάδα
1525 1849 1800 1920 ἐποίησεν,
1828 1849 1915 1902 ἵνα

340 1935 538 2006 μάθῃς,
582 1935 756 1998 Ἠλία,
785 1935 916 1989 ὃταν
953 1952 1007 1988 τι
1057 1933 1356 2008 παράδοξον
1397 1935 1576 2003 ποιῇς,
1617 1931 1690 2002 μὴ
1733 1931 1914 2001 σαυτῷ

335 2019 664 2091 ἐπιγράφειν
684 2019 732 2082 Β,
772 2019 908 2072 ἀλλά
935 2022 1002 2090 τῇ
1034 2019 1128 2072 τοῦ
1158 2017 1293 2070 Θεοῦ
1329 2017 1576 2086 δυνάμει.
1615 2010 1766 2077 Εἶδες
1797 2014 1913 2076 πῶς

283 2115 294 2123 ’
335 2105 423 2170 ὅτε
468 2104 682 2174 ἀπέστη
727 2105 760 2173 ή
808 2105 1001 2176 χάρις,
1047 2101 1287 2172 ἠλέγχθη
1324 2103 1356 2170 ἡ
1401 2100 1596 2169 φύσις;
1655 2100 1914 2166 Ἔφυγεν

349 2188 546 2252 Ἠλίας
575 2185 720 2240 ὁδὸν
750 2185 984 2254 ἡμερῶν
1012 2184 1478 2252 τεσσαράκοντα.
1508 2183 1572 2235 Ὢ
1601 2182 1762 2251 φόϐου
1790 2181 1910 2234 ἐπί-

338 2272 522 2334 τασιςί
549 2269 594 2322 ὦ
629 2266 832 2333 δειλίας
857 2269 1164 2340 ὑπερϐολήι
1195 2269 1257 2322 οὑ
1287 2268 1414 2338 μίαν
1443 2268 1640 2335 ἔφυγεν
1673 2265 1908 2336 ἡμέραν,

331 2354 394 2405 οὐ
434 2352 717 2423 δευτέραν,
751 2353 811 2405 οὐ
835 2352 1046 2424 τρίτην,
1080 2350 1216 2405 ἀλλά
1242 2350 1647 2422 τεσσαράκοντα
1681 2348 1910 2419 ἡμέρας,

336 2436 430 2490 καὶ
481 2436 644 2499 αὐτὸς
691 2435 792 2500 τάς
842 2436 1193 2506 πανερήμους
1249 2432 1562 2498 κατέλαϐεν,
1599 2432 1659 2485 οὐ
1709 2429 1914 2503 τροφὴν

336 2520 497 2590 ἔχων,
532 2520 592 2572 οὐ
630 2519 941 2591 σιτηρέσιον
980 2519 1351 2589 ἐπαγόμενος’
1400 2515 1617 2587 μεθύων
1664 2514 1773 2587 γὰρ
1806 2516 1913 2570 ἀπὸ

335 2606 428 2660 τοῦ
453 2605 640 2674 φόϐου,
658 2606 864 2664 τούτων
885 2605 985 2658 οὐκ
1002 2603 1334 2676 ἐφρόντιζεν,
1358 2602 1494 2656 ἀλλά
1511 2601 1608 2665 τάς
1629 2602 1912 2672 ἀοικήτους

336 2691 580 2744 ἐδίωκεν.
609 2689 872 2762 Εἰσῆλθεν
900 2692 929 2744 6
953 2691 1108 2758 λόγος
1127 2689 1227 2759 τῆς
1261 2687 1516 2756 γυναικὸς
1549 2687 1628 2749 είς
1660 2685 1750 2740 τὸν
1777 2703 1914 2756 προ-

338 2776 538 2844 φήτην,
573 2774 671 2826 καὶ
704 2772 955 2845 καθάπερ
993 2774 1227 2844 ζέφυρος
1259 2770 1504 2844 σφοδρῶς
1534 2768 1792 2840 ἐμπεσὼν
1835 2771 1914 2832 είς

340 2854 514 2910 ἱστίον
545 2859 612 2927 τῇ
645 2855 794 2928 ῥύμῃ
820 2856 918 2926 τὴν
947 2856 1152 2910 ὁλκάδα
1183 2853 1534 2925 ἀποπέμπεισ
1571 2851 1743 2915 οὕτως
1779 2853 1808 2904 6
1836 2852 1917 2904 λό-

336 2957 434 3008 γος
467 2941 569 3010 τῆς
598 2940 860 3008 γυναικὸς
896 2937 1154 2992 εἰσελθὼν
1186 2939 1267 3001 είς
1297 2936 1390 2990 τὸν
1438 2935 1744 3008 προφήτην,
1780 2934 1918 3004 μετά

339 3024 540 3094 πολλῆς
575 3023 754 3094 ῥύμης
786 3023 948 3077 αὑτὸν
989 3023 1069 3086 είς
1099 3022 1198 3091 τὴν
1221 3020 1440 3092 τέρημον
1481 3018 1773 3088 ἐξέπεμψε.
1807 3016 1916 3070 Ποῦ

399 3197 422 3222 ⁴¹
458 3193 607 3240 Savil.
630 3192 866 3253 ἰφυγες....
909 3191 1020 3239 ὁϐον
1039 3191 1358 3253 ἀνεχώρησας.

401 3251 432 3290 δ
464 3253 631 3299 Morel.
660 3259 711 3299 et
739 3205 906 3299 Mum!
929 3252 1168 3299 ἐπίγοασε.
1195 3253 1337 3299 male.

401 3251 432 3290 δ
464 3253 631 3300 Morel.
660 3248 904 3300 etimit.
929 3248 1168 3315 ἐπίγραφῄ
1195 3248 1337 3299 male.
1365 3248 1498 3297 Enn.

2023 529 2274 598 ὄμϐρωνο
2309 527 2413 580 ποῦ
2443 529 2470 579 6
2499 529 2778 598 ἑκατέροις
2812 528 3114 580 ἐπιτάττων
3143 530 3254 591 τοῖς
3285 533 3591 600 στοιχείοις,

2025 613 2153 664 ποτὲ
2183 612 2280 681 μὲν
2303 611 2528 681 οὐρανὸν
2557 611 2770 674 κλείων,
2795 611 2922 664 ποτέ
2954 611 3009 663 δὲ
3035 610 3144 682 πῦρ
3173 611 3352 664 καλῶν
3381 613 3474 667 ἐπὶ
3497 616 3597 686 τὴν

2024 694 2244 757 θυσίαν;
2293 693 2430 745 ‘AD.’
2459 696 2628 763 ὅμως,
2659 694 2733 756 ὡς
2758 697 3034 764 προεῖπον,
3066 694 3241 748 ταῦτα
3285 697 3458 750 ἐποίει
3497 701 3594 769 τῆς

2023 778 2242 848 χάριτος
2285 777 2646 847 ἐνεργούσηςο
2694 776 2774 829 διὸ
2809 778 2902 830 καὶ
2949 777 3234 846 ἐλέγχεται
3283 780 3386 832 ὑπὸ
3435 781 3590 835 Θεοῦ.

2034 861 2194 930 Ὁρᾷς
2225 860 2342 922 πῶς
2381 861 2560 931 μικρῷ
2617 861 2973 931 ἁμαρτήματι
3011 863 3361 932 συνεχωρήθη
3409 868 3595 917 πεσεῖν

2021 944 2107 994 ἵνα
2172 942 2468 1013 ὀλόκληρον
2523 943 2725 1012 χιτῶνα
2785 942 3191 1013 φιλανθρωπίας
3267 945 3592 1016 ἐνδύσητσ;;

2022 1025 2244 1088 Λοιπὸν,
2282 1026 2455 1089 Ἠλία,
2484 1025 2826 1093 ἐπαιδεύθης,
2869 1026 3024 1092 γενοῦ
3059 1025 3436 1097 φιλάνθρωπος
3465 1029 3540 1090 ῶς
3566 1029 3596 1079 6

2019 1109 2297 1178 Δεσπότης
2330 1125 2442 1170 σου,
2476 1109 2533 1173 ἐξ
2556 1103 2628 1160 ὧν
2656 1107 2998 1176 ἐπαιδεύθης,
3028 1108 3088 1172 ἐξ
3108 1102 3180 1160 ὧν
3214 1109 3414 1178 ἔμαθες
3445 1112 3596 1182 παρὰ

2018 1193 2110 1246 τοῦ
2155 1192 2423 1246 Δεσπότου
2471 1208 2585 1243 σου.
2620 1186 2772 1252 Εἶδες
2823 1190 2935 1253 πῶς
2983 1191 3362 1260 συνεχώρησεν
3407 1195 3434 1245 6
3463 1195 3594 1256 Θεὸς

2022 1275 2204 1347 μικρῷ
2252 1275 2610 1346 ἁμαρτήματι
2659 1277 2976 1343 περιπεσεῖν
3024 1275 3150 1336 τοὺς
3185 1274 3408 1337 στύλους
3449 1276 3592 1328 ἐκεί·

2018 1377 2162 1422 νους,
2209 1359 2334 1421 τοὺς
2386 1356 2706 1428 προϐόλους,
2759 1355 2886 1419 τοὺς
2937 1355 3208 1426 πύργους;
3261 1356 3346 1409 ἵνα
3400 1357 3474 1428 μὴ
3518 1357 3595 1426 τῷ

2019 1441 2227 1496 ἑαυτῶν
2253 1440 2623 1510 ἀναμαρτήτῳ
2660 1437 2811 1509 [740]
2842 1438 3049 1501 πάντας
3079 1438 3186 1491 ἀπὸ
3218 1439 3317 1508 τῆς
3361 1439 3594 1509 Ἐκκλη-

2019 1525 2139 1587 σίας
2183 1523 2518 1592 ἐκκόψωσινο
2551 1521 2636 1575 ἵνα
2667 1523 2794 1575 ὅταν
2824 1522 2974 1574 ἴδωσί
3014 1539 3134 1574 τινα
3169 1521 3591 1593 ἀμαρτήσαντα,

2018 1610 2113 1662 καὶ
2169 1608 2396 1661 θέλωσιν
2450 1606 2824 1676 ἀσπλαγχνίαν
2888 1605 3223 1671 ἐνδείξασθαι
3277 1607 3358 1668 εἰς
3411 1605 3590 1668 αὑτὸν,

2017 1691 2404 1762 ἀναμνησθῶσι
2445 1690 2546 1759 τῆς
2590 1689 2798 1743 ἑαυτῶν
2828 1688 3124 1758 ἀμαρτίας,
3166 1689 3258 1742 καὶ
3291 1691 3389 1759 τῆς
3421 1688 3592 1758 αὐτῆς

2017 1774 2169 1844 αὐτῷ
2202 1773 2550 1844 μεταδὼσωσι
2582 1769 3010 1842 φιλανθρωπίας,
3038 1767 3102 1843 ἦς
3132 1771 3226 1825 καὶ
3253 1772 3407 1824 αὐτοὶ
3436 1788 3593 1824 τετυ-

2016 1860 2218 1930 χήκασι
2248 1857 2395 1928 παρά
2421 1858 2515 1910 τοῦ
2548 1856 2840 1909 Δεσπότου.
2864 1853 3049 1907 Ταῦτα
3079 1856 3376 1924 εἰρήκαμεν
3398 1854 3460 1907 οὐ
3481 1855 3592 1907 τῶν

2015 1942 2239 1995 δικαίων
2301 1938 2753 2010 κατηγοροῦντες,
2797 1936 2913 1990 ἀλλ’
2966 1938 3095 2006 ὑμῖν
3142 1936 3259 1990 656v
3320 1938 3591 2008 σωτηρίας

2016 2024 2562 2097 προκαταρτίζοντες,
2595 2023 2681 2075 ἴνα
2700 2024 2828 2075 ὅταν
2854 2021 3229 2092 ἀμαρτήσητε,
3247 2019 3321 2090 μὴ
3343 2020 3592 2088 ἀπογνώ-

2018 2124 2146 2178 σητε
2174 2110 2274 2178 τῆς
2304 2107 2511 2162 ἑαυτῶν
2551 2106 2826 2175 σωτηρίας
2857 2106 2925 2174 τῇ
2974 2104 3164 2173 μνήμῃ
3191 2103 3300 2156 τῶν
3333 2102 3589 2173 πεπλημ-

2019 2191 2329 2261 μεληκότων
2361 2190 2605 2253 δικαίων,
2649 2189 2742 2241 καὶ
2778 2189 2844 2257 τῇ
2891 2185 3147 2256 μετανοίᾳ
3182 2184 3284 2253 τῆς
3317 2184 3484 2253 τιμῆς
3514 2186 3588 2254 μὴ

2016 2274 2448 2327 ὲλαττωθέντων.
2486 2272 2727 2341 Εἴπομεν
2751 2271 2807 2323 δὲ
2837 2267 3016 2322 αὐτῶν
3067 2268 3287 2338 πρῶτον
3346 2267 3445 2330 τὰς
3464 2269 3564 2337 ἀρε

2015 2356 2134 2418 τὰς,
2155 2355 2250 2408 καὶ
2271 2355 2391 2408 τότε
2424 2355 2790 2423 είσηγάγομεν
2819 2353 2888 2406 τά
2916 2351 3292 2421 ἁμαρτήματα
3325 2359 3372 2402 ε.
3395 2350 3504 2402 Καὶ
3524 2349 3590 2400 σὺ

2015 2438 2213 2504 τοίνυν,
2260 2438 2310 2491 εί
2337 2438 2431 2490 καὶ
2451 2436 2776 2508 ἁμαρτωλὸς
2803 2430 2875 2498 εἴ,
2915 2433 2988 2504 μὴ
3015 2430 3345 2501 ἀπολειφθῇς
3369 2430 3467 2500 τῆς
3497 2431 3591 2482 ἐκ-

2017 2521 2242 2592 κλησίας
2261 2536 2277 2554 ·
2303 2521 2404 2575 κάν
2433 2520 2639 2582 δίκαιος
2665 2515 2753 2593 ᾖς,
2789 2518 2863 2588 μὴ
2893 2513 3292 2584 ἀποπλειφθῇς.
3320 2513 3406 2565 ἵνα
3431 2511 3591 2565 ἐναυ-

2015 2605 2105 2659 λον
2134 2605 2274 2675 ἔχων
2305 2604 2414 2657 τῶν
2441 2601 2673 2674 Γραφῶν
2717 2602 2816 2672 τὴν
2847 2599 3050 2668 γνῶσιν
3079 2597 3283 2658 δίκαιος
3307 2594 3586 2665 διαμένῃς,

2019 2687 2372 2760 μεμνημένος
2401 2686 2470 2740 τά
2494 2685 2736 2757 περὶτῆς
2771 2682 3045 2753 βασιλείας
3067 2679 3174 2733 τῶν
3199 2678 3463 2748 οὐρανῶν,
3492 2679 3589 2730 καὶ

2015 2771 2124 2824 τῶν
2147 2769 2366 2839 ἀγαθῶν
2390 2768 2616 2822 ἐκείνων
2646 2760 2722 2820 ὧν
2760 2764 3057 2836 ἡτοίμασεν
3086 2763 3114 2815 6
3137 2761 3268 2824 Θεὸς
3292 2763 3404 2823 τοῖς
3446 2760 3585 2826 ἀγα-

2016 2855 2190 2908 πῶσιν
2222 2853 2412 2907 αὐτόν·
2445 2853 2527 2906 δτι
2557 2850 2706 2920 αὐτῷ
2751 2849 2949 2920 πρέπει
2981 2847 3014 2917 ή
3056 2844 3183 2910 δόξα
3229 2845 3324 2897 σὺν
3364 2842 3442 2912 τῷ
3474 2841 3588 2911 Υἱῷ

2015 2938 2110 2992 καὶ⁴
2137 2937 2216 3008 τῷ
2256 2937 2394 3008 ἁγίῳ
2424 2935 2722 3005 Πνεύματι,
2755 2932 2851 2985 νῦν
2901 2931 2996 2984 καὶ
3041 2929 3149 2994 ἀεὶ,
3191 2928 3284 2981 καὶ
3333 2928 3411 2988 εἰς
3460 2925 3588 2988 τοὺς

2015 3020 2218 3083 αίῶνας
2246 3020 2353 3074 τῶν
2377 3017 2610 3074 αἰώνων.
2651 3016 2844 3086 ’Δμήν.

2079 3128 2102 3156 ο
2128 3125 2211 3174 Sic
2251 3123 2403 3174 Savil.
2426 3123 2474 3170 in
2499 3135 2634 3183 marg
2694 3125 2745 3183 et
2765 3131 2876 3167 mss.
2909 3118 2960 3183 l_n
2987 3115 3242 3183 Morel._et
3266 3113 3316 3162 in
3339 3115 3475 3160 textu
3499 3110 3590 3183 Sa-

2018 3189 2103 3235 vil.
2132 3173 2234 3235 haec
2259 3173 2332 3234 Sic
2354 3188 2547 3233 inversa
2573 3173 2829 3231 distabant
2851 3194 2862 3229 :
2887 3181 2970 3235 τὰς
3007 3177 3258 3242 ἁμαρτίας,
3304 3193 3351 3223 ιι.
3377 3190 3422 3221 τ.
3464 3189 3506 3222 ε.
3527 3173 3590 3220 ιὰ.

2018 3250 2179 3306 εὐτελῆ
2205 3249 2405 3312 ῥήματα,

1788 4064 2138 4130 MONITUM
2150 4113 2164 4126 .

340 4353 626 4408 recitatam
657 4367 668 4404 :
723 4363 959 4421 cumque
1006 4348 1116 4403 huc
1146 4346 1370 4403 accedat
1412 4341 1911 4414 Manuscriptorum
1952 4349 2008 4398 et
2038 4341 2431 4411 exemplarium
2463 4342 2706 4396 omnium
2739 4341 3040 4396 auctoritas
3063 4381 3080 4408 ,
3115 4341 3318 4396 nullam
3352 4351 3613 4412 putamus

346 4478 447 4530 hac
486 4474 553 4529 de
598 4487 657 4527 re
702 4471 1056 4543 quaestionem
1087 4467 1232 4522 ultra
1277 4465 1484 4522 moveri
1522 4479 1705 4535 posse.
1755 4460 2025 4534 lntegram
2073 4461 2258 4533 itaque
2291 4460 2438 4515 illam
2485 4459 2821 4524 asserimus,
2867 4475 2976 4515 non
3018 4459 3241 4530 perinde
3270 4457 3562 4531 genuinam
3597 4474 3609 4507 :

340 4589 516 4659 stylus
548 4587 693 4641 enim
739 4584 1135 4654 Chrysostomo
1168 4579 1429 4651 indignus
1465 4578 1684 4634 videtur
1705 4617 1719 4642 ,
1767 4576 2037 4633 orationis
2084 4590 2260 4649 genus
2297 4573 2507 4629 triviale
2541 4583 2596 4630 et
2629 4573 2812 4632 nervis
2842 4573 3165 4629 destitutum
3199 4589 3216 4628 :
3251 4587 3362 4627 uno
3392 4569 3562 4626 verbo
3598 4590 3611 4624 :

341 4705 515 4759 multa
544 4671 989 4774 petiegrinitatem
1029 4698 1222 4755 olent:
1253 4697 1612 4768 quamobrem
1648 4693 1918 4751 Henricus
1947 4693 2207 4758 Savilius,
2243 4692 2485 4748 Joannes
2528 4690 2768 4754 Boisius.
2803 4697 2858 4745 et
2893 4687 3192 4744 novissime
3221 4684 3606 4742 Tillemontius

343 4831 405 4879 ut
433 4822 624 4879 saltem
653 4827 969 4891 suspectam
1006 4817 1208 4873 habent
1233 4833 1248 4871 :
1281 4815 1482 4887 quibus
1507 4829 1609 4870 nos
1638 4813 1872 4870 libenter
1893 4812 2314 4884 adstipulamur,
2339 4810 2802 4879 arbitramurque,
2834 4803 3146 4877 quempiam
3179 4801 3400 4858 levioris
3428 4816 3611 4856 arma-

347 4951 487 4997 turae
525 4941 581 4996 in
621 4940 738 4995 hac
763 4949 824 4994 se
858 4943 1041 4995 castra
1075 4934 1397 5006 conjecisse,
1420 4935 1476 4990 et
1513 4933 1971 5004 Chrysostomum
2005 4931 2328 4988 ementitum
2354 4943 2499 4991 esse,
2530 4924 2890 4994 ordiendique
2924 4922 3147 4979 modum
3175 4933 3242 4976 ex
3284 4919 3409 4975 aliis
3429 4916 3491 4975 S.
3515 4917 3616 4973 do-

347 5059 520 5116 ctotis
585 5057 827 5113 bomiliis
883 5063 1191 5112 mutuatum
1241 5067 1381 5110 esse.
1450 5048 1568 5106 Non
1624 5047 2038 5105 dissimulamus
2098 5055 2281 5100 tamen
2323 5040 2598 5098 Halcsium
2655 5038 2887 5109 Anglum
2923 5051 3045 5092 eam
3095 5048 3196 5106 pro
3227 5047 3356 5089 vera
3400 5040 3456 5089 et
3497 5047 3618 5102 ger-

351 5191 516 5234 mana
572 5173 853 5236 habuisse.
901 5173 989 5228 cui
1039 5168 1415 5227 accensendus
1458 5165 1678 5222 videtur
1725 5164 1930 5220 Fronto
1987 5161 2238 5228 Ducaus,
2292 5158 2386 5230 qui
2430 5157 2566 5213 nihil
2625 5153 2847 5226 quidem
2903 5151 3032 5225 περὶ
3083 5148 3296 5214 νοθείας
3340 5147 3426 5202 vel
3481 5149 3616 5217 γνη-

355 5293 604 5364 σιότητος
625 5291 780 5358 dixit,
807 5289 902 5346 sed
936 5303 1056 5345 eam
1084 5286 1225 5342 inter
1252 5297 1513 5356 germana
1552 5297 1718 5354 opera
1748 5279 1969 5368 locavit.

426 5404 810 5476 lnterpretatio
851 5401 1049 5473 prioris
1080 5399 1251 5472 partis
1289 5407 1373 5454 est
1402 5395 1696 5453 Frontonis
1720 5393 1918 5452 Ducaei.
1948 5391 2228 5451 Posterior
2260 5406 2411 5458 vero,
2439 5402 2562 5462 qua
2590 5400 2740 5444 nunc
2765 5383 2946 5457 primo
2969 5377 3169 5453 prodit,
3201 5390 3230 5430 a
3253 5372 3411 5430 nobis
3432 5371 3625 5427 Latine

357 5532 459 5574 con
469 5531 621 5572 versa
657 5524 738 5570 est
747 5555 762 5568 ε

683 5599 952 5659 ΡΑτιιοι.
997 5595 1112 5655 ϐιι.
1159 5592 1224 5653 L.

3199 5555 3276 5615 21
