4080 6198
458 248 559 305 "13'!

1174 244 1232 300 S.
1272 243 1560 303 JOANNIS
1598 241 2085 302 CHRYSOSTOMI
2123 241 2446 299 ARCHIEP.
2484 239 3028 299 CONSTANTINOP.

1739 689 1890 763 [πί]
1959 699 2364 785 moro:

1582 978 1686 1030 ΕΙΣ
1726 975 1860 1030 TON
1897 975 2260 1030 ΜΔΚΑΡῘΟΝ
2333 975 2637 1028 ABPAAM.

532 1403 715 1458 Εῖδετε
747 1399 777 1442 ι)
803 1399 994 1456 πολιὰν
1025 1401 1357 1473 σφριγῶσιν,
1402 1401 1497 1455 καὶ
1536 1402 1716 1474 γῆρας
1752 1400 2035 1473 ἀκμάζον;

459 1489 629 1542 εἴδετε
671 1485 909 1557 ἀθλητὴν
949 1488 1193 1554 γενναῖον
1237 1485 1374 1556 πρὸς
1407 1485 1566 1554 φύσιν
1607 1486 1704 1538 καὶ
1757 1485 2039 1556 σπλάγχνα

460 1567 955 1641 παραταξάμενον;
1002 1569 1172 1622 εἴδετε
1218 1568 1388 1639 ἀνδρα
1407 1568 1466 1623 ἐν
1493 1568 1696 1639 ἐσχάτῃ
1724 1568 1886 1640 πολιᾷ
1919 1567 2039 1622 ἀδά-

463 1671 664 1726 μαντος
705 1653 1094 1725 στερρότερον;
1130 1651 1450 1729 ιςεχάλαστο
1492 1653 1589 1723 μὲν
1625 1650 1792 1706 αὐτοῦ
1821 1654 1850 1706 6
1888 1651 2038 1714 τόνος

459 1738 573 1793 τῶν
602 1735 846 1809 σαρκῶν,
865 1736 1165 1807 νενεύρωτο
1176 1735 1233 1789 δὲ
1253 1737 1464 1790 αὐτοῦό
1487 1736 1639 1800 τόνος
1659 1735 1757 1806 τῆς
1779 1734 2035 1798 πίστεως.

460 1822 700 1877 Τοιαῦτα
730 1821 838 1893 γὰρ
867 1821 964 1892 τῆς
1009 1819 1338 1890 Ἐκκλησίας
1361 1819 1430 1873 τά
1454 1818 1875 1891 κατορθώματα,
1901 1819 2036 1889 ὃτιή

460 1906 649 1961 ἀτονία
675 1905 771 1958 τοῦ
805 1904 1057 1976 σώματος
1087 1903 1240 1958 οὐδὲν
1261 1903 1585 1974 λυμαίνεται
1604 1904 1704 1976 τὴν
1729 1903 2038 1975 προθυμίαν

459 1991 559 2061 τῆς
587 1990 843 2052 πίστεως·
869 1987 1192 2059 κόσμοςγάρ
1224 1986 1549 2059 Ἐκκλησίας
1573 1986 2040 2042 πολιάκατεσταλο

463 2073 624 2145 μένη,
656 2071 752 2128 καὶ
783 2071 966 2135 πίστις
989 2069 1369 2142 ἐπτερωμένη,
1398 2069 1497 2124 καὶ
1523 2070 1582 2125 ἐν
1610 2070 1786 2140 τούτῳ
1809 2069 2033 2142 χαίρειή

472 2155 765 2227 Ἐκκλησία
785 2153 1008 2225 μᾶλλον.
1053 2153 1174 2206 Ἐπὶ
1196 2153 1296 2223 μὲν
1316 2152 1424 2225 γάρ
1442 2153 1550 2206 τῶν
1573 2151 1676 2220 ἔξω
1697 2152 2038 2224 πραγμάτων

461 2241 492 2294 6
517 2240 696 2310 γέρων
726 2239 1018 2309 ἄχρηστος,
1053 2238 1134 2298 εἰς
1161 2235 1314 2288 οὐδὲν
1358 2235 1685 2308 ἐπιτήδειος,
1730 2235 1865 2290 ἀλλά
1904 2253 2038 2288 παν-

463 2323 630 2394 ταχοῦ
648 2320 976 2392 συγγνώμης
1000 2318 1388 2383 ἀπολαύει,διά
1408 2318 1624 2373 ἀτονίαν
1647 2319 1723 2391 μή
1745 2319 2038 2390 δυνάμενος

466 2403 838 2479 χρησιμεῦσαι
866 2405 980 2466 τοῖς
1002 2401 1342 2470 ἀναγκαίοις.
1369 2395 1494 2454 υἷόν
1520 2419 1572 2454 τι
1598 2401 1761 2471 λέγω·
1786 2401 1864 2454 Οὐ
1889 2401 2041 2455 δύνα-

463 2506 552 2542 ται
589 2487 812 2557 όγέρων
860 2486 941 2549 είς
977 2483 1212 2555 πόλεμον
1249 2483 1688 2554 παρατάξασθαι,
1733 2483 1832 2553 οὐχ
1887 2483 2038 2554 ῖππῳ

460 2570 747 2641 ἀναϐῆναι,
776 2568 837 2620 οὐ
879 2567 1009 2639 δόρυ
1040 2567 1285 2638 κινῆσαι,
1331 2565 1431 2619 οὐκ
1463 2565 1667 2620 ἀσπίδα
1701 2567 1898 2630 σεῖσαι,
1941 2567 2038 2636 οὐχ

460 2654 613 2726 ἡλίου
639 2652 952 2723 θερμότητα
976 2651 1321 2720 ὑπενεγκεῖν,
1353 2649 1453 2722 οὐχ
1470 2649 1780 2721 ὁδοιπορίας
1811 2649 2038 2721 μέγεθος

463 2737 748 2808 βαστάσαι,
779 2736 838 2789 οὐ
864 2735 1023 2807 λιμοῦ
1047 2735 1328 2805 δεινότητα
1366 2736 1678 2805 ὑπομεῖναι,
1713 2734 1772 2787 οὐ
1795 2733 2039 2806 θορύϐων

459 2825 656 2890 δγκον·
698 2820 812 2874 ἀλλ’
870 2821 927 2874 ἐν
974 2819 1162 2891 ήσύχῳ
1195 2819 1348 2891 τόπῳ
1381 2817 1696 2883 καθέζεται,
1744 2821 2039 2889 συνήγορον

462 2910 600 2976 ἔχων
629 2907 728 2976 τὴν
760 2904 974 2958 πολιάν.
1006 2903 1177 2957 Τοῦτο
1203 2903 1262 2957 δέ
1295 2904 1391 2958 καὶ
1427 2903 1521 2956 ἐπὶ
1553 2902 1662 2956 τῶν
1702 2901 1902 2955 πλοίων
1943 2901 2040 2954 ῖδοι

460 3006 544 3052 τις
567 2988 655 3042 ἀν·
691 2987 766 3040 Οὐ
792 2986 1015 3040 δύναται
1039 2985 1068 3037 6
1099 2986 1276 3058 γέρων
1299 2987 1393 3040 ἐπὶ
1413 2985 1520 3039 τῶν
1547 2985 1748 3040 οίάκων
1773 2983 2039 3054 καθεσθῆ-

462 3089 572 3136 ναι,
608 3071 667 3124 οὐ
703 3069 912 3141 πελάγη
953 3072 1161 3140 τεμεῖν,
1189 3069 1250 3122 οὐ
1293 3069 1486 3141 κώπην
1513 3069 1723 3132 ἐλάσαι,
1754 3071 1853 3140 οὐχ
1875 3068 2040 3122 ίστίον

463 3151 766 3225 κρεμάσαι,
805 3152 916 3212 οὐκ,
949 3152 1213 3216 ἐναντίοις
1250 3153 1472 3224 ἀνέμοις
1501 3151 1940 3224 παρατάξασθαι,
1977 3151 2036 3203 οὐ

463 3237 663 3309 κρύους
694 3233 1000 3306 δριμύτητα
1029 3236 1340 3306 ὑπομεῖναι,
1369 3237 1471 3290 οὐκ
1497 3235 1627 3289 ἀλλο
1645 3253 1698 3290 τι
1735 3235 1843 3289 τῶν
1867 3232 2040 3288 τοιού-

462 3338 570 3374 των
591 3320 813 3374 δύναται
845 3319 1102 3389 ποιῆσαι·
1137 3319 1274 3372 ἀλλά
1303 3320 1594 3384 καθέζεται
1627 3321 1686 3373 ἐν
1719 3322 1785 3390 τῇ
1828 3319 1918 3389 νηῒ
1941 3317 2040 3390 τὴν

463 3405 556 3456 ἐπὶ
593 3403 694 3473 τῆς
731 3401 950 3474 ήλικίας
984 3412 1005 3439 ε
1063 3401 1202 3471 ἔχων
1238 3401 1589 3473 συγγνώμην.
1640 3401 1810 3456 Τοῦτο
1853 3402 1910 3454 δέ
1948 3402 2042 3454 καὶ

463 3487 555 3540 ἐπὶ
604 3486 713 3540 τῶν
765 3484 1020 3556 γηπόνων
1069 3483 1220 3537 ἐστιν
1273 3484 1429 3538 ἰδεῖν·
1485 3485 1610 3538 οὐτε
1655 3483 1764 3556 γάρ
1811 3485 2040 3556 άροτρον

465 3567 690 3623 ἑλκύσαι
711 3567 955 3632 δύναται,
983 3565 1105 3619 οὐτε
1137 3565 1352 3620 αὔλακα
1378 3569 1687 3638 ἀνατεμεῖν,
1720 3565 1843 3620 οὐτε
1868 3566 2040 3619 πωλο-

463 3653 673 3724 δάμνης
731 3650 1017 3720 γενέσθαι,
1086 3647 1207 3702 οὐτε
1268 3648 1406 3719 βοῶν
1456 3649 1690 3722 ἰσχυρῶν
1743 3649 2040 3718 ὑπενέγκαι

468 3736 644 3806 ίσχύν,
697 3733 822 3788 οὐτε
895 3733 1176 3804 καύματος
1227 3733 1494 3805 πόλεμον,
1539 3733 1661 3786 οὐτε
1708 3732 2042 3805 θερμότητος

462 3822 647 3888 ϐγκον,
683 3817 806 3872 οὐτε
840 3819 1124 3888 σκαπάνης
1165 3817 1349 3890 βάρος,
1379 3817 1504 3870 οὐτε
1535 3816 1662 3872 ἀλλο
1693 3834 1746 3869 τι
1771 3817 1880 3870 τῶν
1905 3817 2042 3888 πρὸς

460 3905 560 3974 τὴν
587 3904 688 3974 γῆν
719 3900 1162 3975 χρησιμευόντων
1181 3917 1192 3930 ·
1224 3900 1362 3953 ἀλλὰ
1386 3899 1676 3963 καθέζεται
1701 3900 1759 3951 ἐν
1782 3899 1859 3970 τῷ
1884 3901 2038 3971 οῑκῳ,

465 3989 760 4058 συνήγορον
799 3984 938 4054 ἔχων
965 3982 1062 4054 τὴν
1089 3981 1299 4037 πολιάν.
1340 3981 1480 4035 Ἀλλ’
1512 3983 1572 4035 οὐ
1593 3982 1661 4036 τά
1679 3982 1776 4052 τῆς
1808 3982 2038 4054 Ἐκκλη-

465 4069 586 4133 σίας
615 4068 864 4132 τοιαῦτα,
901 4067 1018 4120 ἀλλ’
1054 4067 1183 4119 ὅταν
1207 4065 1522 4136 γηράσωσιν
1549 4065 1597 4118 οἱ
1627 4067 1684 4119 ἐν
1719 4065 1886 4137 ἀρετῇ
1926 4065 2040 4119 διά-

463 4169 672 4220 γοντες,
709 4151 832 4204 τότε
879 4149 1078 4221 μᾶλλον
1111 4151 1372 4221 χρήσιμοι
1413 4149 1802 4203 καθίστανται·
1830 4150 1891 4203 οὐ
1931 4150 2040 4220 γάρ

463 4233 684 4304 σαρκῶν
728 4233 964 4297 εὐτονία,
1012 4232 1150 4286 ἀλλά
1197 4231 1435 4295 πίστεως
1481 4231 1730 4296 ἐπίτασις
1773 4230 2037 4304 ζητεῖται.

463 4315 718 4378 Τοιοῦτος
762 4310 831 4386 ἦν
893 4315 1166 4386 Ἀϐραὰμ,
1203 4313 1609 4386 κεχαλασμένος
1664 4315 1759 4386 μὲν
1784 4313 1862 4386 τῷ
1905 4316 2040 4386 τόνῳ

463 4399 572 4454 τῶν
601 4399 839 4470 σαρκῶν,
873 4396 1278 4470 νενευρωμὲνος
1311 4397 1367 4450 δέ
1394 4398 1472 4469 τῷ
1495 4398 1633 4469 τόνῳ
1660 4399 1758 4469 τῆς
1782 4399 2038 4462 πίστεως.

464 4483 651 4555 Γέρων
669 4477 760 4552 ἦν,
792 4480 908 4534 ἀλλ’
935 4483 992 4535 ἐν
1015 4482 1220 4553 ἐσχάτῃ
1241 4481 1400 4552 πολιᾷ
1431 4481 1570 4553 πρὸς
1598 4481 1758 4552 φύσιν
1784 4482 2038 4554 ἐμάχετο,

463 4567 702 4637 τρόπαια
751 4565 909 4636 νίκης
964 4563 1178 4635 μεγάλα
1229 4565 1467 4634 στήσας·
1519 4565 1696 4636 γέρων
1741 4560 1845 4636 ἦν,
1904 4563 2040 4619 ἀλλά

467 4649 685 4720 σιδήρου
734 4647 1127 4718 εὐτονώτερος,
1171 4648 1265 4700 καὶ
1308 4646 1617 4719 ἀδάμαντος
1664 4647 2036 4719 στερρότερος.

465 4733 574 4786 Καὶ
605 4732 694 4786 ὅτε
732 4731 829 4802 μὲν
867 4732 927 4783 ἐν
958 4730 1171 4801 νεότητι
1202 4727 1291 4802 ἦν,
1331 4730 1482 4784 οὐδὲν
1507 4729 1714 4785 τούτων
1743 4730 2040 4803 κατώρθω-

465 4832 556 4867 σεν
575 4831 588 4846 ·
613 4815 700 4867 ὅτε
722 4814 778 4867 δὲ
808 4813 1160 4885 παρέδραμεν
1185 4816 1214 4867 6
1235 4813 1424 4886 χρόνος
1449 4814 1547 4884 τῆς
1567 4813 1802 4885 ἡλικίας,
1837 4813 1960 4866 τότε
1981 4813 2041 4868 τὺ

462 4898 718 4967 τρόπαιον
752 4897 851 4968 τῆς
896 4897 1052 4968 νίκης
1099 4897 1328 4969 έστησεν
1353 4913 1366 4928 ⁶
1402 4899 1460 4952 ἐν
1504 4896 1710 4968 ἐσχάτῃ
1739 4892 1808 4967 ἦν
1855 4897 2036 4968 πολιᾷ,

462 4980 577 5034 ἀλλ’
609 4980 860 5050 ἐμπόδιον
898 4981 931 5050 ή
967 4980 1128 5034 πολιὰ
1163 4982 1263 5036 οὐκ
1295 4980 1530 5050 ἐγένετο.
1571 4979 1662 5032 Διδ
1689 4979 1785 5033 καὶ
1824 4982 1853 5035 6
1883 4979 2036 5046 Θεὸς,

463 5061 621 5126 εἰδὼς
663 5062 761 5132 τήν
806 5063 1050 5118 εὐτονίαν
1101 5063 1288 5130 αὐτοῦ,
1345 5063 1694 5134 ἐπιφαίνεται
1735 5062 1904 5135 αὐτῷ,
1947 5063 2040 5118 καί

465 5164 630 5218 φησιν
650 5162 664 5176 ·
702 5145 950 5210 Ἔξελθε
979 5147 1049 5201 ἐκ
1074 5147 1185 5217 τῆς
1216 5147 1331 5218 γῆς
1350 5162 1488 5214 σου,
1521 5147 1618 5202 καί
1662 5147 1732 5202 ἐκ
1755 5148 1866 5218 τῆς
1892 5164 2038 5219 συγ-

462 5231 699 5301 γενείας
720 5244 860 5295 σου,
875 5230 972 5284 καί
995 5230 1064 5286 ἐκ
1093 5230 1198 5286 τοῦ
1224 5231 1396 5287 οἴκου
1416 5231 1524 5286 τοῦ
1543 5233 1766 5302 πατρός
1785 5251 1920 5298 σου,
1935 5234 2035 5288 καὶ

463 5315 637 5383 δεῦρο
683 5315 772 5380 είς
826 5312 963 5384 γῆν,
1016 5313 1099 5383 ἣν
1149 5315 1227 5370 ἅν
1278 5330 1377 5370 σοι
1436 5315 1631 5380 δείξω.
1707 5315 2036 5386 ’Υπήκουσεν

474 5397 724 5469 ’Λϐραάμ
751 5397 828 5469 τῷ
860 5397 1022 5470 λόγῳ,
1057 5401 1235 5452 καίτοι
1266 5399 1444 5471 γέρων
1472 5398 1546 5452 ὢν
1567 5399 1772 5466 λοιπὸν,
1805 5401 1895 5453 καὶ
1917 5399 2067 5453 ἀτο-.

526 5496 553 5523 ³
573 5496 756 5544 Collala
779 5509 887 5544 cum
908 5495 1348 5559 codicibusARegiis
1371 5493 1503 5559 l83ti,
1523 5496 1664 5554 23:5,
1693 5509 1801 5544 cum
1822 5497 2036 5548 Colbcrt.

467 5570 581 5618 auo,
604 5559 823 5618 itemque
843 5571 951 5607 cum
973 5557 1276 5609 Coisliniand
1294 5565 1345 5607 et
1367 5557 1712 5607 Ollobouiano.

525 5617 554 5657 ι»
582 5617 765 5666 Omnes
786 5631 902 5673 mss.
929 5621 1059 5668 idem
1083 5619 1266 5670 habent
1285 5621 1437 5682 prmci
1476 5621 1592 5667 ium.
1618 5620 1782 5678 Aliqui
1804 5620 1942 5668 ἴδετε.

526 5681 552 5711 ⁸
580 5679 705 5729 nec.
733 5691 861 5729 unus
883 5681 1032 5729 Savil.
1054 5689 1107 5729 et
1125 5682 1295 5729 Coisl..
1320 5683 1406 5729 τήν
1438 5633 1493 5729 fx
1515 5685 1600 5729 τῆς
1617 5680 1818 5729 ἡλικίας.

526 5681 552 5711 ⁸
580 5679 705 5742 Reg.
733 5691 861 5730 unus
883 5681 1032 5731 Savil.
1054 5689 1107 5731 et
1125 5679 1303 5742 Coisl.,'
1320 5683 1406 5739 τήν
1438 5679 1493 5729 ἐκ
1515 5685 1600 5739 τῆς
1617 5680 1818 5736 ἡλικίας.

2133 1376 2226 1466 ’νος
2262 1402 2340 1473 τῷ
2367 1403 2518 1477 [742]
2538 1407 2766 1476 σώματι,
2800 1401 2892 1456 και
2921 1401 3022 1456 οὐκ
3045 1393 3168 1454 εῐπε
3200 1398 3335 1470 πρὸς
3357 1397 3566 1477 ἑαυτόν·
3604 1399 3720 1454 Ποῦ

2137 1483 2464 1558 ἀπέρχωμαι
2497 1476 2554 1541 ἐν
2577 1488 2778 1559 ἐσχάτῃ
2803 1485 2997 1556 πολιᾷ;
3026 1482 3309 1538 καταλίπω
3332 1481 3426 1536 τὸν
3453 1476 3599 1536 οἶκον
3625 1482 3721 1536 τοῦ

2139 1569 2345 1640 πατρός
2382 1587 2506 1641 μου,
2546 1571 2641 1624 καὶ
2672 1571 2770 1641 τὴν
2803 1569 2908 1640 γῆν
2942 1561 3056 1642 ἐνῇ
3089 1565 3405 1638 ἐγεννήθην,
3439 1567 3572 1618 ὅπου
3612 1578 3718 1618 πε-

2143 1650 2352 1722 ριουσία
2399 1655 2717 1724 χρημάτων,
2769 1652 2862 1704 καὶ
2912 1651 3240 1722 περιφάνεια
3291 1648 3527 1717 γονέων·
3580 1648 3718 1701 ὅπου

2138 1735 2333 1804 κτῆσις
2385 1735 2701 1807 πολυτελής,
2751 1735 2846 1788 καὶ
2894 1734 3064 1803 φίλων
3101 1732 3406 1803 εὐημερίας
3451 1730 3566 1784 ἀλλ’
3593 1730 3719 1784 ἐλυ-

2140 1821 2294 1872 πεῖτο
2322 1818 2422 1890 μὲν
2455 1819 2592 1891 πρὸς
2620 1819 2679 1872 τὸ
2705 1818 2902 1888 παρὸν,
2937 1817 2996 1870 οὐ
3033 1817 3312 1887 παρήκουε
3335 1814 3422 1868 δέ·
3463 1814 3539 1878 ὡς
3568 1813 3721 1882 φιλό-

2138 1919 2298 1966 τοπος
2329 1902 2438 1974 γάρ
2462 1903 2735 1972 ὴγωνιᾶτο
2761 1901 3102 1966 καταλιπεῖν,
3130 1899 3205 1962 ὡς
3225 1897 3468 1968 φιλόθεος
3491 1897 3550 1950 δέ
3569 1896 3720 1950 ἐπεί-

2139 1986 2262 2040 θετο
2310 1987 2404 2040 καὶ
2450 1987 2726 2057 ὑπήκουε·
2780 1984 2876 2039 καὶ
2922 1983 2986 2037 τό
3019 1981 3351 2053 θαυμαστὸν,
3395 1980 3520 2035 οὐτε
3563 1977 3720 2034 εἶπεν

2139 2069 2290 2140 αὑτῷ
2316 2073 2345 2123 6
2373 2069 2506 2134 Θεὸς
2535 2071 2614 2133 είς
2652 2071 2802 2123 ποῖον
2831 2069 3017 2135 τόπον,
3043 2066 3181 2124 ἀλλά
3200 2065 3278 2138 τῷ
3306 2067 3592 2137 ἀδιορίστῳ
3619 2064 3717 2118 τοῦ

2139 2153 2398 2224 ὀνόματος
2440 2152 2747 2223 ἐγύμνασεν
2795 2150 2960 2206 αὐτοῦ
2993 2151 3092 2218 τὴν
3130 2149 3470 2221 προαίρεσιν.
3512 2150 3575 2202 Εἰ
3607 2149 3719 2219 γὰρ
3787 2147 3790 2150 ’

2139 2233 2290 2290 εἶπεν
2319 2237 2488 2309 αὐτῷ,
2531 2238 2616 2290 ὅτι
2648 2238 2728 2301 είς
2753 2235 2860 2305 γῆν
2890 2252 2949 2288 σε
2985 2234 3094 2306 ἔχω
3131 2235 3438 2303 ἀπαγαγεῖν
3485 2233 3719 2304 ῥέουσαν

2139 2321 2276 2390 γάλα
2312 2315 2404 2374 καῖ
2433 2321 2574 2392 μέλι,
2618 2321 2902 2391 εὑρίσκετο
2932 2320 2962 2372 6
3011 2319 3261 2389 Ἀϐραάμ
3296 2318 3358 2374 οὐ
3393 2323 3538 2387 φωνῇ
3577 2315 3720 2368 Θεοῦ

2140 2405 2478 2470 ὑπακούσας,
2523 2404 2659 2458 ἀλλὰ
2686 2404 2790 2474 γῆν
2823 2403 2930 2474 γῆς
2959 2403 3279 2474 προκρίνας.
3333 2400 3578 2472 Ἐξῆλθεν
3622 2396 3722 2454 οὖν

2153 2487 2404 2560 Ἀϐραὰμ
2479 2488 2554 2559 μὴ
2605 2487 2968 2558 ἐπιστάμενος
3013 2485 3118 2539 ποῦ
3186 2486 3503 2556 ἀπέρχεται.
3564 2477 3722 2544 Εἶδες

2143 2570 2334 2624 πολιὰν
2387 2570 2796 2642 σεμνυνομένην
2865 2571 2926 2623 ἐν
2983 2567 3408 2642 κατορθώμασι;
3480 2563 3722 2619 Τοιαῦτα

2139 2655 2270 2725 γάρ,
2301 2655 2376 2718 ὡς
2406 2656 2688 2726 προεῖπον,
2734 2654 2806 2708 τά
2835 2653 3110 2725 ήμέτερα·
3142 2654 3244 2706 οὐκ
3292 2649 3479 2706 ἀτονία
3533 2651 3722 2719 γήρως

2140 2738 2282 2792 αὐτά
2317 2738 2666 2803 καταϐάλλει,
2703 2739 2764 2792 οὐ
2805 2739 2997 2809 χρόνος
3024 2736 3166 2791 αὐτά
3201 2735 3490 2808 μαραίνει·
3521 2735 3583 2786 οὐ
3611 2733 3722 2803 γὰρ

2139 2824 2198 2876 ἐν
2241 2822 2486 2893 σώμασίν
2523 2824 2671 2876 ἐστιν
2705 2823 2740 2892 ή
2792 2821 2974 2885 πολιά,
3018 2820 3136 2874 ἀλλ’
3178 2822 3235 2873 ἐν
3280 2819 3464 2889 ψυχῇ·
3509 2816 3589 2870 διὸ
3625 2816 3722 2868 καὶ

2139 2908 2396 2979 ἀγήρατά
2427 2907 2597 2961 ἐστιν.
2661 2906 2916 2977 Ἐξῆλθεν
2961 2904 3055 2960 οὑν
3096 2903 3348 2976 ’Δϐραάμ
3381 2902 3545 2974 μηδὲν
3576 2899 3724 2971 εἱλη-

2142 2991 2278 3060 φὼς,
2313 2991 2427 3044 ἀλλ’
2456 2990 2536 3044 ἔτι
2565 2992 2622 3044 ἐν
2648 2993 2878 3061 σκηναῖς
2915 2989 3216 3044 κατοικῶν·
3247 2990 3340 3042 καὶ
3359 2989 3458 3040 οὐκ
3482 2985 3720 3055 ἠπίστη-

2143 3091 2256 3138 σεν,
2290 3074 2413 3128 οὐδὲ
2453 3075 2783 3146 ἠγωνίασεν·
2817 3070 2931 3146 εἷχε
2969 3074 3076 3146 γάρ
3113 3073 3368 3144 ἐνέχυρον
3404 3070 3723 3134 ἀξιόπιστον

2140 3156 2234 3211 τοῦ
2261 3157 2590 3222 καλέσαντος
2611 3157 2708 3228 τὴν
2743 3159 2948 3229 φωνήν.
2981 3153 3089 3210 Ἦν
3117 3156 3176 3209 δὲ
3200 3155 3361 3218 αὐτὸς
3387 3155 3598 3222 ἄγονος,
3627 3154 3724 3206 καὶ

2139 3241 2240 3294 οὐκ
2265 3241 2506 3307 ἐτέκνου,
2543 3241 2658 3294 ἀλλ’
2685 3239 2810 3294 οὐτε
2840 3241 3026 3312 Σάρρα
3054 3242 3088 3310 ἡ
3116 3237 3308 3292 τούτου
3341 3238 3476 3307 γυνή
3495 3254 3510 3267 ·
3558 3234 3720 3288 ἔλαϐε

2139 3321 2196 3375 δὲ
2234 3323 2294 3388 ἐξ
2339 3322 2670 3392 ἐπαγγελίας
2717 3323 2832 3377 υίδν
2877 3323 2968 3376 τὸν
3009 3322 3224 3376 Ἰσαάκ·
3263 3321 3351 3373 ὅτε
3395 3319 3510 3390 δὲή
3558 3317 3724 3387 φύσις

2141 3406 2510 3478 ἀπηγόρευσε,
2541 3405 2662 3458 τότε
2691 3408 2724 3476 ἡ
2773 3405 2935 3476 χάρις
2963 3405 3272 3475 ἐδωρήσατο
3294 3418 3307 3431 ·
3339 3402 3528 3455 ἔλαϐεν
3571 3401 3725 3468 ἀξιό-

2141 3507 2332 3543 πιστον
2363 3489 2553 3560 μισθὸν
2576 3489 2843 3560 ὑπακοῆς,
2877 3488 3013 3542 ἀλλά
3037 3486 3198 3540 τοῦτο
3226 3486 3299 3557 μὴ
3327 3485 3480 3546 εἰδώς
3499 3502 3513 3515 ·
3537 3485 3586 3536 εί
3612 3483 3723 3554 γάρ

2139 3575 2280 3646 ⁴ᾔδει,
2327 3574 2479 3627 οὐδὲν
2508 3573 2822 3638 ἀξιόπιστον
2855 3568 2922 3644 ἧν
2972 3575 3224 3642 ποιήσας.
3256 3569 3360 3622 Καὶ
3402 3569 3488 3623 ἵνα
3519 3567 3718 3639 μάθῃς,

2141 3659 2224 3712 ὅτι
2275 3659 2335 3711 οὐ
2368 3657 2455 3712 διά
2501 3657 2659 3710 τοῦτο
2715 3657 3016 3729 ὑπήκουσε,
3067 3655 3230 3726 βλέπε
3265 3653 3382 3715 πῶς
3427 3653 3520 3706 καὶ
3555 3652 3722 3704 αὐτὸν

2142 3743 2495 3812 κελευόμενος
2541 3741 2748 3796 ἀνελεῖν
2791 3741 2856 3794 οὐ
2890 3739 3214 3811 παρακούει,
3255 3737 3392 3790 ἀλλὰ
3430 3735 3527 3806 τὴν
3559 3734 3721 3803 φύσιν

2145 3827 2345 3899 ῥίπτει,
2376 3826 2470 3878 καὶ
2512 3825 2612 3896 τὴν
2646 3825 2921 3896 φιλοθεῖαν
2951 3823 3284 3889 ἀσπάζεται,
3327 3823 3394 3875 τά
3438 3820 3722 3889 σπλάγχνα

2143 3925 2469 3983 καταπατεῖ,
2511 3922 2606 3975 καὶ
2647 3920 2742 3975 τοῦ
2789 3921 3117 3984 καλέσαντος
3158 3920 3259 3973 οὐκ
3294 3918 3607 3987 ἀφίσταται.
3657 3919 3724 3972 Τί

2142 4004 2235 4060 οῦν
2288 4005 2422 4078 πρὸς
2466 4006 2673 4059 αὐτὺνό
2716 4005 2884 4071 Θεός;
2932 4005 3206 4074 Ἀϐραὰμ,
3261 4002 3538 4071 ’Λϐραάμ.
3581 4003 3641 4056 '0
3667 4003 3725 4057 δέ

2142 4087 2329 4145 εἷπεν³
2383 4088 2541 4142 Ἰδοὺ
2569 4087 2710 4158 ἐγώ·
2747 4089 2838 4144 καὶ
2881 4083 3034 4141 εἷπε·
3071 4087 3226 4142 Λάϐε
3264 4086 3370 4140 τὸν
3422 4087 3558 4139 υιόν
3604 4102 3725 4140 σου

2142 4173 2248 4227 τὸν
2300 4172 2630 4243 ἀγαπητὸν,
2676 4172 2748 4226 ὃν
2783 4171 3126 4243 ἠγάπησας,
3178 4171 3284 4224 τὸν
3335 4171 3561 4232 Ἰσαὰκ,
3622 4171 3728 4223 καί

2141 4256 2426 4327 ἀνένεγκε
2483 4255 2673 4310 αὐτὸν
2712 4257 2802 4322 είς
2859 4257 3279 4323 όλοκάρπωσιν
3331 4255 3420 4323 ἐφ’
3480 4254 3551 4306 ἐν
3603 4254 3729 4308 τῶν

2142 4339 2346 4409 ὀρέων,
2376 4335 2466 4392 ὦν
2499 4339 2576 4392 ἄν
2605 4354 2703 4392 σοι
2737 4339 2906 4392 ειπω.
2938 4337 3076 4392 Οὔτε
3106 4338 3165 4390 τὺ
3193 4338 3314 4410 ὅρος
3344 4336 3490 4406 αὐτῷ
3516 4337 3727 4407 ἐδήλω-

2145 4440 2257 4486 σεν,
2292 4422 2426 4476 ἀλλά
2461 4421 2538 4492 τῷ
2567 4421 2854 4494 ἀδιορίστῳ
2884 4422 2978 4475 τοῦ
3008 4421 3167 4493 ὅρους
3199 4424 3278 4486 είς
3312 4421 3530 4474 πλείονα
3557 4423 3728 4476 αὐτὸν

2141 4505 2381 4576 ἀθυμίαν
2435 4504 2707 4559 ἐνέϐαλεν.
2777 4504 2918 4558 Ἀλλ’
2971 4506 3121 4576 ὅμως
3163 4504 3367 4560 τούτων
3417 4504 3572 4557 οὐδὲν
3632 4505 3728 4558 τὶν

2155 4590 2406 4662 Ἀϐραὰμ
2455 4589 2793 4661 ἐθορύϐησε·
2848 4589 3050 4660 μᾶλλον
3095 4589 3152 4644 δέ
3202 4589 3296 4642 καὶ
3348 4589 3722 4662 ἐθορύϐησεν·

2142 4673 2348 4744 ἔπασχε
2384 4673 2485 4742 μὲν
2522 4672 2631 4744 γὰρ
2652 4672 2722 4726 τά
2754 4671 2849 4726 τοῦ
2879 4672 3189 4746 ἀνθρώπου,
3223 4673 3322 4726 οὐκ
3345 4674 3545 4744 ἔπασχε
3575 4674 3636 4727 δὲ
3657 4675 3726 4728 τά

2140 4770 2240 4841 τῆς
2272 4769 2576 4840 ἁμαρτίας·
2609 4767 2995 4835 ἐκλυδωνίζετο
3031 4770 3131 4842 μὲν
3161 4769 3236 4834 ὡς
3263 4769 3465 4840 πατὴρ,
3511 4769 3572 4822 οὐ
3622 4787 3725 4823 κασ

2139 4851 2484 4916 τεποντίζετο
2515 4853 2574 4906 δὲ
2599 4852 2676 4915 ὡς
2701 4853 2946 4922 φιλόθεος
2965 4867 2981 4882 ·
3020 4854 3088 4906 τά
3113 4852 3401 4922 σπλάγχνα
3424 4853 3723 4921 ἁνήπτετο,

2142 4935 2257 4988 ἀλλ’
2291 4937 2324 5006 ή
2372 4935 2552 4999 πίστις
2582 4933 2757 4989 ἐνίκα.
2794 4936 2886 5007 Μὴ
2921 4934 3030 5007 γάρ
3069 4935 3250 5006 εἴπῃς,
3279 4935 3360 4988 ὃτι
3399 4933 3554 4987 οὐδὲν
3594 4935 3724 4987 Em-

2143 5035 2270 5090 σχεν
2292 5018 2321 5071 6
2361 5018 2643 5090 Ἀϐραάμ·
2677 5018 2930 5089 ἐννόησον
2963 5017 3078 5081 πῶς
3105 5016 3461 5089 ἐπυρπολεῖτο
3490 5017 3599 5072 ὑπὸ
3615 5019 3724 5070 τῶν

2144 5101 2464 5170 σπλάγχνων
2497 5100 2869 5172 ἐλαυνόμενος,
2924 5101 3018 5155 καὶ
3066 5099 3230 5170 βλέπε
3271 5099 3368 5170 τὴν
3403 5100 3725 5169 φιλοσοφίαν

2143 5183 2329 5238 αὐτοῦ.
2353 5183 2490 5236 Οὐδέ
2511 5186 2578 5254 τῇ
2611 5185 2797 5255 Σάρρᾳ
2817 5184 3000 5252 λέγει·
3033 5183 3284 5238 ἐδεδοίκει
3316 5183 3441 5255 γὰρ,
3473 5184 3550 5254 μή
3591 5201 3725 5236 τπτε

2143 5266 2410 5339 ἐμποδίσῃ
2447 5265 2526 5338 τῷ
2573 5268 2860 5339 μυστηρίῳ
2898 5268 2976 5339 τῷ
3027 5267 3447 5338 ἐπιτελουμένῳ.
3502 5267 3565 5320 El
3614 5268 3726 5339 γὰρ

2143 5344 2319 5415 εἶπεν,
2365 5349 2508 5413 εἰκὸς
2569 5350 2739 5420 αὐτὴν
2785 5350 3186 5422 ἐπιστομίζειν,
3220 5352 3315 5406 καὶ
3347 5351 3562 5420 λέγειν·
3608 5351 3725 5404 Ποῦ

2143 5434 2366 5502 ἀνάγεις
2405 5433 2495 5487 τὸν
2547 5432 2660 5486 υἱόν
2695 5451 2812 5498 σου,
2858 5435 2918 5488 ὃν
2971 5434 3104 5508 παρ’
3138 5435 3363 5497 ἐλπίδας
3409 5434 3628 5496 ἔλαϐον,
3665 5435 3725 5487 ὃν

2142 5515 2264 5570 κατ’
2309 5515 2637 5584 ἐπαγγελίαν
2679 5517 2967 5588 ἐδεξάμην,
3015 5518 3073 5570 ὃν
3117 5517 3236 5570 ἀντὶ
3276 5517 3373 5586 τῆς
3415 5516 3722 5587 φιλοξενίας

2142 5600 2355 5665 ἔλαϐον,
2403 5602 2464 5655 ὃν
2504 5602 2561 5654 ἐν
2606 5603 2816 5673 ἐσχάτῳ
2858 5605 3004 5674 γήρα
3047 5603 3341 5675 ἐχαρίσατό
3375 5603 3519 5673 μοιό
3551 5602 3722 5665 Θεόςς

2141 5685 2246 5739 ποῦ
2276 5683 2438 5739 αὐτόν
2459 5685 2710 5754 ἁνάγεις;
2741 5686 2844 5742 ποῦ
2874 5687 3036 5741 αὐτὸν
3066 5685 3397 5756 λαμϐάνεις;
3435 5685 3611 5750 οὐδείς
3638 5702 3721 5739 σοι
