4080 6198
304 203 407 259 737

309 316 1488 352 Μ

1647 183 1733 240 DE
1773 181 1997 240 ΒΕΑΤο
2027 180 2381 236 ΑΒΒΛΙΙΛΜ.

3470 179 3571 238 758

1329 404 1486 487 DE
1537 398 1913 485 BEATO
1973 396 2534 484 ABRAHAM

1815 573 2067 618 ORATIO.

1699 721 2182 750 amm-

385 844 438 902 I.
480 840 544 902 In
571 844 913 900 ecclesiasticis
938 843 1216 900 actionibus
1245 853 1474 900 senectus
1507 858 1607 896 non
1638 840 1792 894 obest.
1826 869 1896 879 ——

301 939 534 1012 ~Vidistis
551 937 625 1010 (η)
644 936 893 992 canitiem
910 945 1173 1008 vegetam,
1194 951 1256 992 ac
1278 934 1520 989 ﬂoridam
1537 927 1899 986 senectutem?

296 1015 522 1085 'vidistis
553 1029 808 1084 athletam
840 1043 1192 1099 generosum,
1223 1036 1278 1083 et
1306 1041 1429 1081 cum
1461 1033 1650 1079 natura
1677 1020 1898 1076 visceri—

317 1121 524 1191 busque
571 1119 927 1190 pugnantem?
953 1117 1159 1174 vidistis
1187 1118 1361 1172 virum
1403 1116 1456 1171 in
1486 1124 1726 1171 extremo
1752 1113 1902 1167 senio

317 1217 600 1270 adamante
647 1211 969 1266 ﬁrmiorem?
1014 1210 1169 1266 Vires
1224 1209 1440 1280 quidem
1491 1207 1732 1277 corporis
1788 1204 1903 1274 ejus

319 1303 701 1376 elanguerant,
733 1303 829 1359 sed
859 1304 974 1372 ejus
1020 1301 1142 1359 ﬁdei
1179 1302 1330 1374 vigor
1367 1301 1740 1356 corroboratus
1768 1306 1902 1353 erat.

321 1396 470 1452 Talia
491 1403 616 1451 sunt
642 1395 783 1449 enim
806 1390 1061 1449 EccleSia:
1091 1393 1348 1463 praeclara
1377 1390 1634 1456 facinora,
1666 1397 1723 1444 ut
1749 1388 1908 1443 imbe-

320 1488 512 1544 cillitas
537 1486 781 1557 corporis
821 1485 942 1540 ﬁdei
985 1483 1322 1539 alacritatem
1370 1497 1477 1536 non
1527 1479 1686 1535 laedat
1711 1497 1724 1532 :
1752 1493 1909 1534 orna-

322 1588 560 1635 mentum
587 1577 784 1648 quippe
799 1585 882 1631 est
897 1575 1152 1630 Ecclesite
1177 1571 1397 1629 canities
1421 1571 1672 1635 demissa,
1694 1581 1748 1626 et
1777 1570 1910 1624 ﬁdes

323 1669 424 1724 alis
453 1669 736 1733 instructa,
765 1673 818 1720 et
845 1665 944 1720 hac
973 1678 1033 1720 re
1058 1664 1394 1734 potissimum
1416 1661 1657 1720 Ecclesia
1679 1662 1908 1716 laetatur.

324 1759 457 1815 Nam
497 1759 551 1813 in
596 1755 835 1828 profanis
864 1755 1081 1826 quidem
1113 1755 1340 1825 negotiis
1370 1754 1572 1809 inutilis
1596 1760 1680 1808 est
1708 1767 1872 1807 senex
1893 1791 1909 1819 ,

327 1868 426 1908 nec
450 1850 614 1906 ullam
647 1848 715 1905 ad
736 1864 852 1904 rem
883 1847 1108 1903 idoneus
1133 1864 1148 1913 ;
1175 1846 1269 1901 sed
1296 1846 1490 1916 ubique
1517 1843 1707 1916 dignus
1734 1842 1910 1898 indul-

327 1943 505 2016 gentia
527 1950 800 2006 censetur,
827 1940 966 2011 quod
997 1946 1215 2010 propter
1247 1936 1666 1994 imbeCillitatem
1695 1934 1762 1990 ad
1789 1950 1917 1990 usus

329 2037 454 2090 vita:
481 2034 822 2090 necessarios
844 2033 1063 2087 minime
1090 2030 1266 2085 valeat
1282 2028 1643 2085 commodare.
1673 2025 1918 2096 Exempli

331 2141 514 2191 causa,
538 2141 644 2180 non
671 2132 849 2195 potest
869 2137 1036 2180 senex
1067 2122 1122 2177 in
1150 2121 1292 2177 bello
1317 2129 1460 2176 stare
1488 2119 1542 2174 in
1571 2119 1707 2185 acie,
1731 2131 1837 2172 non
1866 2117 1919 2172 in

332 2233 528 2288 equum
555 2217 870 2285 ascendere,
911 2229 1016 2272 non
1037 2215 1250 2270 hastam
1277 2213 1510 2280 vibrare,
1541 2227 1649 2267 non
1672 2210 1918 2283 clypeum

335 2326 572 2378 movere,
605 2325 711 2366 non
739 2310 866 2366 solis
892 2309 1140 2365 ardorem
1167 2307 1332 2376 ferre,
1365 2321 1472 2362 non
1503 2303 1710 2360 itineris
1748 2302 1921 2372 longi-

334 2405 572 2460 tudinem
615 2404 900 2470 sustinere,
933 2417 1039 2458 non
1078 2401 1232 2457 famis
1262 2397 1634 2470 asperitatem,
1666 2411 1774 2450 non
1807 2410 1922 2449 mo-

336 2497 438 2552 lem
468 2496 790 2551 tumultuum
820 2494 1044 2550 tolerare
1069 2509 1083 2559 ;
1123 2491 1222 2548 sed
1255 2489 1536 2561 tranquillo
1565 2489 1622 2544 in
1644 2488 1766 2543 loco
1788 2486 1924 2542 cani-

339 2589 428 2644 tiei
453 2587 752 2658 patrocinio
780 2586 949 2642 fretus
977 2583 1148 2640 sedet.
1173 2583 1289 2638 lloc
1306 2597 1434 2638 vero
1461 2581 1517 2638 in
1541 2579 1761 2651 navigiis
1787 2591 1922 2648 quo-

339 2697 442 2749 que
462 2679 612 2735 cerni
633 2687 836 2747 potest:
853 2676 916 2732 ad
939 2675 1295 2749 gubernacula
1317 2673 1502 2744 nequit
1523 2686 1693 2727 senex
1714 2669 1922 2746 sedere,

341 2788 447 2827 non
473 2770 644 2825 maria
669 2770 897 2833 sulcare,
921 2783 1027 2823 non
1050 2781 1255 2822 remum
1283 2765 1501 2840 ducere,
1529 2779 1635 2818 non
1666 2760 1783 2818 vela
1815 2769 1929 2816 ten-

342 2865 492 2932 dere,
517 2879 624 2919 non
643 2853 930 2918 Contrariis
949 2859 1124 2916 ventis
1144 2858 1433 2925 obsistere,
1461 2871 1565 2912 non
1587 2854 1928 2925 asperitatem

344 2957 554 3029 frigoris
576 2957 703 3026 pati,
726 2969 832 3009 non
852 2951 995 3008 aliud
1020 2950 1292 3023 quidpiam
1317 2948 1576 3020 ejusmodi
1606 2955 1782 3017 potest
1806 2961 1920 3015 per-

344 3050 526 3114 ﬁccre,
551 3045 645 3100 sed
686 3045 740 3098 in
781 3044 903 3098 navi
943 3041 1118 3108 sedet,
1148 3051 1308 3113 atque
1336 3039 1507 3096 :etatis
1535 3052 1696 3094 causa
1721 3036 1929 3092 veniam

347 3140 618 3209 impetrat.
641 3135 758 3190 lloc
804 3134 976 3204 ipsum
1007 3141 1063 3188 et
1103 3133 1156 3188 in
1199 3129 1449 3202 agricolis
1492 3138 1734 3200 spectare
1764 3127 1929 3182 licet:

347 3243 469 3284 nam
500 3241 675 3298 neque
698 3224 910 3280 trahere
939 3232 1171 3279 aratrum
1200 3231 1396 3293 potest,
1428 3235 1602 3291 neque
1631 3219 1808 3274 sulcos
1835 3219 1934 3272 im-

348 3321 600 3391 primere,
631 3333 738 3373 non
764 3331 1022 3388 equorum
1053 3314 1286 3370 domitor
1317 3313 1452 3379 ﬁeri,
1486 3327 1660 3382 neque
1685 3311 1932 3366 robusto—

349 3428 467 3467 rum
511 3413 670 3466 boum
719 3410 823 3464 vim
853 3411 1133 3474 sustinere,
1178 3422 1277 3462 nec
1325 3416 1486 3462 aestus
1530 3407 1808 3476 impetum,
1836 3418 1936 3458 nec

349 3501 662 3572 gravitatem
709 3499 926 3567 caloris,
973 3513 1074 3553 nec
1117 3498 1317 3568 ligonis
1366 3495 1614 3567 pondus,
1648 3509 1747 3550 nec
1791 3493 1935 3548 aliud

316 3624 319 3626 ›
353 3591 564 3662 quidvis
593 3606 775 3646 eorum
797 3633 812 3655 ,
834 3604 962 3660 qua:
991 3589 1058 3644 ad
1091 3597 1286 3644 terram
1315 3587 1592 3643 colendam
1619 3595 1744 3641 sunt
1772 3585 1886 3638 usui
1920 3601 1933 3637 :

356 3683 452 3739 sed
478 3683 623 3738 domi
648 3681 915 3746 considet,
944 3689 998 3735 et
1035 3680 1247 3734 canitiei
1287 3679 1630 3734 excusatione
1657 3692 1716 3731 se
1741 3684 1934 3730 tuetur.

358 3775 430 3830 At
458 3789 560 3827 non
591 3775 660 3827 ita
687 3787 746 3828 se
777 3771 974 3826 habent
997 3785 1084 3825 res
1105 3769 1384 3831 Ecclesia);
1408 3768 1500 3824 sed
1527 3767 1615 3822 ubi
1639 3781 1932 3822 consenue-

362 3867 469 3920 rint
493 3866 579 3934 qui
611 3879 731 3918 cum
764 3863 957 3918 virtute
977 3863 1145 3916 vitam
1186 3859 1508 3926 traducunt,
1545 3869 1670 3913 tunc
1700 3859 1940 3913 utiliores

362 3959 698 4015 redduntur:
732 3973 838 4012 non
867 3957 1008 4012 enim
1039 3955 1284 4025 corporis
1310 3953 1493 4020 robur,
1525 3953 1618 4008 sed
1652 3952 1770 4007 ﬁdei
1802 3966 1941 4020 prae-

363 4051 558 4106 stantia
585 4050 864 4120 qumritur.
895 4048 1043 4103 Talis
1071 4055 1188 4102 erat
1223 4044 1520 4110 Abraham,
1547 4043 1634 4100 cui
1659 4041 1798 4098 vires
1825 4057 1943 4098 cor-

365 4141 509 4211 poris
549 4141 926 4210 clanguerant,
966 4137 1061 4192 sed
1093 4138 1207 4208 ipse
1235 4136 1354 4190 ﬁdei
1384 4135 1576 4190 robore
1600 4133 1944 4190 conﬁrmatus

365 4241 480 4287 erat
505 4249 519 4283 :
548 4245 710 4286 senex
737 4237 873 4295 erat,
903 4227 998 4284 sed
1041 4229 1091 4282 in
1132 4235 1375 4283 extrema
1404 4233 1680 4281 senectute
1705 4239 1823 4280 cum
1852 4238 1944 4278 na-

369 4333 484 4378 tura
511 4321 795 4393 pugnabat,
822 4330 876 4375 et
907 4320 1220 4390 praclarum
1260 4318 1328 4373 de
1364 4331 1425 4373 ea
1456 4315 1780 4386 triumphum
1818 4330 1944 4384 age-

369 4413 461 4468 bat
483 4431 498 4466 :
522 4427 685 4468 senex
705 4419 850 4476 erat,
873 4408 967 4465 sed
994 4409 1261 4464 robustior
1286 4407 1428 4462 ferro
1477 4415 1639 4478 atque
1667 4405 1947 4461 adamante

370 4503 597 4557 limior.
640 4502 716 4556 Ae
761 4499 970 4570 juvenis
1017 4496 1230 4568 quidem
1273 4513 1396 4554 cum
1447 4505 1618 4562 esset,
1662 4495 1794 4551 nihil
1843 4495 1948 4551 tale

371 4593 644 4666 prmstitit;
673 4607 795 4647 cum
814 4606 947 4647 vero
972 4603 1139 4661 prope
1168 4597 1354 4645 exacta
1377 4589 1488 4658 jam
1526 4596 1657 4644 tetas
1699 4595 1843 4643 esset
1884 4602 1948 4642 ac

369 4685 620 4749 decursa,
647 4690 756 4735 tum
785 4681 1110 4750 triumphum
1139 4678 1466 4748 reportavit;
1494 4677 1546 4731 in
1574 4686 1809 4733 extrema
1836 4684 1952 4731 erat

369 4773 597 4836 canitie,
625 4771 718 4826 sed
757 4770 982 4827 canities
1023 4769 1403 4839 impedimento
1429 4782 1535 4823 non
1584 4777 1737 4822 erat:
1767 4781 1951 4837 quam-

371 4865 558 4916 obrem
602 4877 723 4916 cum
769 4860 886 4931 ejus
912 4860 1220 4915 ﬁrmitatem
1251 4859 1490 4914 novisset
1515 4858 1678 4924 Deus,
1709 4860 1954 4928 apparuit

374 4954 475 5018 iiIi,
500 4960 555 5007 et
581 4953 658 5005 ait
683 4968 697 5004 :
727 4950 974 5022 Egredere
997 4950 1062 5003 de
1084 4959 1217 5003 terra
1240 4959 1344 5013 tua,
1369 4959 1416 5002 et
1442 4949 1506 5002 dc
1526 4946 1819 5018 cognatione
1843 4957 1950 5012 tua,

373 5046 507 5099 etde
529 5045 676 5098 domo
693 5044 855 5113 patris
879 5043 974 5108 tui,
1001 5051 1047 5096 et
1075 5042 1186 5095 ueni
1212 5041 1265 5094 in
1291 5051 1473 5093 terram
1493 5056 1642 5110 quam
1668 5040 1953 5094 monstrabo

373 5136 466 5189 tibi
494 5128 836 5204 (GenJQJ).
865 5132 1052 5187 Paruit
1080 5131 1347 5185 Abraham
1390 5129 1552 5193 dicto,
1598 5130 1808 5185 tametsi
1841 5128 1952 5200 jam

374 5240 539 5279 senex
567 5225 843 5294 deinceps,
872 5233 926 5279 et
951 5237 1176 5293 corpore
1203 5222 1480 5277 imbecillis
1501 5231 1660 5285 esset,
1687 5237 1786 5277 nec
1811 5222 1954 5292 apud

377 5332 436 5370 se
471 5316 791 5384 dixitzQuo
835 5316 1047 5370 tandem
1099 5316 1150 5370 in
1194 5326 1431 5371 extrema
1473 5325 1747 5370 senectute
1785 5314 1958 5370 disce-

377 5409 537 5463 dam?
557 5408 842 5464 domumne
871 5408 1039 5479 patris
1065 5408 1206 5474 mei,
1234 5417 1555 5478 terramque,
1587 5409 1640 5462 in
1669 5423 1771 5478 qua
1803 5418 1956 5463 natus

378 5514 523 5566 sum,
546 5497 949 5568 derelinquam?
971 5499 1057 5553 ubi
1088 5499 1428 5568 pecuniarum
1451 5498 1624 5569 copia,
1649 5507 1957 5569 parentum-

441 5608 516 5669 (α)
557 5614 605 5657 ιιι
627 5607 841 5659 Celtica.
865 5609 1036 5660 Codice
1059 5611 1218 5661 omnia
1239 5623 1324 5661 sus
1353 5611 1517 5674 deque
1540 5623 1680 5662 versa
1702 5617 1833 5662 sunt.

2007 855 2110 907 que
2139 840 2425 896 nobilitas?
2449 842 2539 896 ubi
2569 843 2834 913 opulentae
2866 844 3229 914 possessiones
3255 853 3312 900 et
3343 859 3587 900 commo-

2003 931 2142 985 ditas
2180 934 2512 988 amicorum?
2547 935 2722 1005 Atque
2757 951 2824 991 ex
2863 945 3105 1006 tempore
3145 937 3359 1008 quidem
3404 937 3590 992 dolore

2005 1021 2353 1090 afﬁciebatur,
2403 1025 2496 1080 sed
2546 1041 2735 1096 parere
2786 1036 2962 1082 tamen
3012 1043 3118 1082 non
3166 1030 3493 1085 recusabat:
3532 1041 3591 1084 ut

2011 1127 2195 1168 amans
2219 1114 2424 1182 patriae,
2447 1114 2619 1170 deseri
2644 1130 2761 1171 eam
2792 1131 2822 1170 a
2848 1132 2908 1172 se
2933 1116 3181 1183 dolebat;
3210 1128 3269 1174 ut
3292 1120 3383 1174 Dei
3405 1135 3592 1174 amans
3631 1115 3636 1120 ’

2007 1211 2063 1257 et
2087 1202 2226 1273 pius,
2257 1205 2477 1273 parebat
2507 1213 2562 1260 et
2589 1221 2794 1262 morem
2825 1210 3041 1276 gerebat
3067 1226 3082 1262 :
3107 1209 3357 1280 quodque
3393 1215 3594 1282 permi-

2008 1309 2126 1350 rum
2154 1305 2290 1362 erat,
2319 1313 2390 1352 ne
2418 1298 2551 1353 dixit
2589 1299 2802 1367 quidem
2834 1301 2910 1355 illi
2938 1301 3098 1367 Deus,
3129 1302 3181 1356 in
3220 1317 3378 1373 quem
3418 1304 3594 1358 locum

2010 1385 2243 1441 eundum
2272 1397 2450 1455 esset;
2479 1398 2532 1443 at
2553 1391 2700 1445 nullo
2729 1406 2848 1446 eum
2878 1393 3093 1448 nomine
3119 1392 3404 1464 designans
3430 1394 3596 1466 ipsius

2012 1476 2247 1532 animum
2274 1479 2514 1533 exercuit
2538 1494 2602 1534 ac
2633 1481 2874 1536 tentavit.
2903 1480 2958 1536 Si
2991 1484 3134 1538 enim
3163 1484 3238 1538 illi
3265 1484 3506 1549 dixisset,
3542 1485 3598 1540 lu

2014 1575 2210 1624 terram
2238 1577 2288 1624 te
2317 1584 2436 1625 sum
2462 1571 2596 1627 lacte
2624 1587 2686 1627 ac
2713 1574 2870 1628 melle
2897 1585 3202 1631 manantem
3247 1576 3592 1640 abducturus.

2015 1666 2126 1714 tum
2151 1675 2261 1714 non
2289 1661 2406 1716 voci
2444 1662 2638 1718 divinae
2676 1664 2943 1718 Abraham
2974 1666 3234 1735 paruisse,
3269 1666 3363 1722 sed
3399 1677 3597 1724 terram

2019 1758 2174 1806 terra:
2225 1752 2521 1821 prmtulisse
2589 1757 2936 1824 reperiretur.
2995 1759 3252 1828 Egressus
3303 1768 3389 1814 est
3445 1761 3604 1832 igitur

2017 1841 2307 1908 Abraham,
2349 1844 2596 1899 nesciens
2624 1861 2730 1914 quo
2763 1846 2956 1901 abiret.
2981 1847 3145 1904 Vides
3171 1850 3422 1904 canitiem
3461 1865 3604 1921 pra:-

2019 1932 2179 1987 claris
2222 1933 2543 1990 facinoribus
2579 1936 2907 2006 gloriosam?
2931 1938 3075 1993 Talis
3102 1941 3244 1995 enim
3263 1950 3368 2007 est,
3398 1951 3455 1996 ut
3481 1951 3607 1998 ante

2021 2024 2151 2092 dixi,
2181 2040 2360 2081 rerum
2385 2037 2556 2083 status
2585 2038 2919 2096 nostrarum;
2948 2047 3055 2086 non
3077 2047 3166 2087 eas
3193 2035 3485 2088 senectutis
3507 2035 3605 2088 im-

2022 2115 2279 2171 becillitas
2304 2116 2577 2187 deprimit,
2601 2135 2704 2174 non
2735 2136 2830 2176 eas
2849 2130 3064 2192 tempus
3087 2121 3366 2178 labefactat
3391 2141 3408 2180 :
3437 2140 3609 2190 neque

2023 2207 2164 2262 enim
2191 2209 2416 2266 canities
2444 2219 2526 2266 est
2569 2212 2622 2266 in
2661 2214 2995 2283 corporibus.
3028 2215 3121 2271 sed
3151 2216 3201 2270 in
3231 2217 3441 2283 anima;
3475 2233 3609 2290 qua-

2024 2306 2245 2368 propter
2261 2315 2436 2370 neque
2460 2301 2698 2356 sentiunt
2725 2312 3079 2362 senectutem.

2100 2390 2406 2448 Obedicntia:
2467 2411 2652 2450 merces
2701 2399 2894 2466 fructus
2945 2399 3168 2466 ventris;
3219 2417 3308 2454 cur
3351 2399 3608 2456 Abraham

2027 2483 2293 2537 consilium
2338 2501 2488 2540 suum
2531 2489 2596 2540 de
2626 2488 2935 2544 immolando
2962 2489 3113 2545 Isaac
3151 2493 3300 2546 uxori
3348 2509 3448 2548 non
3489 2511 3615 2564 ape-

2028 2574 2205 2628 ruerit.
2233 2575 2586 2646 —Egressus
2609 2587 2692 2634 est
2729 2579 2888 2649 igitur
2934 2581 3200 2635 Abraham
3251 2584 3384 2638 nihil
3427 2600 3607 2640 secum

2030 2665 2318 2734 accipiens,
2344 2666 2438 2722 sed
2490 2670 2542 2722 in
2587 2669 2830 2724 tentoriis
2860 2670 3034 2725 adhuc
3063 2672 3323 2736 habitans,
3358 2684 3410 2728 et
3441 2675 3616 2730 incre-

2031 2753 2188 2810 dulus
2208 2771 2313 2812 non
2342 2756 2474 2824 fuit,
2522 2774 2694 2828 neque
2721 2759 2980 2816 dubitavit
3004 2780 3016 2817 :
3045 2764 3241 2817 etenim
3295 2764 3478 2820 habuit
3503 2765 3618 2820 ida-

2032 2861 2191 2901 neum
2237 2847 2427 2918 pignus
2476 2847 2593 2918 ejus
2623 2864 2828 2916 vocem,
2883 2867 2914 2905 a
2964 2867 3070 2921 quo
3123 2851 3296 2908 fuerat
3342 2866 3614 2911 evocatus.

2035 2936 2203 2994 Porro
2234 2939 2432 2994 sterilis
2461 2949 2578 2995 erat
2609 2940 2749 3010 ipse,
2786 2956 2960 3012 neque
2992 2943 3190 2998 liberos
3220 2943 3452 3000 habebat
3481 2963 3495 3000 :
3524 2949 3618 3000 sed

2033 3043 2206 3100 neque
2229 3028 2360 3085 Sara
2405 3045 2539 3085 uxor
2565 3031 2721 3102 ejus:
2749 3034 2954 3103 accepit
2990 3043 3169 3090 autem
3217 3051 3280 3090 ex
3321 3039 3620 3106 repromis-

2035 3120 2188 3177 sione
2213 3119 2378 3176 ﬁlium
2408 3121 2557 3178 Isaac
2583 3141 2597 3178 :
2629 3139 2750 3179 cum
2773 3135 2959 3180 natura
2981 3126 3284 3193 defecisset,
3309 3136 3424 3183 tum
3452 3133 3620 3200 gratia

2037 3214 2222 3282 largita
2242 3221 2324 3269 est
2341 3231 2356 3278 ;
2379 3214 2729 3271 sufﬁcientem
2739 3219 2950 3286 accepit
2965 3217 3280 3273 obedientire
3297 3221 3620 3288 mercedem,

2041 3313 2411 3360 verumtamen
2441 3322 2563 3362 cum
2591 3307 2692 3363 hoc
2740 3310 2976 3364 nesciret
3007 3327 3021 3364 :
3052 3311 3096 3365 si
3141 3311 3283 3366 enim
3329 3312 3574 3368 scivissct
3606 3357 3622 3378 .

2040 3396 2172 3454 nihil
2217 3399 2469 3453 eximium
2510 3401 2869 3476 prtestitisset.
2903 3404 3076 3474 Atque
3117 3413 3178 3458 ut
3221 3405 3480 3476 intelligas
3518 3423 3626 3460 non

2040 3487 2240 3545 idcirco
2268 3504 2390 3545 eum
2420 3506 2626 3546 morem
2671 3492 2928 3562 gessisse,
2969 3493 3088 3549 vide
3131 3510 3239 3564 quo
3269 3505 3424 3566 pacto
3455 3497 3628 3567 ipsum

2042 3585 2203 3640 etiam
2232 3595 2470 3640 mactare
2484 3586 2686 3655 jussus,
2717 3601 2906 3656 parere
2951 3603 3055 3642 non
3089 3597 3320 3655 recuset,
3350 3589 3442 3644 sed
3471 3600 3629 3644 natu-

2043 3693 2156 3732 ram
2186 3689 2522 3749 aspernetur,
2545 3689 2865 3737 ct-amorem
2896 3683 2985 3736 Dei
3018 3685 3435 3754 complectatur;
3491 3701 3591 3740 con
3611 3715 3628 3726 ο

2045 3769 2235 3824 temnit
2265 3785 2362 3826 sua
2394 3771 2624 3838 viscera,
2652 3788 2750 3828 nec
2773 3773 2840 3828 ah
2861 3789 2926 3828 eo
2945 3815 2960 3839 ,
2989 3775 3077 3843 qui
3108 3789 3168 3830 se
3191 3785 3423 3840 vocarat,
3471 3793 3630 3831 avt-r-

2046 3859 2195 3914 titur.
2226 3859 2364 3925 Quid
2388 3860 2546 3931 igitur
2568 3861 2636 3916 ad
2665 3876 2789 3916 eum
2820 3863 2999 3917 Deuslt
3024 3863 3299 3930 Abraham,
3333 3865 3586 3922 Abraham
3611 3884 3630 3921 :

2046 3960 2157 4006 tum
2200 3952 2311 4020 ille,
2358 3952 2493 4008 Ecce
2525 3971 2652 4025 ego;
2700 3963 2808 4009 tum
2857 3956 3032 4011 Deus:
3061 3955 3246 4026 Accipe
3292 3959 3454 4027 filium
3493 3969 3634 4012 tumn

2047 4043 2307 4110 dilectum,
2347 4061 2494 4115 quem
2533 4046 2776 4113 dilexisti,
2809 4046 2981 4114 Isaac,
3033 4057 3080 4102 et
3123 4048 3251 4116 offer
3274 4067 3388 4104 eum
3415 4051 3467 4104 in
3488 4050 3632 4105 Italo-

2048 4143 2278 4189 caustum
2319 4152 2473 4204 super
2499 4153 2655 4190 unum
2695 4140 2958 4204 montium,
2991 4156 3116 4209 quos
3139 4141 3225 4195 tibi
3265 4142 3482 4215 αἰτεῖ-ο(
3503 4142 3633 4198 Gen.

2046 4225 2140 4280 '22.
2170 4224 2250 4296 2).
2296 4225 2478 4297 Neque
2516 4236 2751 4282 montem
2785 4229 2858 4283 illi
2899 4229 3172 4297 indicavit,
3197 4230 3298 4286 sed
3333 4246 3398 4287 ex
3435 4232 3634 4287 montis

2050 4317 2423 4374 incertitudine
2459 4319 2720 4388 majorem
2752 4320 2827 4375 illi
2871 4322 3138 4376 tristitiam
3168 4322 3373 4393 injecit.
3403 4325 3473 4380 At
3501 4323 3633 4379 nihil

2052 4408 2243 4465 borum
2265 4418 2444 4467 tamen
2479 4411 2760 4467 Abraham
2787 4413 3153 4482 perturbavit;
3207 4415 3315 4470 imo
3360 4430 3490 4471 vero
3519 4432 3639 4487 per-

2052 4500 2326 4557 turbavit:
2357 4517 2478 4557 nam
2519 4517 2639 4572 qua:
2684 4501 2916 4558 hominis
2958 4511 3102 4570 sunt,
3153 4519 3340 4574 passus
3384 4515 3498 4570 est;
3543 4506 3638 4562 sed

2052 4608 2172 4664 quae
2195 4594 2404 4663 peccati
2432 4603 2576 4656 sunt,
2611 4609 2716 4649 non
2746 4603 2830 4649 est
2853 4609 3078 4664 passus:
3106 4595 3394 4653 ﬁuctuabat
3417 4595 3635 4668 quidem

2054 4695 2113 4740 ut
2141 4696 2312 4757 pater,
2342 4685 2434 4742 sed
2453 4695 2511 4742 ut
2535 4686 2627 4742 Dei
2655 4703 2843 4743 amans
2867 4703 2973 4744 non
3001 4688 3376 4759 mergebatur;
3409 4692 3641 4746 ureban-

2055 4785 2142 4832 tur
2165 4779 2392 4845 viscera,
2432 4778 2527 4834 sed
2577 4777 2708 4834 ﬁdes
2750 4779 3015 4835 vincebat.
3058 4779 3201 4835 Cave
3254 4781 3394 4836 enim
3439 4783 3644 4837 dixeris

2056 4868 2184 4924 nihil
2211 4869 2480 4924 Abraham
2499 4883 2710 4939 passum
2737 4883 2856 4925 esse
2875 4887 2889 4924 :
2908 4872 3076 4941 cogita
3091 4887 3194 4942 quo
3207 4880 3362 4942 pacto
3386 4875 3639 4930 incende-

2057 4966 2205 5014 retur
2227 4973 2258 5014 a
2286 4959 2580 5014 visceribus
2603 4969 2902 5016 commotus
2927 5003 2942 5027 ,
2973 4961 3195 5032 ejusque
3247 4962 3640 5036 philosophiam

2058 5056 2261 5117 specta.
2305 5047 2384 5104 Ne
2435 5047 2582 5104 Sara:
2625 5050 2840 5120 quidem
2887 5050 2938 5106 id
2981 5052 3247 5122 signiﬁcat
3279 5071 3292 5107 :
3322 5055 3518 5125 quippe
3552 5060 3641 5125 qui

2061 5141 2290 5206 timeret.
2323 5156 2412 5206 ne,
2454 5157 2561 5212 quo
2601 5143 2779 5196 minus
2802 5145 3114 5214 mysterium
3141 5145 3504 5216 perﬁceretur,
3537 5149 3639 5200 ob-

2061 5240 2247 5288 staret.
2305 5231 2361 5288 Si
2410 5234 2553 5287 enim
2605 5233 2994 5304 signiﬁcasset,
3027 5237 3317 5292 verisimile
3358 5247 3474 5291 erat
3519 5251 3638 5292 eam

2062 5341 2364 5382 sermonem
2393 5325 2509 5396 ejus
2534 5341 2897 5396 repressumtn
2926 5327 3090 5383 fuisse
3119 5343 3181 5383 ac
3208 5328 3489 5392 dicturam,
3525 5327 3644 5398 Quo

2063 5420 2225 5474 ﬁlium
2253 5427 2399 5473 tuum
2428 5418 2666 5485 abducis,
2696 5435 2853 5489 quem
2887 5430 3081 5489 pratter
3107 5434 3256 5488 spem
3299 5433 3512 5474 omnem
3553 5437 3646 5475 ac-

2062 5512 2175 5581 cepi
2193 5511 2217 5565 ?
2235 5526 2393 5582 quem
2415 5509 2709 5568 secundum
2737 5510 3203 5582 repromissioncm
3224 5513 3465 5584 suscepi?
3485 5529 3645 5583 quem

2066 5613 2283 5676 propter
2337 5606 2752 5678 hospitalitatem
2795 5601 3036 5658 obtinui?
3084 5619 3244 5674 quem
3298 5605 3351 5661 in
3401 5613 3642 5660 cxtnetua
