4080 6198
422 230 520 281 73f)

429 344 555 399 mihi
579 350 853 399 senectute
883 341 1022 395 Deus
1047 338 1264 407 largitus
1311 333 1432 390 est?
1454 345 1558 401 quo
1585 343 1705 383 eum
1730 323 1946 380 abducis
1973 322 1996 375 ?

427 452 532 504 quo
557 451 678 490 eum
707 434 944 504 abripis?
971 446 1128 486 nemo
1163 429 1257 482 tibi
1286 425 1529 496 apparuit
1556 440 1568 476 :
1597 421 1687 491 qui
1717 419 1871 510 enim,
1890 416 2004 470 fieri

431 537 626 594 potest,
657 535 712 580 ut
758 524 850 579 tibi
897 525 1033 577 Deus
1079 517 1401 588 apparuerit,
1443 522 1495 570 et
1541 512 1710 566 ﬁlium
1751 507 2004 577 requirat,

432 631 588 686 quem
617 615 743 669 mihi
774 623 965 682 prmtcr
990 625 1137 679 spem
1169 606 1354 662 dedit?
1399 605 1510 672 ipse
1549 601 1770 670 largitus
1809 606 1910 661 est,
1955 604 2009 650 ct

435 709 548 775 ipse
576 704 785 759 aufert?
812 705 854 757 si
883 711 938 756 ut
968 700 1244 765 auferret,
1275 698 1435 762 dedit,
1476 697 1644 751 satius
1689 691 1874 747 fuisset
1903 704 2007 744 non

436 798 643 852 dedisse
677 813 688 847 :
723 809 826 848 non
855 795 994 848 enim
1025 801 1132 844 tam
1181 791 1462 843 molestum
1509 795 1590 840 est
1629 799 1733 838 non
1777 782 2004 844 habere,

434 902 589 952 quam
643 900 763 941 cum
817 882 1108 953 acceperis,
1145 879 1456 950 perdidisse.
1489 875 1779 931 Considera
1823 873 2008 928 Saram

435 979 726 1040 incensam,
743 973 1142 1036 inﬂammatam,
1168 987 1196 1024 a
1225 979 1412 1024 natura
1435 967 1772 1037 exagitatam,
1792 963 2012 1034 ejusque

436 1081 645 1121 uterum
687 1066 968 1120 distortum
999 1075 1053 1118 et
1098 1063 1300 1116 viscera
1333 1062 1498 1130 ipsius
1528 1053 1793 1113 commota
1827 1053 2014 1109 :facile

439 1160 633 1228 quippe
689 1158 738 1210 in
810 1155 1070 1226 ejusmodi
1125 1153 1282 1208 rebus
1329 1151 1518 1205 affectu
1573 1149 1822 1203 mulieres
1864 1161 2014 1200 com-

439 1259 721 1303 moventur
749 1265 762 1302 :
787 1256 987 1316 quanto
1016 1246 1156 1299 enim
1200 1243 1414 1297 niollior
1441 1252 1492 1296 et
1523 1241 1588 1294 ad
1627 1239 1870 1294 allectum
1902 1247 2017 1291 erat

440 1341 679 1407 pronior,
705 1347 852 1391 tanto
874 1336 1039 1396 magis
1065 1349 1184 1388 cum
1218 1332 1521 1387 Abrahamo
1548 1329 1927 1393 contendisset,
1964 1337 2018 1381 et

437 1427 751 1482 sacrificium
783 1425 1090 1495 impeditum
1111 1423 1312 1486 fuisset,
1345 1436 1407 1474 ac
1431 1419 1739 1489 mysterium
1767 1417 2014 1470 infectum

443 1521 742 1576 mansisset.
773 1518 906 1584 Quid
932 1517 1074 1572 enim
1105 1531 1207 1569 non
1239 1513 1570 1582 prmstitisset
1594 1511 1744 1575 Sara,
1774 1519 1830 1564 ut
1851 1508 2014 1562 lilium

443 1628 594 1665 suum
627 1610 918 1666 avelleret?
945 1623 1050 1663 non
1077 1607 1218 1662 enim
1251 1621 1362 1660 rem
1391 1605 1534 1658 illam
1569 1603 1705 1657 ferre
1733 1602 2014 1673 potuisSet,

445 1711 501 1754 ut
532 1702 668 1754 filius
698 1710 891 1769 praeter
929 1713 1076 1768 spem
1120 1707 1278 1751 natus
1321 1693 1635 1750 mactandus
1662 1700 1824 1758 esset,
1853 1701 1909 1746 et
1929 1691 2018 1760 qui

444 1797 496 1848 in
547 1795 658 1864 ipsa
703 1802 977 1848 senectute
1007 1791 1233 1845 donatus
1279 1790 1379 1860 ipsi
1429 1788 1620 1853 fuerat,
1663 1785 2018 1842 immolandus

443 1897 616 1950 esset;
651 1896 707 1939 ut
736 1886 900 1956 patris
930 1900 1114 1938 manus
1141 1892 1320 1938 essent
1349 1881 1442 1935 lilii
1470 1880 1670 1936 czcdem
1698 1885 1979 1950 patraturre
2005 1893 2019 1930 τ

447 1993 552 2032 non
576 1977 782 2033 tulisset
804 1977 925 2030 talia
951 1976 1102 2039 Sara,
1129 1974 1224 2030 sed
1251 1975 1518 2044 ingentem
1546 1971 1774 2027 Abrahze
1793 1984 2019 2042 pugnam

446 2067 766 2133 excitasset;
807 2067 1032 2121 excitata
1060 2081 1189 2120 vero
1210 2079 1404 2135 pugna,
1449 2077 1670 2118 necesse
1721 2061 1936 2124 fuisset,
1965 2067 2025 2113 ut

448 2158 654 2214 insidias
701 2166 1080 2227 sequerentur;
1116 2154 1413 2224 insequutis
1441 2161 1620 2208 autem
1660 2150 1889 2216 insidiis,
1922 2150 2023 2202 im-

449 2251 685 2323 peditum
732 2251 1046 2321 mysterium
1091 2247 1295 2302 fuisset.
1328 2245 1442 2301 Non
1471 2245 1605 2299 dixit
1631 2245 1795 2314 igitur
1816 2240 2024 2298 mulieri

453 2342 743 2406 Abraham,
781 2355 848 2394 ne
890 2355 993 2410 qua
1038 2339 1308 2393 contentio
1355 2337 1672 2403 exoriretur,
1727 2351 1795 2390 ne
1845 2341 2027 2388 exorta

455 2434 794 2489 contentione
822 2434 872 2486 in
911 2446 1136 2516 pugnam
1166 2445 1253 2485 res
1295 2429 1645 2499 procederet,
1678 2443 1745 2482 ne
1771 2441 1832 2482 re
1857 2427 1910 2480 in
1933 2441 2029 2495 pu-

454 2540 612 2595 gnam
640 2523 960 2594 procedente
988 2521 1054 2576 ad
1081 2521 1359 2576 dissidium
1391 2529 1606 2589 propter
1635 2518 1800 2572 filium
1837 2532 2029 2588 prove-

456 2615 695 2678 heretur,
719 2629 785 2668 ne
805 2612 1026 2667 dissidio
1057 2612 1134 2666 sic
1159 2610 1228 2666 ob
1253 2610 1419 2664 tilium
1451 2618 1761 2678 erumpente
1805 2609 2033 2677 promis-

454 2709 535 2762 sio
556 2706 936 2772 retardaretur,
962 2721 1028 2760 ne
1048 2703 1312 2760 retardata
1338 2702 1690 2772 promissione
1711 2701 1836 2755 dolo
1855 2701 2032 2770 aliquo

457 2798 726 2868 negotium
757 2795 1121 2868 impediretur,
1147 2811 1215 2850 ne
1241 2792 1496 2863 impedito
1522 2791 1645 2847 dolo
1668 2791 1915 2861 quopiam
1941 2805 2038 2844 nc-

458 2892 602 2962 gotio
623 2889 933 2961 mysterium
955 2888 1206 2943 infectum
1229 2894 1484 2941 maneret.

527 2982 582 3036 2.
622 2983 692 3035 At
737 2979 1080 3050 philosophus
1111 2979 1202 3033 ille
1246 2976 1536 3041 Abraham,
1568 2975 1767 3030 athleta
1798 2975 1906 3040 ille,
1946 2975 2036 3046 qui

458 3080 794 3128 cummatura
815 3069 1146 3136 decertabat,
1178 3077 1232 3124 et
1260 3083 1381 3123 cum
1408 3067 1700 3122 visceribus
1717 3067 2034 3131 luctabatur,

461 3163 716 3222 adversus
741 3170 982 3218 naturam
1007 3169 1263 3228 armatus,
1295 3174 1483 3231 parere
1503 3160 1722 3213 minime
1751 3159 2036 3224 recusavit;

463 3253 557 3310 sed
597 3253 849 3309 mandato
878 3253 975 3308 Dei
1000 3252 1218 3319 cedens,
1250 3250 1391 3320 quod
1433 3250 1774 3305 nuntiabatur
1817 3249 2037 3317 audivit,

465 3343 697 3400 etlilium
719 3343 996 3398 confestim
1023 3343 1244 3410 accepit.
1268 3340 1520 3396 Libenter
1537 3341 1619 3395 his
1647 3339 1826 3395 verbis
1853 3340 2043 3395 immo-

462 3449 573 3501 ror,
603 3434 785 3504 Accipe
810 3433 972 3501 ﬁlium
997 3442 1137 3486 tuum
1157 3431 1413 3498 dilectum,
1435 3447 1579 3501 quem
1606 3429 1843 3495 dilexisti,
1867 3429 2041 3499 Isaac,

466 3535 513 3580 et
542 3524 669 3594 offer
706 3527 851 3580 illum
892 3525 1018 3578 mihi
1050 3525 1104 3578 in
1147 3524 1492 3578 holocaustum
1527 3537 1679 3592 super
1705 3538 1860 3576 unum
1896 3539 2042 3576 mon-

466 3617 608 3681 tium,
639 3632 761 3685 quos
781 3615 956 3669 dixero
981 3614 1068 3668 tibi
1093 3613 1244 3686 (Gen.
1271 3613 1362 3667 22.
1390 3612 1446 3683 2)
1472 3621 1561 3667 :et
1587 3611 1853 3682 accipiens
1877 3611 2046 3666 Abra-

468 3705 590 3759 ham
637 3704 802 3770 lsaac,
857 3715 911 3760 et
962 3705 1188 3772 asinam,
1238 3711 1293 3759 et
1343 3703 1478 3759 duos
1533 3717 1768 3772 pueros,
1827 3702 2042 3758 abibat:

468 3800 658 3855 deinde
685 3815 807 3855 cum
829 3798 894 3853 ad
922 3799 1096 3853 locum
1118 3797 1402 3868 quemdam
1434 3797 1820 3866 pervenissent,
1864 3798 2045 3866 pueris

468 3895 562 3961 ait,
595 3893 795 3957 Sedete,
819 3891 1010 3962 inquit,
1038 3907 1121 3945 vos
1148 3892 1228 3944 hic
1255 3909 1268 3944 :
1301 3907 1391 3962 ego
1421 3906 1535 3944 vero
1571 3899 1617 3943 et
1655 3890 1893 3958 parvulus
1931 3906 2046 3957 per-

467 3985 788 4039 transibimua
811 3999 963 4052 usque
980 3981 1124 4048 illuc,
1156 3991 1204 4036 et
1231 3997 1342 4034 cum
1380 3981 1755 4034 adoraverimua
1777 4021 1791 4045 ,
1833 3989 2048 4034 reverte-

472 4091 586 4126 mur
615 4073 681 4126 ad
708 4072 856 4143 vos(l
865 4072 969 4126 bid.
989 4089 1036 4126 υ.
1061 4070 1137 4144 5).
1159 4071 1390 4126 Insciens
1409 4069 2046 4140 prophetaritAbraham,

471 4165 648 4218 divina
677 4163 751 4218 illi
772 4163 940 4234 gratia
967 4171 1307 4231 cooperante.
1335 4161 1529 4217 Filium
1557 4170 1701 4216 tuum
1728 4169 2051 4216 mactaturus

470 4255 664 4323 pergis,
689 4263 742 4308 et
764 4255 862 4320 ais,
893 4254 1252 4309 Reuertemur?
1279 4253 1414 4308 Dum
1439 4265 1633 4322 pueros
1651 4249 2045 4317 studetcelare,

471 4342 728 4410 propheta
755 4341 1003 4397 efficitur.
1033 4342 1100 4396 Et
1136 4341 1390 4412 imposuit
1413 4338 1554 4408 ligna
1590 4335 1824 4390 humeris
1865 4337 2047 4407 Isaac,

477 4435 533 4483 et
552 4433 766 4494 sumpto
806 4425 927 4496 igne
956 4424 1255 4495 gladioque,
1303 4427 1356 4479 in
1392 4433 1628 4481 montem
1676 4424 1932 4482 ascendit.
1987 4427 2052 4481 Et

477 4517 597 4589 quid
626 4515 756 4570 dixit
782 4515 847 4570 ad
879 4524 1079 4584 patrem
1105 4514 1284 4571 lsaac?
1312 4513 1484 4570 Pater.
1517 4515 1617 4570 Ille
1637 4532 1768 4579 vero,
1796 4516 1932 4581 Quid
1957 4527 2051 4584 est,

477 4605 590 4672 (ili?
630 4603 698 4658 Et
739 4607 809 4658 ait
827 4646 843 4671 ,
878 4603 1009 4658 Ecce
1035 4606 1164 4676 ignis
1193 4615 1238 4658 et
1266 4606 1404 4675 ligna
1433 4619 1451 4658 :
1482 4605 1564 4658 ubi
1590 4614 1664 4658 est
1691 4605 1796 4659 ovis
1831 4607 1884 4659 in
1911 4607 2055 4661 holo-

475 4695 745 4750 caustum?
777 4695 902 4750 Tum
931 4696 1042 4764 ille,
1077 4696 1214 4752 Deus
1240 4696 1420 4751 videbit
1443 4696 1538 4751 sibi
1565 4712 1703 4753 ouem
1729 4698 1795 4751 ad
1815 4699 2054 4754 holocau-

478 4798 629 4854 stum,
653 4787 729 4856 ﬁli
756 4786 918 4859 (Ibid.
951 4803 998 4841 υ.
1030 4787 1191 4858 5-8).
1217 4787 1355 4842 Ecce
1371 4787 1659 4843 etalteram
1682 4790 2050 4859 prophetiam:

480 4894 652 4948 neque
682 4879 843 4933 verba
871 4878 1165 4947 praeterire,
1197 4893 1370 4949 neque
1397 4878 1532 4933 facta
1569 4893 1784 4948 possum
1832 4888 2052 4948 practer-

478 4987 713 5025 currere.
738 4970 1027 5026 Considera
1054 4973 1268 5026 nomina
1293 4987 1416 5027 mox
1453 4972 1614 5028 rebus
1641 4973 1769 5043 ipsis
1793 4973 2052 5028 orbanda.

479 5061 552 5115 ita
584 5061 670 5117 ille
697 5071 902 5132 patrem
931 5062 1180 5132 appellat,
1208 5071 1262 5118 et
1279 5063 1364 5118 hic
1388 5077 1573 5118 rursus
1598 5063 1786 5131 lilium,
1811 5074 1968 5134 atque
1986 5066 2052 5119 ad

485 5155 668 5207 horam
696 5153 908 5224 quidem
935 5153 1184 5209 velabant
1232 5155 1483 5222 nomina,
1514 5170 1638 5210 mox
1689 5165 1866 5211 autem
1904 5165 2058 5211 erant

479 5245 819 5301 denudanda.
850 5245 1140 5302 Considera
1169 5246 1312 5303 enim
1337 5246 1603 5316 quomodo
1637 5245 1858 5302 affectus
1900 5248 2056 5302 fuerit

480 5337 771 5404 Abraham,
802 5338 1152 5408 compellatus
1199 5338 1266 5393 ab
1314 5337 1479 5405 Isaac,
1511 5353 1668 5408 quem
1707 5338 2054 5408 cratjugula-

484 5443 652 5494 turus,
677 5438 844 5500 pater.
868 5429 966 5496 Qui
999 5428 1114 5484 fieri
1145 5428 1350 5497 potuit,
1383 5438 1572 5483 utnon
1598 5427 1713 5497 ejus
1746 5444 1914 5498 genua
1943 5428 2052 5482 dis-

395 5567 401 5573 .
483 5520 854 5576 solverentur?
905 5521 1174 5592 quomodo
1219 5537 1326 5576 non
1389 5520 1628 5576 membra
1673 5520 1856 5574 collisa
1902 5520 2056 5574 sunt?

486 5612 751 5680 quomodo
785 5627 888 5666 non
919 5623 1096 5669 mente
1121 5612 1360 5668 turbatus
1385 5619 1470 5667 est
1488 5650 1503 5680 ,
1533 5625 1655 5666 cum
1682 5609 1766 5667 his
1791 5626 1910 5666 eum
1932 5626 2052 5666 ver-

1147 223 1202 279 S.
1244 215 1518 277 JOANNIS
1555 205 2025 271 CHRYSOSTOMI
2063 204 2379 263 ARCHIEP.
2419 202 2957 263 CONSTANTINOP.

3577 202 3686 257 ’140

2113 322 2193 376 bis
2222 321 2367 379 Isaac
2396 322 2535 377 ﬁlius
2561 321 2852 375 afferetur?
2878 318 3079 374 Obtulit
3107 325 3306 384 tamen,
3339 326 3393 372 et
3419 317 3686 387 colligavit

2115 415 2282 480 Isaac,
2303 429 2570 484 manuque
2604 415 2827 470 dextera
2871 412 3101 482 gladium
3149 413 3409 482 arripuit,
3439 421 3495 467 ut
3522 411 3686 466 lilium

2114 522 2266 563 suum
2295 513 2574 560 mactarct.

2184 598 2464 652 Parentum
2494 595 2727 663 affectum
2755 595 3042 648 auditorum
3070 593 3478 649 obtestatur.—O
3506 593 3690 649 dexte-

2114 705 2230 745 ram
2259 690 2398 744 illam
2421 689 2673 745 adversus
2695 687 2857 744 filium
2885 688 3167 743 armatam!
3187 688 3379 758 quibus
3397 689 3688 758 exprimam

2117 783 2291 837 verbis
2319 797 2430 836 rem
2478 791 2679 850 gestam
2725 781 2926 836 nescio.
2971 779 3249 848 Quomodo
3277 795 3380 834 non
3424 780 3692 848 obtorpuit

2118 874 2344 942 manus?
2371 873 2635 942 quomodo
2663 871 2867 943 gladius
2891 871 2957 928 de
2983 888 3141 927 manu
3172 887 3276 926 non
3302 871 3534 928 excidit?
3563 887 3693 942 quo-

2120 965 2278 1020 modo
2303 979 2408 1017 non
2455 973 2596 1019 totus
2623 965 2885 1020 resolutus
2911 972 2993 1020 est
3019 972 3071 1020 et
3098 964 3362 1020 extabuit?
3406 964 3494 1034 qui
3524 963 3695 1032 potuit

2120 1065 2295 1110 autem
2317 1055 2624 1121 subsistere,
2648 1064 2701 1109 et
2725 1055 2867 1111 lsaac
2895 1055 3122 1110 vinctum
3149 1062 3406 1113 cernere?
3429 1054 3696 1125 quomodo

2121 1146 2296 1201 subito
2324 1156 2562 1200 mortuus
2589 1162 2693 1200 non
2721 1147 3012 1201 remansit?
3037 1146 3305 1217 quomodo
3332 1147 3404 1200 illi
3435 1147 3694 1201 inservie-

2123 1247 2246 1292 runt
2275 1238 2456 1292 nervi?
2482 1239 2746 1308 quomodo
2769 1238 2975 1293 animus
3006 1239 3148 1295 illum
3187 1254 3292 1294 non
3322 1238 3551 1294 defecit?
3581 1238 3697 1294 Non

2123 1329 2297 1393 video,
2341 1345 2443 1399 qua
2485 1331 2678 1400 possim
2723 1337 2962 1385 oratione
2999 1347 3108 1386 rem
3134 1340 3335 1401 gestam
3377 1332 3697 1400 exprimere.

2125 1422 2392 1492 Quotquot
2436 1424 2519 1478 hic
2568 1435 2765 1492 patres,
2815 1434 2906 1478 aut
2944 1434 3140 1478 matres
3188 1425 3346 1487 esus,
3392 1425 3698 1489 convenite,

2127 1530 2339 1567 manum
2388 1515 2658 1584 porrigite,
2705 1515 3001 1568 orationem
3048 1514 3334 1583 adjuvate:
3378 1515 3517 1569 vires
3556 1515 3698 1568 enim

2127 1619 2273 1659 meas
2321 1619 2406 1659 res
2451 1605 2732 1669 excedunt,
2785 1605 3070 1675 ignoscite;
3115 1606 3240 1676 quin
3283 1621 3377 1660 vos
3410 1607 3567 1660 etiam
3599 1606 3702 1675 ipsi

2129 1696 2438 1751 succurrite.
2474 1697 2849 1765 Saepenumero
2873 1697 3106 1769 quinque
3134 1698 3216 1751 vel
3255 1713 3346 1752 sex
3379 1698 3513 1752 filios
3545 1698 3704 1753 habet

2129 1787 2410 1857 quispiam,
2448 1797 2502 1842 et
2541 1789 2675 1842 tilias
2700 1807 2715 1843 :
2743 1791 2787 1842 si
2830 1788 3041 1860 quando
3071 1805 3202 1844 unus
3227 1805 3291 1844 ex
3320 1791 3422 1844 illis
3461 1800 3703 1860 aegrotet,

2133 1890 2299 1935 totum
2327 1880 2499 1936 cubile
2527 1891 2676 1951 pater
2699 1883 3099 1951 circumcursat,
3127 1884 3309 1939 oculos
3353 1883 3445 1938 lilii
3475 1885 3706 1940 deoscu-

2131 1969 2290 2036 latur,
2341 1985 2528 2027 manus
2569 1973 2922 2042 amplectitur,
2954 1974 3092 2029 diem
3139 1983 3346 2044 reputat
3384 1987 3615 2043 noctem,
3652 1987 3707 2032 et

2132 2061 2310 2117 lumen
2344 2063 2604 2128 tenebras,
2647 2079 2750 2118 non
2795 2063 2937 2136 quod
2982 2063 3240 2120 elementa
3270 2076 3576 2132 commutet,
3612 2068 3708 2123 sed

2123 2154 2276 2224 quod
2313 2169 2423 2223 prce
2461 2154 2662 2210 doloris
2685 2155 2970 2212 acerbitate
2997 2158 3101 2213 illis
3128 2159 3343 2214 minime
3379 2159 3708 2225 delectetur;

2135 2249 2313 2304 mollia
2347 2250 2543 2305 cubilia
2573 2259 2899 2318 sternuntur,
2929 2252 3119 2307 medici
3145 2252 3402 2320 assident,
3440 2254 3586 2308 multi
3617 2270 3710 2308 sa-

2136 2343 2330 2398 tellites
2366 2359 2563 2413 aegrum
2586 2345 2952 2412 circumstant,
2981 2355 3120 2402 totus
3147 2347 3363 2402 omnino
3387 2347 3714 2404 contabescit

2138 2444 2324 2504 pater:
2375 2435 2496 2490 licet
2537 2437 2776 2505 pecunias
2819 2437 2968 2508 copia
3005 2447 3270 2509 suppetat,
3295 2440 3603 2495 detestanda
3632 2452 3714 2495 est

2139 2525 2249 2592 illi;
2301 2525 2424 2580 licet
2470 2526 2762 2583 innumeris
2801 2528 2940 2582 curis
2985 2537 3272 2598 prematur,
3318 2544 3504 2585 omnes
3529 2530 3716 2600 abigit,

2140 2631 2315 2687 neque
2340 2626 2513 2685 potest
2533 2617 2598 2672 ad
2621 2619 2959 2674 sobrietatem
2981 2618 3157 2674 redire
3185 2635 3293 2690 pra:
3315 2620 3474 2674 nimia
3502 2621 3717 2676 tristitia

2143 2708 2463 2764 temulentus
2491 2727 2504 2764 :
2532 2718 2672 2764 totus
2697 2711 2853 2764 etiam
2899 2709 3126 2766 mundus
3169 2711 3240 2765 illi
3267 2711 3546 2767 insanabili
3576 2711 3718 2766 male

2141 2801 2365 2857 laborat.
2391 2803 2507 2857 Pari
2531 2805 2738 2859 ratione
2769 2812 2937 2859 mater
2956 2819 3165 2874 quoque
3184 2805 3426 2859 circumit
3445 2805 3718 2870 distracta,

2143 2893 2469 2962 perturbata,
2498 2902 2551 2949 et
2575 2893 2771 2949 ardens
2800 2903 2927 2960 tota,
2959 2904 3011 2949 ct
3039 2893 3337 2949 facultatem
3360 2911 3601 2965 quaerens
3625 2895 3721 2950 do-

2146 2983 2314 3039 lorem
2344 3000 2463 3038 eum
2509 3000 2651 3054 :rgro
2676 2985 2961 3051 dividendi,
2997 2988 3078 3040 vel
3111 2987 3287 3056 potius
3317 2987 3579 3057 integrum
3622 2988 3722 3042 ad-

2146 3076 2412 3144 mittendi,
2457 3085 2513 3129 ut
2557 3075 2780 3131 alllictus
2828 3076 2964 3132 filius
3011 3078 3197 3133 morbo
3232 3078 3540 3134 relevetur:
3570 3079 3724 3134 nihili

2147 3167 2274 3221 facit
2305 3169 2463 3222 vitam
2494 3177 2833 3238 praesentem,
2865 3168 3012 3224 nihili
3057 3168 3322 3237 futuram;
3352 3171 3446 3224 sed
3477 3170 3726 3226 omnibus

2148 3260 2265 3315 istis
2293 3261 2575 3330 Optabilius
2595 3270 2677 3315 est
2697 3260 2793 3329 illi,
2821 3269 2876 3316 ut
2898 3269 3063 3315 totum
3086 3262 3176 3314 filii
3209 3261 3449 3316 morbum
3471 3263 3724 3332 excipiat.

2148 3351 2264 3406 Non
2295 3360 2584 3422 suppetunt
2613 3352 2740 3406 mihi
2771 3351 2953 3419 verba,
2981 3353 3170 3422 quibus
3199 3352 3535 3408 affectionem
3567 3354 3724 3409 istam

2150 3453 2547 3514 reprzcsentem.
2593 3445 2739 3500 Pone
2786 3446 2879 3501 tibi
2933 3453 3056 3501 ante
3106 3446 3290 3501 oculos
3338 3446 3607 3501 Abraham
3649 3450 3728 3504 sic

2151 3534 2398 3590 allectum
2428 3535 2573 3590 illum
2604 3535 2819 3606 quidem
2857 3535 3057 3601 dolore,
3101 3537 3199 3592 sed
3241 3537 3726 3608 philosophantem,

2152 3635 2206 3681 et
2244 3628 2493 3683 mandato
2535 3629 3024 3699 obtemperantem:
3053 3630 3326 3702 subigebat
3370 3641 3636 3698 naturam,
3673 3644 3730 3689 et

2153 3721 2457 3776 mandatum
2484 3722 2686 3777 viscera
2719 3723 2828 3792 ipsa
2859 3723 3159 3792 superabat.
3187 3723 3471 3780 Enimvero
3493 3725 3626 3790 hare,
3672 3737 3729 3782 ut

2155 3821 2279 3866 ante
2305 3812 2432 3878 dixi,
2467 3813 2763 3883 patiebatur
2797 3823 2852 3868 ut
2875 3813 3054 3881 homo,
3081 3814 3176 3870 sed
3201 3824 3256 3869 ut
3278 3815 3370 3870 Dei
3397 3831 3586 3871 amans
3609 3820 3730 3887 phi-

2156 3902 2550 3971 losophabatur.
2580 3903 2656 3958 Ac
2696 3903 2876 3960 videre
2902 3913 3016 3960 erat
3054 3905 3198 3960 Isaac
3227 3916 3514 3978 martyrem
3553 3911 3730 3963 vivum

2155 4003 2210 4050 et
2239 4009 2343 4048 non
2369 3995 2568 4062 vivum,
2600 4004 2867 4051 mortuum
2893 4007 2948 4052 et
2987 4013 3091 4053 non
3119 4009 3404 4053 mortuum.
3427 3999 3559 4054 Nam
3588 4002 3732 4072 quod

2157 4085 2222 4141 ad
2259 4089 2491 4156 parentis
2534 4089 2859 4158 propositum
2899 4088 3106 4156 attinet,
3154 4100 3393 4146 mortuus
3433 4101 3516 4147 est
3545 4110 3558 4146 :
3589 4093 3735 4164 quod

2157 4186 2334 4232 autem
2381 4176 2446 4231 ad
2487 4177 2580 4232 Dei
2607 4177 3006 4248 benignitatem,
3038 4195 3140 4234 non
3164 4188 3244 4234 est
3275 4191 3533 4247 mortuus,
3561 4183 3736 4252 siqui-

2156 4266 2280 4322 dem
2319 4267 2529 4324 Domini
2557 4269 2721 4340 ligura
2748 4279 2801 4324 et
2823 4271 2996 4340 imago
3023 4269 3156 4325 fuit:
3186 4271 3362 4326 evenit
3385 4285 3510 4343 ergo
3541 4272 3737 4343 figura,

2154 4366 2212 4413 et
2234 4372 2352 4414 eam
2372 4359 2564 4414 veritas
2586 4361 2906 4432 subsequuta
2929 4369 3030 4417 est.
3057 4361 3246 4418 Postea
3266 4362 3542 4433 colligatur
3563 4362 3739 4431 Isaac,

2159 4447 2256 4504 sed
2277 4463 2380 4503 non
2405 4449 2711 4519 jugulatur;
2738 4466 2837 4504 vox
2863 4451 3002 4505 enim
3030 4465 3260 4520 superne
3289 4452 3369 4524 (α)
3397 4455 3545 4510 venit
3571 4460 3742 4511 misc-

2159 4539 2388 4594 ricordia
2416 4548 2471 4595 et
2490 4539 2812 4610 benignitate
2837 4541 2989 4609 plena
3009 4555 3128 4612 qua).
3151 4541 3502 4610 patriarcbam
3522 4545 3742 4602 cohibet

2159 4631 2266 4701 jam
2315 4640 2479 4686 totum
2524 4631 2782 4686 intentum
2828 4642 2882 4688 et
2910 4643 3152 4702 paratum
3181 4633 3472 4690 adcmdem
3515 4648 3740 4707 patran-

2161 4720 2304 4788 dam,
2337 4738 2454 4792 qua:
2477 4723 2551 4776 ait
2579 4741 2590 4777 :
2622 4722 2897 4786 Abraham,
2929 4723 3203 4791 Abraham,
3225 4742 3288 4780 ne
3314 4726 3511 4796 iujiciaa
3532 4745 3743 4782 "ianum

2161 4821 2297 4866 tuam
2325 4814 2392 4867 ad
2416 4815 2679 4885 puerulum
2701 4813 2849 4884 (Gen.
2881 4815 2969 4870 22.
3001 4817 3085 4871 il.
3115 4817 3221 4888 12).
3252 4817 3358 4872 Cur
3382 4835 3488 4874 non
3516 4819 3584 4873 ad
3612 4836 3737 4889 puec

2163 4919 2300 4971 rum,
2324 4905 2417 4959 sed
2443 4905 2524 4958 Ad
2547 4907 2851 4977 puerulum?
2876 4922 2971 4962 cur
2995 4908 3085 4963 vili
3107 4908 3264 4964 modo
3289 4909 3545 4980 loquitur?
3569 4911 3745 4968 “om

2162 5000 2355 5069 quippe
2406 5007 2521 5053 erat
2553 5016 2564 5053 :
2595 4998 2730 5056 Filio
2784 5015 2918 5069 opus
2963 5010 3107 5067 erat,
3159 5016 3264 5055 non
3319 5002 3580 5070 puerulo;
3635 5020 3744 5058 nou

2162 5103 2337 5156 servo,
2364 5090 2458 5144 sed
2484 5089 2616 5145 Filio
2642 5105 2768 5146 vero
2795 5093 3083 5162 unigenito,
3107 5107 3135 5144 a
3159 5092 3314 5148 Patre
3338 5092 3402 5147 ad
3426 5107 3524 5147 nos
3553 5095 3744 5148 misso.

2166 5181 2248 5237 Ne
2266 5183 2463 5252 injicias
2491 5199 2693 5236 manum
2721 5192 2858 5236 tuam
2883 5183 2950 5236 ad
2976 5184 3262 5254 puerulum.
3299 5183 3487 5252 Figura
3517 5194 3740 5239 conten-

2165 5282 2250 5329 tus
2282 5272 2446 5340 fuisti,
2504 5274 2684 5344 accipe
2735 5275 3032 5330 veritatem.
3086 5275 3151 5329 Et.
3203 5273 3472 5329 Abraham
3522 5275 3745 5343 quidem

2231 5437 2304 5502 (α)
2321 5437 2421 5502 ilic
2442 5437 2578 5502 locus
2598 5434 2684 5502 qui
2706 5434 2910 5502 inprius
2929 5433 3088 5502 Editis
3112 5444 3269 5502 usque
3291 5431 3350 5480 ad
3373 5432 3520 5501 linem
3543 5430 3744 5502 deerat,

2167 5495 2430 5561 ex't'ribus
2470 5495 3002 5561 Mss.,_Qttoboniano,
3041 5495 3342 5561 [Lotbertinm
3366 5495 3454 5561 qui
3490 5505 3623 5561 nuuc
3662 5499 3742 5561 est.

2166 5561 2352 5622 Regius
2375 5560 2433 5608 79
2455 5568 2506 5608 et
2526 5558 2719 5607 mendis
2749 5566 2923 5620 scatet,
2951 5569 3002 5609 et
3033 5555 3335 5621 Consliniano
3361 5553 3468 5617 117,
3490 5557 3578 5616 qui
3604 5553 3742 5619 cpti-

2169 5635 2279 5672 mus
2301 5627 2398 5683 est,
2419 5622 2711 5682 desumptus
2734 5627 2826 5670 est.
