4080 6198
305 345 406 398 759

303 454 494 525 ὤφθης
527 451 640 514 πῶς
672 451 780 521 γὰρ
818 449 948 512 Θεός
991 466 1072 502 σοι
1121 444 1265 519 εἶχεν
1295 449 1545 521 ὀφθῆναι,
1576 451 1668 503 καὶ
1697 452 1877 522 ζητεῖν

299 548 391 599 τὸν
416 543 554 604 υἱὸν,
573 542 632 596 δν
660 544 791 613 παρ’
809 538 1000 595 ἐλπίδα
1020 539 1168 612 [745]
1189 558 1278 612 μοι
1309 541 1508 595 ἔδωκεν
1527 559 1541 607 ;
1570 541 1731 604 αὐτὸς
1753 545 1881 612 ἐχα-

304 637 509 708 ρίσατο,
543 634 637 686 καὶ
676 633 838 696 αὐτὸς
868 631 1168 703 λαμϐάνει;
1210 633 1257 684 εἰ
1289 631 1377 686 διὰ
1413 633 1474 685 τὸ
1499 631 1682 686 λαϐεῖν
1721 632 1881 688 αὑτὸν

302 728 495 789 ἔδωκε,
531 726 761 797 βέλτιον,
797 727 846 778 εἰ
883 725 959 796 μὴ
984 723 1221 778 ἔδωκεν·
1253 724 1315 778 ού
1344 723 1455 795 γάρ
1515 725 1632 776 ἐστι
1693 725 1882 777 τοσοῦ-

299 836 387 880 τος
416 817 577 881 πόνος
609 816 670 870 τὸ
705 815 779 886 μὴ
808 815 973 886 ἔχειν,
1008 817 1132 870 ὅσον
1163 815 1222 870 τὸ
1265 815 1449 869 λαϐεῖν
1482 815 1576 868 καὶ
1595 814 1876 870 ἀπολέσαι.

312 910 593 980 Ἐννόησον
625 908 724 979 τὴν
758 907 977 980 Σάρῤαν
1021 908 1406 979 ἀναπτομένην
1436 909 1530 962 καλ⁵
1571 906 1880 978 πυρπολού-

302 999 489 1071 μένην,
523 999 620 1052 καὶ
676 998 783 1052 ὑπὸ
812 998 914 1068 τῆς
957 997 1172 1067 φύσεως
1211 998 1597 1068 ἐλαυνομένην,
1633 998 1729 1051 καὶ
1779 999 1878 1068 τὴν

303 1095 520 1165 μήτραν
550 1093 724 1164 αὐτῆς
743 1092 1233 1164 διαστρεφομένην,
1261 1093 1354 1146 καὶ
1377 1091 1449 1145 τὰ
1477 1091 1761 1162 σπλάγχνα
1789 1093 1880 1146 αύ-

299 1188 396 1257 τῆς
425 1187 788 1258 ἀλλοιούμενα
809 1202 822 1214 ·
851 1183 1160 1256 συμπαθεῖς
1195 1186 1305 1256 γὰρ
1337 1187 1395 1237 αί
1425 1186 1700 1253 Δγυναῖκες
1748 1183 1877 1254 περὶ

298 1277 364 1330 τὰ
379 1278 621 1332 τοιαῦτα·
646 1279 772 1330 ὅσον
796 1275 914 1347 γὰρ
927 1275 1294 1348 μαλακωτέρα
1312 1276 1407 1330 καὶ
1427 1275 1874 1346 συμπαθεστέρα,

298 1372 550 1425 τοσοῦτον
589 1370 780 1442 ἔμελλε
811 1367 1241 1439 διισχυρίζεσθαι
1293 1370 1431 1440 πρὸς
1459 1371 1549 1422 τὸν
1604 1366 1872 1440 Ἀϐραὰμ,

299 1465 391 1518 καὶ
423 1462 764 1527 ἐνεποδίζετο
801 1464 835 1532 ὴ
893 1458 1075 1525 θυσία,
1107 1461 1201 1514 καὶ
1230 1461 1292 1514 τὸ
1329 1461 1625 1532 μυστήριον
1667 1475 1876 1530 κατηρ-

298 1558 464 1624 γεῖτο.
487 1555 554 1607 Τί
580 1553 687 1625 γὰρ
713 1553 778 1607 ἂν
809 1553 910 1606 οὐκ
939 1552 1247 1625 ἐποίησενή
1277 1553 1463 1626 Σάρρα
1483 1553 1618 1623 πρὸς
1646 1553 1708 1606 τὺ
1737 1554 1875 1606 ἀπο-

299 1647 502 1700 σπάσαι
530 1646 621 1700 τὸν
659 1645 772 1699 υἱὸν
803 1645 1008 1714 αιὸτῆςς
1040 1645 1102 1696 ού
1129 1645 1236 1716 γάρ
1266 1645 1497 1715 ἠδύνατο
1523 1646 1788 1716 βαστάσαι
1813 1647 1874 1699 τὸ

297 1739 596 1808 γινόμενον,
632 1737 721 1791 τὸν
766 1737 895 1809 παρ’
930 1737 1150 1800 ἐλπίδας
1179 1737 1295 1789 υίδν
1340 1737 1604 1808 μέλλοντα
1636 1739 1876 1809 ἀναιρεῖ-

299 1830 442 1896 σθαι,
488 1831 582 1883 κα).
612 1829 671 1881 ἐν
725 1827 874 1898 αὐτῷ
896 1827 972 1898 τῷ
995 1828 1145 1898 γήρᾳ
1177 1827 1550 1900 δεδωρημένον
1580 1831 1716 1900 αύτῇ
1752 1830 1886 1901 μέλ--

295 1923 450 1976 λοντα
500 1920 824 1990 σφάζεσθαι,
869 1921 1076 1990 πατρὸς
1129 1923 1318 1991 χεῖρας
1362 1922 1710 1991 τεκνοφονίαν
1750 1923 1875 1992 μελ-

297 2012 499 2075 λούσας
519 2011 868 2083 ἐργάζεσθαι·
887 2013 985 2065 ούκ
1007 2011 1071 2066 ἂν
1084 2012 1351 2077 ἐϐάσταζε
1370 2013 1640 2084 τοιαῦταὴ
1663 2014 1869 2087 Σάρρα,

294 2105 429 2159 ἀλλά
459 2105 660 2175 πολλὴν
686 2104 751 2158 ἂν
779 2105 1075 2174 εἰργάσατο
1095 2104 1276 2173 μάχην
1302 2104 1438 2173 μετά
1460 2103 1554 2156 τοῦ
1598 2105 1870 2177 Ἀϐραὰμ,

293 2197 394 2265 τῆς
424 2197 479 2248 δὲ
510 2196 692 2267 μάχης
716 2195 1010 2264 γινομένης
1039 2195 1251 2265 ἀνάγκη
1298 2195 1518 2266 ἐνέδραν
1548 2195 1667 2248 τινὰ
1695 2215 1873 2268 παρα·

293 2288 642 2358 κολουθῆσαι,
664 2287 886 2359 ἐνέδρας
916 2286 972 2339 δέ
992 2285 1508 2358 παρακολουθούσης
1537 2287 1870 2352 ἐνεποδίζετο

290 2381 350 2434 τὸ
398 2381 716 2450 μυστήριον.
753 2381 867 2433 Ούκ
899 2376 1051 2432 εἶπεν
1086 2375 1178 2432 οἷν
1221 2379 1470 2451 Ἀϐραὰμ
1510 2383 1576 2451 τῇ
1629 2382 1866 2450 γυναικὶ.

294 2473 379 2526 ἴνα
425 2472 501 2542 μὴ
539 2469 839 2540 φιλονεικία
884 2470 1129 2541 γένηται,
1179 2473 1266 2524 ἵνα
1303 2471 1398 2543 μὴ,
1440 2474 1737 2545 γενομένης
1771 2475 1868 2545 τῆς

294 2562 647 2634 φιλονεικίας,
680 2565 758 2625 είς
797 2560 978 2632 μάχην
1013 2560 1253 2634 προέλθῃ
1283 2561 1344 2614 τὸ
1376 2565 1625 2634 πρᾶγμα,
1657 2565 1742 2617 ἵνα
1770 2564 1864 2636 μὴ,

289 2656 369 2720 είς
399 2655 582 2726 μάχην
606 2653 958 2726 προελθόντος
981 2652 1076 2706 τοῦ
1116 2655 1459 2724 πράγματος,
1488 2657 1568 2719 είς
1603 2657 1869 2738 μερισμὸν
1892 2682 1905 2697 ο

289 2750 418 2820 περὶ
441 2748 537 2802 τοῦ
567 2747 684 2801 υἱοῦ
713 2747 1070 2818 προχωρήσῃ,
1105 2746 1192 2799 ἴνα
1221 2745 1316 2817 μὴ,
1342 2748 1422 2809 εἰς
1450 2747 1716 2818 μερισμὸν
1744 2764 1870 2818 προ-

287 2840 593 2912 χωροῦντος
629 2840 723 2893 τοῦ
758 2838 898 2903 υἱοῦ,
929 2838 1152 2910 χρονίσῃ
1183 2841 1216 2910 ἡ
1265 2839 1592 2908 ἐπαγγελία,
1625 2839 1712 2893 ἵνα
1769 2840 1864 2910 μὴ,

286 2933 619 3005 χρονισάσης
660 2933 760 3003 τῆς
794 2929 1147 2999 ἐπαγγελίας,
1178 2930 1240 2984 τὸ
1272 2933 1506 3002 πρᾶγμα
1553 2930 1866 3002 ἐνεδρευθῇ,

287 3027 374 3080 ῖνα
433 3023 532 3095 μὴ.
579 3021 673 3077 τοῦ
731 3023 1054 3092 πράγματος
1105 3021 1531 3094 ἐνεδρευθέντος,
1579 3022 1867 3076 ἀτέλεστον

285 3117 423 3188 μένῃ
452 3115 515 3169 τδ
555 3117 878 3188 μυστήριον.

361 3206 430 3275 β’.
464 3206 604 3260 Ἀλλ’
625 3207 655 3259 6
675 3206 964 3276 φιλόσοφος
979 3205 1250 3278 Ἀϐραὰμ,
1277 3207 1306 3259 6
1331 3209 1587 3280 ἀθλητὴς,
1612 3206 1864 3276 καὶπρὸς

282 3297 446 3365 φύσιν
471 3296 898 3368 ἀγωνιζόμενος,
917 3299 1010 3352 καὶ
1040 3297 1179 3367 πρὸς
1232 3296 1518 3364 σπλάγχνα
1554 3295 1862 3361 πυκτεύων,

280 3390 378 3443 καὶ
420 3388 565 3442 κατὰ
595 3392 694 3461 τῆς
725 3391 940 3459 φύσεως
975 3389 1351 3459 όπλιζόμενος,
1381 3388 1442 3440 ού
1490 3388 1860 3459 παρήκουσεν,

273 3479 396 3538 ἀλλ’
433 3479 772 3550 ἐπιτάγματι
816 3479 911 3532 τοῦ
945 3479 1081 3532 Θεοῦ
1113 3480 1298 3542 εἴκων,
1331 3480 1531 3549 ήκουσε
1565 3479 1664 3549 τῆς
1702 3479 1867 3547 ἀγγε-

279 3571 421 3635 λίας,
466 3572 562 3626 καὶ
608 3573 768 3636 εὐθὺς
809 3572 1077 3644 λαμϐάνει
1121 3572 1213 3625 τὸν
1261 3571 1396 3624 υἱόν.
1454 3570 1654 3632 Ἡδέως
1690 3569 1866 3623 ἐνδια-

281 3663 453 3734 τρίϐω
483 3667 598 3728 τοῖς
635 3666 846 3737 ῥήμασι
871 3665 1108 3728 τούτοις·
1151 3663 1307 3718 Λάϐε
1330 3663 1439 3716 τὸν
1466 3663 1599 3717 υἱόν
1621 3678 1737 3717 σου
1759 3664 1870 3717 τόν·

281 3757 612 3825 ἀγαπητὸν,
664 3757 738 3811 ὃν
787 3755 1130 3826 ἠγάπησας,
1180 3756 1288 3810 τὸν
1334 3754 1561 3817 Ἰσαὰκ,
1611 3755 1709 3808 καὶ
1753 3756 1863 3810 ἀν-

279 3846 493 3915 ένεγκέ
518 3865 620 3914 μοι
651 3847 839 3902 αὐτὸν
879 3851 966 3915 εἰς
1013 3847 1436 3915 ὀλοκάρπωσιν
1487 3846 1580 3914 ἐφ’
1626 3845 1696 3898 ἓν
1748 3844 1864 3899 τῶν

281 3939 485 4008 ὀρέων,
516 3934 601 3995 ὧν
629 3942 706 3994 ἄν
745 3956 846 3996 σοι
876 3943 1053 3995 εἴπω·
1083 3943 1177 3995 καὶ
1208 3941 1389 3994 λαϐὼν
1432 3943 1460 3994 6
1497 3940 1746 4012 Ἀϐραὰμ
1771 3939 1862 3993 τὸν

294 4032 500 4098 Ἰσαὰκ,
531 4034 627 4086 καὶ
668 4033 764 4105 τὴν
810 4035 952 4099 ὅνον,
985 4035 1081 4086 καὶ
1109 4034 1236 4096 τοὺς
1275 4033 1368 4086 δύο
1403 4034 1622 4096 παῖδας,
1655 4033 1822 4104 ἀπῄει
1842 4045 1858 4060 ·

278 4120 397 4178 εἶτα
426 4123 746 4193 φθασάντων
765 4125 946 4178 αὐτῶν
967 4125 1024 4178 έν
1039 4143 1145 4178 τινι
1165 4126 1338 4196 τόπῳ,
1367 4125 1515 4192 λέγει
1542 4126 1656 4186 τοῖς
1670 4123 1860 4176 παισί·

281 4217 598 4281 Καθίσατε,
640 4217 824 4288 φησὶν,
867 4217 1036 4288 ὑμεῖς
1061 4214 1178 4271 ὧδε
1197 4233 1209 4246 ·
1243 4218 1358 4287 ἐγὼ
1390 4216 1458 4269 δὲ
1480 4217 1578 4270 καὶ
1623 4215 1690 4268 τὸ
1722 4232 1862 4267 παι-

276 4307 486 4377 δάριον
515 4308 945 4378 διελευσόμεθα
964 4310 1074 4374 ἕως
1099 4303 1236 4372 ὧδε,
1270 4316 1366 4361 καὶ
1387 4306 1859 4377 προσκυνήσαν-

275 4416 378 4466 τες
404 4400 590 4454 πάλιν
619 4402 1081 4472 ἀναστρέφομεν
1102 4401 1253 4470 πρὸς
1290 4398 1467 4470 ὑμᾶς.
1509 4399 1692 4452 Ἀκων
1725 4417 1862 4470 προ-

273 4492 580 4562 εφήτευσεν
611 4494 638 4545 6
674 4492 946 4564 Ἀϐραὰμ,
989 4494 1086 4564 τῆς
1116 4492 1266 4555 θείας
1301 4492 1521 4562 χάριτος
1550 4490 1700 4560 αύτῷ
1732 4509 1858 4545 συν-

275 4583 564 4656 εργούσης.
606 4583 816 4654 Σφάξαι
844 4585 1048 4658 ἀνέρχῃ
1093 4584 1184 4638 τὸν
1225 4583 1339 4635 υίόν
1374 4600 1488 4646 σου,
1527 4583 1621 4636 καὶ
1651 4582 1856 4650 λέγεις,

207 4670 216 4724 Ξ
286 4675 811 4746 Ἀναστρὲψομεν;
856 4676 945 4739 Ὠς
995 4675 1150 4745 ζητεῖ
1202 4673 1408 4746 κρύψαι
1460 4675 1586 4738 τοὺς
1639 4674 1854 4738 παῖδας,

271 4767 563 4836 προφήτης
596 4767 941 4820 καθίσταται.
982 4767 1091 4820 Καὶ
1119 4767 1281 4838 ἔθηκε
1332 4766 1400 4819 τὰ
1428 4765 1559 4831 ξύλα
1598 4768 1688 4819 ἐπὶ
1733 4769 1857 4831 τοὺς

270 4856 460 4925 ὤμους
508 4856 603 4909 τοῦ
648 4857 856 4920 Ἰσαὰκ,
910 4857 1002 4910 καὶ
1037 4856 1217 4910 λαϐὼν
1271 4855 1382 4928 πῦρ
1431 4857 1524 4909 καὶ
1583 4857 1856 4928 μάχαιραν

271 4947 445 5018 ἀνέϐη
479 4947 571 4999 ἐπὶ
607 4947 670 5000 τὸ
698 4947 840 5019 ὅρος.
878 4949 988 5001 Καὶ
1020 4947 1075 5000 τί
1119 4965 1282 5019 φησιν
1306 4951 1333 5000 6
1371 4947 1556 5001 Ἰσαὰκ
1592 4948 1726 5020 πρὸς
1766 4949 1855 5001 τὸν

273 5037 490 5107 πατέρα
510 5055 524 5103 ;
543 5037 751 5107 Πάτερ.
778 5039 841 5092 '0
865 5039 954 5103 δὲ,
979 5039 1036 5091 τί
1055 5040 1204 5102 ἑστι,
1234 5039 1446 5092 τέκνον
1463 5055 1481 5102 ;
1501 5039 1613 5093 Καί
1629 5055 1820 5107 φησιν
1839 5054 1854 5068 ·

269 5129 407 5183 ἰδοὺ
439 5129 506 5184 τὸ
527 5131 646 5198 πῦρ
667 5130 766 5184 καὶ
793 5129 863 5184 τὰ
882 5131 1060 5195 ξύλα·
1088 5130 1204 5184 ποῦ
1234 5132 1362 5186 ἐστι
1386 5130 1450 5183 τὸ
1468 5131 1768 5200 πρόϐατον
1787 5132 1855 5186 τὸ

264 5219 360 5281 εις
389 5216 846 5285 όλοκάρπωσιν;
885 5219 942 5271 'U
971 5219 1028 5272 δέ
1062 5219 1195 5290 πρὸς
1225 5218 1417 5271 αὐτόν·
1460 5221 1487 5271 6
1510 5220 1641 5283 Θεὸς
1665 5219 1854 5290 ὄψεται

264 5307 453 5380 ἑαυτῷ
479 5310 749 5381 πρόϐατον
779 5313 861 5376 είς
906 5311 1302 5383 ὁλοκάρπωσιν,
1337 5309 1546 5365 τέκνον.
1597 5311 1727 5364 Ἰδοὺ
1761 5311 1855 5364 καὶ

264 5399 504 5471 δευτέρα
532 5402 843 5474 προφητεία
864 5419 876 5430 ·
913 5403 973 5455 ού
1008 5402 1182 5470 στέγω
1215 5401 1338 5456 οὔτε
1372 5402 1440 5455 τὰ
1471 5404 1693 5473 ῥήματα
1720 5419 1855 5472 παρα

262 5493 475 5558 ελθεῖν,
506 5495 631 5548 οὕτε
668 5497 1049 5568 παραδραμεῖν
1084 5498 1152 5551 τὰ
1178 5498 1539 5568 γεγενημένα.
1571 5497 1852 5568 Ἐννόησον

260 5586 512 5656 ὀνόματα
556 5588 822 5658 μέλλοντα
856 5589 1196 5660 πραγμάτων
1250 5588 1610 5660 ἐρημοῦσθαι.
1665 5589 1852 5656 υῦτως

261 5679 476 5741 ἐκεῖνος
514 5680 607 5733 τὸν
635 5681 848 5754 πατέρα
881 5681 1053 5746 καλεῖ,
1091 5684 1341 5746 κάκεῖνος
1379 5681 1542 5736 πάλιν
1582 5683 1677 5736 τὸν
1711 5683 1847 5751 υἱὸν,

262 5769 364 5822 καὶ
399 5769 532 5840 πρὸς
576 5771 724 5843 ὥραν
771 5773 868 5843 μὲν
898 5769 963 5842 ἦν
999 5774 1063 5826 τὰ
1105 5773 1362 5845 ὀνόματα,
1391 5773 1619 5846 ἤμελλον
1661 5772 1715 5827 δέ
1747 5791 1844 5843 γυ‹

1574 336 1664 390 DE
1703 337 1930 392 ΒΕΑΤο
1966 337 2321 393 ΑΒΚΑΠᾸΜ.

3459 339 3562 395 740

2000 450 2279 522 μνοῦσθαι.
2345 449 2622 519 Ἐννόησον
2676 448 2803 519 γὰρ,
2853 448 2903 501 τί
2947 448 3179 519 ἔπασχεν
3227 451 3254 502 ό
3315 449 3564 521 ’ᾼϐραάμ

1992 540 2321 612 καλούμενος
2379 542 2484 594 ὑπὸ
2526 540 2617 592 τοῦ
2673 539 2878 603 Ἰσαὰκ,
2933 539 2990 592 ὃν
3034 540 3233 610 ήμελλε
3283 540 3559 608 σφάττειν,

1989 632 2186 702 πάτερ.
2227 631 2351 696 Πῶς
2392 633 2450 684 ού
2483 630 2741 700 διεθρύϐη
2775 631 2844 684 τά
2893 631 3130 698 γόνατα;
3161 631 3274 695 πῶς
3303 631 3363 684 ού
3409 629 3561 704 [744]

1990 722 2326 792 συνεκλάσθη
2359 721 2429 775 τὰ
2465 723 2636 792 μέλη;
2676 723 2792 786 πῶς
2820 722 2917 793 τὴν
2962 722 3201 777 διάνοιαν
3243 725 3344 777 ούκ
3394 724 3562 779 ἔπαθε

1987 815 2158 869 ταῦτα
2181 814 2420 878 ἀκούσας
2459 817 2612 886 παρὰ
2655 815 2749 868 τοῦ
2795 815 2912 869 υἱοῦ
2953 817 3167 882 Ἰσαάκ,
3220 817 3412 886 Ὅμως
3461 819 3554 871 ἁν-

1986 911 2208 979 ήνεγκε,
2241 909 2336 961 καὶ
2379 909 2692 962 συνεπόδισε
2734 908 2824 962 τὸν
2880 909 3085 973 Ἰσαάκ,
3110 911 3204 963 καὶ
3252 909 3412 964 έλαϐε
3462 913 3562 984 τὴν

1989 1000 2264 1072 μάχαιραν
2303 1002 2367 1071 τῇ
2397 999 2546 1070 δεξιᾲ
2573 999 2739 1070 χειρὶ,
2773 1000 2859 1052 ἵνα
2899 999 3073 1072 σφάξῃ
3106 1001 3196 1053 τὸν
3230 1002 3344 1054 υἱὸν
3372 1003 3557 1058 αὑτοῦ.

2057 1094 2122 1144 Ὢ
2151 1094 2250 1164 τῆς
2280 1091 2460 1156 δεξιᾶς
2496 1092 2712 1163 ἐκείνης
2751 1093 2849 1163 τῆς
2898 1094 3038 1146 κατά
3070 1093 3165 1146 τοῦ
3194 1093 3310 1147 υἱοῦ
3349 1094 3562 1159 ὁπλιζο-

1987 1184 2177 1255 μένης·
2207 1185 2308 1237 οὐκ
2331 1183 2439 1255 ἔχω
2461 1183 2578 1247 πῶς
2601 1186 2936 1257 παραστήσω
2967 1185 3046 1255 τῷ
3069 1185 3213 1257 λόγῳ
3241 1187 3308 1240 τά
3337 1204 3563 1258 γεγενη-

1986 1274 2145 1344 μένα.
2171 1274 2298 1337 Πῶς
2333 1274 2432 1326 οὐκ
2471 1274 2772 1345 ἐνάρκησεν
2797 1277 2829 1345 ή
2863 1273 2982 1346 χείρ
3008 1291 3022 1339 ;
3049 1275 3166 1337 πῶς
3189 1275 3291 1330 οὐκ
3316 1276 3477 1329 ἔπεσε
3505 1279 3563 1330 τὸ

1984 1364 2131 1433 ξίφος
2152 1366 2259 1419 ἀπὸ
2277 1367 2375 1437 τῆς
2397 1368 2576 1437 χειρός
2593 1384 2608 1432 ;
2635 1367 2751 1430 πῶς
2767 1369 2828 1420 ού
2846 1367 3064 1438 διελύθη
3080 1368 3219 1432 ὅλος,
3243 1370 3337 1423 καὶ
3351 1370 3563 1443 διεθρύ-

1981 1457 2083 1528 ϐη;
2117 1459 2235 1519 πῶς
2259 1458 2316 1512 δέ
2351 1460 2552 1532 ἢρκεσε
2587 1462 2776 1532 στῆναι
2805 1463 2898 1514 καὶ
2927 1462 3053 1516 ἰδεῖν
3077 1463 3168 1517 τὸν
3211 1463 3396 1516 Ἰσαὰκ
3416 1463 3562 1517 δεδε-

1985 1549 2172 1619 μένους
2208 1549 2323 1612 πῶς
2351 1550 2408 1602 δὲ
2446 1551 2547 1605 οὐκ
2573 1550 2755 1621 ἔμεινε
2794 1551 2989 1623 νεκρός
3023 1554 3210 1622 ἄφνω;
3253 1553 3370 1616 πιῖις
3407 1555 3462 1607 δέ
3499 1556 3563 1604 τὰ

1981 1641 2146 1710 νεῦρα
2181 1641 2328 1712 αὐτῷ
2363 1642 2749 1714 ύπηρέτησανς
2786 1643 2904 1707 πῶς
2928 1645 2986 1696 δέ
3012 1645 3044 1714 ἡ
3075 1644 3267 1715 γνώμη
3298 1646 3561 1715 ἦρκεσεν,

1980 1734 2093 1785 Ούκ
2125 1730 2252 1802 ἔχω,
2290 1733 2408 1796 πῶς
2439 1736 2775 1806 παραστήσω
2807 1735 2884 1806 τῷ
2916 1735 3056 1806 λόγῳ
3089 1737 3150 1789 τὸ
3175 1737 3558 1808 γεγενημένον.

1981 1824 2134 1877 Ὅσοι
2170 1825 2460 1896 πατέρεςῆ
2497 1828 2751 1899 μητέρες,
2784 1826 3084 1887 συνέλθετε.
3126 1831 3282 1898 χεῖρα
3307 1827 3559 1898 όρέξατε.

1980 1915 2280 1988 βοηθήσατε
2308 1917 2387 1988 τῷ
2425 1918 2588 1989 λόγῳ·
2622 1921 2797 1974 ἀτονῶ
2819 1921 2926 1993 γὰρ
2958 1923 3096 1990 πρὸς
3127 1926 3200 1975 τὰ
3226 1924 3525 1994 πράγματα
3552 1942 3560 1954 ν

1981 2007 2276 2076 σύγγνωτε,
2309 2009 2422 2062 ἀλλ’
2456 2011 2614 2081 ὑμεῖς
2650 2015 3070 2084 συμμαχήσατε.
3104 2014 3370 2078 Πολλάκις
3399 2017 3558 2068 πέντε

1978 2099 2009 2168 ἦ
2038 2101 2129 2153 καὶ
2153 2101 2209 2168 ἒξ
2236 2105 2386 2168 υἱοὺς
2427 2105 2538 2175 ἔχει
2578 2123 2661 2168 τις
2693 2107 2786 2160 καὶ
2825 2106 3161 2180 θυγατέρας·
3189 2108 3286 2161 καὶ
3314 2109 3454 2161 ἐπὰν
3482 2105 3564 2172 είς

1977 2189 2236 2254 ἐξαύτῶν
2267 2195 2620 2270 ἀρρωστήσῃ,
2658 2197 3005 2269 περιέρχεται
3037 2200 3164 2271 ὅλην
3191 2201 3291 2272 τὴν
3314 2201 3502 2264 κλίνην
3533 2203 3562 2256 6

1977 2282 2176 2354 πατὴρ,
2211 2285 2379 2353 φιλῶν
2399 2289 2491 2341 τοῦ
2515 2287 2706 2352 παιδὸς
2736 2290 2863 2348 τοὺς
2895 2290 3228 2361 ὀφθαλμοὺς,
3253 2295 3351 2356 τὰς
3375 2297 3563 2363 χεῖρας

1977 2377 2503 2446 περιπτυσσόμενος,
2540 2379 2640 2450 τὴν
2691 2379 2908 2450 ἡμέραν
2962 2381 3132 2435 νύκτα
3175 2383 3556 2454 λογιζόμενος,

1974 2464 2067 2516 καὶ
2117 2465 2177 2517 τὸ
2229 2466 2346 2536 φῶς
2397 2470 2616 2535 σκότος,
2665 2470 2725 2523 ού
2766 2470 2833 2524 τὰ
2878 2475 3116 2542 στοιχεῖα
3171 2476 3558 2545 μεταϐάλλων,

1972 2555 2108 2608 ἀλλὰ
2134 2559 2200 2627 τῇ
2240 2559 2402 2630 ἀηδία
2429 2561 2529 2632 τῆς
2562 2560 2742 2634 λύπης
2781 2563 2882 2616 οὐκ
2904 2564 3331 2636 εὐφραινόμενος
3348 2569 3435 2621 ἐπ’
3461 2571 3559 2622 αύ-

1973 2651 2102 2711 τοῖς·
2135 2649 2312 2703 κλῖναι
2347 2652 2684 2723 ἐστρωμέναι
2713 2655 2941 2719 ἁπαλαὶ,
2979 2657 3153 2727 ίατροὶ
3177 2660 3561 2730 παρακαθεζό-

1977 2757 2149 2808 μενοι,
2173 2741 2340 2813 πολλὴ
2369 2745 2402 2814 ἡ
2441 2743 2736 2817 δορυφορία
2754 2745 2846 2798 τοῦ
2878 2747 3313 2818 ἁνωμαλοῦντος,
3334 2753 3558 2823 τήκεται

1972 2829 2090 2893 ὅλος
2105 2830 2172 2885 δι’
2201 2832 2322 2885 ὅλου
2349 2835 2376 2886 6
2407 2836 2611 2908 πατήρ·
2642 2837 2743 2890 κᾶν
2766 2839 3088 2908 περιουσίαν
3113 2839 3209 2912 ἔχῃ
3234 2843 3556 2914 χρημάτων,

1970 2923 2247 2978 ἀπευκτέα
2301 2927 2450 2999 αύτῷ
2480 2929 2627 2992 ἐστι,
2686 2928 2791 2982 κᾶν
2835 2931 3034 3004 μυρίας
3095 2933 3192 3004 ἔχῃ
3236 2936 3555 3005 φροντίδας,

1970 3015 2147 3080 πάσας
2179 3016 2383 3084 διώκει,
2411 3019 2470 3071 ού
2498 3020 2794 3091 δυνάμενος
2817 3024 3116 3094 ἀνανῆψαι,
3149 3027 3213 3080 ἐκ
3249 3028 3347 3098 τῆς
3380 3028 3559 3100 λύπης

1973 3106 2207 3176 μεθύων·
2249 3110 2344 3161 καὶ
2381 3112 2410 3162 6
2439 3113 2546 3175 πᾶς
2581 3112 2730 3185 αὐτῷ
2757 3114 2960 3185 κόσμος
2987 3115 3205 3181 ἀνίατος
3233 3118 3324 3171 τοῦ
3365 3122 3554 3176 κακοῦ.

1981 3200 2211 3269 Ὁμοίως
2243 3201 2338 3254 καὶ
2366 3203 2398 3273 ή
2424 3204 2607 3274 μήτηρ
2631 3205 2982 3276 περιέρχεται
3004 3209 3424 3284 διακοπτομένη,
3456 3217 3556 3284 ἐμ-

1971 3290 2329 3364 πυριζομένη,
2368 3293 2460 3346 καὶ
2493 3296 2844 3366 ἀναπτομένη
2869 3298 2964 3368 ὅλη
2985 3338 2998 3359 ,
3040 3300 3279 3370 ζητοῦσα
3305 3303 3556 3376 δύναμιν,

1968 3383 2055 3435 ἵνα
2085 3384 2492 3456 συμμερίσηται
2521 3387 2611 3440 τὸν
2652 3387 2832 3441 πόνον·
2874 3391 3075 3460 μᾶλλον
3105 3393 3160 3446 δὲ
3203 3395 3290 3449 ἵνα
3320 3397 3412 3450 καὶ
3439 3399 3557 3452 ὅλον

1968 3473 2315 3545 ἀναδέξηται,
2349 3477 2433 3530 ἵνα
2463 3478 2522 3531 τὸ
2557 3479 2894 3550 κακούμενον
2919 3483 3108 3538 τέκνον
3141 3485 3426 3561 ἀπαλλαγῇ
3458 3492 3556 3561 τῆς

1969 3565 2144 3620 νόσου.
2187 3567 2353 3621 Οὐδὲν
2383 3569 2520 3639 αὐτῇ
2556 3570 2585 3621 6
2612 3569 2802 3641 παρὼν
2841 3570 2985 3642 βίος,
3017 3575 3168 3630 οὐδὲν
3202 3577 3339 3648 αὐτῇ
3373 3580 3401 3631 6
3431 3575 3557 3644 μέλ-

1968 3657 2120 3722 λων,
2167 3659 2305 3712 ἀλλὰ
2355 3661 2574 3715 πάντων
2617 3662 3196 3738 τούτων’τιμιώτερον
3244 3672 3456 3740 ἡγεῖται
3497 3675 3554 3726 τὸ

1970 3751 2149 3803 πᾶσαν
2198 3750 2554 3817 ἀναδέξασθαι
2588 3754 2686 3824 τήν
2715 3755 2869 3809 νόσον
2898 3758 2990 3810 τοῦ
3036 3760 3252 3814 τέκνου.
3296 3765 3409 3816 Ούκ
3448 3764 3553 3835 ἔχω

1968 3843 2084 3906 πῶς
2117 3846 2453 3915 παραστήσω
2477 3847 2542 3898 τὸ
2567 3847 2737 3911 πάθος
2765 3849 2942 3902 τοῦτο.
3001 3852 3283 3924 Ἐννόησον
3317 3859 3412 3911 καὶ
3466 3860 3554 3912 τὸν

1981 3935 2232 4006 Ἀϐραὰμ
2265 3936 2332 3989 τὰ
2363 3937 2506 3990 αὐτὰ
2536 3939 2814 4008 πάσχοντα
2857 3943 2988 4011 μὲν,
3035 3944 3427 4014 φιλοσοφοῦντα
3455 3953 3510 4004 δὲ
3538 3995 3550 4012 ,

1967 4026 2162 4097 καὶτῷ
2201 4028 2586 4099 προστάγματι
2627 4031 2969 4101 πειθόμενον·
2999 4038 3294 4090 κατεπάτει
3322 4040 3418 4110 τήν
3457 4046 3552 4110 φύ-

1968 4135 2070 4184 σιν,
2097 4120 2195 4173 καὶ
2225 4121 2258 4189 ή
2282 4119 2469 4190 ἐντολὴ
2493 4119 2604 4175 τῶν
2636 4121 2961 4193 σπλάγχνων
2993 4125 3202 4195 ἐγίνετο
3239 4132 3441 4198 μᾶλλον
3461 4134 3552 4185 δυ-

1965 4209 2262 4281 νατωτέρα.
2298 4212 2544 4282 Ἔπασχε
2571 4211 2670 4282 μὲν
2707 4213 2814 4285 γὰρ
2846 4215 3042 4279 ταῦτα,
3073 4219 3148 4283 ὠς
3173 4225 3457 4291 προεῖπον,
3480 4226 3553 4288 ὠς

1965 4301 2270 4373 ἅνθρωπος,
2308 4305 2614 4375 ἐφιλοσόφει
2639 4307 2695 4358 δὲ
2729 4308 2805 4370 ὡς
2847 4309 3113 4377 φιλόθεος,
3165 4314 3276 4366 Καὶ
3321 4311 3389 4386 ἦν
3427 4317 3553 4370 ἰδεῖν

1965 4393 2056 4446 τὸν
2095 4393 2278 4446 Ἰσαάκ
2307 4395 2559 4467 μάρτυρα
2585 4395 2761 4460 ζῶντα
2786 4398 2881 4450 καὶ
2903 4399 2963 4450 ού
2991 4399 3190 4468 ζῶντα,
3215 4402 3554 4458 ἀποθανόντα

1966 4485 2060 4539 καὶ
2091 4486 2190 4538 οὐκ
2217 4484 2576 4541 ἀποθανόντα.
2613 4489 2773 4542 Ὅσον
2811 4489 2908 4560 μὲν
2937 4491 3045 4562 γὰρ
3075 4495 3140 4564 τῇ
3175 4494 3434 4564 προθέσει
3460 4497 3554 4550 τοῦ

1967 4575 2194 4645 πατρὸς,
2223 4575 2513 4631 ἀπέθανεν·
2537 4579 2662 4634 ὅσον
2689 4578 2744 4632 δέ
2769 4583 2833 4651 τῇ
2861 4581 2955 4634 τοῦ
2983 4581 3121 4635 Θεοῦ
3149 4584 3550 4658 φιλανθρωπίᾳ,

1965 4667 2064 4720 οὐκ
2091 4667 2356 4722 ἀπέθανε·
2384 4669 2553 4734 τύπος
2580 4671 2689 4742 γὰρ
2716 4668 2784 4743 ἦν
2811 4674 2906 4726 τοῦ
2943 4675 3215 4729 Δεσπότου
3246 4679 3338 4730 καὶ
3363 4679 3547 4732 είκών·

1964 4760 2331 4832 ἐχρησίμευσε
2361 4761 2417 4815 δὲ
2443 4763 2471 4814 6
2494 4762 2682 4828 τύπος,
2712 4766 2806 4818 καὶ
2834 4765 3116 4837 ἐκδέχεται
3147 4769 3246 4840 τὴν
3270 4771 3549 4840 ἀλήθειαν.

1965 4847 2099 4906 Εἶτα
2132 4853 2520 4923 συμποδίζεται
2563 4858 2592 4908 6
2628 4856 2844 4921 Ἰσαὰκ,
2880 4858 2974 4910 καὶ
3023 4859 3083 4910 ού
3140 4861 3504 4928 σφαγιάζεται
3533 4879 3546 4893 ·

1961 4937 2091 5012 ἦλθε
2131 4942 2239 5014 γὰρ
2267 4945 2472 4997 ἄνωθεν
2500 4945 2650 5015 φωνὴ
2680 4944 2832 4998 ἐλέου
2876 4947 2968 5000 καὶ
3011 4948 3422 5019 φιλανθρωπίας
3458 4955 3549 5022 γέο

1967 5052 2164 5105 μουσα,
2193 5037 2289 5088 καὶ
2319 5037 2504 5108 ἐπέχει
2555 5039 2648 5091 τὸν
2698 5039 3044 5111 πατριάρχην
3082 5040 3202 5095 ὅλον
3230 5045 3550 5116 ἐγκείμενον

1963 5124 2090 5177 ὅντα
2134 5123 2226 5177 καὶ
2282 5126 2496 5196 ἕτοιμον
2555 5129 2688 5200 πρὸς
2745 5130 2846 5201 τήν
2901 5131 3156 5202 σφαγὴν,
3219 5134 3313 5186 καί
3361 5152 3544 5204 φησιν·

1977 5214 2241 5284 Ἀϐραὰμ,
2270 5217 2532 5286 Ἀϐραὰμ,
2553 5219 2637 5289 μὴ
2659 5221 2954 5291 ἐπιϐάλῃς
2979 5223 3094 5292 τὴν
3114 5223 3280 5293 χεῇοὰ
3297 5243 3413 5278 σου
3445 5227 3542 5278 ἐπὶ

1963 5307 2029 5361 τὸ
2063 5308 2401 5376 παιδάριον.
2429 5311 2529 5365 Διά
2557 5314 2609 5366 τί
2637 5314 2759 5384 οὐχὶ
2796 5315 2890 5368 ἐπὶ
2925 5317 3016 5370 τὸν
3044 5317 3233 5380 παῖδα,
3261 5316 3377 5370 ἀλλ’
3411 5319 3542 5372 Ἐπὶ

1964 5400 2029 5452 τὸ
2057 5400 2373 5470 παιδάριον
2389 5419 2409 5469 ;
2438 5404 2525 5458 διὰ
2547 5405 2599 5457 τί
2624 5406 2924 5475 εύτελίζει;
2965 5408 3286 5479 Ἀνθρωπος
3316 5409 3425 5482 γάρ

1964 5493 2094 5546 Υίοῦ
2118 5495 2172 5548 δὲ
2203 5491 2272 5566 ἦν
2297 5498 2473 5568 χρεία,
2492 5498 2551 5549 ού
2587 5499 2896 5570 παιδαρίου·
2923 5502 2984 5553 οὐ
3014 5501 3223 5567 δούλου,
3259 5501 3376 5557 ἀλλ’
3412 5504 3540 5556 Υἱοῦ

1961 5585 2213 5655 ἀληθινοῦ
2235 5586 2386 5657 [745]
2413 5587 2756 5656 μονογενοῦς,
2784 5590 2933 5659 παρὰ
2958 5589 3166 5662 Πατρὸς
3187 5592 3542 5661 ἀπεσταλμέ-

1963 5695 2053 5731 νου
2083 5679 2221 5750 πρὸς
2255 5682 2422 5750 ἡμᾶς.
2451 5681 2853 5754 Μὴέπιὸἀλῃς
2889 5685 3004 5752 τὴν
3023 5684 3190 5753 χεῖρά
3216 5702 3330 5742 σου
3355 5685 3450 5739 ἐπὶ
3473 5685 3542 5736 τὸ

1968 5769 2303 5840 πιιιδτίριοικ
2347 5771 2652 5844 Ἥρκέσθης
2692 5776 2768 5847 τῷ
2798 5775 2971 5847 τύπῳ,
3027 5776 3245 5849 ἐκδέχου
3284 5779 3382 5849 τὴν
3410 5772 3543 5844 ἀλήε
