4080 6198
470 371 568 427 741

469 490 640 542 θειαν.
669 487 780 540 Και
805 482 1139 556 προφητεύει
1157 481 1258 553 μέν
1282 481 1535 552 Ἀϐραάμ
1553 477 2073 550 παραλογιζόμενος

465 576 597 638 τοὺς
627 573 842 637 παῖδας·
873 573 977 642 ὁρᾷ
1001 570 1058 624 δὲ
1081 567 1486 625 ἀποϐαίνουσαν
1506 570 1563 623 ἐν
1595 571 1708 631 τοῖς
1734 566 1944 639 ῥηθεῖσι
1957 565 2057 637 τὴν

468 664 751 735 ἀλήθειαν·
777 661 831 714 τί
857 660 966 732 γάρ
994 673 1163 730 φησις
1209 657 1506 712 Καθίσατε
1537 655 1724 710 αὐτοῦ
1752 656 1904 725 μετὰ
1946 653 2058 722 τῆς

468 753 636 806 ὄνουο
671 749 788 820 ἐγὼ
814 747 882 802 δέ
912 747 1013 802 καί
1040 745 1108 801 τὸ
1131 745 1452 815 παιδάριον
1483 744 1921 814 διελευσόμεθα
1947 741 2058 808 ἕως

465 835 586 895 ὦδε
604 883 618 905 ,
670 837 769 892 καί
811 833 1364 905 προσκυνήσαντες
1411 831 1873 902 ἀναστρέφομεν
1908 829 2060 899 πρὸς

463 925 643 996 ὑμᾶς.
664 921 835 979 Εἶπεν
866 923 966 995 ούχ
986 923 1162 987 οὕτως
1194 922 1356 993 ἔχων
1385 921 1650 975 ἀπέϐαινε
1675 921 1731 975 δέ
1760 919 1962 991 μᾶλλον
1983 919 2059 983 ὼς

464 1018 677 1085 ἔλεγεν,
709 1014 744 1085 ἢ
780 1012 973 1083 ῶσπερ
1003 1011 1246 1083 ἐφρόνει.
1279 1010 1422 1075 Τοὺς
1454 1011 1654 1075 παῖδας
1693 1010 1752 1064 δέ
1790 1008 2060 1080 καταλιμ-

464 1106 651 1167 πάνει,
686 1103 778 1156 ἵνα
807 1102 884 1173 μὴ
914 1098 1112 1172 βιασθῇ
1142 1099 1411 1172 θεομάχον
1443 1097 1595 1169 βίανο
1631 1099 1706 1170 μὴ
1737 1097 2059 1169 νομίσαντες

462 1192 833 1267 πρεσϐυτικόν
866 1209 920 1245 τι
958 1190 1133 1255 πάθος
1166 1189 1656 1262 ὑπομεμενηκέναι
1681 1188 1773 1243 τὸν
1803 1187 2057 1258 γέροντα,

463 1282 772 1354 ἐπισχῶσιν
799 1278 968 1334 αὑτοῦ
990 1280 1090 1352 τὴν
1112 1278 1251 1350 πρὸς
1277 1279 1340 1332 τὸ
1363 1277 1526 1332 θῦσαι
1554 1275 1754 1349 ὁρμὴν,
1787 1276 2058 1341 εἰπόντες,

461 1371 518 1424 τί
551 1374 750 1437 ποιεῖς,
787 1362 832 1423 ὦ
871 1369 1143 1436 δέσποτα;
1174 1368 1266 1422 τὸν
1310 1365 1371 1432 ἐξ
1401 1367 1734 1437 ἐπαγγελίας
1765 1365 1935 1429 θύεις,
1967 1362 2061 1418 τὸν

464 1460 780 1531 ἀγαπητὸν,
812 1458 904 1513 τὸν
927 1457 1286 1529 θεοδώρητον,
1313 1457 1406 1511 τὸν
1432 1455 1784 1529 γηρώκομον,
1808 1453 1899 1509 τὸν
1927 1453 2062 1524 κλη-

469 1549 724 1619 ρονόμον,
765 1548 859 1603 τὸν
919 1547 1010 1602 σὸν
1051 1547 1296 1618 διάδοχον
1329 1557 1381 1613 ι,
1405 1545 1498 1601 τὸν
1545 1545 1766 1616 Σάρρας
1821 1541 1968 1608 υίόν;
2007 1541 2062 1594 τί

466 1639 646 1700 ποιεῖς
667 1636 965 1707 σκόπησον,
983 1635 1349 1690 ἀνακοίνωσαι
1368 1637 1434 1705 τῇ
1462 1632 1700 1704 συμϐίῳ,
1726 1633 1796 1702 τῇ
1819 1628 2063 1700 κοινωνῷ

464 1727 568 1798 τῆς
596 1726 782 1797 γονῆς,
813 1727 881 1797 τῇ
905 1725 992 1778 ἐπ’
1015 1723 1163 1794 αύτῷ
1189 1723 1290 1787 τὰς
1310 1723 1507 1786 ὠδῖνας
1527 1719 1889 1793 ύπομεινάσῃ·
1915 1718 2064 1789 ήμᾶς

470 1816 779 1887 σφαγίασον
805 1813 1050 1886 πρῶτον,
1070 1812 1166 1867 καὶ
1186 1811 1359 1876 οὕτως
1383 1810 1476 1864 τὸν
1503 1810 1636 1864 υἰόν.
1686 1808 1826 1862 Ἀλλ’
1855 1810 1883 1861 6
1903 1805 2064 1876 σοφὸς

469 1905 786 1978 πρεσϐύτης
815 1905 883 1958 ού
915 1902 1340 1975 παραλαμϐάνει
1368 1901 1494 1964 τοὺς
1535 1899 1849 1968 ὀφείλοντας
1894 1899 2065 1966 ἐμπο-

467 1993 637 2060 δίζειν
659 1993 847 2060 αὑτὸν,
875 1992 1014 2046 ἀλλά
1047 1994 1196 2045 ποιεῖ
1223 1986 1516 2062 βαστάζειν
1547 1988 1607 2041 τὸ
1633 1987 1782 2057 θῦμα
1803 1987 1872 2040 τὰ
1903 1983 2061 2050 ξύλα,

470 2087 560 2140 ἵνα
588 2082 682 2138 τὸν
715 2083 886 2136 τύπον
918 2082 1020 2155 ἐχῃ
1041 2078 1138 2134 τοῦ
1166 2079 1260 2133 τὸν
1292 2078 1525 2150 σταυρὸν
1556 2074 1920 2148 βαστάζοντος
1953 2074 2065 2126 Σω-

468 2173 658 2243 τῆρος.
689 2170 989 2235 Βαστάζων
1032 2169 1090 2223 δὲ
1141 2169 1170 2221 ὁ
1212 2170 1344 2231 παῖς
1382 2168 1479 2221 καί
1505 2165 1897 2236 φθεγγόμενος,
1929 2164 2067 2217 κινεῖ

469 2261 541 2314 τά
569 2259 802 2331 πατρῷα
835 2259 1156 2329 σπλάγχνα,
1205 2256 1320 2311 ἀλλ’
1357 2255 1458 2310 οὐκ
1503 2253 1748 2325 ἐξίστησι
1786 2251 1880 2306 τοῦ
1927 2250 2066 2321 πρὸς

469 2349 608 2403 Θεὸν
631 2349 823 2402 πόθου.
858 2349 925 2402 Τί
950 2347 1060 2418 γάρ
1092 2364 1263 2418 φησι;
1296 2343 1511 2413 Πάτερ.
1556 2343 1759 2400 Ἐννόει
1798 2343 1856 2395 δέ
1882 2343 1970 2395 οἵα
1996 2337 2066 2413 ἦν

467 2440 508 2509 ἡ
534 2437 710 2509 φωνὴ.
743 2434 955 2504 Πάτερ.
989 2434 1101 2488 Καὶ
1131 2433 1241 2506 γάρ
1278 2432 1374 2488 καὶ
1407 2434 1570 2504 ἡμεῖς
1613 2432 1702 2486 ὅτε
1750 2431 1899 2485 θύειν
1934 2429 2066 2502 μέλ·

470 2527 638 2596 λομεν
667 2525 700 2597 ἦ
734 2524 920 2596 ἀρνίον
944 2522 978 2595 ἢ
1002 2521 1130 2578 ἀλλο
1151 2539 1204 2574 τι
1227 2520 1338 2574 τῶν
1372 2520 1548 2585 ζώων,
1578 2520 1673 2574 καὶ
1705 2518 1919 2590 εἴδομεν
1946 2518 2067 2590 βλη-

471 2613 738 2689 χώμενον,
774 2613 868 2668 καὶ
895 2611 1138 2684 ἠρεμαίᾳ
1163 2613 1314 2682 φωνῇ
1341 2608 1478 2681 πρὸς
1503 2610 1652 2680 ἡμᾶς
1671 2608 2062 2680 φθεγγόμενον,

469 2701 757 2774 ἐλεοῦμεν,
795 2701 1142 2772 οἰκτείρομεν
1196 2699 1469 2770 ἀναρθρον
1522 2697 1800 2769 προφέρον
1832 2697 1931 2768 τὴν
1961 2713 2068 2766 φω-

470 2794 587 2866 νήν.
631 2790 918 2862 Ἐννόησον
961 2785 1056 2843 οὖν
1098 2789 1258 2841 τοῦτο
1301 2787 1362 2840 τὸ
1406 2786 1681 2859 πρόϐατον
1719 2787 1774 2839 τί
1809 2785 2066 2857 ἐποίησεν

470 2883 558 2946 ἂν,
596 2882 647 2936 εἰ
671 2880 809 2951 πρὸς
845 2875 1048 2946 ἀσθενῆ
1089 2875 1378 2944 διελέγετο·
1417 2873 1643 2944 Πάτερ,
1689 2873 1819 2928 ἰδοὺ
1851 2874 1918 2928 τὸ
1945 2873 2067 2943 πῦρ

470 2969 571 3024 καὶ
603 2968 675 3023 τὰ
700 2967 877 3032 ξύλα,
908 2964 1024 3020 ποῦ
1046 2965 1178 3018 ἐστι
1205 2962 1272 3017 τὸ
1302 2964 1606 3032 πρόϐατον
1626 2962 1691 3015 τὸ
1707 2963 1795 3028 εἰς
1811 2961 2066 3031 ὀλοκάρ-

471 3073 708 3120 matr;
738 3055 902 3118 αὐτὸς
927 3053 984 3108 δὲ
1007 3049 1076 3124 ἦν
1107 3052 1250 3106 κατὰ
1267 3051 1367 3124 τὴν
1391 3050 1488 3104 τοῦ
1521 3051 1729 3124 πατρὸς
1780 3049 2008 3121 γνώμην
2037 3053 2066 3106 6

469 3145 648 3202 λαλῶν
677 3145 737 3198 τὸ
763 3143 1034 3216 πρόϐατον
1059 3140 1304 3214 ἐρεθίζον
1336 3139 1428 3194 τὸν
1468 3139 1621 3211 ἰερέα
1642 3141 1724 3204 εἰς
1751 3139 2065 3210 εὐσπλαγχ-

469 3235 611 3290 νίαν.
651 3234 768 3288 Ούκ
820 3231 1165 3304 ἐμαθήτευσε
1197 3228 1309 3301 γάρ
1339 3227 1563 3301 Χριστῷ
1594 3226 1674 3299 τῷ
1700 3227 1948 3297 λέγοντι·
2001 3228 2064 3281 '0

468 3321 666 3392 φιλῶν
693 3313 918 3389 πατέρα
937 3320 975 3388 ἢ
998 3317 1248 3389 μητέρα,
1271 3315 1309 3384 ἢ
1341 3316 1479 3370 υἱὸν
1507 3317 1545 3385 ἢ
1573 3315 1887 3386 θυγατέρα,
1917 3316 2064 3386 ὑπὲρ

467 3408 594 3478 ἐμὲ,
621 3409 732 3463 οὐκ
757 3406 890 3462 ἐστι
921 3423 1035 3475 μου
1065 3404 1256 3472 ἄξιος.
1297 3404 1583 3475 Ἐμιμεῖτο
1605 3403 1662 3456 δέ
1693 3404 1914 3476 Πατέρα
1935 3406 2064 3476 περί

470 3488 542 3552 οὗ.
568 3497 802 3568 εἴρηται·
840 3494 949 3560 "Oc
982 3509 1048 3564 τε
1075 3492 1182 3547 τοῦ
1229 3491 1384 3546 ἰδίου
1441 3491 1577 3546 Υἱοῦ
1607 3494 1719 3547 οὐκ
1741 3493 2026 3562 ἐφείσατο
2046 3535 2061 3560 ,

473 3587 612 3641 ἀλλ’
644 3582 805 3652 ὑπὲρ
827 3580 997 3651 ἡμῶν
1029 3578 1273 3635 πάντων
1307 3579 1653 3649 παρέδωκεν
1692 3581 1899 3637 αὐτόν.
1951 3582 2062 3636 Ποῦ

475 3677 594 3728 ἐστι
650 3672 712 3725 τὸ
760 3669 1064 3742 πρόϐατονς
1113 3667 1384 3739 νουνεχῶς
1419 3670 1447 3722 ὁ
1485 3671 1635 3733 παῖς.
1671 3669 1736 3723 Τί
1780 3665 1873 3724 οὖν
1907 3673 1935 3724 6
1967 3689 2064 3726 πα-

473 3764 571 3833 τήρ
594 3776 779 3833 φησιν;
809 3759 870 3812 '0
895 3757 1040 3825 Θεὸς
1065 3757 1273 3826 ὄψεται
1292 3756 1483 3823 ἐαυτῷ
1497 3759 1798 3826 πρόϐατον
1811 3762 1898 3826 εἰς
1922 3763 2060 3814 ὁλο-

475 3847 813 3919 κὰρπωσιν,
859 3847 1094 3900 τέκνων
1131 3846 1234 3899 οὐκ
1259 3844 1497 3914 οἰκέτην,
1524 3845 1640 3898 ἀλλ’
1658 3845 1807 3900 Υἰόν.
1827 3846 2070 3913 Ἐκεῖνος

477 3935 792 4007 μονογενὴς,
827 3935 923 3988 καὶ
962 3936 992 3988 6
1021 3933 1154 3998 Θεὸς
1193 3934 1490 4005 μονογενής
1515 3951 1528 3964 ο
1572 3934 1781 3998 ἐκεῖνος
1826 3935 1921 3988 ἐπὶ
1953 3935 2062 3990 τῶν

472 4025 639 4097 ὤμων
674 4025 744 4078 τὰ
774 4023 928 4089 ξύλα,
972 4024 1067 4078 καὶ
1117 4024 1147 4076 6
1196 4022 1433 4095 Χριστὸς
1481 4023 1574 4076 ἐπὶ⁵
1621 4023 1731 4077 τῶν
1776 4021 1940 4095 ὤμων
1971 4025 2062 4079 τὸν

476 4114 728 4185 σταυρόν·
760 4114 966 4176 ἐκεῖνος
985 4111 1152 4183 μηδὲν
1167 4111 1494 4182 ἁμαρτήσας
1510 4111 1713 4183 ήμελλε
1736 4112 2060 4182 σφάζεσθαι,

473 4203 570 4259 καὶ
603 4205 632 4255 6
663 4202 791 4266 Υἱὸς
833 4199 927 4255 τοῦ
958 4200 1095 4256 Θεοῦ
1132 4201 1299 4272 μηδὲν
1335 4202 1662 4272 ἁμαρτήσας
1703 4201 2022 4275 ἐσταυρώθη
2043 4221 2056 4234 ·

479 4288 681 4352 ἐκεῖνος
713 4290 805 4342 καὶ
846 4289 1064 4358 ἐσφάγη
1094 4289 1188 4342 καὶ
1225 4288 1326 4342 οὐκ
1357 4289 1597 4360 ἐσφάγη,
1632 4289 1726 4343 καί
1761 4293 1790 4343 6
1815 4290 1942 4354 Υἱὸς
1967 4291 2059 4344 τοῦ

473 4379 606 4433 Θεοῦ
629 4381 657 4432 6
689 4378 985 4450 μονογενὴς
1028 4379 1124 4432 καὶ
1165 4378 1382 4449 ἐσφάγη
1425 4379 1520 4432 καὶ
1550 4378 1652 4432 οὐκ
1681 4379 1896 4448 ἐσφάγη
1921 4417 1936 4444 ,
1968 4379 2062 4433 καὶ

474 4470 712 4528 ἀπέθανε
747 4471 842 4524 καὶ
872 4471 974 4524 οὐκ
1002 4470 1293 4525 ἀπέθανεν·
1324 4471 1448 4524 ὅσον
1483 4470 1582 4540 μὲν
1619 4471 1728 4541 γὰρ
1759 4471 1840 4534 εἰς
1866 4471 2060 4542 προαί-

477 4576 648 4631 ρεσιν,
676 4556 970 4625 ἀπέθανεν,
993 4559 1119 4613 ὅσον
1140 4559 1197 4612 δὲ
1225 4561 1304 4622 εἰς
1333 4557 1556 4612 ἔκϐασιν
1573 4559 1936 4630 πραγμάτων,
1959 4561 2060 4616 οὐκ

472 4645 744 4701 ἀπέθανεν
776 4645 1066 4719 [ἐκεῖνοςΓ
1101 4647 1130 4699 6
1177 4645 1234 4700 δὲ
1282 4646 1410 4710 Υἱὸς
1468 4646 1565 4701 τοῦ
1623 4647 1759 4701 Θεοῦ
1793 4651 1858 4720 τῇ
1895 4651 2060 4720 σαρκὶ

471 4733 765 4798 ἀπέθανεν,
803 4734 919 4788 ἀλλ’
947 4736 980 4806 ή
1013 4733 1206 4806 θεότης
1233 4734 1452 4807 ἀπαθὴς
1484 4735 1720 4806 ἔμεινεν.

543 4824 614 4892 Υ.
659 4824 769 4877 Ἀεὶ
799 4823 951 4894 γάρό
972 4823 1124 4891 Θεὸς,
1148 4824 1276 4877 ὅταν
1306 4823 1476 4898 μέλλῃ
1502 4827 1734 4896 πρᾶγμα
1760 4826 1905 4897 μέγα
1931 4826 2059 4880 διοι-

473 4916 593 4968 κεῖν
610 4915 762 4985 παρά
775 4917 885 4977 τοῖς
902 4913 1234 4985 ἀνθρώποις,
1255 4915 1650 4986 προλαμϐάνει,
1671 4917 1766 4970 καὶ
1781 4917 1880 4989 τὴν
1900 4917 2058 4971 σκιὰν

474 5003 642 5060 αὐτοῦ
678 5003 1088 5075 προξωγραφεῖ,
1126 5005 1212 5058 ἴνα
1247 5005 1376 5057 ὅταν
1415 5003 1545 5075 ἒλθῃ
1599 5006 1630 5076 ή
1677 5004 1928 5076 ἀλήθεια,
1982 5007 2057 5078 μὴ

473 5093 815 5165 ἀπιστήσωσι
831 5109 897 5145 πε
907 5093 960 5164 ρὶ
975 5093 1165 5163 αὐτῆς,
1183 5092 1292 5158 ἵνα,
1315 5093 1413 5162 τῆς
1430 5093 1636 5156 εἰκόνος
1654 5093 2054 5166 προλαϐούσης,

475 5183 551 5254 μὴ
572 5182 918 5253 ἀπιστήσωσι
939 5183 1007 5253 τῇ
1035 5179 1283 5253 ἀληθείᾳ.
1324 5174 1454 5236 Οἶόν
1486 5199 1539 5234 τι
1566 5180 1729 5251 λέγωο
1762 5181 1988 5252 ἔμελλεν
2022 5185 2055 5254 ή

474 5271 718 5340 παναγία
760 5269 1027 5343 παρθένος
1049 5270 1266 5342 γεννᾷν,
1313 5271 1408 5323 καὶ
1449 5269 1676 5324 ἄπιστον
1707 5265 1775 5342 ἦν
1811 5271 1872 5324 τὸ
1901 5270 2054 5344 [746]

471 5360 727 5432 πρᾶγμα·
760 5358 878 5422 πῶς
912 5357 1179 5430 παρθένος
1201 5362 1452 5430 γεννήσει
1474 5357 1626 5429 παρά
1653 5359 1744 5411 τὸν
1777 5358 1941 5428 νόμον
1957 5360 2056 5431 τῆς

471 5447 721 5516 φύσεωςς
751 5447 813 5500 τὸ
840 5446 950 5518 γάρ
992 5446 1390 5516 γεγεννημένον
1435 5446 1567 5516 παρ’
1604 5447 1924 5502 ἀκολουθίαν
1957 5448 2057 5516 φύ-

470 5551 632 5598 σεως.
663 5533 760 5597 Τίς
793 5535 855 5600 ἐξ
885 5535 1081 5599 αἰῶνος
1108 5533 1215 5588 εἶδε
1244 5534 1509 5606 παρθένον
1535 5538 1907 5608 γεννήσασαν;
1937 5537 2056 5591 Ἵνα

466 5619 563 5681 οὖν
597 5622 673 5694 μὴ
701 5625 780 5686 εἰς
807 5625 1062 5677 ἀπιστίαν
1088 5623 1289 5695 πολλὴν
1331 5625 1657 5695 χωρήσωσιν
1689 5627 1739 5678 οἰ
1789 5626 2051 5690 Ἰουδαῖοι,

539 5791 564 5826 ⁸
590 5790 737 5842 Coisl.
762 5791 844 5840 τὸν
865 5793 1126 5857 ἀγαπητὸν,
1157 5810 1199 5842 τ.
1227 5797 1306 5847 κλ.
1332 5795 1411 5842 τὸν
1437 5795 1546 5856 ἐμὸν
1570 5796 1823 5855 δεσπότην.

1178 365 1235 422 S.
1275 363 1556 422 JOANNIS
1593 355 2091 418 CHRYSOSTOMI
2131 355 2450 411 ARCHIEP.
2491 356 3041 414 CONSTAN'I‘INOP.

3647 359 3752 416 τη

2167 473 2542 546 προλαμϐάνει
2590 477 2685 529 καί
2729 477 3066 546 σκιαγραφεῖ
3091 473 3150 527 ἐν
3180 475 3248 545 τῇ
3276 473 3463 546 2άρρᾳ
3493 473 3596 546 τὴν
3622 473 3762 547 ἁλὴς

2167 568 2336 632 θειαν,
2369 567 2456 620 ἵνα
2482 568 2612 620 ὅταν
2651 567 3037 638 ἀπορήσωσιν,
3068 563 3187 629 πῶς
3225 566 3259 635 ή
3305 564 3574 637 παρθένος
3599 565 3754 634 ἐγιν-

2166 675 2318 730 νησε,
2363 657 2566 728 μᾶλλον
2594 655 3034 728 ἀναμνησθέντες
3075 656 3295 716 εἴπωσι,
3336 653 3456 717 πῶς
3487 655 3522 726 ἡ
3564 653 3755 727 Σάρρα

2165 747 2456 817 ἐγέννησε;
2479 747 2678 819 μᾶλλον
2705 746 2763 799 δέ
2791 745 2987 816 ἐκείνῳ
3009 745 3089 816 τῷ
3116 744 3280 815 λόγῳ,
3314 743 3431 808 πῶς
3456 746 3493 815 ή-
3511 745 3586 814 γῆ
3619 761 3758 816 παρ-

2167 835 2318 900 θένος
2350 832 2485 890 οὖσα
2519 836 2812 906 ἐγέννησε;
2857 832 3121 905 Σκαπάνη
3165 834 3264 888 οὐκ
3309 828 3401 903 ἦν,
3433 835 3462 886 6
3492 832 3759 905 γεωργῶν

2165 924 2338 996 αὐτὴν
2369 925 2469 995 ούχ
2511 923 2780 995 ὑπῆρχεν,
2843 922 2998 986 ὑετὸς
3036 923 3098 976 ού
3151 921 3410 992 κατῆλθε,
3447 920 3646 992 βοτάνη
3676 923 3757 986 είς

2165 1016 2336 1088 αὐτὴν
2381 1016 2482 1070 οὐκ
2525 1014 2792 1086 ἀνῆλθεν,
2854 1010 3026 1078 αὖλαξ
3063 1014 3234 1085 αὐτῆς
3283 1014 3382 1067 οὑκ
3428 1012 3712 1084 ἀνετμήθη
3741 1053 3756 1076 ,

2165 1106 2362 1180 χέρσος
2387 1103 2478 1178 ἦν,
2513 1105 2847 1177 σπερμάτων
2867 1102 3174 1174 καταϐολὴν
3199 1103 3303 1158 οὐκ
3324 1102 3562 1168 ἐδέξατο,
3581 1101 3759 1171 ψεκάς

2166 1197 2268 1250 οὐκ
2303 1196 2583 1269 ηὖφρανεν
2617 1196 2810 1269 αὐτήν.
2852 1194 2990 1250 Εἰπέ
3028 1211 3119 1265 μοι
3164 1187 3278 1254 οὖν,
3323 1191 3441 1256 πῶς
3483 1189 3760 1264 παρθένος

2167 1281 2302 1340 οὖσα
2331 1285 2402 1339 τά
2433 1284 2602 1357 μυρία
2628 1284 2761 1356 γένη
2789 1283 2901 1339 τῶν
2930 1280 3573 1356 βοτανῶνηέϐλάστησεν;
3616 1279 3758 1334 Ἀλλ’

2167 1375 2268 1429 ούκ
2304 1374 2452 1446 ἔχεις
2479 1375 2816 1446 ἑρμηνεῦσαι
2842 1374 2906 1428 τὸ
2942 1370 3330 1444 γεγενημένον,
3364 1369 3502 1424 ἀλλά
3546 1368 3760 1438 λέγεις,

2168 1464 2245 1529 ὡς
2283 1464 2549 1536 ἠθέλησεν
2570 1467 2599 1520 6
2629 1465 2783 1529 Θεός.
2814 1465 2920 1519 Τὸν
2945 1463 3108 1519 αὐτὸν
3133 1459 3229 1516 οῦν
3262 1461 3466 1532 τρόπον
3518 1461 3616 1514 καὶ
3664 1459 3762 1512 ἐπὶ

2169 1553 2270 1624 τῆς
2302 1552 2610 1625 παρθένου,
2650 1551 2840 1622 ἐπειδὴ
2882 1553 3150 1621 ἀπορεῖς,
3210 1547 3350 1620 μάθε
3408 1547 3484 1618 μὴ
3528 1560 3756 1617 περιερο

2169 1640 2433 1711 γάζεσθαι
2480 1642 2611 1696 ὅταν
2649 1640 2784 1704 Θεὸς
2834 1637 3158 1711 ἐργάζηται·
3193 1636 3268 1708 μὴ
3299 1633 3478 1706 ἐρώτα
3515 1633 3584 1688 τά
3613 1632 3762 1688 κατὰ

2171 1730 2356 1800 φύσιν,
2395 1731 2524 1786 ὅταν
2562 1732 2591 1784 6
2624 1730 2726 1802 τῆς
2771 1727 2988 1798 φύσεως
3021 1725 3276 1796 τεχνίτης
3310 1722 3633 1794 ἐργάζηταυ
3681 1725 3757 1794 μὴ

2171 1821 2637 1894 πολυπραγμόνει.
2687 1814 2848 1884 Εἶπε,
2889 1814 3302 1884 Βλαστησάτω
3332 1815 3370 1883 ἡ
3403 1812 3502 1882 τῆ,
3535 1813 3631 1866 καὶ
3667 1811 3762 1864 εύ-

2172 1909 2310 1974 θέως
2341 1908 2591 1980 εἰσῆλθεν
2613 1911 2642 1962 6
2669 1907 2829 1976 λόγος
2854 1906 2932 1970 εἰς
2972 1905 3072 1968 τάς
3111 1901 3346 1972 λαγόνας
3369 1898 3470 1969 τῆς
3495 1899 3598 1969 γῆς
3618 1940 3634 1964 ,
3662 1898 3762 1952 καὶ

2169 1997 2447 2069 διήγειρεν
2471 1996 2642 2067 αὐτῆς
2664 1994 2765 2058 τάς
2794 1994 3010 2056 ὠδῖνας,
3040 1991 3136 2046 καὶ
3160 1991 3196 2061 ἡ
3228 1987 3498 2060 παρθένος
3537 1985 3756 2054 ἐγέννα.

2172 2086 2347 2156 Λόγος
2375 2081 2456 2150 εἷς
2494 2080 2565 2156 ἦν
2605 2086 2633 2138 6
2680 2080 2984 2156 προελθὼν,
3019 2081 3115 2134 καὶ
3143 2078 3312 2152 μυρία
3342 2077 3476 2147 γένη
3517 2074 3628 2130 τῶν
3664 2072 3759 2143 βο-

2171 2173 2348 2227 τανῶν
2383 2172 2704 2243 ἐϐλάστησε,
2757 2172 2852 2224 καί
2891 2171 2924 2242 ή
2977 2171 3047 2240 γῆ
3088 2167 3180 2221 τὸν
3234 2165 3365 2220 ίδιον
3409 2161 3759 2235 ἀνελάμϐανε

2173 2261 2378 2333 κόσμον
2393 2261 2481 2315 διά
2508 2259 2603 2314 τοῦ
2626 2259 2783 2329 λόγου
2805 2276 2818 2290 ·
2839 2256 2951 2312 Καὶ
2977 2252 3046 2328 ἦν
3080 2254 3207 2308 ἰδεῖν
3228 2254 3328 2326 τὴν
3357 2256 3461 2322 γῆν
3490 2268 3760 2323 κυμαινο-

2176 2345 2364 2417 μένην,
2399 2347 2466 2398 τά
2492 2342 2695 2414 πτηνά,
2733 2341 2804 2396 τά
2840 2339 3055 2413 ἔνυδρα,
3091 2338 3160 2394 τὰ
3195 2340 3446 2410 χερσαῖα,
3483 2337 3608 2398 τοὺς
3641 2334 3763 2387 λει-

2176 2435 2379 2507 μῶνας,
2407 2433 2474 2488 τά
2501 2433 2660 2505 άνθη,
2683 2432 2751 2486 τά
2779 2430 2993 2502 δένδρα,
3011 2429 3109 2502 τήν
3129 2426 3399 2499 ἄμπελον,
3423 2426 3520 2497 τὴν
3542 2422 3758 2485 ἐλαίαν,

2172 2527 2239 2577 τά
2268 2522 2436 2595 μυρία
2480 2521 2614 2592 γένη
2643 2520 2752 2574 τῶν
2781 2518 3035 2590 δένδρων,
3073 2516 3142 2570 τά
3187 2517 3377 2588 ἄωρα,
3421 2515 3490 2568 τά
3545 2512 3758 2584 ῶριμα,

2170 2613 2241 2667 τὰ
2266 2616 2324 2667 ἐν
2355 2612 2578 2676 πεδίοις,
2615 2612 2686 2664 τά
2712 2610 2861 2680 παρά
2885 2608 3183 2671 θάλασσαν,
3218 2605 3288 2660 τὰ
3334 2604 3488 2675 παρά
3530 2601 3758 2673 λίμνας,

2171 2702 2240 2755 τὰ
2285 2700 2436 2772 παρά
2488 2699 2797 2769 ποταμοὺς,
2849 2695 2918 2751 τά
2978 2694 3134 2766 παρά
3175 2693 3392 2764 πηγάς,
3429 2691 3500 2744 τά
3540 2690 3598 2743 ἐν
3641 2693 3765 2753 τοῖς

2171 2791 2342 2858 ὄρεσι.
2377 2789 2546 2858 Λόγος
2586 2781 2668 2852 εἷς
2713 2783 2780 2858 ἦν
2831 2788 2859 2840 6
2914 2782 3300 2854 ἐργαζόμενος,
3350 2780 3446 2833 καί
3492 2778 3623 2850 ήγῆ
3655 2777 3762 2847 τὴν

2172 2879 2376 2933 οἰκείαν
2407 2877 2746 2950 εὐπρέπειαν
2785 2872 3191 2943 ἀπελάμϐανεν.
3229 2867 3603 2940 Ἑρμήνευσόν
3639 2882 3760 2936 μοι,

2171 2964 2217 3024 ῶ
2255 2969 2497 3034 Ἰουδαῖε,
2537 2966 2652 3031 πῶς
2673 2966 2848 3020 τοῦτο·
2880 2963 2995 3018 ἀλλ’
3025 2963 3126 3017 οὐκ
3171 2961 3336 3032 ἔχεις.
3377 2959 3546 3030 Ὁρᾷς
3571 2955 3691 3019 πῶς
3720 2957 3763 3026 ἡ

2172 3058 2347 3130 πλάνη
2380 3057 2510 3128 παρ’
2534 3056 2734 3126 ἑαυτῆς
2755 3051 3170 3116 ύποσκελίζεται
3187 3066 3201 3113 ;
3221 3047 3464 3119 Πρόσεχε
3484 3044 3760 3116 ἀκριϐῶς.

2183 3149 2272 3212 Ὧς
2301 3146 2410 3218 γὰρ
2436 3145 2641 3214 ἔλεγον,
2658 3144 2786 3196 ὅταν
2810 3139 2979 3213 μέλλῃ
3001 3141 3030 3192 6
3045 3138 3179 3201 Θεὸς
3199 3137 3416 3190 διοικεῖν
3444 3151 3497 3186 τι
3519 3133 3775 3203 πρᾶγμα,

2171 3237 2400 3292 ἄπιστον
2445 3232 2636 3287 δοκοῦν
2677 3225 2816 3284 εἶναι
2858 3231 2972 3292 τοῖς
3003 3226 3332 3297 ἀνθρώποις,
3375 3221 3762 3294 προλαμϐάνει

2171 3325 2262 3380 τὸν
2287 3325 2458 3378 τύπον
2501 3320 2595 3375 καὶ
2623 3319 2723 3391 τὴν
2758 3318 2946 3384 σκιὰν,
2977 3319 3065 3371 ῖνα
3097 3315 3172 3388 μὴ
3224 3311 3486 3383 αἰφνίδιον
3526 3308 3768 3363 ἐλθοῦσα.

2171 3417 2204 3487 ἡ
2251 3413 2476 3487 ἀλήθεια
2525 3411 2605 3471 εἰς
2631 3408 2888 3463 ἀπιστίαν
2925 3405 3125 3468 αὐτοὺς
3163 3401 3398 3474 ἐμϐάλῃ.
3428 3399 3576 3453 Ἔδει
3623 3415 3764 3451 κατ-

2170 3504 2344 3558 ελθεῖν
2397 3502 2488 3556 τὸν
2540 3500 2668 3554 Υἱὸν
2721 3497 2818 3552 τοῦ
2867 3497 3039 3560 Θεοῦ,
3087 3495 3183 3548 καὶ
3233 3491 3495 3563 βαπτίσαι
3545 3489 3610 3542 τὸ
3645 3488 3763 3542 τῶν

2169 3592 2475 3664 ἀνθρώπων
2503 3588 2682 3658 γένος,
2718 3587 2814 3640 καὶ
2846 3585 2936 3640 τὸν
2958 3583 3187 3637 παλαιὸν
3207 3581 3493 3652 ἄνθρωπον
3522 3578 3763 3632 ἀποπνῖ-

2170 3682 2277 3749 ξαι,
2327 3681 2421 3733 καὶ
2466 3678 2558 3733 τὸν
2603 3675 2908 3730 ἀνανεῶσαι
2949 3673 3172 3726 θέλοντα
3207 3669 3307 3740 τὴν
3343 3667 3615 3740 ἁμαρτίαν
3651 3685 3760 3720 κα-

2168 3769 2513 3830 ταποντίσαι,
2545 3765 2638 3819 καὶ
2671 3764 2770 3835 τὴν
2798 3762 3050 3831 εὐλογίαν
3084 3759 3458 3826 ἐπαναγαγεῖν
3477 3797 3494 3822 ,
3529 3755 3628 3809 καὶ
3652 3755 3762 3827 τὴν

2169 3859 2416 3930 κατάραν
2439 3856 2721 3927 ἀφανίσαι,
2745 3855 2839 3908 καί
2873 3851 2978 3922 τὴν»
3004 3848 3350 3919 δικαιοσύνην
3377 3845 3713 3920 χαρίσασθαι
3740 3887 3759 3910 ,

2169 3946 2264 4000 καὶ
2294 3946 2422 4009 τοὺς
2455 3942 2776 4014 ἀνθρώπους
2804 3939 3070 4010 ἀγγέλους
3091 3937 3336 4008 ποιῆσαι·
3357 3935 3545 4007 μοιχὸν
3566 3932 3763 4004 ἔμελλε

2168 4035 2488 4108 λαμϐάνειν,
2521 4034 2620 4088 καὶ
2663 4031 2781 4086 υἰὸν
2829 4033 3026 4084 ποιεῖν·
3061 4030 3197 4098 ὅπερ
3225 4023 3320 4081 οὖν
3356 4026 3450 4079 καὶ
3495 4025 3759 4094 ἐποίησεο

2171 4123 2247 4196 μὴ
2279 4123 2408 4178 ὅντα
2433 4121 2583 4188 ἀξιον
2609 4119 2715 4190 γῆς
2748 4117 2952 4191 ἤμελλε
2979 4115 3299 4188 λαμϐάνειν,
3345 4114 3440 4168 καὶ
3471 4111 3622 4178 ἀξιον
3661 4114 3763 4167 ού-

2171 4209 2334 4282 ρανοῦ
2369 4212 2562 4263 ποιεῖν.
2625 4207 2780 4260 Ἐπεὶ
2815 4201 2908 4260 οὖν
2941 4205 3100 4261 τοῦτο
3151 4204 3293 4276 μέγα
3333 4199 3401 4274 ἦν
3452 4202 3514 4254 τὸ
3566 4201 3767 4271 θαῦμα

2169 4298 2266 4352 καὶ
2287 4297 2516 4352 ἄπιστον
2547 4298 2659 4360 τοῖς
2690 4292 2926 4358 πολλοῖς,
2967 4291 3084 4357 πῶς
3117 4294 3151 4363 ή
3183 4292 3323 4362 αὑτὴ
3346 4291 3504 4362 φύσις
3532 4289 3627 4343 τὸν
3658 4289 3766 4344 ἕνα

2167 4385 2453 4457 άνθρωπον
2482 4384 2665 4452 πνίγει
2712 4382 2807 4436 καὶ
2841 4381 3077 4443 δικαιοῖ,
3104 4380 3203 4450 τὴν
3251 4379 3768 4452 ἁμαρτίανάφανί-

2169 4473 2274 4539 ζει,
2328 4473 2421 4527 καὶ
2469 4471 2568 4539 τὴν
2599 4469 2858 4542 ἀλήθειαν
2908 4468 3207 4537 ἐπανάγει.⁸
3257 4467 3345 4522 ἵνα
3392 4464 3484 4521 οὖν
3538 4468 3618 4540 μὴ
3667 4468 3764 4522 λέ-

2167 4579 2336 4631 γωσιν
2376 4560 2639 4624 Ἰουδαῖοι,
2674 4557 2841 4630 μῦθος
2869 4555 2940 4610 τὰ
2962 4557 3070 4611 τῶν
3103 4557 3466 4628 Χριστιανῶν,
3496 4556 3618 4620 πῶς
3643 4551 3766 4612 οἷόν

2165 4670 2228 4707 τε,
2258 4651 2320 4705 τὸ
2342 4651 2473 4707 αὐτὸ
2504 4649 2647 4722 ὕδωρ
2687 4649 2778 4703 τὸν
2815 4649 2920 4719 μὲν
2949 4647 3181 4715 πνίγειν,
3218 4645 3310 4700 τὸν
3345 4645 3402 4700 δὲ
3428 4645 3766 4712 ζωοποιεῖνς

2165 4741 2224 4798 ἐν
2245 4742 2360 4797 ἐστι
2388 4738 2448 4792 τὸ
2470 4737 2636 4810 ὕδωρ,
2655 4737 2749 4791 καὶ
2776 4737 2892 4798 πῶς
2908 4734 3130 4789 δύναται
3150 4733 3243 4788 δύο
3264 4733 3544 4804 ἐνεργείας
3575 4733 3762 4804 ἔχεινς

2166 4829 2232 4882 Τί
2259 4823 2352 4882 οὖν
2384 4826 2727 4899 προδιοικεῖὸ
2747 4825 2900 4888 Θεὸς,
2919 4824 3007 4878 ἵνα
3036 4825 3068 4894 ή
3107 4821 3458 4893 ἀναισχυντία
3478 4820 3589 4876 τῶν
3619 4822 3760 4875 ἰου-

2164 4917 2328 4972 δαίων
2350 4916 2673 4987 ἐλέγχηται;
2693 4915 2758 4968 Οἱ
2785 4915 2892 4967 υἱοὶ
2920 4912 3138 4986 Ἰσραὴλ
3163 4911 3560 4969 κατεπονοῦντο
3581 4914 3643 4967 ἐν
3659 4914 3702 4966 Α
3713 4916 3760 4965 ξ.

2165 5005 2378 5076 γύπτῳ,
2407 5005 2464 5057 ἐν
2483 5005 2596 5068 τοῖς
2626 5002 2831 5074 ἔργοις,
2867 5001 2962 5055 καὶ
3094 4999 3298 5069 πλίνθῳ
3331 4999 3761 5076 προσηλωμένοι

2165 5074 2392 5157 καὶτοῖς
2435 5091 2615 5154 ἀλλοις
2652 5092 2926 5162 πονήμασι
2949 5104 2962 5119 ’
3005 5090 3099 5143 καὶ
3139 5088 3310 5142 ἐϐόων
3344 5074 3625 5152 κλαίοντες
3658 5091 3762 5142 καὶ

2167 5179 2318 5254 [747]
2354 5178 2636 5248 λέγοντες,
2683 5179 2766 5242 τίς
2803 5178 2953 5248 ἡμᾶς
2985 5175 3209 5248 ῥύσεται
3251 5176 3316 5229 ἐκ
3356 5176 3456 5245 τῆς
3502 5176 3762 5238 δουλείας

2162 5269 2272 5324 τῶν
2323 5266 2671 5338 Δίγυπτίων;
2712 5265 3071 5336 ἀπολώλαμεν
3094 5306 3109 5332 ,
3159 5262 3500 5333 ἐξολώλαμεν
3541 5265 3604 5316 ἐν
3641 5268 3761 5328 τοῖς

2163 5357 2346 5429 ἔργοις
2384 5359 2497 5420 τοῖς
2536 5357 2815 5427 πονηροῖς.
2851 5354 2916 5407 Τί
2965 5349 3093 5421 ούν;
3147 5353 3463 5424 εἰσήκουσεν
3506 5352 3692 5405 αὐτῶν
3728 5353 3760 5406 6

2163 5445 2315 5511 Θεὸς,
2345 5445 2440 5498 καὶ
2469 5444 2676 5515 πέμπει
2709 5443 2802 5496 τὸν
2834 5442 3094 5506 Μωῦσέα,
3126 5440 3371 5512 σημείοις
3400 5441 3496 5493 καί
3524 5440 3755 5512 τέρασιν

2163 5532 2322 5586 αὑτὸν
2352 5531 2600 5594 ὁπλίσας.
2629 5525 2832 5584 Ἦλθεν
2877 5533 2904 5584 6
2934 5529 3174 5600 Μωῦσῆς
3225 5529 3406 5598 φέρων
3451 5528 3551 5590 τὰς
3607 5531 3755 5583 κατα

2161 5621 2256 5673 τοῦ
2285 5619 2485 5690 Φαραὼ
2509 5619 2780 5690 τιμωρίας
2801 5637 2813 5650 ·
2844 5617 3206 5689 στρατόπεδον
3228 5617 3481 5687 πονηρῶν
3506 5617 3756 5687 ἀκρίδωδ

2161 5709 2431 5779 ἐπήγαγε,
2451 5705 2678 5778 βροῦχον
2703 5705 2978 5770 ἐκέλευσε,
3002 5706 3097 5759 καὶ
3121 5706 3451 5776 παρεγένετο
3469 5721 3483 5734 ο
3512 5705 3576 5756 τὸ
3601 5704 3756 5775 ὕδωρ

2162 5798 2239 5859 εἰς
2287 5789 2423 5866 αἷμα
2456 5793 2739 5866 μετέϐαλε,
2775 5793 3066 5863 φλυκτίδας
3107 5793 3362 5864 ἐποίησεν
3392 5793 3658 5858 ἀναζέσαι
3692 5793 3762 5843 ἐν
