4080 6198
343 301 460 378 7η
1527 317 1616 374 ne
1655 314 1881 372 nemo
1921 314 2275 372 sensum.

348 436 631 509 pmphetat
666 445 852 494 servos
881 450 1006 494 suos
1031 434 1303 506 decipiens
1327 453 1342 490 :
1369 433 1510 490 videt
1533 444 1710 489 autem
1735 434 1934 488 verita-

345 540 448 582 tem
499 527 791 582 secundum
833 527 973 582 dicta
1028 541 1122 581 sua
1173 524 1421 596 impleri:
1453 524 1575 596 quid
1625 524 1766 578 enim
1814 523 1934 578 ait?

345 615 527 673 Sedete
554 618 638 671 hic
665 634 780 671 cum
809 617 988 682 asina;
1017 633 1106 688 ego
1136 625 1302 670 autem
1331 625 1378 670 et
1407 615 1646 686 puerulus
1675 623 1932 685 pertrans-

341 707 525 760 ibimus
569 723 725 776 usque
753 707 893 770 illuc,
924 714 973 760 et
1001 691 1265 775 postquam
1289 705 1663 759 adoraverimus
1681 747 1696 770 ,
1720 712 1931 758 reverte-

343 815 454 851 mur
470 798 539 851 ad
558 813 663 853 ros.
688 797 826 852 Dixit
848 813 951 851 non
974 797 1042 852 ita
1059 797 1318 864 sentiens,
1342 812 1522 852 verum
1544 795 1735 850 accidit
1762 795 1936 866 potius

346 899 404 944 ut
432 888 663 958 dicebat,
714 905 873 960 quam
922 897 978 943 ut
1016 889 1298 944 sentiebat.
1330 888 1532 943 Pueros
1557 895 1734 943 autem
1765 887 1932 942 relin-

341 982 478 1049 quit,
533 997 601 1035 ne
647 981 727 1035 vis
779 981 851 1035 illi
907 981 1194 1044 inferatur,
1238 989 1422 1035 contra
1473 977 1566 1032 Dci
1617 978 1934 1032 sententiam

345 1081 618 1140 pugnans,
663 1086 730 1124 ne
778 1077 1022 1140 putantes
1067 1069 1230 1136 servi,
1275 1067 1428 1122 senili
1458 1066 1706 1138 qquiam
1750 1067 1936 1123 morbo

344 1163 590 1220 affectum
630 1177 838 1228 semen,
885 1163 1000 1234 ejus
1047 1161 1115 1217 ad
1153 1161 1353 1217 caedem
1398 1161 1648 1232 impetum
1685 1161 1936 1232 prohibe-

346 1261 488 1321 rent,
521 1253 886 1324 dicerentque,
909 1252 1044 1320 Quid
1072 1253 1206 1324 agis,
1236 1251 1492 1307 domine?
1517 1253 1682 1308 ﬁlium
1713 1268 1777 1308 ex
1806 1266 1936 1322 pro-

345 1345 600 1400 missione
639 1353 918 1414 acceptum
969 1343 1250 1400 immolas?
1274 1344 1525 1401 dilectum
1569 1345 1738 1411 illum,
1767 1360 1796 1398 a
1822 1344 1936 1399 Deo

345 1435 551 1500 datum,
581 1435 872 1490 senectutis
899 1443 1002 1489 tua:
1033 1436 1331 1504 nutritium,
1361 1435 1634 1500 heredem,
1659 1449 1937 1490 successo-

343 1543 457 1583 rem
501 1534 682 1592 tuum,
713 1525 858 1582 Sane
899 1525 1100 1581 ﬁlium?
1155 1526 1280 1598 quid
1325 1526 1487 1582 facias
1529 1525 1930 1582 animadverte:

344 1636 458 1676 rem
486 1620 821 1674 communica
848 1635 966 1675 cum
996 1621 1222 1691 conjuge
1254 1630 1362 1689 tua,
1391 1621 1660 1676 communi
1690 1628 1934 1692 parente,

347 1725 468 1781 quze
496 1719 576 1765 tot
599 1711 750 1765 illum
777 1710 1055 1766 doloribus
1084 1712 1241 1768 enixa
1267 1721 1384 1768 est:
1417 1727 1517 1767 nos
1547 1712 1691 1782 prius
1728 1712 1932 1783 jugula,

343 1811 399 1858 et
426 1811 609 1873 postea
641 1802 830 1859 ﬁlium.
865 1803 1060 1860 Verum
1103 1805 1317 1874 sapiens
1355 1804 1442 1859 ille
1469 1820 1634 1860 senex
1658 1803 1802 1875 ipsos
1829 1819 1934 1858 non

343 1910 526 1950 secum
572 1895 816 1961 assumit,
863 1896 953 1966 qui
996 1911 1055 1952 se
1097 1895 1382 1952 cohibituri
1424 1905 1611 1962 erant;
1653 1896 1747 1952 sed
1786 1895 1937 1964 jubet

346 1987 618 2042 victimam
645 1987 814 2057 ipsam
841 1995 1059 2059 portare
1087 1988 1225 2059 ligna
1246 2029 1261 2055 ,
1291 1999 1347 2044 ut
1377 1988 1542 2060 ﬁgura
1567 1999 1711 2044 esset
1739 1987 1938 2044 Serva-

344 2081 475 2134 toris
517 2093 730 2135 crucem
773 2082 1053 2151 gestantis.
1097 2080 1265 2152 Ligna
1309 2091 1487 2137 autem
1539 2091 1753 2152 gestans
1795 2080 1950 2160 ﬁlius

345 2171 719 2241 loquutusque,
752 2180 968 2242 paterna
993 2173 1197 2228 viscera
1225 2173 1533 2240 commovit,
1562 2173 1656 2228 sed
1695 2189 1725 2228 a
1755 2172 1936 2229 divino

345 2275 530 2316 amore
574 2270 780 2331 patrem
822 2276 928 2316 non
972 2262 1190 2318 amovit.
1238 2262 1375 2330 Quid
1422 2263 1565 2319 enim
1612 2264 1717 2318 ait?
1757 2263 1935 2318 Pater.

347 2350 558 2422 Cogites
585 2352 764 2420 velim,
795 2367 1040 2423 quaenam
1083 2363 1227 2408 esset
1253 2369 1352 2409 vox
1381 2353 1489 2422 illa,
1521 2353 1696 2408 Pater.
1723 2353 1936 2410 Etenim

345 2453 400 2500 et
428 2460 526 2500 nos
555 2444 767 2515 quando
789 2455 1021 2500 mactare
1042 2447 1286 2502 volumus
1323 2456 1416 2501 aut
1443 2462 1658 2517 agnum,
1681 2455 1771 2502 aut
1797 2445 1936 2502 aliud

343 2535 630 2605 quodpiam
681 2550 743 2590 ex
793 2536 1145 2601 animalibus,
1196 2537 1474 2606 ipsumque
1518 2536 1737 2604 balare,
1787 2545 1935 2591 tran-

345 2625 673 2696 quillamque
718 2642 904 2681 vocem
961 2628 1205 2682 emittere
1254 2627 1525 2694 videmus,
1573 2626 1937 2681 misericordia

347 2731 647 2783 movemur,
679 2717 803 2771 licet
830 2733 935 2772 non
961 2717 1294 2772 articulatam
1326 2732 1511 2772 vocem
1541 2717 1794 2787 proferat.
1827 2715 1934 2772 Co-

344 2809 480 2877 gites
506 2809 681 2879 itaque
711 2809 892 2874 velim,
918 2809 1043 2879 quid
1073 2808 1187 2864 hazc
1213 2808 1328 2864 ovis
1349 2808 1579 2875 fecisset,
1602 2808 1645 2862 si
1669 2808 1937 2863 inﬁrmum

297 2917 300 2921 ·
345 2903 649 2972 quempiam
698 2902 970 2958 hominem
1016 2903 1284 2973 alloquuta
1336 2910 1482 2957 esset
1524 2919 1537 2954 :
1596 2900 1771 2966 Pater,
1828 2917 1941 2955 ecce

345 2993 512 3062 ignem
553 3001 599 3047 et
643 2991 802 3064 ligna,
833 2993 918 3046 ubi
944 3002 1018 3048 est
1040 2994 1144 3047 ovis
1186 2993 1252 3046 ad
1289 2991 1636 3046 holocaustum
1667 2989 1817 3062 (Gen.
1841 2990 1932 3045 2‘2.

346 3086 378 3138 7
406 3086 464 3158 )?
492 3086 608 3157 ipse
650 3102 778 3141 vero
819 3085 1040 3156 loquens
1087 3093 1202 3141 erat
1243 3100 1308 3140 ex
1338 3084 1502 3154 patris
1546 3083 1805 3139 sententia
1849 3083 1937 3136 illa

344 3178 480 3242 nvis,
513 3195 629 3247 qua:
658 3177 991 3233 sacerdotem
1017 3178 1082 3233 ad
1125 3165 1644 3233 commiserationem
1669 3177 1954 3248 movebat.

342 3269 461 3324 Non
489 3271 630 3326 enim
653 3270 752 3324 sub
775 3270 1051 3339 disciplina
1080 3268 1277 3324 Christi
1304 3267 1498 3334 fuerat,
1545 3268 1635 3338 qui
1678 3267 1891 3322 diccbat
1919 3281 1933 3320 :

349 3363 449 3430 Qui
477 3371 614 3416 amat
658 3371 850 3432 patrem
891 3371 980 3415 aut
1008 3371 1240 3427 matrem,
1289 3369 1376 3414 aut
1415 3361 1580 3430 [ilium
1613 3371 1702 3412 aut
1751 3360 1934 3427 ﬁliam,

346 3460 461 3529 plus
487 3475 639 3530 quam
667 3473 761 3521 me,
793 3473 894 3511 non
920 3465 988 3511 est
1018 3473 1096 3510 me
1123 3456 1306 3526 dignus
1341 3453 1550 3526 (Matth.
1586 3453 1672 3508 10.
1702 3453 1812 3524 57).
1847 3453 1938 3507 Ille

348 3568 475 3606 vero
516 3550 819 3606 imitabatur
858 3550 1091 3614 Patrem,
1152 3548 1220 3604 de
1262 3562 1369 3618 quo
1414 3546 1612 3602 dictum
1663 3555 1745 3601 est
1787 3563 1800 3599 :
1838 3545 1939 3612 Qui

349 3645 554 3716 praprio
577 3641 715 3697 Filio
739 3659 831 3697 suo
862 3659 963 3695 non
990 3641 1232 3712 pepercit,
1283 3641 1372 3694 sed
1417 3655 1508 3706 pro
1543 3638 1685 3692 nobis
1708 3637 1938 3692 omnibus

349 3735 554 3788 trutidit
585 3733 729 3787 illum
752 3733 926 3804 (Rom.
954 3732 1008 3787 8.
1039 3732 1150 3801 52).
1175 3730 1277 3787 Ubi
1300 3739 1384 3786 est
1409 3730 1564 3785 ovis?
1595 3730 1670 3783 ait
1704 3728 1936 3798 pruden-

356 3833 433 3880 ter
464 3824 618 3878 ﬁlius.
650 3823 788 3892 Quid
832 3833 1010 3878 autem
1048 3822 1179 3877 dicit
1214 3820 1404 3892 pater?
1435 3819 1575 3874 Deus
1621 3820 1802 3874 videbit
1844 3820 1942 3874 sibi

354 3918 602 3970 cietimam
643 3917 696 3970 in
740 3917 1108 3982 holocaustum,
1139 3915 1215 3984 ﬁli
1237 3931 1256 3968 :
1283 3927 1390 3968 non
1419 3913 1792 3980 domesticum,
1842 3911 1940 3967 sed

351 4007 566 4064 Filium.
612 4009 704 4064 Ille
747 4006 1068 4079 unigenitus,
1113 4014 1167 4061 et
1204 4006 1346 4060 Deus
1384 4005 1545 4060 etiam
1586 4003 1830 4074 (Filius)
1860 4012 1942 4058 est

353 4101 656 4171 unigenitus
685 4118 699 4155 :
726 4099 816 4155 ille
854 4097 1092 4153 humeris
1139 4098 1302 4168 ligna,
1334 4104 1391 4151 et
1433 4095 1678 4150 Christus
1704 4093 1940 4150 humeris

351 4207 566 4246 crucem
594 4209 609 4246 :
639 4190 728 4246 ille
763 4204 885 4244 cum
917 4187 1049 4243 nihil
1096 4194 1388 4258 peccasset,
1418 4183 1774 4241 immolandus
1802 4191 1937 4250 erat,

352 4295 408 4339 et
429 4284 596 4339 Filius
627 4283 720 4339 Dei
747 4297 868 4338 cum
895 4281 1027 4336 nihil
1051 4288 1349 4351 peccasset,
1378 4277 1662 4334 cruciﬁxus
1692 4285 1774 4333 est
1806 4295 1819 4331 :
1853 4277 1942 4333 ille

351 4386 408 4431 et
451 4373 722 4444 jugulatus
767 4383 823 4428 et
866 4388 973 4427 non
1015 4371 1287 4442 jugulatus
1328 4379 1431 4435 est,
1468 4369 1636 4425 Filius
1679 4367 1808 4424 item
1845 4367 1941 4423 Dei

350 4465 658 4536 unigenitus
685 4473 740 4519 et
773 4477 878 4518 non
898 4463 1169 4533 jugulatus
1194 4469 1276 4518 est
1302 4470 1356 4516 et
1380 4461 1671 4531 jugulatus,
1716 4467 1768 4514 et
1794 4473 1941 4513 mor-

353 4571 476 4612 tuus
519 4564 604 4612 est
650 4563 705 4610 et
731 4571 838 4609 non
867 4562 1108 4609 mortuus
1137 4562 1220 4608 est
1253 4571 1266 4608 :
1299 4568 1419 4606 nam
1444 4561 1700 4622 quantum
1721 4551 1786 4605 ad
1823 4565 1944 4619 pro-

338 4649 608 4719 positum,
653 4657 897 4702 mortuus
937 4653 1022 4699 est
1060 4645 1180 4710 ille;
1212 4651 1466 4714 quantum
1510 4657 1639 4696 vero
1677 4640 1742 4696 ad
1766 4655 1941 4695 rerum

350 4740 579 4807 exitum,
621 4756 726 4794 non
774 4748 858 4792 est
905 4747 1184 4792 mortuus:
1238 4735 1404 4790 Filius
1457 4748 1588 4789 vero
1643 4734 1735 4788 Dei
1783 4748 1945 4789 carne

354 4852 386 4886 ιι
411 4843 601 4887 ortuus
624 4839 727 4897 est,
758 4830 852 4885 sed
875 4829 1128 4884 divinitas
1156 4827 1495 4898 impassibilis
1523 4827 1736 4881 mansit.

425 4925 481 4980 5.
501 4923 637 4978 Deus
655 4939 862 4994 magnas
881 4937 958 4976 res
980 4937 1066 4990 per
1082 4922 1284 4973 umbras
1306 4916 1948 4988 praesignavit.—Scmpcr

355 5019 500 5073 enim
534 5017 672 5071 Deus
696 5056 711 5081 ,
743 5030 862 5070 cum
895 5029 1139 5084 magnam
1170 5010 1473 5082 quampiam
1515 5025 1626 5065 rem
1666 5011 1945 5078 dispensa-

355 5118 508 5164 turus
529 5117 612 5164 est
639 5105 777 5176 apud
807 5106 1048 5160 homines
1072 5145 1087 5170 ,
1129 5118 1247 5159 eam
1289 5103 1543 5172 pnevenit
1568 5145 1582 5168 ,
1615 5111 1670 5157 et
1703 5101 1944 5156 umbram

357 5203 479 5270 ejus
508 5201 652 5270 prius
688 5197 964 5268 depingit,
1008 5205 1066 5250 ut
1097 5211 1216 5250 cum
1258 5194 1452 5248 veritas
1487 5193 1799 5254 adveniret.
1847 5192 1945 5261 ipsi

357 5294 518 5348 [idem
551 5307 653 5346 non
686 5299 976 5360 negarent;
1025 5298 1083 5343 ut
1119 5303 1240 5342 cum
1280 5286 1454 5357 imago
1489 5287 1848 5357 prmcessisset
1872 5327 1885 5352 ,
1916 5301 1946 5340 a

353 5382 628 5439 credendo
667 5382 877 5436 veritati
918 5395 1023 5434 non
1083 5377 1408 5434 recederent.
1457 5377 1697 5446 Exempli
1745 5391 1943 5442 causa,

355 5475 693 5532 sanctissima
720 5473 882 5543 Virgo
913 5472 1145 5543 paritura
1170 5478 1285 5526 erat
1307 5511 1322 5537 ,
1355 5484 1545 5540 resque
1585 5468 1673 5523 illa
1715 5468 1947 5524 incredi-

357 5567 481 5621 bilis
521 5564 837 5623 videbatur:
886 5578 1009 5618 nam
1053 5561 1322 5634 quomodo
1362 5563 1512 5632 virgo
1555 5575 1743 5632 parere
1784 5561 1951 5630 possit

356 5666 556 5726 prmter
582 5665 783 5710 natura:
802 5655 973 5725 legem
995 5655 1018 5707 ?
1042 5654 1120 5709 sic
1153 5654 1295 5709 enim
1329 5652 1538 5724 genitus
1570 5660 1765 5723 printer
1799 5653 1949 5708 ordi-

357 5763 484 5804 nem
512 5759 714 5804 natura:
750 5747 1002 5818 prodiret.
1043 5747 1169 5816 Quis
1215 5762 1242 5801 a
1288 5746 1482 5802 διεοιιιο
1521 5744 1650 5802 vidit
1693 5744 1949 5816 virginem

3525 319 3556 374 τ
3571 299 3634 377 η’

2043 434 2334 502 parientem
2359 433 2382 488 ?
2406 434 2482 489 Ne
2509 434 2684 504 itaque
2709 434 2878 490 Judzei
2909 434 2959 489 in
2999 449 3242 506 magnam
3286 437 3595 492 incrednltn
3616 468 3630 478 -

2045 533 2150 579 tem
2182 526 2426 592 abirent,
2460 525 2713 597 praevenit
2744 525 2881 582 Deus
2907 535 2962 582 et
2985 527 3265 582 adumbrat
3293 529 3344 582 in
3373 528 3502 583 Sara
3531 545 3627 584 ve-

2043 615 2251 671 ritatem
2276 658 2291 683 ,
2316 626 2373 671 ut
2393 633 2513 672 cum
2532 617 2879 688 quaestionem
2901 626 3175 673 moverent
3194 617 3462 688 quomodo
3485 619 3630 689 virgo

2040 707 2321 776 genuerit,
2358 710 2614 765 memoria
2639 719 2941 780 repetentes
2972 710 3145 780 potius
3168 711 3407 766 dicerent
3429 753 3444 779 ,
3482 711 3629 779 Quo-

2041 800 2202 856 modo
2227 801 2356 856 Sara
2385 802 2607 872 genuit?
2635 803 2742 858 imo
2767 803 2925 858 etiam
2962 804 3134 874 magis
3172 805 3275 859 hoc
3310 803 3587 859 ratiocinio
3609 845 3622 867 ,

2043 891 2320 957 Quomodo
2354 901 2491 948 terra
2517 934 2532 959 ,
2564 893 2712 963 virgo
2740 908 2860 948 cum
2889 902 3068 961 esset,
3100 893 3323 965 genuit?
3353 894 3482 965 Ligo
3524 906 3630 950 non

2041 991 2156 1038 erat
2178 1025 2194 1052 ,
2222 985 2450 1054 agricola
2480 1027 2494 1054 ,
2519 986 2608 1057 qui
2633 985 2833 1041 coleret
2861 1002 2978 1043 eam
3005 1028 3020 1053 ,
3053 1001 3160 1041 non
3198 987 3420 1054 aderat,
3454 985 3629 1057 pluma

2043 1087 2148 1126 non
2174 1072 2445 1128 deciderat
2469 1117 2483 1140 ,
2519 1075 2683 1130 herba
2710 1077 2761 1129 in
2791 1075 2878 1130 illa
2907 1092 3013 1130 non
3040 1077 3385 1146 pullulaverat
3410 1120 3424 1144 ,
3452 1078 3630 1132 sulcus

2043 1163 2093 1217 in
2122 1179 2184 1219 ea
2212 1165 2389 1220 nullus
2408 1207 2423 1231 ,
2456 1165 2600 1222 arida
2627 1177 2742 1221 erat
2765 1208 2779 1231 ,
2812 1182 2995 1222 semen
3024 1183 3128 1222 non
3159 1178 3497 1238 susceperat,
3539 1183 3631 1224 res

2041 1267 2159 1307 eam
2190 1253 2364 1309 laetam
2395 1271 2500 1309 non
2531 1255 2746 1310 fecerat.
2792 1257 2884 1311 Dic
2926 1256 3083 1328 igitur
3126 1257 3253 1311 mihi
3276 1297 3291 1322 ,
3325 1258 3591 1328 quomodo
3613 1301 3627 1324 ,

2040 1343 2190 1414 virgo
2210 1360 2329 1399 cum
2351 1354 2530 1413 esset,
2555 1345 2831 1401 innumera
2870 1346 3154 1401 herbarum
3181 1362 3379 1417 genera
3416 1349 3632 1403 emisit?

2041 1437 2111 1491 At
2152 1451 2256 1492 non
2305 1448 2454 1508 potes
2498 1455 2612 1494 rem
2653 1440 2959 1510 explicare,
2997 1440 3091 1496 sed
3135 1442 3310 1507 dicis,
3357 1442 3426 1498 Ut
3468 1443 3634 1498 voluit

2048 1527 2206 1584 Deus.
2235 1531 2434 1587 Eodem
2465 1533 2621 1602 igitur
2649 1533 2805 1588 modo
2830 1542 2881 1588 et
2907 1534 2972 1589 de
2998 1534 3213 1606 Virgine
3236 1577 3251 1602 ,
3278 1550 3399 1590 cum
3425 1535 3634 1592 dubita-

2043 1621 2116 1675 tio
2144 1621 2322 1685 subit,
2363 1623 2510 1679 disce
2537 1640 2640 1678 non
2668 1625 2877 1680 curiose
2908 1626 3278 1696 inquirendum
3307 1644 3426 1684 esse
3453 1671 3468 1696 ,
3509 1646 3630 1689 cum

2043 1708 2184 1765 Deus
2224 1720 2519 1780 operatur:
2565 1729 2634 1768 ne
2671 1730 2882 1786 quarras
2913 1730 2978 1768 an
3018 1715 3308 1770 secundent
3348 1728 3623 1786 naturam,

2042 1799 2252 1870 quando
2282 1810 2483 1857 natura:
2508 1803 2672 1872 ipsius
2697 1785 2886 1859 artifex
2907 1814 3157 1873 operatur
3179 1823 3193 1872 ;
3219 1823 3284 1861 ne
3308 1785 3627 1877 quaestiones

2045 1892 2239 1946 multas
2266 1907 2505 1948 moveas.
2539 1894 2711 1963 Dixit,
2741 1893 2994 1949 Germinet
3019 1905 3152 1950 terra
3192 1895 3366 1968 (Gen.
3410 1899 3460 1953 l.
3496 1899 3555 1954 11
3589 1900 3628 1970 ),

2042 1989 2096 2036 et
2122 1982 2300 2036 statim
2330 1982 2384 2037 in
2415 1991 2571 2038 terra:
2597 1983 2799 2039 viscera
2828 1998 3006 2040 sermo
3036 1986 3305 2056 ingressus
3335 1995 3418 2043 cst
3440 2028 3456 2053 ,
3489 1997 3540 2043 ct
3567 1990 3633 2043 ad

2044 2081 2250 2141 partum
2297 2073 2463 2144 ipsam
2508 2075 2757 2130 excitavit
2796 2093 2810 2130 :
2855 2076 3109 2148 virgoque
3150 2079 3352 2149 genuit.
3401 2079 3633 2136 Verbum

2042 2173 2156 2218 erat
2183 2180 2343 2235 unum
2369 2207 2384 2230 ,
2411 2166 2551 2236 quod
2578 2167 2932 2237 procedebat,
2961 2181 3015 2224 et
3039 2170 3318 2225 innumera
3347 2170 3632 2227 herbarum

2042 2271 2238 2326 genera
2268 2257 2528 2327 pullulare
2555 2259 2677 2316 fecit
2699 2302 2713 2325 ,
2747 2269 2799 2316 et
2827 2276 2922 2331 per
2945 2263 3162 2317 verbum
3193 2272 3329 2320 terra
3362 2264 3632 2335 prOprium

2043 2350 2331 2420 assumpsit
2355 2361 2622 2406 ornatum.
2648 2351 2948 2424 Videreque
2969 2364 3083 2409 erat
3114 2364 3309 2410 terram
3340 2365 3487 2412 motu
3516 2357 3599 2427 agi
3617 2387 3634 2396 -

2045 2449 2204 2496 tatam
2231 2484 2246 2510 ,
2276 2445 2519 2499 volucres
2545 2459 2736 2516 nempe
2759 2487 2775 2514 ,
2803 2448 3051 2518 aquatilia
3077 2490 3092 2515 ,
3123 2449 3394 2503 terrestria
3424 2450 3632 2503 anima-

2043 2533 2112 2588 lia
2137 2575 2152 2599 ,
2182 2542 2330 2602 prata
2353 2575 2367 2600 ,
2390 2534 2549 2590 ﬂores
2570 2577 2585 2600 ,
2611 2535 2831 2591 arbores
2853 2578 2868 2604 ,
2899 2537 3058 2592 vitem
3078 2579 3093 2602 ,
3119 2538 3310 2592 olivam
3341 2580 3357 2606 ,
3389 2549 3632 2594 sexcenta

2044 2624 2292 2680 arborum
2337 2641 2534 2698 genera
2560 2669 2574 2694 ,
2623 2643 2928 2697 pra‘coces,
2979 2643 3182 2700 suoque
3228 2639 3469 2700 tempore
3513 2646 3637 2701 pro-

2044 2716 2268 2773 deuntes
2293 2717 2493 2775 fructus
2522 2737 2535 2773 :
2569 2736 2687 2790 quae
2719 2721 2770 2774 in
2805 2722 3020 2789 planitie
3043 2763 3058 2785 ,
3091 2737 3208 2792 quae
3247 2722 3315 2776 ad
3351 2737 3496 2778 mare
3521 2766 3535 2788 ,
3568 2725 3634 2777 ad

2045 2807 2190 2862 lacus
2216 2851 2231 2876 ,
2282 2809 2349 2864 ad
2393 2810 2647 2877 flumina,
2698 2811 2765 2865 ad
2809 2811 3019 2878 fontes,
3069 2827 3188 2882 qua}
3239 2812 3292 2867 in
3337 2813 3632 2870 montibus.

2047 2896 2195 2954 Unus
2222 2909 2340 2954 erat
2364 2917 2542 2956 sermo
2570 2916 2798 2973 Operans
2826 2945 2841 2970 ,
2883 2913 2937 2958 et
2964 2913 3103 2959 terra
3131 2921 3285 2959 suum
3311 2907 3635 2976 assequeba-

2046 2999 2132 3046 tur
2159 2991 2430 3048 decorem.
2464 2993 2816 3063 Interpretare
2837 2994 2962 3048 mihi
2985 3035 3001 3062 ,
3033 2995 3247 3061 Judme,
3281 2996 3335 3050 id
3363 2998 3631 3066 quomodo

2045 3081 2238 3136 factum
2265 3083 2334 3138 sit
2364 3100 2376 3138 :
2407 3093 2460 3138 at
2487 3101 2591 3139 non
2619 3095 2787 3154 potes.
2822 3086 3003 3141 Viden‘
3026 3087 3294 3158 quomodo
3313 3104 3464 3145 error
3493 3105 3523 3143 a
3549 3106 3635 3146 se-

2047 3173 2273 3242 metipso
2307 3175 2719 3244 supplantetur?
2762 3177 2989 3232 Attende
3026 3178 3326 3250 diligenter.
3366 3181 3634 3248 Quemad-

2045 3266 2260 3320 modum
2281 3267 2422 3340 enim
2450 3269 2561 3323 dixi
2585 3310 2602 3337 ,
2627 3269 2838 3340 quando
2859 3271 2969 3324 vult
2991 3271 3128 3327 Deus
3152 3287 3264 3327 rem
3287 3271 3596 3342 dispensare
3617 3317 3635 3344 ,

2046 3374 2162 3429 qua:
2193 3359 2516 3415 incredibilis
2545 3361 2848 3418 hominibus
2879 3363 3118 3418 videatur
3141 3406 3156 3431 ,
3187 3367 3459 3435 praemittit
3490 3366 3624 3438 ﬁgu-

2045 3466 2159 3506 ram
2187 3461 2240 3506 et
2271 3453 2510 3508 umbram
2533 3496 2548 3520 ,
2585 3461 2640 3509 ut
2669 3471 2736 3510 ne
2780 3456 2974 3510 veritas
3002 3457 3291 3526 derepente
3317 3457 3535 3514 veniens
3575 3460 3627 3514 in

2047 3543 2472 3600 incredulitatem
2501 3546 2645 3616 ipsos
2667 3546 2942 3618 conjiciat.
2962 3547 3106 3618 Opus
3126 3556 3242 3602 erat
3267 3556 3324 3602 ut
3348 3547 3512 3604 Filius
3541 3550 3631 3605 Dei

2047 3635 2290 3699 veniret,
2359 3635 2740 3708 hominumque
2791 3653 2958 3708 genus
3024 3639 3358 3707 baptizarct,
3403 3647 3636 3694 veterem

2048 3722 2316 3778 hominem
2348 3737 2668 3792 renovaret,
2698 3736 2754 3783 et
2791 3742 2912 3781 eum
2951 3727 3037 3797 qui
3077 3736 3349 3797 peccatum
3379 3743 3638 3784 renovare

2049 3815 2257 3869 volebat
2285 3814 2619 3887 demergeret
2639 3859 2654 3882 ,
2687 3816 3112 3873 benedictionem
3132 3817 3404 3874 induceret
3425 3857 3448 3887 ,
3475 3819 3640 3874 male-

2049 3906 2333 3962 dictionem
2362 3907 2563 3962 deleret
2589 3949 2602 3972 ,
2622 3908 2880 3979 justitiam
2909 3909 3190 3980 largiretur
3212 3953 3228 3978 ,
3259 3909 3502 3966 homines
3540 3927 3636 3964 an-

2047 3999 2194 4070 gelos
2221 4000 2456 4056 faceret:
2489 3999 2789 4056 adulterum
2818 4009 3132 4072 accepturus
3169 4010 3223 4058 et
3266 4001 3429 4057 ﬁlium
3468 4001 3635 4057 factu-

2051 4106 2142 4146 rus
2167 4101 2320 4157 erat;
2353 4092 2492 4162 quod
2520 4093 2680 4148 etiam
2706 4092 2883 4149 eﬁ'ecit
2913 4111 2925 4148 :
2955 4109 3075 4149 eum
3112 4094 3202 4165 qui
3245 4109 3312 4150 ne
3339 4102 3479 4148 terra
3520 4096 3636 4164 qui-

2051 4181 2175 4238 dem
2205 4182 2397 4253 dignus
2421 4191 2566 4250 erat,
2599 4194 2913 4254 accepturus
2939 4227 2954 4250 ,
2979 4192 3034 4240 et
3061 4185 3193 4241 cazlo
3219 4185 3436 4256 dignum
3466 4183 3633 4240 factu-

2051 4288 2144 4329 rus
2170 4283 2303 4328 erat.
2332 4273 2593 4341 Quoniam
2621 4274 2781 4346 igitur
2810 4276 2913 4330 hoc
2956 4292 3202 4348 magnum
3239 4278 3554 4333 miraculum
3582 4289 3638 4334 et

2053 4365 2364 4422 incredibile
2391 4367 2572 4422 multis
2601 4377 2754 4435 erat,
2784 4368 3052 4439 quomodo
3078 4369 3264 4425 eadem
3295 4369 3406 4440 ipsa
3451 4378 3636 4424 natura

2053 4475 2216 4515 unum
2246 4459 2515 4515 hominem
2547 4461 2801 4530 praefocet
2827 4470 2880 4515 et
2901 4459 3158 4530 justiﬁcet
3178 4503 3193 4528 ,
3237 4472 3509 4532 peccatum
3543 4461 3641 4515 de-

2056 4551 2164 4606 leat
2187 4593 2202 4616 ,
2234 4560 2288 4606 et
2318 4552 2593 4606 veritatem
2622 4552 2840 4606 reducat
2865 4569 2879 4618 ;
2911 4567 2978 4607 ne
2999 4552 3237 4607 dicerent
3263 4551 3429 4607 Judaei
3456 4595 3469 4617 ,
3501 4551 3640 4606 dicta

2055 4640 2479 4696 Christianorum
2513 4657 2632 4698 esse
2676 4643 2945 4698 fabulam:
2978 4658 3099 4698 nam
3128 4643 3215 4713 qui
3263 4643 3378 4698 ﬁeri
3423 4651 3639 4713 potest,

2055 4744 2114 4790 ut
2160 4735 2348 4791 eadem
2395 4735 2508 4805 ipsa
2545 4751 2678 4806 aqua
2723 4735 2940 4790 suffocet
2990 4747 3044 4791 et
3088 4734 3362 4790 vit-ilicet?
3408 4750 3510 4790 una
3558 4745 3640 4791 est

2059 4844 2197 4899 aqua
2222 4869 2237 4894 ,
2263 4839 2314 4883 et
2344 4829 2611 4899 quomodo
2639 4830 2806 4898 possit
2841 4829 2974 4884 duas
3019 4827 3355 4899 operationes
3401 4829 3643 4885 habere?

2055 4919 2191 4990 Quid
2219 4920 2376 4990 igitur
2404 4920 2676 4990 dispensat
2702 4921 2842 4975 Deus
2868 4961 2883 4986 ,
2911 4930 2970 4975 ut
3005 4920 3308 4976 JtldtBOI‘tlltl
3357 4921 3640 4993 impuden-

2060 5014 2129 5068 tia
2155 5015 2514 5082 coarguatur?
2555 5011 2669 5066 Filii
2702 5012 2860 5067 lsracl
2887 5012 3257 5082 afﬂigebanlur
3287 5013 3341 5068 in
3367 5012 3603 5087 [Egypto
3624 5057 3639 5080 ,

2059 5104 2111 5158 in
2164 5103 2472 5168 laboribus,
2525 5111 2581 5158 et
2626 5103 2877 5174 operibus
2921 5103 3162 5160 lateritiis
3203 5104 3346 5160 afﬁxi
3379 5122 3390 5158 :
3422 5117 3475 5161 et
3520 5122 3640 5160 cum

2063 5193 2186 5249 ﬁetu
2212 5194 2510 5248 clamabant
2536 5193 2772 5249 dicentes
2801 5211 2814 5248 :
2843 5193 2972 5262 Quis
2999 5211 3096 5250 nos
3127 5195 3370 5249 liberabit
3407 5210 3439 5248 a
3477 5195 3646 5249 servi-

2060 5296 2171 5342 tute
2198 5285 2612 5360 Afgyptiorum?
2639 5286 2924 5357 periimus,
2957 5287 3146 5356 perditi
3173 5299 3356 5340 sumus
3386 5285 3438 5339 in
3467 5286 3642 5354 operi.

2060 5379 2160 5435 bus
2186 5378 2358 5433 malis.
2380 5377 2516 5447 Quid
2544 5378 2745 5449 igitur?
2766 5377 3036 5434 exaudivit
3056 5378 3174 5431 illos
3201 5377 3338 5430 Deus
3357 5417 3372 5442 ,
3395 5376 3645 5446 misitque

2062 5469 2297 5541 Moysem
2341 5469 2508 5541 signis
2541 5478 2594 5524 et
2627 5468 2880 5540 prodigiis
2907 5476 3193 5523 armatum.
3239 5465 3399 5521 Venit
3437 5466 3652 5539 Moyses

2061 5561 2240 5618 ferens
2265 5561 2523 5632 supplicia
2547 5571 2733 5616 contra
2761 5561 3089 5616 Pharaonem
3115 5600 3129 5625 ,
3177 5574 3455 5630 pravarum
3499 5559 3648 5616 locu-

2062 5663 2263 5711 starum
2289 5655 2579 5711 exercitum
2610 5653 2816 5709 induxit
2846 5669 2858 5705 :
2893 5650 3095 5708 brucho
3125 5652 3404 5725 imperavit
3429 5693 3444 5717 ,
3472 5663 3528 5708 et
3567 5651 3653 5707 ille

2062 5747 2204 5803 venit
2231 5765 2244 5804 :
2274 5762 2466 5816 aquam
2508 5747 2560 5802 in
2599 5745 2912 5817 sanguinem
2943 5745 3165 5802 mutavit
3191 5789 3206 5816 ,
3233 5743 3470 5817 pustulas
3497 5740 3656 5799 ebuL
