4080 6198
423 302 532 359 ’243

424 415 522 468 lirc
551 411 674 467 fecit
702 410 756 466 in
782 410 1085 466 hominibus
1109 417 1162 463 et
1197 409 1250 462 in
1287 406 1559 476 jmncntis.
1590 404 1794 460 Deinde
1823 445 1839 472 ,
1885 416 2008 457 cum

425 512 548 575 post
575 511 748 557 tantas
772 502 952 572 plagas
973 501 1180 556 Pharao
1210 513 1316 553 non
1345 496 1559 553 cederet
1583 537 1598 564 ,
1626 495 1840 550 demum
1868 494 2010 550 Deus

424 575 653 649 mortem
682 591 1151 663 primogenitorum
1181 588 1415 642 immittit
1451 605 1464 640 :
1495 586 1639 652 inde,
1674 594 1730 640 ut
1752 599 2008 656 compen-

421 684 512 738 dio
536 683 746 749 dicam,
787 696 855 737 ne
900 682 984 735 his
1023 679 1223 735 diutius
1262 679 1554 733 immorans
1593 677 1854 747 promissa
1901 691 2009 730 non

423 777 720 848 eompleam
751 771 992 845 :egressi
1029 759 1154 828 sunt
1191 787 1256 827 ex
1284 780 1423 826 terra
1451 767 1668 841 Egypti
1693 812 1708 838 ,
1749 777 1802 824 et
1846 783 2010 823 vene-

424 875 549 921 runt
573 865 639 921 ad
664 879 812 919 oram
839 862 1023 917 maris.
1055 861 1366 917 Exercitum
1396 870 1514 931 post
1541 860 1660 915 illos
1687 859 1840 914 duxit
1867 858 2008 914 Pha-

421 972 515 1010 rao
539 971 658 1012 cum
687 953 1020 1010 multitudine
1044 968 1295 1008 curruum
1327 962 1377 1008 et
1403 966 1663 1022 equorum
1695 968 1708 1004 :
1749 959 1810 1004 ιιι
1839 949 2008 1005 aciem

423 1049 556 1103 vidit
587 1047 786 1114 Israel,
822 1047 1014 1101 timore
1056 1053 1335 1114 correptus
1373 1051 1477 1100 est.
1521 1042 1793 1097 Venerunt
1830 1049 2007 1094 autem

417 1139 484 1194 nd
516 1140 643 1194 litus
670 1138 834 1193 maris
863 1154 876 1191 :
906 1137 1144 1206 dixitque
1177 1137 1316 1190 Deus
1339 1135 1503 1207 Moysi
1529 1153 1542 1189 :
1573 1133 1708 1200 Quid
1728 1137 1916 1188 clamas
1941 1135 2009 1188 ad

419 1248 496 1285 me
527 1229 739 1302 (Exod.
773 1231 860 1285 14.
893 1229 961 1284 15
989 1228 1044 1300 )?
1070 1229 1214 1298 atqui
1241 1227 1372 1283 nihil
1398 1228 1609 1282 dicebat
1637 1227 1867 1299 Moyses.
1896 1226 2004 1283 Sed

417 1323 551 1378 dixit
577 1323 650 1378 illi
676 1365 692 1388 ,
726 1313 870 1379 Deus
897 1337 1013 1377 sum
1039 1363 1055 1390 ,
1085 1322 1174 1392 qui
1211 1335 1315 1376 non
1347 1336 1409 1374 ea
1439 1320 1613 1375 solum
1636 1305 1658 1387 ,i
1694 1335 1813 1390 qua:
1848 1318 2004 1375 labiis

421 1414 799 1484 proferuntur,
839 1413 1036 1480 audio,
1090 1411 1185 1467 sed
1234 1411 1394 1466 etiam
1442 1427 1544 1476 ea,
1590 1426 1710 1482 qua:
1751 1411 1806 1465 in
1844 1410 2006 1466 corde

417 1514 580 1571 sunt,
609 1519 876 1576 cognosco
901 1545 916 1571 ,
951 1513 1010 1557 ut
1039 1503 1215 1558 discas
1241 1542 1256 1568 ,
1297 1517 1403 1556 non
1447 1499 1501 1556 in
1539 1502 1773 1557 clamore
1809 1501 2008 1556 cratim

416 1611 539 1652 nem
567 1638 581 1662 ,
611 1595 704 1652 sed
748 1596 803 1650 in
836 1595 1017 1650 animo
1043 1594 1234 1649 emitti.
1273 1593 1408 1661 Quid
1438 1593 1626 1646 clamas
1652 1593 1720 1646 ad
1757 1591 1875 1646 me?
1903 1591 2002 1646 La-

417 1687 519 1744 biis
549 1686 764 1758 quidem
804 1685 916 1742 suis
953 1684 1083 1740 nihil
1114 1684 1425 1754 loquebatur
1448 1726 1463 1752 ,
1493 1683 1587 1739 sed
1616 1683 1778 1739 corde
1804 1683 2003 1738 clama-

414 1781 507 1836 bat
536 1798 549 1836 :
595 1780 766 1834 oratio
807 1779 1002 1850 quippe
1044 1777 1332 1849 requiritur
1368 1793 1435 1833 ex
1477 1777 1654 1832 animo
1684 1776 1824 1832 bono
1849 1818 1864 1844 ,
1895 1793 2000 1832 non

415 1888 481 1927 ex
512 1871 745 1926 clamore
775 1885 985 1941 magno.
1015 1869 1151 1936 Quid
1171 1869 1361 1924 clamas
1391 1869 1458 1922 ad
1483 1869 1605 1924 me?
1629 1868 1870 1925 Extende
1893 1869 2002 1924 vir-

413 1979 534 2036 gam
561 2006 577 2032 ,
608 1979 765 2033 quam
793 1977 956 2017 manu
982 1972 1158 2033 gestas
1186 2003 1200 2030 ,
1227 1977 1387 2031 super
1415 1976 1560 2016 mare
1583 2004 1598 2028 ,
1646 1971 1700 2016 et
1740 1961 2000 2031 pertransi

417 2069 472 2112 tu
503 2067 556 2112 et
585 2071 772 2111 omnes
798 2056 889 2110 lilii
913 2055 1093 2111 Israel.
1119 2054 1371 2110 Extendit
1392 2069 1520 2110 vero
1544 2054 1748 2126 Moyses
1774 2053 1997 2124 virgam,

415 2163 572 2218 quam
601 2162 758 2201 manu
789 2147 1064 2218 gestabat,
1087 2155 1142 2202 et
1163 2133 1421 2216 percussit
1448 2161 1594 2201 mare
1617 2148 1636 2216 (
1662 2145 1742 2199 Ib.
1767 2162 1814 2201 υ.
1845 2145 1953 2219 16)
1981 2163 1996 2202 :

413 2251 520 2295 tum
552 2241 936 2311 incompositus
974 2255 1229 2311 aquarum
1271 2240 1496 2310 impetus
1540 2240 1835 2294 exsiccatus
1871 2247 1953 2294 est
1979 2282 1995 2309 ,

409 2344 465 2388 et
492 2334 721 2404 propriae
751 2333 947 2388 oblitus
975 2341 1058 2388 est
1103 2341 1325 2386 natnrze.
1355 2320 1486 2386 Tale
1525 2332 1719 2402 quippe
1756 2340 1838 2386 est
1885 2332 1996 2387 ele-

413 2433 648 2479 mentum
677 2440 694 2478 :
721 2439 840 2479 cum
871 2423 965 2478 Dei
994 2431 1153 2477 nutus
1179 2422 1383 2477 accedit
1407 2463 1421 2487 ,
1472 2424 1698 2492 propriae
1732 2421 1996 2476 oblivisci-

408 2523 494 2568 tur
513 2523 714 2568 natura:
734 2553 752 2580 ,
775 2521 830 2569 et
851 2513 1115 2584 propriam
1139 2513 1370 2569 refrenat
1393 2514 1778 2583 operationem.
1801 2511 1998 2581 Quem-

412 2595 866 2660 admodumhcnim
899 2604 1087 2658 ancilla
1119 2603 1256 2659 bene
1282 2603 1469 2658 affecta
1494 2644 1509 2668 ,
1534 2593 1681 2659 mare
1707 2645 1722 2669 ,
1749 2605 1834 2658 ubi
1867 2604 1998 2659 vidit

413 2696 621 2752 Domini
642 2695 722 2752 sui
751 2695 1005 2750 famulum
1027 2737 1042 2760 ,
1065 2694 1456 2764 obtemperavit
1481 2703 1534 2749 et
1556 2694 1790 2748 obcdivit
1819 2713 1830 2747 :
1865 2695 1995 2750 obe-

340 2774 341 2777 Ὶ
409 2789 540 2845 divit
577 2799 792 2853 autem,
837 2803 941 2842 non
985 2787 1181 2857 lignum
1223 2786 1429 2840 aridum
1475 2787 1736 2851 reverita,
1784 2786 1878 2842 sed
1924 2787 1994 2842 ob

413 2879 559 2933 illum
582 2879 669 2949 qui
697 2879 749 2932 in
772 2878 916 2948 ligno
938 2876 1325 2948 crucifigendus
1347 2886 1480 2931 erat.
1516 2877 1656 2932 Vidit
1684 2877 1839 2948 igitur
1866 2879 1998 2933 ima-

410 2971 624 3040 ginem,
676 2977 730 3023 et
774 2962 952 3022 statim
982 2967 1247 3022 intellexit
1290 2967 1610 3033 veritatem,
1654 2975 1709 3023 et
1752 2970 1992 3024 recessit.

413 3061 681 3116 Pertransi
710 3071 784 3128 tu,
808 3051 994 3132 inquit,
1014 3068 1066 3114 et
1086 3061 1258 3115 omnis
1277 3061 1502 3130 populus
1521 3059 1702 3115 Israel.
1726 3062 1850 3117 Inde
1871 3079 1993 3133 pcr-

409 3151 652 3206 transivit
670 3151 780 3220 ipse
806 3163 860 3206 et
878 3151 1050 3206 omnis
1081 3151 1305 3222 populus
1324 3151 1483 3206 Israel
1526 3169 1540 3207 :
1579 3155 1785 3222 sequuti
1816 3164 1992 3209 autem

412 3253 535 3298 sunt
565 3253 618 3297 et
647 3243 880 3314 )Egyptii
913 3253 1292 3314 persequentes
1323 3245 1480 3310 illos;
1522 3261 1710 3315 nempe
1745 3247 1951 3303 Pharao
1971 3289 1987 3314 ,

409 3345 463 3390 et
489 3352 677 3391 currus
703 3335 820 3406 ejus
850 3345 903 3392 et
929 3336 1154 3406 equites.
1183 3336 1386 3391 Deinde
1414 3345 1694 3407 postquam
1717 3337 1807 3393 lilii
1830 3338 1992 3395 Israel

413 3430 835 3497 pertransierant
872 3470 888 3495 ,
917 3429 1221 3498 supervenit
1257 3443 1391 3499 aqua
1418 3468 1432 3492 ,
1482 3438 1536 3484 et
1580 3431 1788 3500 operuit
1829 3431 1993 3504 Egy-

411 3519 565 3588 ptios.
601 3519 690 3574 Dic
719 3520 846 3574 mihi
875 3521 1051 3590 itaque
1075 3561 1088 3584 ,
1121 3520 1302 3576 Judzee
1326 3563 1339 3587 ,
1364 3521 1632 3590 quomodo
1653 3537 1788 3592 aqua
1817 3523 1989 3594 bapti-

411 3611 594 3665 smatis
626 3611 755 3666 duas
786 3611 946 3666 habet
973 3613 1308 3681 operationes
1331 3653 1344 3678 ,
1379 3611 1447 3666 ita
1476 3621 1531 3666 ut
1551 3613 1710 3667 alium
1733 3613 1988 3682 sull'ocet,

410 3701 572 3755 alium
601 3697 872 3756 viviﬁcet?
899 3700 982 3755 die
1008 3701 1136 3756 mihi
1161 3743 1175 3766 ,
1207 3701 1474 3771 quomodo
1508 3717 1654 3757 mare
1688 3703 1815 3758 illud
1840 3745 1856 3771 ,
1898 3721 1992 3760 na-

412 3801 524 3846 tura
556 3808 649 3846 sua
679 3809 880 3858 unum,
923 3793 1056 3847 alios
1093 3793 1305 3864 quidem
1351 3793 1499 3848 vivos
1547 3795 1816 3862 servavit,
1857 3797 1992 3852 alios

411 3893 584 3938 autent
616 3884 880 3955 perdidit;
905 3884 1038 3939 alios
1061 3883 1273 3954 quidem
1303 3883 1604 3954 prmfocavit
1627 3927 1640 3950 ,
1672 3887 1788 3940 aliis
1812 3897 1989 3943 autem

412 3978 548 4032 viam
579 3977 822 4047 praestitit
849 4019 866 4044 ,
898 3977 1020 4032 licet
1045 3992 1184 4031 unus
1217 3977 1285 4030 sit
1325 3986 1378 4030 et
1420 3977 1798 4048 incompositus
1825 3994 1992 4049 aqua—

413 4083 528 4121 rum
561 4065 830 4137 impetus?
874 4075 928 4121 et
955 4066 1222 4136 quomodo
1253 4067 1370 4121 illos
1401 4068 1610 4138 quidem
1637 4083 1734 4123 ceu
1764 4068 1989 4125 famulos

410 4158 694 4214 reveritum
747 4167 866 4223 est,
916 4175 1039 4230 erga
1088 4158 1186 4214 hos
1235 4169 1409 4213 autem
1457 4159 1734 4214 barbarum
1787 4175 1989 4216 morem

413 4250 672 4303 imitatum
705 4250 832 4304 est?
860 4251 1215 4319 Interpretare
1244 4249 1370 4303 mihi
1401 4249 1526 4303 illud
1550 4292 1564 4314 ,
1595 4266 1627 4303 υ
1655 4249 1834 4305 Judme
1857 4293 1872 4318 ,
1899 4252 1989 4321 qui

412 4341 557 4396 cruci
604 4356 710 4394 non
755 4339 931 4395 credis
957 4383 970 4406 ,
1012 4339 1280 4410 quomodo
1321 4339 1506 4395 eadem
1551 4341 1661 4409 ipsa
1701 4332 1835 4412 aqua
1873 4343 1989 4397 illos

415 4431 715 4502 praefocavit
739 4471 754 4493 ,
784 4440 837 4483 et
882 4429 980 4485 hos
1019 4431 1268 4485 servavit.
1313 4425 1428 4484 Una
1473 4439 1587 4484 erat
1622 4447 1755 4501 aqua
1778 4471 1797 4500 ,
1823 4448 1986 4486 unum

411 4539 560 4580 mare
583 4565 598 4588 ,
631 4533 685 4577 et
717 4522 903 4576 horum
937 4538 1003 4574 ne
1028 4521 1216 4591 pedem
1253 4521 1464 4590 quidem
1502 4522 1782 4578 madefecit
1807 4565 1822 4589 ,
1871 4524 1987 4578 illo-

413 4633 528 4670 rum
559 4629 692 4671 vero
712 4629 780 4669 ne
807 4612 1086 4684 vestigium
1122 4612 1334 4683 quidem
1380 4613 1626 4685 reliquit,
1672 4599 1764 4672 sed
1803 4631 1988 4672 omnes

410 4700 566 4764 simul
598 4722 730 4776 aqua
759 4691 1069 4774 cooperuit,
1101 4719 1485 4775 communeque
1514 4706 1814 4775 sepulcrum
1842 4722 1988 4764 mare

409 4799 535 4856 fecit
560 4799 808 4855 universo
830 4797 1024 4868 popqu
1049 4795 1438 4867 IEgyptiorum.
1462 4797 1579 4862 Dic,
1608 4813 1789 4867 quaaso
1808 4840 1822 4864 ,
1856 4799 1986 4854 mihi

411 4885 510 4943 hoc
539 4887 805 4959 quemodo
832 4887 1023 4941 factum
1049 4885 1137 4940 sit.
1174 4885 1334 4940 Vides
1354 4887 1619 4956 quomodo
1641 4887 1825 4942 umbra
1855 4905 1988 4958 prce-

409 4977 671 5045 cesserit,
709 4986 766 5032 ut
804 4977 964 5032 fidem
1008 4977 1270 5031 inveniret
1310 4977 1550 5031 veritas?
1591 4978 1854 5047 quomodo
1899 4979 1987 5035 illa

410 5069 622 5139 quidem
653 5068 834 5123 umbra
860 5109 876 5133 ,
908 5068 1023 5123 haec
1042 5077 1218 5122 autem
1244 5069 1482 5123 veritas?
1513 5069 1600 5123 illa
1627 5070 1810 5125 umbra
1836 5114 1851 5138 ,
1875 5072 1989 5128 haec

413 5174 497 5216 res
527 5159 698 5229 ipsae?
728 5158 891 5212 Vides
914 5199 930 5224 ,
959 5167 1017 5212 ut
1036 5157 1142 5228 jam
1168 5158 1274 5212 dixi
1299 5201 1314 5225 ,
1338 5159 1504 5214 Deum
1530 5202 1545 5227 ,
1575 5175 1696 5215 cum
1723 5161 1832 5216 vult
1856 5179 1989 5233 opus

415 5249 676 5322 quoddam
731 5249 970 5304 mirabile
1024 5258 1368 5318 perpetrare,
1424 5250 1617 5319 figuras
1670 5262 1722 5306 et
1775 5253 1988 5310 umbras

419 5344 768 5416 praemittere,
826 5351 882 5398 ut
935 5342 1014 5398 sic
1056 5341 1348 5412 procedens
1398 5343 1596 5398 veritas
1651 5343 1804 5399 facile
1851 5345 1991 5399 acci-

419 5435 620 5507 piatur?
719 5425 722 5430 ’
1076 5429 1078 5432 ’

486 5526 714 5584 Necesse
754 5534 837 5583 est
878 5525 1018 5581 enim
1059 5526 1337 5604 imaginem
1371 5525 1674 5581 inferiorem
1702 5541 1820 5582 esse
1847 5528 1989 5582 veri-

413 5609 564 5675 tate?
590 5637 709 5675 nam
738 5620 782 5675 si
813 5635 909 5690 per
935 5635 994 5675 se
1022 5619 1189 5690 ipsam
1235 5619 1466 5690 perfecta
1511 5627 1654 5673 esset
1677 5659 1692 5684 ,
1733 5619 1842 5688 jam
1884 5637 1988 5676 non

411 5711 596 5774 tttubra
625 5719 769 5770 esset
790 5751 806 5778 ,
835 5709 929 5766 sed
956 5710 1168 5767 veritas.
1199 5711 1500 5768 Antecessit
1525 5709 1734 5782 quidem
1764 5713 1949 5768 umbra
1971 5754 1991 5782 ,

1161 296 1221 352 S.
1261 293 1534 351 JOANNIS
1571 285 2045 347 CIIRYSOSTOMI
2081 286 2401 344 ARCIIIE‘P.
2443 293 2976 349 CONSTANTINOP.

3597 311 3701 370 741

2117 404 2423 471 supervenit
2462 405 2700 479 colorum
2740 407 2969 472 veritas,
3015 417 3070 462 et
3112 407 3384 465 sinceram
3417 412 3699 486 imaginem

2117 492 2520 552 demonsuavit.
2549 494 2640 549 Illa
2673 497 2780 568 typi
2811 507 2998 564 erant,
3029 499 3147 571 hare
3171 542 3186 567 ,
3215 501 3343 571 ipsa:
3382 519 3470 561 res
3499 522 3513 558 :
3557 508 3698 576 quod

2117 582 2367 640 videlicet
2391 586 2530 641 circa
2559 601 2710 641 ovem
2743 587 2935 643 factum
2953 597 3052 644 est.
3085 590 3350 662 Sanguine
3378 593 3576 651 Christi
3602 615 3697 652 or-

2117 669 2200 730 bis
2229 685 2489 731 terrarum
2512 677 2815 734 liberandus
2840 690 2956 737 erat
2979 683 3512 758 maledictionemque
3536 689 3691 745 decli-

2116 774 2354 822 naturus.
2387 767 2518 823 Cum
2545 770 2704 840 igitur
2735 771 2863 827 illud
2886 761 3094 844 quoque
3123 791 3370 846 magnum
3412 789 3556 834 esset
3594 782 3693 836 mi-

2121 859 2358 914 raculum
2388 870 2443 915 et
2472 861 2780 940 incredibile
2805 865 2979 921 stultze
3007 867 3198 921 animae
3226 867 3530 926 Judzeorum
3555 911 3573 936 ,
3596 871 3696 927 hoc

2115 960 2378 1020 prazparat
2409 961 2464 1006 et
2489 953 2792 1023 praafigurat
2816 954 2955 1011 Deus
2983 971 3077 1025 per
3102 971 3278 1012 ovem.
3323 957 3535 1014 Etenim
3573 975 3694 1015 cum

2113 1040 2466 1110 primogenita
2485 1040 2854 1114 Egyptiorum
2876 1043 3150 1101 destruere
3173 1056 3419 1115 pararet,
3445 1065 3511 1105 ne
3535 1051 3696 1104 simul

2113 1131 2544 1187 interficerentur
2563 1150 2681 1204 quae
2702 1143 2854 1190 erant
2874 1135 3100 1191 filiorum
3121 1136 3281 1193 Israel
3304 1156 3318 1194 :
3351 1140 3472 1210 quid
3496 1142 3696 1212 igitur?

2116 1233 2174 1280 ut
2220 1224 2348 1292 fiat,
2405 1225 2576 1297 inquit
2620 1226 2869 1296 Moyses,
2915 1244 2984 1283 ne
3031 1230 3390 1286 exterminans
3433 1234 3692 1303 angelus,

2112 1317 2228 1390 ipsa
2252 1318 2602 1388 primogenita
2633 1319 2794 1375 Israel
2817 1317 2974 1374 simul
2996 1322 3412 1376 exterminaret:
3444 1324 3566 1393 quid
3596 1325 3694 1395 igi-

2111 1409 2240 1464 tur?
2271 1409 2412 1477 Dixit
2449 1411 2516 1465 ad
2560 1410 2706 1464 illum
2748 1412 2886 1466 Deus
2932 1430 2946 1466 :
2983 1413 3210 1484 prmcipe
3245 1413 3367 1468 filiis
3413 1413 3569 1469 Israel
3598 1458 3611 1481 ,
3638 1426 3694 1470 ct

2111 1509 2324 1555 sumant
2348 1515 2509 1557 ovem
2540 1517 2647 1557 non
2688 1503 3004 1558 maculatam
3029 1545 3044 1570 ,
3093 1505 3382 1560 masculam
3409 1546 3424 1571 ,
3466 1507 3691 1562 annicu-

2110 1591 2213 1645 lam
2241 1632 2256 1656 ,
2280 1591 2430 1662 juxta
2457 1590 2681 1647 familias
2706 1608 2931 1648 eorum:
2977 1592 3118 1664 quod
3155 1595 3201 1650 si
3240 1609 3498 1666 pauperes
3541 1599 3646 1652 sint
3670 1640 3688 1663 ,

2108 1685 2318 1756 inquit,
2345 1685 2551 1740 vicinus
2576 1685 2804 1740 vicinum
2832 1685 3110 1740 advocabit
3133 1728 3147 1751 ,
3171 1685 3366 1741 familia
3395 1687 3644 1743 familiam
3670 1706 3688 1755 ;

2107 1786 2162 1830 et
2187 1764 2263 1831 sic
2283 1791 2436 1831 ovem
2459 1784 2730 1831 sumentes
2749 1817 2764 1842 ,
2794 1792 2947 1830 ovem
2973 1792 3078 1830 non
3102 1776 3418 1832 maculatam
3439 1819 3457 1835 .
3483 1794 3691 1833 mascu.

2107 1868 2211 1922 lam
2238 1907 2253 1932 ,
2285 1867 2587 1922 anniculam
2610 1909 2626 1934 ,
2651 1867 2920 1923 immolate
2940 1909 2954 1935 ,
2982 1868 3183 1938 inquit,
3208 1867 3356 1937 juxta
3382 1864 3608 1944 familias
3634 1879 3691 1924 et

2103 1958 2254 2029 juxta
2283 1960 2471 2016 domos
2498 1960 2751 2017 tribuum.
2784 1961 2851 2015 Et
2875 1975 3062 2015 carnes
3094 1960 3306 2031 quidem
3349 1961 3490 2015 illius
3517 1977 3691 2018 come-

2105 2053 2215 2109 dite
2243 2069 2391 2108 assas
2416 2054 2560 2125 igni;
2595 2053 2818 2108 nihilex
2860 2052 2937 2108 eis
2971 2052 3333 2123 relinquetur;
3374 2053 3688 2124 sanguinem

2103 2162 2233 2202 vero
2259 2147 2424 2217 ipsius
2451 2147 2638 2202 illinite
2665 2147 2716 2202 in
2745 2154 2924 2217 postes
2949 2155 3175 2201 vestros.
3205 2144 3478 2201 Comedite
3503 2157 3686 2202 autem

2104 2238 2289 2305 illam,
2338 2239 2547 2308 inquit,
2592 2253 2751 2294 renes
2795 2238 3156 2294 circumcincti
3183 2280 3198 2304 ,
3253 2237 3472 2292 calceati
3517 2238 3690 2309 pedes

2102 2339 2310 2386 vestros
2340 2329 2543 2401 (Exod.
2575 2330 2662 2385 12.
2688 2331 2738 2385 3.
2767 2347 2875 2401 sqq.
2899 2334 2941 2399 ),
2973 2338 3026 2384 et
3063 2329 3163 2384 hoc
3188 2337 3438 2398 tanquam
3462 2329 3688 2385 viatoris

2102 2421 2348 2487 habitus;
2395 2421 2624 2475 lucerna:
2651 2430 2839 2474 vestra:
2869 2419 3159 2485 ardebunt;
3204 2419 3409 2490 quare?
3448 2417 3689 2490 Vespera

2104 2514 2308 2569 scilicet
2337 2528 2430 2568 eos
2460 2503 2769 2584 occupabat.
2802 2512 2867 2568 Et
2895 2528 3062 2583 quare
3085 2555 3099 2579 ,
3125 2513 3387 2568 comedite
3415 2514 3554 2569 sicut
3575 2514 3688 2570 via-

2102 2608 2287 2662 tores?
2317 2607 2524 2676 quare?
2551 2622 2652 2677 ego
2695 2607 2855 2662 dico:
2902 2621 3095 2676 nempe
3139 2616 3354 2678 propter
3396 2616 3582 2678 typum
3631 2619 3690 2664 et

2097 2710 2319 2770 propter
2347 2700 2624 2755 veritatem
2657 2715 2671 2752 :
2701 2699 2910 2769 quando
2937 2699 3149 2769 quidem
3179 2699 3373 2769 saepius
3396 2715 3688 2768 percussus

2098 2801 2182 2846 est
2213 2791 2422 2846 Pharao
2446 2801 2499 2846 et
2525 2807 2628 2846 non
2655 2791 2853 2845 dimisit
2880 2791 3032 2854 illos;
3063 2799 3117 2844 et
3143 2789 3275 2843 dixit
3301 2789 3403 2844 illis
3431 2789 3642 2861 Moyses
3667 2808 3684 2844 :

2102 2881 2262 2937 hodie
2286 2883 2579 2952 percutitur
2604 2891 2658 2937 et
2685 2882 2947 2954 dimitt'et(
2974 2880 3144 2936 Exod.
3179 2881 3264 2934 11.
3293 2881 3318 2934 1
3350 2879 3389 2950 );
3420 2881 3690 2950 percutie-e
3768 2933 3773 2938 ,

2098 2973 2292 3041 batur,
2325 2989 2430 3028 non
2464 2983 2639 3030 tamen
2687 2973 2996 3050 dimittens;
3036 2987 3231 3026 nonum
3277 2987 3561 3040 percussus
3599 2981 3687 3028 est

2097 3072 2152 3119 et
2180 3078 2287 3119 non
2315 3063 2553 3131 dimisit;
2586 3079 2747 3134 super
2769 3064 3026 3119 decimam
3056 3073 3234 3118 autem
3262 3064 3463 3134 plagam
3493 3062 3681 3118 dimit-

2097 3165 2211 3212 tcrc
2259 3157 2378 3213 illos
2426 3158 2648 3223 statuit;
2707 3156 2828 3212 idco
2878 3155 3043 3234 dicit,
3098 3155 3371 3210 Viatorum
3421 3155 3689 3210 assumite

2095 3247 2335 3304 habitum
2364 3248 2383 3320 (
2406 3249 2577 3303 Exod.
2609 3247 2696 3303 η.
2728 3248 2789 3302 11
2817 3247 2860 3317 );
2903 3257 3181 3318 postquam
3218 3245 3358 3302 enim
3390 3247 3682 3300 manduca-

2094 3339 2278 3394 veritis
2293 3380 2308 3405 ,
2328 3337 2459 3394 nihil
2473 3351 2760 3392 commune
2779 3335 3046 3392 vobiserit
3060 3351 3180 3392 cum
3200 3333 3452 3406 Egypto;
3486 3335 3686 3391 sumito

2095 3448 2265 3504 ergo,
2314 3431 2525 3502 inquit,
2577 3446 2730 3486 ovem
2777 3445 2884 3484 non
2940 3421 3290 3493 maculatam,
3339 3428 3630 3482 mascnIam
3659 3467 3678 3494 ,

2095 3524 2394 3579 anniculam
2420 3564 2437 3589 ,
2469 3532 2523 3578 et
2550 3522 2821 3577 immolate
2850 3522 2990 3575 illam
3015 3536 3030 3587 ;
3062 3528 3115 3574 et
3144 3519 3330 3574 illinite
3365 3519 3680 3588 sanguinem

2096 3615 2261 3686 ipsius
2307 3616 2360 3670 in
2403 3625 2586 3686 postes
2630 3623 2876 3680 vestros,
2921 3620 2978 3666 ut
3016 3611 3234 3665 veniens
3274 3608 3528 3678 angelus,
3573 3607 3681 3661 etsi

2096 3715 2318 3777 propter
2344 3705 2463 3761 illos
2490 3720 2593 3760 non
2622 3714 2838 3774 parcat,
2867 3712 3047 3774 parcat
3077 3709 3250 3754 tamen
3277 3699 3427 3754 vobis
3455 3706 3678 3768 propter

2095 3781 2280 3872 typum
2307 3798 2594 3869 sanguinis.
2629 3797 2753 3851 Ilzec
2797 3810 2901 3850 non
2939 3793 3109 3864 angeli
3137 3807 3294 3846 causa
3338 3790 3471 3844 facta
3512 3798 3675 3854 sunt,

2094 3892 2186 3946 scd
2216 3879 2429 3962 propter
2452 3881 2758 3960 sanguinem
2787 3888 2874 3956 qui
2901 3883 3126 3941 salvavit
3151 3899 3255 3938 me.
3300 3882 3487 3938 Nonne
3531 3881 3680 3934 enim

2096 3991 2303 4052 poterat
2328 3981 2544 4051 angelus
2572 3978 2850 4049 Egyptios
2877 3986 2930 4032 et
2956 3976 3169 4032 Judazos
3194 4016 3208 4042 ,
3250 3990 3356 4046 quo
3395 3972 3679 4028 differrent

2094 4071 2450 4143 dignoscere?
2503 4071 2594 4140 qui
2642 4067 2991 4138 primogenita
3015 4065 3242 4144 _potuit,
3289 4078 3465 4118 nonne
3511 4063 3675 4117 etiam

2093 4163 2374 4235 Egyptios
2399 4171 2453 4216 et
2479 4161 2731 4215 Hebrazos
2757 4165 2963 4230 poterat
2983 4157 3283 4210 discernere
3305 4154 3328 4207 ἲ
3351 4154 3483 4208 Cum
3512 4154 3678 4223 igitur

2095 4243 2147 4310 te
2172 4254 2462 4308 subsannat
2486 4252 2667 4306 dicens
2691 4293 2706 4318 ,
2736 4251 2788 4303 in
2817 4248 3126 4318 sanguinem
3155 4245 3381 4314 speras?
3406 4243 3490 4298 dic
3517 4244 3593 4297 illi
3622 4253 3678 4298 et

2095 4355 2150 4400 tu
2182 4363 2195 4399 :
2228 4361 2332 4399 non
2363 4343 2634 4399 erubescis
2658 4383 2673 4409 ,
2705 4339 3026 4410 impudens?
3071 4345 3124 4392 tu
3166 4339 3217 4391 in
3263 4336 3516 4406 sanguine
3554 4336 3676 4389 ovis

2092 4441 2326 4495 salvatus
2351 4453 2410 4493 es
2437 4479 2451 4505 ,
2481 4446 2535 4492 et
2557 4451 2655 4506 ego
2683 4437 2734 4488 in
2762 4433 3019 4502 sanguine
3044 4430 3254 4485 Domini
3300 4445 3403 4483 non
3443 4428 3627 4482 salvor
3652 4428 3680 4480 ἓ

2091 4533 2305 4600 Iudaeus
2334 4529 2490 4602 igitur
2513 4529 2800 4585 comedens
2825 4525 3056 4597 Egypto
3097 4522 3368 4579 discedere
3417 4521 3673 4586 festinat;

2090 4625 2426 4682 Christianus
2452 4621 2739 4678 comedens
2768 4617 2964 4673 mundo
2992 4615 3263 4671 discedere
3307 4613 3536 4667 festinet.
3582 4610 3675 4666 Sic

2091 4718 2234 4774 enim
2265 4725 2317 4772 te
2347 4715 2541 4771 Paulus
2565 4713 2850 4782 alloquitur
2879 4728 2892 4766 :
2921 4695 3069 4766 State
3115 4707 3280 4762 induti
3311 4705 3472 4759 lorica
3510 4705 3674 4773 justi-

2096 4810 2180 4863 tim
2206 4851 2222 4876 ,
2250 4807 2470 4862 calceati
2503 4805 2665 4876 pedes
2705 4804 2756 4856 in
2798 4798 3180 4872 praeparatione
3223 4795 3479 4866 evangelii
3524 4795 3677 4864 pacis

2096 4901 2331 4970 (ΕρΙιιδ.
2364 4899 2416 4954 6.
2448 4899 2535 4952 tt.
2568 4897 2672 4966 l5)
2705 4894 2802 4966 (a).

2163 4989 2274 5048 Illic
2317 4993 2714 5055 calceamenta,
2767 4995 2822 5042 et
2857 4985 2944 5040 hic
2991 4999 3200 5053 quoque
3247 4973 3611 5036 calceamenta
3663 4995 3680 5034 :

2093 5087 2202 5142 illic
2231 5085 2413 5155 virga,
2465 5081 2553 5136 hic
2583 5081 2774 5134 thorax
2817 5096 2830 5133 :
2881 5078 3090 5148 Moyses
3137 5074 3291 5144 quasi
3337 5073 3631 5126 viatoribus
3658 5113 3676 5136 ,

2096 5178 2288 5233 Paulus
2331 5173 2482 5246 quasi
2528 5171 2785 5228 militibus
2830 5166 3168 5238 praecipiebat
3207 5181 3220 5216 :
3272 5163 3405 5218 illia
3443 5170 3586 5216 terra
3624 5163 3677 5216 in

2096 5283 2316 5338 terram,
2346 5278 2400 5324 et
2428 5267 2552 5322 ideo
2576 5266 2809 5319 viatores
2833 5278 2848 5328 ;
2881 5275 2979 5332 ego
3012 5275 3040 5311 a
3069 5268 3209 5312 terra
3235 5257 3288 5310 in
3317 5253 3528 5316 caelum,
3553 5254 3680 5306 ideo

2096 5363 2250 5419 miles
2282 5381 2296 5416 :
2327 5376 2492 5431 quare
2514 5358 2538 5412 ?
2563 5356 2824 5424 Quoniam
2852 5354 2932 5408 via
2972 5367 3089 5406 mea
3119 5365 3214 5420 per
3241 5363 3417 5402 aerem
3457 5345 3678 5399 latroci—

2097 5438 2197 5512 niis
2223 5435 2498 5511 infestatur
2522 5495 2538 5519 _.
2564 5435 2834 5506 dmmones
2881 5445 3010 5500 mihi
3047 5449 3351 5522 occurrunt.
3383 5438 3509 5494 Ideo
3540 5437 3678 5490 fidu-

2159 5583 2230 5648 (ιι)
2257 5583 2347 5648 Hic
2371 5585 2525 5642 locus,
2555 5598 2582 5633 a
2603 5587 2910 5648 necessegest,
2930 5579 3002 5648 ad.
3025 5561 3461 5648 fivdngelitjgacis.
3491 5591 3518 5626 a
3541 5576 3656 5624 Mon

2094 5642 2179 5704 tef.
2207 5642 2420 5696 omissus
2443 5652 2525 5705 est
2547 5651 2600 5694 et
2623 5657 2685 5694 ex
2720 5644 2897 5694 Codice
2921 5642 3226 5705 Coisliniano
3249 5644 3336 5697 u'l
3361 5654 3527 5705 oe'sum
3543 5648 3683 5700 ptus,

2095 5724 2154 5759 ex
2183 5723 2299 5773 quo,
2330 5709 2405 5758 vel
2437 5703 2590 5770 taciti,
2619 5709 2775 5758 multa
2804 5706 2854 5755 in
2881 5709 3022 5756 textu
3049 5703 3217 5754 Gmco
3242 5703 3570 5752 correximus.
