4080 6198
314 313 407 368 ῗίὅ
1586 309 1672 365 DE
1711 309 1941 369 ΒΕΑΤο
1980 308 2337 372 ABRAHAM.

309 429 411 492 τεῖς
437 424 746 496 ἀνθρώποις
769 425 862 479 καὶ
889 427 948 480 ἐν
976 428 1088 490 τοῖς
1115 426 1459 499 τετράποσιν.
1481 422 1612 482 Εἶτα
1637 428 1711 492 ώς
1739 428 1876 498 μετά

308 518 395 583 τὰς
429 518 645 590 πληγάς
665 517 870 579 ταύτας
902 519 1002 572 οὐκ
1027 513 1169 583 εἶξεν
1194 519 1222 571 6
1243 518 1462 590 Φαραὼ,
1484 519 1667 572 λοιπὸν
1697 521 1725 572 6
1749 519 1880 581 Θεὸς

313 603 528 664 θάνατον
560 609 670 662 τῶν
703 609 1063 682 πρωτοτόκων
1083 608 1278 677 ἐπάγει
1297 624 1311 639 ·
1346 605 1486 675 εἶτα,
1523 611 1610 664 ἵνα
1633 609 1880 681 ἐπιτέμω

308 701 387 754 τὸν
418 701 574 772 λόγον
610 700 736 774 (χρὴ
775 701 883 773 γὰρ
919 701 1219 772 ἐπιτεμεῖν,
1253 701 1340 755 ἵνα
1372 701 1448 772 μὴ
1481 703 1610 772 περὶ
1635 701 1705 753 τά
1739 700 1880 754 am

307 791 599 862 εἱλούμενοι
637 791 711 862 μὴ
753 774 1130 865 πληρώσωμεν
1158 792 1256 864 τὴν
1291 793 1624 862 ὑπόσχεσιν),
1657 791 1878 862 ἐξῆλθον

307 882 364 934 ἐκ
404 884 507 953 γῆς
558 879 859 950 Αἰγύπτου,
908 886 1003 936 καὶ
1045 879 1208 954 ἦλθον
1241 883 1391 954 παρά
1433 881 1532 954 τὴν
1577 883 1874 938 θάλασσαν.

317 973 797 1046 Ἐστρατοπέδευσε
831 974 1034 1046 Φαραὼ
1059 975 1232 1028 ὀπίσω
1261 975 1440 1029 αὐτῶν
1473 975 1613 1046 μετὰ
1643 975 1879 1047 πλήθους

304 1066 556 1138 ἁρμάτων
589 1067 685 1120 καὶ
713 1067 896 1120 ἵππων
915 1084 929 1097 ·
959 1067 1035 1131 ὼς
1063 1067 1118 1120 δέ
1147 1063 1286 1120 εἶδεν
1325 1067 1542 1139 Ἰσραὴλ
1570 1069 1666 1140 τὴν
1701 1070 1879 1140 παρά-

302 1160 466 1226 ταξιν,
509 1159 774 1232 ἐφοϐήθη.
804 1156 1009 1213 Ἦλθον
1051 1159 1110 1214 δέ
1139 1160 1232 1213 ἐπὶ
1273 1160 1367 1214 τοῦ
1408 1160 1620 1232 χείλους
1651 1161 1752 1233 τῆς
1781 1161 1878 1216 θα-

301 1253 533 1326 λάσσης·
585 1252 680 1306 καί
724 1270 889 1324 φησιν
929 1254 958 1306 ὀ
999 1251 1132 1316 Θεὸς
1181 1251 1260 1323 τῷ
1302 1253 1560 1316 Μωῦσεῖ,
1613 1253 1676 1306 Τί
1718 1253 1877 1322 ,ϐοᾷς

300 1348 442 1414 πρός
467 1361 580 1416 με;
610 1345 706 1398 καὶ
740 1344 845 1416 μὴν
872 1343 1027 1399 οὐδὲν
1057 1344 1210 1413 ἔλεγε
1239 1345 1500 1414 Μωῦσῆς.
1530 1344 1692 1399 Ἀλλά
1720 1363 1874 1418 φησι,

300 1440 423 1504 Θεός
456 1442 593 1512 εἰμι,
629 1440 692 1493 ού
716 1438 784 1492 τά
810 1439 876 1491 ἐκ
905 1437 1130 1509 χειλέων
1165 1440 1323 1509 μόνον
1356 1436 1590 1504 ἀκούων,
1619 1438 1754 1492 ἀλλά
1783 1439 1877 1491 καὶ

298 1532 359 1586 τὰ
399 1534 456 1586 ἐν
486 1536 552 1604 τῇ
597 1531 797 1605 καρδίᾳ
843 1531 1146 1603 γνωρίζων,
1195 1530 1282 1583 ἵνα
1321 1530 1534 1602 μάθῃς,
1569 1532 1650 1585 ὅτι
1680 1533 1780 1584 οὐκ
1817 1534 1876 1586 ἐν

297 1625 368 1696 τῷ
396 1625 619 1696 κράζειν
645 1626 680 1696 ἠ
712 1624 870 1697 εὐχὴ,
894 1623 1008 1678 ἀλλ’
1032 1626 1090 1678 ἐν
1117 1625 1183 1695 τῇ
1206 1622 1424 1698 γνώμῃ.
1454 1625 1515 1678 Τί
1540 1622 1700 1690 ,βοᾷς
1726 1623 1876 1692 πρός

292 1734 398 1789 pe;
431 1717 512 1770 Τά
548 1716 649 1787 μὲν
675 1717 784 1789 γὰρ
809 1716 961 1788 χείλη
994 1717 1156 1771 αὐτοῦ
1183 1719 1283 1772 οὐκ
1311 1717 1512 1782 ἐλάλει,
1536 1718 1570 1787 ἡ
1591 1717 1647 1770 δέ
1681 1717 1876 1789 καρδία

297 1806 447 1861 ἐϐόα·
484 1805 619 1878 εὐχὴ
659 1808 768 1880 γάρ
812 1807 921 1862 ἀπὸ
961 1807 1190 1880 γνώμης
1233 1808 1448 1879 ἀγαθῆς
1479 1808 1741 1879 ζητεῖται,
1775 1806 1876 1861 οὐκ

297 1898 396 1952 ἀπὸ
423 1899 671 1971 κραυγῆς
720 1900 964 1970 ἰσχυρᾶς.
999 1899 1062 1953 Τί
1094 1897 1252 1966 ,βοᾷς
1284 1901 1434 1967 πρός
1454 1916 1530 1968 με
1541 1915 1561 1963 ;
1593 1899 1874 1953 Ἔκτεινον

294 1992 386 2061 τὴν
425 1991 619 2060 ῥάϐδον
649 1990 748 2062 τὴν
799 1992 859 2045 ἐν
888 1993 955 2062 τῇ
1002 1991 1146 2063 χειρί
1187 2009 1281 2044 σου
1327 1991 1422 2044 ἐπ)⁸
1472 1991 1534 2044 τὸ
1566 1989 1746 2062 ὕδωρ,
1778 1993 1872 2045 καὶ

294 2081 459 2135 δίελθε
488 2081 553 2134 σὺ
585 2081 680 2135 καὶ
712 2082 822 2145 πᾶς
849 2079 1088 2152 Ἰσραήλ.
1126 2079 1386 2147 Ἑξέτεινε
1419 2078 1476 2132 δὲ
1505 2079 1744 2148 Μωῦσῆς
1773 2077 1873 2148 τὴν

295 2177 484 2251 ῥάϐδον
511 2175 608 2248 τὴν
637 2176 694 2229 ἐν
732 2176 798 2246 τῇ
830 2174 973 2246 χειρὶ
1009 2172 1198 2237 αὑτοῦ,
1232 2172 1326 2226 καὶ
1354 2171 1593 2237 ἐπάταξε
1614 2171 1674 2224 τὸ
1705 2171 1869 2242 ὕδωρ,

294 2271 382 2324 καὶ
408 2272 442 2340 ἡ
474 2267 708 2331 ἄτακτος
742 2265 889 2340 ῥύμη
921 2264 1031 2318 τῶν
1075 2262 1283 2317 ὑδάτων
1313 2260 1615 2333 ἐχερσώθη,
1656 2263 1874 2332 καὶτῆς

297 2361 428 2423 ἰδίας
463 2357 680 2429 φύσεως
704 2356 1019 2412 ἐπελάθετο.
1052 2354 1306 2407 Τοιοῦτον
1343 2353 1453 2424 γὰρ
1493 2353 1555 2406 τὸ
1587 2357 1870 2423 στοιχεῖον,

294 2455 416 2508 ὅταν
452 2452 619 2524 νεύσῃ
660 2451 688 2504 6
733 2450 900 2513 Θεὸς,
938 2449 1035 2502 καὶ
1081 2446 1220 2501 αὐτὰ
1256 2447 1357 2517 τῆς
1405 2445 1617 2509 οἰκείας
1660 2446 1897 2519 φύσεως,

293 2542 726 2608 ἐπιλανθάνεται,
766 2542 861 2596 καὶ
895 2542 992 2612 τὴν
1030 2539 1312 2610 ἐνέργειαν
1347 2539 1575 2611 χαλινοῖ.
1608 2540 1875 2616 Καθάπερ

291 2638 398 2709 γάρ
426 2635 748 2706 θεραπαινὶς
771 2632 1069 2704 εὐγνώμων
1099 2634 1132 2703 ἡ
1161 2631 1425 2698 θάλασσα,
1453 2634 1723 2686 Δεσπότου
1749 2634 1873 2687 δοῦ-

291 2729 379 2782 λον
416 2728 622 2792 ἰδοῦσα,
647 2726 897 2781 ἐπείθετο
921 2726 1016 2780 καὶ
1047 2726 1392 2796 ὑπήκουσεν·
1418 2725 1694 2795 ὑπήκουσε
1724 2727 1780 2780 δέ
1812 2728 1873 2780 οὐ

292 2821 446 2889 ξύλον
479 2821 541 2875 τὸ
569 2820 732 2894 ξηρὸν
753 2819 1073 2890 αἰδουμένη,
1110 2817 1248 2872 ἀλλά
1287 2817 1375 2872 διά
1407 2818 1497 2871 τὸν
1531 2817 1792 2889 μέλλοντα
1817 2818 1875 2872 ἐν

290 2912 367 2982 τῷ
406 2912 547 2984 ξύλῳ
580 2908 962 2982 σταυροῦσθαι.
987 2905 1139 2963 Εἷδεν
1164 2906 1256 2963 οὖν
1297 2909 1396 2980 τὴν
1427 2909 1629 2972 εἰκόνα,
1661 2909 1754 2962 καὶ
1783 2909 1874 2961 εύ-

292 3004 388 3068 θὺς
413 3001 662 3072 ἐνενόησε
686 2999 785 3072 τὴν
809 2999 1088 3070 ἀλήθειαν,
1119 3000 1212 3054 καὶ
1243 2997 1585 3071 ὑπεχώρησε.
1605 2998 1873 3070 Πάρελθε,

290 3095 467 3166 φησί,
508 3095 574 3149 σὺ
615 3093 712 3147 καὶ
743 3093 853 3156 πᾶς
891 3094 920 3146 6
969 3091 1097 3156 λαὸς
1151 3089 1389 3162 Ἰσραήλ.
1420 3086 1556 3146 Εἶτα
1595 3089 1875 3161 παρῆλθεν

287 3187 452 3250 αὐτὸς
499 3185 596 3240 καὶ
639 3186 749 3248 πᾶς
789 3184 1046 3256 Ἰσραήλ·
1099 3183 1544 3254 ἐπηκολούθησαν
1593 3183 1648 3236 δέ
1691 3184 1784 3237 καὶ
1824 3183 1874 3236 οἱ

287 3278 576 3348 Αἰγύπτιοι
607 3276 1035 3339 καταδιώκοντες
1067 3275 1330 3344 ἐκείνους,
1360 3276 1389 3328 ὃ
1431 3293 1492 3329 τε
1532 3276 1733 3348 Φαραὼ
1780 3278 1877 3331 καὶ

286 3371 357 3424 τά
406 3370 630 3441 ἅρματα
685 3366 851 3420 αὑτοῦ
891 3369 987 3420 καὶ
1036 3368 1085 3420 οἰ
1134 3368 1338 3430 ἱππεῖς.
1396 3363 1531 3420 Εἶτα
1581 3367 1691 3420 τῶν
1743 3369 1875 3423 υἰῶν

299 3460 522 3534 Ἰσραὴλ
554 3459 934 3532 παρελθόντων
979 3459 1186 3530 ἐπῆλθε
1225 3460 1284 3514 τὸ
1319 3459 1466 3531 ὕδωρ
1515 3461 1610 3515 καὶ
1636 3461 1875 3532 ἐκάλυψε

287 3558 414 3619 τοὺς
470 3553 824 3623 Αἰγυπτίους.
856 3552 993 3607 Εἰπέ
1027 3570 1117 3624 μοι
1145 3547 1260 3621 οὖν,
1294 3547 1339 3605 ὦ
1391 3552 1630 3616 Ἰουδαῖε,
1668 3554 1784 3617 πῶς
1814 3553 1877 3607 τὸ

289 3647 434 3716 ὕδωρ
479 3642 684 3700 τὸέπί.
725 3643 822 3697 τοῦ
877 3642 1252 3714 βαπτίσματος
1282 3643 1375 3696 δύο
1418 3643 1699 3716 ἐνεργείας
1741 3645 1874 3716 ἔχει,

288 3740 387 3796 καὶ
407 3738 499 3804 τὸν
533 3738 632 3809 μὲν
657 3736 860 3805 πνίγει,
894 3735 986 3790 τὸν
1013 3735 1070 3789 δέ
1097 3735 1384 3802 (memmi;
1408 3737 1530 3790 εἰπέ
1565 3755 1674 3808 μοι,
1701 3739 1817 3802 πῶς
1840 3741 1873 3810 ἡ

287 3832 539 3886 θάλασσα
568 3831 773 3901 ἐκείνη,
815 3831 912 3901 μία
939 3824 1074 3884 οὖσα
1109 3832 1175 3900 τῇ
1203 3829 1384 3898 φύσει,
1421 3830 1549 3893 τοὺς
1582 3831 1680 3900 μὲν
1715 3830 1877 3894 ἐζωο-

286 3925 508 3995 πῡίησε.
541 3925 669 3988 τοὺς
705 3923 762 3977 δὲ
795 3923 1109 3989 ἀπέκτεινε,
1139 3925 1266 3986 τοὺς
1300 3923 1400 3993 μὲν
1437 3923 1721 3990 ἀπέπνιξε,
1764 3927 1877 3989 τοῖς

283 4015 345 4070 δέ
385 4016 504 4080 ὁδὸς
526 4015 764 4086 ἐγένετο,
796 4015 975 4070 καίτοι
1010 4015 1108 4085 μία
1139 4009 1209 4085 ἦν
1237 4017 1269 4084 ή
1312 4015 1548 4079 ἄτακτος
1590 4015 1736 4088 ῥύμη
1768 4015 1879 4071 τῶν

287 4110 537 4177 ὑδάτων;
570 4108 667 4164 καὶ
698 4107 815 4172 πῶς
845 4108 974 4172 τοὺς
1011 4107 1112 4178 μὲν
1145 4107 1348 4160 δούλων
1380 4108 1538 4178 δίκην
1566 4109 1788 4180 ᾐδέσθη,
1820 4113 1879 4164 ἐν

281 4200 522 4266 ἂκείνοις
546 4202 604 4256 δὲ
645 4200 938 4273 βαρϐάρων
964 4199 1168 4272 τρόπον
1195 4201 1538 4272 ἐμιμήσατο;
1579 4202 1879 4273 Ἐρμήνευ-

287 4294 387 4349 σόν
437 4311 526 4366 μοι
568 4293 747 4358 τοῦτο,
801 4287 847 4346 ὧ
879 4292 1132 4358 Ἰουδαῖε,
1163 4292 1194 4344 6
1225 4291 1469 4346 ἀπιστῶν
1513 4292 1592 4364 τῷ
1636 4293 1876 4366 σταυρῷ,

285 4387 412 4452 πῶς
433 4387 494 4441 τὸ
525 4386 659 4442 αὐτὸ
687 4385 830 4459 ὕδωρ
858 4385 1101 4449 ἐκείνους
1129 4384 1340 4453 ἔπνιξε,
1370 4387 1466 4440 καὶ
1492 4387 1717 4451 τούτους
1745 4388 1881 4440 ἐσω-

285 4491 407 4527 σεν.
445 4475 543 4526 Ἐν
571 4470 639 4546 ἦν
674 4474 735 4527 τὸ
778 4473 944 4547 ὕδωρ,
978 4474 1075 4546 μία
1107 4475 1141 4546 ἡ
1174 4474 1420 4530 θάλασσα
1443 4516 1458 4541 ,
1503 4477 1599 4531 καὶ
1628 4476 1737 4531 τῶν
1780 4479 1880 4548 μὲν

283 4566 417 4620 οὔτε
447 4567 586 4621 πόδα
627 4566 837 4640 ἔϐρεξε,
882 4567 992 4622 τῶν
1040 4568 1096 4620 δέ
1130 4567 1252 4621 οὔτε
1289 4569 1433 4640 ἴχνος
1475 4569 1688 4639 ἀφῆκεν
1710 4608 1725 4633 ,
1759 4569 1879 4624 ἀλλ’

284 4660 545 4723 ἅπαντας
562 4659 803 4716 λαϐοῦσα
824 4659 1064 4731 ἐκάλυψε
1086 4659 1164 4732 τῷ
1189 4660 1363 4725 ῦδατι,
1388 4660 1483 4714 καὶ
1502 4660 1681 4714 κοινὸν
1710 4659 1880 4729 τάφον

285 4753 591 4824 εἰργάσατο
619 4755 652 4822 ἡ
676 4752 920 4807 θάλασσα
952 4755 1117 4808 παντὶ
1143 4753 1222 4824 τῷ
1242 4753 1306 4825 δή
1315 4771 1400 4824 μῳ
1416 4751 1525 4806 τῶν
1545 4751 1875 4821 Αἰγυπτίων.

285 4844 434 4897 Εἰπέ
467 4861 556 4915 μοι
583 4839 677 4897 οὖν
707 4843 866 4898 τοῦτο
895 4845 1012 4908 πῶς
1045 4844 1280 4914 ἐγένετο.
1328 4845 1490 4915 Ὁρᾷς
1532 4843 1650 4907 πῶς
1681 4845 1714 4915 ἡ
1754 4843 1882 4897 σκιά

285 4935 592 5008 προῆλθεν,
623 4937 711 4990 ἵνα
734 4937 996 5007 πιστευθῇ
1024 4939 1057 5008 ἠ
1088 4936 1350 5008 ἀλήθεια;
1376 4935 1494 5000 πῶς
1524 4937 1707 4990 ἐκεῖνα
1729 4933 1879 5008 [748]

287 5028 394 5100 μὲν
433 5027 582 5094 σκιά,
617 5027 786 5082 ταῦτα
813 5027 869 5081 δὲ
923 5026 1184 5097 ἀλήθεια;
1219 5028 1401 5079 ἐκεῖνα
1435 5025 1581 5091 σκιά,
1620 5027 1791 5080 ταῦτα
1821 5025 1880 5080 δέ

283 5122 631 5193 πράγματα;
671 5120 856 5193 Ὁρᾷς,
884 5119 960 5182 ὡς
987 5113 1161 5185 εἶπον,
1194 5119 1322 5173 ὅταν
1348 5120 1515 5191 μέλλῃ
1545 5123 1572 5175 6
1589 5120 1722 5184 Θεὸς
1752 5121 1882 5174 διοι-

285 5219 413 5268 κεῖν
441 5212 674 5284 πρᾶγμά
697 5230 752 5267 τι
781 5211 951 5277 ξένον,
981 5211 1341 5284 προδιατυποῖ
1363 5211 1578 5284 πρῶτον
1607 5212 1702 5266 καί
1727 5229 1881 5266 σκια-

283 5310 524 5380 γραφεῖ,
550 5310 636 5361 ἵνα
673 5306 847 5370 οὕτως
881 5304 1277 5378 προελθοῦσαή
1315 5306 1544 5378 ἀλήθεια
1586 5304 1881 5376 εὐπρόσδε-

286 5417 427 5464 κτος
468 5397 722 5471 γένηται;
767 5397 1006 5469 Ἀνάγκη
1058 5396 1167 5466 γάρ
1217 5396 1316 5468 τὴν
1349 5397 1534 5450 εἰκόνα
1567 5395 1883 5449 ὑποδεεστέ-

288 5509 403 5564 ραν
455 5487 597 5546 εἶναι
639 5491 739 5562 τῆς
781 5490 1070 5560 ἀληθείας·
1114 5489 1163 5542 εἰ
1213 5489 1272 5542 δέ
1319 5488 1610 5560 αὐτοτελὴς
1641 5483 1732 5558 ἦν,
1781 5489 1882 5541 οὐκ

287 5582 378 5638 ἑτι
422 5583 582 5651 σκιά,
626 5583 764 5638 ἀλλά
795 5583 1046 5655 ἀλήθεια.
1103 5582 1380 5655 Προέλαϐέ
1407 5600 1467 5635 τε
1509 5583 1541 5652 ἡ
1599 5582 1750 5644 σκιὰ,
1788 5586 1882 5634 καὶ

281 5670 463 5746 ἦλθεν
488 5679 524 5748 ἡ
554 5677 783 5748 ἀλήθεια
808 5675 917 5730 τῶν
960 5676 1265 5748 χρωμάτων
1299 5676 1392 5730 καὶ
1430 5675 1596 5741 ἔδειξε
1631 5674 1878 5747 καθαράν

288 5766 399 5833 τὴν
444 5769 643 5825 εἰκόνα.
687 5770 899 5824 Ἐκεῖνα
948 5768 1138 5836 τύποι,
1182 5768 1351 5822 ταῦτα
1398 5767 1729 5845 πράγματα·
1767 5762 1874 5823 οἷον

3456 322 3560 380 7M

1985 425 2079 478 καὶ
2126 426 2218 479 ἐπὶ
2246 427 2340 480 τοῦ
2387 427 2659 498 προϐάτου
2696 428 2937 498 γέγονεν.
2975 430 3214 500 Ἤμελλε
3255 433 3332 504 τῷ
3370 437 3562 508 αἵματι

1981 520 2075 572 τοῦ
2101 521 2337 591 Χριστοῦ
2364 521 2779 594 ἐλευθεροῦσθαι
2807 525 2840 594 ή
2870 525 3165 597 οἰκουμένη
3194 529 3288 582 καὶ
3316 535 3562 606 κατάρας

1982 617 2442 676 ἀπαλλάττεσθαι.
2486 621 2641 673 Ἐπεὶ
2682 615 2776 675 οὖν
2818 620 2978 674 τοῦτο
3013 622 3176 679 πάλιν
3214 626 3360 696 μέγα
3407 626 3476 702 ἦν
3501 635 3562 687 τὸ

1981 715 2166 787 θαῦμα
2217 721 2309 772 καί
2351 719 2580 774 ἄπιστον
2623 721 2774 792 παρὰ
2827 723 2893 794 τῇ
2946 721 3222 794 ἀγνώμονι
3262 726 3404 800 ψυχῇ
3450 731 3560 785 τῶν

1995 814 2282 877 Ἰουδαίων,
2305 816 2604 886 προδιοικεῖ
2634 819 2662 872 6
2690 817 2821 882 Θεὸς
2846 818 2940 870 καὶ
2967 820 3326 890 προδιατυποῖ
3354 826 3440 882 διὰ
3464 829 3558 883 τοῦ

1981 911 2289 981 προϐάτου·
2324 912 2433 967 τῶν
2463 914 2572 985 γάρ
2613 916 2928 984 Αἰγυπτίων
2958 916 3026 970 τά
3065 921 3388 991 πρωτότοκα
3423 927 3559 996 μέλ-

1979 1005 2086 1060 λων
2121 1008 2428 1071 ἀπολλύειν,
2470 1010 2556 1064 ἵνα
2605 1010 2680 1081 μὴ
2726 1012 3154 1083 συναναιρεθῶσι
3203 1017 3299 1070 καί
3339 1019 3408 1072 τά
3447 1021 3558 1076 τῶν

1979 1101 2111 1155 υἰῶν
2141 1103 2359 1175 Ἰσραήλ
2381 1121 2396 1136 ·
2420 1105 2475 1157 τί
2506 1101 2596 1158 οὖν
2622 1123 2636 1137 ·
2669 1106 2757 1159 ἵνα
2791 1106 3039 1176 γένηται,
3064 1112 3228 1180 φησὶν
3249 1114 3276 1165 6
3295 1115 3557 1186 Μωῦσῆς,

1983 1200 2191 1270 μήποτε
2238 1202 2266 1254 ὀ
2305 1199 2604 1272 ὀλοθρεύων
2648 1200 2880 1270 ἄγγελος
2913 1203 3308 1280 συνολοθρεύσῃ
3352 1210 3420 1262 τὰ
3449 1211 3559 1266 τῶν

1978 1296 2112 1350 υἱῶν
2151 1296 2368 1368 Ἰσραὴλ
2401 1296 2756 1368 πρωτότοκα·
2797 1298 2852 1350 τί
2886 1295 3012 1365 οὖν;
3044 1299 3189 1369 λέγει
3222 1307 3359 1376 πρὸς
3393 1309 3558 1363 αὐτὸν

1977 1395 2006 1448 6
2029 1395 2191 1459 Θεός·
2224 1395 2594 1466 παράγγειλον
2621 1398 2736 1458 τοῖς
2760 1396 2896 1460 υἱοῖς
2933 1397 3167 1470 Ἰσραὴλ,
3197 1401 3291 1453 καί
3321 1401 3559 1460 λαϐέτω-

1979 1511 2078 1547 σαν
2108 1486 2379 1565 πρόϐατον
2400 1493 2650 1565 ἄμωμον,
2671 1495 2856 1565 ἄρσεν,
2885 1495 3175 1561 ἐνιαύσιον,
3194 1500 3336 1552 κατὰ
3358 1519 3558 1572 συγγε-

1977 1588 2125 1654 νείας
2161 1588 2336 1642 αὐτῶν
2353 1606 2367 1619 ·
2395 1589 2500 1644 κᾶν
2527 1589 2602 1661 μὴ
2628 1591 2922 1662 εὐπορῶσι,
2948 1591 3101 1662 φησί,
3125 1594 3319 1662 γείτων
3343 1598 3559 1664 γείτονα

1980 1686 2326 1755 συγκαλέσει,
2372 1687 2467 1740 καὶ
2511 1687 2802 1756 συγγένεια
2847 1687 3164 1757 συγγένειαν
3209 1695 3556 1763 συγκαλέσει,

1977 1785 2074 1838 καὶ
2104 1783 2246 1838 οὕτω
2274 1784 2527 1849 λαϐόντες
2573 1786 2634 1838 τὸ
2674 1785 2963 1856 πρόϐατον,
2995 1788 3269 1858 πρόϐατον
3303 1791 3557 1866 ἄμωμον,

1977 1878 2166 1950 ἄρσεν,
2193 1880 2481 1946 ἐνιαύσιον,
2509 1881 2731 1946 θύσατε,
2762 1882 2917 1952 φησὶ,
2948 1884 3090 1938 κατὰ
3113 1890 3434 1956 συγγενείας
3462 1893 3556 1945 καὶ

1977 1977 2096 2031 κατ’
2123 1977 2306 2042 οἴκους
2332 1977 2594 2050 πατριῶν.
2619 1979 2730 2031 Καὶ
2747 1978 2814 2031 τά
2840 1979 2938 2049 μὲν
2964 1981 3104 2052 κρέα
3122 1983 3287 2037 αὐτοῦ
3315 1987 3558 2055 φάγεσθε

1975 2071 2119 2127 ὀπτά
2144 2073 2304 2144 πυρί·
2337 2073 2502 2146 μηδὲν
2524 2075 2585 2138 ἐξ
2609 2073 2788 2128 αὐτῶν
2817 2077 3200 2148 καταλείψεται
3219 2097 3231 2110 ·
3255 2081 3317 2134 τὸ
3343 2082 3399 2136 δὲ
3421 2079 3561 2155 αἷμα

1976 2170 2139 2224 αὐτοῦ
2159 2171 2385 2242 χρίσατε
2413 2173 2492 2236 εἰς
2520 2173 2619 2236 τὰς
2655 2173 2817 2243 φλιάς
2845 2175 3020 2245 ὑμῶν.
3057 2179 3303 2248 Φάγεσθε
3336 2181 3391 2236 δέ
3427 2184 3560 2238 αὐτὸ

1978 2267 2132 2338 φησί,
2184 2267 2618 2338 περιεζωσμένοι
2662 2270 2762 2340 τὴν
2794 2270 2990 2340 ὀσφύν·
3035 2273 3106 2326 τά
3139 2275 3462 2348 ὑποδήματα
3501 2282 3561 2334 ἐν

1975 2366 2086 2427 τοῖς
2128 2363 2285 2416 ποσὶν
2336 2362 2522 2434 ὑμῶν·
2553 2365 2647 2418 καὶ
2697 2365 2854 2420 τοῦτο
2889 2367 2966 2432 ὡς
3016 2370 3297 2442 ὁδοιπόρου
3336 2376 3558 2445 σχῆμα.

1975 2460 2024 2512 οἱ
2057 2458 2240 2530 λύχνοι
2280 2459 2436 2530 ὑμῶν
2474 2459 2792 2532 καιόμενοι·
2827 2462 2914 2517 διὰ
2950 2465 3036 2531 τί;
3089 2464 3328 2540 Ἐσπέρα
3361 2469 3466 2542 γὰρ
3493 2467 3562 2542 ἦν

1976 2555 2488 2626 καταλαμϐάνουσα.
2524 2557 2635 2610 Καὶ
2666 2557 2754 2612 διὰ
2792 2559 2846 2611 τί
2894 2559 3068 2625 οὕτως
3101 2561 3282 2616 ἐδεσθε
3321 2566 3396 2630 ώς
3426 2568 3561 2621 ὀδοι-

1977 2654 2168 2725 πόροι;
2203 2652 2303 2707 Διά
2328 2653 2416 2719 τί;
2452 2653 2563 2720 ἐγὼ
2588 2653 2751 2722 λέγω.
2771 2657 2882 2709 Καὶ
2910 2657 2996 2711 διὰ
3022 2658 3111 2713 τὸν
3133 2660 3322 2728 τύπον,
3351 2666 3444 2717 καί
3469 2666 3559 2719 διά

1974 2753 2076 2822 τὴν
2123 2750 2410 2820 ἀλήθειαν·
2469 2749 2655 2821 ἐπειδὴ
2711 2751 2970 2816 πολλάκις
3019 2755 3231 2828 ἐπλήγη
3265 2760 3294 2812 6
3337 2761 3558 2832 Φαραὼ,

1977 2845 2071 2900 καὶ
2092 2846 2192 2899 οὐκ
2212 2845 2480 2899 ἀπέλυσεν
2503 2846 2699 2911 αὐτούς
2719 2863 2732 2879 ·
2758 2850 2850 2900 καὶ
2875 2849 3058 2918 ἔλεγεν
3083 2853 3266 2916 αὐτοῖς
3286 2856 3420 2909 Μωῦ
3430 2857 3526 2927 σῆς
3540 2875 3555 2888 ·

1977 2942 2273 3012 πλήττεται
2304 2945 2543 3015 σήμερον
2575 2945 2671 2998 καὶ
2701 2945 2958 2999 ἀπολύει·
2998 2949 3297 3020 ἐπλήσσετο
3332 2955 3424 3006 καὶ
3459 2955 3559 3009 οὐκ

1977 3039 2213 3094 ἀπέλυεν
2233 3057 2244 3068 ·
2275 3039 2494 3094 ἔννατον
2524 3040 2732 3120 ἐπλήγη
2764 3043 2855 3095 καὶ
2885 3043 2986 3096 οὐκ
3017 3044 3286 3100 ἀπέλυσεν
3325 3049 3521 3113 αὐτούς
3540 3068 3556 3082 ·

1977 3139 2042 3208 τῇ
2077 3137 2277 3208 δεκάτῃ
2307 3137 2364 3191 δέ
2403 3137 2637 3208 ἧμελλεν
2686 3140 2884 3204 αὐτοὺς
2921 3142 3175 3197 ἀπολύειν
3196 3161 3210 3174 ·
3243 3146 3563 3219 ὁδοιπόριον,

1977 3233 2158 3303 λέγει,
2190 3235 2385 3288 λάϐετε
2439 3236 2661 3308 σχῆμα·
2699 3237 2838 3308 μετά
2870 3239 2980 3308 γάρ
3029 3241 3091 3294 τὸ
3137 3248 3330 3310 φαγεῖν
3379 3245 3562 3315 ὑμᾶς,

1977 3319 2129 3372 οὐδὲν
2173 3319 2348 3372 κοινὸν
2379 3319 2507 3390 ὑμῖν
2553 3320 2690 3392 πρὸς
2735 3322 2834 3392 τὴν
2880 3323 3180 3392 Αἴγυπτον·
3223 3327 3413 3382 λάϐετε
3445 3327 3564 3396 οὖν,

1979 3418 2134 3487 φησὶ,
2177 3415 2448 3486 πρόϐατον
2487 3416 2738 3488 ἄμωμον,
2785 3417 2972 3489 ἄρσεν,
3014 3421 3305 3488 ἐνιαύσιον,
3343 3427 3435 3479 καί
3469 3427 3564 3480 θύ-

1980 3529 2107 3565 σατε
2163 3512 2322 3564 αὑτό·
2381 3511 2476 3566 καὶ
2524 3513 2750 3583 χρίσατε
2801 3515 2862 3566 τὸ
2901 3509 3039 3586 αἷμα
3089 3518 3254 3570 αὐτοῦ
3309 3520 3402 3573 ἐπί
3463 3523 3563 3586 τὰς

1961 3607 2139 3678 ,φλιὰς
2175 3607 2351 3679 ὑμῶν,
2399 3609 2486 3662 ἵνα
2517 3607 2689 3663 ἐλθὼν
2716 3610 2745 3662 ὀ
2783 3609 3033 3677 ἄγγελος,
3074 3613 3176 3666 κᾶν
3201 3613 3267 3666 δι’
3319 3616 3563 3681 ἐκείνους

1981 3705 2056 3774 μὴ
2082 3705 2359 3774 φείσηται,
2391 3703 2482 3758 διά
2527 3705 2617 3757 τὸν
2651 3705 2822 3760 τύπον
2862 3706 2956 3758 τοῦ
3009 3706 3244 3777 αἵματος
3285 3711 3559 3783 φείσηται.

1978 3800 2163 3854 Ταῦτα
2193 3802 2253 3854 οὐ
2291 3799 2380 3854 διὰ
2402 3801 2494 3856 τὸν
2515 3800 2747 3870 ἄγγελον
2769 3802 3004 3870 ἐγένετο,
3037 3803 3174 3858 ἀλλὰ
3209 3806 3298 3860 διὰ
3331 3809 3391 3862 τὸ
3422 3805 3563 3880 αἷμα

1978 3897 2038 3950 τὸ
2059 3896 2160 3968 ἐμὲ
2189 3896 2368 3951 σῶσαν
2393 3913 2407 3928 ·
2435 3896 2497 3949 οὐ
2536 3897 2645 3974 γάρ
2679 3896 2910 3966 ἠδύνατο
2936 3899 2966 3950 6
2999 3899 3229 3969 ἄγγελος
3250 3903 3312 3956 τὸ
3354 3905 3564 3975 παράλ-

1977 3994 2138 4066 ληλον
2169 3993 2278 4048 τῶν
2299 3995 2614 4062 Αἰγυπτίων
2655 3995 2751 4049 καὶ
2785 3995 3054 4050 Ἰουδαίων
3080 3998 3407 4066 διαγνῶναι;
3439 4005 3468 4055 6
3492 4003 3562 4056 τά

1981 4091 2300 4170 πρωτότοκα
2343 4088 2533 4156 εἰδὼς,
2574 4090 2906 4159 Αἰγυπτίους
2963 4094 3058 4146 καὶ
3099 4095 3380 4167 Ἐϐραίους
3439 4099 3561 4152 δια-

1979 4185 2181 4256 γνῶναι
2213 4187 2313 4240 ούκ
2358 4186 2610 4257 ἵσχυσεν;
2637 4186 2805 4241 Ὅταν
2835 4183 2928 4244 οὖν
2973 4189 3206 4262 ὀνειδίσῃ
3260 4209 3318 4244 σε
3361 4191 3560 4261 λέγων,

1981 4284 2062 4347 εἰς
2091 4277 2231 4353 αἷμα
2264 4283 2533 4351 ἐλπίζειςς
2563 4284 2686 4339 εἰπὲ
2719 4285 2892 4356 αὐτῷ,
2928 4287 3024 4342 καὶ
3061 4287 3125 4340 σύ
3147 4304 3161 4318 ·
3182 4288 3282 4341 οὐκ
3309 4290 3560 4362 αἰσχύνῃ,

1980 4379 2332 4450 ἀναίσχυντες
2359 4379 2423 4432 σὺ
2457 4380 2536 4442 εἰς
2565 4375 2703 4450 αἷμα
2733 4381 3007 4449 προϐάτου
3037 4382 3270 4453 ἐσώθης,
3303 4383 3458 4454 κάγὼ
3482 4388 3566 4450 εἰς

1981 4469 2123 4547 αἷμα
2156 4474 2425 4528 Δεσπότου
2474 4474 2536 4528 οὐ
2582 4473 2866 4546 σώζομαι;
2926 4477 3172 4542 Ἰουδαῖος
3211 4475 3304 4535 οὖν
3343 4482 3561 4550 ἐσθίων,

1981 4572 2260 4640 ἐπείγεται
2281 4570 2664 4640 ἀπαλλαγῆναι
2677 4572 2954 4641 Αἰγύπτου
2973 4589 2986 4603 ·
3006 4576 3330 4646 Χριστιανὸς
3344 4578 3560 4644 ἐσθίων,

1982 4669 2285 4739 ἐπειγέσθω
2313 4669 2692 4741 ἀπαλλαγῆναι
2730 4674 2826 4727 τοῦ
2866 4675 3095 4744 κόσμου.
3128 4677 3237 4730 Καὶ
3268 4677 3378 4748 γάρ
3416 4696 3499 4732 σοι
3533 4683 3563 4734 6

1983 4769 2192 4834 Παῦλος
2233 4769 2375 4823 οὕτω
2409 4772 2761 4841 χρηματίζει·
2811 4774 3180 4829 Ἐνδύσασθε
3212 4775 3445 4845 θώρακα
3476 4779 3564 4831 δι-

1983 4868 2316 4935 καιοσύνης
2335 4883 2348 4896 ·
2370 4867 2765 4936 ὑποδήσασθε
2787 4869 2930 4936 τοὺς
2951 4871 3138 4937 πόδας
3166 4873 3237 4926 ἐν
3254 4873 3564 4943 ἑτοιμασίᾳ

1982 4970 2088 5026 τοῦ
2124 4971 2477 5040 εὐαγγελίου
2506 4970 2615 5038 τῆς
2635 4971 2898 5039 εἰρήνης.

2066 5082 2214 5135 Ἐκεῖ
2263 5081 2602 5152 ὑποδήματα,
2639 5081 2731 5135 καὶ
2765 5079 2998 5135 ἐνταῦθα
3041 5083 3401 5154 ὑποδήματα·
3449 5088 3566 5139 ἐκεῖ

1985 5177 2288 5250 βακτηρία,
2357 5177 2590 5231 ἐνταῦθα
2652 5177 2862 5249 θώραξ·
2921 5181 2950 5232 ὀ
2999 5180 3239 5251 Μωῦσῆς
3301 5181 3378 5242 ὡς
3431 5181 3563 5233 ὁδοι-

1983 5278 2202 5350 πόροις,
2255 5277 2285 5328 6
2338 5275 2546 5339 Παῦλος
2614 5275 2690 5338 ώς
2741 5275 3133 5348 στρατιώταις·
3199 5280 3393 5332 ἐκεῖνοι
3455 5278 3564 5330 ἀπὸ

1982 5374 2086 5445 γῆς
2138 5375 2219 5437 εἰς
2256 5373 2382 5444 γῆν,
2429 5373 2518 5426 διὰ
2561 5372 2721 5426 τοῦτο
2767 5375 3066 5446 ὁδοιπόροι·
3129 5373 3242 5442 ἐγὼ
3295 5373 3402 5426 ἀπὸ
3463 5373 3562 5444 γῆς

1983 5471 2062 5535 εἰς
2111 5469 2358 5540 οὐρανὸν.
2407 5469 2494 5524 διά
2548 5470 2704 5524 τοῦτο
2749 5472 3117 5543 στρατιώτης·
3179 5469 3266 5524 διὰ
3305 5471 3390 5537 τί;
3440 5470 3563 5522 Ὅτι

1982 5567 2015 5636 ἡ
2069 5565 2184 5629 ὁδός
2234 5583 2334 5635 μου
2397 5565 2714 5638 λῃστεύεται
2761 5568 2903 5623 κατά
2953 5567 3043 5621 τὸν
3087 5568 3246 5638 ἀέρα,
3314 5565 3564 5637 δαίμονές

1988 5681 2075 5735 μοι
2129 5663 2432 5720 ἀπαντῶσι.
2476 5663 2577 5716 Διά
2617 5665 2774 5717 τοῦτο
2825 5664 2931 5734 ἐχω
2978 5664 3079 5735 τὴν
3114 5666 3425 5737 παρρησίαν
3472 5680 3566 5730 γε-

1988 5762 2366 5833 γιμψνιοκειένην,
2429 5759 2515 5815 διὰ
2583 5759 2738 5814 τοῦτο
2796 5761 2880 5815 τὸν
2939 5758 3162 5830 θώρακα
3213 5764 3310 5835 τῆς
3365 5761 3572 5813 δικαιο-
