4080 6198
380 364 483 422 7-35

365 483 502 540 ciam
531 482 852 540 denudatam
882 485 1072 556 habeo,
1101 488 1216 545 ideo
1251 489 1523 549 thoracem
1551 497 1771 565 justitia:
1795 541 1810 565 ,
1840 497 1962 556 ideo

365 578 637 648 cingulum
668 579 943 634 veritatis:
973 597 1076 635 non
1098 597 1217 637 sum
1249 583 1390 638 enim
1412 587 1584 642 viator
1610 596 1834 654 tantum,
1864 591 1958 646 sed

365 671 528 722 etiam
561 669 734 723 miles.
765 670 994 742 Angusta
1016 681 1064 726 et
1086 685 1225 727 arcta
1255 676 1334 728 via
1359 685 1450 743 est,
1483 695 1597 748 qua:
1621 680 1755 733 ducit
1783 681 1852 734 ad
1877 684 1954 736 vi-

367 771 470 813 tam
495 763 513 830 (
545 761 736 816 Matth.
762 765 813 817 7.
841 765 906 819 14
995 766 1126 823 Vide
1156 768 1317 839 igitur
1350 772 1618 840 quomodo
1643 772 1837 828 Paulus
1864 789 1952 829 res

365 852 545 924 ipsas,
589 853 798 911 Movses
841 872 970 912 vero
1014 857 1212 929 ﬁguras
1263 859 1595 917 administret
1628 879 1642 918 :
1673 864 1942 935 quomodo

404 1036 2720 1078 mm

1450 380 1536 437 DE
1576 382 1844 441 SANCTA
1885 386 2155 446 THECLA
2199 391 2554 448 MARTYRE.

3551 403 3655 460 746

2073 501 2312 567 sensilia.
2345 515 2394 561 et
2423 507 2689 576 quomodo
2721 506 3014 577 spiritualia
3046 522 3104 563 se
3135 506 3386 563 habeant.
3433 509 3657 566 Studea-

2067 610 2188 650 mus
2220 595 2377 669 igitur
2414 609 2465 652 ct
2519 614 2616 652 nos
2637 643 2650 663 ,
2679 599 2892 662 dilecti,
2925 599 3192 653 Abraham
3224 600 3439 666 imitari,
3477 612 3530 656 ut
3561 602 3658 657 ho-

2063 687 2222 755 Spitio
2266 689 2597 757 exeipiamur
2630 692 2678 743 in
2715 690 2828 760 ejus
2855 691 3004 754 sinu,
3041 691 3209 760 gratia
3239 701 3292 746 et
3330 692 3656 762 benignitate

2063 777 2271 832 Domini
2312 781 2476 834 nostri
2499 779 2624 834 Jesu
2654 781 2884 846 Christi,
2915 783 2999 835 cui
3043 782 3210 852 gloria
3243 792 3296 837 et
3335 783 3644 853 imperium,

2056 882 2198 923 nunc
2224 879 2278 924 et
2305 885 2534 940 semper,
2557 881 2610 926 et
2640 871 2691 926 in
2722 871 2914 926 sarcula
2939 873 3278 928 saeculorum.
3311 875 3504 928 Amen.

3019 1054 3590 1098 ω

1811 1408 2158 1468 ΜΟΝΙΤΠΜ
2168 1454 2181 1467 .

364 1628 422 1684 in
449 1626 807 1696 Sophoniam,
831 1628 1090 1686 mulieres
1115 1630 1286 1688 fuisse
1316 1632 1452 1688 dicit
1480 1633 1868 1704 Apostolorum
1902 1637 2192 1707 Apostolas
2217 1656 2231 1692 :
2273 1652 2382 1692 non
2415 1637 2563 1708 quod
2597 1636 2827 1693 docendi
2865 1653 3065 1694 munus
3096 1637 3148 1692 in
3173 1636 3415 1692 Ecclesia
3455 1653 3617 1693 usur-

361 1750 504 1822 parit
533 1749 754 1817 Thecla,
788 1760 846 1806 ut
881 1752 1123 1809 haeretici
1166 1769 1233 1810 ex
1275 1753 1425 1812 Actis
1463 1755 1583 1826 ejus
1613 1757 1940 1828 apocrypbis
1971 1758 2346 1822 assumebant,
2395 1766 2532 1813 teste
2573 1756 2910 1814 Tertulliano
2951 1757 3018 1812 de
3055 1756 3334 1828 Baptismo
3361 1772 3412 1813 e.
3454 1755 3543 1821 17.
3570 1764 3628 1813 et

366 1863 694 1938 llierooymo
725 1867 793 1924 de
841 1867 1211 1940 Scriptoribus
1253 1873 1655 1930 Ecclesiasticis
1693 1873 1746 1929 in
1791 1873 1972 1941 Luca;
2029 1875 2321 1946 sedquod,
2360 1885 2420 1930 ut
2449 1874 2567 1929 Ado
2602 1874 2812 1938 scribit,
2853 1873 3102 1944 exemplo
3125 1883 3180 1928 et
3210 1873 3626 1930 conversatione

363 1981 486 2038 vita:
522 1993 686 2055 atque
721 1987 885 2043 etiam
921 1988 1165 2045 doctrina
1193 1991 1460 2062 plurimos
1493 1993 1776 2049 erudierit.
1802 1991 1859 2048 lu
1892 1993 2083 2050 llorol.
2117 1994 2432 2050 Graecorum
2465 1994 2588 2066 lego
2623 1993 2693 2048 24
2723 1992 2975 2063 Septemb
3016 2010 3031 2048 :
3064 1991 3178 2063 Τῆς
3217 1990 3380 2060 ἁγίας
3413 2006 3626 2061 πρωτο-

367 2099 542 2172 μάρτυ
551 2117 642 2171 ρος
661 2103 756 2158 καὶ
796 2104 1155 2159 ισαποστόλου
1181 2105 1392 2177 Θέκλης
1411 2123 1425 2138 °
1449 2119 1506 2162 at
1527 2107 1581 2162 in
1609 2107 1929 2164 Calendaria

2033 2125 2141 2164 rum
2175 2107 2367 2165 Latine
2393 2109 2622 2173 reddito,
2652 2107 2842 2162 Thecla
2875 2117 3080 2178 martyr
3117 2106 3396 2162 mulierum
3427 2107 3624 2174 prima.

368 2216 459 2272 Sic
482 2220 646 2303 etiam
681 2219 813 2275 ibid.
848 2219 1049 2276 9.21.11.
1085 2220 1144 2276 S.
1183 2221 1351 2279 Maria
1395 2221 1702 2294 Magdalen.
1748 2223 2119 2288 ἱσαπὸστολος,
2150 2223 2377 2294 aequalis
2430 2222 2726 2294 Apostolis,
2761 2222 2963 2278 dicitur
2996 2241 3008 2277 :
3047 2221 3245 2292 Evagr.
3282 2221 3318 2275 l.
3344 2236 3428 2286 ιιι,
3457 2237 3507 2276 c.
3547 2222 3580 2276 8
3613 2240 3627 2276 :

362 2329 548 2400 Ζήνων
571 2328 1013 2403 παροτρύνουσαν
1044 2330 1377 2402 Θεασάμενος
1405 2331 1502 2402 τὴν
1536 2332 1697 2401 ἁγίαν
1721 2333 1816 2386 καὶ
1851 2331 1929 2384 ποῖ

2033 2330 2149 2385 Βλον
2183 2332 2629 2404 πρωτομάρτυρα
2661 2333 2902 2387 Θέκλανο
2931 2331 3074 2386 Zeno
3107 2347 3198 2400 per
3219 2331 3468 2386 visionem
3508 2347 3633 2384 con-

363 2446 598 2513 spicatus
632 2456 897 2513 sanctam,
921 2457 1195 2502 strenuam
1228 2459 1278 2502 et
1307 2449 1562 2503 eximiam
1586 2458 1878 2520 martyrem
1910 2447 2178 2504 Theclam.
2215 2466 2235 2498 ι

432 2567 814 2639 l‘uterprelatio
842 2570 1034 2626 Latina
1064 2581 1146 2627 est
1180 2571 1427 2641 ejusdem
1451 2571 1745 2627 Frontonis
1767 2569 1971 2626 Ducaai.

422 2813 726 2836 -———-—~

1105 3021 1698 3110 LAUDATIO
1752 3025 1840 3109 S.
1894 3022 2887 3114 PROTOMARTYRIS

1542 3205 1622 3247 er
1665 3201 1999 3248 aros'ross
2040 3202 2308 3246 rasum
2353 3189 2454 3265 (a).

1811 3324 2182 3381 κωπῆς

420 3469 558 3525 Laus
627 3469 926 3541 virginitatis
991 3477 1038 3522 et
1085 3465 1289 3522 Thecla:
1347 3464 1552 3536 nuptias
1616 3462 1931 3534 negligentis.

346 3593 417 3606 —
466 3563 755 3618 Pra-claras
814 3563 967 3618 nobis
1024 3571 1328 3615 sanctorum
1391 3556 1651 3628 imagines
1707 3555 1936 3626 Spiritus

348 3657 521 3712 Sancti
550 3656 718 3726 gratia
749 3654 1033 3708 memorias
1055 3667 1262 3707 annuas
1289 3651 1524 3721 ipsorum
1550 3649 1742 3712 erexit,
1770 3657 1824 3703 et
1841 3662 1934 3702 ac-

349 3749 520 3802 tiones
561 3759 846 3816 progressu
889 3745 1143 3815 temporis
1177 3744 1228 3797 in
1276 3741 1601 3797 oblivionem
1655 3740 1932 3795 venientes

350 3847 608 3907 perpetuo
653 3847 897 3892 recentes
947 3847 1250 3891 conservat.
1307 3835 1518 3889 Etenim
1565 3831 1932 3902 unusquisque

346 3941 466 3982 cum
497 3936 760 3997 tamquam
789 3925 840 3981 in
871 3926 1154 3996 imaginem
1194 3926 1245 3979 in
1289 3923 1600 3980 memoriam
1641 3921 1928 3989 inciderit,

345 4017 614 4072 actionum
645 4018 1088 4087 pulchritudinem
1109 4015 1525 4086 contemplatur,
1556 4025 1612 4070 et
1638 4014 1931 4070 insidentes

343 4109 618 4163 memoria:
668 4110 884 4180 imagini
927 4118 1132 4180 spectat
1172 4109 1432 4164 actiones.
1480 4108 1560 4162 Ac
1586 4107 1716 4161 mihi
1745 4105 1931 4160 videor

343 4201 608 4257 hodierno
633 4200 722 4256 die
750 4201 961 4256 beatam
991 4201 1137 4255 illam
1175 4200 1404 4270 puellam
1431 4211 1699 4268 tamquam
1720 4199 1773 4252 in
1796 4198 1929 4251 ima-

340 4293 465 4364 gine
515 4301 745 4348 stantem
785 4293 1057 4349 memoria:
1079 4294 1456 4364 contemplari,
1489 4303 1542 4348 et
1573 4293 1672 4348 hac
1710 4290 1925 4362 quidem

341 4400 504 4441 manu
541 4384 611 4440 de
640 4385 1016 4456 voluptatibus,
1048 4386 1136 4440 illa
1163 4401 1290 4442 vero
1313 4385 1380 4440 de
1407 4384 1654 4455 periculis
1683 4390 1925 4454 reporta-

341 4485 447 4532 tam
473 4491 726 4532 coronam
755 4476 1188 4546 protendentem;
1217 4485 1376 4547 atque
1405 4475 1504 4530 hac
1523 4475 1736 4546 quidem
1760 4474 1923 4544 virgi-

337 4568 582 4634 nitatem,
625 4567 714 4620 illa
744 4582 874 4622 vero
917 4567 1230 4639 martyrium
1277 4567 1502 4621 Domino
1552 4565 1922 4620 universorum

336 4658 676 4714 offerentem.
702 4659 831 4713 Erat
861 4659 1024 4730 igitur
1054 4659 1108 4713 in
1140 4659 1252 4729 ipsa
1281 4658 1442 4713 etiam
1473 4657 1768 4727 virginitas,
1797 4671 1920 4727 quae

339 4751 466 4819 illis,
490 4753 582 4823 qui
629 4768 744 4808 rem
773 4760 1022 4807 accurate
1065 4751 1402 4822 perpendunt
1427 4791 1442 4817 ,
1471 4764 1719 4820 magnum
1745 4747 1920 4818 quod-

333 4844 460 4899 dam
500 4845 812 4917 martyrium
852 4853 980 4900 ante
1006 4844 1322 4915 martyrium
1355 4841 1582 4897 videtur.
1613 4841 1748 4896 Sunt
1776 4840 1918 4896 enim

333 4939 582 4995 crudeles
607 4939 820 5009 quidam
850 4937 1132 4994 carniﬁces
1153 4937 1394 5007 corporis
1433 4935 1732 5005 voluptates
1761 4950 1776 4997 ;
1811 4934 1920 4990 imo

331 5047 464 5086 vero
490 5033 827 5087 carniﬁcibus
855 5032 1186 5088 crudeliores
1225 5047 1241 5086 :
1273 5047 1395 5086 nam
1419 5030 1644 5084 vinculis
1670 5038 1920 5099 torquent

328 5137 442 5178 non
470 5124 786 5180 manulactis
813 5141 826 5177 :
861 5141 958 5194 per
984 5126 1170 5180 oculos
1209 5125 1441 5178 animam
1473 5123 1792 5187 vulnerant;
1822 5135 1918 5190 per

327 5227 490 5268 aures
529 5215 728 5269 mentis
769 5215 931 5285 rigori
969 5226 1128 5285 atque
1162 5213 1476 5269 constantia:
1520 5213 1743 5267 luxuria:
1772 5211 1914 5267 faces

327 5304 620 5359 admovent
649 5323 666 5372 ;
698 5322 891 5376 aspero
912 5307 1121 5377 ﬂagello
1147 5308 1475 5362 intellectum
1498 5305 1786 5376 ﬂagellant,
1819 5319 1914 5358 no-

323 5399 410 5453 vis
452 5399 678 5457 subinde
710 5401 906 5472 proeliis
955 5418 1052 5458 nos
1089 5415 1304 5459 vexant.
1343 5403 1565 5470 Quando
1593 5401 1712 5472 quis
1745 5401 1913 5456 oculis

322 5490 620 5547 excitatam
651 5491 924 5558 indixerit,
958 5511 1024 5550 ne
1055 5495 1251 5551 formas
1275 5505 1536 5566 spectent,
1561 5504 1669 5549 tum
1697 5494 1748 5550 id
1771 5494 1910 5565 quod

322 5586 568 5642 clausum
593 5596 698 5655 est,
733 5601 974 5646 reserant
1001 5591 1300 5661 voluptates
1325 5634 1339 5658 ,
1370 5601 1424 5645 et
1467 5589 1676 5644 lascivis
1693 5605 1789 5659 per
1813 5604 1906 5644 au-

384 5691 459 5757 (οἱ
491 5695 670 5749 Donata
704 5689 815 5749 cum
833 5700 1004 5752 Codice
1028 5707 1144 5765 llcg.
1167 5699 1306 5759 235,
1345 5698 1430 5764 qui
1453 5711 1550 5749 non
1574 5702 1740 5753 variat.

2047 3475 2136 3517 res
2181 3462 2464 3519 cantilenis
2501 3465 2779 3522 resolvunt
2813 3485 2826 3522 :
2856 3470 3070 3538 quando
3101 3472 3156 3526 in
3205 3487 3363 3530 aures
3391 3480 3637 3536 cantibus

2040 3555 2358 3612 meretriciis
2397 3558 2640 3614 occlusas
2683 3559 3004 3630 inciderint,
3035 3572 3143 3618 tum
3173 3565 3456 3626 libidinose
3483 3574 3628 3642 cogi-

2040 3646 2328 3702 tationibus
2354 3656 2558 3704 ornatae
2596 3649 2864 3705 illudunt:
2913 3653 3126 3722 quando
3150 3655 3269 3711 illas
3305 3673 3404 3727 per
3427 3662 3634 3730 omnia,

2040 3745 2097 3790 ut
2123 3737 2308 3806 paucis
2332 3740 2680 3809 complectar,
2711 3741 2989 3812 vigilantes
3021 3749 3470 3818 superaverimus,
3501 3751 3622 3807 dor-

2037 3827 2264 3884 mientes
2295 3831 2561 3885 umbratili
2590 3847 2764 3903 pugna
2799 3833 3051 3891 divexant
3080 3854 3094 3892 :
3134 3839 3205 3892 ita
3233 3855 3334 3895 nos
3355 3845 3628 3913 perpetuis

2036 3926 2091 3973 et
2119 3919 2174 3974 in
2203 3918 2390 3974 orbem
2425 3921 2773 3979 redeuntibus
2820 3925 3018 3995 praeliis
3055 3939 3279 3998 urgent,
3307 3947 3426 4002 qua:
3455 3949 3628 4005 neque

2033 4027 2156 4068 cum
2173 4015 2286 4069 sole
2303 4014 2619 4084 excitantur,
2637 4033 2809 4088 neque
2823 4034 2944 4075 cum
2973 4029 3130 4078 nocte
3143 4022 3439 4092 sopiuntur.
3468 4026 3635 4083 Porro

2035 4104 2082 4160 si
2105 4105 2439 4175 juventutem
2469 4108 2633 4164 etiam
2661 4125 2925 4182 aggressa:
2951 4111 3167 4178 fuerint,
3202 4122 3312 4169 tum
3339 4131 3466 4171 vero
3493 4117 3631 4188 ignis

2032 4209 2152 4250 cum
2197 4197 2318 4266 igne
2345 4198 2656 4255 miscebitur
2681 4241 2700 4269 ,
2745 4201 2937 4272 stipula
2966 4217 3086 4257 cum
3121 4203 3336 4260 fornace
3355 4204 3628 4276 jungetur.

2032 4283 2210 4341 Facile
2274 4303 2504 4358 namque
2550 4289 2914 4360 voluptatibus
2975 4291 3228 4363 juventus
3273 4294 3624 4353 incenditur:

2029 4377 2228 4447 quippe
2254 4393 2372 4448 qua:
2405 4379 2652 4450 pinguior
2682 4381 2787 4437 olei
2816 4382 2870 4436 in
2917 4397 3120 4440 morem
3161 4394 3218 4441 et
3264 4388 3438 4457 aptior
3464 4389 3534 4443 sit
3557 4389 3626 4445 ad

2029 4465 2499 4525 inﬂammationem
2519 4512 2538 4539 ,
2576 4481 2636 4526 ut
2675 4471 2743 4528 ad
2771 4476 3134 4544 temperantia:
3171 4476 3382 4533 labores
3427 4477 3626 4536 delica-

2029 4561 2151 4616 tior.
2181 4563 2312 4630 Qua:
2332 4561 2581 4620 nimirum
2609 4567 2787 4621 omnia
2812 4567 2983 4623 beata:
3016 4567 3204 4640 virgini
3230 4571 3445 4642 longum
3477 4588 3624 4629 mar-

2028 4655 2223 4727 tyrium
2268 4656 2626 4728 virginitatem
2662 4657 2992 4724 reddebant,
3024 4675 3143 4730 qua:
3187 4676 3310 4717 cum
3340 4662 3624 4734 voluptati-

2025 4745 2146 4815 bus,
2169 4757 2226 4803 ut
2250 4763 2370 4804 cum
2398 4748 2581 4804 bestiis
2609 4758 2833 4820 martyr,
2855 4751 3123 4821 pugnabat
3153 4768 3166 4804 :
3199 4767 3320 4808 cum
3341 4755 3622 4825 cogitatio-

2026 4841 2203 4909 nibus,
2234 4849 2296 4896 ut
2341 4841 2432 4898 ille
2457 4856 2580 4898 cum
2608 4843 2932 4898 cruciatibus
2975 4843 3276 4901 luctabatur
3304 4863 3318 4900 :
3351 4861 3472 4902 eum
3502 4848 3624 4905 libi-

2023 4931 2206 4988 dinum
2247 4932 2712 5017 imaginationibus
2751 4935 2902 5004 quasi
2938 4949 3060 4990 cum
3091 4939 3368 4994 tormentis
3400 4941 3619 4996 carniﬁ-

2022 5040 2144 5080 cum
2169 5026 2612 5098 congrediebatur
2638 5044 2654 5082 :
2686 5026 2782 5083 sed
2820 5027 2889 5082 ab
2913 5027 3004 5083 illo
3047 5036 3223 5086 tamen
3249 5031 3526 5103 multiplici
3555 5049 3620 5091 ac

2020 5117 2316 5175 domestico
2349 5118 2488 5175 bello
2513 5120 2788 5175 victoriam
2817 5121 3125 5192 reportabat
3156 5140 3170 5177 :
3210 5124 3470 5194 siquidem
3497 5127 3619 5196 igne

2020 5212 2247 5266 naturali
2294 5212 2568 5269 ardentior
2615 5213 2690 5268 illi
2733 5224 2850 5271 erat
2893 5215 3031 5286 ignis
3076 5217 3239 5272 animi
3280 5227 3335 5272 et
3379 5225 3614 5274 sanctus.

2019 5304 2308 5360 Enimvero
2349 5306 2539 5376 puella:
2575 5316 2762 5364 natura
2804 5307 3067 5375 cedebat,
3093 5320 3147 5364 et
3171 5325 3289 5380 qua:
3316 5309 3455 5378 apud
3482 5310 3615 5367 alios

2017 5395 2320 5453 dominatur
2348 5407 2402 5454 et
2426 5399 2492 5455 ad
2518 5400 2715 5455 coitum
2750 5398 2906 5468 furit,
2947 5399 3087 5469 apud
3112 5398 3363 5454 Thcclam
3393 5401 3612 5471 virgini-

2019 5501 2180 5548 tatem
2211 5492 2514 5548 exercebat.
2565 5491 2820 5548 Parentes
2858 5508 2986 5547 vero
3015 5507 3138 5545 cum
3181 5491 3302 5544 ﬁlia:
3334 5491 3460 5547 inita
3489 5509 3611 5550 eum

2017 5583 2316 5654 virginitate
2343 5593 2496 5654 pacta
2524 5599 2630 5638 non
2657 5593 2914 5650 nossent,
2949 5596 3120 5652 neque
3149 5581 3369 5638 l‘mderis
3397 5585 3609 5653 nuptia-

2017 5693 2136 5734 rum
2157 5693 2277 5734 cum
2322 5677 2410 5736 illa
2440 5675 2695 5751 jungendi
2724 5691 2884 5734 causa
2927 5675 3197 5733 Christum
3229 5676 3510 5732 Dominum
3541 5683 3610 5740 de
