2040 3099
232 166 282 194 747

232 224 299 251 ca-lo
312 223 436 251 dextram
449 222 554 249 dedisse
564 242 571 254 ,
586 220 675 247 multis
688 227 745 247 eam
766 218 936 252 verbosisque
956 223 1028 242 eom-

233 268 422 296 munitionibus
435 266 470 294 ad
479 266 630 300 coniugium
645 264 790 292 incitabant
804 272 811 290 :
835 267 862 289 at
880 261 952 288 enim
972 260 1027 295 jam

233 321 313 341 aures
328 313 421 348 puella:
444 312 518 340 Pauli
543 311 662 338 carmine
684 309 863 345 personabant
878 317 885 334 :
903 308 966 340 Qua:
978 315 1028 334 non

234 364 268 385 ut
282 363 371 392 nupta,
385 358 478 392 cogitat
489 364 545 392 qum
559 356 660 383 Domini
673 360 740 386 sunt,
753 359 780 381 ut
792 354 824 381 sit
840 358 927 380 sancta
938 359 961 379 et
976 361 1029 379 car-

233 412 293 440 pare
303 408 324 430 ct
339 404 428 437 spiritu
443 403 453 438 (
467 403 492 429 i.
506 401 565 429 Cor.
581 402 607 429 7.
622 401 685 436 54).
708 400 873 435 Virginitatis
895 398 1027 434 extemplo

232 456 329 475 corona
345 449 450 475 dabitur
464 456 472 474 ι
488 448 539 475 hoc
559 448 631 474 illam
645 447 759 481 primum
778 445 964 473 sollicitudinis
983 452 1028 479 ge-

233 501 282 520 nus
311 493 391 520 afﬁcit
412 502 418 519 :
437 493 550 519 sollicita
575 493 645 519 enim
670 495 712 519 est
731 490 923 518 benedictionis
949 490 1026 524 plena

231 539 417 571 sollicitudine,
434 538 546 565 sollicita
569 543 609 564 est
632 545 694 565 cura
716 537 831 564 liberiori
845 536 937 570 quavis
950 536 1026 563 incu-

232 585 281 617 ria,
295 589 323 610 ut
338 585 372 610 sit
393 589 483 610 saneta
504 588 530 610 et
545 590 656 617 corpore
679 587 705 609 et
720 582 824 616 spiritu.
847 581 916 608 Nihil
929 585 970 608 est
988 579 1026 607 illi

230 637 370 656 connnune
385 637 444 656 eum
460 634 540 660 terra,
557 629 626 655 nulla
642 636 702 654 cum
715 627 917 654 connubialibns
931 634 1025 653 neces-

230 675 351 701 sitatibus
361 679 402 701 est
420 674 553 709 cognatio,
567 674 644 708 quale
658 678 699 700 est
712 672 885 699 foruicantem
899 679 1024 706 sponsum

231 721 352 751 tolerare,
367 720 531 755 suspiciones
543 720 622 746 falsas
634 719 777 751 sustinere,
786 717 945 752 procedendi
954 724 1025 751 sape

230 765 330 791 utiliter
355 765 380 791 in
403 764 537 798 publicum
563 768 693 798 potestate
715 762 822 797 privari,
836 762 869 790 de
892 762 1024 789 alimentis

229 811 363 845 inquirere
373 831 380 843 ,
397 815 517 837 ornatam
532 810 669 845 zelotypim
683 809 825 836 obnoxiam
840 816 900 836 esse
912 830 919 842 ,
934 808 1024 843 despi-

228 855 296 882 catui
312 854 388 888 duci,
411 855 563 889 priusquam
591 854 712 889 peperit,
727 856 802 888 quasi
825 861 884 888 qua:
907 853 1023 880 nondum

229 909 296 929 uxor
310 901 376 928 facta
391 901 443 933 sit;
461 901 504 928 ubi
529 901 681 936 pepererit,
697 901 731 927 ob
748 901 857 936 pignora
873 900 898 926 in
913 899 1021 933 crimina

228 947 374 973 incurrere.
387 946 466 973 Parta
480 945 551 973 edita
566 950 606 973 est
623 945 752 980 quaepiam
766 945 880 972 femina?
894 944 964 979 quod
978 952 1024 971 na-

228 996 270 1018 tus
285 999 336 1017 non
352 992 385 1018 sit
399 991 543 1024 masculus,
565 990 685 1017 tetricum
702 990 811 1017 maritus
823 990 923 1017 vultum
946 990 1021 1025 gerit.

228 1038 355 1071 Adjeetus
378 1042 418 1064 est
437 1041 463 1064 et
478 1036 630 1063 masculus?
652 1036 738 1063 editus
761 1040 802 1063 est
821 1035 906 1069 fetus,
921 1036 967 1062 sed
979 1035 1022 1070 qui

226 1084 359 1110 formosus
373 1090 427 1109 non
444 1087 493 1109 est.
509 1082 628 1117 Elegauti
650 1085 691 1109 est
709 1081 794 1109 forma
810 1082 939 1116 uterque?
953 1086 1022 1108 tam-

227 1136 306 1162 quam
319 1128 351 1155 dc
363 1127 479 1162 pulchris
493 1127 615 1155 acerbior
631 1135 693 1154 cura
705 1127 821 1154 incessit.
839 1126 946 1161 Depulsi
961 1130 1023 1152 sunt

229 1181 243 1199 a
259 1173 326 1199 lacte
340 1174 351 1199 ?
366 1180 457 1199 rursus
481 1173 601 1199 anxietas
622 1172 785 1198 educationis
806 1171 942 1198 succedit:
961 1179 1020 1198 eum

225 1219 282 1245 sani
299 1218 416 1250 fuerint,
439 1223 525 1245 metus
546 1225 579 1245 ne
605 1221 755 1252 aegrotent:
784 1225 843 1244 cum
874 1223 1021 1251 aegrotare-

230 1264 293 1297 rint,
310 1263 422 1290 formido
436 1271 468 1291 ne
483 1264 645 1290 moriantur:
660 1270 719 1290 cum
736 1263 833 1289 mortui
847 1262 954 1295 fuerint,
965 1271 1020 1290 mc-

231 1316 272 1336 tus
285 1317 319 1337 ne
328 1309 453 1343 deinceps
469 1314 600 1344 tamquam
617 1309 691 1343 prole
706 1317 799 1336 carens
814 1313 999 1336 contemnatur
1012 1317 1018 1336 :

231 1364 290 1382 cum
307 1356 403 1383 mortui
419 1363 471 1382 non
488 1355 602 1387 fuerint,
617 1360 645 1382 ut
664 1355 698 1382 de
719 1355 867 1382 virentibus
880 1375 887 1387 ,
914 1355 1020 1389 gravior

227 1402 376 1429 sollicitudo
387 1402 598 1435 iucuml:it,unde
606 1402 696 1428 liberis
706 1401 737 1428 ad
748 1402 936 1428 institutionem
946 1409 1018 1431 sum-

229 1454 299 1482 ptus,
313 1448 382 1475 unde
397 1448 541 1483 conjugalis
563 1447 671 1475 foederis
687 1452 837 1482 apparatus,
854 1448 922 1474 unde
937 1450 1018 1473 vesti-

230 1499 379 1520 mentorum
405 1493 496 1526 dec0r’,
513 1493 582 1520 unde
596 1493 754 1521 famulorum
770 1493 912 1530 unicuique
926 1493 1017 1520 distri-

230 1540 314 1572 butio,
326 1547 446 1574 quamam
460 1547 493 1565 ex
509 1539 584 1566 bonis
598 1539 691 1574 majori
715 1539 850 1569 altribuet,
873 1546 925 1573 quo
940 1544 1016 1573 pacto

231 1585 341 1612 minoris
356 1585 480 1612 invidiam
499 1585 639 1620 mitigabit.
657 1585 720 1617 Qua:
743 1594 792 1611 non
812 1590 847 1611 est
863 1590 956 1619 nupta,
972 1593 1016 1611 co-

228 1633 289 1665 gitat
304 1638 358 1665 quit
370 1630 470 1657 Domini
485 1635 558 1662 sunt,
572 1635 599 1656 ut
617 1631 648 1656 sit
667 1635 756 1657 sancta
769 1635 792 1657 et
803 1639 907 1665 corpore
921 1635 943 1656 et
961 1631 1015 1665 spi-

226 1676 288 1702 ritu.
304 1675 361 1702 Non
374 1676 532 1702 matrimonii
547 1680 666 1702 naturam
683 1675 791 1701 tradneo
802 1684 808 1701 :
820 1680 860 1701 est
871 1675 940 1701 enim
951 1675 1015 1702 illud

225 1721 330 1755 generis
352 1721 516 1755 providentia
540 1722 706 1753 communis;
733 1722 780 1748 sed
814 1722 1014 1756 eunjngatorum

223 1773 301 1793 curas
314 1766 430 1801 divulgo,
444 1767 595 1793 carnalibus
608 1767 680 1793 curis
694 1767 814 1793 caelestes
837 1774 914 1793 curas
935 1770 1012 1793 aute-

225 1820 306 1848 pouo,
323 1812 433 1847 pulchro
446 1812 481 1845 id,
495 1813 564 1847 quod
579 1812 715 1846 pulchrius
730 1817 779 1844 est,
796 1811 918 1846 praefero.
932 1812 1012 1846 Virgo

224 1858 302 1886 etiam
319 1866 406 1893 pinna.
421 1866 471 1893 qua
486 1859 539 1885 Eva
563 1858 686 1884 mulctata
705 1862 755 1888 est,
772 1857 893 1891 superior
905 1858 989 1885 evasit
1006 1866 1012 1884 :

222 1906 285 1933 illud
305 1906 387 1937 enim,
403 1906 442 1932 Ad
462 1905 541 1931 virum
557 1909 626 1930 tuum
642 1905 770 1931 conversio
792 1909 853 1936 tua,
870 1909 893 1931 et
910 1904 964 1938 ipse
977 1905 1014 1930 lui

224 1953 392 1979 dominabitur
407 1953 415 1986 (
434 1950 496 1978 Gen.
510 1951 535 1978 5.
552 1951 585 1977 {6
609 1951 628 1985 ).
645 1951 669 1977 iu
685 1958 729 1977 eas
741 1972 747 1983 ,
764 1958 823 1985 qute
835 1951 951 1977 virorum
966 1951 1014 1977 do-

224 1999 323 2025 minatu
336 2005 386 2025 non
402 2002 568 2032 premuntur,
588 1996 730 2023 invalidum
745 2000 802 2023 est:
816 1996 897 2028 illud,
920 1995 952 2023 In
967 1996 1014 2022 do-

224 2042 317 2070 loribus
331 2043 413 2077 paries
431 2042 519 2077 βίος(
535 2041 602 2068 Ibid.
616 2041 625 2077 )
637 2063 643 2075 ,
661 2042 687 2068 in
705 2049 750 2069 eas
764 2050 823 2076 qua:
837 2042 1012 2076 virginitatem

221 2087 326 2123 colunt,
337 2088 450 2114 otiosum
465 2091 506 2113 est
520 2096 528 2114 :
544 2095 603 2113 nam
616 2095 674 2121 qua:
691 2087 801 2114 minime
816 2087 884 2121 parit
898 2107 905 2119 ,
919 2094 933 2113 a
949 2095 1012 2121 gra—

225 2132 297 2158 vium
320 2136 412 2165 parlus
427 2132 551 2158 dolorum
576 2132 706 2159 sententia
733 2136 774 2158 est
794 2132 927 2158 immunis.
953 2132 1010 2159 Jam

222 2178 297 2212 virgo
310 2177 404 2204 futura:
418 2178 477 2204 vita:
492 2178 645 2212 pignoribus
653 2179 795 2205 oblectaris
807 2188 814 2206 :
828 2179 882 2213 jam
899 2179 1011 2206 familia-

221 2223 256 2252 ris
271 2226 311 2250 est
323 2223 369 2250 tibi
378 2224 552 2251 sanctificatio
566 2225 780 2252 resurrectionis.
790 2225 821 2252 In
834 2226 1011 2253 resurrectione

616 162 643 191 S.
665 160 805 190 JOANNIS
824 156 1062 188 CllRYSOSTOMl
1083 157 1245 186 ARClllEP.
1265 157 1532 187 CONSTANTINOP.

1820 156 1879 186 713‘

1081 215 1157 247 enim,
1177 216 1260 250 inquit
1271 237 1279 249 ,
1292 224 1372 251 neque
1385 216 1495 249 nubent,
1515 223 1593 250 neque
1615 215 1762 250 nubentur(
1776 215 1878 244 Matt/1..

1080 260 1125 287 22.
1141 260 1175 288 30
1187 261 1208 296 ).
1234 260 1376 296 Propterea
1392 260 1503 295 hujusce
1518 260 1554 288 rei
1570 260 1647 296 plane
1669 260 1762 296 ingens
1776 266 1816 288 est
1830 261 1871 288 la-

1080 314 1154 341 psus,
1168 306 1380 342 quandoquidem
1390 311 1417 334 et
1430 311 1502 334 recte
1518 306 1616 334 factum
1630 311 1670 334 est
1683 307 1793 342 ingens:
1810 307 1868 334 ideo

1080 352 1257 387 virginitatem
1270 352 1382 380 colentis
1397 353 1537 380 scelestior
1550 355 1591 381 est
1602 373 1610 386 ,
1630 360 1709 388 quam
1725 353 1869 381 meretricis

1080 397 1186 424 lascivia
1206 406 1213 425 :
1229 406 1283 425 non
1305 398 1376 426 enim
1390 406 1438 433 par
1452 403 1493 426 est
1507 399 1575 426 ratio
1597 399 1776 434 corruptionis
1789 400 1869 434 virgi«

1080 442 1190 470 nitatem
1214 443 1345 477 colentis,
1370 448 1451 479 atque
1475 444 1646 472 meretricis:
1667 452 1718 472 non
1741 453 1790 480 par
1803 446 1879 472 ratio~

1079 488 1257 523 corruptionis
1275 490 1388 523 privata;
1407 490 1532 522 feminae,
1555 498 1587 518 ac
1608 490 1726 525 regiam:
1749 499 1801 517 non
1823 499 1869 525 par

1079 539 1121 561 est
1135 534 1202 561 ratio
1216 534 1277 562 furti
1293 536 1363 562 vasis
1376 536 1459 563 sacris
1472 536 1565 563 usibus
1579 536 1714 569 destinati,
1731 544 1762 563 ac
1777 537 1868 571 vulga-

1078 579 1126 606 ris.
1137 579 1190 606 Vas
1212 580 1283 607 enim
1306 585 1347 608 est
1362 581 1446 608 sacris
1468 581 1561 608 usibus
1586 581 1745 609 destinatum
1772 582 1867 616 virgo,

1078 631 1211 658 purpurea
1228 626 1321 657 vestis,
1337 632 1416 660 quam
1440 626 1515 653 alteri
1529 634 1582 653 non
1605 626 1681 659 licet,
1704 634 1782 661 quam
1802 626 1869 661 Regi

1078 668 1273 703 universorum,
1285 669 1421 705 adaptari;
1437 678 1545 705 sponsa,
1554 679 1612 705 qua:
1622 671 1754 706 virgineas
1764 672 1868 706 nuptias

1078 720 1184 748 semper
1195 715 1303 743 retinet.
1316 715 1338 743 0
1358 716 1450 744 beatas
1470 716 1592 751 nuptias,
1603 724 1714 752 quarum
1738 721 1811 745 torus
1828 723 1869 744 est

1079 759 1230 793 virginitas!
1248 760 1347 787 Harum
1356 768 1436 788 causa
1449 761 1532 788 beata:
1540 762 1650 797 martyri
1664 767 1702 790 tot
1715 763 1868 790 discrimina

1077 803 1152 831 fuere
1166 804 1316 833 subeunda.
1333 806 1442 833 Viderat
1463 807 1563 842 quippe
1582 808 1675 841 sponsi
1694 807 1867 842 pulchritudi-

1077 857 1137 876 nem
1151 870 1158 883 ,
1172 855 1198 877 et
1211 850 1245 877 ab
1260 850 1318 886 ejus
1332 852 1451 879 contuitu
1475 861 1528 880 non
1548 853 1715 880 avellebatur
1730 863 1737 880 :
1753 854 1868 881 instabat

1078 899 1172 928 mater,
1186 904 1244 930 quae
1263 896 1297 923 ad
1319 897 1425 932 nuptias
1440 898 1593 932 impellebat
1609 906 1616 925 :
1630 903 1656 925 at
1677 898 1721 925 illa
1739 906 1867 933 sponsum

1078 942 1211 969 czelcstem
1223 942 1264 969 his
1283 943 1391 970 vocibus
1404 944 1589 978 compellabat,
1605 944 1644 970 Ad
1658 950 1681 971 te
1694 946 1772 971 levavi
1782 946 1868 972 oculos

1076 995 1155 1019 meos,
1167 988 1209 1022 qui
1222 987 1320 1014 habitas
1333 988 1360 1015 in
1377 989 1461 1024 ctelo(
1478 989 1625 1016 Psal.122.
1643 991 1655 1017 1
1670 991 1679 1025 )
1696 1000 1702 1017 :
1725 991 1870 1018 accedebat

1076 1040 1173 1067 procus
1187 1034 1296 1068 nuptiali
1323 1042 1382 1061 eam
1411 1035 1545 1070 colloquio
1564 1035 1691 1068 titillans;
1715 1041 1742 1062 at
1766 1037 1809 1063 illa
1838 1045 1868 1065 se

1075 1086 1135 1105 eum
1150 1078 1257 1106 Chrile
1275 1080 1352 1107 tacite
1365 1081 1542 1116 conjungebat
1559 1081 1666 1112 dicens.
1682 1082 1795 1109 Adha-sit
1809 1084 1866 1109 ani—

1076 1133 1116 1150 ma
1130 1134 1183 1151 mea
1199 1131 1254 1159 post
1268 1131 1291 1152 lc
1308 1127 1316 1162 (
1333 1126 1404 1153 Psal.
1416 1127 1458 1154 (ΣΞ.
1471 1128 1486 1155 9
1501 1127 1510 1161 )
1525 1137 1530 1154 :
1548 1127 1718 1155 confluebant
1732 1129 1864 1155 adulatio-

1075 1169 1153 1197 nibus
1172 1176 1310 1205 captantes
1332 1172 1486 1207 propiuqui;
1513 1177 1541 1199 at
1568 1174 1637 1200 illius
1661 1174 1741 1200 menti
1768 1174 1867 1200 Paulus

1074 1221 1228 1244 contestans
1242 1217 1435 1245 obversabatur
1451 1227 1458 1245 :
1473 1219 1603 1252 Despondi
1618 1223 1642 1245 te
1654 1221 1697 1245 uni
1717 1220 1767 1246 viro
1790 1220 1869 1254 virgi-

1074 1271 1129 1289 nem
1139 1268 1232 1290 castam
1242 1264 1356 1291 exhibere
1370 1264 1468 1291 Clu-isto
1481 1265 1516 1300 (2.
1526 1266 1586 1294 Cor.
1597 1267 1626 1294 i‘l
1633 1266 1872 1301 .2):supplieabant

1076 1309 1145 1335 servi
1171 1317 1231 1335 cum
1261 1310 1386 1345 lacrytnis
1399 1319 1405 1344 ;
1420 1316 1447 1337 at
1462 1311 1499 1337 illi
1521 1319 1620 1346 sponso
1634 1312 1761 1339 amatorie
1775 1313 1866 1339 conci-

1072 1354 1169 1381 nebat:
1189 1354 1250 1387 Qui:
1264 1363 1309 1381 nos
1322 1356 1448 1390 separabit
1463 1364 1478 1382 a
1493 1357 1598 1383 caritate
1612 1356 1723 1391 Christi(
1743 1357 1816 1384 Rom.
1833 1359 1861 1385 8.

1072 1399 1105 1426 55
1120 1399 1130 1433 )
1144 1400 1155 1425 ?
1180 1400 1314 1427 terrebant
1326 1401 1431 1435 judices
1446 1403 1551 1437 poenis;
1566 1407 1593 1429 at
1605 1410 1698 1430 omnes
1714 1404 1756 1430 illa
1769 1412 1867 1439 magno

1071 1444 1159 1472 anituo
1176 1446 1331 1480 proculcans
1345 1447 1485 1480 clamabat,
1502 1447 1633 1483 Principes
1644 1457 1692 1475 non
1704 1454 1761 1475 sunt
1775 1450 1861 1476 timori

1071 1490 1140 1517 bonis
1162 1492 1293 1525 operibus,
1306 1492 1350 1519 sed
1366 1493 1440 1519 malis
1454 1493 1463 1528 (
1478 1493 1552 1520 llam.
1571 1494 1614 1521 15.
1637 1494 1675 1528 3).
1699 1495 1765 1521 Cum
1796 1503 1863 1522 vero

1070 1540 1171 1562 statuas
1190 1537 1347 1571 virginitatis
1361 1539 1440 1565 etiam
1457 1538 1481 1565 in
1497 1539 1545 1566 viis
1560 1539 1625 1573 erigi
1649 1540 1758 1574 martyri
1783 1547 1865 1575 opor-

1072 1586 1157 1614 teret,
1175 1582 1233 1609 talis
1245 1584 1365 1617 quaedam
1381 1580 1475 1618 puella:
1499 1589 1540 1611 est
1563 1589 1656 1611 exorta
1672 1585 1793 1611 tentatio.
1810 1585 1858 1612 Li-

1069 1628 1160 1655 berata
1172 1628 1272 1662 judicio
1283 1650 1289 1661 ,
1307 1629 1381 1656 Pauli
1406 1630 1523 1665 prmdam
1538 1630 1691 1658 sectabatur
1704 1652 1710 1664 ,
1732 1636 1759 1658 et
1772 1640 1865 1659 rumo-

1070 1681 1125 1700 rem
1141 1679 1251 1708 sequuta
1266 1675 1360 1702 ducem
1382 1677 1440 1708 viis,
1463 1685 1522 1711 quae
1536 1677 1569 1703 ad
1595 1677 1704 1704 Paulum
1729 1678 1864 1711 ferebant,

1069 1727 1131 1746 sese
1155 1724 1196 1746 est
1214 1728 1278 1747 ausa
1303 1722 1478 1749 counuiltere.
1495 1723 1579 1749 Porro
1604 1723 1725 1751 diabolus
1747 1724 1863 1758 puellam

1069 1765 1238 1799 observabat,
1253 1771 1280 1793 et
1295 1775 1354 1794 cum
1370 1768 1418 1794 iter
1432 1773 1553 1802 agentem
1564 1769 1742 1802 observasset,
1757 1769 1864 1798 hostem

1068 1811 1190 1839 immittit
1205 1813 1230 1839 in
1246 1813 1360 1847 puellam
1376 1821 1496 1848 procum,
1512 1815 1672 1849 virginitatis
1684 1820 1818 1850 tamquam
1834 1817 1864 1844 in

1067 1857 1174 1885 deserto
1193 1859 1355 1893 prmdonem.
1372 1860 1491 1894 Cumque
1513 1860 1568 1895 jam
1582 1861 1632 1888 iter
1647 1861 1797 1895 perﬁceret,
1813 1869 1863 1896 ge-

1067 1912 1170 1931 nerosm
1195 1905 1291 1940 virgini
1312 1905 1485 1934 admissarius
1506 1914 1520 1934 a
1537 1911 1612 1941 tergo
1635 1914 1730 1941 procus
1752 1911 1780 1935 et
1798 1915 1863 1935 acer

1068 1949 1204 1984 indagator
1218 1955 1321 1985 captam
1335 1958 1393 1978 eam
1409 1958 1468 1978 esse
1479 1951 1532 1986 jam
1548 1952 1723 1984 inclamabat;
1738 1951 1863 1980 difficiles

1067 1995 1184 2030 undique
1198 1996 1328 2030 angustia:
1345 1997 1475 2031 urgebant
1490 2006 1497 2029 ;
1514 1998 1638 2024 robustas
1652 2003 1709 2024 erat
1721 2019 1729 2030 ,
1746 1998 1791 2032 qui
1804 1998 1863 2024 bel-

1066 2040 1119 2067 lum
1135 2040 1284 2074 inferebat;
1306 2042 1422 2075 iuﬁrtua,
1437 2043 1479 2069 cui
1495 2043 1592 2070 bellum
1610 2042 1782 2071 inferebatur.
1795 2042 1861 2070 Ubi-

1067 2095 1127 2113 nam
1143 2087 1248 2122 aliquod
1264 2087 1299 2114 illi
1314 2095 1328 2114 a
1343 2088 1462 2124 perfugio
1479 2089 1523 2116 illo
1539 2088 1700 2124 perfugium?
1714 2089 1781 2116 Tum
1795 2097 1863 2116 vero

1066 2133 1092 2159 in
1108 2134 1201 2159 cmlum
1217 2141 1346 2161 conversa
1361 2135 1433 2170 virgo
1449 2135 1481 2162 ad
1498 2144 1559 2163 eum
1576 2157 1582 2167 ,
1597 2136 1641 2170 qui
1662 2135 1786 2163 omnibus
1801 2135 1863 2162 ubi-

1065 2186 1117 2212 que
1128 2179 1212 2213 ipsum
1227 2179 1409 2207 invocantibus
1417 2180 1500 2212 adest.
1511 2190 1570 2208 rum
1582 2181 1704 2208 lamentis
1713 2180 1865 2215 clamabat,

1065 2224 1172 2252 Domine
1185 2224 1253 2251 Deus
1268 2233 1336 2252 metu
1348 2246 1355 2259 ,
1372 2226 1398 2253 in
1408 2231 1430 2253 te
1444 2227 1543 2261 speravi
1555 2226 1563 2262 ζ
1583 2226 1652 2254 Psul.
1669 2227 1695 2253 7.
1710 2226 1787 2261 2)!“
