4080 6198
301 236 418 294 ³137

314 351 410 412 τδῦ
439 353 717 428 δεσπότην
751 355 986 426 Χριστὸν
1020 357 1078 420 ἐξ
1110 356 1340 428 ούρανοῦ
1373 357 1663 424 δεδωκότα,
1699 360 1903 428 πολλὰς

1399 233 1484 290 DE
1524 233 1791 292 SANCTA
1831 237 2101 297 THECLA
2143 238 2498 295 MARTYRE.

3485 241 3595 296 74%

2007 360 2362 424 ἀναστάσει,
2389 360 2573 430 φησὶν,
2594 360 2731 414 οὔτε
2755 359 3069 430 γαμοῦσιν,
3099 360 3236 412 οὔτε
3267 361 3596 428 γαμίσκον-

315 455 451 523 αύτῇ
483 451 612 523 περὶ
637 451 833 522 γάμων
862 453 1142 516 νουθεσίας
1169 454 1602 525 ἐμακρολόγουψ
1632 457 1666 526 ἠ
1689 457 1904 510 Παύλου
2007 475 2122 513 ται.
2156 458 2255 511 Διὰ
2295 456 2457 510 τοῦτο
2501 456 2596 510 καὶ
2629 455 2690 509 τὸ
2726 455 2927 526 πτῶμα
2961 455 3057 508 τοῦ
3089 455 3412 525 πράγματος
3445 458 3592 526 1:62p.-

315 549 371 604 δὲ
401 549 508 619 ἄρα
540 551 661 610 ταῖς
688 547 788 617 τῆς
823 549 992 618 κόρης
1031 548 1221 612 ἀκοαῖς
1253 549 1435 621 ἐπῳδὴ
1476 550 1796 621 προενήφει,
1839 552 1908 605 ἸΙ

317 645 543 715 ἄγαμος
746 642 1002 713 μεριμνᾷ
1035 644 1106 698 τὰ
1134 645 1241 700 τοῦ
1280 649 1517 713 Κυρίου,
1555 647 1655 728 ἵνα
1692 640 1733 717 ᾖ
1768 646 1909 716 ἁγία

322 741 419 795 καὶ
445 741 693 809 σώματι,
727 741 825 793 καὶ
853 741 1167 810 πνεύματι.
1192 743 1461 811 Στέφανος
1482 741 1580 812 τῆς
1614 743 1908 814 παρθενίας

319 837 481 898 εὐθύς
501 853 515 867 ο
547 835 710 898 αὐτὸς
739 836 876 907 αὐτῇ
928 835 1141 907 πρῶτος
1169 837 1265 907 τῆς
1299 838 1570 909 μερίμνης
1610 839 1638 890 ό
1669 838 1868 909 τρόπος
1891 855 1904 867 ·

324 933 566 1006 μεριμνᾷ
616 932 724 1004 γὰρ
761 932 1011 1001 εὐλογίας
1063 933 1368 1004 ἀνάμεστον
1414 935 1714 1005 μέριμναν,
1750 953 1906 1006 μερι-

321 1032 431 1100 μνᾷ
483 1030 664 1098 πάσης
743 1029 1076 1101 ἀμεριμνίας
1130 1029 1566 1102 ὲλευθερωτέραν
1619 1030 1905 1102 φροντίδα,

326 1123 479 1200 ἵναῇ
522 1125 652 1195 ἁγία
698 1126 792 1178 καὶ
834 1125 1046 1196 σώματι
1095 1127 1187 1179 καὶ
1236 1125 1530 1195 πνεύματι.
1577 1126 1741 1178 Οὐδὲν
1775 1127 1909 1198 αὐτῇ

326 1225 503 1278 κοινὸν
534 1223 670 1293 πρὸς
701 1222 799 1293 τὴν
828 1224 952 1292 γῆν,
981 1221 1203 1292 οὐδεμία
1237 1223 1369 1293 πρὸς
1396 1222 1640 1293 γαμικὰς
1669 1223 1914 1290 ἀνάγκας

329 1321 634 1390 συγγένεια,
696 1314 807 1372 οἷον
853 1317 1206 1389 πορνεύοντος
1261 1318 1592 1388 ἀνασχέσθαι
1644 1318 1912 1389 νυμφίου,

326 1418 559 1486 ὑποψίας
597 1417 828 1487 ματαίας
854 1416 1192 1484 ὑπενεγκεῖν,
1226 1414 1471 1481 ἐξουσίαν
1511 1413 1796 1484 χρησίμων
1821 1413 1916 1482 ὰφ-

325 1511 564 1584 ῃρῆσθαι
598 1510 863 1581 προόδων,
883 1510 1010 1582 περὶ
1038 1509 1242 1581 τροφῆς
1267 1508 1662 1573 διευθύνεσθαι,
1684 1527 1917 1580 κοσμου-

333 1611 499 1680 μένην
540 1606 981 1678 ζηλοτυπεῖσθαι,
1017 1604 1371 1659 διαπτύεσθαι
1403 1605 1530 1677 πρὶν
1569 1604 1728 1677 τέκῃ,
1783 1604 1916 1658 καθ-

328 1710 471 1776 άπερ
503 1704 654 1759 οὔπω
688 1704 933 1775 γαμετὴν
978 1704 1296 1777 γενομένην,
1329 1702 1594 1757 τεκοῦσαν
1638 1703 1775 1774 ὑπὲρ
1808 1700 1916 1756 τῶν

328 1805 503 1857 τόκων
536 1803 813 1875 εὑρίσκειν
869 1799 1216 1872 ἐγκλήματα.
1273 1799 1500 1870 Ἐτέχθη
1558 1817 1642 1863 τις
1685 1799 1916 1870 θηλείας

329 1900 411 1953 ὅτι
444 1899 519 1970 μὴ
559 1899 745 1969 ἄρρεν,
775 1899 803 1950 ὁ
857 1897 997 1968 ἀνὴρ
1026 1896 1437 1968 σκυθρωπάζει.
1477 1894 1790 1967 Προσετέθη
1827 1895 1920 1948 καὶ

329 1996 530 2066 ἄρῤεν;
552 1994 747 2064 ἐτέχθη
770 1994 831 2046 τὸ
860 1994 1070 2064 τεχθὲν,
1096 1994 1172 2057 ὼς
1197 1994 1298 2048 οὐκ
1323 1991 1618 2065 εῠμορφον.
1645 1991 1920 2061 Χαρίεντα

333 2093 468 2164 πρὸς
506 2091 704 2155 κάλλος
746 2092 1068 2162 άμφότερα;
1101 2092 1177 2154 ὡς
1228 2089 1370 2161 ὑπὲρ
1399 2090 1583 2144 καλῶν
1623 2091 1656 2160 ἡ
1700 2089 1921 2162 φροντὶς

329 2188 658 2261 πικροτέρα.
687 2187 1112 2258 Ἀπηλλάγησαν
1135 2187 1436 2255 γάλακτος;
1464 2184 1734 2250 διεδέξατο
1759 2184 1922 2237 πάλιν

329 2284 647 2355 ἀνατροφῆς
685 2284 928 2352 ἀγωνία’
980 2285 1109 2337 ὅταν
1171 2282 1478 2349 ὑγιαίνωσι,
1526 2280 1604 2351 μὴ
1659 2280 1922 2350 νοσήσωσι

334 2379 498 2448 φόϐος
518 2395 533 2409 ⁸
565 2379 696 2432 ὅταν
719 2379 1014 2450 νοσήσωσι,
1035 2377 1205 2430 δειλία
1241 2377 1314 2447 μὴ
1338 2375 1737 2446 τελευτήσωσιν
1758 2391 1770 2404 ·
1797 2375 1923 2428 ὅταν

327 2476 754 2547 τελευτήσωσιν,
796 2474 872 2538 ὡς
903 2473 990 2528 ἐπ’
1021 2474 1232 2543 ἀτέκνῳ
1261 2473 1448 2525 λοιπδν
1494 2471 1714 2524 ἔσεσθαι
1752 2487 1925 2523 κατα-

336 2572 600 2644 φρόνησιν
643 2572 844 2642 φόϐοςο
880 2573 1010 2625 ὅταν
1062 2570 1136 2641 μὴ
1170 2569 1604 2640 τελευτήσωσιν,
1662 2568 1736 2632 ὡς
1784 2568 1926 2638 ὑπὲρ

338 2667 626 2739 ζώντωνή
670 2669 892 2739 φροντὶς
944 2667 1256 2738 βαρυτέρα,
1310 2665 1470 2718 πόθεν
1514 2667 1595 2728 είς
1646 2663 1927 2717 παίδευσιν

337 2765 576 2838 χορηγία
609 2767 722 2829 τοῖς
765 2765 980 2827 τέκνοις
1000 2805 1016 2830 ,
1046 2762 1211 2816 πόθεν
1243 2762 1427 2825 αὐτοῖς
1465 2759 1704 2833 γαμικοῦ
1747 2758 1927 2830 παρα-

343 2863 511 2932 σκευὴ
551 2861 1036 2932 συναλλάγματος,
1076 2859 1240 2912 πόθεν
1283 2857 1608 2928 ἐσθημάτων
1651 2856 1926 2927 εύσχημου

344 2960 499 3030 σύνη.
519 2960 684 3013 πόθεν
710 2958 938 3012 οἰκετῶν
960 2957 1174 3026 ἑκάστῳ
1197 2955 1447 3026 διανομὴ,
1472 2957 1600 3007 ποῖα
1621 2954 1729 3008 τῶν
1759 2954 1927 3006 ὄντων

343 3057 652 3129 προσνείμῃ
693 3055 770 3126 τῷ
824 3054 1066 3126 μείζονι,
1103 3053 1222 3116 πῶς
1259 3053 1349 3106 τὸν
1395 3051 1717 3123 μικρότερον
1765 3050 1928 3119 θερα-

343 3153 537 3207 πεύσει
572 3153 893 3222 φθονοῦντα.
939 3152 1001 3207 Ἠ
1029 3151 1255 3221 ἄγαμος
1275 3150 1534 3220 μεριμνᾷ
1561 3150 1634 3204 τὰ
1666 3149 1772 3203 τοῦ
1806 3151 1927 3202 Κυ-

337 3251 498 3319 ρίου,
521 3250 622 3302 Ira
646 3244 688 3320 ᾖ
723 3249 863 3320 ἁγία
887 3248 983 3321 καὶ
1010 3248 1236 3318 σώματι
1267 3246 1364 3300 καὶ
1388 3246 1697 3315 πνεύματι.
1722 3244 1796 3298 Οὐ
1836 3245 1930 3298 τοῦ

345 3346 526 3417 γάμου
560 3345 858 3416 στηλιτεύω
889 3345 986 3417 τὴν
1031 3343 1196 3414 φύσιν
1215 3358 1230 3374 ·
1262 3342 1487 3414 πρόνοια
1510 3342 1618 3412 γὰρ
1649 3336 1805 3404 οὗτος
1836 3338 1932 3394 τοῦ

345 3443 536 3511 γένους
587 3444 778 3514 κοινή·
838 3441 976 3495 ἀλλά
1024 3440 1133 3494 τῶν
1180 3441 1237 3493 ἐν
1268 3440 1433 3511 γάμῳ
1486 3438 1794 3511 δημοσιεύω
1835 3437 1933 3509 τήν

352 3539 660 3611 μέριμναν,
707 3539 981 3611 μερίμνης
1036 3537 1306 3609 σαρκικῆς
1345 3537 1597 3609 οὐράνιον
1635 3534 1935 3608 προτίθημι

354 3637 648 3709 μέριμναν,
675 3635 892 3690 κάλλιον
917 3633 1084 3688 καλοῦ
1114 3632 1387 3705 προτιμῶ.
1408 3630 1684 3703 Κρείττων
1708 3631 1801 3684 καὶ
1828 3629 1935 3684 τῶν

353 3733 494 3787 κατά
516 3733 617 3804 τῆς
635 3732 778 3798 Εὔας
806 3734 839 3802 ἡ
868 3730 1138 3804 παρθένος
1160 3729 1477 3802 προστίμων
1498 3744 1512 3758 ·
1549 3728 1611 3780 τὸ
1631 3729 1763 3799 γὰρ,
1781 3727 1938 3796 Πρὸς

353 3832 462 3886 τὸν
484 3831 671 3899 ἄνδρα
700 3844 817 3886 σου
849 3832 888 3899 ἡ
915 3826 1273 3898 ἀποστροφή
1303 3842 1442 3891 σου,
1469 3825 1568 3880 καὶ
1602 3825 1787 3892 αὐτός
1819 3841 1936 3878 σου

355 3929 656 3996 κυριεύσει
675 3971 690 3995 ,
752 3929 874 3991 ταῖς
929 3926 1062 3998 παρ’
1117 3923 1328 3996 ἀνδρῶν
1391 3921 1466 3995 μὴ
1514 3920 1939 3993 δεσποζομέναις

356 4026 676 4098 ἁνίσχυρον·
701 4025 784 4093 τδ,
827 4026 930 4080 Ἐν
958 4025 1182 4091 λύπαις
1215 4022 1360 4091 τέξῃ
1406 4021 1608 4086 τέκνα,
1639 4021 1763 4084 ταῖς
1800 4035 1941 4090 παρ⁶

358 4125 708 4187 θενευούσαις
759 4123 963 4196 ἀργόνο
1014 4124 1048 4194 ἡ
1103 4121 1213 4194 γὰρ
1258 4121 1332 4193 μὴ
1385 4119 1649 4173 τίκτουσα
1684 4117 1784 4188 τῆς
1829 4115 1941 4171 τῶν

357 4223 620 4293 λυπηρῶν
647 4222 853 4275 ὠδίνων
902 4221 1060 4286 ἐκτὸς
1111 4218 1462 4290 ἀποφάσεως.
1492 4216 1631 4286 Ἤδη
1671 4217 1783 4279 τοῖς
1830 4212 1941 4268 τῶν

362 4319 667 4392 μελλόντων
693 4321 726 4391 ἡ
759 4318 1029 4391 παρθένος
1057 4317 1334 4390 ἐντρυφᾷς
1352 4311 1669 4386 ἀρῤαὸὦσιν
1685 4328 1700 4344 ο
1735 4311 1838 4383 ήδη
1863 4309 1942 4381 τῷ

363 4417 464 4486 τῆς
515 4415 866 4480 ἀναστάσεως
911 4413 1174 4485 ἁγιασμῷ
1234 4412 1523 4474 συνοικεῖς.
1565 4409 1671 4463 Ἐν
1716 4406 1827 4477 γὰρ
1864 4403 1943 4475 τῇ

368 4676 383 4723 ί

2014 571 2178 626 μεγα,
2212 554 2510 624 ἐπειδήπερ
2543 553 2638 606 καὶ
2669 551 2730 605 τὸ
2773 551 3136 623 κατόρθωμα·
3172 551 3262 604 διὰ
3291 550 3451 604 τοῦτο
3493 553 3594 623 τῆς

2012 651 2424 721 πορνευομένης
2453 651 2486 719 ἡ
2521 650 2621 719 τῆς
2650 648 3129 720 παρθενευομένης
3166 648 3425 716 ἀσέλγεια
3462 666 3594 716 μια-

2016 746 2263 820 ρωτέρα·
2289 747 2349 798 οὐ
2380 745 2488 816 γὰρ
2531 745 2645 797 ἴσον
2680 744 3163 815 παρθενευομένης
3201 746 3294 797 καὶ
3337 761 3597 816 πορνευοο

2015 842 2186 913 μένης
2224 842 2428 912 φθορά·
2457 841 2557 894 οὑκ
2597 841 2710 894 ἴσον
2753 839 3008 903 ἰδιώτιδος
3042 840 3136 892 καὶ
3175 840 3442 910 βασιλίδος
3470 841 3598 909 φθο-

2017 939 2116 1011 ράο
2147 938 2248 992 οὐκ
2279 937 2395 990 ἴσον
2419 936 2644 999 σκεύους
2672 935 2948 1006 ἱερατικοῦ
2983 935 3076 988 καὶ
3108 936 3366 1006 ἀγοραίου
3398 935 3594 1005 κλοπή.

2013 1036 2216 1100 Σκεῦος
2251 1037 2359 1107 γὰρ
2394 1033 2668 1106 ἱερατικὸν
2707 1036 2740 1103 ἠ
2772 1031 3064 1102 παρθένος,
3094 1032 3382 1103 πορφυρὶς,
3404 1031 3471 1102 ἣν
3500 1031 3602 1083 οὐκ

2015 1133 2227 1200 ἔξεστιν
2254 1131 2398 1202 ἄλλῳ
2428 1129 2569 1202 πλὴν
2607 1130 2685 1200 τῷ
2718 1128 2826 1181 τῶν
2861 1128 2995 1181 ὅλων
3041 1127 3248 1197 βασιλεῖ
3283 1126 3601 1197 προσηρμό-

2018 1231 2164 1294 σθαι,
2196 1229 2383 1300 νύμφη
2415 1227 2592 1297 γάμον
2621 1226 2708 1279 ἀεὶ
2734 1225 3049 1295 κεκτημένη
3083 1223 3375 1294 παρθένον.
3399 1225 3462 1276 Ὢ
3493 1241 3599 1290 μα·-

2017 1325 2226 1396 καρίων
2247 1325 2461 1394 γάμων,
2493 1317 2566 1375 ὧν
2598 1323 2630 1392 ἡ
2663 1321 2923 1391 στρωμνὴ
2954 1319 3241 1392 παρθενία.
3279 1319 3449 1390 ’Υπὲρ
3480 1317 3601 1370 τού-

2016 1440 2123 1476 των
2159 1422 2260 1491 τῆς
2314 1420 2591 1491 μακαρίας
2639 1419 2686 1470 οἱ
2737 1418 2972 1470 κίνδυνοι
3011 1417 3315 1488 μάρτυρος·
3347 1411 3454 1467 εἶδε
3495 1414 3604 1484 γὰρ

2019 1521 2112 1574 τοῦ
2139 1519 2374 1590 νυμφίου
2398 1515 2460 1570 τὸ
2495 1514 2712 1576 κάλλος,
2749 1513 2844 1565 καὶ
2873 1515 2969 1582 τῆς
2997 1511 3126 1575 θέας
3152 1512 3252 1565 οὐκ
3279 1512 3563 1564 ἀπεσπᾶτο
3588 1525 3601 1537 ’

2020 1617 2272 1671 ἐπέκειτο
2308 1615 2490 1684 μήτηρ
2528 1611 2664 1680 πρὸς
2715 1608 2863 1681 [751]
2901 1610 3076 1680 γάμον
3127 1607 3446 1677 ὲπείγουσα,
3478 1607 3511 1676 ἡ
3547 1605 3605 1657 δέ

2021 1714 2159 1784 πρὸς
2184 1712 2274 1765 τὸν
2303 1713 2359 1763 ἐν
2397 1711 2513 1772 τοῖς
2533 1709 2783 1778 οὐρανοῖς
2816 1705 2999 1760 διεὸόα
3037 1704 3268 1776 νυμφίον
3288 1722 3301 1735 ⁸
3343 1702 3500 1771 Πρὸς
3530 1700 3608 1754 σὲ

2021 1807 2135 1882 ἦρα
2163 1808 2305 1874 τοὺς
2329 1805 2676 1876 ὀφθαλμούς
2697 1821 2838 1874 μου,
2864 1805 2972 1856 τὸν
3001 1801 3395 1856 κατοικοῦντα
3423 1798 3494 1851 ἐν
3527 1794 3608 1861 τῷ

2022 1903 2288 1974 οὐρανῷ·
2337 1901 2602 1970 ἐπεφοίτα
2657 1899 2904 1970 μνηστήρ
2946 1896 3178 1961 διαλέξει
3218 1896 3430 1966 γαμικῇ
3465 1909 3605 1962 γαρ-

2023 2002 2286 2073 γαλίζων,
2323 2004 2356 2070 ἡ
2397 1999 2454 2052 δὲ
2484 1998 2562 2068 τῷ
2588 1995 2809 2069 Χριστῷ
2843 1995 2964 2050 καθ’
3001 1993 3197 2065 ἑαυτὴν
3232 1991 3605 2052 συνετάττετο,

2037 2096 2365 2165 Ἐκολλήθη
2393 2098 2432 2166 ὴ
2466 2094 2637 2164 ψυχή
2655 2113 2774 2163 μου
2797 2094 2990 2148 ὀπίσω
3014 2108 3152 2158 σου,
3183 2090 3417 2159 λέγουσα
3437 2105 3451 2118 ·
3487 2105 3609 2140 συν-

2023 2198 2216 2268 έρρεον
2246 2195 2530 2262 συγγενεῖς
2563 2191 2973 2256 κολακεύοντες,
3011 2192 3045 2261 ἡ
3082 2188 3140 2242 δέ
3172 2183 3611 2258 διαμαρτυρόμε-

2025 2313 2113 2349 νον
2144 2291 2478 2362 ἐφαντάζετο
2508 2287 2721 2341 Παῦλον
2743 2304 2756 2318 ⁸
2803 2285 3182 2356 Ἠρμοσάμην
3211 2297 3284 2338 σε
3320 2281 3412 2335 ἐνὶ
3437 2277 3611 2346 ἀνδρὶ

2027 2390 2326 2459 παρθένον
2346 2386 2542 2456 ἁγνὴν
2565 2381 2953 2452 παραστῆσαι
2977 2380 3057 2446 τῷ
3078 2377 3311 2448 Χριστῷ
3327 2394 3338 2404 ·
3373 2377 3612 2429 ἱκέτευον

2026 2487 2236 2541 οἰκέται
2269 2486 2366 2539 σὺν
2415 2484 2705 2555 δάκρυσιν,
2749 2481 2783 2549 ή
2815 2479 2872 2531 δὲ
2907 2476 3176 2549 προσῇδεν
3218 2472 3495 2546 ἐρωτικῶς
3533 2469 3614 2539 τῷ

2027 2582 2276 2654 νυμφίῳ’
2317 2581 2413 2646 Τίς
2453 2577 2609 2648 ἡμᾶς
2649 2575 2892 2646 χωρίσει
2930 2572 3050 2626 ἀπὸ
3084 2569 3196 2640 τῆς
3223 2571 3462 2640 ἀγάπης
3505 2565 3612 2621 τοῦ

2031 2678 2286 2749 Χριστοῦ
2308 2693 2327 2741 ;
2357 2676 2586 2745 ἐφόϐουν
2630 2671 2884 2726 δικασταὶ
2921 2669 3236 2742 τιμωρίαις.
3264 2668 3297 2738 ἡ
3325 2667 3381 2718 δὲ
3409 2665 3614 2736 φρονή-

2035 2792 2164 2846 ματι
2218 2772 2399 2835 πάσας
2455 2769 2749 2824 κατεπάτει
2785 2765 3008 2838 βοῶντιο
3058 2767 3120 2818 Ol
3167 2762 3454 2830 ἄρχοντες
3501 2760 3614 2812 οὐκ

2033 2872 2151 2926 εὶσὶ
2184 2871 2368 2940 φόϐος
2405 2866 2526 2921 τῶν
2558 2864 2797 2936 ἀγαθῶν
2819 2864 3025 2932 ἔργων,
3047 2860 3209 2916 ἀλλὰ
3245 2857 3362 2912 τῶν
3390 2854 3610 2910 κακῶν.

2045 2968 2136 3031 Ὣς
2163 2951 2220 3020 δὲ
2251 2966 2359 3019 ἔδει
2383 2964 2486 3018 κᾶν
2505 2965 2626 3025 ταῖς
2647 2962 2785 3024 ὁδοῖς
2807 2957 3104 3030 παρθενίας
3134 2954 3456 3027 ἀνδριάντας
3485 2952 3616 3004 ἁνα-

2038 3065 2226 3135 στῆναι
2280 3064 2346 3134 τῇ
2396 3060 2670 3132 μάρτυρι,
2701 3056 2912 3126 γίνεταί
2960 3073 3014 3108 τι
3065 3051 3304 3107 τοιοῦτον
3349 3052 3414 3120 τῇ
3463 3046 3617 3099 παιδὶ

2037 3155 2410 3231 πειρατήρῖον.
2442 3156 2716 3226 Ἀφεμένη
2742 3154 2844 3223 τῆς
2867 3151 3102 3222 κρίσεως
3129 3147 3228 3220 τὴν
3249 3145 3463 3200 Παύλου
3496 3159 3619 3215 μετα

2034 3256 2226 3310 εδίωκε
2253 3255 2451 3328 θήραν,
2480 3252 2577 3306 καὶ
2602 3253 2723 3313 ταῖς
2746 3251 2958 3320 φήμαις
2977 3248 3172 3317 ὁδηγου
3183 3245 3319 3318 μένη
3350 3239 3617 3312 κατεθάρ-

2037 3353 2121 3422 ρει
2147 3351 2241 3403 καὶ
2262 3349 2398 3404 ὁδῶν
2419 3343 2672 3417 άγουσῶν
2689 3344 2781 3398 ἐπὶ
2799 3343 3031 3397 Παῦλον.
3048 3343 3270 3414 Ἐτήρει
3301 3339 3358 3394 δὲ
3380 3339 3487 3409 ἄρα
3519 3337 3618 3405 τὴν

2037 3449 2207 3520 κόρην
2240 3445 2508 3508 διάϐολος,
2541 3443 2637 3496 καὶ
2667 3443 2914 3514 τηρήσας
2942 3438 3329 3510 όδοιποροῦσαν
3360 3437 3622 3502 ἐπιστρα-

2036 3543 2184 3597 τεύει
2212 3543 2306 3596 τὸν
2343 3541 2633 3613 μνηστῆρα
2662 3541 2731 3610 τῇ
2777 3539 2937 3609 κόρῃ,
2980 3536 3080 3605 τῆς
3119 3533 3416 3602 παρθενίας
3452 3529 3526 3591 ὼς
3561 3529 3621 3580 ἐν

2037 3637 2245 3712 ἐρημίᾳ
2271 3637 2495 3710 λῃστήν.
2511 3634 2624 3689 Καὶ
2641 3634 2707 3705 δὴ
2727 3633 3009 3704 πληρούσῃ
3033 3629 3130 3700 τὴν
3157 3629 3274 3682 ὁδὸν
3299 3629 3367 3698 τῇ
3396 3623 3620 3694 γενναία

2043 3734 2377 3806 ἱππόπορνος
2400 3733 2629 3787 κατόπιν
2667 3733 2697 3784 ὁ
2729 3730 2977 3801 μνηστὴρ
3007 3725 3288 3779 ὀπιπεύων
3315 3719 3619 3782 ἐπωλόλυζε

2042 3831 2304 3903 σύλληψιν
2319 3847 2332 3862 °
2356 3829 2558 3900 ἄπορος
2580 3825 2917 3896 πανταχόθεν
2939 3822 3265 3894 στενοχωρία
3283 3837 3296 3851 ·
3315 3821 3344 3873 ὁ
3367 3819 3494 3871 πολε
3504 3816 3622 3888 μῶν

2044 3928 2287 4000 ἰσχυρὸς,
2322 3927 2357 3999 ή
2388 3922 2770 3994 πολεμουμένῃ
2814 3921 3011 3992 σαθρά.
3043 3918 3152 3972 Ποῦ
3191 3933 3276 3980 τις
3315 3915 3374 3967 ἐν
3417 3910 3622 3984 ἐρημίᾳ.

2041 4025 2364 4097 καταφυγῆς
2406 4025 2730 4096 καταφυγή;
2774 4023 3084 4097 Στραφεῖσα
3114 4021 3171 4073 δὲ
3213 4019 3350 4090 πρὸς
3392 4013 3621 4086 οὐρανὸν

2041 4125 2076 4196 ἡ
2109 4121 2400 4194 παρθένος,
2448 4119 2585 4192 πρὸς
2624 4119 2717 4173 τὸν
2753 4121 2889 4173 πᾶσι
2933 4115 3210 4188 πανταχοῦ
3244 4117 3356 4178 τοῖς
3396 4110 3623 4166 καλοῦσι

2043 4220 2290 4291 παρόντα
2335 4218 2434 4272 σὺν
2475 4216 2747 4287 οἰμωγαῖς
2796 4215 3134 4280 ἀνωλόλυξε·
3177 4212 3356 4280 Κύριε
3402 4212 3435 4264 ὁ
3481 4206 3626 4272 Θεός

2039 4335 2181 4390 μου,
2214 4316 2312 4372 ἐπὶ
2339 4315 2439 4371 σοι
2467 4315 2723 4385 ἤλπισα.
2756 4315 2773 4337 ‘
2800 4316 2816 4335 ⁶
2839 4317 2857 4336 ⁶
