4080 6198
496 195 598 250 749
1195 191 1251 246 S.
1287 189 1576 247 JOANNIS
1613 181 2108 243 CllRYSOSTOMI
2147 180 2468 238 ARCHIEP.
2509 176 3054 237 CONSTANTINOP.
3653 177 3755 229 7:0

3313 308 3760 337 mit-:21:

2481 329 2594 336 ..ι-..-

1236 457 1313 516 ΙΝ
1340 455 1485 516 8ΕΧ
1512 453 1946 516 ORATIONES
1971 453 2067 512 DE
2099 451 2291 512 FATO
2321 446 2416 508 ET
2448 442 2976 508 PROYIDENTIA

554 579 628 636 De
658 583 807 637 hisce
841 581 1182 636 orationibus
1211 580 1325 635 sive
1359 580 1601 635 liomiliis
1625 579 1740 634 hate
1769 577 2010 649 loquitur
2038 576 2243 631 Fronto
2271 575 2501 628 Duczeus
2534 591 2547 628 :
2589 589 2608 623 ι
2647 569 2914 625 Videntur
2934 568 3262 624 concionum
3291 583 3321 620 a
3345 565 3752 636 Chrysostomo

482 673 788 728 habitarunt
820 673 1211 743 ἀπανθίσματα
1239 672 1423 742 potius
1454 681 1506 726 ct
1557 669 1845 739 ﬂorilegia,
1871 683 1967 723 seu
1996 667 2232 722 morales
2280 662 2672 735 digressiones,
2704 674 2870 730 quam
2905 659 3130 727 integra:
3175 656 3413 711 homilite
3444 674 3459 713 :
3509 658 3748 713 necdum

483 779 663 825 tamen
697 772 894 826 areola:
925 779 980 824 et
1008 769 1124 824 loca
1155 767 1297 824 unde
1327 776 1457 824 sunt
1492 768 1780 837 decerpta},
1820 764 1980 820 nobis
2006 769 2381 818 occurrerunt.
2419 778 2438 811 ι
2475 751 2631 812 Ηιιιιο
2659 771 2791 812 vero
2824 753 3118 810 Frontonis
3139 755 3512 824 conjecturam
3554 755 3756 810 merito

482 867 692 935 reSpuit
747 865 1009 920 Henricus
1058 863 1295 920 Savilius
1359 882 1371 917 :
1421 882 1439 915 ι
1495 863 1608 917 Non
1658 861 1952 925 assentior,
1998 858 2206 929 inquit,
2256 855 2521 911 Frontoni
2574 854 2773 910 Ducaao
2825 853 2925 908 bas
2979 853 3109 923 περὶ
3168 851 3425 924 προνοίας
3475 852 3760 907 orationes

482 962 866 1031 ἁπανθίσματα
910 976 1033 1016 esse
1077 976 1304 1030 :neque
1351 960 1497 1016 enim
1540 957 1765 1013 memini
1811 972 1898 1012 me
1931 971 1993 1011 ea
2042 969 2168 1026 quaa
2215 952 2306 1008 hic
2342 951 2646 1007 all'eruntar
2693 949 2823 1004 alibi
2881 948 3022 1018 apud
3054 948 3202 1002 hunc
3257 957 3500 1002 nostrum
3557 946 3764 1016 legisse

483 1059 673 1111 eodem
713 1055 874 1108 modo
906 1054 1072 1108 dicta.
1122 1071 1140 1104 ι
1184 1051 1249 1107 Ει
1273 1068 1401 1108 vero
1423 1068 1547 1107 cum
1581 1051 1647 1105 de
1683 1049 1796 1104 fato
1823 1046 2043 1104 disserit
2077 1046 2530 1118 Cbrysostomus,
2566 1043 2672 1098 alio
2701 1040 2968 1095 orationis
2997 1040 3170 1094 utitur
3205 1038 3364 1093 modo
3397 1057 3410 1094 :
3439 1038 3585 1093 unde
3615 1037 3766 1093 forte

485 1157 744 1203 nascatur
784 1147 1030 1216 quaedam
1082 1145 1294 1209 νοθείας
1332 1144 1593 1216 suspicio.
1641 1127 1944 1199 Fatendum
2001 1149 2185 1195 tamen
2216 1147 2322 1204 est,
2369 1137 2474 1192 hoc
2511 1150 2669 1206 opus,
2704 1133 2752 1189 si
2780 1133 2888 1187 vim
2919 1131 3186 1188 ratiocinii
3240 1129 3592 1200 spectaveris,
3647 1142 3764 1180 non

487 1254 608 1293 esse
637 1241 1025 1310 Chrysostomo
1047 1239 1324 1310 indignum
1359 1258 1372 1293 :
1402 1247 1457 1292 at
1485 1238 1539 1292 in
1573 1237 1710 1309 stylo
1741 1234 2041 1306 quamdam
2081 1231 2527 1302 peregrinitatem
2561 1227 2914 1299 agnoscimus
2947 1242 2960 1280 :
2998 1225 3176 1324 oratio
3193 1232 3290 1324 ut.
3314 1222 3620 1324 plurimum
3662 1235 3767 1280 aur

487 1340 666 1402 gusta,
698 1341 751 1386 ct
775 1313 1086 1397 concisa,et
1113 1327 1143 1386 a
1172 1331 1478 1402 proﬂuente
1513 1331 1604 1385 illa
1637 1327 2022 1400 Chrysostomi
2050 1326 2298 1382 ubertate
2329 1323 2538 1389 aliena;
2562 1320 2822 1390 itemque,
2854 1318 3071 1417 tametsi
3105 1315 3324 1372 levioris
3361 1314 3622 1417 momenti
3668 1328 3760 1417 res

488 1431 592 1486 est,
630 1423 872 1478 clausula
900 1424 1008 1486 illa,
1041 1439 1147 1494 qua
1177 1423 1232 1478 in
1259 1424 1525 1479 honorem
1555 1422 1841 1478 Trinitatis
1869 1435 2064 1477 omnes
2093 1419 2266 1476 ferme
2296 1418 2552 1474 bomilias
2576 1431 2706 1472 suas
2729 1411 3008 1470 concludit
3033 1411 3484 1482 Chrysostomus,
3519 1409 3572 1462 in
3595 1409 3767 1476 quin-

489 1526 595 1579 qne
643 1512 916 1581 prioribus
941 1512 1008 1566 de
1057 1513 1188 1568 Fato
1218 1514 1560 1569 orationibus
1591 1527 1699 1567 non
1731 1520 2046 1582 comparet;
2101 1510 2198 1567 sed
2242 1510 2362 1581 ejus
2421 1509 2543 1564 loco
2580 1507 2687 1562 alia
2726 1503 3034 1574 subjicitur.
3080 1518 3203 1573 quae
3253 1501 3535 1556 Christum
3570 1499 3754 1554 solum

491 1613 905 1659 commemorat.
969 1605 1073 1659 Sed
1135 1621 1258 1661 cum
1311 1607 1438 1660 alibi
1493 1621 1713 1676 quoque
1765 1607 1909 1660 inter
1975 1618 2143 1674 opera
2187 1600 2563 1674 Chrysostomi
2603 1598 2836 1670 genuina
2899 1595 3148 1652 eamdem
3198 1593 3323 1665 styli
3368 1591 3758 1647 diversitatem

492 1697 986 1766 drprehomlmmts,
1018 1715 1046 1753 a
1095 1701 1304 1756 calculo
1340 1701 1559 1756 ferendo
1605 1698 2109 1768 supersedebimus,
2152 1705 2206 1752 et
2241 1695 2421 1750 adhuc
2451 1693 2554 1749 sub
2584 1692 2770 1761 judice
2811 1689 2879 1746 iis
2913 1689 3040 1745 erit.
3084 1687 3352 1744 Caeterum
3389 1683 3536 1754 quod
3566 1683 3644 1736 ait
3703 1683 3765 1737 in

516 1851 770 1874 ma.-

771 1855 1036 1868 ψ

1322 1979 1549 2064 τινοΥ
1590 1982 1735 2067 EN
1771 1981 2140 2067 AI‘IOIZ
2224 1984 2658 2117 ΠΑΤΡΟΣ
2725 1984 3050 2071 ΗΜΩΝ

1630 2178 2648 2356 ΙΩΑΝΝΟΥ

1269 2425 1467 2478 ΛΡΧΙ
1489 2425 1968 2479 ΕΠΙΣΚΟΠΟΥ
2013 2425 3018 2496 ΚΩΝΣΤΑΝΤΙΝΟΥΠΟΛΕΩΣ,

1795 2564 1878 2616 ΤΟ
1891 2563 1937 2614 Υ
1969 2561 2450 2616 ΧΡΥΣΟΣΤΟΜΟ
2464 2564 2507 2615 Υ

790 2759 1102 2846 ΠΕΡΙ
1209 2763 2098 2867 ΕΙΜΑΡΜΕΝΗΣ
2207 2766 2362 2847 ΤΕ
2464 2766 2693 2848 ΚΑΙ
2803 2758 3455 2851 ΠΡΟΝΟΙΑΣ

1927 2963 1951 2991 ι
1971 2947 2169 3003 ΛΟΓΟΙ
2204 2949 2306 3002 ΕΞ.

1024 3251 1285 3336 ΠΕΡΙ
1347 3251 2066 3342 ΕΙΜΑΡΜΕΝΗΣ
2127 3255 2264 3340 ΤΕ
2348 3257 2542 3342 ΚΑΙ
2618 3257 3199 3345 ΠΡΟΝΟΙΑΣ.

2095 3448 2163 3462 α*

1150 3531 1341 3603 Λόγος
1365 3533 1442 3589 α’.

585 3614 796 3686 Πολλῆς
821 3613 982 3684 γέμει
1014 3619 1258 3688 ταραχῆς
1292 3617 1447 3688 ἡμῶν
1479 3619 1511 3690 ἡ
1544 3619 1658 3688 ζωὴ
1678 3660 1692 3685 ,
1721 3619 1815 3674 καὶ
1845 3619 2088 3692 θορύϐων

515 3701 714 3772 μεστὸς
739 3701 767 3754 6
794 3698 982 3772 παρὼν
1016 3700 1129 3770 βίος
1151 3701 1298 3755 ἐστίν
1313 3720 1326 3734 θ
1349 3703 1464 3756 ἀλλ’
1487 3703 1548 3756 οὑ
1577 3703 1739 3760 τοῦτό
1763 3704 1878 3759 ἐστι
1907 3706 1967 3759 τὸ
1989 3723 2090 3777 Xa.-

515 3783 699 3846 λεπὸν,
729 3781 1023 3854 ἀγαπητοὶ,
1055 3782 1170 3836 ἀλλ’
1194 3783 1277 3836 ὅτι
1299 3784 1426 3849 τοὺς
1457 3785 1720 3857 θορύϐους
1749 3787 1974 3853 τούτους
1997 3791 2091 3843 καὶ

512 3866 613 3927 τὰς
644 3865 908 3936 ταραχὰς,
943 3863 976 3935 ἢ
1010 3865 1145 3937 πρὸς
1177 3865 1237 3919 τὺ
1264 3867 1568 3939 πραότερον
1599 3871 1910 3939 μεταθεῖναι
1936 3871 2094 3925 δυνά-

519 3964 691 4018 μενοι,
732 3947 764 4019 ἢ
801 3947 1053 4018 μένοντες
1095 3947 1280 4020 φέρειν
1310 3949 1552 4014 ἀλύπως,
1585 3951 1860 4024 οὐδέτερον
1889 3950 2093 4009 τούτων

521 4030 992 4101 μεμελετήκαμεν,
1042 4031 1154 4085 ἀλλ’
1185 4032 1685 4097 ἀποδυσπετοῦντες
1727 4034 1818 4088 τὸν
1878 4035 2094 4090 ἅπαντα

517 4113 869 4186 διατελοῦμεν
911 4116 1134 4184 χρόνον·
1181 4117 1277 4170 καὶ⁸
1313 4119 1342 4172 6
1376 4117 1475 4189 μὲν
1516 4118 1728 4181 πενίαν.
1767 4120 1805 4172 6
1841 4119 1897 4172 δὲ
1939 4120 2094 4174 νόσον

516 4196 798 4266 ὀδύρεται,
833 4197 991 4261 ἄλλος
1037 4199 1333 4270 φροντίδων
1379 4201 1564 4269 ὄγκον,
1622 4203 1718 4257 καὶ
1758 4205 2095 4274 προστασίαν

520 4280 719 4345 οἰκίας,
743 4281 929 4353 ἕτερος
955 4283 1366 4354 παιδοτροφίαν,
1389 4285 1547 4350 ἀλλος
1562 4287 1841 4341 ἀπαιδίαν.
1867 4289 1978 4341 Καὶ
2000 4289 2096 4342 θέα

518 4362 622 4431 τῆς
669 4363 853 4426 ἀνοίας
894 4365 996 4434 τὴν
1041 4365 1376 4438 ὑπερϐολήνο
1418 4368 1480 4420 οὐ
1515 4367 1623 4440 γὰρ
1649 4370 1743 4422 ἐπὶ
1773 4372 1888 4434 τοῖς
1914 4371 2099 4432 αὐτοῖς

521 4446 864 4516 πράγμασιν,
893 4445 1007 4498 ἀλλ’
1034 4447 1125 4502 ἐπὶ
1147 4451 1260 4513 τοῖς
1285 4451 1546 4515 ἐναντίοις
1575 4453 1703 4516 ἴσως
1730 4453 1930 4516 πάντες
1961 4452 2096 4524 θρη-

517 4527 741 4598 νοῦμεν.
780 4529 972 4582 Καίτοι
1002 4546 1065 4598 γε
1094 4531 1142 4583 εί
1173 4531 1282 4584 τῶν
1332 4534 1672 4602 πραγμάτων
1703 4537 1736 4606 ἡ
1773 4535 1933 4604 φύσις
1966 4537 2098 4604 ἡμῖν

522 4610 674 4665 αἰτία
704 4611 811 4664 τῶν
843 4611 1096 4684 ὀδυρμῶν
1133 4609 1223 4684 ἦν,
1257 4613 1356 4666 οὐκ
1385 4615 1551 4686 ἐχρῆν
1578 4615 1670 4669 ἐπὶ
1697 4619 1809 4681 τοῖς
1837 4617 2099 4682 ἐναντίοις

525 4693 656 4756 ἴσως
682 4692 1007 4764 ὀδύρεσθαι*
1047 4695 1161 4749 ἀλλ’
1182 4697 1230 4749 εί
1271 4697 1430 4750 πενία
1469 4698 1638 4752 κακὸν
1671 4699 1765 4752 καὶ
1801 4700 2095 4771 ἀφόρητον,

520 4775 614 4830 τὸν
653 4778 709 4828 ὲν
749 4776 962 4850 πλούτῳ
994 4775 1172 4842 ζῶντα
1195 4780 1450 4834 οὐδέποτε
1475 4781 1645 4854 ὲχρῆν
1672 4782 1888 4835 ἀλύειν*
1931 4784 2025 4837 καὶ
2051 4786 2100 4837 εἰ

520 4859 750 4913 ἀπαιδία
788 4861 978 4924 κακὸν,
1005 4861 1096 4915 τὸν
1143 4862 1502 4928 πολυπαιδίας
1552 4864 1894 4919 ἀπολαύοντα
1941 4866 2102 4918 εὐθυ-

525 4944 651 5011 μεῖν
680 4943 868 5013 ὲχρῆν.
895 4943 1064 4998 Πάλιν
1098 4945 1145 4998 εί
1172 4946 1233 4999 τὸ
1263 4947 1332 5000 τὰ
1376 4946 1530 5001 κοινά
1575 4947 1675 5017 τῆς
1715 4948 1921 5009 πόλεως
1965 4948 2107 5019 πρά·-

526 5041 715 5094 γμοιτα
761 5027 1000 5092 διοικεῖν,
1042 5029 1134 5080 καὶ
1177 5030 1352 5100 τιμῶν
1398 5029 1715 5097 ἀπολαύειν,
1747 5033 1841 5086 καὶ
1878 5031 2106 5096 πολλοὺς

528 5109 672 5179 ἔχειν
703 5109 829 5173 τοὺς
855 5110 1288 5181 ύποκειμένουςι
1315 5113 1576 5185 ζηλωτὸν,
1605 5116 1770 5189 ὲχρῆν
1803 5115 1892 5170 τὸν
1927 5115 2107 5185 ἀπρά-

527 5209 703 5272 γμονα
753 5192 866 5264 βίον
913 5195 1007 5248 καὶ
1055 5196 1287 5270 γαληνὸν
1335 5199 1564 5270 φευκτὸν
1610 5196 1768 5265 εἶναι,
1813 5201 1908 5254 καὶ
1954 5198 2105 5269 παρά

530 5278 747 5332 πάντων
771 5277 1074 5351 ἀνθρώπων
1110 5282 1401 5352 μισεῖσθαι.
1436 5283 1550 5338 Νῦν
1590 5285 1646 5338 δὲ
1687 5285 1815 5338 ὅταν
1855 5283 1988 5356 ἴδῃς,
2022 5283 2105 5336 ὅτι

529 5361 773 5416 πλούσιοι
809 5365 902 5418 καὶ
934 5364 1163 5437 πένητες
1195 5366 1324 5431 ἴσως
1368 5368 1667 5438 ὀδύρονται,
1702 5367 1960 5429 πολλάκις
1987 5366 2044 5419 δὲ
2076 5367 2104 5420 6

530 5446 776 5499 πλουτῶν
809 5448 946 5520 ὑπὲρ
980 5449 1190 5520 πένητα
1214 5449 1371 5503 τοῦτο
1391 5451 1550 5504 πάλιν
1573 5453 1734 5508 ποιεῖ,
1759 5451 1854 5504 καὶ
1875 5451 1903 5501 6
1928 5448 2104 5520 ἀρχῆς

531 5528 840 5591 ἀπολαύων.
874 5531 969 5585 καὶ
1019 5533 1048 5585 6
1097 5532 1417 5604 ἀρχόμενος,
1451 5533 1546 5586 καὶ
1579 5535 1607 5586 6
1641 5533 1847 5587 πολλῶν
1898 5533 2104 5585 παίδων

531 5611 735 5681 πατὴρ,
765 5611 860 5664 καὶ
880 5613 910 5666 6
939 5615 1138 5685 μηδένα
1157 5616 1292 5680 ὅλως
1313 5615 1579 5686 ἐσχηκὼς,
1617 5615 1689 5689 μὴ
1713 5617 1780 5671 τὰ
1807 5616 2100 5689 πράγματα

594 5713 623 5745 ⁸
639 5711 721 5764 Sic
739 5713 878 5766 Colb.
905 5715 1075 5769 Morel.
1103 5732 1220 5771 vero
1238 5721 1610 5786 ὓπερκειμένους.

2189 3539 2288 3608 τῆς
2319 3537 2544 3604 ἀταξίας
2573 3537 2895 3608 αἰτιώμεθα,
2923 3535 3060 3590 ἀλλὰ
3077 3536 3204 3600 τοὺς
3235 3534 3296 3588 οὐ
3327 3531 3656 3603 δυναμένους
3675 3527 3777 3586 αὖ-

2190 3625 2303 3687 τοῖς
2349 3623 2432 3686 είς
2459 3623 2586 3691 ,δέον
2624 3622 2952 3694 χρήσασθαι,
2981 3621 3078 3674 καὶ
3121 3621 3302 3690 πάσης
3336 3615 3567 3686 ἀθυμίας
3594 3613 3777 3667 ἀπαλ-

2192 3705 2406 3761 λάττειν
2438 3705 2681 3771 ἑαυτούς.
2701 3706 2766 3758 Ἥ
2803 3705 2912 3778 γὰρ
2943 3704 3155 3778 ταραχὴ
3187 3705 3282 3758 καὶ
3320 3705 3348 3756 6
3394 3699 3622 3768 θόρυϐος
3649 3699 3776 3768 οὐχὶ

2191 3787 2394 3842 τούτων
2437 3789 2553 3842 ἐστὶ
2596 3789 2934 3859 περιπέτεια,
2975 3788 3087 3842 ἀλλ’
3109 3790 3268 3858 ἡμεῖς
3315 3785 3408 3838 καὶ⁵
3451 3784 3486 3854 ἠ
3525 3782 3777 3853 ἡμετέρα

2192 3873 2430 3928 διάνοια*
2453 3873 2529 3937 ὡς
2554 3873 2648 3926 ἐὰν
2674 3872 2813 3944 αὑτὴ
2839 3871 3018 3935 καλῶς
3045 3872 3176 3942 ἡμῖν
3262 3864 3772 3936 κατεσκευασμένη,

2194 3956 2298 4011 κᾶν
2335 3957 2520 4028 μυρίοι
2569 3956 2900 4027 πανταχόθεν
2930 3955 3248 4026 ὲγείρωνται
3275 3950 3564 4024 χειμῶνες,
3592 3951 3650 4002 ἐν
3678 3965 3779 4016 γα-

2194 4038 2331 4112 λήνῃ
2382 4041 2476 4093 καὶ
2525 4039 2703 4110 λιμένι
2755 4037 3163 4108 καθευδούμεθα
3213 4034 3538 4095 διαπαντός·
3593 4029 3778 4103 [753]

2196 4120 2382 4195 ὥσπερ
2406 4117 2499 4176 οὖν
2519 4123 2617 4176 οὐκ
2638 4117 2697 4176 εὖ
2727 4120 2958 4192 ἐχούσης
2986 4119 3177 4188 αὐτῆς,
3205 4118 3309 4172 κᾶν
3337 4116 3394 4183 ἐξ
3424 4115 3624 4187 ούρίων
3648 4116 3781 4186 ἡμῖν

2198 4205 2412 4260 ἅπαντα
2442 4206 2693 4278 φέρηται,
2732 4204 2840 4257 τῶν
2866 4205 2924 4258 έν
2947 4203 3226 4271 ναυαγίοις
3245 4201 3411 4256 ὄντων
3443 4197 3602 4252 οὐδὲν
3621 4197 3787 4268 ἀμει-

2197 4287 2719 4359 νονδιακεισόμεθα.
2759 4286 2929 4341 Τοῦτο
2961 4287 3092 4356 γοῦν
3120 4288 3236 4339 ἐστι
3277 4283 3370 4338 καὶ
3405 4282 3498 4336 ἐπὶ
3526 4281 3642 4334 τῶν
3675 4297 3786 4334 σω-

2202 4372 2390 4442 μάτων
2415 4372 2562 4426 ἰδεῖν.
2581 4373 2637 4425 'O
2659 4371 2757 4442 μὲν
2782 4370 2891 4442 γάρ
2915 4369 3132 4441 ίσχυρδν
3154 4370 3216 4422 τὸ
3237 4365 3430 4421 ἑαυτοῦ
3451 4377 3790 4419 κατεσκευα-

2201 4454 2312 4517 κὼς
2340 4453 2521 4525 σῶμα,
2554 4454 2657 4508 κᾶν
2687 4454 2908 4525 μυρίαις
2938 4453 3114 4524 ἀέρων
3143 4449 3480 4520 ἀνωμαλίαις
3517 4447 3784 4517 μάχηται,

2200 4536 2261 4590 οὐ
2294 4537 2456 4607 μόνον
2483 4537 2633 4590 οὐδὲν
2660 4536 2908 4590 πείσεται
2946 4535 3138 4597 δεινὸν,
3167 4532 3303 4586 ἀλλά
3333 4533 3426 4585 καὶ
3462 4530 3786 4611 προσθῄκην

2205 4619 2384 4689 ἰσχύος
2431 4621 2496 4690 τῇ
2541 4620 2818 4691 γυμνασίᾳ
2845 4619 2937 4672 καὶ
2979 4621 3044 4690 τῇ
3094 4617 3192 4687 τῆς
3232 4612 3568 4685 δυσκρασίας
3596 4613 3789 4681 ὁμιλία

2203 4701 2535 4774 προσέλαϐεν
2557 4719 2569 4731 ⁸
2604 4702 2670 4756 ἂν
2701 4703 2757 4756 δὲ
2785 4702 3008 4765 ἀσθενὲς
3045 4700 3145 4772 ἔχῃ
3187 4698 3284 4752 καὶ
3328 4696 3644 4769 διάραιονδ,
3682 4696 3790 4749 κᾶν

2201 4784 2431 4855 ἀρίστης
2452 4783 2701 4857 ἀπολαύῃ
2728 4785 2825 4854 τῆς
2852 4785 2958 4837 τῶν
2981 4783 3140 4855 ὡρῶν
3159 4781 3432 4852 κράσεως,
3449 4778 3606 4831 οὐδὲν
3635 4777 3789 4846 αὐτῷ

2202 4867 2361 4920 πλέον
2391 4867 2498 4920 ἀπὸ
2524 4867 2728 4939 ταύτης
2767 4867 2920 4920 ἔσται
2957 4869 3057 4936 τῆς
3095 4863 3400 4935 εὐμοιρίας,
3436 4861 3536 4932 τῆς
3573 4861 3790 4913 οἴκοθεν

2199 4949 2485 5013 ἀσθενείας
2525 4953 2592 5021 τῇ
2644 4951 2795 5021 παρά
2823 4949 2932 5004 τῶν
2960 4948 3118 5020 ὡρῶν
3151 4946 3416 5016 εὐκληρίᾳ
3457 4943 3795 5015 λυμαινομέ-

2205 5050 2323 5103 νης.
2348 5031 2503 5085 Οὕτω
2536 5033 2628 5087 καὶ
2653 5033 2746 5085 ἐπὶ
2773 5031 2882 5084 τῶν
2911 5032 3095 5085 σιτίων
3121 5029 3368 5101 ὁρῶμεν
3397 5027 3527 5080 ὅταν
3556 5025 3660 5096 μὲν
3686 5026 3796 5094 γὰρ

2210 5115 2426 5186 ἰσχυρὸν
2476 5116 2568 5168 καὶ
2617 5115 2930 5186 ἐρρωμένον
2961 5115 3093 5184 ἡμῖν
3127 5113 3188 5165 τὸ
3231 5111 3390 5180 σῶμα
3417 5109 3514 5180 τῆς
3555 5108 3798 5177 γαστρὸς

2210 5193 2265 5270 ᾖ,
2301 5199 2406 5252 πᾶν
2430 5198 2566 5269 ὅπερ
2593 5200 2658 5252 ἂν
2683 5197 2984 5268 ἐνδέχηται,
3013 5196 3117 5250 κᾶν
3147 5190 3380 5266 σκληρὸν
3409 5189 3468 5266 ᾖ,
3499 5191 3607 5245 κᾶν
3642 5189 3798 5258 αὐτῷ

2209 5283 2637 5351 ἀκατέργαστον,
2681 5281 2818 5352 πρὸς
2859 5279 3094 5352 καθαρὸν
3146 5278 3279 5332 αὐτὸ
3326 5273 3801 5348 μετασχηματίζει

2209 5364 2540 5436 χυμὸν,’τῆς
2569 5365 2802 5434 φυσικῆς
2826 5364 3074 5434 κράσεως
3105 5359 3560 5434 περιγιγνομένης
3600 5359 3705 5428 τῆς
3738 5359 3799 5408 ἐν

2210 5447 2288 5518 τῷ
2321 5447 2477 5517 σιτίῳ
2501 5447 2727 5511 κακίας·
2756 5449 2883 5501 ὅταν
2903 5447 2963 5501 δὲ
2991 5447 3019 5500 6
3047 5446 3198 5510 τόνος
3229 5443 3394 5498 αὐτοῦ
3419 5440 3798 5510 καταλελυμέ-

2209 5524 2356 5602 νοςῇ
2385 5530 2479 5583 καὶ
2502 5529 2718 5600 χαῦνος,
2762 5531 2867 5585 κᾶν
2910 5529 2972 5584 τὺ
3016 5528 3235 5583 πάντων
3258 5526 3624 5597 εὐχυμότερον
3657 5525 3799 5594 αὐτῇ

2212 5611 2587 5684 προσενέγκῃς
2632 5613 2833 5683 ἔδεσμα
2905 5615 2984 5679 εἰς
3036 5613 3098 5667 τὸ
3141 5611 3412 5684 χείριστον
3441 5607 3574 5663 αὐτὸ
3607 5611 3810 5681 μετερ-

2274 5714 2302 5754 δ
2326 5713 2462 5764 Colb.
2499 5715 2726 5780 ὂιαρῥὲον.
