  <div class='ocr_page' id='page_1' title='image "/cluster/home/n/w/nwhite01/storage/ocr_20150623/50/hvd.32044069618742/348.png"; bbox 0 0 4080 6198; ppageno 0'>
   <div class='ocr_carea' id='block_1_1' title="bbox 283 212 3550 301">
    <p class='ocr_par' dir='ltr' id='par_1_1' title="bbox 283 212 3550 301">
     <span class='ocr_line' id='line_1_1' title="bbox 283 212 3550 301; baseline 0.006 -35"><span class='ocrx_word' id='word_1_1' title='bbox 283 212 387 266; x_wconf 66' lang='grc'><strong>749</strong></span> <span class='ocrx_word' id='word_1_2' title='bbox 1395 221 1482 275; x_wconf 81' lang='lat' dir='ltr'><strong>DE</strong></span> <span class='ocrx_word' id='word_1_3' title='bbox 1522 221 1706 279; x_wconf 83' lang='lat' dir='ltr'><strong>FATO</strong></span> <span class='ocrx_word' id='word_1_4' title='bbox 1744 222 1832 277; x_wconf 86' lang='lat' dir='ltr'><strong>ET</strong></span> <span class='ocrx_word' id='word_1_5' title='bbox 1867 223 2352 285; x_wconf 70' lang='lat' dir='ltr'><strong>PROVIDENTIA.</strong></span> <span class='ocrx_word' id='word_1_6' title='bbox 2395 232 2433 284; x_wconf 83' lang='grc'><strong>1.</strong></span> <span class='ocrx_word' id='word_1_7' title='bbox 3451 246 3550 301; x_wconf 69' lang='lat'><strong>750</strong></span> 
     </span>
    </p>
   </div>
   <div class='ocr_carea' id='block_1_2' title="bbox 290 338 3538 402">
    <p class='ocr_par' dir='ltr' id='par_1_2' title="bbox 290 338 3538 402">
     <span class='ocr_line' id='line_1_2' title="bbox 290 338 3538 402; baseline 0.002 -32"><span class='ocrx_word' id='word_1_8' title='bbox 290 338 3538 402; x_wconf 49' lang='grc' dir='ltr'>Ἥ</span> 
     </span>
    </p>
   </div>
   <div class='ocr_carea' id='block_1_3' title="bbox 1693 482 2138 546">
    <p class='ocr_par' dir='ltr' id='par_1_3' title="bbox 1693 482 2138 546">
     <span class='ocr_line' id='line_1_3' title="bbox 1693 482 2138 546; baseline 0.011 -5"><span class='ocrx_word' id='word_1_9' title='bbox 1693 482 2138 546; x_wconf 78' lang='lat' dir='ltr'><strong>ADMONlTlO.</strong></span> 
     </span>
    </p>
   </div>
   <div class='ocr_carea' id='block_1_4' title="bbox 277 595 3539 702">
    <p class='ocr_par' dir='ltr' id='par_1_4' title="bbox 277 595 3539 702">
     <span class='ocr_line' id='line_1_4' title="bbox 277 595 3539 702; baseline 0.01 -50"><span class='ocrx_word' id='word_1_10' title='bbox 277 596 430 652; x_wconf 83' lang='lat' dir='ltr'><strong>Notis</strong></span> <span class='ocrx_word' id='word_1_11' title='bbox 458 595 724 702; x_wconf 79' lang='lat' dir='ltr'><strong>Henricus</strong></span> <span class='ocrx_word' id='word_1_12' title='bbox 755 598 1012 667; x_wconf 88' lang='lat' dir='ltr'><strong>Savilius,</strong></span> <span class='ocrx_word' id='word_1_13' title='bbox 1040 603 1094 658; x_wconf 93' lang='lat' dir='ltr'><strong>in</strong></span> <span class='ocrx_word' id='word_1_14' title='bbox 1134 604 1382 661; x_wconf 86' lang='lat' dir='ltr'><strong>oratione</strong></span> <span class='ocrx_word' id='word_1_15' title='bbox 1412 615 1567 662; x_wconf 81' lang='lat' dir='ltr'><strong>sexta</strong></span> <span class='ocrx_word' id='word_1_16' title='bbox 1597 623 1665 663; x_wconf 91' lang='lat' dir='ltr'><strong>ne</strong></span> <span class='ocrx_word' id='word_1_17' title='bbox 1699 610 1924 667; x_wconf 86' lang='lat' dir='ltr'><strong>verbum</strong></span> <span class='ocrx_word' id='word_1_18' title='bbox 1958 614 2177 683; x_wconf 84' lang='lat' dir='ltr'><strong>quidem</strong></span> <span class='ocrx_word' id='word_1_19' title='bbox 2202 619 2325 672; x_wconf 80' lang='lat' dir='ltr'><strong>esse</strong></span> <span class='ocrx_word' id='word_1_20' title='bbox 2358 619 2425 672; x_wconf 84' lang='lat' dir='ltr'><strong>de</strong></span> <span class='ocrx_word' id='word_1_21' title='bbox 2453 617 2566 674; x_wconf 90' lang='lat' dir='ltr'><strong>fato</strong></span> <span class='ocrx_word' id='word_1_22' title='bbox 2605 628 2660 676; x_wconf 91' lang='lat' dir='ltr'><strong>et</strong></span> <span class='ocrx_word' id='word_1_23' title='bbox 2681 622 3040 691; x_wconf 80' lang='lat' dir='ltr'><strong>providentia,</strong></span> <span class='ocrx_word' id='word_1_24' title='bbox 3075 627 3168 681; x_wconf 90' lang='lat' dir='ltr'><strong>sed</strong></span> <span class='ocrx_word' id='word_1_25' title='bbox 3199 635 3365 684; x_wconf 93' lang='lat' dir='ltr'><strong>totam</strong></span> <span class='ocrx_word' id='word_1_26' title='bbox 3407 631 3539 702; x_wconf 76' lang='grc' dir='ltr'><strong>περὶ</strong></span> 
     </span>
    </p>
   </div>
   <div class='ocr_carea' id='block_1_5' title="bbox 276 693 3544 779">
    <p class='ocr_par' dir='ltr' id='par_1_5' title="bbox 276 693 3544 779">
     <span class='ocr_line' id='line_1_5' title="bbox 276 693 3544 779; baseline 0.012 -38"><span class='ocrx_word' id='word_1_27' title='bbox 276 693 722 762; x_wconf 71' lang='grc' dir='ltr'><strong>γαστριμαργίας</strong></span> <span class='ocrx_word' id='word_1_28' title='bbox 775 695 1077 750; x_wconf 82' lang='lat' dir='ltr'><strong>oralionem</strong></span> <span class='ocrx_word' id='word_1_29' title='bbox 1139 713 1281 762; x_wconf 88' lang='lat' dir='ltr'><strong>esse,</strong></span> <span class='ocrx_word' id='word_1_30' title='bbox 1337 715 1443 754; x_wconf 94' lang='lat' dir='ltr'><strong>non</strong></span> <span class='ocrx_word' id='word_1_31' title='bbox 1505 703 1729 757; x_wconf 85' lang='lat' dir='ltr'><strong>omnino</strong></span> <span class='ocrx_word' id='word_1_32' title='bbox 1752 720 1940 760; x_wconf 85' lang='lat' dir='ltr'><strong>verum</strong></span> <span class='ocrx_word' id='word_1_33' title='bbox 1972 717 2103 777; x_wconf 90' lang='lat' dir='ltr'><strong>puto</strong></span> <span class='ocrx_word' id='word_1_34' title='bbox 2132 726 2146 763; x_wconf 88' lang='lat'><strong>:</strong></span> <span class='ocrx_word' id='word_1_35' title='bbox 2180 724 2304 764; x_wconf 90' lang='lat' dir='ltr'><strong>nam</strong></span> <span class='ocrx_word' id='word_1_36' title='bbox 2340 727 2464 765; x_wconf 91' lang='lat' dir='ltr'><strong>cum</strong></span> <span class='ocrx_word' id='word_1_37' title='bbox 2505 713 2574 767; x_wconf 90' lang='lat' dir='ltr'><strong>ab</strong></span> <span class='ocrx_word' id='word_1_38' title='bbox 2603 714 2687 770; x_wconf 87' lang='lat' dir='ltr'><strong>bis</strong></span> <span class='ocrx_word' id='word_1_39' title='bbox 2720 718 2929 779; x_wconf 87' lang='lat' dir='ltr'><strong>verbis,</strong></span> <span class='ocrx_word' id='word_1_40' title='bbox 2965 718 3314 776; x_wconf 78' lang='lat' dir='ltr'><strong>Comcdamus</strong></span> <span class='ocrx_word' id='word_1_41' title='bbox 3358 732 3409 776; x_wconf 86' lang='lat' dir='ltr'><strong>et</strong></span> <span class='ocrx_word' id='word_1_42' title='bbox 3461 693 3544 778; x_wconf 59' lang='grc' dir='ltr'><strong>Ι)Ιὶ-</strong></span> 
     </span>
    </p>
   </div>
   <div class='ocr_carea' id='block_1_6' title="bbox 275 781 3547 882">
    <p class='ocr_par' dir='ltr' id='par_1_6' title="bbox 275 781 3547 882">
     <span class='ocr_line' id='line_1_6' title="bbox 275 781 3547 882; baseline 0.011 -50"><span class='ocrx_word' id='word_1_43' title='bbox 275 781 462 834; x_wconf 75' lang='lat' dir='ltr'><strong>bamus</strong></span> <span class='ocrx_word' id='word_1_44' title='bbox 489 795 508 834; x_wconf 90' lang='lat'><strong><em>:</em></strong></span> <span class='ocrx_word' id='word_1_45' title='bbox 538 797 657 836; x_wconf 80' lang='lat' dir='ltr'><strong>cras</strong></span> <span class='ocrx_word' id='word_1_46' title='bbox 685 785 824 837; x_wconf 88' lang='lat' dir='ltr'><strong>enim</strong></span> <span class='ocrx_word' id='word_1_47' title='bbox 872 789 1178 857; x_wconf 85' lang='lat' dir='ltr'><strong>moriemur,</strong></span> <span class='ocrx_word' id='word_1_48' title='bbox 1210 791 1512 847; x_wconf 87' lang='lat' dir='ltr'><strong>orationem</strong></span> <span class='ocrx_word' id='word_1_49' title='bbox 1560 793 1683 861; x_wconf 90' lang='lat' dir='ltr'><strong>init,</strong></span> <span class='ocrx_word' id='word_1_50' title='bbox 1731 795 1801 850; x_wconf 89' lang='lat' dir='ltr'><strong>ad</strong></span> <span class='ocrx_word' id='word_1_51' title='bbox 1841 799 2041 854; x_wconf 86' lang='lat' dir='ltr'><strong>seriem</strong></span> <span class='ocrx_word' id='word_1_52' title='bbox 2070 802 2478 870; x_wconf 63' lang='lat' dir='ltr'><strong>prmmissarum</strong></span> <span class='ocrx_word' id='word_1_53' title='bbox 2522 806 2833 863; x_wconf 88' lang='lat' dir='ltr'><strong>orationum</strong></span> <span class='ocrx_word' id='word_1_54' title='bbox 2883 810 3122 881; x_wconf 87' lang='lat' dir='ltr'><strong>respicit,</strong></span> <span class='ocrx_word' id='word_1_55' title='bbox 3181 829 3414 882; x_wconf 84' lang='lat' dir='ltr'><strong>quarum</strong></span> <span class='ocrx_word' id='word_1_56' title='bbox 3457 831 3547 869; x_wconf 87' lang='lat' dir='ltr'><strong>ar-</strong></span> 
     </span>
    </p>
   </div>
   <div class='ocr_carea' id='block_1_7' title="bbox 274 880 3543 968">
    <p class='ocr_par' dir='ltr' id='par_1_7' title="bbox 274 880 3543 968">
     <span class='ocr_line' id='line_1_7' title="bbox 274 880 3543 968; baseline 0.01 -43"><span class='ocrx_word' id='word_1_57' title='bbox 274 881 598 968; x_wconf 54' lang='lat' dir='ltr'><strong>gumentum</strong></span> <span class='ocrx_word' id='word_1_58' title='bbox 633 882 718 930; x_wconf 87' lang='lat' dir='ltr'><strong>est</strong></span> <span class='ocrx_word' id='word_1_59' title='bbox 754 884 946 932; x_wconf 88' lang='lat' dir='ltr'><strong>contra</strong></span> <span class='ocrx_word' id='word_1_60' title='bbox 983 894 1100 947; x_wconf 90' lang='lat' dir='ltr'><strong>eos,</strong></span> <span class='ocrx_word' id='word_1_61' title='bbox 1130 880 1224 950; x_wconf 89' lang='lat' dir='ltr'><strong>qui</strong></span> <span class='ocrx_word' id='word_1_62' title='bbox 1255 883 1441 936; x_wconf 84' lang='lat' dir='ltr'><strong>omnia</strong></span> <span class='ocrx_word' id='word_1_63' title='bbox 1469 881 1585 938; x_wconf 88' lang='lat' dir='ltr'><strong>fato</strong></span> <span class='ocrx_word' id='word_1_64' title='bbox 1613 885 1872 954; x_wconf 82' lang='lat' dir='ltr'><strong>quapiam</strong></span> <span class='ocrx_word' id='word_1_65' title='bbox 1902 897 1959 942; x_wconf 89' lang='lat' dir='ltr'><strong>et</strong></span> <span class='ocrx_word' id='word_1_66' title='bbox 1991 904 2099 944; x_wconf 90' lang='lat' dir='ltr'><strong>non</strong></span> <span class='ocrx_word' id='word_1_67' title='bbox 2133 892 2474 960; x_wconf 76' lang='lat' dir='ltr'><strong>providentia</strong></span> <span class='ocrx_word' id='word_1_68' title='bbox 2522 893 2616 950; x_wconf 86' lang='lat' dir='ltr'><strong>Dei</strong></span> <span class='ocrx_word' id='word_1_69' title='bbox 2645 897 2760 967; x_wconf 77' lang='lat' dir='ltr'><strong>geri</strong></span> <span class='ocrx_word' id='word_1_70' title='bbox 2788 880 3090 968; x_wconf 82' lang='lat' dir='ltr'><strong>putabant;</strong></span> <span class='ocrx_word' id='word_1_71' title='bbox 3121 880 3316 958; x_wconf 43' lang='lat' dir='ltr'><strong>ad—eos</strong></span> <span class='ocrx_word' id='word_1_72' title='bbox 3361 915 3543 960; x_wconf 87' lang='lat' dir='ltr'><strong>autem</strong></span> 
     </span>
    </p>
   </div>
   <div class='ocr_carea' id='block_1_8' title="bbox 274 965 3538 1068">
    <p class='ocr_par' dir='ltr' id='par_1_8' title="bbox 274 965 3538 1068">
     <span class='ocr_line' id='line_1_8' title="bbox 274 965 3538 1068; baseline 0.01 -50"><span class='ocrx_word' id='word_1_73' title='bbox 274 965 416 1020; x_wconf 88' lang='lat' dir='ltr'><strong>haud</strong></span> <span class='ocrx_word' id='word_1_74' title='bbox 446 965 608 1019; x_wconf 83' lang='lat' dir='ltr'><strong>dubie</strong></span> <span class='ocrx_word' id='word_1_75' title='bbox 639 974 886 1036; x_wconf 83' lang='lat' dir='ltr'><strong>spectant</strong></span> <span class='ocrx_word' id='word_1_76' title='bbox 919 968 1034 1026; x_wconf 66' lang='lat' dir='ltr'><strong>haec</strong></span> <span class='ocrx_word' id='word_1_77' title='bbox 1062 973 1247 1039; x_wconf 89' lang='lat' dir='ltr'><strong>verba,</strong></span> <span class='ocrx_word' id='word_1_78' title='bbox 1290 972 1638 1033; x_wconf 74' lang='lat' dir='ltr'><strong>Comedamus</strong></span> <span class='ocrx_word' id='word_1_79' title='bbox 1665 988 1715 1032; x_wconf 86' lang='lat' dir='ltr'><strong>et</strong></span> <span class='ocrx_word' id='word_1_80' title='bbox 1742 979 1986 1036; x_wconf 76' lang='lat' dir='ltr'><strong>bibamus</strong></span> <span class='ocrx_word' id='word_1_81' title='bbox 2014 998 2033 1035; x_wconf 92' lang='lat'><strong><em>:</em></strong></span> <span class='ocrx_word' id='word_1_82' title='bbox 2067 998 2185 1036; x_wconf 82' lang='lat' dir='ltr'><strong>cras</strong></span> <span class='ocrx_word' id='word_1_83' title='bbox 2212 986 2353 1038; x_wconf 81' lang='lat' dir='ltr'><strong>enim</strong></span> <span class='ocrx_word' id='word_1_84' title='bbox 2384 965 2712 1053; x_wconf 79' lang='lat' dir='ltr'><strong>moriemur;</strong></span> <span class='ocrx_word' id='word_1_85' title='bbox 2750 965 2864 1046; x_wconf 66' lang='lat' dir='ltr'><strong>haec</strong></span> <span class='ocrx_word' id='word_1_86' title='bbox 2886 1001 3013 1047; x_wconf 89' lang='lat' dir='ltr'><strong>sunt</strong></span> <span class='ocrx_word' id='word_1_87' title='bbox 3044 965 3187 1049; x_wconf 84' lang='lat' dir='ltr'><strong>dicta</strong></span> <span class='ocrx_word' id='word_1_88' title='bbox 3219 1011 3409 1051; x_wconf 92' lang='lat' dir='ltr'><strong>eorum</strong></span> <span class='ocrx_word' id='word_1_89' title='bbox 3442 1000 3538 1068; x_wconf 87' lang='lat' dir='ltr'><strong>qui</strong></span> 
     </span>
    </p>
   </div>
   <div class='ocr_carea' id='block_1_9' title="bbox 272 1058 3544 1165">
    <p class='ocr_par' dir='ltr' id='par_1_9' title="bbox 272 1058 3544 1165">
     <span class='ocr_line' id='line_1_9' title="bbox 272 1058 3544 1165; baseline 0.011 -55"><span class='ocrx_word' id='word_1_90' title='bbox 272 1058 540 1165; x_wconf 51' lang='lat' dir='ltr'><strong>fatonferri</strong></span> <span class='ocrx_word' id='word_1_91' title='bbox 566 1061 750 1165; x_wconf 41' lang='lat' dir='ltr'><strong>o&#39;r‘nnia</strong></span> <span class='ocrx_word' id='word_1_92' title='bbox 772 1070 982 1165; x_wconf 61' lang='lat' dir='ltr'><strong>putant.</strong></span> <span class='ocrx_word' id='word_1_93' title='bbox 1006 1063 1174 1165; x_wconf 35' lang='grc' dir='ltr'><strong>,ρυοό</strong></span> <span class='ocrx_word' id='word_1_94' title='bbox 1203 1069 1368 1123; x_wconf 90' lang='lat' dir='ltr'><strong>etiam</strong></span> <span class='ocrx_word' id='word_1_95' title='bbox 1404 1071 1644 1128; x_wconf 89' lang='lat' dir='ltr'><strong>maxime</strong></span> <span class='ocrx_word' id='word_1_96' title='bbox 1675 1074 1958 1130; x_wconf 89' lang='lat' dir='ltr'><strong>declarant</strong></span> <span class='ocrx_word' id='word_1_97' title='bbox 1985 1077 2100 1132; x_wconf 78' lang='lat' dir='ltr'><strong>hzec</strong></span> <span class='ocrx_word' id='word_1_98' title='bbox 2130 1079 2294 1147; x_wconf 88' lang='lat' dir='ltr'><strong>paulo</strong></span> <span class='ocrx_word' id='word_1_99' title='bbox 2325 1089 2449 1149; x_wconf 91' lang='lat' dir='ltr'><strong>post</strong></span> <span class='ocrx_word' id='word_1_100' title='bbox 2481 1082 2700 1138; x_wconf 89' lang='lat' dir='ltr'><strong>initium</strong></span> <span class='ocrx_word' id='word_1_101' title='bbox 2721 1094 2888 1140; x_wconf 70' lang='lat' dir='ltr'><strong>sexta:</strong></span> <span class='ocrx_word' id='word_1_102' title='bbox 2917 1088 3093 1156; x_wconf 89' lang='lat' dir='ltr'><strong>posita</strong></span> <span class='ocrx_word' id='word_1_103' title='bbox 3120 1091 3282 1144; x_wconf 90' lang='lat' dir='ltr'><strong>verba</strong></span> <span class='ocrx_word' id='word_1_104' title='bbox 3311 1109 3324 1145; x_wconf 91' lang='lat'><strong>:</strong></span> <span class='ocrx_word' id='word_1_105' title='bbox 3359 1058 3544 1165; x_wconf 63' lang='grc' dir='ltr'><strong>Ὀτξερ</strong></span> 
     </span>
    </p>
   </div>
   <div class='ocr_carea' id='block_1_10' title="bbox 254 1148 3538 1252">
    <p class='ocr_par' dir='ltr' id='par_1_10' title="bbox 254 1148 3538 1252">
     <span class='ocr_line' id='line_1_10' title="bbox 254 1148 3538 1252; baseline 0.01 -48"><span class='ocrx_word' id='word_1_106' title='bbox 254 1151 424 1252; x_wconf 48' lang='lat'><strong>175:]</strong></span> <span class='ocrx_word' id='word_1_107' title='bbox 469 1148 562 1206; x_wconf 76' lang='grc' dir='ltr'>οὖν</span> <span class='ocrx_word' id='word_1_108' title='bbox 589 1153 796 1224; x_wconf 75' lang='grc' dir='ltr'><strong>ἔλεγον,</strong></span> <span class='ocrx_word' id='word_1_109' title='bbox 833 1155 916 1252; x_wconf 52' lang='lat' dir='ltr'><strong>act</strong></span> <span class='ocrx_word' id='word_1_110' title='bbox 948 1157 1184 1252; x_wconf 45' lang='lat' dir='ltr'><strong>(saltata</strong></span> <span class='ocrx_word' id='word_1_111' title='bbox 1214 1160 1310 1230; x_wconf 80' lang='grc' dir='ltr'><strong>μὲν</strong></span> <span class='ocrx_word' id='word_1_112' title='bbox 1357 1163 1404 1214; x_wconf 80' lang='lat' dir='ltr'><strong>sl</strong></span> <span class='ocrx_word' id='word_1_113' title='bbox 1432 1163 1528 1216; x_wconf 75' lang='grc' dir='ltr'><strong>καὶ</strong></span> <span class='ocrx_word' id='word_1_114' title='bbox 1559 1165 1680 1236; x_wconf 79' lang='grc' dir='ltr'>εἰκῇ</span> <span class='ocrx_word' id='word_1_115' title='bbox 1709 1167 1804 1220; x_wconf 72' lang='grc' dir='ltr'><strong>καὶ</strong></span> <span class='ocrx_word' id='word_1_116' title='bbox 1831 1169 2008 1240; x_wconf 82' lang='grc' dir='ltr'><strong>μάτην</strong></span> <span class='ocrx_word' id='word_1_117' title='bbox 2060 1172 2546 1244; x_wconf 77' lang='grc' dir='ltr'><strong>παραγεγόναμεν,</strong></span> <span class='ocrx_word' id='word_1_118' title='bbox 2579 1175 2699 1228; x_wconf 74' lang='grc' dir='ltr'><strong>οὐδὲ</strong></span> <span class='ocrx_word' id='word_1_119' title='bbox 2747 1148 3037 1242; x_wconf 54' lang='grc' dir='ltr'><strong>ἀνεύθδνος</strong></span> <span class='ocrx_word' id='word_1_120' title='bbox 3065 1182 3198 1251; x_wconf 77' lang='grc' dir='ltr'><strong>ἡμῖν</strong></span> <span class='ocrx_word' id='word_1_121' title='bbox 3249 1182 3282 1251; x_wconf 84' lang='grc' dir='ltr'><strong>ή</strong></span> <span class='ocrx_word' id='word_1_122' title='bbox 3313 1148 3538 1252; x_wconf 69' lang='grc' dir='ltr'><strong>τοιαύτῆ</strong></span> 
     </span>
    </p>
   </div>
   <div class='ocr_carea' id='block_1_11' title="bbox 273 1245 3543 1344">
    <p class='ocr_par' dir='ltr' id='par_1_11' title="bbox 273 1245 3543 1344">
     <span class='ocr_line' id='line_1_11' title="bbox 273 1245 3543 1344; baseline 0.01 -48"><span class='ocrx_word' id='word_1_123' title='bbox 273 1245 494 1315; x_wconf 72' lang='grc' dir='ltr'><strong>πρᾶξις,</strong></span> <span class='ocrx_word' id='word_1_124' title='bbox 524 1261 648 1316; x_wconf 78' lang='lat' dir='ltr'><strong>qua:</strong></span> <span class='ocrx_word' id='word_1_125' title='bbox 673 1256 819 1303; x_wconf 88' lang='lat' dir='ltr'><strong>certe</strong></span> <span class='ocrx_word' id='word_1_126' title='bbox 852 1248 918 1303; x_wconf 90' lang='lat' dir='ltr'><strong>ad</strong></span> <span class='ocrx_word' id='word_1_127' title='bbox 953 1249 1076 1305; x_wconf 89' lang='lat' dir='ltr'><strong>illos</strong></span> <span class='ocrx_word' id='word_1_128' title='bbox 1111 1253 1429 1324; x_wconf 89' lang='lat' dir='ltr'><strong>respiciunt,</strong></span> <span class='ocrx_word' id='word_1_129' title='bbox 1469 1257 1586 1327; x_wconf 89' lang='lat' dir='ltr'><strong>qui,</strong></span> <span class='ocrx_word' id='word_1_130' title='bbox 1612 1257 1706 1312; x_wconf 80' lang='lat' dir='ltr'><strong>Dei</strong></span> <span class='ocrx_word' id='word_1_131' title='bbox 1737 1261 2074 1329; x_wconf 82' lang='lat' dir='ltr'><strong>providentia</strong></span> <span class='ocrx_word' id='word_1_132' title='bbox 2105 1264 2328 1334; x_wconf 89' lang='lat' dir='ltr'><strong>rejecta,</strong></span> <span class='ocrx_word' id='word_1_133' title='bbox 2365 1264 2478 1322; x_wconf 90' lang='lat' dir='ltr'><strong>fato</strong></span> <span class='ocrx_word' id='word_1_134' title='bbox 2518 1268 2700 1323; x_wconf 87' lang='lat' dir='ltr'><strong>omnia</strong></span> <span class='ocrx_word' id='word_1_135' title='bbox 2741 1245 3420 1344; x_wconf 40' lang='lat' dir='ltr'><strong>adseribttnt.&quot;Cum&#39;ergo</strong></span> <span class='ocrx_word' id='word_1_136' title='bbox 3445 1245 3543 1344; x_wconf 76' lang='lat' dir='ltr'><strong>per</strong></span> 
     </span>
    </p>
   </div>
   <div class='ocr_carea' id='block_1_12' title="bbox 278 1344 3539 1436">
    <p class='ocr_par' dir='ltr' id='par_1_12' title="bbox 278 1344 3539 1436">
     <span class='ocr_line' id='line_1_12' title="bbox 278 1344 3539 1436; baseline 0.009 -40"><span class='ocrx_word' id='word_1_137' title='bbox 278 1350 424 1398; x_wconf 88' lang='lat' dir='ltr'><strong>totas</strong></span> <span class='ocrx_word' id='word_1_138' title='bbox 462 1344 706 1415; x_wconf 87' lang='lat' dir='ltr'><strong>quinque</strong></span> <span class='ocrx_word' id='word_1_139' title='bbox 744 1347 957 1416; x_wconf 86' lang='lat' dir='ltr'><strong>priores</strong></span> <span class='ocrx_word' id='word_1_140' title='bbox 989 1350 1268 1408; x_wconf 87' lang='lat' dir='ltr'><strong>orationes</strong></span> <span class='ocrx_word' id='word_1_141' title='bbox 1295 1363 1483 1408; x_wconf 92' lang='lat' dir='ltr'><strong>contra</strong></span> <span class='ocrx_word' id='word_1_142' title='bbox 1517 1355 1690 1410; x_wconf 88' lang='lat' dir='ltr'><strong>fatum</strong></span> <span class='ocrx_word' id='word_1_143' title='bbox 1722 1357 2170 1431; x_wconf 85' lang='lat' dir='ltr'><strong>Chrysostomus,</strong></span> <span class='ocrx_word' id='word_1_144' title='bbox 2211 1363 2294 1417; x_wconf 93' lang='lat' dir='ltr'><strong>vel</strong></span> <span class='ocrx_word' id='word_1_145' title='bbox 2330 1364 2375 1418; x_wconf 90' lang='lat' dir='ltr'><strong>si</strong></span> <span class='ocrx_word' id='word_1_146' title='bbox 2408 1365 2534 1434; x_wconf 86' lang='lat' dir='ltr'><strong>quis</strong></span> <span class='ocrx_word' id='word_1_147' title='bbox 2560 1366 2700 1421; x_wconf 90' lang='lat' dir='ltr'><strong>alius</strong></span> <span class='ocrx_word' id='word_1_148' title='bbox 2729 1375 2921 1422; x_wconf 86' lang='lat' dir='ltr'><strong>auctor</strong></span> <span class='ocrx_word' id='word_1_149' title='bbox 2951 1367 3043 1431; x_wconf 87' lang='lat' dir='ltr'><strong>sit,</strong></span> <span class='ocrx_word' id='word_1_150' title='bbox 3077 1369 3452 1436; x_wconf 89' lang='lat' dir='ltr'><strong>disseruisset,</strong></span> <span class='ocrx_word' id='word_1_151' title='bbox 3484 1370 3539 1424; x_wconf 93' lang='lat' dir='ltr'><strong>in</strong></span> 
     </span>
    </p>
   </div>
   <div class='ocr_carea' id='block_1_13' title="bbox 271 1441 3539 1583">
    <p class='ocr_par' dir='ltr' id='par_1_13' title="bbox 271 1441 3539 1583">
     <span class='ocr_line' id='line_1_13' title="bbox 271 1441 3539 1583; baseline 0.009 -95"><span class='ocrx_word' id='word_1_152' title='bbox 271 1444 423 1583; x_wconf 56' lang='grc' dir='ltr'><strong>δεῖω</strong></span> <span class='ocrx_word' id='word_1_153' title='bbox 471 1449 874 1508; x_wconf 83' lang='lat' dir='ltr'><strong>consequenter</strong></span> <span class='ocrx_word' id='word_1_154' title='bbox 921 1441 1034 1512; x_wconf 76' lang='lat' dir='ltr'><strong>agit</strong></span> <span class='ocrx_word' id='word_1_155' title='bbox 1076 1452 1266 1498; x_wconf 89' lang='lat' dir='ltr'><strong>contra</strong></span> <span class='ocrx_word' id='word_1_156' title='bbox 1305 1461 1401 1502; x_wconf 89' lang='lat' dir='ltr'><strong>eos</strong></span> <span class='ocrx_word' id='word_1_157' title='bbox 1443 1448 1574 1518; x_wconf 86' lang='lat' dir='ltr'><strong>qui,</strong></span> <span class='ocrx_word' id='word_1_158' title='bbox 1618 1449 1802 1503; x_wconf 90' lang='lat' dir='ltr'><strong>omnia</strong></span> <span class='ocrx_word' id='word_1_159' title='bbox 1857 1450 1968 1507; x_wconf 92' lang='lat' dir='ltr'><strong>fato</strong></span> <span class='ocrx_word' id='word_1_160' title='bbox 2019 1452 2141 1507; x_wconf 80' lang='lat' dir='ltr'><strong>ferri</strong></span> <span class='ocrx_word' id='word_1_161' title='bbox 2183 1464 2472 1524; x_wconf 84' lang='lat' dir='ltr'><strong>putantes,</strong></span> <span class='ocrx_word' id='word_1_162' title='bbox 2526 1458 2772 1528; x_wconf 86' lang='lat' dir='ltr'><strong>nihilque</strong></span> <span class='ocrx_word' id='word_1_163' title='bbox 2804 1469 3095 1525; x_wconf 90' lang='lat' dir='ltr'><strong>curantes,</strong></span> <span class='ocrx_word' id='word_1_164' title='bbox 3133 1461 3304 1515; x_wconf 87' lang='lat' dir='ltr'><strong>ventri</strong></span> <span class='ocrx_word' id='word_1_165' title='bbox 3361 1461 3539 1520; x_wconf 84' lang='lat' dir='ltr'><strong>indul-</strong></span> 
     </span>
     <span class='ocr_line' id='line_1_14' title="bbox 273 1541 490 1583; baseline 0.005 0"><span class='ocrx_word' id='word_1_166' title='bbox 273 1545 337 1583; x_wconf 76' lang='lat' dir='ltr'><strong>ae</strong></span> <span class='ocrx_word' id='word_1_167' title='bbox 363 1541 490 1583; x_wconf 71' lang='lat' dir='ltr'><strong>iant.</strong></span> 
     </span>
    </p>
   </div>
   <div class='ocr_carea' id='block_1_14' title="bbox 273 1541 490 1599">
    <p class='ocr_par' dir='ltr' id='par_1_14' title="bbox 273 1541 490 1599">
     <span class='ocr_line' id='line_1_15' title="bbox 273 1541 490 1599; baseline 0.018 -19"><span class='ocrx_word' id='word_1_168' title='bbox 273 1541 490 1599; x_wconf 71' lang='lat' dir='ltr'><strong>getiam.</strong></span> 
     </span>
    </p>
   </div>
   <div class='ocr_carea' id='block_1_15' title="bbox 266 1620 3534 1713">
    <p class='ocr_par' dir='ltr' id='par_1_15' title="bbox 266 1620 3534 1713">
     <span class='ocr_line' id='line_1_16' title="bbox 266 1620 3534 1713; baseline 0.007 -39"><span class='ocrx_word' id='word_1_169' title='bbox 266 1625 268 1628; x_wconf 78' lang='grc'><em>’</em></span> <span class='ocrx_word' id='word_1_170' title='bbox 341 1620 566 1677; x_wconf 81' lang='lat' dir='ltr'><strong>Joannis</strong></span> <span class='ocrx_word' id='word_1_171' title='bbox 594 1623 758 1679; x_wconf 70' lang='lat' dir='ltr'><strong>(Iheci</strong></span> <span class='ocrx_word' id='word_1_172' title='bbox 806 1624 1270 1699; x_wconf 76' lang='lat' dir='ltr'><strong>Cantabrigiensis</strong></span> <span class='ocrx_word' id='word_1_173' title='bbox 1303 1630 1803 1699; x_wconf 84' lang='lat' dir='ltr'><strong>interpretationem</strong></span> <span class='ocrx_word' id='word_1_174' title='bbox 1837 1633 2112 1698; x_wconf 86' lang='lat' dir='ltr'><strong>Latinam,</strong></span> <span class='ocrx_word' id='word_1_175' title='bbox 2141 1637 2240 1692; x_wconf 83' lang='lat' dir='ltr'><strong>etsi</strong></span> <span class='ocrx_word' id='word_1_176' title='bbox 2293 1654 2398 1693; x_wconf 89' lang='lat' dir='ltr'><strong>non</strong></span> <span class='ocrx_word' id='word_1_177' title='bbox 2431 1640 2813 1710; x_wconf 78' lang='lat' dir='ltr'><strong>inelegantem,</strong></span> <span class='ocrx_word' id='word_1_178' title='bbox 2843 1644 2971 1713; x_wconf 87' lang='lat' dir='ltr'><strong>quia</strong></span> <span class='ocrx_word' id='word_1_179' title='bbox 3025 1659 3133 1698; x_wconf 91' lang='lat' dir='ltr'><strong>non</strong></span> <span class='ocrx_word' id='word_1_180' title='bbox 3173 1658 3388 1713; x_wconf 83' lang='lat' dir='ltr'><strong>semper</strong></span> <span class='ocrx_word' id='word_1_181' title='bbox 3421 1640 3534 1697; x_wconf 81' lang='lat' dir='ltr'><strong>sibi</strong></span> 
     </span>
    </p>
   </div>
   <div class='ocr_carea' id='block_1_16' title="bbox 264 1719 2608 1802">
    <p class='ocr_par' dir='ltr' id='par_1_16' title="bbox 264 1719 2608 1802">
     <span class='ocr_line' id='line_1_17' title="bbox 264 1719 2608 1802; baseline 0.008 -32"><span class='ocrx_word' id='word_1_182' title='bbox 264 1719 578 1793; x_wconf 78' lang='lat' dir='ltr'><strong>constabat,</strong></span> <span class='ocrx_word' id='word_1_183' title='bbox 604 1731 664 1771; x_wconf 80' lang='lat' dir='ltr'><strong>et</strong></span> <span class='ocrx_word' id='word_1_184' title='bbox 692 1734 952 1795; x_wconf 63' lang='lat' dir='ltr'><strong>nonraro</strong></span> <span class='ocrx_word' id='word_1_185' title='bbox 976 1721 1266 1777; x_wconf 90' lang='lat' dir='ltr'><strong>aberrabat</strong></span> <span class='ocrx_word' id='word_1_186' title='bbox 1295 1738 1325 1777; x_wconf 90' lang='lat' dir='ltr'><strong>a</strong></span> <span class='ocrx_word' id='word_1_187' title='bbox 1351 1741 1540 1793; x_wconf 90' lang='lat' dir='ltr'><strong>sensu,</strong></span> <span class='ocrx_word' id='word_1_188' title='bbox 1579 1728 2242 1802; x_wconf 6' lang='lat' dir='ltr'><strong>rejecimus.v.novamque</strong></span> <span class='ocrx_word' id='word_1_189' title='bbox 2273 1733 2608 1801; x_wconf 78' lang='lat' dir='ltr'><strong>paravimus.</strong></span> 
     </span>
    </p>
   </div>
   <div class='ocr_carea' id='block_1_17' title="bbox 293 1917 852 1934">
    <p class='ocr_par' dir='ltr' id='par_1_17' title="bbox 293 1917 852 1934">
     <span class='ocr_line' id='line_1_18' title="bbox 293 1917 852 1934; baseline 0.004 -2"><span class='ocrx_word' id='word_1_190' title='bbox 293 1917 852 1934; x_wconf 54' lang='grc' dir='ltr'><strong>ρι--ο-ο--ι--υι</strong></span> 
     </span>
    </p>
   </div>
   <div class='ocr_carea' id='block_1_18' title="bbox 1421 2013 2378 2080">
    <p class='ocr_par' dir='ltr' id='par_1_18' title="bbox 1421 2013 2378 2080">
     <span class='ocr_line' id='line_1_19' title="bbox 1421 2013 2378 2080; baseline 0.004 -6"><span class='ocrx_word' id='word_1_191' title='bbox 1421 2013 1718 2078; x_wconf 82' lang='lat' dir='ltr'><strong>SANCTI</strong></span> <span class='ocrx_word' id='word_1_192' title='bbox 1760 2016 2044 2080; x_wconf 84' lang='lat' dir='ltr'><strong>PATRIS</strong></span> <span class='ocrx_word' id='word_1_193' title='bbox 2085 2016 2378 2078; x_wconf 83' lang='lat' dir='ltr'><strong>NOSTRI</strong></span> 
     </span>
    </p>
   </div>
   <div class='ocr_carea' id='block_1_19' title="bbox 830 2165 1896 2312">
    <p class='ocr_par' dir='ltr' id='par_1_19' title="bbox 830 2165 1896 2286">
     <span class='ocr_line' id='line_1_20' title="bbox 830 2165 1896 2286; baseline 0.008 -8"><span class='ocrx_word' id='word_1_194' title='bbox 830 2165 935 2278; x_wconf 73' lang='grc' dir='ltr'><strong><em>οἳ</em></strong></span> <span class='ocrx_word' id='word_1_195' title='bbox 941 2166 1459 2282; x_wconf 73' lang='grc' dir='ltr'><strong>οΔΝΝ</strong></span> <span class='ocrx_word' id='word_1_196' title='bbox 1465 2169 1634 2284; x_wconf 83' lang='lat' dir='ltr'><strong>IS</strong></span> <span class='ocrx_word' id='word_1_197' title='bbox 1709 2173 1896 2286; x_wconf 71' lang='lat' dir='ltr'><strong>CI</strong></span> 
     </span>
    </p>
   </div>
   <div class='ocr_carea' id='block_1_20' title="bbox 1968 2165 3045 2312">
    <p class='ocr_par' dir='ltr' id='par_1_20' title="bbox 1968 2170 3045 2312">
     <span class='ocr_line' id='line_1_21' title="bbox 1968 2170 3045 2312; baseline -0.004 -26"><span class='ocrx_word' id='word_1_198' title='bbox 1968 2170 3045 2312; x_wconf 70' lang='lat' dir='ltr'><strong>nvsos&#39;rom,</strong></span> 
     </span>
    </p>
   </div>
   <div class='ocr_carea' id='block_1_21' title="bbox 1225 2357 2599 2431">
    <p class='ocr_par' dir='ltr' id='par_1_21' title="bbox 1225 2357 2599 2431">
     <span class='ocr_line' id='line_1_22' title="bbox 1225 2357 2599 2431; baseline 0.002 -18"><span class='ocrx_word' id='word_1_199' title='bbox 1225 2357 1741 2422; x_wconf 80' lang='lat' dir='ltr'><strong>ARCHIEPISCOPI</strong></span> <span class='ocrx_word' id='word_1_200' title='bbox 1781 2359 2599 2431; x_wconf 69' lang='lat' dir='ltr'><strong>CONSTANTINOPOLITANI,</strong></span> 
     </span>
    </p>
   </div>
   <div class='ocr_carea' id='block_1_22' title="bbox 608 2505 3247 2658">
    <p class='ocr_par' dir='ltr' id='par_1_22' title="bbox 608 2505 3247 2658">
     <span class='ocr_line' id='line_1_23' title="bbox 608 2505 3247 2658; baseline 0.002 -12"><span class='ocrx_word' id='word_1_201' title='bbox 608 2505 879 2648; x_wconf 89' lang='lat' dir='ltr'><strong>DE</strong></span> <span class='ocrx_word' id='word_1_202' title='bbox 955 2509 1502 2658; x_wconf 85' lang='lat' dir='ltr'><strong>FATO</strong></span> <span class='ocrx_word' id='word_1_203' title='bbox 1547 2516 1792 2655; x_wconf 88' lang='lat' dir='ltr'><strong>ET</strong></span> <span class='ocrx_word' id='word_1_204' title='bbox 1857 2506 3247 2658; x_wconf 81' lang='lat' dir='ltr'><strong>PBOVIDENTIA</strong></span> 
     </span>
    </p>
   </div>
   <div class='ocr_carea' id='block_1_23' title="bbox 1482 2733 2308 2847">
    <p class='ocr_par' dir='ltr' id='par_1_23' title="bbox 1482 2733 2308 2847">
     <span class='ocr_line' id='line_1_24' title="bbox 1482 2733 2308 2847; baseline -0.006 -6"><span class='ocrx_word' id='word_1_205' title='bbox 1482 2740 1958 2847; x_wconf 62' lang='lat' dir='ltr'><strong>obratidnes</strong></span> <span class='ocrx_word' id='word_1_206' title='bbox 2006 2768 2167 2845; x_wconf 75' lang='lat' dir='ltr'><strong>sex</strong></span> <span class='ocrx_word' id='word_1_207' title='bbox 2197 2733 2308 2836; x_wconf 77' lang='grc' dir='ltr'><strong>(α).</strong></span> 
     </span>
    </p>
   </div>
   <div class='ocr_carea' id='block_1_24' title="bbox 1119 3069 2680 3164">
    <p class='ocr_par' dir='ltr' id='par_1_24' title="bbox 1119 3069 2680 3164">
     <span class='ocr_line' id='line_1_25' title="bbox 1119 3069 2680 3164; baseline -0.005 -3"><span class='ocrx_word' id='word_1_208' title='bbox 1119 3075 1279 3161; x_wconf 91' lang='lat' dir='ltr'><strong>DE</strong></span> <span class='ocrx_word' id='word_1_209' title='bbox 1322 3075 1623 3164; x_wconf 89' lang='lat' dir='ltr'><strong>FATO</strong></span> <span class='ocrx_word' id='word_1_210' title='bbox 1667 3077 1816 3159; x_wconf 91' lang='lat' dir='ltr'><strong>ET</strong></span> <span class='ocrx_word' id='word_1_211' title='bbox 1858 3069 2680 3159; x_wconf 78' lang='lat' dir='ltr'><strong>PBOVIDENTIA.</strong></span> 
     </span>
    </p>
   </div>
   <div class='ocr_carea' id='block_1_25' title="bbox 1699 3240 2120 3314">
    <p class='ocr_par' dir='ltr' id='par_1_25' title="bbox 1699 3240 2120 3314">
     <span class='ocr_line' id='line_1_26' title="bbox 1699 3240 2120 3314; baseline -0.002 -1"><span class='ocrx_word' id='word_1_212' title='bbox 1699 3240 2120 3314; x_wconf 57' lang='lat' dir='ltr'><strong>mam—</strong></span> 
     </span>
    </p>
   </div>
   <div class='ocr_carea' id='block_1_26' title="bbox 1469 2952 1905 2988">
    <p class='ocr_par' dir='ltr' id='par_1_26' title="bbox 1469 2952 1905 2988">
     <span class='ocr_line' id='line_1_27' title="bbox 1469 2952 1905 2988; baseline 0 0"><span class='ocrx_word' id='word_1_213' title='bbox 1469 2952 1905 2988; x_wconf 62' lang='lat'><strong>———-:=&#39;.=</strong></span> 
     </span>
    </p>
   </div>
   <div class='ocr_carea' id='block_1_27' title="bbox 1957 2954 2499 2989">
    <p class='ocr_par' dir='ltr' id='par_1_27' title="bbox 1957 2954 2499 2989">
     <span class='ocr_line' id='line_1_28' title="bbox 1957 2954 2499 2989; baseline -0.004 0"><span class='ocrx_word' id='word_1_214' title='bbox 1957 2954 2499 2989; x_wconf 69' lang='lat'><strong>=——-———</strong></span> 
     </span>
    </p>
   </div>
   <div class='ocr_carea' id='block_1_28' title="bbox 933 3396 1200 3437">
    <p class='ocr_par' dir='ltr' id='par_1_28' title="bbox 933 3396 1200 3437">
     <span class='ocr_line' id='line_1_29' title="bbox 933 3396 1200 3437; baseline -0.011 0"><span class='ocrx_word' id='word_1_215' title='bbox 933 3396 1125 3437; x_wconf 75' lang='lat' dir='ltr'><strong>ORATIO</strong></span> <span class='ocrx_word' id='word_1_216' title='bbox 1165 3397 1200 3436; x_wconf 83' lang='grc'><strong>1.</strong></span> 
     </span>
    </p>
   </div>
   <div class='ocr_carea' id='block_1_29' title="bbox 337 3471 1853 3546">
    <p class='ocr_par' dir='ltr' id='par_1_29' title="bbox 337 3471 1853 3546">
     <span class='ocr_line' id='line_1_30' title="bbox 337 3471 1853 3546; baseline 0.001 -22"><span class='ocrx_word' id='word_1_217' title='bbox 337 3471 552 3524; x_wconf 78' lang='lat' dir='ltr'><strong>Animus</strong></span> <span class='ocrx_word' id='word_1_218' title='bbox 577 3478 707 3524; x_wconf 83' lang='lat' dir='ltr'><strong>recte</strong></span> <span class='ocrx_word' id='word_1_219' title='bbox 729 3473 1038 3542; x_wconf 79' lang='lat' dir='ltr'><strong>compositus</strong></span> <span class='ocrx_word' id='word_1_220' title='bbox 1067 3473 1204 3527; x_wconf 80' lang='lat' dir='ltr'><strong>solus</strong></span> <span class='ocrx_word' id='word_1_221' title='bbox 1231 3473 1363 3544; x_wconf 87' lang='lat' dir='ltr'><strong>parit</strong></span> <span class='ocrx_word' id='word_1_222' title='bbox 1400 3474 1853 3546; x_wconf 80' lang='lat' dir='ltr'><strong>tranquillitatem;</strong></span> 
     </span>
    </p>
   </div>
   <div class='ocr_carea' id='block_1_30' title="bbox 266 3562 1848 3637">
    <p class='ocr_par' dir='ltr' id='par_1_30' title="bbox 266 3562 1848 3637">
     <span class='ocr_line' id='line_1_31' title="bbox 266 3562 1848 3637; baseline 0.003 -23"><span class='ocrx_word' id='word_1_223' title='bbox 266 3565 470 3630; x_wconf 82' lang='lat' dir='ltr'><strong>quinam</strong></span> <span class='ocrx_word' id='word_1_224' title='bbox 497 3562 627 3616; x_wconf 81' lang='lat' dir='ltr'><strong>beati</strong></span> <span class='ocrx_word' id='word_1_225' title='bbox 649 3564 905 3620; x_wconf 79' lang='lat' dir='ltr'><strong>censendi.</strong></span> <span class='ocrx_word' id='word_1_226' title='bbox 929 3595 1000 3604; x_wconf 90' lang='grc'><strong>--</strong></span> <span class='ocrx_word' id='word_1_227' title='bbox 1025 3565 1202 3620; x_wconf 88' lang='lat' dir='ltr'><strong>Multis</strong></span> <span class='ocrx_word' id='word_1_228' title='bbox 1229 3564 1426 3620; x_wconf 86' lang='lat' dir='ltr'><strong>referta</strong></span> <span class='ocrx_word' id='word_1_229' title='bbox 1457 3576 1540 3622; x_wconf 90' lang='lat' dir='ltr'><strong>est</strong></span> <span class='ocrx_word' id='word_1_230' title='bbox 1566 3567 1848 3637; x_wconf 81' lang='lat' dir='ltr'><strong>perturba-</strong></span> 
     </span>
    </p>
   </div>
   <div class='ocr_carea' id='block_1_31' title="bbox 268 3653 1852 3727">
    <p class='ocr_par' dir='ltr' id='par_1_31' title="bbox 268 3653 1852 3727">
     <span class='ocr_line' id='line_1_32' title="bbox 268 3653 1852 3727; baseline 0.002 -20"><span class='ocrx_word' id='word_1_231' title='bbox 268 3653 500 3708; x_wconf 88' lang='lat' dir='ltr'><strong>tionibus</strong></span> <span class='ocrx_word' id='word_1_232' title='bbox 520 3654 624 3707; x_wconf 88' lang='lat' dir='ltr'><strong>vita</strong></span> <span class='ocrx_word' id='word_1_233' title='bbox 647 3663 846 3720; x_wconf 89' lang='lat' dir='ltr'><strong>nostra,</strong></span> <span class='ocrx_word' id='word_1_234' title='bbox 872 3655 1288 3727; x_wconf 87' lang='lat' dir='ltr'><strong>tumultibusque</strong></span> <span class='ocrx_word' id='word_1_235' title='bbox 1315 3657 1467 3725; x_wconf 90' lang='lat' dir='ltr'><strong>plena</strong></span> <span class='ocrx_word' id='word_1_236' title='bbox 1493 3675 1507 3711; x_wconf 85' lang='lat'><strong>:</strong></span> <span class='ocrx_word' id='word_1_237' title='bbox 1537 3673 1719 3710; x_wconf 86' lang='lat' dir='ltr'><strong>verum</strong></span> <span class='ocrx_word' id='word_1_238' title='bbox 1749 3670 1852 3710; x_wconf 94' lang='lat' dir='ltr'><strong>non</strong></span> 
     </span>
    </p>
   </div>
   <div class='ocr_carea' id='block_1_32' title="bbox 269 3742 1855 3813">
    <p class='ocr_par' dir='ltr' id='par_1_32' title="bbox 269 3742 1855 3813">
     <span class='ocr_line' id='line_1_33' title="bbox 269 3742 1855 3813; baseline 0.002 -17"><span class='ocrx_word' id='word_1_239' title='bbox 269 3742 321 3796; x_wconf 90' lang='lat' dir='ltr'><strong>in</strong></span> <span class='ocrx_word' id='word_1_240' title='bbox 376 3759 441 3796; x_wconf 87' lang='lat' dir='ltr'><strong>eo</strong></span> <span class='ocrx_word' id='word_1_241' title='bbox 491 3743 616 3797; x_wconf 91' lang='lat' dir='ltr'><strong>mali</strong></span> <span class='ocrx_word' id='word_1_242' title='bbox 655 3745 886 3813; x_wconf 79' lang='lat' dir='ltr'><strong>gravitas</strong></span> <span class='ocrx_word' id='word_1_243' title='bbox 941 3745 1040 3800; x_wconf 86' lang='lat' dir='ltr'><strong>sita</strong></span> <span class='ocrx_word' id='word_1_244' title='bbox 1100 3755 1216 3813; x_wconf 91' lang='lat' dir='ltr'><strong>est,</strong></span> <span class='ocrx_word' id='word_1_245' title='bbox 1280 3745 1498 3812; x_wconf 89' lang='lat' dir='ltr'><strong>dilecti;</strong></span> <span class='ocrx_word' id='word_1_246' title='bbox 1564 3745 1658 3801; x_wconf 88' lang='lat' dir='ltr'><strong>sed</strong></span> <span class='ocrx_word' id='word_1_247' title='bbox 1707 3745 1762 3800; x_wconf 90' lang='lat' dir='ltr'><strong>in</strong></span> <span class='ocrx_word' id='word_1_248' title='bbox 1790 3760 1855 3801; x_wconf 91' lang='lat' dir='ltr'><strong>eo</strong></span> 
     </span>
    </p>
   </div>
   <div class='ocr_carea' id='block_1_33' title="bbox 266 3835 1856 3908">
    <p class='ocr_par' dir='ltr' id='par_1_33' title="bbox 266 3835 1856 3908">
     <span class='ocr_line' id='line_1_34' title="bbox 266 3835 1856 3908; baseline 0.002 -21"><span class='ocrx_word' id='word_1_249' title='bbox 266 3835 409 3905; x_wconf 88' lang='lat' dir='ltr'><strong>quod</strong></span> <span class='ocrx_word' id='word_1_250' title='bbox 445 3850 566 3889; x_wconf 91' lang='lat' dir='ltr'><strong>cum</strong></span> <span class='ocrx_word' id='word_1_251' title='bbox 608 3836 910 3906; x_wconf 87' lang='lat' dir='ltr'><strong>hujusmodi</strong></span> <span class='ocrx_word' id='word_1_252' title='bbox 943 3837 1374 3907; x_wconf 86' lang='lat' dir='ltr'><strong>perturbationes</strong></span> <span class='ocrx_word' id='word_1_253' title='bbox 1412 3848 1571 3908; x_wconf 87' lang='lat' dir='ltr'><strong>atque</strong></span> <span class='ocrx_word' id='word_1_254' title='bbox 1600 3837 1856 3892; x_wconf 92' lang='lat' dir='ltr'><strong>tumultus</strong></span> 
     </span>
    </p>
   </div>
   <div class='ocr_carea' id='block_1_34' title="bbox 267 3925 1853 3999">
    <p class='ocr_par' dir='ltr' id='par_1_34' title="bbox 267 3925 1853 3999">
     <span class='ocr_line' id='line_1_35' title="bbox 267 3925 1853 3999; baseline 0.002 -20"><span class='ocrx_word' id='word_1_255' title='bbox 267 3927 350 3980; x_wconf 86' lang='lat' dir='ltr'><strong>vel</strong></span> <span class='ocrx_word' id='word_1_256' title='bbox 381 3925 607 3981; x_wconf 88' lang='lat' dir='ltr'><strong>leviores</strong></span> <span class='ocrx_word' id='word_1_257' title='bbox 636 3927 850 3984; x_wconf 80' lang='lat' dir='ltr'><strong>efﬁcere</strong></span> <span class='ocrx_word' id='word_1_258' title='bbox 880 3930 959 3984; x_wconf 90' lang='lat' dir='ltr'><strong>vel</strong></span> <span class='ocrx_word' id='word_1_259' title='bbox 987 3930 1103 3984; x_wconf 88' lang='lat' dir='ltr'><strong>sine</strong></span> <span class='ocrx_word' id='word_1_260' title='bbox 1129 3929 1374 3985; x_wconf 88' lang='lat' dir='ltr'><strong>molestia</strong></span> <span class='ocrx_word' id='word_1_261' title='bbox 1400 3927 1540 3985; x_wconf 86' lang='lat' dir='ltr'><strong>ferre</strong></span> <span class='ocrx_word' id='word_1_262' title='bbox 1567 3928 1853 3999; x_wconf 89' lang='lat' dir='ltr'><strong>possimus,</strong></span> 
     </span>
    </p>
   </div>
   <div class='ocr_carea' id='block_1_35' title="bbox 268 4020 1856 4088">
    <p class='ocr_par' dir='ltr' id='par_1_35' title="bbox 268 4020 1856 4088">
     <span class='ocr_line' id='line_1_36' title="bbox 268 4020 1856 4088; baseline 0.001 -17"><span class='ocrx_word' id='word_1_263' title='bbox 268 4027 519 4072; x_wconf 85' lang='lat' dir='ltr'><strong>neutrum</strong></span> <span class='ocrx_word' id='word_1_264' title='bbox 569 4034 753 4073; x_wconf 89' lang='lat' dir='ltr'><strong>eorum</strong></span> <span class='ocrx_word' id='word_1_265' title='bbox 800 4020 1010 4088; x_wconf 88' lang='lat' dir='ltr'><strong>assequi</strong></span> <span class='ocrx_word' id='word_1_266' title='bbox 1056 4035 1333 4086; x_wconf 88' lang='lat' dir='ltr'><strong>conamur,</strong></span> <span class='ocrx_word' id='word_1_267' title='bbox 1364 4020 1458 4076; x_wconf 91' lang='lat' dir='ltr'><strong>sed</strong></span> <span class='ocrx_word' id='word_1_268' title='bbox 1490 4035 1587 4076; x_wconf 92' lang='lat' dir='ltr'><strong>nos</strong></span> <span class='ocrx_word' id='word_1_269' title='bbox 1624 4034 1856 4076; x_wconf 67' lang='lat' dir='ltr'><strong>maerore</strong></span> 
     </span>
    </p>
   </div>
   <div class='ocr_carea' id='block_1_36' title="bbox 266 4109 1858 4182">
    <p class='ocr_par' dir='ltr' id='par_1_36' title="bbox 266 4109 1858 4182">
     <span class='ocr_line' id='line_1_37' title="bbox 266 4109 1858 4182; baseline 0 -18"><span class='ocrx_word' id='word_1_270' title='bbox 266 4110 636 4178; x_wconf 78' lang='lat' dir='ltr'><strong>conficientes,</strong></span> <span class='ocrx_word' id='word_1_271' title='bbox 669 4119 837 4166; x_wconf 87' lang='lat' dir='ltr'><strong>totum</strong></span> <span class='ocrx_word' id='word_1_272' title='bbox 858 4111 980 4168; x_wconf 73' lang='lat' dir='ltr'><strong>vita:</strong></span> <span class='ocrx_word' id='word_1_273' title='bbox 1012 4120 1220 4182; x_wconf 90' lang='lat' dir='ltr'><strong>tempus</strong></span> <span class='ocrx_word' id='word_1_274' title='bbox 1244 4111 1485 4182; x_wconf 77' lang='lat' dir='ltr'><strong>degimus</strong></span> <span class='ocrx_word' id='word_1_275' title='bbox 1509 4127 1523 4166; x_wconf 75' lang='grc' dir='ltr'>ε</span> <span class='ocrx_word' id='word_1_276' title='bbox 1547 4119 1704 4182; x_wconf 86' lang='lat' dir='ltr'><strong>atque</strong></span> <span class='ocrx_word' id='word_1_277' title='bbox 1721 4109 1858 4164; x_wconf 91' lang='lat' dir='ltr'><strong>alius</strong></span> 
     </span>
    </p>
   </div>
   <div class='ocr_carea' id='block_1_37' title="bbox 264 4202 1860 4274">
    <p class='ocr_par' dir='ltr' id='par_1_37' title="bbox 264 4202 1860 4274">
     <span class='ocr_line' id='line_1_38' title="bbox 264 4202 1860 4274; baseline 0.001 -19"><span class='ocrx_word' id='word_1_278' title='bbox 264 4211 656 4272; x_wconf 79' lang='lat' dir='ltr'><strong>paupertatem,</strong></span> <span class='ocrx_word' id='word_1_279' title='bbox 687 4203 824 4258; x_wconf 90' lang='lat' dir='ltr'><strong>alius</strong></span> <span class='ocrx_word' id='word_1_280' title='bbox 852 4202 1218 4274; x_wconf 73' lang='lat' dir='ltr'><strong>mgritudinem</strong></span> <span class='ocrx_word' id='word_1_281' title='bbox 1249 4204 1489 4274; x_wconf 86' lang='lat' dir='ltr'><strong>queritur</strong></span> <span class='ocrx_word' id='word_1_282' title='bbox 1513 4244 1530 4270; x_wconf 94' lang='lat'><strong>,</strong></span> <span class='ocrx_word' id='word_1_283' title='bbox 1553 4202 1689 4259; x_wconf 91' lang='lat' dir='ltr'><strong>alius</strong></span> <span class='ocrx_word' id='word_1_284' title='bbox 1713 4202 1860 4256; x_wconf 85' lang='lat' dir='ltr'><strong>solli-</strong></span> 
     </span>
    </p>
   </div>
   <div class='ocr_carea' id='block_1_38' title="bbox 263 4293 1857 4361">
    <p class='ocr_par' dir='ltr' id='par_1_38' title="bbox 263 4293 1857 4361">
     <span class='ocr_line' id='line_1_39' title="bbox 263 4293 1857 4361; baseline -0.001 -11"><span class='ocrx_word' id='word_1_285' title='bbox 263 4293 522 4350; x_wconf 87' lang='lat' dir='ltr'><strong>citudinis</strong></span> <span class='ocrx_word' id='word_1_286' title='bbox 551 4295 767 4361; x_wconf 89' lang='lat' dir='ltr'><strong>molem,</strong></span> <span class='ocrx_word' id='word_1_287' title='bbox 799 4295 936 4350; x_wconf 89' lang='lat' dir='ltr'><strong>alius</strong></span> <span class='ocrx_word' id='word_1_288' title='bbox 964 4295 1045 4351; x_wconf 86' lang='lat' dir='ltr'><strong>rei</strong></span> <span class='ocrx_word' id='word_1_289' title='bbox 1075 4293 1356 4351; x_wconf 80' lang='lat' dir='ltr'><strong>familiaris</strong></span> <span class='ocrx_word' id='word_1_290' title='bbox 1385 4310 1599 4360; x_wconf 90' lang='lat' dir='ltr'><strong>curam,</strong></span> <span class='ocrx_word' id='word_1_291' title='bbox 1626 4294 1763 4350; x_wconf 90' lang='lat' dir='ltr'><strong>alius</strong></span> <span class='ocrx_word' id='word_1_292' title='bbox 1789 4293 1857 4348; x_wconf 89' lang='lat' dir='ltr'><strong>li-</strong></span> 
     </span>
    </p>
   </div>
   <div class='ocr_carea' id='block_1_39' title="bbox 263 4383 1860 4454">
    <p class='ocr_par' dir='ltr' id='par_1_39' title="bbox 263 4383 1860 4454">
     <span class='ocr_line' id='line_1_40' title="bbox 263 4383 1860 4454; baseline 0.003 -18"><span class='ocrx_word' id='word_1_293' title='bbox 263 4383 520 4440; x_wconf 63' lang='lat' dir='ltr'><strong>berorum</strong></span> <span class='ocrx_word' id='word_1_294' title='bbox 550 4385 918 4442; x_wconf 88' lang='lat' dir='ltr'><strong>educationem</strong></span> <span class='ocrx_word' id='word_1_295' title='bbox 938 4428 952 4454; x_wconf 94' lang='lat'><strong>,</strong></span> <span class='ocrx_word' id='word_1_296' title='bbox 983 4387 1119 4443; x_wconf 92' lang='lat' dir='ltr'><strong>alius</strong></span> <span class='ocrx_word' id='word_1_297' title='bbox 1148 4387 1452 4444; x_wconf 89' lang='lat' dir='ltr'><strong>orbitatem.</strong></span> <span class='ocrx_word' id='word_1_298' title='bbox 1480 4387 1560 4443; x_wconf 88' lang='lat' dir='ltr'><strong>Ac</strong></span> <span class='ocrx_word' id='word_1_299' title='bbox 1585 4386 1707 4442; x_wconf 89' lang='lat' dir='ltr'><strong>vide</strong></span> <span class='ocrx_word' id='word_1_300' title='bbox 1731 4385 1860 4441; x_wconf 84' lang='lat' dir='ltr'><strong>insi-</strong></span> 
     </span>
    </p>
   </div>
   <div class='ocr_carea' id='block_1_40' title="bbox 270 4477 1856 4546">
    <p class='ocr_par' dir='ltr' id='par_1_40' title="bbox 270 4477 1856 4546">
     <span class='ocr_line' id='line_1_41' title="bbox 270 4477 1856 4546; baseline 0.001 -16"><span class='ocrx_word' id='word_1_301' title='bbox 270 4490 428 4546; x_wconf 80' lang='lat' dir='ltr'><strong>gnem</strong></span> <span class='ocrx_word' id='word_1_302' title='bbox 467 4478 755 4532; x_wconf 86' lang='lat' dir='ltr'><strong>amentiam</strong></span> <span class='ocrx_word' id='word_1_303' title='bbox 782 4495 796 4531; x_wconf 89' lang='lat'><strong>:</strong></span> <span class='ocrx_word' id='word_1_304' title='bbox 823 4494 929 4534; x_wconf 91' lang='lat' dir='ltr'><strong>non</strong></span> <span class='ocrx_word' id='word_1_305' title='bbox 957 4477 1102 4534; x_wconf 90' lang='lat' dir='ltr'><strong>enim</strong></span> <span class='ocrx_word' id='word_1_306' title='bbox 1145 4479 1331 4535; x_wconf 88' lang='lat' dir='ltr'><strong>iisdem</strong></span> <span class='ocrx_word' id='word_1_307' title='bbox 1371 4480 1427 4535; x_wconf 92' lang='lat' dir='ltr'><strong>in</strong></span> <span class='ocrx_word' id='word_1_308' title='bbox 1457 4480 1655 4544; x_wconf 90' lang='lat' dir='ltr'><strong>rebus,</strong></span> <span class='ocrx_word' id='word_1_309' title='bbox 1681 4478 1775 4534; x_wconf 87' lang='lat' dir='ltr'><strong>sed</strong></span> <span class='ocrx_word' id='word_1_310' title='bbox 1804 4479 1856 4533; x_wconf 89' lang='lat' dir='ltr'><strong>in</strong></span> 
     </span>
    </p>
   </div>
   <div class='ocr_carea' id='block_1_41' title="bbox 269 4568 1863 4641">
    <p class='ocr_par' dir='ltr' id='par_1_41' title="bbox 269 4568 1863 4641">
     <span class='ocr_line' id='line_1_42' title="bbox 269 4568 1863 4641; baseline 0.003 -22"><span class='ocrx_word' id='word_1_311' title='bbox 269 4568 556 4623; x_wconf 82' lang='lat' dir='ltr'><strong>contrariis</strong></span> <span class='ocrx_word' id='word_1_312' title='bbox 582 4585 733 4639; x_wconf 72' lang='lat' dir='ltr'><strong>mque</strong></span> <span class='ocrx_word' id='word_1_313' title='bbox 755 4569 1020 4641; x_wconf 77' lang='lat' dir='ltr'><strong>lugemus.</strong></span> <span class='ocrx_word' id='word_1_314' title='bbox 1045 4570 1202 4640; x_wconf 82' lang='lat' dir='ltr'><strong>Atqui</strong></span> <span class='ocrx_word' id='word_1_315' title='bbox 1230 4571 1274 4625; x_wconf 88' lang='lat' dir='ltr'><strong>si</strong></span> <span class='ocrx_word' id='word_1_316' title='bbox 1301 4587 1480 4625; x_wconf 90' lang='lat' dir='ltr'><strong>rerum</strong></span> <span class='ocrx_word' id='word_1_317' title='bbox 1506 4569 1741 4626; x_wconf 90' lang='lat' dir='ltr'><strong>conditio</strong></span> <span class='ocrx_word' id='word_1_318' title='bbox 1766 4585 1863 4624; x_wconf 91' lang='lat' dir='ltr'><strong>no-</strong></span> 
     </span>
    </p>
   </div>
   <div class='ocr_carea' id='block_1_42' title="bbox 265 4659 1863 4730">
    <p class='ocr_par' dir='ltr' id='par_1_42' title="bbox 265 4659 1863 4730">
     <span class='ocr_line' id='line_1_43' title="bbox 265 4659 1863 4730; baseline 0.003 -18"><span class='ocrx_word' id='word_1_319' title='bbox 265 4662 349 4715; x_wconf 87' lang='lat' dir='ltr'><strong>bis</strong></span> <span class='ocrx_word' id='word_1_320' title='bbox 396 4673 556 4714; x_wconf 85' lang='lat' dir='ltr'><strong>causa</strong></span> <span class='ocrx_word' id='word_1_321' title='bbox 595 4659 768 4716; x_wconf 89' lang='lat' dir='ltr'><strong>luctus</strong></span> <span class='ocrx_word' id='word_1_322' title='bbox 797 4669 972 4727; x_wconf 88' lang='lat' dir='ltr'><strong>esset,</strong></span> <span class='ocrx_word' id='word_1_323' title='bbox 1005 4675 1111 4716; x_wconf 92' lang='lat' dir='ltr'><strong>non</strong></span> <span class='ocrx_word' id='word_1_324' title='bbox 1157 4676 1251 4730; x_wconf 91' lang='lat' dir='ltr'><strong>par</strong></span> <span class='ocrx_word' id='word_1_325' title='bbox 1295 4669 1436 4716; x_wconf 88' lang='lat' dir='ltr'><strong>esset</strong></span> <span class='ocrx_word' id='word_1_326' title='bbox 1484 4662 1535 4715; x_wconf 89' lang='lat' dir='ltr'><strong>in</strong></span> <span class='ocrx_word' id='word_1_327' title='bbox 1579 4660 1863 4716; x_wconf 86' lang='lat' dir='ltr'><strong>contrariis</strong></span> 
     </span>
    </p>
   </div>
   <div class='ocr_carea' id='block_1_43' title="bbox 267 4748 1864 4823">
    <p class='ocr_par' dir='ltr' id='par_1_43' title="bbox 267 4748 1864 4823">
     <span class='ocr_line' id='line_1_44' title="bbox 267 4748 1864 4823; baseline 0.005 -23"><span class='ocrx_word' id='word_1_328' title='bbox 267 4748 438 4803; x_wconf 83' lang='lat' dir='ltr'><strong>rebus</strong></span> <span class='ocrx_word' id='word_1_329' title='bbox 468 4764 622 4819; x_wconf 67' lang='lat' dir='ltr'><strong>teque</strong></span> <span class='ocrx_word' id='word_1_330' title='bbox 652 4750 834 4821; x_wconf 74' lang='lat' dir='ltr'><strong>lugere</strong></span> <span class='ocrx_word' id='word_1_331' title='bbox 865 4768 882 4805; x_wconf 89' lang='lat'><strong>:</strong></span> <span class='ocrx_word' id='word_1_332' title='bbox 910 4750 1005 4806; x_wconf 85' lang='lat' dir='ltr'><strong>sed</strong></span> <span class='ocrx_word' id='word_1_333' title='bbox 1029 4751 1073 4806; x_wconf 92' lang='lat' dir='ltr'><strong>si</strong></span> <span class='ocrx_word' id='word_1_334' title='bbox 1095 4760 1378 4823; x_wconf 90' lang='lat' dir='ltr'><strong>paupertas</strong></span> <span class='ocrx_word' id='word_1_335' title='bbox 1407 4752 1605 4806; x_wconf 70' lang='lat' dir='ltr'><strong>malum</strong></span> <span class='ocrx_word' id='word_1_336' title='bbox 1628 4751 1864 4822; x_wconf 85' lang='lat' dir='ltr'><strong>illudque</strong></span> 
     </span>
    </p>
   </div>
   <div class='ocr_carea' id='block_1_44' title="bbox 268 4841 1860 4915">
    <p class='ocr_par' dir='ltr' id='par_1_44' title="bbox 268 4841 1860 4915">
     <span class='ocr_line' id='line_1_45' title="bbox 268 4841 1860 4915; baseline 0.003 -21"><span class='ocrx_word' id='word_1_337' title='bbox 268 4841 614 4898; x_wconf 85' lang='lat' dir='ltr'><strong>intolerabile</strong></span> <span class='ocrx_word' id='word_1_338' title='bbox 640 4851 812 4912; x_wconf 88' lang='lat' dir='ltr'><strong>esset,</strong></span> <span class='ocrx_word' id='word_1_339' title='bbox 841 4858 962 4899; x_wconf 91' lang='lat' dir='ltr'><strong>eum</strong></span> <span class='ocrx_word' id='word_1_340' title='bbox 990 4844 1079 4915; x_wconf 90' lang='lat' dir='ltr'><strong>qui</strong></span> <span class='ocrx_word' id='word_1_341' title='bbox 1111 4844 1166 4899; x_wconf 91' lang='lat' dir='ltr'><strong>in</strong></span> <span class='ocrx_word' id='word_1_342' title='bbox 1195 4844 1397 4899; x_wconf 80' lang='lat' dir='ltr'><strong>divitiis</strong></span> <span class='ocrx_word' id='word_1_343' title='bbox 1437 4845 1670 4912; x_wconf 87' lang='lat' dir='ltr'><strong>viveret,</strong></span> <span class='ocrx_word' id='word_1_344' title='bbox 1703 4860 1860 4899; x_wconf 85' lang='lat' dir='ltr'><strong>num-</strong></span> 
     </span>
    </p>
   </div>
   <div class='ocr_carea' id='block_1_45' title="bbox 267 4934 1864 5005">
    <p class='ocr_par' dir='ltr' id='par_1_45' title="bbox 267 4934 1864 5005">
     <span class='ocr_line' id='line_1_46' title="bbox 267 4934 1864 5005; baseline 0.004 -21"><span class='ocrx_word' id='word_1_345' title='bbox 267 4950 433 5003; x_wconf 87' lang='lat' dir='ltr'><strong>quam</strong></span> <span class='ocrx_word' id='word_1_346' title='bbox 464 4934 694 4989; x_wconf 89' lang='lat' dir='ltr'><strong>cruciari</strong></span> <span class='ocrx_word' id='word_1_347' title='bbox 723 4944 1028 5005; x_wconf 90' lang='lat' dir='ltr'><strong>oporteret;</strong></span> <span class='ocrx_word' id='word_1_348' title='bbox 1061 4944 1114 4990; x_wconf 89' lang='lat' dir='ltr'><strong>et</strong></span> <span class='ocrx_word' id='word_1_349' title='bbox 1138 4935 1186 4992; x_wconf 92' lang='lat' dir='ltr'><strong>si</strong></span> <span class='ocrx_word' id='word_1_350' title='bbox 1215 4935 1417 4991; x_wconf 88' lang='lat' dir='ltr'><strong>orbitas</strong></span> <span class='ocrx_word' id='word_1_351' title='bbox 1443 4945 1586 4990; x_wconf 88' lang='lat' dir='ltr'><strong>esset</strong></span> <span class='ocrx_word' id='word_1_352' title='bbox 1625 4936 1822 4991; x_wconf 91' lang='lat' dir='ltr'><strong>malum</strong></span> <span class='ocrx_word' id='word_1_353' title='bbox 1847 4975 1864 4990; x_wconf 93' lang='lat'><strong>.</strong></span> 
     </span>
    </p>
   </div>
   <div class='ocr_carea' id='block_1_46' title="bbox 269 5027 1868 5100">
    <p class='ocr_par' dir='ltr' id='par_1_46' title="bbox 269 5027 1868 5100">
     <span class='ocr_line' id='line_1_47' title="bbox 269 5027 1868 5100; baseline 0.004 -22"><span class='ocrx_word' id='word_1_354' title='bbox 269 5027 567 5092; x_wconf 84' lang='lat' dir='ltr'><strong>multorum</strong></span> <span class='ocrx_word' id='word_1_355' title='bbox 618 5027 907 5083; x_wconf 89' lang='lat' dir='ltr'><strong>liberorum</strong></span> <span class='ocrx_word' id='word_1_356' title='bbox 957 5038 1230 5099; x_wconf 89' lang='lat' dir='ltr'><strong>parentem</strong></span> <span class='ocrx_word' id='word_1_357' title='bbox 1282 5029 1624 5100; x_wconf 83' lang='lat' dir='ltr'><strong>tranquillum</strong></span> <span class='ocrx_word' id='word_1_358' title='bbox 1672 5029 1868 5100; x_wconf 84' lang='lat' dir='ltr'><strong>degere</strong></span> 
     </span>
    </p>
   </div>
   <div class='ocr_carea' id='block_1_47' title="bbox 272 5120 1870 5191">
    <p class='ocr_par' dir='ltr' id='par_1_47' title="bbox 272 5120 1870 5191">
     <span class='ocr_line' id='line_1_48' title="bbox 272 5120 1870 5191; baseline 0.006 -24"><span class='ocrx_word' id='word_1_359' title='bbox 272 5133 373 5186; x_wconf 82' lang='lat' dir='ltr'><strong>par</strong></span> <span class='ocrx_word' id='word_1_360' title='bbox 404 5128 570 5174; x_wconf 83' lang='lat' dir='ltr'><strong>esset.</strong></span> <span class='ocrx_word' id='word_1_361' title='bbox 598 5120 806 5176; x_wconf 80' lang='lat' dir='ltr'><strong>Rursus</strong></span> <span class='ocrx_word' id='word_1_362' title='bbox 833 5121 878 5176; x_wconf 88' lang='lat' dir='ltr'><strong>si</strong></span> <span class='ocrx_word' id='word_1_363' title='bbox 905 5121 1287 5191; x_wconf 88' lang='lat' dir='ltr'><strong>rempublicam</strong></span> <span class='ocrx_word' id='word_1_364' title='bbox 1314 5121 1690 5178; x_wconf 85' lang='lat' dir='ltr'><strong>administrare</strong></span> <span class='ocrx_word' id='word_1_365' title='bbox 1711 5165 1727 5189; x_wconf 92' lang='lat'><strong>,</strong></span> <span class='ocrx_word' id='word_1_366' title='bbox 1773 5123 1870 5177; x_wconf 83' lang='lat' dir='ltr'><strong>ho-</strong></span> 
     </span>
    </p>
   </div>
   <div class='ocr_carea' id='block_1_48' title="bbox 276 5209 1870 5286">
    <p class='ocr_par' dir='ltr' id='par_1_48' title="bbox 276 5209 1870 5286">
     <span class='ocr_line' id='line_1_49' title="bbox 276 5209 1870 5286; baseline 0.004 -23"><span class='ocrx_word' id='word_1_367' title='bbox 276 5210 505 5264; x_wconf 86' lang='lat' dir='ltr'><strong>norihus</strong></span> <span class='ocrx_word' id='word_1_368' title='bbox 555 5209 691 5278; x_wconf 89' lang='lat' dir='ltr'><strong>frui,</strong></span> <span class='ocrx_word' id='word_1_369' title='bbox 745 5213 1046 5282; x_wconf 86' lang='lat' dir='ltr'><strong>multosque</strong></span> <span class='ocrx_word' id='word_1_370' title='bbox 1095 5215 1336 5269; x_wconf 83' lang='lat' dir='ltr'><strong>subditos</strong></span> <span class='ocrx_word' id='word_1_371' title='bbox 1389 5214 1585 5270; x_wconf 86' lang='lat' dir='ltr'><strong>habere</strong></span> <span class='ocrx_word' id='word_1_372' title='bbox 1632 5215 1870 5286; x_wconf 83' lang='lat' dir='ltr'><strong>eptahile</strong></span> 
     </span>
    </p>
   </div>
   <div class='ocr_carea' id='block_1_49' title="bbox 280 5301 1870 5376">
    <p class='ocr_par' dir='ltr' id='par_1_49' title="bbox 280 5301 1870 5376">
     <span class='ocr_line' id='line_1_50' title="bbox 280 5301 1870 5376; baseline 0.002 -22"><span class='ocrx_word' id='word_1_373' title='bbox 280 5309 448 5366; x_wconf 84' lang='lat' dir='ltr'><strong>esset,</strong></span> <span class='ocrx_word' id='word_1_374' title='bbox 473 5301 576 5354; x_wconf 86' lang='lat' dir='ltr'><strong>vita</strong></span> <span class='ocrx_word' id='word_1_375' title='bbox 609 5304 835 5374; x_wconf 76' lang='lat' dir='ltr'><strong>negotiis</strong></span> <span class='ocrx_word' id='word_1_376' title='bbox 857 5318 1022 5358; x_wconf 91' lang='lat' dir='ltr'><strong>vacua</strong></span> <span class='ocrx_word' id='word_1_377' title='bbox 1043 5313 1098 5359; x_wconf 88' lang='lat' dir='ltr'><strong>et</strong></span> <span class='ocrx_word' id='word_1_378' title='bbox 1124 5304 1407 5374; x_wconf 88' lang='lat' dir='ltr'><strong>tranquilla</strong></span> <span class='ocrx_word' id='word_1_379' title='bbox 1431 5304 1676 5376; x_wconf 83' lang='lat' dir='ltr'><strong>fugienda</strong></span> <span class='ocrx_word' id='word_1_380' title='bbox 1705 5314 1870 5371; x_wconf 80' lang='lat' dir='ltr'><strong>esset,</strong></span> 
     </span>
    </p>
   </div>
   <div class='ocr_carea' id='block_1_50' title="bbox 279 5392 1876 5451">
    <p class='ocr_par' dir='ltr' id='par_1_50' title="bbox 279 5392 1876 5451">
     <span class='ocr_line' id='line_1_51' title="bbox 279 5392 1876 5451; baseline 0.003 -6"><span class='ocrx_word' id='word_1_381' title='bbox 279 5402 335 5445; x_wconf 86' lang='lat' dir='ltr'><strong>et</strong></span> <span class='ocrx_word' id='word_1_382' title='bbox 368 5392 618 5448; x_wconf 89' lang='lat' dir='ltr'><strong>omnibus</strong></span> <span class='ocrx_word' id='word_1_383' title='bbox 644 5394 768 5448; x_wconf 90' lang='lat' dir='ltr'><strong>odio</strong></span> <span class='ocrx_word' id='word_1_384' title='bbox 797 5393 1060 5450; x_wconf 89' lang='lat' dir='ltr'><strong>habenda.</strong></span> <span class='ocrx_word' id='word_1_385' title='bbox 1089 5394 1240 5450; x_wconf 84' lang='lat' dir='ltr'><strong>Nunc</strong></span> <span class='ocrx_word' id='word_1_386' title='bbox 1265 5411 1396 5451; x_wconf 90' lang='lat' dir='ltr'><strong>vero</strong></span> <span class='ocrx_word' id='word_1_387' title='bbox 1435 5411 1554 5450; x_wconf 92' lang='lat' dir='ltr'><strong>cum</strong></span> <span class='ocrx_word' id='word_1_388' title='bbox 1585 5395 1766 5450; x_wconf 87' lang='lat' dir='ltr'><strong>videas</strong></span> <span class='ocrx_word' id='word_1_389' title='bbox 1796 5396 1876 5449; x_wconf 89' lang='lat' dir='ltr'><strong>lo-</strong></span> 
     </span>
    </p>
   </div>
   <div class='ocr_carea' id='block_1_51' title="bbox 281 5483 1874 5559">
    <p class='ocr_par' dir='ltr' id='par_1_51' title="bbox 281 5483 1874 5559">
     <span class='ocr_line' id='line_1_52' title="bbox 281 5483 1874 5559; baseline 0.006 -24"><span class='ocrx_word' id='word_1_390' title='bbox 281 5483 522 5548; x_wconf 81' lang='lat' dir='ltr'><strong>cnpletes</strong></span> <span class='ocrx_word' id='word_1_391' title='bbox 566 5494 620 5539; x_wconf 91' lang='lat' dir='ltr'><strong>et</strong></span> <span class='ocrx_word' id='word_1_392' title='bbox 667 5497 851 5542; x_wconf 89' lang='lat' dir='ltr'><strong>tenues</strong></span> <span class='ocrx_word' id='word_1_393' title='bbox 893 5503 1046 5558; x_wconf 82' lang='lat' dir='ltr'><strong>:cque</strong></span> <span class='ocrx_word' id='word_1_394' title='bbox 1095 5488 1307 5559; x_wconf 80' lang='lat' dir='ltr'><strong>lugere,</strong></span> <span class='ocrx_word' id='word_1_395' title='bbox 1337 5487 1550 5543; x_wconf 88' lang='lat' dir='ltr'><strong>divitem</strong></span> <span class='ocrx_word' id='word_1_396' title='bbox 1579 5503 1705 5542; x_wconf 89' lang='lat' dir='ltr'><strong>vero</strong></span> <span class='ocrx_word' id='word_1_397' title='bbox 1731 5500 1874 5557; x_wconf 65' lang='lat' dir='ltr'><strong>Saepe</strong></span> 
     </span>
    </p>
   </div>
   <div class='ocr_carea' id='block_1_52' title="bbox 287 5615 1871 5731">
    <p class='ocr_par' dir='ltr' id='par_1_52' title="bbox 287 5615 1871 5731">
     <span class='ocr_line' id='line_1_53' title="bbox 287 5615 1871 5731; baseline 0.006 -67"><span class='ocrx_word' id='word_1_398' title='bbox 287 5686 324 5727; x_wconf 67' lang='lat' dir='ltr'><strong>r_</strong></span> <span class='ocrx_word' id='word_1_399' title='bbox 347 5615 598 5731; x_wconf 59' lang='lat' dir='ltr'><strong>(&#39;uj-odlati</strong></span> <span class='ocrx_word' id='word_1_400' title='bbox 623 5633 732 5670; x_wconf 88' lang='lat' dir='ltr'><strong>cum</strong></span> <span class='ocrx_word' id='word_1_401' title='bbox 755 5621 925 5674; x_wconf 78' lang='lat' dir='ltr'><strong>Codice</strong></span> <span class='ocrx_word' id='word_1_402' title='bbox 940 5622 1216 5674; x_wconf 85' lang='lat' dir='ltr'><strong>Colbet&#39;tino</strong></span> <span class='ocrx_word' id='word_1_403' title='bbox 1237 5623 1314 5683; x_wconf 72' lang='grc'><strong>49,</strong></span> <span class='ocrx_word' id='word_1_404' title='bbox 1334 5625 1416 5688; x_wconf 88' lang='lat' dir='ltr'><strong>qui</strong></span> <span class='ocrx_word' id='word_1_405' title='bbox 1441 5636 1536 5673; x_wconf 87' lang='lat' dir='ltr'><strong>non</strong></span> <span class='ocrx_word' id='word_1_406' title='bbox 1560 5621 1766 5673; x_wconf 85' lang='lat' dir='ltr'><strong>multum</strong></span> <span class='ocrx_word' id='word_1_407' title='bbox 1789 5635 1871 5673; x_wconf 82' lang='lat' dir='ltr'><strong>va-</strong></span> 
     </span>
     <span class='ocr_line' id='line_1_54' title="bbox 313 5699 398 5731; baseline 0 0"><span class='ocrx_word' id='word_1_408' title='bbox 313 5699 353 5731; x_wconf 77' lang='lat' dir='ltr'><strong>l-‘t</strong></span> <span class='ocrx_word' id='word_1_409' title='bbox 384 5718 398 5731; x_wconf 92' lang='lat'><strong>.</strong></span> 
     </span>
    </p>
   </div>
   <div class='ocr_carea' id='block_1_53' title="bbox 313 5699 398 5733">
    <p class='ocr_par' dir='ltr' id='par_1_53' title="bbox 313 5699 398 5733">
     <span class='ocr_line' id='line_1_55' title="bbox 313 5699 398 5733; baseline 0.012 -2"><span class='ocrx_word' id='word_1_410' title='bbox 313 5699 398 5733; x_wconf 74' lang='grc' dir='ltr'><strong>ιίΙΙ.</strong></span> 
     </span>
    </p>
   </div>
   <div class='ocr_carea' id='block_1_54' title="bbox 1965 3372 3557 3452">
    <p class='ocr_par' dir='ltr' id='par_1_54' title="bbox 1965 3372 3557 3452">
     <span class='ocr_line' id='line_1_56' title="bbox 1965 3372 3557 3452; baseline -0.003 -16"><span class='ocrx_word' id='word_1_411' title='bbox 1965 3381 2084 3452; x_wconf 89' lang='lat' dir='ltr'><strong>plus</strong></span> <span class='ocrx_word' id='word_1_412' title='bbox 2130 3395 2288 3452; x_wconf 90' lang='lat' dir='ltr'><strong>quam</strong></span> <span class='ocrx_word' id='word_1_413' title='bbox 2336 3393 2660 3450; x_wconf 88' lang='lat' dir='ltr'><strong>pauperem,</strong></span> <span class='ocrx_word' id='word_1_414' title='bbox 2705 3372 3001 3448; x_wconf 66' lang='lat' dir='ltr'><strong>principem</strong></span> <span class='ocrx_word' id='word_1_415' title='bbox 3041 3373 3158 3448; x_wconf 85' lang='lat' dir='ltr'><strong>plus</strong></span> <span class='ocrx_word' id='word_1_416' title='bbox 3189 3389 3346 3449; x_wconf 78' lang='lat' dir='ltr'><strong>quam</strong></span> <span class='ocrx_word' id='word_1_417' title='bbox 3373 3373 3557 3435; x_wconf 85' lang='lat' dir='ltr'><strong>subdi-</strong></span> 
     </span>
    </p>
   </div>
   <div class='ocr_carea' id='block_1_55' title="bbox 1966 3469 3559 3540">
    <p class='ocr_par' dir='ltr' id='par_1_55' title="bbox 1966 3469 3559 3540">
     <span class='ocr_line' id='line_1_57' title="bbox 1966 3469 3559 3540; baseline -0.001 -13"><span class='ocrx_word' id='word_1_418' title='bbox 1966 3481 2100 3537; x_wconf 89' lang='lat' dir='ltr'><strong>tum,</strong></span> <span class='ocrx_word' id='word_1_419' title='bbox 2119 3471 2410 3526; x_wconf 91' lang='lat' dir='ltr'><strong>multorum</strong></span> <span class='ocrx_word' id='word_1_420' title='bbox 2430 3471 2718 3525; x_wconf 89' lang='lat' dir='ltr'><strong>liberorum</strong></span> <span class='ocrx_word' id='word_1_421' title='bbox 2737 3479 3010 3540; x_wconf 90' lang='lat' dir='ltr'><strong>parentem</strong></span> <span class='ocrx_word' id='word_1_422' title='bbox 3036 3470 3153 3540; x_wconf 86' lang='lat' dir='ltr'><strong>plus</strong></span> <span class='ocrx_word' id='word_1_423' title='bbox 3172 3485 3328 3540; x_wconf 90' lang='lat' dir='ltr'><strong>quam</strong></span> <span class='ocrx_word' id='word_1_424' title='bbox 3342 3469 3559 3525; x_wconf 85' lang='lat' dir='ltr'><strong>orbum;</strong></span> 
     </span>
    </p>
   </div>
   <div class='ocr_carea' id='block_1_56' title="bbox 1963 3558 3558 3632">
    <p class='ocr_par' dir='ltr' id='par_1_56' title="bbox 1963 3558 3558 3632">
     <span class='ocr_line' id='line_1_58' title="bbox 1963 3558 3558 3632; baseline -0.004 -14"><span class='ocrx_word' id='word_1_425' title='bbox 1963 3579 2030 3618; x_wconf 91' lang='lat' dir='ltr'><strong>ne</strong></span> <span class='ocrx_word' id='word_1_426' title='bbox 2055 3579 2144 3619; x_wconf 88' lang='lat' dir='ltr'><strong>res</strong></span> <span class='ocrx_word' id='word_1_427' title='bbox 2171 3563 2225 3617; x_wconf 88' lang='lat' dir='ltr'><strong>in</strong></span> <span class='ocrx_word' id='word_1_428' title='bbox 2250 3577 2408 3618; x_wconf 87' lang='lat' dir='ltr'><strong>causa</strong></span> <span class='ocrx_word' id='word_1_429' title='bbox 2441 3577 2562 3617; x_wconf 88' lang='lat' dir='ltr'><strong>esse</strong></span> <span class='ocrx_word' id='word_1_430' title='bbox 2587 3570 2854 3632; x_wconf 90' lang='lat' dir='ltr'><strong>putemus,</strong></span> <span class='ocrx_word' id='word_1_431' title='bbox 2881 3560 2974 3615; x_wconf 92' lang='lat' dir='ltr'><strong>sed</strong></span> <span class='ocrx_word' id='word_1_432' title='bbox 3005 3574 3118 3626; x_wconf 92' lang='lat' dir='ltr'><strong>eos,</strong></span> <span class='ocrx_word' id='word_1_433' title='bbox 3149 3559 3239 3629; x_wconf 89' lang='lat' dir='ltr'><strong>qui</strong></span> <span class='ocrx_word' id='word_1_434' title='bbox 3266 3558 3428 3614; x_wconf 91' lang='lat' dir='ltr'><strong>rebus</strong></span> <span class='ocrx_word' id='word_1_435' title='bbox 3457 3573 3558 3626; x_wconf 53' lang='lat' dir='ltr'><strong>op.</strong></span> 
     </span>
    </p>
   </div>
   <div class='ocr_carea' id='block_1_57' title="bbox 1962 3651 3555 3726">
    <p class='ocr_par' dir='ltr' id='par_1_57' title="bbox 1962 3651 3555 3726">
     <span class='ocr_line' id='line_1_59' title="bbox 1962 3651 3555 3726; baseline -0.005 -16"><span class='ocrx_word' id='word_1_436' title='bbox 1962 3664 2192 3726; x_wconf 83' lang='lat' dir='ltr'><strong>portune</strong></span> <span class='ocrx_word' id='word_1_437' title='bbox 2226 3655 2302 3710; x_wconf 89' lang='lat' dir='ltr'><strong>uti</strong></span> <span class='ocrx_word' id='word_1_438' title='bbox 2334 3669 2501 3724; x_wconf 90' lang='lat' dir='ltr'><strong>seque</strong></span> <span class='ocrx_word' id='word_1_439' title='bbox 2527 3654 2594 3709; x_wconf 90' lang='lat' dir='ltr'><strong>ab</strong></span> <span class='ocrx_word' id='word_1_440' title='bbox 2619 3653 2765 3708; x_wconf 92' lang='lat' dir='ltr'><strong>omni</strong></span> <span class='ocrx_word' id='word_1_441' title='bbox 2791 3667 2975 3708; x_wconf 88' lang='lat' dir='ltr'><strong>errore</strong></span> <span class='ocrx_word' id='word_1_442' title='bbox 3006 3651 3233 3706; x_wconf 88' lang='lat' dir='ltr'><strong>liberare</strong></span> <span class='ocrx_word' id='word_1_443' title='bbox 3265 3659 3555 3720; x_wconf 87' lang='lat' dir='ltr'><strong>nequeunt.</strong></span> 
     </span>
    </p>
   </div>
   <div class='ocr_carea' id='block_1_58' title="bbox 1961 3741 3552 3818">
    <p class='ocr_par' dir='ltr' id='par_1_58' title="bbox 1961 3741 3552 3818">
     <span class='ocr_line' id='line_1_60' title="bbox 1961 3741 3552 3818; baseline -0.006 -15"><span class='ocrx_word' id='word_1_444' title='bbox 1961 3747 2093 3803; x_wconf 86' lang='lat' dir='ltr'><strong>Nam</strong></span> <span class='ocrx_word' id='word_1_445' title='bbox 2122 3747 2576 3818; x_wconf 89' lang='lat' dir='ltr'><strong>perturbationem</strong></span> <span class='ocrx_word' id='word_1_446' title='bbox 2602 3756 2761 3816; x_wconf 89' lang='lat' dir='ltr'><strong>atque</strong></span> <span class='ocrx_word' id='word_1_447' title='bbox 2790 3745 3068 3798; x_wconf 90' lang='lat' dir='ltr'><strong>tumultum</strong></span> <span class='ocrx_word' id='word_1_448' title='bbox 3096 3759 3204 3797; x_wconf 90' lang='lat' dir='ltr'><strong>non</strong></span> <span class='ocrx_word' id='word_1_449' title='bbox 3232 3741 3552 3798; x_wconf 85' lang='lat' dir='ltr'><strong>temerarius</strong></span> 
     </span>
    </p>
   </div>
   <div class='ocr_carea' id='block_1_59' title="bbox 1962 3833 3559 3904">
    <p class='ocr_par' dir='ltr' id='par_1_59' title="bbox 1962 3833 3559 3904">
     <span class='ocr_line' id='line_1_61' title="bbox 1962 3833 3559 3904; baseline -0.006 -11"><span class='ocrx_word' id='word_1_450' title='bbox 1962 3853 2145 3893; x_wconf 90' lang='lat' dir='ltr'><strong>rerum</strong></span> <span class='ocrx_word' id='word_1_451' title='bbox 2175 3845 2437 3904; x_wconf 86' lang='lat' dir='ltr'><strong>eventus,</strong></span> <span class='ocrx_word' id='word_1_452' title='bbox 2481 3834 2574 3891; x_wconf 88' lang='lat' dir='ltr'><strong>sed</strong></span> <span class='ocrx_word' id='word_1_453' title='bbox 2607 3850 2706 3889; x_wconf 88' lang='lat' dir='ltr'><strong>nos</strong></span> <span class='ocrx_word' id='word_1_454' title='bbox 2726 3877 2741 3902; x_wconf 94' lang='lat'><strong>,</strong></span> <span class='ocrx_word' id='word_1_455' title='bbox 2773 3833 2866 3890; x_wconf 87' lang='lat' dir='ltr'><strong>sed</strong></span> <span class='ocrx_word' id='word_1_456' title='bbox 2903 3834 3116 3888; x_wconf 91' lang='lat' dir='ltr'><strong>animus</strong></span> <span class='ocrx_word' id='word_1_457' title='bbox 3144 3840 3328 3888; x_wconf 91' lang='lat' dir='ltr'><strong>noster</strong></span> <span class='ocrx_word' id='word_1_458' title='bbox 3371 3846 3559 3902; x_wconf 84' lang='lat' dir='ltr'><strong>parere</strong></span> 
     </span>
    </p>
   </div>
   <div class='ocr_carea' id='block_1_60' title="bbox 1961 3924 3558 4004">
    <p class='ocr_par' dir='ltr' id='par_1_60' title="bbox 1961 3924 3558 4004">
     <span class='ocr_line' id='line_1_62' title="bbox 1961 3924 3558 4004; baseline -0.003 -21"><span class='ocrx_word' id='word_1_459' title='bbox 1961 3929 2121 3984; x_wconf 89' lang='lat' dir='ltr'><strong>solet.</strong></span> <span class='ocrx_word' id='word_1_460' title='bbox 2150 3929 2226 3984; x_wconf 89' lang='lat' dir='ltr'><strong>Ita</strong></span> <span class='ocrx_word' id='word_1_461' title='bbox 2252 3930 2296 3984; x_wconf 91' lang='lat' dir='ltr'><strong>si</strong></span> <span class='ocrx_word' id='word_1_462' title='bbox 2323 3929 2394 3984; x_wconf 90' lang='lat' dir='ltr'><strong>sit</strong></span> <span class='ocrx_word' id='word_1_463' title='bbox 2433 3929 2524 3983; x_wconf 90' lang='lat' dir='ltr'><strong>ille</strong></span> <span class='ocrx_word' id='word_1_464' title='bbox 2561 3926 2716 3982; x_wconf 91' lang='lat' dir='ltr'><strong>nobis</strong></span> <span class='ocrx_word' id='word_1_465' title='bbox 2761 3937 2906 4004; x_wconf 79' lang='lat' dir='ltr'><strong>recte</strong></span> <span class='ocrx_word' id='word_1_466' title='bbox 2947 3927 3307 3996; x_wconf 90' lang='lat' dir='ltr'><strong>compositus,</strong></span> <span class='ocrx_word' id='word_1_467' title='bbox 3351 3924 3558 3980; x_wconf 85' lang='lat' dir='ltr'><strong>etiamsi</strong></span> 
     </span>
    </p>
   </div>
   <div class='ocr_carea' id='block_1_61' title="bbox 1961 4017 3561 4092">
    <p class='ocr_par' dir='ltr' id='par_1_61' title="bbox 1961 4017 3561 4092">
     <span class='ocr_line' id='line_1_63' title="bbox 1961 4017 3561 4092; baseline -0.005 -16"><span class='ocrx_word' id='word_1_468' title='bbox 1961 4029 2231 4077; x_wconf 82' lang='lat' dir='ltr'><strong>sexcentae</strong></span> <span class='ocrx_word' id='word_1_469' title='bbox 2274 4019 2510 4092; x_wconf 89' lang='lat' dir='ltr'><strong>undique</strong></span> <span class='ocrx_word' id='word_1_470' title='bbox 2555 4026 2904 4090; x_wconf 82' lang='lat' dir='ltr'><strong>tempestates</strong></span> <span class='ocrx_word' id='word_1_471' title='bbox 2947 4019 3267 4083; x_wconf 76' lang='lat' dir='ltr'><strong>excitentur,</strong></span> <span class='ocrx_word' id='word_1_472' title='bbox 3316 4017 3369 4070; x_wconf 89' lang='lat' dir='ltr'><strong>in</strong></span> <span class='ocrx_word' id='word_1_473' title='bbox 3415 4026 3561 4069; x_wconf 77' lang='lat' dir='ltr'><strong>tran-</strong></span> 
     </span>
    </p>
   </div>
   <div class='ocr_carea' id='block_1_62' title="bbox 1961 4108 3557 4183">
    <p class='ocr_par' dir='ltr' id='par_1_62' title="bbox 1961 4108 3557 4183">
     <span class='ocr_line' id='line_1_64' title="bbox 1961 4108 3557 4183; baseline -0.003 -15"><span class='ocrx_word' id='word_1_474' title='bbox 1961 4114 2131 4183; x_wconf 88' lang='lat' dir='ltr'><strong>quillo</strong></span> <span class='ocrx_word' id='word_1_475' title='bbox 2158 4121 2216 4169; x_wconf 88' lang='lat' dir='ltr'><strong>et</strong></span> <span class='ocrx_word' id='word_1_476' title='bbox 2239 4113 2294 4168; x_wconf 90' lang='lat' dir='ltr'><strong>in</strong></span> <span class='ocrx_word' id='word_1_477' title='bbox 2326 4121 2480 4183; x_wconf 90' lang='lat' dir='ltr'><strong>portu</strong></span> <span class='ocrx_word' id='word_1_478' title='bbox 2519 4127 2736 4183; x_wconf 90' lang='lat' dir='ltr'><strong>semper</strong></span> <span class='ocrx_word' id='word_1_479' title='bbox 2779 4111 3124 4182; x_wconf 87' lang='lat' dir='ltr'><strong>quiescemus</strong></span> <span class='ocrx_word' id='word_1_480' title='bbox 3155 4126 3171 4167; x_wconf 87' lang='lat'><strong>:</strong></span> <span class='ocrx_word' id='word_1_481' title='bbox 3204 4108 3557 4180; x_wconf 85' lang='lat' dir='ltr'><strong>quemadmo-</strong></span> 
     </span>
    </p>
   </div>
   <div class='ocr_carea' id='block_1_63' title="bbox 1962 4198 3561 4266">
    <p class='ocr_par' dir='ltr' id='par_1_63' title="bbox 1962 4198 3561 4266">
     <span class='ocr_line' id='line_1_65' title="bbox 1962 4198 3561 4266; baseline -0.004 -8"><span class='ocrx_word' id='word_1_482' title='bbox 1962 4203 2090 4259; x_wconf 91' lang='lat' dir='ltr'><strong>dum</strong></span> <span class='ocrx_word' id='word_1_483' title='bbox 2119 4213 2306 4260; x_wconf 86' lang='lat' dir='ltr'><strong>contra</strong></span> <span class='ocrx_word' id='word_1_484' title='bbox 2343 4203 2390 4260; x_wconf 87' lang='lat' dir='ltr'><strong>si</strong></span> <span class='ocrx_word' id='word_1_485' title='bbox 2428 4219 2535 4258; x_wconf 94' lang='lat' dir='ltr'><strong>non</strong></span> <span class='ocrx_word' id='word_1_486' title='bbox 2581 4203 2650 4256; x_wconf 89' lang='lat' dir='ltr'><strong>sit</strong></span> <span class='ocrx_word' id='word_1_487' title='bbox 2693 4202 2830 4257; x_wconf 90' lang='lat' dir='ltr'><strong>bene</strong></span> <span class='ocrx_word' id='word_1_488' title='bbox 2859 4200 3080 4256; x_wconf 76' lang='lat' dir='ltr'><strong>affectus</strong></span> <span class='ocrx_word' id='word_1_489' title='bbox 3103 4241 3119 4266; x_wconf 90' lang='lat'><strong>,</strong></span> <span class='ocrx_word' id='word_1_490' title='bbox 3159 4199 3369 4256; x_wconf 86' lang='lat' dir='ltr'><strong>etiamsi</strong></span> <span class='ocrx_word' id='word_1_491' title='bbox 3406 4198 3561 4252; x_wconf 85' lang='lat' dir='ltr'><strong>nobis</strong></span> 
     </span>
    </p>
   </div>
   <div class='ocr_carea' id='block_1_64' title="bbox 1962 4291 3555 4364">
    <p class='ocr_par' dir='ltr' id='par_1_64' title="bbox 1962 4291 3555 4364">
     <span class='ocr_line' id='line_1_66' title="bbox 1962 4291 3555 4364; baseline -0.004 -14"><span class='ocrx_word' id='word_1_492' title='bbox 1962 4311 2052 4351; x_wconf 89' lang='lat' dir='ltr'><strong>res</strong></span> <span class='ocrx_word' id='word_1_493' title='bbox 2077 4296 2310 4353; x_wconf 88' lang='lat' dir='ltr'><strong>secundo</strong></span> <span class='ocrx_word' id='word_1_494' title='bbox 2339 4305 2500 4352; x_wconf 90' lang='lat' dir='ltr'><strong>vento</strong></span> <span class='ocrx_word' id='word_1_495' title='bbox 2522 4295 2780 4361; x_wconf 85' lang='lat' dir='ltr'><strong>ferantur,</strong></span> <span class='ocrx_word' id='word_1_496' title='bbox 2803 4292 3074 4363; x_wconf 82' lang='lat' dir='ltr'><strong>naufragis</strong></span> <span class='ocrx_word' id='word_1_497' title='bbox 3096 4293 3225 4364; x_wconf 90' lang='lat' dir='ltr'><strong>ipsis</strong></span> <span class='ocrx_word' id='word_1_498' title='bbox 3245 4291 3413 4347; x_wconf 86' lang='lat' dir='ltr'><strong>nihilo</strong></span> <span class='ocrx_word' id='word_1_499' title='bbox 3439 4305 3555 4345; x_wconf 89' lang='lat' dir='ltr'><strong>me-</strong></span> 
     </span>
    </p>
   </div>
   <div class='ocr_carea' id='block_1_65' title="bbox 1963 4383 3563 4454">
    <p class='ocr_par' dir='ltr' id='par_1_65' title="bbox 1963 4383 3563 4454">
     <span class='ocr_line' id='line_1_67' title="bbox 1963 4383 3563 4454; baseline -0.004 -13"><span class='ocrx_word' id='word_1_500' title='bbox 1963 4388 2068 4449; x_wconf 84' lang='lat' dir='ltr'><strong>lius</strong></span> <span class='ocrx_word' id='word_1_501' title='bbox 2097 4389 2326 4444; x_wconf 89' lang='lat' dir='ltr'><strong>erimus.</strong></span> <span class='ocrx_word' id='word_1_502' title='bbox 2354 4387 2507 4444; x_wconf 89' lang='lat' dir='ltr'><strong>Licct</strong></span> <span class='ocrx_word' id='word_1_503' title='bbox 2545 4397 2600 4442; x_wconf 90' lang='lat' dir='ltr'><strong>et</strong></span> <span class='ocrx_word' id='word_1_504' title='bbox 2631 4386 2733 4440; x_wconf 88' lang='lat' dir='ltr'><strong>hoc</strong></span> <span class='ocrx_word' id='word_1_505' title='bbox 2760 4387 2811 4440; x_wconf 90' lang='lat' dir='ltr'><strong>in</strong></span> <span class='ocrx_word' id='word_1_506' title='bbox 2840 4384 3156 4454; x_wconf 88' lang='lat' dir='ltr'><strong>corporibus</strong></span> <span class='ocrx_word' id='word_1_507' title='bbox 3181 4397 3402 4439; x_wconf 91' lang='lat' dir='ltr'><strong>cernere</strong></span> <span class='ocrx_word' id='word_1_508' title='bbox 3431 4399 3446 4439; x_wconf 88' lang='lat'><strong>:</strong></span> <span class='ocrx_word' id='word_1_509' title='bbox 3471 4383 3563 4452; x_wconf 91' lang='lat' dir='ltr'><strong>qui</strong></span> 
     </span>
    </p>
   </div>
   <div class='ocr_carea' id='block_1_66' title="bbox 1967 4466 3566 4548">
    <p class='ocr_par' dir='ltr' id='par_1_66' title="bbox 1967 4466 3566 4548">
     <span class='ocr_line' id='line_1_68' title="bbox 1967 4466 3566 4548; baseline -0.006 -12"><span class='ocrx_word' id='word_1_510' title='bbox 1967 4466 2113 4536; x_wconf 80' lang='lat' dir='ltr'><strong>enim</strong></span> <span class='ocrx_word' id='word_1_511' title='bbox 2159 4479 2382 4536; x_wconf 92' lang='lat' dir='ltr'><strong>robusto</strong></span> <span class='ocrx_word' id='word_1_512' title='bbox 2425 4488 2508 4534; x_wconf 88' lang='lat' dir='ltr'><strong>est</strong></span> <span class='ocrx_word' id='word_1_513' title='bbox 2550 4478 2791 4548; x_wconf 86' lang='lat' dir='ltr'><strong>corporis</strong></span> <span class='ocrx_word' id='word_1_514' title='bbox 2832 4484 3252 4548; x_wconf 86' lang='lat' dir='ltr'><strong>temperamento</strong></span> <span class='ocrx_word' id='word_1_515' title='bbox 3276 4516 3292 4542; x_wconf 91' lang='lat'><strong>,</strong></span> <span class='ocrx_word' id='word_1_516' title='bbox 3319 4474 3566 4545; x_wconf 81' lang='lat' dir='ltr'><strong>quamvis</strong></span> 
     </span>
    </p>
   </div>
   <div class='ocr_carea' id='block_1_67' title="bbox 1967 4567 3562 4642">
    <p class='ocr_par' dir='ltr' id='par_1_67' title="bbox 1967 4567 3562 4642">
     <span class='ocr_line' id='line_1_69' title="bbox 1967 4567 3562 4642; baseline -0.006 -14"><span class='ocrx_word' id='word_1_517' title='bbox 1967 4581 2086 4628; x_wconf 62' lang='lat' dir='ltr'><strong>sum</strong></span> <span class='ocrx_word' id='word_1_518' title='bbox 2134 4571 2436 4642; x_wconf 72' lang='lat' dir='ltr'><strong>inmquahili</strong></span> <span class='ocrx_word' id='word_1_519' title='bbox 2479 4570 2622 4626; x_wconf 90' lang='lat' dir='ltr'><strong>aeris</strong></span> <span class='ocrx_word' id='word_1_520' title='bbox 2672 4569 2930 4625; x_wconf 85' lang='lat' dir='ltr'><strong>varietate</strong></span> <span class='ocrx_word' id='word_1_521' title='bbox 2977 4567 3278 4623; x_wconf 88' lang='lat' dir='ltr'><strong>sexcenties</strong></span> <span class='ocrx_word' id='word_1_522' title='bbox 3332 4575 3562 4635; x_wconf 79' lang='lat' dir='ltr'><strong>pugnet,</strong></span> 
     </span>
    </p>
   </div>
   <div class='ocr_carea' id='block_1_68' title="bbox 1965 4657 3562 4732">
    <p class='ocr_par' dir='ltr' id='par_1_68' title="bbox 1965 4657 3562 4732">
     <span class='ocr_line' id='line_1_70' title="bbox 1965 4657 3562 4732; baseline -0.005 -14"><span class='ocrx_word' id='word_1_523' title='bbox 1965 4677 2074 4719; x_wconf 87' lang='lat' dir='ltr'><strong>non</strong></span> <span class='ocrx_word' id='word_1_524' title='bbox 2099 4662 2261 4718; x_wconf 90' lang='lat' dir='ltr'><strong>modo</strong></span> <span class='ocrx_word' id='word_1_525' title='bbox 2287 4662 2422 4719; x_wconf 91' lang='lat' dir='ltr'><strong>nihil</strong></span> <span class='ocrx_word' id='word_1_526' title='bbox 2442 4662 2568 4716; x_wconf 91' lang='lat' dir='ltr'><strong>mali</strong></span> <span class='ocrx_word' id='word_1_527' title='bbox 2596 4662 2848 4732; x_wconf 88' lang='lat' dir='ltr'><strong>patietur,</strong></span> <span class='ocrx_word' id='word_1_528' title='bbox 2870 4659 2964 4715; x_wconf 87' lang='lat' dir='ltr'><strong>sed</strong></span> <span class='ocrx_word' id='word_1_529' title='bbox 2993 4660 3153 4714; x_wconf 88' lang='lat' dir='ltr'><strong>etiam</strong></span> <span class='ocrx_word' id='word_1_530' title='bbox 3175 4657 3562 4714; x_wconf 79' lang='lat' dir='ltr'><strong>exercitatione</strong></span> 
     </span>
    </p>
   </div>
   <div class='ocr_carea' id='block_1_69' title="bbox 1968 4751 3568 4826">
    <p class='ocr_par' dir='ltr' id='par_1_69' title="bbox 1968 4751 3568 4826">
     <span class='ocr_line' id='line_1_71' title="bbox 1968 4751 3568 4826; baseline -0.004 -15"><span class='ocrx_word' id='word_1_531' title='bbox 1968 4763 2023 4811; x_wconf 90' lang='lat' dir='ltr'><strong>et</strong></span> <span class='ocrx_word' id='word_1_532' title='bbox 2052 4756 2389 4826; x_wconf 87' lang='lat' dir='ltr'><strong>intemperiei</strong></span> <span class='ocrx_word' id='word_1_533' title='bbox 2427 4755 2814 4812; x_wconf 89' lang='lat' dir='ltr'><strong>consuetudine</strong></span> <span class='ocrx_word' id='word_1_534' title='bbox 2839 4754 3204 4809; x_wconf 84' lang='lat' dir='ltr'><strong>accessionem</strong></span> <span class='ocrx_word' id='word_1_535' title='bbox 3240 4751 3452 4806; x_wconf 87' lang='lat' dir='ltr'><strong>roboris</strong></span> <span class='ocrx_word' id='word_1_536' title='bbox 3479 4767 3568 4806; x_wconf 56' lang='lat' dir='ltr'><strong>ac.</strong></span> 
     </span>
    </p>
   </div>
   <div class='ocr_carea' id='block_1_70' title="bbox 1969 4843 3568 4916">
    <p class='ocr_par' dir='ltr' id='par_1_70' title="bbox 1969 4843 3568 4916">
     <span class='ocr_line' id='line_1_72' title="bbox 1969 4843 3568 4916; baseline -0.004 -14"><span class='ocrx_word' id='word_1_537' title='bbox 1969 4846 2130 4916; x_wconf 90' lang='lat' dir='ltr'><strong>cipiet</strong></span> <span class='ocrx_word' id='word_1_538' title='bbox 2161 4863 2175 4902; x_wconf 91' lang='lat'>:</span> <span class='ocrx_word' id='word_1_539' title='bbox 2205 4845 2287 4901; x_wconf 91' lang='lat' dir='ltr'><strong>sin</strong></span> <span class='ocrx_word' id='word_1_540' title='bbox 2319 4845 2643 4901; x_wconf 87' lang='lat' dir='ltr'><strong>imbecillum</strong></span> <span class='ocrx_word' id='word_1_541' title='bbox 2671 4855 2724 4901; x_wconf 92' lang='lat' dir='ltr'><strong>et</strong></span> <span class='ocrx_word' id='word_1_542' title='bbox 2747 4845 2946 4916; x_wconf 81' lang='lat' dir='ltr'><strong>gracile</strong></span> <span class='ocrx_word' id='word_1_543' title='bbox 2969 4859 3164 4914; x_wconf 85' lang='lat' dir='ltr'><strong>corpus</strong></span> <span class='ocrx_word' id='word_1_544' title='bbox 3190 4843 3402 4908; x_wconf 85' lang='lat' dir='ltr'><strong>habeat,</strong></span> <span class='ocrx_word' id='word_1_545' title='bbox 3437 4843 3568 4898; x_wconf 77' lang='lat' dir='ltr'><strong>lit-et</strong></span> 
     </span>
    </p>
   </div>
   <div class='ocr_carea' id='block_1_71' title="bbox 1970 4935 3571 5008">
    <p class='ocr_par' dir='ltr' id='par_1_71' title="bbox 1970 4935 3571 5008">
     <span class='ocr_line' id='line_1_73' title="bbox 1970 4935 3571 5008; baseline -0.003 -13"><span class='ocrx_word' id='word_1_546' title='bbox 1970 4939 2170 4995; x_wconf 88' lang='lat' dir='ltr'><strong>ontima</strong></span> <span class='ocrx_word' id='word_1_547' title='bbox 2215 4947 2592 5008; x_wconf 84' lang='lat' dir='ltr'><strong>tempestatum</strong></span> <span class='ocrx_word' id='word_1_548' title='bbox 2636 4937 2940 4992; x_wconf 88' lang='lat' dir='ltr'><strong>conditione</strong></span> <span class='ocrx_word' id='word_1_549' title='bbox 2994 4937 3221 5001; x_wconf 76' lang='lat' dir='ltr'><strong>fruatur,</strong></span> <span class='ocrx_word' id='word_1_550' title='bbox 3269 4935 3400 4991; x_wconf 89' lang='lat' dir='ltr'><strong>nihil</strong></span> <span class='ocrx_word' id='word_1_551' title='bbox 3442 4935 3571 4990; x_wconf 79' lang='lat' dir='ltr'><strong>hinc</strong></span> 
     </span>
    </p>
   </div>
   <div class='ocr_carea' id='block_1_72' title="bbox 1972 5029 3566 5100">
    <p class='ocr_par' dir='ltr' id='par_1_72' title="bbox 1972 5029 3566 5100">
     <span class='ocr_line' id='line_1_74' title="bbox 1972 5029 3566 5100; baseline -0.003 -14"><span class='ocrx_word' id='word_1_552' title='bbox 1972 5031 2241 5086; x_wconf 90' lang='lat' dir='ltr'><strong>commodi</strong></span> <span class='ocrx_word' id='word_1_553' title='bbox 2290 5030 2548 5097; x_wconf 88' lang='lat' dir='ltr'><strong>accedet,</strong></span> <span class='ocrx_word' id='word_1_554' title='bbox 2599 5045 2717 5085; x_wconf 92' lang='lat' dir='ltr'><strong>cum</strong></span> <span class='ocrx_word' id='word_1_555' title='bbox 2767 5030 2978 5100; x_wconf 89' lang='lat' dir='ltr'><strong>propria</strong></span> <span class='ocrx_word' id='word_1_556' title='bbox 3035 5029 3372 5085; x_wconf 88' lang='lat' dir='ltr'><strong>imbecillitas</strong></span> <span class='ocrx_word' id='word_1_557' title='bbox 3425 5030 3566 5084; x_wconf 84' lang='lat' dir='ltr'><strong>bona</strong></span> 
     </span>
    </p>
   </div>
   <div class='ocr_carea' id='block_1_73' title="bbox 1975 5122 3566 5194">
    <p class='ocr_par' dir='ltr' id='par_1_73' title="bbox 1975 5122 3566 5194">
     <span class='ocr_line' id='line_1_75' title="bbox 1975 5122 3566 5194; baseline -0.004 -14"><span class='ocrx_word' id='word_1_558' title='bbox 1975 5134 2350 5194; x_wconf 87' lang='lat' dir='ltr'><strong>tempestatum</strong></span> <span class='ocrx_word' id='word_1_559' title='bbox 2384 5125 2592 5181; x_wconf 88' lang='lat' dir='ltr'><strong>ratione</strong></span> <span class='ocrx_word' id='word_1_560' title='bbox 2621 5122 2866 5178; x_wconf 64' lang='lat' dir='ltr'><strong>lzedatur.</strong></span> <span class='ocrx_word' id='word_1_561' title='bbox 2899 5123 3012 5178; x_wconf 90' lang='lat' dir='ltr'><strong>lloc</strong></span> <span class='ocrx_word' id='word_1_562' title='bbox 3046 5123 3221 5192; x_wconf 90' lang='lat' dir='ltr'><strong>ipsum</strong></span> <span class='ocrx_word' id='word_1_563' title='bbox 3257 5133 3312 5177; x_wconf 91' lang='lat' dir='ltr'><strong>et</strong></span> <span class='ocrx_word' id='word_1_564' title='bbox 3339 5123 3390 5176; x_wconf 90' lang='lat' dir='ltr'><strong>in</strong></span> <span class='ocrx_word' id='word_1_565' title='bbox 3429 5122 3566 5176; x_wconf 69' lang='lat' dir='ltr'><strong>ciliis</strong></span> 
     </span>
    </p>
   </div>
   <div class='ocr_carea' id='block_1_74' title="bbox 1973 5215 3562 5288">
    <p class='ocr_par' dir='ltr' id='par_1_74' title="bbox 1973 5215 3562 5288">
     <span class='ocr_line' id='line_1_76' title="bbox 1973 5215 3562 5288; baseline -0.006 -15"><span class='ocrx_word' id='word_1_566' title='bbox 1973 5217 2276 5287; x_wconf 85' lang='lat' dir='ltr'><strong>cernimus;</strong></span> <span class='ocrx_word' id='word_1_567' title='bbox 2309 5217 2522 5288; x_wconf 89' lang='lat' dir='ltr'><strong>quando</strong></span> <span class='ocrx_word' id='word_1_568' title='bbox 2546 5216 2689 5272; x_wconf 88' lang='lat' dir='ltr'><strong>enim</strong></span> <span class='ocrx_word' id='word_1_569' title='bbox 2715 5215 2925 5270; x_wconf 89' lang='lat' dir='ltr'><strong>validus</strong></span> <span class='ocrx_word' id='word_1_570' title='bbox 2947 5217 3232 5284; x_wconf 87' lang='lat' dir='ltr'><strong>firmusque</strong></span> <span class='ocrx_word' id='word_1_571' title='bbox 3256 5220 3439 5268; x_wconf 84' lang='lat' dir='ltr'><strong>venter</strong></span> <span class='ocrx_word' id='word_1_572' title='bbox 3458 5223 3562 5275; x_wconf 83' lang='lat' dir='ltr'><strong>est,</strong></span> 
     </span>
    </p>
   </div>
   <div class='ocr_carea' id='block_1_75' title="bbox 1979 5305 3562 5380">
    <p class='ocr_par' dir='ltr' id='par_1_75' title="bbox 1979 5305 3562 5380">
     <span class='ocr_line' id='line_1_77' title="bbox 1979 5305 3562 5380; baseline -0.004 -19"><span class='ocrx_word' id='word_1_573' title='bbox 1979 5308 2350 5380; x_wconf 88' lang='lat' dir='ltr'><strong>quodcumque</strong></span> <span class='ocrx_word' id='word_1_574' title='bbox 2391 5309 2722 5378; x_wconf 86' lang='lat' dir='ltr'><strong>susceperit,</strong></span> <span class='ocrx_word' id='word_1_575' title='bbox 2760 5308 3100 5378; x_wconf 87' lang='lat' dir='ltr'><strong>quantumvis</strong></span> <span class='ocrx_word' id='word_1_576' title='bbox 3128 5305 3350 5367; x_wconf 92' lang='lat' dir='ltr'><strong>durum,</strong></span> <span class='ocrx_word' id='word_1_577' title='bbox 3389 5316 3562 5370; x_wconf 90' lang='lat' dir='ltr'><strong>quau-</strong></span> 
     </span>
    </p>
   </div>
   <div class='ocr_carea' id='block_1_76' title="bbox 1980 5391 3564 5472">
    <p class='ocr_par' dir='ltr' id='par_1_76' title="bbox 1980 5391 3564 5472">
     <span class='ocr_line' id='line_1_78' title="bbox 1980 5391 3564 5472; baseline -0.006 -16"><span class='ocrx_word' id='word_1_578' title='bbox 1980 5402 2174 5456; x_wconf 89' lang='lat' dir='ltr'><strong>tumvis</strong></span> <span class='ocrx_word' id='word_1_579' title='bbox 2199 5400 2266 5456; x_wconf 87' lang='lat' dir='ltr'><strong>ad</strong></span> <span class='ocrx_word' id='word_1_580' title='bbox 2291 5400 2730 5472; x_wconf 88' lang='lat' dir='ltr'><strong>concoquendum</strong></span> <span class='ocrx_word' id='word_1_581' title='bbox 2755 5399 2974 5454; x_wconf 86' lang='lat' dir='ltr'><strong>difficile</strong></span> <span class='ocrx_word' id='word_1_582' title='bbox 3001 5397 3090 5459; x_wconf 88' lang='lat' dir='ltr'><strong>sit,</strong></span> <span class='ocrx_word' id='word_1_583' title='bbox 3123 5395 3175 5448; x_wconf 91' lang='lat' dir='ltr'><strong>in</strong></span> <span class='ocrx_word' id='word_1_584' title='bbox 3210 5408 3396 5462; x_wconf 87' lang='lat' dir='ltr'><strong>purum</strong></span> <span class='ocrx_word' id='word_1_585' title='bbox 3433 5391 3564 5447; x_wconf 88' lang='lat' dir='ltr'><strong>illud</strong></span> 
     </span>
    </p>
   </div>
   <div class='ocr_carea' id='block_1_77' title="bbox 1979 5483 3566 5558">
    <p class='ocr_par' dir='ltr' id='par_1_77' title="bbox 1979 5483 3566 5558">
     <span class='ocr_line' id='line_1_79' title="bbox 1979 5483 3566 5558; baseline -0.007 -11"><span class='ocrx_word' id='word_1_586' title='bbox 1979 5507 2194 5548; x_wconf 88' lang='lat' dir='ltr'><strong>succum</strong></span> <span class='ocrx_word' id='word_1_587' title='bbox 2223 5492 2508 5556; x_wconf 88' lang='lat' dir='ltr'><strong>convertit,</strong></span> <span class='ocrx_word' id='word_1_588' title='bbox 2538 5489 2767 5546; x_wconf 87' lang='lat' dir='ltr'><strong>naturali</strong></span> <span class='ocrx_word' id='word_1_589' title='bbox 2794 5487 3177 5558; x_wconf 87' lang='lat' dir='ltr'><strong>temperatione</strong></span> <span class='ocrx_word' id='word_1_590' title='bbox 3204 5483 3308 5538; x_wconf 88' lang='lat' dir='ltr'><strong>cibi</strong></span> <span class='ocrx_word' id='word_1_591' title='bbox 3336 5483 3566 5554; x_wconf 74' lang='lat' dir='ltr'><strong>pravita-</strong></span> 
     </span>
    </p>
   </div>
   <div class='ocr_carea' id='block_1_78' title="bbox 1979 5575 3566 5653">
    <p class='ocr_par' dir='ltr' id='par_1_78' title="bbox 1979 5575 3566 5653">
     <span class='ocr_line' id='line_1_80' title="bbox 1979 5575 3566 5653; baseline -0.005 -16"><span class='ocrx_word' id='word_1_592' title='bbox 1979 5593 2088 5639; x_wconf 85' lang='lat' dir='ltr'><strong>tem</strong></span> <span class='ocrx_word' id='word_1_593' title='bbox 2116 5591 2400 5653; x_wconf 86' lang='lat' dir='ltr'><strong>superante</strong></span> <span class='ocrx_word' id='word_1_594' title='bbox 2431 5599 2444 5636; x_wconf 88' lang='lat'><strong>:</strong></span> <span class='ocrx_word' id='word_1_595' title='bbox 2475 5579 2688 5652; x_wconf 89' lang='lat' dir='ltr'><strong>quando</strong></span> <span class='ocrx_word' id='word_1_596' title='bbox 2710 5588 2887 5635; x_wconf 90' lang='lat' dir='ltr'><strong>autem</strong></span> <span class='ocrx_word' id='word_1_597' title='bbox 2920 5577 3000 5631; x_wconf 89' lang='lat' dir='ltr'><strong>vis</strong></span> <span class='ocrx_word' id='word_1_598' title='bbox 3020 5575 3137 5644; x_wconf 87' lang='lat' dir='ltr'><strong>ejus</strong></span> <span class='ocrx_word' id='word_1_599' title='bbox 3161 5575 3332 5630; x_wconf 89' lang='lat' dir='ltr'><strong>soluta</strong></span> <span class='ocrx_word' id='word_1_600' title='bbox 3363 5575 3566 5628; x_wconf 71' lang='lat' dir='ltr'><strong>mullis—</strong></span> 
     </span>
    </p>
   </div>
   <div class='ocr_carea' id='block_1_79' title="bbox 1977 5666 3561 5747">
    <p class='ocr_par' dir='ltr' id='par_1_79' title="bbox 1977 5666 3561 5747">
     <span class='ocr_line' id='line_1_81' title="bbox 1977 5666 3561 5747; baseline -0.005 -14"><span class='ocrx_word' id='word_1_601' title='bbox 1977 5692 2084 5744; x_wconf 57' lang='lat' dir='ltr'><strong>quc</strong></span> <span class='ocrx_word' id='word_1_602' title='bbox 2109 5690 2210 5740; x_wconf 69' lang='grc' dir='ltr'><strong>ρει,</strong></span> <span class='ocrx_word' id='word_1_603' title='bbox 2242 5676 2365 5733; x_wconf 89' lang='lat' dir='ltr'><strong>licet</strong></span> <span class='ocrx_word' id='word_1_604' title='bbox 2391 5675 2490 5747; x_wconf 59' lang='lat' dir='ltr'><strong>ipsi</strong></span> <span class='ocrx_word' id='word_1_605' title='bbox 2513 5673 2688 5731; x_wconf 91' lang='lat' dir='ltr'><strong>cibum</strong></span> <span class='ocrx_word' id='word_1_606' title='bbox 2714 5667 3328 5728; x_wconf 75' lang='lat' dir='ltr'><strong>maximcsucculentum</strong></span> <span class='ocrx_word' id='word_1_607' title='bbox 3351 5666 3561 5725; x_wconf 67' lang='lat' dir='ltr'><strong>oderas.</strong></span> 
     </span>
    </p>
   </div>
  </div>
