4080 6198
535 260 631 315 7.5!

532 375 586 431 in
623 389 908 447 pessimum
936 373 1086 430 illum
1115 376 1409 426 commutat
1436 375 1594 436 atque
1623 361 1937 430 corrumpit,
1963 359 2129 412 imbe-

539 470 757 524 cillitate
782 468 898 538 ejus
929 467 1035 520 vim
1064 463 1169 519 cibi
1194 460 1566 516 labefactante.
1597 457 1780 527 Itaque
1809 465 1865 509 et
1889 469 1986 509 nos
2007 467 2126 508 cum

539 561 782 615 videmus
806 573 893 613 res
919 554 1296 625 incompositas
1316 595 1332 618 ,
1363 567 1432 606 ne
1462 552 1628 606 Deum
1655 550 1964 620 culpemus,
1993 546 2128 602 dile-

539 652 648 706 cti:
683 649 814 704 illud
840 648 985 704 enim
1015 661 1122 702 non
1157 653 1242 701 est
1280 643 1576 700 remedium
1619 642 1860 698 invenire
1889 639 2125 705 vulneri,

541 743 634 798 sed
663 742 854 796 vulnus
873 740 1073 795 addere
1098 737 1326 793 vulneri.
1352 736 1430 791 Ne
1459 735 1790 790 dmmonibus
1819 733 1998 788 mundi
2030 732 2128 786 ad-

542 833 986 887 ministrationem
1025 831 1407 895 attribuamus,
1443 843 1510 884 ne
1537 828 1819 898 praesentia
1863 826 1977 880 sine
2004 840 2128 894 pro-

538 924 770 979 videntia
808 921 923 994 geri
970 933 1249 993 putemus,
1285 937 1350 976 ne
1378 921 1587 992 genesis
1624 919 1900 989 cujusdam
1944 927 1999 972 et
2039 917 2128 971 fati

540 1015 880 1086 tyrannidem
906 1016 999 1070 Dei
1030 1014 1379 1086 providentia:
1409 1029 1509 1068 ceu
1541 1027 1752 1067 murum
1795 1011 2080 1067 olferamus
2111 1026 2126 1062 :

539 1108 656 1163 haec
677 1109 820 1163 enim
848 1108 1027 1164 omnia
1057 1105 1403 1177 blasphemiae
1429 1105 1584 1175 plena
1606 1112 1750 1170 sunt,
1782 1113 1836 1158 et
1860 1117 1986 1157 vere
2011 1116 2132 1170 pcr-

542 1199 773 1254 turbatio
812 1207 868 1254 et
911 1199 1152 1254 confusio
1197 1213 1303 1252 non
1344 1199 1397 1252 iu
1426 1212 1603 1251 rerum
1635 1195 1778 1249 [luxu
1805 1201 1922 1258 est,
1952 1192 2044 1248 sed
2077 1193 2129 1246 in

540 1289 721 1344 animo
752 1289 824 1343 ita
854 1288 1075 1354 affecto;
1114 1288 1204 1359 qui
1230 1287 1438 1343 etiamsi
1468 1287 1610 1341 bono
1632 1285 1820 1340 ordine
1839 1293 1893 1339 et
1914 1299 2132 1352 compo-

541 1381 737 1436 sitionc
763 1398 940 1438 rerum
970 1381 1164 1437 millies
1193 1381 1425 1445 fruatur,
1449 1380 1621 1435 donec
1648 1379 1703 1434 in
1745 1379 1924 1447 seipso
1945 1377 2131 1432 confu-

540 1476 745 1530 sionem
774 1477 916 1530 illam
944 1483 1102 1545 atque
1128 1474 1580 1545 perturbationem
1611 1470 1993 1536 emendaverit,
2024 1485 2128 1524 non

541 1568 736 1638 poterit
760 1567 827 1622 de
857 1567 945 1621 illa
977 1582 1155 1622 rerum
1187 1566 1566 1636 tranquillitate
1587 1565 1848 1635 gaudere;
1873 1560 1966 1618 sed
1993 1566 2130 1617 sicut

542 1659 730 1714 oculus
752 1674 893 1728 aeger
922 1662 1087 1713 etiam
1131 1659 1342 1713 lucente
1380 1656 1605 1712 meridie
1645 1655 1890 1711 tenebras
1931 1663 1985 1708 et
2029 1655 2128 1706 alia

543 1766 642 1821 pro
669 1752 788 1806 aliis
811 1751 1042 1816 videbit,
1077 1767 1176 1807 nec
1204 1751 1368 1806 radiis
1397 1750 1626 1817 fruetur,
1652 1763 1814 1804 sanus
1847 1755 2024 1802 autem
2068 1761 2130 1800 ac

542 1843 727 1898 firmus
755 1844 913 1898 etiam
944 1857 1167 1913 vespere
1195 1842 1406 1914 [poterit
1448 1855 1642 1912 corpus
1678 1855 1798 1895 cum
1843 1839 2130 1895 securitate

543 1935 739 1991 ducere
769 1954 783 1990 :
813 1937 890 1991 sic
927 1945 983 1991 et
1028 1935 1221 1991 mentis
1252 1944 1449 1990 nostra:
1485 1935 1669 1989 oculus
1691 1973 1708 1999 ,
1739 1932 1910 1986 donec
1946 1931 2131 1984 firmus

542 2029 664 2094 erit,
694 2045 782 2083 res
806 2029 964 2084 etiam
996 2028 1131 2093 illas,
1158 2043 1276 2097 quae
1301 2026 1534 2082 confusae
1563 2032 1820 2095 apparent
1839 2064 1853 2088 ,
1883 2030 2029 2078 recte
2054 2023 2133 2076 vi-

542 2120 724 2186 debit;
773 2121 1089 2190 depravatus
1128 2099 1343 2185 autem,
1383 2117 1628 2190 quamvis
1666 2133 1786 2172 cum
1842 2115 1895 2170 in
1957 2115 2128 2184 ipsmu

541 2214 728 2267 caelum
755 2213 991 2277 attollas,
1025 2211 1248 2266 multam
1278 2211 1350 2266 ibi
1380 2209 1836 2280 perturbationem
1863 2215 1916 2260 et
1944 2205 2133 2260 Confu-

543 2303 749 2358 sioucm
771 2302 1159 2372 deprehendet.
1182 2301 1332 2367 Quod
1355 2309 1535 2355 autem
1563 2300 1678 2354 haec
1697 2300 1769 2352 ita
1796 2313 1854 2352 se
1877 2296 2127 2360 habeant,

545 2394 725 2448 multis
765 2394 860 2447 tibi
909 2409 1030 2448 cum
1061 2402 1324 2457 veterum,
1360 2400 1468 2446 tum
1511 2390 1612 2446 aevi
1659 2389 1830 2444 nostri
1867 2386 2131 2456 exemplis

541 2484 940 2540 demonstrabo.
957 2485 1096 2552 Quot
1115 2493 1476 2556 paupertatem
1496 2482 1652 2538 facile
1670 2483 1864 2548 ferunt,
1888 2489 2132 2550 propter-

541 2593 707 2649 eaque
738 2579 844 2633 Deo
887 2578 1082 2649 gratias
1121 2591 1280 2648 agere
1325 2593 1430 2632 non
1474 2577 1724 2633 cessant?
1767 2585 1897 2649 quot
1933 2574 2131 2630 divitiis

541 2673 852 2744 deliciisque
900 2672 1134 2728 fruentes
1163 2673 1274 2728 Deo
1303 2688 1411 2727 non
1438 2674 1636 2743 gratias
1661 2681 1858 2743 agunt,
1892 2671 1986 2729 sed
2027 2671 2131 2739 ipsi

541 2767 898 2823 maledicunt?
921 2775 1050 2836 quot
1078 2766 1210 2822 nihil
1240 2780 1403 2836 grave
1427 2765 1570 2836 passi
1601 2765 1956 2820 universalem
1986 2763 2130 2818 illam

541 2859 929 2929 providentiam
970 2859 1270 2915 accusant?
1307 2869 1438 2929 quot
1467 2859 1520 2913 in
1549 2874 1768 2914 carcere
1812 2857 1956 2912 omni
1999 2866 2131 2912 tem-

543 2966 676 3020 pore
702 2950 991 3020 degentes,
1028 2949 1169 3006 hanc
1197 2951 1468 3006 miseriam
1494 2951 1702 3022 gratius
1725 2951 1938 3014 ferunt,
1971 2964 2130 3019 quam

541 3041 577 3096 ii
603 3045 690 3111 qui
720 3043 774 3096 in
805 3041 1053 3098 libertate
1077 3051 1132 3097 et
1165 3043 1457 3098 securitate
1493 3042 1658 3097 vitam
1702 3041 1938 3114 ducunt?
1971 3040 2130 3095 Vides

540 3132 733 3186 animas
775 3141 1006 3199 statum,
1054 3142 1108 3188 et
1157 3133 1428 3203 propriam
1476 3134 1736 3204 cujusque
1776 3145 2044 3200 mentem,
2077 3142 2131 3188 et

542 3223 732 3278 horum
760 3233 814 3278 et
841 3224 1054 3279 illorum
1081 3239 1296 3280 causam
1321 3240 1442 3281 esse
1459 3267 1474 3294 ,
1498 3241 1606 3280 non
1643 3235 1819 3280 autem
1846 3225 2015 3295 ipsam
2041 3241 2130 3281 re-

541 3331 660 3373 rum
690 3327 955 3372 naturam.
989 3317 1170 3388 itaque
1198 3319 1244 3373 si
1278 3319 1442 3374 animi
1479 3319 1646 3374 nostri
1677 3333 1860 3373 curam
1901 3319 2130 3375 habere-

542 3424 698 3478 mus,
742 3409 874 3464 nihil
915 3410 1362 3480 perturbationis,
1409 3410 1543 3466 nihil
1587 3409 1944 3476 confusionis,
1996 3411 2129 3466 nihil

541 3517 706 3574 grave
731 3511 902 3571 esset,
931 3503 1140 3558 etiamsi
1170 3503 1357 3574 euripo
1386 3503 1572 3573 quovis
1610 3502 1981 3558 vehementius
2007 3504 2130 3558 vitae

542 3605 740 3652 nostra:
784 3611 871 3651 res
913 3611 1005 3651 sus
1049 3595 1221 3666 deque
1263 3596 1546 3651 ferrentur.
1571 3595 1678 3651 Cur
1707 3596 1882 3663 enim,
1911 3612 2092 3666 quarso
2113 3636 2127 3662 ,

542 3689 740 3745 Paulus
780 3690 976 3761 gratias
1022 3690 1167 3761 agit?
1207 3690 1368 3762 Atqui
1399 3690 1445 3746 is
1471 3705 1502 3745 e
1533 3695 1758 3746 numero
1801 3703 1986 3744 eorum
2012 3697 2126 3756 est,

542 3781 634 3851 qui
673 3783 873 3850 optimc
901 3783 1188 3850 vixerunt,
1218 3791 1273 3837 et
1301 3782 1550 3836 virtutem
1588 3789 1700 3836 toto
1741 3781 1862 3837 vita:
1889 3789 2131 3851 tempore

541 3873 730 3928 sectati
753 3883 897 3940 sunt,
918 3881 972 3930 et
991 3873 1211 3930 minime
1231 3874 1409 3944 gravia
1430 3872 1732 3943 hujusmodi
1753 3872 2085 3943 pertulerunt
2112 3889 2127 3926 :

543 3980 704 4020 nemo
733 3981 799 4020 ex
827 3965 1096 4033 omnibus,
1119 3967 1209 4037 qui
1239 3966 1406 4020 solem
1426 3963 1806 4035 adspexerunt,
1831 3965 1918 4020 vel
1940 3965 2132 4034 justior

543 4057 636 4111 illo
665 4057 782 4124 fuit,
815 4057 898 4112 vel
924 4058 1195 4128 asperiora
1225 4072 1385 4127 quam
1416 4056 1507 4112 ille
1534 4070 1725 4126 passus
1749 4065 1850 4112 est.
1878 4059 2129 4111 Attamen

542 4164 664 4203 cum
687 4149 891 4206 videret
909 4150 1106 4206 multos
1131 4151 1186 4205 in
1211 4149 1446 4220 nequitia
1470 4149 1710 4205 viventes
1736 4148 1859 4205 lmto
1879 4163 1999 4205 esse
2018 4149 2133 4204 ani-

544 4257 634 4298 mo
657 4285 671 4308 ,
700 4259 763 4299 ac
799 4245 1155 4315 prmsentibus
1184 4243 1288 4301 frui
1318 4245 1564 4315 pecuniis
1587 4284 1604 4313 ,
1635 4245 1832 4316 gratias
1861 4247 1976 4317 ipse
2019 4246 2132 4301 Deo

544 4335 755 4405 agebat,
784 4344 838 4391 et
863 4336 995 4392 alios
1023 4346 1080 4392 ut
1102 4338 1245 4393 idem
1267 4337 1510 4394 facerent
1527 4336 1958 4393 hortabatur.Ad
1979 4337 2128 4392 illum

545 4427 814 4496 respicite.
843 4428 909 4483 Et
939 4438 994 4483 tu
1021 4443 1144 4484 cum
1171 4428 1368 4486 videris
1413 4429 1717 4501 improbum
1754 4429 1876 4485 lmto
1919 4429 2129 4496 animo,

545 4516 745 4572 elatum
766 4559 781 4584 ,
809 4532 929 4572 cum
962 4518 1163 4575 videris
1192 4519 1436 4576 iuimlcos
1465 4529 1890 4592 prosternentem
1912 4562 1927 4588 ,
1960 4517 2132 4576 mole-

544 4618 658 4664 stos
677 4609 779 4664 sibi
799 4609 1042 4666 homines
1065 4611 1428 4677 ulciscentem,
1453 4612 1581 4668 nulli
1603 4613 1890 4668 obnoxium
1913 4611 2129 4691 damno,

547 4701 1042 4760 circumuentibus
1066 4703 1303 4776 undique
1325 4705 1544 4772 divitiis,
1567 4705 1852 4762 clientibus
1873 4713 1926 4760 et
1944 4703 2133 4760 adula-

547 4795 756 4850 toribus
783 4795 1033 4866 stipatum
1055 4838 1070 4863 ,
1097 4804 1150 4852 te
1179 4811 1306 4852 vero
1331 4797 1381 4852 in
1405 4806 1545 4852 statu
1575 4811 1795 4867 prorsus
1828 4797 2129 4864 contrario,

545 4886 827 4953 molestiis,
854 4888 1239 4960 sycophantiis,
1269 4889 1476 4944 insidiis
1505 4889 1802 4957 obsessum,
1827 4903 1956 4944 cave
1977 4895 2132 4959 putes

544 4991 665 5034 esse
703 4988 756 5035 te
792 4995 858 5034 ex
897 4980 1224 5048 abjectorum
1264 4995 1517 5046 numero;
1565 4979 1657 5036 sed
1699 4980 1918 5035 Paulum
1947 4979 2132 5036 videns

543 5071 732 5128 eadem
777 5073 829 5126 in
873 5081 1021 5143 parte
1066 5081 1370 5130 versantem
1395 5115 1410 5141 ,
1445 5073 1593 5145 erige
1632 5074 1865 5129 animum
1891 5116 1906 5140 ,
1939 5088 2132 5130 revoca

545 5164 894 5236 cogitationes
914 5207 930 5234 ,
965 5180 1032 5221 ne
1058 5181 1168 5236 pra:
1196 5181 1426 5221 moerere
1455 5166 1690 5222 decidas.
1733 5167 1976 5222 Amicum
2021 5167 2134 5223 Deo

542 5265 702 5329 atque
731 5254 941 5313 hostem
972 5257 1088 5328 ejus
1115 5272 1182 5313 ne
1207 5274 1272 5314 ex
1298 5257 1460 5315 rebus
1479 5259 1756 5330 prosperis
1780 5269 1869 5314 aut
1889 5258 2134 5315 adversis

543 5351 784 5417 aestima;
836 5351 929 5406 sed
979 5351 1024 5406 si
1069 5351 1267 5407 videris
1309 5353 1611 5423 quempiam
1657 5359 1803 5408 recte
1847 5353 2130 5420 viventem,

545 5444 966 5516 argritudineque
1009 5460 1232 5501 vacuum
1279 5445 1345 5500 ad
1393 5447 1647 5517 pietatem
1690 5455 1962 5516 spectare,
1993 5446 2134 5501 hune

547 5531 760 5589 beatum
787 5544 841 5590 et
866 5536 1207 5592 aemulatione
1231 5535 1446 5608 dignum
1472 5545 1616 5606 puta,
1640 5537 1846 5591 etiamsi
1868 5535 2135 5591 Sexceutis

549 5625 774 5680 vinculis
825 5628 1239 5698 constringatur,
1273 5629 1324 5682 in
1351 5643 1566 5684 carcere
1605 5635 1861 5698 perpetuo
1901 5627 2128 5690 habitet.

547 5716 782 5786 indignis
812 5720 1030 5789 serviat,
1056 5737 1259 5788 pauper
1287 5722 1386 5785 sit,
1420 5721 1470 5774 iu
1504 5719 1735 5775 metallis
1765 5720 1968 5777 laboret
1992 5762 2006 5784 .
2040 5730 2131 5778 aut

1283 253 1340 308 s.
1381 248 1657 307 JOANNIS
1684 237 2156 304 cunvsosrom
2210 237 2524 294 meum.
2563 237 3091 298 cossnumor.

2233 357 2375 411 aliud
2416 358 2683 428 quidpiam
2716 374 2876 429 grave
2918 359 3163 430 patiatur.
3195 362 3386 418 Beatus
3427 365 3569 419 enim
3599 365 3687 421 ille
3715 378 3818 431 est,

2233 449 2440 504 etiamsi
2467 451 2565 519 ipsi
2586 452 2722 505 oculi
2747 453 3140 522 cxsculpantur,
3159 454 3366 509 etiamsi
3389 465 3592 524 uratur,
3614 459 3823 512 etiamsi

2234 557 2430 612 corpus
2471 542 2586 612 ejus
2633 545 2887 614 paulatim
2929 555 3294 601 consumatur.
3322 547 3378 603 Si
3409 559 3588 605 autem
3626 551 3824 606 videris

2232 635 2393 689 alium
2423 635 2473 690 in
2505 635 2740 702 lascivia,
2772 638 3001 709 nequitia
3031 641 3394 711 extremisque
3422 644 3717 699 sceleribus
3744 647 3826 699 vi-

2233 733 2467 791 ventem,
2493 741 2688 797 magno
2721 727 2982 783 fruentem
3007 729 3210 785 honore
3230 774 3245 797 ,
3277 731 3328 785 in
3356 733 3528 801 ipsum
3567 733 3819 789 thronum

2232 817 2436 886 regium
2463 819 2863 886 ascendentem,
2895 821 3192 876 diademate
3219 823 3522 879 redimitum
3545 867 3558 892 ,
3587 843 3825 898 purpura

2234 910 2473 964 indutum
2495 951 2509 975 ,
2542 913 2791 968 universo
2834 913 2949 968 orbi
2997 913 3380 984 imperantem,
3415 917 3745 989 lacryntare,
3776 931 3828 974 et

2234 1002 2379 1056 illum
2407 1003 2528 1058 ideo
2552 1005 2808 1059 miserum
2838 1016 3047 1079 reputa.
3071 1005 3212 1062 Nihil
3239 1009 3380 1062 enim
3416 1007 3667 1071 miserius
3687 1013 3827 1096 aui-

2233 1111 2322 1150 mo
2361 1097 2434 1152 ita
2477 1099 2668 1155 affecto
2692 1143 2706 1166 ,
2750 1101 2958 1156 etiamsi
2993 1111 3157 1157 totum
3195 1103 3378 1159 orbem
3409 1105 3504 1160 sibi
3545 1087 3825 1161 subditum

2232 1190 2444 1247 habeat.
2486 1192 2624 1262 Quid
2668 1195 2809 1248 enim
2855 1193 3222 1251 emolumenti
3253 1198 3488 1267 pecuniis
3545 1199 3827 1254 abundare

2233 1299 2377 1350 eum,
2403 1284 2490 1354 qui
2519 1285 2660 1354 quod
2688 1285 2752 1339 ad
2784 1286 3032 1341 virtutem
3057 1295 3259 1356 spectat
3284 1290 3520 1344 omnium
3548 1293 3827 1359 pauperri-

2233 1389 2352 1429 mus
2396 1376 2502 1430 sit?
2528 1376 2655 1447 quid
2686 1377 2818 1432 lucri
2861 1386 2938 1432 tot
2967 1379 3093 1435 viris
3129 1379 3392 1449 imperare
3422 1397 3539 1435 eum
3558 1422 3571 1445 ,
3604 1381 3694 1452 qui
3724 1397 3826 1437 nec

2233 1468 2466 1538 seipsum
2497 1484 2596 1524 nec
2623 1469 2840 1524 morbos
2869 1471 3033 1526 animi
3070 1472 3151 1527 sui
3189 1488 3443 1542 superare
3467 1474 3682 1544 nequit?
3714 1475 3823 1529 Ve-

2231 1577 2351 1616 rum
2379 1561 2424 1615 si
2454 1561 2728 1616 videamus
2752 1577 2948 1632 corpus
2979 1565 3117 1619 male
3144 1565 3392 1619 affectum
3412 1607 3426 1632 ,
3472 1566 3776 1621 febricitans
3801 1607 3817 1630 ,

2232 1654 2456 1722 pedibus
2483 1654 2755 1719 laborans,
2787 1661 2881 1709 aut
2909 1655 3027 1710 tabe
3067 1665 3157 1710 aut
3183 1657 3288 1710 alio
3315 1657 3562 1727 quopiam
3604 1657 3820 1711 incura-

2233 1745 2322 1799 bili
2355 1749 2543 1800 morbo
2570 1746 2844 1801 detentum
2870 1789 2884 1812 ,
2919 1747 3293 1819 lacrymamur,
3324 1751 3422 1804 etsi
3455 1750 3545 1805 ille
3577 1752 3820 1804 omnimu

2232 1837 2683 1909 locupletissimus
2713 1842 2802 1903 sit.-
2832 1841 2940 1895 imo
2969 1851 3116 1896 tanto
3142 1844 3332 1912 magis,
3360 1854 3560 1913 quanto
3581 1844 3823 1914 locuple-

2233 1931 2337 1984 tior
2359 1940 2458 1984 est.
2486 1931 2618 1984 Nam
2648 1939 2772 1986 tunc
2798 1948 2986 1988 sensus
3017 1934 3277 1988 malorum
3305 1937 3524 2002 acutior,
3552 1952 3672 1991 cum
3696 1939 3819 2006 quis

2234 2023 2286 2078 in
2307 2023 2628 2079 abundantia
2651 2041 2830 2081 rerum
2858 2029 3279 2083 necessariarum
3313 2040 3569 2086 versatur.
3602 2032 3817 2088 Etenim

2232 2116 2322 2186 qui
2352 2132 2459 2186 prae
2490 2127 2800 2188 paupertate
2821 2119 2888 2174 ab
2905 2120 3091 2174 horum
3116 2120 3371 2178 fruitione
3391 2134 3619 2188 arcetur,
3645 2125 3816 2194 ipsam

2234 2209 2604 2264 necessitatem
2647 2210 3025 2267 consolationis
3067 2213 3186 2269 loco
3227 2213 3427 2270 habet:
3455 2217 3544 2287 qui
3587 2233 3714 2272 vero
3753 2219 3819 2271 iis

2233 2301 2394 2357 rebus
2422 2301 2656 2358 abundat
2684 2312 2739 2358 et
2765 2304 2952 2359 morbo
2982 2305 3269 2376 impeditur
3295 2307 3362 2362 ab
3393 2322 3522 2372 usu,
3544 2308 3661 2362 ideo
3694 2325 3817 2361 ma-

2231 2395 2312 2464 gis
2359 2396 2548 2450 uritur.
2595 2395 2696 2464 Qui
2726 2406 2902 2452 autem
2944 2412 3049 2452 non
3075 2397 3366 2453 absurdum
3396 2398 3587 2466 fuerit,
3614 2400 3657 2453 si
3688 2415 3818 2454 cor-

2231 2501 2396 2557 pureo
2425 2486 2614 2541 morbo
2655 2486 2929 2543 detentum
2968 2489 3270 2559 quempiam
3299 2489 3573 2544 videamus
3593 2531 3607 2558 ,
3641 2489 3817 2558 ipsum

2233 2579 2490 2635 miserum
2539 2581 2872 2652 pracdicare,
2917 2582 3126 2638 etiamsi
3169 2575 3454 2653 opulentus
3490 2582 3593 2645 sit;
3636 2583 3816 2637 anima

2231 2683 2408 2729 autem
2433 2674 2570 2729 male
2590 2673 2798 2739 affecta,
2821 2675 3019 2742 anima,
3045 2674 3278 2745 inquam,
3305 2675 3390 2729 cui
3418 2689 3512 2743 par
3533 2673 3686 2740 nihil,
3712 2689 3816 2744 qua

2233 2764 2516 2835 pretiosius
2562 2764 2728 2833 nihil,
2775 2766 2948 2837 ipsum
2991 2765 3202 2820 beatum
3233 2765 3414 2821 dicere
3453 2765 3524 2820 ob
3553 2765 3817 2821 tantillqu

2233 2855 2494 2928 pecdiilm,
2523 2857 2606 2912 vel
2633 2857 2702 2913 ob
2723 2867 3123 2928 temporaneum
3152 2856 3434 2924 honorem,
3461 2857 3542 2912 vel
3565 2857 3634 2911 ob
3663 2858 3818 2925 quid-

2234 2951 2372 3018 piam
2397 2965 2600 3016 eorum,
2634 2965 2754 3021 qua:
2783 2950 2870 3005 hic
2895 2950 3112 3020 quidem
3141 2959 3375 3014 manent,
3398 2949 3492 3004 sed
3531 2958 3650 3018 post
3681 2949 3818 3004 hanc

2233 3043 2394 3096 vitam
2415 3085 2431 3107 ,
2474 3043 2582 3097 imo
2627 3045 2824 3114 smpius
2865 3052 2988 3100 ante
3014 3044 3140 3099 vita:
3177 3044 3377 3098 exitum
3406 3059 3503 3098 nos
3528 3043 3820 3099 deserunt?

2235 3134 2388 3201 Noli,
2421 3149 2625 3204 qureso.
2667 3134 2793 3190 Haec
2833 3135 2989 3190 nobis
3024 3135 3442 3205 perturbationis
3467 3143 3521 3190 et
3559 3136 3816 3189 tumultus

2231 3240 2393 3280 causa
2423 3233 2565 3280 sunt.
2595 3223 2722 3280 ideo
2747 3225 2915 3281 Deum
2933 3236 3184 3282 accusant
3205 3227 3380 3294 multi,
3408 3226 3527 3281 ideo
3557 3225 3814 3302 mundum

2234 3318 2377 3372 nulla
2401 3319 2512 3386 regi
2542 3317 2872 3388 providentia
2895 3325 3101 3388 putant.
3122 3318 3274 3386 Quod
3303 3318 3347 3372 si
3375 3317 3578 3372 scirent
3605 3317 3736 3371 nihil
3761 3317 3811 3370 in

2232 3410 2483 3481 przesenti
2520 3411 2627 3465 vita
2653 3409 2777 3466 boni
2803 3424 2952 3478 esse,
2986 3408 3087 3464 nisi
3115 3409 3404 3476 virtutem;
3433 3424 3539 3464 non
3571 3406 3810 3466 divitias.

2233 3517 2338 3556 non
2368 3503 2621 3572 pecunias
2643 3543 2659 3571 ,
2696 3518 2802 3560 non
2831 3504 3147 3570 sanitatem,
3191 3518 3297 3558 non
3344 3503 3660 3573 potentiam,
3709 3517 3815 3556 non

2232 3594 2374 3648 aliud
2409 3593 2711 3665 quidpiam;
2743 3611 2839 3650 nec
2867 3595 3134 3666 quidpiam
3165 3596 3287 3650 mali
3314 3611 3433 3651 esse
3469 3596 3522 3650 in
3567 3595 3816 3665 przesenti

2234 3690 2360 3754 vita,
2390 3689 2489 3744 nisi
2517 3689 2828 3760 nequitiam,
2860 3689 3270 3758 improbitatem,
3296 3696 3350 3743 et
3387 3688 3573 3742 animae
3598 3703 3816 3757 perver-

2231 3781 2476 3846 sitatem;
2527 3795 2633 3835 non
2676 3787 3041 3851 paupertatem
3078 3780 3162 3834 vel
3209 3778 3484 3844 morbum,
3509 3793 3615 3832 non
3642 3780 3814 3834 mole-

2231 3874 2424 3939 stiam,
2474 3888 2580 3928 non
2627 3873 2978 3938 calumniam,
3033 3887 3138 3926 non
3185 3871 3287 3926 alia
3326 3887 3444 3942 qua:
3474 3871 3654 3941 gravia
3696 3887 3817 3926 esse

2237 3973 2530 4034 putantur:
2561 3979 2847 4036 numquam
2897 3964 3018 4018 talia
3065 3963 3427 4034 loquerentur,
3457 3962 3629 4033 qualia
3673 3977 3816 4016 nunc

2233 4055 2450 4124 dicunt,
2479 4071 2766 4128 numquam
2811 4057 2863 4110 iu
2904 4071 3135 4111 mcerore
3163 4056 3434 4122 viverent,
3479 4069 3585 4109 non
3631 4055 3819 4110 beatos

2233 4147 2472 4204 dicerent
2497 4163 2590 4204 eos
2613 4189 2628 4212 ,
2661 4161 2794 4218 quos
2823 4148 3048 4202 miseros
3073 4146 3364 4218 praedicare
3387 4154 3657 4215 oporteret
3677 4187 3693 4210 ,
3721 4161 3818 4200 nec

2233 4241 2460 4296 miseros
2486 4239 2840 4309 prredicarent
2866 4253 2958 4294 eos
2978 4280 2993 4305 ,
3020 4253 3155 4309 quos
3185 4236 3370 4293 beatos
3393 4235 3493 4293 diei
3519 4251 3616 4308 par
3638 4247 3818 4300 esset;

2233 4346 2339 4387 non
2369 4333 2438 4386 ita
2469 4343 2594 4402 erga
2631 4330 2875 4385 homines
2905 4329 3079 4385 affecti
3104 4338 3303 4384 essent.
3327 4327 3456 4383 Nam
3487 4338 3709 4399 propter
3729 4329 3823 4382 bo-

2235 4438 2360 4477 num
2389 4422 2631 4492 corporis
2657 4421 2892 4476 habitum
2919 4461 2934 4488 ,
2967 4430 3022 4476 et
3050 4419 3291 4476 ciborum
3317 4419 3558 4490 copiam,
3590 4429 3647 4474 et
3687 4419 3825 4473 mulo

2236 4525 2346 4571 tum
2374 4521 2619 4570 somnum
2647 4515 2832 4571 beatos
2872 4513 3164 4586 praedicare
3195 4513 3441 4568 homines
3462 4553 3477 4578 ,
3505 4511 3638 4566 nihil
3678 4511 3822 4566 aliud

2235 4615 2317 4663 est
2338 4648 2353 4674 ,
2384 4616 2542 4676 quam
2581 4621 2704 4678 erga
2736 4606 2852 4661 illos
2879 4613 2937 4660 ut
2965 4611 3100 4677 erga
3131 4604 3283 4658 bruta
3309 4602 3558 4658 animalia
3601 4601 3824 4658 affectos

2234 4711 2374 4756 esse.
2400 4698 2530 4755 Nam
2555 4707 2612 4756 et
2639 4698 2755 4755 haec
2782 4708 2864 4755 est
2891 4699 3107 4754 illorum
3139 4697 3396 4764 felicitas;
3424 4695 3532 4752 imo
3573 4693 3629 4751 id
3659 4697 3822 4752 etiam

2236 4793 2288 4846 in
2330 4791 2499 4846 brutis
2537 4791 2733 4847 malum
2770 4803 2885 4858 est;
2914 4789 3068 4845 mulli
3096 4789 3290 4862 quippe
3318 4789 3452 4843 asini
3477 4795 3532 4841 et
3557 4789 3685 4858 equi
3715 4789 3824 4842 otio

2235 4893 2290 4940 et
2332 4883 2596 4940 edacitate
2645 4883 2938 4955 perierunt.
2965 4882 3116 4951 Quod
3157 4882 3202 4937 si
3243 4881 3446 4947 brutis,
3484 4879 3685 4951 quibus
3718 4889 3825 4933 tota

2238 4977 2406 5032 virtus
2436 4977 2487 5032 in
2516 4977 2658 5032 bona
2685 4976 2929 5046 corporis
2957 4973 3265 5029 habitudine
3291 4973 3390 5028 sita
3421 4980 3504 5028 est
3527 5011 3543 5035 ,
3575 4970 3630 5026 id
3657 4986 3827 5025 nocu-

2236 5083 2417 5127 mento
2443 5077 2530 5125 est
2548 5113 2563 5137 ,
2591 5086 2658 5124 an
2691 5070 2744 5124 in
2773 5067 3076 5124 hominibus
3098 5109 3115 5137 ,
3144 5082 3369 5138 quorum
3395 5064 3570 5120 omnis
3596 5063 3829 5135 dignitas

2237 5165 2289 5219 in
2323 5163 2595 5218 nobilitate
2636 5161 2829 5216 animae
2850 5202 2864 5225 ,
2904 5160 2955 5215 id
2985 5159 3193 5214 virtutis
3232 5158 3351 5213 loco
3391 5170 3658 5228 ponemus
3682 5195 3699 5221 ,
3731 5168 3830 5207 nec

2237 5256 2600 5315 reverebimur
2624 5255 2834 5321 czelum,
2858 5265 2912 5309 et
2936 5253 3127 5309 animae
3156 5261 3354 5308 nostra:
3379 5257 3635 5320 cognatos
3666 5263 3830 5318 ange-

2237 5350 2360 5406 los?
2396 5365 2501 5405 non
2530 5347 2804 5405 erubescis
2834 5347 3005 5419 ipsam
3045 5344 3287 5415 corporis
3331 5349 3574 5398 naturam
3611 5349 3670 5394 et
3719 5339 3830 5394 for-

2239 5442 2416 5498 mant?
2458 5457 2562 5496 non
2608 5441 2750 5496 enim
2795 5436 3244 5510 quemadmodum
3288 5433 3457 5490 brutis
3501 5447 3624 5488 eam
3676 5431 3829 5486 nobis

2238 5534 2445 5591 cfliuxit
2472 5535 2632 5601 Deus,
2661 5531 2754 5588 sed
2785 5539 2842 5587 ut
2865 5530 3091 5586 decebat
3115 5527 3244 5584 illud
3268 5569 3283 5593 ,
3312 5525 3456 5598 quod
3499 5525 3697 5579 anima:
3740 5537 3830 5578 ra-

2240 5630 2423 5685 tionali
2465 5636 2522 5684 et
2575 5625 2859 5682 immortali
2906 5623 3327 5680 ministraturum
3375 5627 3507 5673 erat.
3537 5616 3650 5672 Cur
3689 5616 3836 5671 enim

2240 5721 2424 5778 bestiis
2454 5719 2701 5774 omnibus
2733 5730 2920 5772 versus
2949 5723 3143 5770 terram
3175 5711 3436 5767 demissos
3475 5707 3662 5764 oculos
3695 5706 3836 5762 Deus
