4080 6198
324 204 423 262 751

327 316 558 389 ρὐμισε
585 315 679 369 καὶ
707 313 996 388 διέφθειρε,
1025 317 1122 388 τῆς
1150 316 1431 382 ἀσθενείας
1454 320 1552 388 τὴν
1579 317 1779 390 ἀρετὴν
1813 315 1908 370 αὐ-

323 400 419 456 τοῦ
457 399 881 470 λυμαινομένης.
909 399 1067 452 υῦτω
1104 400 1167 472 δὴ
1201 401 1294 454 καὶ
1329 403 1507 472 ἡμεῖς,
1547 401 1675 454 ὅταν
1711 401 1909 470 ἴδωμεν

328 482 668 555 πραγμάτων
695 481 937 547 ἀταξίαν,
968 482 1042 553 μὴ
1066 483 1154 537 τὸν
1185 483 1318 536 Θεὸν
1341 483 1658 552 αἰτιώμεθα,
1694 484 1910 551 ἀγαπη-

324 566 407 620 τοί
427 583 441 596 ·
478 565 637 618 τοῦτο
670 566 778 634 γάρ
804 565 923 635 οὐχὶ
951 566 1240 637 φάρμακόν
1269 567 1616 636 ἐστινέὐρεῖν
1636 566 1711 634 τῷ
1737 565 1907 634 τραύ-

330 667 484 720 ματι,
508 648 646 703 ἀλλά
681 647 902 719 τραῦμα
925 651 1224 718 ἐπαγαγεῖν
1258 650 1552 721 τραύματι.
1581 649 1670 720 Μὴ
1692 649 1908 718 δαίμοσι

325 732 676 803 λογιζώμεθα
708 732 801 785 τοῦ
827 733 1032 804 κόσμου
1062 735 1161 805 τὴν
1185 735 1518 804 οἰκονομίαν,
1546 735 1620 805 μὴ
1647 733 1910 804 ἀπρονόη-

326 835 394 870 τα
424 814 564 871 εἷναι
591 817 902 886 νομίζωμεν
943 817 1013 871 τά
1057 819 1319 890 παρόντα,
1359 819 1434 890 μὴ
1473 815 1736 885 γενέσεώς
1765 831 1908 878 τινος

327 901 421 953 καὶ
453 899 794 971 εἱμαρμένης
819 900 1105 971 τυραννίδα
1137 901 1552 971 ἐπιτειχίζωμεν
1581 903 1647 970 τῇ
1683 897 1910 970 προνοίᾳ

327 983 420 1038 τοῦ
451 982 606 1036 Θεοῦ.
641 983 825 1036 Ταῦτα
867 983 974 1054 γάρ
1020 985 1197 1039 πάντα
1230 985 1576 1054 βλασφημίας
1603 984 1780 1054 γέμει,
1815 982 1909 1035 καὶ

328 1069 362 1137 ὴ
393 1067 565 1129 δντως
609 1066 823 1136 ταραχὴ
870 1068 964 1120 καὶ
1010 1068 1204 1134 ἀταξία
1251 1069 1370 1138 οὐχὶ
1416 1067 1525 1123 τῶν
1571 1066 1910 1137 πραγμάτων

328 1152 446 1204 ἐστὶ
478 1149 640 1220 φορά,
670 1149 782 1202 ἀλλ’
805 1150 833 1202 ὁ
863 1149 1004 1204 οῦτω
1036 1151 1379 1223 διακείμενος
1399 1151 1685 1221 λογισμός·
1719 1149 1774 1212 ὃς
1805 1149 1910 1203 xiv

333 1231 534 1303 μυρίας
568 1230 822 1295 εὐταξίας
851 1232 1119 1304 ἀπολαύῃ,
1154 1234 1258 1298 ἕως
1299 1236 1364 1289 ἂν
1408 1235 1506 1306 τὴν
1555 1233 1784 1298 ἀταξίαν
1810 1231 1909 1302 τὴν

329 1317 386 1368 ἐν
417 1315 565 1386 αὐτῷ
599 1315 692 1368 καὶ
721 1314 820 1386 τὴν
849 1318 1092 1387 ταραχὴν
1142 1317 1524 1390 διορθῶσηται,
1557 1317 1708 1372 οὐδὲν
1757 1315 1908 1384 αὐτῷ

327 1399 428 1469 τῆς
453 1401 510 1452 ἐν
532 1401 645 1461 τοῖς
680 1400 1001 1471 πράγμασιν
1027 1401 1281 1466 εὐταξίας
1309 1403 1460 1456 ἔσται
1488 1403 1548 1456 τὸ
1573 1401 1734 1455 πλέον
1753 1417 1768 1431 ο
1790 1399 1906 1455 ἀλλ’

328 1480 514 1552 ὥσπερ
554 1480 850 1552 ὀφθαλμὸς,
882 1483 1053 1536 νοσῶν
1095 1485 1192 1554 μὲν
1227 1486 1320 1538 καὶ
1359 1487 1420 1538 ἐν
1463 1483 1779 1555 μεσημϐρίᾳ
1806 1500 1908 1551 φα-

329 1565 523 1635 νοτάτῃ
552 1565 741 1628 σκότος
767 1565 975 1635 δψεται,
1002 1569 1097 1621 καὶ
1125 1569 1286 1639 ἕτερα
1320 1568 1436 1622 ἀνθ’
1459 1568 1682 1638 ἐτέρων,
1704 1567 1798 1619 καὶ
1821 1567 1910 1620 οὐ-

327 1647 417 1702 δὲν
457 1647 608 1718 αὐτῷ
639 1652 737 1721 τῆς
767 1651 983 1714 ἀκτῖνος
1013 1651 1164 1705 ἔσται
1199 1653 1379 1719 πλέον,
1410 1651 1668 1720 ὑγιαίνων
1708 1649 1764 1702 δὲ
1814 1651 1908 1702 καὶ

327 1731 657 1802 ἐρρωμένος,
688 1734 781 1788 καὶ
812 1737 868 1787 ἐν
893 1736 1101 1806 ἑσπέρᾳ
1129 1736 1417 1807 δυνήσεται
1453 1735 1516 1788 τὸ
1547 1734 1707 1803 σῶμα
1750 1751 1902 1803 χειρ-

325 1817 566 1882 αγωγεῖν
584 1817 724 1886 μετὰ
751 1817 1068 1886 ἀσφαλείαςο
1099 1818 1240 1872 οὕτω
1261 1819 1353 1872 καὶ
1381 1820 1409 1872 ό
1431 1819 1529 1887 τῆς
1550 1817 1787 1878 διανοίας
1811 1819 1908 1886 τῆς

327 1896 602 1968 ἡμετέρας
637 1899 933 1971 ὀφθαλμὸς,
969 1902 1074 1965 ἕως
1121 1901 1218 1973 μὲν
1263 1902 1330 1954 ἂν
1378 1901 1688 1973 ἐρρωμένος
1713 1897 1773 1972 ᾗ,
1805 1899 1910 1953 xiv

325 1979 534 2033 ἄτακτα
566 1977 702 2036 εἶναι
732 1983 992 2038 δοκοῦντα
1035 1986 1139 2056 ἴδῃ,
1169 1985 1348 2049 καλῶς
1393 1985 1584 2054 ὄψεται
1602 1997 1628 2024 ι
1652 2001 1665 2014 ·
1696 1985 1722 2037 ε
1737 2000 1825 2039 ὲαν
1853 1983 1909 2037 δὲ

328 2060 740 2133 διεφθαρμένος,
772 2067 876 2119 xiv
916 2069 997 2130 εἰς
1035 2068 1199 2122 αὐτὸν
1227 2068 1510 2140 ἀναγάγῃς
1542 2067 1632 2120 τὸν
1657 2067 1718 2120 οὐ
1731 2067 1906 2131 οανὸν,

327 2146 418 2197 καὶ
465 2145 572 2199 τῶν
618 2149 736 2201 ἐκεῖ
765 2150 964 2220 πολλὴν
1001 2150 1226 2216 ἀταξίαν
1253 2151 1664 2220 καταγνώσεται
1693 2152 1788 2204 καὶ
1815 2168 1911 2204 τα-

328 2230 518 2300 ραχήν.
553 2233 664 2285 Καὶ
691 2233 773 2286 δτι
805 2234 978 2287 ταῦτα
1013 2234 1184 2299 οὕτως
1213 2235 1346 2307 ἔχει,
1374 2236 1543 2290 πολλά
1571 2253 1652 2289 σοι
1671 2235 1780 2288 τῶν
1803 2235 1908 2288 πά-

325 2311 412 2364 λαι
457 2315 550 2366 καὶ
601 2316 709 2369 τῶν
752 2317 1017 2388 ἐφ’ήμῶν
1061 2318 1250 2372 τούτου
1299 2320 1694 2374 κατασκευάσω
1731 2336 1910 2392 παρα-

325 2393 609 2465 δείγματα.
649 2399 814 2452 Πόσοι
862 2399 1051 2453 πενίαν
1101 2401 1356 2472 φέρουσιν
1401 2403 1660 2468 εὐκόλως,
1704 2402 1800 2456 καὶ
1831 2401 1911 2472 τῷ

326 2476 444 2548 θεῷ
472 2479 558 2533 διὰ
585 2481 742 2535 τοῦτο
766 2483 1214 2553 εὐχαριστοῦντες
1241 2490 1302 2539 οὐ
1329 2487 1778 2557 διαλιμπάνουσι;
1811 2488 1909 2541 πό-

328 2578 405 2613 σοι
448 2562 676 2619 πλοῦτον
711 2567 804 2619 καὶ
835 2567 1046 2638 τρυφὴν
1083 2568 1320 2638 ἔχοντες,
1349 2571 1449 2622 οὐκ
1474 2569 1908 2640 εὐχαριστοῦσιν,

325 2645 460 2699 ἀλλά
491 2648 870 2721 βλασφημοῦσι
917 2652 1006 2706 τὸν
1052 2653 1363 2725 Δεσπότην;
1417 2655 1573 2708 πόσοι
1605 2655 1773 2726 μηδὲν
1806 2673 1911 2710 πα-

325 2728 510 2794 Θόντες
552 2731 741 2797 δεινὸν,
778 2734 1142 2804 κατηγοροῦσι
1192 2737 1289 2807 τῆς
1339 2736 1570 2790 καθόλου
1615 2737 1908 2809 προνοίας;

326 2814 481 2866 πόσοι
534 2814 902 2888 δεσμωτήριον
949 2819 1040 2871 τὸν
1077 2820 1291 2874 ἅπαντα
1338 2821 1526 2890 χρόνον
1566 2822 1907 2892 οἰκήσαντες,

321 2895 433 2948 τῶν
463 2897 520 2950 ἐν
561 2897 715 2969 ἀδείᾳ
766 2899 861 2952 καὶ
907 2900 1174 2973 ἀσφαλείᾳ
1207 2902 1546 2972 βεϐιωκότων
1575 2904 1910 2975 εὐγνωμονέ-

326 2991 518 3050 ne?“
559 2980 659 3052 τὴν
702 2983 818 3036 ἐκεῖ
847 2985 1071 3056 φέρουσι
1101 2987 1508 3058 ταλαιπωρίαν;
1556 2989 1716 3060 Ὁρᾷς
1759 2989 1840 3041 ὅτι
1875 2990 1909 3059 ή

323 3063 422 3132 τῆς
441 3062 620 3135 ψυχῆς
645 3067 994 3134 κατάστασις,
1028 3070 1123 3123 καὶ
1151 3072 1231 3124 δτι
1258 3075 1296 3133 ὁ,
1314 3075 1511 3134 οἰκεῖος
1540 3072 1798 3142 λογισμὸς
1818 3075 1913 3127 καὶ

325 3147 532 3202 τούτων
565 3150 658 3203 καὶ
689 3152 911 3206 ἐκείνων
945 3153 1136 3218 αἴτιος,
1175 3155 1288 3208 ἀλλ’
1311 3155 1410 3208 οὐκ
1455 3156 1594 3228 αὐτὴ
1627 3157 1735 3210 τῶν
1770 3175 1908 3228 πραο

326 3231 551 3300 γμάτων
597 3234 630 3302 ή
676 3233 1026 3302 φύσις.’Ὢστε
1074 3239 1121 3290 εἰ
1169 3238 1272 3308 τῆς
1313 3238 1549 3303 διανοίας
1594 3239 1912 3309 ἐπιμέλειαν

323 3313 658 3384 ἐποιούμεθα
709 3317 810 3388 τῆς
854 3320 1146 3392 ἡμετέρας,
1191 3323 1290 3375 οὐκ
1331 3319 1400 3394 ἦν
1446 3323 1680 3396 ταραχὴ,
1715 3327 1816 3378 οὐκ
1844 3321 1913 3396 ἦν

325 3398 545 3464 ἀταξία,
579 3398 730 3473 [754]
758 3402 858 3456 οὐκ
898 3399 967 3474 ἦν
1006 3405 1113 3458 τῶν
1141 3406 1327 3460 δεινῶν
1357 3409 1530 3473 οὐδὲν,
1567 3411 1614 3462 εί
1642 3411 1736 3463 καὶ
1764 3411 1915 3483 εὐρί-

326 3497 427 3534 που
462 3484 661 3546 παντὸς
688 3484 1062 3559 χαλεπώτερον
1086 3489 1198 3543 ἀνω
1225 3491 1318 3544 καὶ
1346 3492 1497 3546 κάτω
1520 3494 1587 3548 τά
1612 3494 1915 3566 πράγματα

324 3566 729 3649 τῆςᾼὴμετέρας
766 3569 990 3640 ἐφέρετο
1019 3572 1182 3644 ζωῆς.
1215 3574 1315 3628 Διά
1363 3576 1414 3628 τί
1462 3577 1592 3648 γὰρ,
1638 3579 1758 3631 εἰπέ
1799 3597 1910 3649 μοι,

330 3647 544 3713 Παῦλος
575 3651 890 3722 εὐχαριστεί
908 3670 921 3718 ;
955 3656 1144 3709 Καίτοι
1175 3657 1283 3710 τῶν
1329 3647 1912 3730 ἀρισταίβεϐιωκότων

326 3734 467 3798 ἐστὶ,
495 3734 605 3788 τῶν
629 3738 694 3807 τῇ
719 3737 885 3808 ἀρετῇ
919 3739 1292 3810 συνεζηκότων
1325 3742 1416 3794 τὸν
1449 3743 1664 3798 ἅπαντα
1695 3747 1910 3815 χρόνον,

324 3817 434 3869 τῶν
464 3819 662 3888 ἥκιστα
693 3821 929 3874 τοσαῦτα
959 3824 1238 3877 παθόντων
1261 3825 1409 3879 δεινά
1431 3843 1442 3854 ·
1481 3828 1657 3890 οὐδεὶς
1687 3828 1810 3882 οὐτε
1837 3829 1914 3883 δι-

326 3903 611 3976 καιότερος
645 3905 854 3958 ἐκείνου
888 3906 1075 3974 γέγονε
1118 3908 1227 3960 τῶν
1273 3908 1363 3977 ὐφ’
1385 3909 1522 3981 ¹ήλίῳ
1556 3911 1772 3965 πάντων
1821 3913 1914 3966 ἀν-

326 3984 578 4055 θρώπων,
605 3988 728 4041 οὐτε
764 3988 1120 4061 χαλεπώτερα
1147 3991 1357 4044 ἐκείνου
1385 3992 1619 4046 πέπονθε
1641 3995 1746 4048 τῶν
1773 3995 1832 4062 ἐξ
1851 3990 1912 4050 οὐ

325 4069 614 4137 γεγόνασιν
639 4071 935 4144 ἄνθρωποι.
953 4075 1092 4126 Ἀλλ’
1115 4077 1263 4146 ὅμως
1289 4075 1430 4146 ὀρῶν
1459 4077 1688 4142 πολλοὺς
1720 4082 1778 4134 ἐν
1812 4099 1912 4136 πο-

323 4152 490 4224 νηρίᾳ
527 4154 758 4220 ζῶντας,
788 4157 878 4210 καὶ
903 4157 1341 4230 εὐθυμουμένους
1357 4161 1405 4227 ι),
1439 4162 1533 4216 καὶ
1562 4164 1670 4217 τῶν
1704 4167 1912 4237 παρόν-

324 4255 433 4290 των
465 4242 761 4310 χρημάτων
789 4241 1179 4307 ἀπολαύοντας,
1206 4245 1521 4315 εὐχαριστεί
1553 4247 1630 4318 τῷ
1662 4247 1782 4319 Θεῷ
1818 4251 1914 4303 καὶ

325 4324 508 4385 αὐτὸς,
539 4325 635 4376 καί⁵
658 4327 768 4388 τοῖς
797 4325 975 4389 ἄλλοις
996 4329 1130 4380 πᾶσι
1160 4329 1391 4400 παρῄνει
1411 4328 1589 4385 τοῦτο.
1609 4332 1753 4402 Πρὸς
1773 4335 1914 4388 ἐκεῖ·

324 4424 414 4460 νον
442 4406 686 4476 βλέπετε.
717 4409 824 4462 Καὶ
856 4410 920 4463 σὺ
946 4411 1072 4463 ὅταν
1103 4411 1218 4482 ίδῃς
1251 4412 1342 4465 τὸν
1379 4412 1614 4482 πονηρὸν
1648 4414 1914 4486 εὐθυμοῦ-

328 4507 508 4560 μενον,
541 4493 667 4545 ὅταν
703 4493 817 4565 ἴδῃς
838 4495 1215 4564 ἐπαιρόμενον,
1250 4495 1377 4548 ὅταν
1402 4495 1518 4566 ἴδῃς
1545 4497 1757 4570 ἐχθρῶν
1779 4516 1913 4571 κρα-

322 4574 559 4639 τοῦντα,
611 4579 735 4641 τούς
793 4577 1167 4649 λελυπηκότας
1217 4577 1592 4648 ἀμυνόμενον,
1643 4581 1911 4652 μηδεμίαν

324 4659 634 4712 ὑποστάντα
688 4661 910 4731 ζημίαν,
949 4660 1285 4731 πανταχόθεν
1332 4661 1482 4732 αὐτῷ
1529 4663 1598 4716 τά
1653 4667 1910 4736 χρήματα

323 4743 668 4812 ἐπιρρέοντα,
697 4747 901 4808 πάντας
920 4745 1192 4816 τιμῶντας
1215 4746 1308 4798 κα)⁸
1337 4745 1751 4810 κολακεύοντας,
1780 4765 1912 4804 σαν-

320 4825 416 4879 τὸν
448 4826 505 4879 δὲ
538 4829 596 4879 ἐν
634 4830 744 4892 τοῖς
776 4829 1038 4891 ἐναντίοις
1077 4833 1261 4889 πᾶσιν,
1310 4831 1368 4881 ἐν
1409 4827 1714 4899 έπηρείαις,
1746 4848 1910 4885 σῦκ)-

323 4909 597 4976 φαντίαις,
623 4910 956 4974 ἐπιϐουλαῖς,
991 4911 1064 4980 μὴ
1093 4911 1320 4982 νομίσῃς
1353 4906 1492 4963 εἶναι
1511 4911 1619 4963 τῶν
1641 4915 1831 4984 ἐπερρι
1841 4933 1912 4985 μ-

325 4992 522 5062 μένων,
563 4993 676 5046 ἀλλ’
701 4995 782 5058 είς
811 4993 1023 5047 Παῦλον
1057 4993 1179 5046 ἰδὼν
1213 4994 1304 5046 τὸν
1333 4993 1431 5064 τῆς
1467 4995 1566 5065 σῆς
1593 4995 1722 5049 δντα
1751 5013 1815 5067 με
1827 4999 1910 5069 ρί-

319 5075 431 5138 δος,
467 5077 696 5148 ἀνάϐηθι
724 5076 819 5147 τὴν
840 5076 1097 5136 διάνοιαν,
1125 5075 1428 5146 ἀνάκτησαι
1450 5078 1573 5140 τοὺς
1595 5077 1906 5148 λογισμοὺς,

326 5159 401 5228 μὴ
435 5161 749 5232 καταπέσῃς
781 5160 886 5212 ὐπὸ
925 5161 1022 5230 τῆς
1071 5159 1326 5228 ἀθυμίας.
1365 5160 1468 5212 Τὸν
1501 5161 1652 5230 φίλον
1680 5164 1757 5232 τῷ
1791 5163 1909 5235 Θεῷ

324 5242 419 5294 καὶ
449 5242 538 5295 τὸν
567 5243 821 5312 πολέμιον
853 5243 926 5313 μὴ
953 5243 1062 5296 ἀπὸ
1081 5243 1180 5312 τῆς
1209 5243 1514 5314 εὐπραγίας
1543 5246 1637 5298 καὶ
1667 5245 1908 5318 δυσπρα-

324 5325 450 5392 γίας
490 5326 588 5395 τῆς
619 5326 854 5380 ἐνταῦθα
880 5325 1161 5395 δοκίμαζε,
1195 5325 1329 5378 ἀλλά
1361 5326 1426 5380 iv
1459 5327 1557 5396 μὲν
1586 5329 1700 5401 ἴδῃς
1731 5329 1908 5398 ὀρθῶς

323 5408 522 5473 ζῶντα,
545 5410 640 5463 καὶ
667 5411 807 5479 νόσῳ
836 5411 1179 5480 κενούμενον,
1208 5410 1300 5462 καὶ⁹
1325 5409 1460 5482 πρὸς
1486 5411 1765 5464 εὐσέϐειαν
1789 5413 1907 5483 βλέ-

323 5510 514 5558 ποντα,
547 5493 817 5566 μακάριζε
847 5496 941 5548 καὶ
973 5494 1214 5566 ζηλωτὸν
1243 5489 1381 5549 εἶναι
1408 5496 1616 5566 νόμιζε,
1649 5497 1754 5551 xiv
1800 5517 1904 5569 μυ-

323 5576 446 5648 ρίας
484 5578 700 5642 ἁλύσεις
734 5579 1074 5650 περικέηται,
1103 5581 1196 5632 καὶ
1229 5580 1600 5653 δεσμωτήριον
1635 5583 1756 5652 οἰκῇ
1787 5583 1901 5636 δια-

386 5682 413 5751 ς
439 5677 579 5751 εἶσί-Ι).
605 5681 731 5751 καλά
754 5680 937 5751 ὄψεται.

387 5731 414 5774 δ
436 5740 568 5789 Colb.
603 5731 930 5802 εὐθυμοῦντας.

649 5813 916 5875 ΡΑτιιοι..
966 5813 1079 5874 Gn.
1132 5812 1198 5877 L

1427 205 1516 260 DE
1557 205 1736 262 FATO
1780 204 1866 259 ET
1906 202 2387 260 PROVIDENTIA.
2421 205 2460 258 Ι.
3499 201 3568 256 75

2018 317 2237 380 παντὸς,
2269 316 2372 370 xiv
2398 313 2631 380 ἀναξίοις
2666 310 2912 384 δουλεύῃ,
2940 311 3042 365 xiv
3075 309 3318 380 πένηται,
3357 310 3458 364 κᾶν
3507 315 3605 383 μέ.

2019 399 2190 454 ταλλα
2217 401 2535 471 ἐργάζηται,
2568 399 2672 452 xiv
2699 397 2876 451 ὁτιοῦν
2912 397 3098 467 πάσχῃ
3118 396 3308 449 δεινόν.
3324 396 3605 469 Μακάριος

2017 485 2124 555 γάρ
2154 477 2308 548 οὗτός
2339 487 2476 545 ἐστι,
2511 482 2615 536 xiv
2656 481 3045 552 ἐξορύγηταιο,
3074 479 3179 534 xiv
3218 479 3462 548 καίηται,
3504 482 3605 535 κᾶν

2018 566 2158 620 κατά
2190 567 2382 638 μικρὸν
2415 567 2718 620 δαπανᾶται
2764 565 2826 618 τὸ
2861 565 3149 634 σῶμα.“Αν
3185 563 3242 616 δὲ
3279 563 3393 634 ἴδῃς
3419 564 3604 635 ἕτερον

2017 651 2074 701 ἐν
2115 649 2373 720 ἀσελγείᾳ
2421 648 2515 703 καὶ
2561 648 2818 719 πονηρίᾳ,
2853 649 2947 700 καὶ
2990 650 3099 710 τοῖς
3132 647 3382 718 ἐσχάτοις
3425 645 3603 720 ζῶντα

2017 737 2226 797 κακοῖς,
2257 734 2350 787 καὶ
2376 733 2574 804 πολλῆς
2604 732 2942 786 ἀπολαύοντα
2966 731 3153 801 τιμῆς,
3185 733 3278 784 ἐπί
3301 732 3390 784 τὸν
3416 731 3604 802 θρόνον

2017 815 2180 869 αὐτὸν
2207 816 2566 870 ἀναϐαίνοντα
2599 817 2690 869 τὸν
2723 815 3018 886 βασιλικὸν,
3056 816 3148 868 καὶ
3172 814 3409 885 διάδημα
3443 832 3601 887 περι-

2018 901 2292 972 κείμενον,
2327 903 2418 956 καὶ
2449 902 2744 973 ἁλουργίδα
2789 901 3002 971 ἔχοντα,
3037 901 3131 953 καὶ
3156 903 3253 967 τῆς
3281 900 3604 971 οἰκουμένης

2019 986 2239 1055 ἀπάσης
2259 985 2584 1057 κρατοῦντα,
2605 987 2870 1056 δάκρυσον
2893 985 2987 1037 καὶ
3005 984 3093 1038 διὰ
3112 983 3269 1038 τοῦτο
3301 984 3392 1036 τὸν
3423 983 3603 1037 τοιοῦ-

2017 1087 2128 1130 τον,
2160 1071 2252 1122 καὶ
2287 1069 2558 1132 ταλάνιζε.
2585 1070 2750 1123 Οὐδὲν
2794 1069 2898 1142 γάρ
2939 1069 3106 1132 ὅντως
3145 1067 3470 1140 ἀθλιώτερον
3503 1069 3603 1138 τῆς

2016 1151 2158 1204 οὕτω
2186 1151 2535 1221 διακειμένης
2562 1151 2762 1222 ψυχῆς,
2795 1152 2898 1204 xiv
2939 1153 3118 1204 πᾶσαν
3159 1151 3602 1220 ὐποτεταγμένην

2017 1234 2116 1306 ἔχῃ
2149 1233 2245 1304 τὴν
2273 1234 2617 1304 οἰκουμένην.
2644 1235 2708 1286 Τί
2742 1233 2850 1304 γάρ
2880 1233 3070 1301 ὄφελος
3097 1236 3153 1286 ἐν
3179 1235 3420 1304 χρήμασι
3443 1232 3607 1285 πλουσ-

2015 1319 2146 1380 τεῖν,
2182 1317 2310 1371 ὅταν
2331 1317 2472 1371 κατά
2498 1319 2597 1388 τὴν
2631 1319 2834 1390 ἀρετὴν
2861 1318 3080 1370 πάντων
3106 1316 3429 1385 πενέστερος
3457 1311 3522 1386 ᾗς
3551 1314 3605 1367 τί

2015 1400 2070 1452 δὲ
2106 1399 2294 1472 κέρδος
2344 1401 2612 1454 τοσούτων
2659 1403 2902 1471 κρατεῖν,
2938 1401 3063 1453 ὅταν
3109 1399 3305 1452 ἑαυτοῦ
3358 1399 3452 1452 καὶ
3496 1397 3605 1451 τῶν

2017 1483 2210 1535 ἐαυτοῦ
2265 1483 2452 1537 παθῶν
2511 1483 2587 1554 μὴ
2637 1483 2860 1553 δύνηται
2913 1480 3328 1553 περιγενέσθαι;
3372 1481 3512 1534 Ἀλλ’
3540 1479 3605 1533 ἂν

2019 1565 2116 1635 μὲν
2147 1567 2305 1634 σῶμα
2328 1565 2526 1636 ἴδωμεν
2559 1568 2742 1628 κακῶς
2773 1565 3112 1636 διακείμενον
3134 1566 3225 1618 καὶ
3248 1564 3602 1635 πυρέττοντα,

2015 1648 2047 1714 ἢ
2098 1647 2381 1719 ποδαλγίᾳ,
2415 1648 2446 1719 ἢ
2485 1649 2620 1720 φθόῃ
2673 1647 2860 1718 τινὶ,ἢ
2908 1647 3078 1718 ἑτέρῳ
3132 1647 3416 1718 ἀνηκέστῳ
3445 1646 3605 1702 πάθει

2017 1730 2582 1801 προκατειλημμένον,
2613 1731 2944 1802 δακρύομεν,
2983 1731 3086 1784 xiv
3117 1731 3332 1784 πάντων
3362 1730 3606 1802 εὐπορώ-

2015 1830 2172 1884 τερος
2204 1811 2258 1887 ᾗ,
2292 1816 2386 1866 καὶ
2413 1814 2651 1885 τοσούτῳ
2687 1814 2908 1885 μᾶλλον,
2943 1815 3162 1884 ὅσῳπερ
3205 1813 3270 1868 ἂν
3299 1815 3606 1884 εὐπορώτε-

2019 1915 2108 1968 ρος
2200 1899 2264 1951 ἹΙ
2287 1899 2396 1968 γάρ
2421 1898 2674 1970 αἴσθησις
2695 1899 2998 1971 δριμυτέρα
3027 1899 3236 1968 γίνεται
3261 1898 3368 1952 τῶν
3393 1898 3603 1961 δεινῶν,

2015 1981 2142 2033 ὅταν
2189 1982 2247 2033 ἐν
2289 1981 2523 2052 ἀφθονίᾳ
2563 1999 2647 2045 τις
2676 1983 2782 2036 τῶν
2815 1983 3127 2051 ἀναγκαίων
3253 1981 3312 2034 '0
3357 1981 3455 2052 μὲν
3496 1980 3605 2053 γάρ

2016 2065 2170 2136 παρὰ
2215 2065 2403 2118 πενίαν
2438 2065 2779 2136 κωλυόμενος
2816 2067 2916 2136 τῆς
2955 2065 3329 2129 ἀπολαύσεως,
3366 2064 3478 2133 ἔχει
3508 2064 3605 2134 τὴν

2013 2149 2260 2221 ἀνάγκην
2282 2149 2631 2222 παραμυθίαν
2649 2171 2660 2181 ·
2683 2152 2712 2203 ὀ
2730 2150 2786 2203 δὲ
2805 2151 2870 2204 κύ
2879 2168 2992 2222 ριος
3009 2149 3085 2202 ὢν
3110 2150 3256 2223 πάσῃ
3281 2147 3604 2220 κεχρῆσθαι,

2015 2235 2110 2308 κα)
2135 2233 2475 2304 κωλυόμενος
2501 2233 2606 2288 ὐπὸ
2627 2235 2725 2304 τῆς
2749 2235 3082 2305 ἀρρωστίας,
3101 2233 3250 2304 αὐτῷ
3271 2233 3444 2303 τούτῳ
3471 2233 3608 2303 μᾶλα

2015 2316 2106 2370 λον
2137 2318 2504 2388 ἐμπίπραται.
2527 2318 2652 2382 Πῶς
2668 2314 2762 2372 οὐν
2785 2319 2888 2372 οὐκ
2913 2318 3113 2372 ἄτοπον
3139 2320 3186 2371 εί
3214 2317 3312 2388 μὲν
3340 2318 3609 2389 νοσήματι

2017 2403 2316 2473 σωματικῷ
2341 2403 2882 2475 προκατειλημμένον
2913 2403 3118 2473 ίδοιμέν
3142 2419 3283 2465 τινα,
3301 2401 3608 2466 ταλανίζειν

2016 2486 2200 2552 αὐτὸν,
2233 2486 2336 2540 κᾶν
2361 2485 2594 2557 εὔπορος
2620 2483 2676 2560 ᾖ,
2704 2487 2882 2558 ψυχῆς
2921 2487 2978 2540 δὲ
3013 2486 3201 2551 κακῶς
3229 2485 3604 2556 διακειμένης,

2016 2569 2216 2639 ψυχῆς,
2251 2565 2319 2642 ἦς
2350 2571 2482 2640 ἡμῖν
2512 2571 2625 2623 ἴσον
2649 2571 2799 2624 οὐδὲν
2835 2571 2955 2624 οὐδὲ
2987 2570 3331 2642 τιμιώτερον,
3368 2571 3608 2643 μακαρί-

2015 2652 2131 2716 ζειν
2164 2654 2230 2707 δι’
2252 2654 2408 2722 όλίγα
2442 2657 2724 2726 χρήματα,
2752 2655 2784 2726 ἢ
2839 2655 2926 2710 διὰ
2977 2657 3311 2727 πρόσκαιρον
3354 2656 3541 2726 τιμὴν,
3572 2655 3606 2726 ἥ

2013 2737 2230 2792 δι’ἀλλο
2273 2738 2382 2791 τῶν
2429 2738 2664 2792 ἐνταῦθα
2710 2739 2980 2809 μενόντων
3023 2739 3120 2792 καὶ
3166 2738 3304 2809 μετὰ
3334 2739 3432 2808 τῆς
3462 2737 3609 2808 ζωῆς

2016 2819 2169 2893 [755]
2200 2820 2424 2890 ταύτης,
2460 2822 2664 2892 μᾶλλον
2689 2821 2746 2876 δὲ
2781 2821 3038 2884 πολλάκις
3069 2821 3163 2875 καὶ
3193 2820 3300 2893 πρὸ
3323 2821 3419 2892 τῆς
3440 2821 3604 2890 ζωῆς,

2013 2907 2162 2975 ἡμᾶς
2206 2904 2725 2975 ἀπολιμπανόντωνς
2781 2905 2894 2975 Μὴ,
2930 2905 3255 2976 παρακαλῶ.
3288 2905 3472 2958 Ταῦτα
3507 2907 3609 2974 τῆς

2013 2988 2258 3059 ταραχῆς
2306 2990 2440 3058 ἡμῖν
2480 2987 2652 3045 αἴτια.
2680 2985 2850 3041 ταῦτα
2888 2987 3140 3058 θορύϐου.
3175 2988 3274 3042 Διά
3314 2989 3474 3043 τοῦτο
3512 2989 3608 3042 τοῦ

2016 3069 2149 3124 Θεοῦ
2215 3069 2582 3142 κατηγοροῦσι
2631 3069 2853 3137 πολλοὶ,
2905 3069 2992 3122 διά
3049 3069 3206 3124 τοῦτο
3255 3071 3345 3124 τὸν
3403 3072 3609 3142 κόσμον

2016 3156 2348 3226 ἀπρονόητον
2373 3154 2703 3226 νομίζουσιν.
2722 3155 2810 3218 Ὠς
2835 3155 2885 3206 εί
2907 3155 3105 3225 ᾔδεσαν
3127 3155 3208 3208 ὅτι
3230 3155 3380 3209 οὐδὲν
3405 3155 3608 3224 ἀγαθὸν

2019 3238 2076 3289 ἐν
2105 3237 2182 3308 τῷ
2212 3237 2440 3309 παρόντι
2475 3237 2595 3307 βίῳ,
2625 3237 2793 3309 ἀλλ’ἢ
2827 3238 2996 3310 ἀρετὴ
3047 3238 3229 3308 μόνον,
3259 3239 3321 3292 οὐ
3355 3238 3604 3303 πλοῦτος,

2017 3322 2078 3374 οὐ
2113 3323 2392 3394 χρήματα,
2427 3322 2526 3392 οὐχ
2556 3322 2758 3390 ὐγίεια,
2787 3323 2848 3374 οὐ
2891 3323 3202 3388 δυναστεία,
3232 3324 3331 3376 οὐκ
3362 3323 3491 3376 ἄλλο
3514 3324 3606 3377 οὐ·

2017 3407 2125 3472 δὲν,
2156 3408 2252 3460 καὶ
2293 3407 2369 3470 ὼς
2413 3407 2567 3460 οὐδὲν
2597 3407 2764 3460 κακὸν
2795 3409 2852 3460 ἐν
2892 3407 2971 3478 τῷ
3017 3408 3242 3478 παρόντι
3277 3401 3397 3479 βίῳ,
3429 3409 3544 3462 ἀλλ’
3573 3408 3606 3479 ἦ

2019 3491 2188 3544 κακία
2226 3491 2387 3562 μόνον
2433 3490 2529 3545 καὶ
2563 3491 2797 3563 πονηρία
2843 3491 2938 3544 xa‘v.
2983 3491 3283 3562 διαστροφὴ
3308 3491 3506 3562 ψυχῆς,
3543 3494 3605 3545 οὐ

2019 3574 2179 3627 πενία
2217 3574 2312 3628 καὶ
2335 3574 2509 3638 νόσος,
2539 3574 2632 3628 καὶ
2677 3575 2931 3645 ἐπήρεια,
2975 3573 3070 3626 καὶ
3111 3573 3485 3643 συκοφαντίαι,
3517 3575 3611 3628 καὶ

2015 3657 2087 3711 τά
2119 3657 2273 3719 ἄλλα,
2303 3656 2338 3710 ἀ
2363 3657 2645 3728 νομίζεται
2674 3651 2813 3709 εἶναι
2845 3655 3016 3719 δεινά,
3051 3656 3152 3708 οὐκ
3181 3657 3247 3710 ἄν
3279 3673 3409 3709 ποτε
3436 3656 3610 3713 ταῦτα

2017 3741 2366 3810 ἐφθέγξαντο,
2395 3741 2538 3811 άπερ
2576 3740 2692 3805 νῦν,
2723 3741 2824 3792 οὐκ
2854 3741 2918 3793 ἄν
2944 3755 3076 3792 ποτε
3107 3741 3163 3792 ἐν
3185 3737 3390 3810 ἀθυμίᾳ
3418 3741 3610 3810 διήγαο

2018 3841 2134 3892 γον,
2165 3825 2265 3877 οὐκ
2300 3824 2365 3878 ἀν
2397 3841 2526 3877 ποτε
2567 3823 2912 3894 ἐμακάρισαν
2956 3821 3050 3884 οὓς
3079 3821 3384 3886 ταλανίζειν
3416 3824 3606 3894 ἐχρῆν,

2017 3910 2118 3962 οὐκ
2143 3909 2206 3964 ἀν
2239 3925 2369 3961 ποτε
2403 3908 2724 3962 ἐταλάνισαν
2755 3905 2851 3969 οὐς
2884 3905 3214 3977 μακαρίζειν
3250 3905 3377 3970 ἔδει,
3411 3907 3513 3961 οὐκ
3543 3909 3610 3962 ἂν

2018 3993 2094 4056 ὼς
2123 3993 2249 4062 περὶ
2281 3992 2450 4044 ὄντων
2481 3989 2590 4043 τῶν
2627 3987 2931 4059 ἀνθρώπων
2957 3987 3237 4042 διέκειντο.
3275 3989 3348 4044 Τὸ
3379 3990 3488 4061 γάρ
3517 3991 3610 4044 ἐπὶ

2019 4074 2379 4146 πολυσαρκίᾳ,
2408 4075 2500 4128 καὶ
2524 4072 2738 4142 δαψιλεῖ
2766 4073 2963 4142 φάτνῃ,
2997 4071 3091 4125 καὶ
3119 4071 3271 4142 ὕπνῳ
3303 4073 3483 4142 πολλῷ
3505 4091 3610 4143 μα-

2018 4157 2265 4229 καρίζειν
2313 4155 2633 4228 ἀνθρώπους
2665 4155 2816 4209 οὐδὲν
2849 4153 3034 4225 ἔτερόν
3078 4154 3246 4217 ἐστιν,
3282 4155 3314 4224 ἦ
3350 4154 3427 4218 ὼς
3479 4159 3608 4227 περὶ

2017 4243 2229 4312 ἀλόγων
2274 4240 2611 4296 διακεῖσθαι·
2661 4239 2784 4293 ἐπεὶ
2818 4239 2913 4292 καὶ
2945 4237 3169 4292 ἐκείνων
3199 4238 3354 4292 τοῦτό
3385 4241 3533 4292 ἐστιν
3571 4245 3603 4310 η

2018 4327 2310 4396 εὐπραγία,
2341 4324 2541 4396 μᾶλλον
2570 4324 2626 4378 δὲ
2652 4323 2748 4377 καὶ
2780 4324 2838 4376 ἐν
2865 4325 2978 4386 τοῖς
3006 4323 3224 4392 ἀλόγοις
3253 4325 3420 4386 κακία
3449 4324 3606 4378 τοῦτό

2017 4414 2154 4467 ἐστι.
2183 4411 2374 4465 Πολλοὶ
2405 4409 2535 4479 γοῦν
2572 4409 2665 4462 καὶ
2689 4407 2798 4461 ὄνοι
2822 4409 2914 4461 καὶ
2942 4408 3099 4460 ἵπποι
3122 4407 3510 4480 διεφθάρησαν,
3548 4410 3604 4462 ἐν

2017 4495 2186 4566 ἀργίᾳ
2214 4496 2308 4548 καὶ
2337 4491 2615 4563 ἀδηφαγίᾳ
2653 4490 2874 4556 ζῶντες.
2907 4487 3058 4555 Εἶτα,
3093 4492 3184 4543 ἐπὶ
3213 4491 3312 4562 μὲν
3339 4494 3446 4546 τῶν
3476 4493 3602 4546 ἀλόο

2017 4592 2130 4644 γων
2175 4575 2350 4639 ζώων,
2385 4569 2466 4636 οἷς
2511 4575 2546 4642 ή
2585 4573 2733 4624 πᾶσα
2783 4569 2952 4641 ἀρετὴ
3001 4571 3060 4623 ἐν
3098 4570 3280 4642 εὐεξίᾳ
3329 4569 3599 4642 σώματος,

2021 4657 2281 4728 βλαϐερὸν
2323 4655 2509 4708 τοῦτο’
2561 4653 2654 4706 ἐπὶ
2701 4651 2758 4706 δὲ
2795 4653 2901 4705 τῶν
2934 4651 3258 4724 ἀνθρώπων,
3292 4652 3372 4718 οἷς
3406 4657 3512 4708 πᾶν
3541 4657 3602 4710 τὸ

2023 4743 2183 4812 κῦρος
2213 4743 2271 4794 ἐν
2305 4744 2371 4810 τῇ
2397 4739 2496 4809 τῆς
2523 4737 2701 4808 ψυχῆς
2725 4737 2988 4806 εὐγενείᾳ,
3016 4737 3218 4807 ἀρετὴν
3248 4737 3402 4790 τοῦτο
3433 4739 3597 4810 θησό-

2021 4827 2180 4897 μεθα,
2211 4827 2305 4880 καὶ
2332 4826 2432 4878 οὐκ
2464 4819 2936 4892 αἰσχυνθησόμεθα
2967 4819 3056 4872 τὸν
3083 4821 3329 4892 οὐρανὸν,
3354 4824 3446 4875 καὶ
3471 4826 3599 4889 τούς

2016 4911 2114 4981 τῆς
2147 4910 2324 4980 ψυχῆς
2364 4907 2520 4979 ἡμῶν
2554 4907 2835 4974 συγγενεῖς
2871 4903 3164 4972 ἀγγέλους;
3206 4905 3304 4957 οὐκ
3343 4905 3596 4979 ἐρυθριᾷς

2017 4997 2110 5048 καὶ
2136 4993 2304 5064 αὐτὴν
2327 4992 2420 5045 τοῦ
2452 4989 2703 5060 σώματος
2726 4988 2824 5059 τὴν
2850 4986 3010 5055 φύσιν
3033 4987 3128 5040 καὶ
3157 4986 3253 5058 τὴν
3279 4988 3590 5056 διάπλασινξ

2015 5079 2075 5132 οὐ
2112 5079 2220 5149 γὰρ
2251 5077 2439 5146 ῶσπερ
2465 5078 2577 5138 τοῖς
2609 5073 2844 5141 ἀλόγοις,
2883 5071 3026 5124 οῦτω
3061 5072 3154 5124 καὶ
3191 5074 3323 5143 ἡμῖν
3356 5075 3486 5129 αὐτὸ
3513 5077 3591 5130 διο

2015 5163 2294 5216 ετύπωσεν
2347 5163 2375 5212 ὁ
2419 5160 2574 5223 Θεὸς,
2603 5156 2816 5219 ἀλλ’ὡς
2863 5155 3072 5226 πρέπον
3118 5151 3186 5226 ἦν
3230 5157 3419 5227 μέλλον
3445 5159 3592 5230 ψυχῇ

2014 5248 2204 5318 λογικῇ
2234 5247 2328 5300 καὶ
2358 5244 2610 5313 ἀθανάτῳ
2639 5242 2925 5296 διακονεῖν.
2969 5240 3067 5293 Διὰ
3112 5241 3164 5294 τί
3201 5241 3309 5310 γὰρ
3351 5245 3460 5306 τοῖς
3496 5245 3594 5312 μὲν

2013 5331 2227 5398 ἀλόγοις
2257 5331 2389 5382 πᾶσι
2421 5327 2571 5380 κάτω
2606 5325 2854 5386 νεύοντας
2883 5324 3102 5393 ἐποίησε
3132 5324 3257 5382 τούς
3283 5322 3594 5393 ὀφθαλμοὺς

2010 5419 2039 5470 ὁ
2076 5418 2230 5478 Θεὸς,
2263 5415 2346 5466 σοὶ
2377 5413 2434 5466 δὲ
2461 5410 2713 5480 καθάπερ
2741 5411 2799 5461 ἐν
2824 5407 3113 5478 ἀκροπόλει
3158 5409 3221 5475 τῇ
3254 5407 3462 5478 κεφαλῇ
3500 5412 3594 5478 φέ-

2015 5520 2122 5573 ρων
2157 5500 2351 5560 αὐτοὺς
2389 5495 2783 5565 ἐγκατέθηκεν;
2835 5494 2932 5545 οὐκ
2981 5490 3168 5560 ἐπειδὴ
3217 5493 3444 5556 ἐκείνοις
3494 5496 3594 5562 μὲν

2011 5584 2161 5636 οὐδὲν
2188 5582 2322 5650 πρὸς
2353 5581 2442 5634 τὸν
2469 5579 2698 5648 οὐρανὸν
2725 5575 2920 5631 κοινὸν.
2954 5573 3032 5625 σοὶ
3055 5573 3110 5626 δὲ
3137 5573 3367 5643 μάλιστα
3389 5575 3455 5628 τὰ
3485 5577 3596 5629 ἀνω

2079 5741 2098 5766 τ
2128 5735 2261 5788 Colb.
2292 5735 2608 5799 ἐξορύττληται.

3190 5813 3268 5872 22
