4080 6198
342 175 448 230 753

345 284 561 352 indidit,
596 283 689 342 tibi
720 299 849 340 vero
880 284 930 340 in
960 287 1132 358 capite
1161 304 1258 345 ceu
1303 290 1354 344 in
1399 307 1521 348 arce
1567 293 1683 356 illos
1714 295 1941 349 enllnca-

346 379 459 433 vit?
503 392 682 433 nonne
725 378 846 449 quia
878 380 980 435 illis
1012 381 1138 435 nihil
1180 397 1299 435 cum
1331 384 1462 438 (uelo
1503 400 1821 453 commune,
1852 387 1944 441 tibi

344 484 474 524 vero
496 480 554 524 ut
574 483 805 539 superna
833 473 1295 542 contemplarcris,
1325 475 1404 528 lex
1433 491 1462 529 a
1493 476 1601 530 Deo
1620 487 1673 531 et
1697 493 1726 530 a
1758 487 1944 532 natura

315 562 459 628 ipsa
491 560 558 613 ab
587 560 739 614 initio
782 561 949 630 posita
978 563 1099 617 est?
1135 564 1241 618 Cur
1285 579 1482 636 corpus
1522 575 1666 622 tuum
1708 577 1944 623 erectum

352 650 498 713 fecit,
533 650 638 704 illis
668 664 798 705 vero
828 654 1092 721 pronum?
1120 669 1298 710 annon
1339 657 1524 714 eadem
1553 659 1619 714 de
1659 675 1818 714 causa
1843 702 1856 724 ,
1887 669 1945 714 ut

346 755 413 794 ex
444 739 557 809 ipsa
585 739 903 798 formatione
932 744 1170 800 erudirct
1199 756 1270 812 te,
1303 757 1358 801 nt
1388 748 1514 802 nihil
1545 764 1828 804 commune
1859 749 1948 804 ha-

351 831 512 887 beres
539 847 661 887 cum
683 841 824 888 terra
850 876 865 898 ,
898 850 1071 904 neque
1113 839 1461 907 prmscntibus
1507 841 1666 896 rebus
1703 842 1944 897 adfuere-

348 925 472 979 res?
498 924 574 981 Ne
603 925 782 997 itaque
808 928 1138 984 nobilitatem
1164 932 1448 1001 prodamus
1475 943 1739 1000 nostram,
1770 951 1944 1006 neque

350 1015 419 1068 ad
450 1015 726 1071 brntorutn
770 1018 1154 1088 ignobilitatem
1193 1023 1523 1088 delabamur,
1569 1042 1635 1082 ne
1681 1027 1748 1083 de
1791 1030 1942 1083 nobis

351 1105 496 1160 dicat
522 1106 688 1161 illud:
718 1107 884 1163 Homo
911 1127 1026 1165 cum
1053 1114 1104 1165 in
1135 1113 1326 1183 liquore
1352 1125 1514 1180 esset,
1549 1133 1651 1170 non
1693 1119 1940 1174 intellexit

354 1194 521 1269 (Psat.
549 1199 638 1253 48.
669 1199 786 1269 21).
819 1201 950 1256 Nam
979 1203 1184 1257 deliciis
1205 1247 1218 1269 ,
1251 1204 1480 1271 divitiis,
1513 1207 1944 1278 gloria,pr:esen-

360 1290 612 1360 tibusque
651 1292 813 1347 rebus
843 1291 1150 1349 felicitatem
1179 1296 1300 1351 vit-.e
1327 1299 1766 1355 circumscribere
1786 1341 1801 1367 ,
1836 1317 1939 1358 non

1488 181 1574 236 DE
1610 180 1786 236 FATO
1829 180 1911 234 ΕΤ
1955 181 2434 244 ι’ἪΟῊυΕΝἸἹᾹ.
2476 189 2541 247 ll.

3537 206 3638 259 755

2054 309 2136 353 est
2169 300 2441 357 hominum
2485 306 2749 375 propriam
2785 309 3106 367 nobilitatem
3152 315 3637 384 considerantium,

2051 391 2144 444 sed
2176 390 2448 449 hominum
2483 397 2634 466 equis
2670 406 2725 454 et
2751 401 2917 455 asinis
2955 403 3228 457 similium.
3262 404 3455 461 Verum
3499 409 3638 464 absit

2053 489 2108 534 ut
2141 481 2274 536 tales
2301 482 2386 538 hic
2415 485 2591 540 adsint
2623 487 2674 541 in
2702 498 2888 545 sancto
2916 490 3081 546 choro
3123 508 3186 548 ac
3232 494 3441 551 theatro
3479 499 3637 566 spiri-

2054 573 2202 637 tuali,
2234 585 2607 646 conventuque
2647 579 2916 649 religioso.
2942 581 3066 638 Ideo
3111 584 3252 638 enim
3282 586 3518 653 quotidie
3552 589 3639 640 di-

2052 663 2158 717 vini
2193 665 2341 720 verbi
2373 667 2748 735 przedicationc
2777 670 3022 739 fruimur,
3051 684 3106 726 ut
3138 675 3302 729 verbo
3328 678 3476 744 quasi
3503 677 3638 732 falce

2051 757 2288 824 praecisis
2315 761 2740 829 sylvcsccntibus
2766 764 2928 818 animi
2969 765 3170 822 morbis
3189 809 3204 834 ,
3235 767 3518 824 fructifera:
3545 785 3636 824 ar-

2051 847 2208 904 bores
2251 850 2454 916 simus,
2497 851 2834 925 fructumque
2880 859 3254 927 tempestivum
3300 859 3536 916 feramus
3587 863 3637 917 in

2052 940 2256 1010 regium
2301 941 2552 998 horreum
2601 945 3018 1015 deponendum,
3062 949 3151 1018 qui
3179 949 3403 1021 gloriam
3442 952 3639 1007 referat

2048 1032 2316 1084 communi
2352 1033 2575 1090 Domino
2601 1045 2654 1090 et
2681 1038 2871 1092 cultori
2903 1039 3200 1094 animarum
3228 1053 3552 1107 nostrarum,
3583 1055 3639 1098 ct

2051 1123 2204 1178 nobis
2229 1125 2388 1179 vitam
2420 1135 2695 1194 mternam,
2729 1144 2887 1198 quam
2915 1146 3013 1186 nos
3040 1146 3227 1186 omnes
3256 1136 3466 1204 assequi
3503 1151 3635 1190 con-

2047 1214 2243 1286 tingat,
2275 1217 2443 1286 gratia
2469 1227 2524 1272 et
2548 1218 2870 1289 benignitate
2910 1221 3120 1276 Domini
3145 1224 3309 1277 nostri
3335 1224 3460 1278 lesu
3488 1223 3644 1280 Chri-

2049 1307 2135 1367 sti,
2157 1308 2238 1362 cui
2257 1323 2376 1362 cum
2404 1309 2560 1366 Patre
2587 1310 2850 1380 simulque
2875 1320 3062 1368 sancto
3089 1311 3310 1383 Spiritu,
3329 1313 3516 1384 gloria,
3534 1324 3638 1368 etc.

357 1431 3622 1468 Μ

1177 1539 1335 1619 DE
1383 1540 1684 1623 FATO
1732 1541 1880 1623 ET
1937 1541 2756 1629 PROVIDENTIA.

1641 1717 2363 1756 WWUWW

1018 1878 1212 1918 ORATIO
1247 1879 1302 1916 Il.

434 2039 678 2110 Magnum
730 2040 918 2094 crimen
949 2040 1290 2110 blasphemia;
1319 2041 1457 2096 uaria
1486 2041 1810 2112 blasphemia:
1863 2061 1949 2115 ge-

361 2147 502 2184 nere.
531 2160 602 2170 —
625 2131 723 2197 Qui
750 2131 999 2184 maledicit
1029 2133 1164 2202 patri
1185 2141 1274 2186 aut
1310 2132 1481 2200 matri,
1525 2144 1684 2188 morte
1707 2136 1950 2190 moriatur

366 2221 558 2293 (Exod.
585 2222 676 2277 21.
708 2224 796 2295 l7)
825 2241 837 2276 :
866 2223 982 2279 [nec
1008 2223 1091 2279 lex
1137 2224 1188 2279 in
1220 2225 1386 2280 veteri
1410 2225 1753 2283 Testamento
1780 2228 1948 2297 posita

359 2321 498 2378 erat,
551 2313 765 2384 quando
810 2330 914 2369 non
961 2330 1152 2386 magna
1188 2325 1304 2370 erat
1336 2316 1522 2386 optimi
1563 2317 1686 2372 vita:
1725 2318 1949 2373 instituti

357 2405 648 2480 accuratio,
677 2405 888 2475 quando
916 2406 1129 2462 inducta
1157 2415 1240 2462 est
1277 2407 1544 2476 divinitas,
1575 2409 1789 2480 quando
1815 2426 1948 2481 puc-

363 2495 480 2549 rilia
530 2505 814 2566 praecepta,
861 2496 1074 2565 quando
1113 2498 1214 2563 lac,
1249 2498 1585 2568 paedagogus,
1620 2499 1856 2565 lucerna,
1887 2503 1948 2554 fio

359 2601 512 2656 gura,
541 2587 750 2643 umbra.
780 2587 920 2656 Quid
959 2589 1068 2658 jam
1097 2588 1390 2645 dixerimus
1420 2590 1487 2646 de
1532 2591 1596 2645 iis
1621 2591 1709 2661 qui
1732 2607 1873 2647 nunc
1898 2593 1950 2647 in

363 2687 603 2748 tempore
629 2681 816 2751 gratim
844 2690 896 2736 et
924 2681 976 2736 in
1009 2698 1185 2738 rerum
1215 2683 1436 2739 veritate
1468 2683 1709 2739 viventes
1735 2685 1950 2754 quando

364 2780 508 2826 tanta
532 2774 832 2843 cognitione
851 2772 1116 2839 fruuntur,
1149 2775 1247 2844 ipsi
1277 2792 1380 2830 non
1408 2776 1539 2845 patri
1567 2785 1622 2832 et
1646 2776 1826 2842 matri,
1856 2777 1950 2833 sed

369 2865 479 2920 Deo
504 2865 870 2920 universorum
898 2866 1263 2922 maledicunt?
1289 2867 1554 2938 quodnam
1582 2868 1699 2922 illos
1725 2869 1953 2938 excipiet

363 2958 718 3028 supplicium?
759 2959 879 3028 quis
925 2959 1190 3014 cruciatus
1221 2959 1467 3029 nequitia:
1497 2967 1653 3015 Lauta:
1679 2974 1775 3029 par
1813 2960 1953 3015 erit?

360 3051 484 3120 quis
512 3049 701 3105 fluvius
727 3051 960 3122 igneus!
977 3051 1095 3121 quis
1119 3051 1316 3106 vermis
1347 3051 1683 3118 immortalis,
1713 3069 1832 3121 qua:
1866 3062 1949 3108 te-

365 3141 545 3196 nebrae
570 3144 883 3210 exteriores,
912 3159 1032 3213 quae
1057 3143 1286 3209 vincula,
1314 3142 1432 3214 quis
1459 3143 1677 3209 stridor,
1704 3145 1823 3214 quis
1853 3143 1952 3198 flc-

366 3234 489 3287 tus?
514 3233 703 3288 Omnia
749 3244 1032 3301 tormenta,
1061 3251 1178 3306 qua:
1205 3235 1312 3305 jam
1353 3245 1498 3300 sunt,
1537 3244 1594 3290 et
1632 3252 1750 3306 qua:
1777 3235 1952 3291 futura

365 3334 510 3391 sunt,
543 3341 650 3380 non
692 3325 960 3382 sufficient
997 3328 1189 3382 anima:
1216 3328 1293 3382 sic
1321 3326 1524 3384 affectae
1563 3336 1618 3383 et
1657 3328 1708 3382 in
1751 3335 1950 3382 tantam

366 3417 652 3486 nequitiam
686 3417 866 3487 lapsa.
900 3417 1251 3488 Blasphcmize
1276 3429 1453 3474 autem
1501 3420 1644 3475 modi
1687 3421 1838 3474 multi
1864 3435 1954 3474 va-

367 3508 538 3578 riique
564 3518 721 3574 sunt;
749 3525 882 3580 quos
910 3525 1132 3567 necesse
1157 3521 1240 3566 est
1267 3510 1426 3567 hodie
1447 3526 1638 3568 omnes
1660 3527 1950 3582 exponere,

365 3609 424 3654 ut
447 3601 502 3655 in
542 3601 742 3657 nullum
789 3617 974 3659 eorum
1001 3612 1191 3673 sponte
1223 3605 1482 3668 labamur,
1519 3621 1692 3675 neque
1721 3605 1950 3660 amicum

371 3692 451 3747 vel
479 3693 748 3748 inimicum
775 3696 1078 3765 quempiam
1107 3696 1354 3750 similiter
1382 3697 1585 3766 lapsum
1605 3697 1952 3767 negligamus.

368 3782 577 3838 Nullum
603 3785 768 3849 enim,
801 3785 1003 3840 nullum
1037 3785 1216 3856 utique
1249 3793 1335 3846 est
1362 3795 1633 3855 peccatum
1674 3786 1774 3842 hoc
1799 3787 1952 3841 dete-

335 3863 346 3878 “
370 3876 500 3942 rius,
533 3877 734 3932 nullum
754 3878 989 3948 aequale;
1021 3878 1115 3934 sed
1134 3878 1548 3934 additamentum
1575 3879 1832 3934 malorum
1849 3888 1952 3946 est,

367 3969 508 4038 quod
551 3971 726 4048 omnia
772 3971 1073 4038 confundit,
1126 3972 1270 4043 quod
1319 3973 1622 4043 inexpiabili
1661 3983 1715 4028 et
1764 3973 1953 4027 intole-

368 4060 536 4114 rando
562 4061 808 4130 plectitur
832 4063 1112 4133 supplicio.
1141 4064 1369 4131 Quinam
1395 4066 1632 4134 suntqui
1660 4066 1768 4122 Deo
1792 4067 1956 4122 male-

368 4150 700 4220 dicunt?Qui
725 4153 953 4224 sapienti
978 4155 1094 4225 ejus
1115 4155 1459 4226 providentiae
1479 4155 1568 4210 fati
1589 4156 1953 4211 confusionem

369 4249 426 4295 et
467 4245 838 4300 necessitatem
882 4261 984 4301 ceu
1027 4262 1240 4304 murum
1271 4254 1566 4316 Opponunt.
1615 4247 1771 4302 Certe
1813 4247 1955 4319 quod

373 4333 636 4400 infideles,
667 4336 755 4405 qui
787 4336 926 4407 ligna
956 4346 1012 4394 et
1052 4338 1257 4408 lapides
1280 4338 1480 4396 insulse
1507 4339 1765 4402 mirantur
1785 4349 1838 4393 ct
1861 4355 1956 4395 co-

373 4424 507 4488 lunt,
541 4425 641 4481 hoc
684 4427 927 4484 laborent
955 4430 1164 4498 morbo,
1199 4431 1329 4492 nihil
1360 4431 1551 4488 mirum
1572 4447 1588 4498 ;
1613 4430 1754 4501 quod
1778 4445 1955 4486 autem

373 4515 430 4581 ii,
462 4516 551 4586 qui
597 4516 665 4571 ab
704 4517 805 4575 hoc
841 4533 1025 4575 errore
1065 4530 1122 4578 et
1165 4523 1417 4578 servitute
1459 4520 1662 4576 liberati
1693 4529 1835 4590 sunt,
1866 4522 1956 4592 qui

370 4608 675 4677 cognitione
716 4609 811 4666 Dei
836 4609 1034 4682 dignati
1064 4621 1208 4677 sunt,
1235 4612 1388 4681 quasi
1429 4627 1497 4668 ex
1539 4627 1781 4683 regressu
1826 4628 1959 4682 quo-

375 4700 514 4769 piam
546 4701 599 4755 in
628 4701 765 4758 hanc
790 4703 1097 4772 procellam,
1148 4704 1199 4760 in
1237 4703 1379 4760 hunc
1406 4705 1713 4772 cogitatum,
1747 4705 1796 4762 in
1819 4705 1953 4763 hanc

371 4793 659 4848 amentiam
702 4795 1024 4856 redderent.
1065 4795 1192 4851 illud
1223 4806 1303 4850 cst
1329 4795 1719 4867 gravissimum,
1752 4797 1958 4852 multis-

365 4898 478 4952 que
525 4899 652 4942 vere
700 4881 948 4958 lacrymis
989 4887 1305 4958 (ictibusque
1355 4887 1572 4956 dignum
1604 4903 1619 4943 :
1647 4887 1857 4958 quando
1898 4888 1952 4953 ii,

373 4975 462 5043 qui
512 4990 574 5030 se
612 4975 883 5036 Christum
928 4978 1152 5034 adorare
1193 4980 1396 5046 dicunt,
1423 4978 1512 5049 qui
1552 4979 1717 5035 tantis
1757 4979 1956 5048 dignati

375 5077 500 5120 simi
526 5069 812 5139 mysteriis,
845 5071 1054 5125 arcanis
1084 5071 1268 5129 imbuti
1287 5070 1646 5140 dogmatibus,
1669 5080 1723 5125 et
1748 5071 1959 5140 sapien-

378 5156 446 5208 tia
478 5157 564 5212 illa
593 5173 713 5228 quae
744 5173 809 5214 ex
843 5159 991 5215 caalis
1037 5159 1102 5215 ad
1149 5175 1246 5214 nos
1274 5159 1448 5216 delata
1475 5168 1576 5226 est,
1610 5168 1729 5230 post
1755 5169 1956 5216 tantum

376 5246 656 5312 honorem.
686 5265 843 5320 quem
870 5265 897 5302 a
923 5250 1037 5308 Deo
1061 5250 1408 5320 acceperunt,
1438 5251 1644 5320 seipsos
1662 5251 1958 5320 prmcipites

375 5349 558 5407 agunt.
586 5346 744 5410 atque
771 5355 800 5398 a
828 5340 1091 5404 libertate.
1117 5355 1276 5412 quam
1305 5341 1432 5412 ipsis
1448 5340 1590 5396 Deus
1617 5341 1833 5411 largitus
1853 5351 1956 5406 est,

377 5444 436 5483 se
455 5429 736 5490 admodum
765 5430 933 5487 insani
956 5431 1230 5502 dejiciunt,
1257 5433 1688 5504 gravissimeque
1711 5449 1770 5488 se
1794 5433 1960 5503 subji-

378 5525 525 5578 ciunt
578 5525 840 5593 servituti,
898 5525 1023 5582 dum
1073 5526 1393 5582 horrendam
1430 5525 1788 5598 tyrannidem,
1841 5542 1961 5595 qua:

383 5630 670 5685 numquam
697 5615 818 5685 fuit,
849 5618 1081 5690 cogitatu
1118 5618 1337 5690 fingunt,
1363 5627 1416 5674 ct
1450 5633 1600 5690 spem
1637 5618 1826 5675 bonam
1865 5634 1960 5674 cx-

2057 1864 2322 1930 scindunt,
2359 1882 2656 1935 nervosque
2680 1883 2865 1922 eorum
2887 1910 2900 1934 ,
2928 1868 3018 1938 qui
3060 1869 3238 1924 virtuti
3279 1869 3512 1935 student,
3543 1884 3635 1923 ex-

2053 1957 2296 2014 scindere
2323 1958 2555 2014 student.
2575 1959 3030 2027 Qucmadmodum
3059 1962 3110 2018 in
3127 1962 3267 2018 bello
3288 1963 3479 2017 milites
3503 1972 3638 2018 stre-

2053 2063 2188 2107 nuos
2208 2059 2262 2104 et
2287 2051 2518 2108 animam
2551 2067 2648 2120 pro
2672 2051 2841 2121 patria
2870 2051 3144 2111 effundere
3171 2065 3385 2124 paratos
3410 2069 3636 2109 cernens

2055 2142 2296 2198 inimicus
2318 2143 2600 2214 quispiam,
2621 2145 2712 2214 qui
2743 2160 2842 2200 nec
2865 2159 2959 2200 eos
2978 2145 3086 2200 alio
3111 2144 3272 2200 modo
3301 2145 3515 2213 laedere,
3542 2161 3639 2200 ne-

2019 2289 2034 2296 ,
2051 2248 2156 2303 que
2174 2247 2204 2288 a
2237 2234 2414 2291 studio
2439 2249 2567 2305 erga
2598 2251 2777 2306 regem
2801 2251 3048 2304 avocare,
3079 2253 3250 2308 neque
3279 2236 3495 2292 timidos
3517 2238 3640 2293 effi-

2054 2339 2200 2390 cere,
2235 2339 2408 2395 neque
2429 2325 2693 2381 machinis
2717 2341 2970 2397 superare
2995 2336 3186 2397 potest,
3215 2328 3321 2382 alio
3343 2329 3461 2384 illos
3484 2330 3644 2384 modo

2053 2415 2365 2486 corrumpit,
2392 2415 2726 2486 suadereque
2753 2425 2977 2472 conatur
3019 2419 3207 2474 frustra
3250 2418 3390 2484 illos,
3442 2429 3641 2475 temere

2053 2516 2106 2560 et
2129 2507 2246 2561 sine
2266 2521 2424 2561 causa
2453 2516 2654 2563 tantum
2687 2509 2959 2576 suscipere
2985 2509 3244 2573 laborem,
3272 2510 3344 2565 ita
3372 2519 3430 2565 ut
3455 2525 3642 2566 eorum

2054 2611 2244 2651 manus
2270 2597 2526 2664 debilitet,
2554 2598 2717 2652 robur
2745 2599 2979 2669 dejiciat,
3007 2600 3169 2654 animi
3193 2600 3424 2656 studium
3451 2602 3644 2657 exstin-

2053 2695 2198 2754 gnat,
2227 2694 2286 2740 ut
2306 2685 2389 2740 his
2413 2686 2660 2742 omnibus
2679 2702 2708 2742 a
2731 2687 2998 2758 pugnandi
3021 2688 3196 2743 studio
3216 2700 3442 2755 amotos,
3467 2691 3640 2745 nudos

2054 2788 2107 2832 et
2136 2777 2367 2833 inermes
2391 2776 2694 2841 advertens.
2716 2778 2923 2834 vinctos
2951 2779 3165 2834 demum
3198 2779 3250 2833 in
3275 2781 3638 2849 captivitatem

2053 2868 2282 2924 adducat
2309 2887 2322 2922 :
2350 2869 2428 2925 sic
2453 2877 2508 2924 et
2531 2867 2776 2925 diabolus
2800 2867 2942 2925 fecit.
2973 2870 3103 2924 Cum
3133 2869 3335 2926 videret
3356 2874 3640 2926 maximam

2054 2961 2201 3016 orbis
2247 2970 2450 3032 partem
2497 2961 2590 3017 Dei
2633 2963 2800 3032 gratia
2830 2964 3106 3034 gentilium
3133 2980 3368 3020 errorem
3397 2965 3640 3029 irridere,

2057 3054 2283 3123 totisque
2309 3053 2471 3107 animi
2499 3053 2700 3108 viribus
2729 3053 2948 3109 verbum
2977 3070 3115 3108 vera:
3146 3054 3419 3125 religionis
3445 3053 3640 3124 pradi-

2053 3161 2211 3215 carc;
2253 3146 2375 3201 hinc
2403 3161 2532 3203 vero
2574 3162 2825 3218 magnum
2867 3147 3076 3202 virtutis
3113 3147 3346 3204 studium
3396 3162 3638 3211 manare.

2056 3239 2390 3308 multumque
2438 3239 2690 3310 nequitiae
2713 3247 3078 3309 contemptum
3103 3255 3118 3292 :
3156 3254 3263 3294 non
3291 3254 3448 3294 ausus
3469 3239 3642 3308 palam

2056 3327 2254 3392 dicere,
2287 3327 2502 3383 Deficite
2528 3344 2558 3382 a
2585 3329 2821 3396 Christo,
2857 3329 2974 3398 ejus
3011 3329 3258 3399 dogmata
3301 3329 3537 3393 irridete,
3569 3329 3644 3382 fa-

2057 3419 2194 3474 bul-.c
2221 3429 2344 3474 sunt
2381 3429 2434 3474 et
2462 3435 2693 3487 errores,
2735 3424 2850 3492 ipse
2890 3419 3138 3476 Christus
3173 3421 3444 3491 improbus
3467 3430 3523 3476 et
3562 3421 3644 3474 in-

2057 3511 2323 3568 humanus
2349 3522 2432 3567 est
2457 3531 2469 3566 :
2499 3512 2645 3567 novit
2669 3513 2810 3568 enim
2838 3528 2934 3568 eos
2968 3513 3038 3567 ita
3066 3513 3232 3582 magis
3266 3529 3296 3567 a
3323 3528 3416 3567 sua
3458 3524 3641 3584 tyran-

2057 3604 2180 3659 nide
2220 3619 2546 3672 recessuros,
2575 3613 2629 3660 et
2677 3604 2730 3659 in
2782 3605 2953 3674 majus
3004 3604 3085 3658 sui
3128 3603 3307 3659 odium
3352 3613 3633 3658 venturos.

2057 3694 2287 3763 Ideoque
2327 3710 2432 3748 non
2478 3703 2618 3749 recta
2648 3695 2728 3748 via
2761 3694 3181 3749 criminationem
3213 3693 3386 3755 offert.
3415 3693 3510 3750 sed
3541 3695 3644 3750 cir-

2056 3786 2287 3840 cuitione
2311 3801 2458 3852 usus,
2489 3786 2662 3856 impia:
2681 3785 2973 3855 disciplina:
2993 3786 3139 3840 virus
3159 3785 3456 3840 clanculum
3491 3799 3644 3854 spar-

2053 3879 2152 3948 git,
2179 3877 2358 3946 specie
2384 3877 2596 3946 quidem
2626 3879 2770 3946 ipsos
2799 3878 2852 3932 in
2885 3877 2986 3932 fide
3013 3892 3231 3932 manere
3271 3878 3473 3943 sincns,
3502 3877 3646 3930 radi-

2058 3969 2195 4023 citus
2210 3974 2386 4023 antem
2408 3969 2550 4022 illam
2569 3967 2826 4035 evellens,
2841 3968 3124 4038 omniaque
3142 3967 3378 4023 veritatis
3393 3967 3640 4037 dogmata

2058 4062 2432 4132 pessmndans,
2461 4071 2620 4133 atque
2649 4062 2701 4116 in
2725 4063 3082 4132 obsequentes
3105 4061 3206 4116 sibi
3243 4061 3486 4115 homines
3530 4075 3644 4114 ma-

2058 4168 2216 4222 gnam
2248 4153 2529 4210 effundens
2569 4163 2756 4209 contra
2788 4155 2952 4210 Deum
2979 4153 3320 4209 calumniam.
3352 4152 3642 4221 Propterea

2058 4244 2126 4299 ab
2148 4244 2238 4301 illo
2261 4245 2360 4300 hoc
2380 4261 2643 4301 venenum
2677 4255 2732 4300 et
2757 4245 3026 4300 mortifera
3058 4244 3146 4298 fati
3177 4245 3457 4313 pharmaca
3485 4242 3643 4296 ador-

2059 4344 2182 4389 nata
2222 4347 2365 4404 sunt,
2398 4347 2455 4391 ut
2481 4337 2659 4392 omnia
2695 4352 2816 4407 qua
2865 4337 2974 4391 dixi
3017 4335 3152 4390 clam
3193 4334 3424 4400 invehat,
3481 4342 3641 4403 utque

2059 4427 2352 4485 doctrinam
2392 4429 2654 4500 fidemque
2701 4438 2937 4484 nostram
2978 4443 3166 4483 vanam
3214 4441 3332 4484 esse
3375 4425 3640 4491 ostendat,

2061 4519 2468 4591 hominibusque
2492 4521 2710 4576 suadeat
2736 4521 2932 4575 malum
2954 4519 3021 4575 de
3049 4519 3157 4574 Deo
3199 4517 3340 4573 ferre
3360 4516 3640 4587 judicium.

2058 4610 2211 4679 Quod
2251 4611 2412 4666 etiam
2456 4611 2604 4665 initio
2627 4612 2768 4665 circa
2813 4610 3074 4665 Adamum
3121 4608 3262 4672 fecit,
3291 4609 3453 4663 Deum
3491 4605 3644 4677 quasi

2062 4700 2295 4756 invidum
2325 4701 2651 4756 criminatus.
2682 4700 2814 4756 Illud
2849 4700 2990 4755 enim
3015 4714 3149 4770 pene
3174 4699 3304 4752 dixit
3322 4697 3446 4752 dum
3475 4696 3646 4750 horta-

2061 4806 2209 4848 retur
2236 4793 2482 4850 :Sciebat
2505 4793 2662 4861 Deus,
2683 4793 2872 4863 inquit,
2895 4791 3080 4847 oculos
3102 4799 3307 4844 vestros
3331 4787 3665 4880 aperiendas.

2060 4897 2201 4948 esse,
2233 4883 2434 4940 sciebat
2461 4897 2556 4940 vos
2581 4883 2732 4954 quasi
2761 4883 2891 4938 deus
2916 4882 3119 4936 futuros
3147 4895 3286 4946 esse,
3311 4879 3498 4933 invidit
3525 4879 3646 4932 huic

2059 4973 2252 5030 honori
2277 4986 2456 5034 vestro
2493 4975 2703 5044 majori.
2753 4973 2976 5028 Etiamsi
3005 4973 3148 5029 enim
3195 4972 3309 5026 haec
3339 4971 3498 5028 verba
3539 4986 3644 5024 non

2060 5066 2414 5136 subjunxerit,
2451 5067 2644 5124 eadem
2687 5075 2861 5122 tamen
2905 5080 2972 5122 ex
3018 5064 3285 5134 prioribus
3313 5062 3644 5132 cunjicienda

2065 5159 2300 5229 reliquit.
2333 5161 2411 5214 Ac
2445 5158 2566 5213 vide
2606 5158 2916 5228 nequitiam.
2959 5157 3226 5211 Subverso
3269 5155 3359 5208 Dei
3407 5153 3644 5210 decreto,

2067 5259 2343 5322 postquam
2371 5249 2577 5304 dixerat
2602 5264 2791 5320 magna
2818 5248 2923 5304 illis
2950 5247 3239 5302 obventura
3268 5245 3402 5298 bona
3429 5255 3568 5299 esse.
3602 5242 3644 5292 si

2065 5359 2173 5399 non
2212 5342 2287 5397 illi
2315 5343 2766 5413 obtemperarent,
2810 5341 3057 5398 videlicet
3093 5338 3420 5407 apertionem
3463 5333 3646 5386 oculo-

2065 5449 2204 5499 rum,
2236 5433 2592 5505 :nqualitatem
2621 5449 2742 5489 cum
2779 5433 2922 5499 Deo,
2953 5440 3006 5486 et
3042 5430 3140 5500 ipsi
3181 5441 3442 5481 annexam
3474 5424 3648 5480 scien-

2069 5528 2223 5592 tiam;
2253 5543 2357 5582 non
2389 5527 2597 5597 adjecit,
2629 5525 2926 5596 improbum
2954 5523 3100 5577 illum
3128 5537 3244 5577 esse
3271 5521 3358 5590 qui
3385 5518 3501 5572 lirec
3523 5531 3648 5586 pro-

2071 5618 2298 5689 hiberet,
2338 5635 2403 5676 ne
2449 5618 2715 5673 videretur
2756 5631 2857 5672 ceu
2900 5613 3144 5669 inimicus
3191 5621 3245 5667 ct
3293 5609 3458 5663 liOs‘llS
3490 5600 3648 5655 Verbi!
