4092 6194
449 187 556 254 ηδε

458 312 657 375 facere;
691 324 785 367 seu
799 323 1084 382 personam
1112 310 1396 366 consiliarii
1425 321 1476 366 et
1497 312 1756 366 curatoris
1782 311 2033 380 suscepit,

457 414 514 459 ιιι
539 405 732 460 malam
779 405 1134 460 hortationem
1185 404 1433 458 redderet
1473 405 1865 474 acceptiorem;
1898 404 2039 474 quod

456 499 618 552 etiam
664 499 876 553 accidit.
909 499 1044 552 Nihil
1087 480 1228 552 duim
1273 498 1418 552 aliud
1464 499 1545 552 his
1589 498 1744 553 dictis
1785 497 2041 568 perﬁcere

457 589 644 654 voluit,
673 589 773 644 nisi
817 600 874 642 ut
917 588 1216 644 deﬁceretis
1264 605 1293 643 a
1342 591 1450 644 Deo
1484 591 1799 645 conditore:
1832 589 2041 646 Invidus

457 691 540 735 est
570 682 734 747 enim,
770 682 960 751 inquit,
1000 691 1053 734 et
1094 682 1262 738 livore
1303 683 1512 752 plenus,
1556 683 1804 737 maximis
1849 683 2041 738 vestris

462 773 663 827 invidet
699 773 872 827 bonis.
898 774 966 826 At
1012 772 1126 828 haec
1161 774 1319 828 verba
1361 774 1640 829 manifeste
1691 790 1794 828 non
1827 777 2038 842 posuit:

458 866 691 935 alioquin
721 865 866 919 illum
905 866 1235 935 suspicantes
1263 867 1530 921 inimicum
1575 881 1714 931 esse,
1747 866 2040 938 fugissent:

460 955 543 1010 his
566 971 692 1024 ergo
715 958 1089 1027 praetermissis
1108 967 1160 1012 et
1181 958 1543 1020 dissimulatis,
1568 957 1667 1014 hoc
1691 958 2042 1027 perniciosum

460 1047 667 1100 induxit
710 1048 1011 1102 consilium.
1060 1048 1262 1103 Eodem
1304 1063 1513 1118 queque
1553 1047 1712 1104 modo
1756 1064 1896 1104 nunc
1937 1065 2044 1103 non

458 1138 607 1203 dicit,
642 1137 863 1194 Delicite
893 1153 920 1192 a
953 1137 1182 1204 Christo,
1217 1140 1367 1208 quasi
1396 1140 1568 1193 divina
1597 1149 1859 1210 prtecepta
1891 1139 2044 1194 dam-

461 1227 636 1282 nanda
661 1237 881 1283 essent:
914 1229 1060 1283 novit
1089 1231 1230 1283 enim
1272 1230 1370 1284 sibi
1415 1231 1693 1286 mentienti
1738 1230 1897 1284 ﬁdem
1940 1245 2044 1283 non

464 1319 761 1374 habendam
792 1319 946 1385 fore;
994 1320 1087 1376 sed
1121 1321 1312 1376 callide
1357 1322 1569 1378 videtur
1611 1337 1707 1377 nos
1744 1323 1794 1376 in
1837 1323 1899 1376 iis
1927 1336 2047 1376 esse

462 1410 658 1474 sinere,
690 1420 743 1466 et
769 1427 889 1466 cum
916 1414 1138 1468 veritate
1160 1413 1481 1480 consentire,
1515 1415 1608 1469 sed
1630 1415 1733 1468 alio
1760 1414 1920 1468 modo
1949 1429 2048 1468 nos

464 1501 660 1556 inscios
686 1502 753 1555 ab
783 1503 879 1557 hac
908 1513 1106 1558 aeterna
1148 1505 1441 1560 hereditate
1479 1506 1621 1574 ejicit
1652 1523 1666 1560 :
1698 1505 2046 1575 quemadmo-

462 1592 588 1647 dum
615 1593 657 1646 si
680 1594 798 1662 quis
825 1609 1046 1663 puerum
1075 1597 1360 1666 ingenuum
1397 1612 1459 1650 ac
1504 1597 1750 1664 liberum,
1795 1595 1888 1651 sed
1916 1595 2047 1651 sim-

465 1683 654 1752 plicem
686 1692 738 1738 et
769 1684 1036 1739 incautum
1056 1728 1069 1754 ,
1116 1703 1222 1742 non
1264 1688 1474 1758 quidem
1502 1688 1719 1743 dextera
1745 1688 2040 1759 apprehenv

463 1793 579 1830 sum
602 1777 778 1846 ejiciat
807 1795 871 1833 ex
898 1778 1058 1833 domo
1083 1789 1320 1850 paterna,
1345 1781 1438 1837 sed
1462 1782 1608 1835 illum
1638 1781 1703 1837 ad
1727 1799 1787 1837 ea
1811 1782 2048 1838 facienda

466 1869 724 1936 hortetur,
756 1872 946 1942 quibus
977 1874 1140 1942 gestis
1167 1874 1293 1928 velit
1325 1875 1457 1929 nolit
1482 1889 1510 1928 a
1543 1875 1775 1944 paternis
1803 1877 2054 1932 omnibus

466 1960 618 2015 bonis
642 1961 870 2017 excidet.
902 1962 1087 2034 Neque
1114 1970 1255 2019 enim
1296 1965 1410 2020 ﬁeri
1440 1967 1549 2026 ullo
1588 1967 1748 2023 modo
1771 1978 1965 2039 potest,
1995 1975 2050 2023 ut

469 2054 514 2107 is
540 2055 630 2124 qui
683 2055 788 2108 fato
838 2056 1025 2124 haeret,
1068 2058 1257 2112 caelum
1297 2068 1692 2130 consequatur;
1742 2061 1848 2116 imo
1890 2063 2049 2118 etiam

470 2146 580 2200 ﬁeri
607 2148 808 2216 nequit,
836 2155 892 2200 ut
915 2146 1213 2218 gehennam
1243 2160 1291 2204 et
1314 2151 1632 2220 supplicium
1649 2151 1864 2222 eﬁ‘ugiat
1888 2170 1901 2206 :
1926 2169 2048 2208 nam

465 2235 659 2292 divinis
707 2240 983 2308 princeptis
1013 2242 1279 2295 contraria
1319 2241 1566 2312 imperat.
1610 2243 1746 2300 Diclt
1773 2245 1914 2300 Deus
1944 2264 1957 2300 :
1990 2245 2052 2300 Si

466 2327 740 2391 volueritis,
773 2338 818 2382 et
849 2330 1110 2383 audieritis
1148 2347 1244 2396 me,
1295 2332 1426 2386 bona
1473 2343 1621 2388 terra:
1656 2337 1962 2402 comedetis;
2008 2339 2053 2392 si

465 2427 633 2471 autem
665 2419 942 2484 nolueritis,
973 2437 1062 2474 nec
1089 2421 1349 2476 audieritis
1378 2439 1475 2490 me,
1517 2426 1721 2492 gladius
1758 2443 1843 2481 vos
1867 2444 2053 2481 consu-

466 2517 584 2561 met.
635 2507 706 2562 0s
734 2510 865 2570 enim
899 2510 1106 2566 Domini
1149 2515 1256 2569 [nec
1283 2515 1541 2585 loquutum
1581 2501 1654 2571 est
1681 2515 1832 2590 (Isai.
1863 2519 1914 2573 1.
1959 2519 2048 2575 19.

465 2598 534 2654 so
561 2601 601 2667 ).

537 2689 728 2744 Fatum
757 2709 822 2745 an
848 2693 1057 2748 liberum
1087 2696 1347 2751 arbitrium
1373 2699 1631 2768 impediat.
1647 2729 1719 2739 —
1743 2699 1900 2755 Vides
1921 2715 2051 2770 quo-

467 2779 626 2835 modo
657 2781 797 2837 Deus
819 2783 1084 2854 loquatur,
1113 2796 1165 2842 et
1187 2788 1330 2858 leges
1349 2799 1545 2858 ponat:
1575 2789 1694 2844 andi
1718 2806 1859 2846 nunc
1884 2790 2049 2846 fatum

466 2872 735 2941 quomodo
764 2875 1029 2945 l0quatur,
1060 2888 1113 2933 et
1139 2881 1407 2950 quomodo
1444 2883 1742 2938 contrarias
1771 2893 1931 2953 ponat
1971 2884 2050 2938 le-

465 2981 595 3033 ges;
628 2977 680 3022 et
710 2967 856 3025 disce
892 2971 976 3025 illa
1001 2974 1213 3042 quidem
1241 2990 1268 3028 a
1297 2976 1476 3031 divino
1507 2977 1706 3046 Spiritu
1740 2978 1876 3033 dicta
1907 2994 2046 3045 esse,

467 3056 580 3113 hsce
605 3071 782 3115 autem
813 3079 842 3117 a
875 3065 1107 3136 maligno
1133 3067 1376 3123 daemone
1405 3069 1728 3140 immanique
1749 3069 1882 3125 fera.
1909 3071 2050 3127 Dixit

468 3151 628 3219 Dens,
658 3152 713 3208 Si
745 3155 1038 3222 volueritis,
1066 3168 1139 3226 et,
1169 3160 1226 3214 Si
1273 3162 1569 3226 nolueritis,
1607 3163 1656 3217 in
1689 3173 1873 3219 nostro
1901 3165 2038 3219 arhi-

467 3243 568 3296 trio
594 3253 648 3297 et
675 3245 953 3302 voluntate
995 3250 1300 3333 relinquens
1330 3252 1576 3307 virtutem
1625 3267 1679 3309 et
1734 3255 2046 3325 improbita-

459 3343 593 3388 tem.
625 3334 716 3390 llle
745 3354 872 3392 vero
895 3338 1016 3392 dicit
1049 3358 1061 3393 :
1094 3342 1245 3408 Quod
1269 3343 1373 3398 fato
1394 3346 1736 3400 constitutum
1759 3356 1860 3412 est,
1893 3349 2047 3403 vitari

461 3442 567 3480 non
597 3437 788 3496 potest,
814 3431 1038 3484 velimus
1065 3433 1314 3488 nolimus.
1341 3435 1479 3490 Deus
1500 3437 1659 3490 dicit:
1685 3438 1746 3492 Si
1769 3439 2043 3507 volueritis,

463 3519 596 3571 {mna
632 3529 786 3574 terra:
821 3521 1120 3587 comedetis;
1146 3525 1306 3578 fatum
1333 3540 1460 3580 vero
1499 3526 1626 3581 dicit
1659 3546 1673 3582 :
1700 3527 2046 3594 Quantumvis

461 3612 807 3679 voluerimus,
854 3615 950 3668 nisi
997 3616 1148 3672 nobis
1177 3617 1227 3672 id
1256 3618 1433 3673 datum
1465 3621 1641 3683 fuerit,
1673 3623 1814 3677 nulla
1845 3624 2046 3681 utilitas

459 3712 542 3757 est
609 3704 710 3759 hoc
745 3706 901 3762 velle.
959 3709 1098 3763 Deus
1139 3709 1266 3765 dicit
1314 3729 1326 3764 :
1372 3713 1432 3767 Si
1476 3715 1738 3768 nolueritis
1793 3717 2048 3771 attendere

460 3787 618 3849 rer-bis
645 3799 786 3864 meis,
817 3801 1019 3870 gladius
1048 3818 1133 3856 vos
1158 3815 1411 3868 consumet
1428 3821 1448 3869 ;
1474 3804 1636 3860 fatutn
1665 3820 1846 3863 contra
1874 3809 2002 3864 dicit
2028 3829 2040 3864 :

462 3887 516 3941 Si
546 3889 892 3960 uoluerimus,
927 3894 1105 3949 datum
1140 3912 1269 3952 vero
1295 3899 1446 3954 nobis
1486 3899 1664 3967 fuerit,
1697 3912 1874 3958 tamen
1909 3905 2043 3960 salvi

461 3981 682 4036 erimus.
713 3984 903 4039 Annon
935 3987 1034 4042 hoc
1064 3988 1227 4043 fatum
1258 3990 1424 4045 dicit?
1446 3991 1580 4058 Quid
1613 3993 1710 4048 hac
1734 4010 1910 4064 pugna
1931 3996 2043 4051 cla-

459 4073 568 4128 rius
599 4073 796 4130 ﬁxerit?
824 4078 947 4149 quid
981 4080 1080 4134 hoc
1125 4081 1265 4136 bello
1306 4083 1560 4152 apertius,
1607 4085 1747 4153 quod
1790 4085 2044 4142 adversus

458 4163 636 4220 divina
674 4167 884 4238 eloquia
921 4171 1176 4241 nequitia:
1215 4173 1464 4229 doctores
1493 4174 1760 4230 darmones
1791 4191 2043 4247 suscepe-

457 4256 626 4310 runt?
666 4257 769 4311 Sed
803 4269 858 4313 ut
880 4260 988 4328 jam
1021 4263 1146 4327 dixi,
1179 4265 1322 4334 quod
1367 4265 1657 4332 daemones,
1701 4277 1754 4322 et
1800 4269 2042 4326 homines

459 4345 793 4402 datmonibus
824 4365 999 4417 pares,
1042 4369 1230 4423 nempe
1256 4355 1449 4421 Grazci,
1485 4356 1565 4410 his
1598 4358 1752 4413 fidem
1792 4358 2037 4427 habeant,

458 4436 590 4491 nihil
618 4438 842 4504 mirum;
884 4442 1020 4509 quod
1044 4453 1218 4498 autem
1249 4461 1342 4500 vos
1373 4455 1478 4501 tam
1502 4447 1696 4503 divin'xz
1721 4459 1774 4502 et
1797 4451 2042 4506 salutaris

463 4526 721 4582 doctrinae
761 4531 1063 4600 participes,
1096 4533 1209 4589 lucc
1232 4536 1554 4606 deSpiciatis,
1584 4540 1716 4594 etad
1736 4540 1823 4594 illa
1851 4542 2040 4596 absur-

457 4617 675 4672 dissima
699 4631 996 4676 commenta
1022 4625 1212 4679 anima:
1237 4627 1532 4696 perniciosa
1553 4629 1889 4699 confugiatis,
1915 4632 2040 4688 illud

458 4708 613 4780 longe
639 4711 1008 4780 gravissimum
1036 4724 1134 4771 est.
1167 4717 1302 4784 Quid
1330 4719 1461 4773 enim
1490 4721 1613 4774 mihi
1646 4731 1872 4777 externos
1887 4724 2039 4792 judi-

457 4816 573 4853 care
596 4801 669 4872 (-l.
699 4801 814 4858 Cor.
845 4805 898 4859 5.
930 4805 1017 4875 12)
1040 4807 1064 4860 ?
1087 4808 1212 4863 Mihi
1243 4809 1380 4880 apud
1425 4825 1521 4866 vos
1555 4826 1735 4868 sermo
1754 4822 1852 4880 est,
1881 4834 2044 4874 mem-

457 4893 550 4946 hra
578 4895 793 4962 Christi,
829 4897 921 4954 ﬁlii
965 4901 1239 4970 Ecclesiae,
1271 4904 1358 4975 qui
1391 4905 1442 4959 in
1485 4915 1700 4975 paterna
1729 4909 1889 4968 domo
1914 4928 2039 4968 eru-

455 4985 552 5040 diti
581 4990 729 5053 estis,
760 4999 814 5044 et
856 4992 1155 5049 cwlcstibus
1193 4995 1484 5067 disciplinis
1529 4999 1735 5064 imbuti,
1766 5003 1853 5071 qui
1894 5012 2040 5058 tanto

458 5076 664 5133 honore
707 5081 904 5152 dignati
937 5087 1085 5140 estis.
1127 5087 1252 5144 ideo
1297 5105 1474 5160 gemo,
1526 5092 1647 5148 ideo
1695 5095 1960 5150 lamentor
1987 5106 2042 5152 et

457 5170 606 5238 ploro
637 5188 649 5224 :
680 5187 800 5228 nam
847 5174 1096 5247 laerymis
1125 5179 1280 5249 digna
1329 5191 1451 5237 sunt
1503 5184 1636 5248 hmc,
1683 5187 1894 5254 quando
1922 5188 2040 5256 quis

455 5261 506 5314 in
541 5273 752 5329 peccata
785 5264 998 5332 decidit,
1031 5285 1147 5340 qua:
1184 5273 1335 5328 venia
1379 5274 1534 5344 digna
1577 5291 1681 5330 non
1725 5286 1847 5330 sunt
1877 5295 1891 5332 :
1922 5294 2039 5348 quin

455 5353 629 5419 venia,
673 5360 885 5428 quando
932 5362 1072 5417 Deus
1114 5369 1430 5422 sententiam
1480 5370 1629 5436 dicit,
1677 5380 1730 5425 et
1769 5371 2039 5427 dmmones

455 5450 844 5519 contradicunt,
896 5471 1190 5528 eorumque
1229 5461 1365 5516 dicta
1411 5463 1572 5517 etiam
1607 5463 1698 5518 Dei
1730 5463 2036 5520 domesticis

459 5537 561 5592 ﬁde
589 5541 828 5611 digniora
867 5547 1153 5606 videntur?
1190 5552 1305 5607 Non
1337 5552 1748 5622 disputationem
1781 5555 1884 5624 iam
1925 5569 2038 5610 mo-

459 5647 664 5705 vemus,
695 5637 787 5694 sed
838 5639 1048 5698 interim
1094 5659 1301 5716 eorum,
1345 5648 1430 5717 qui
1473 5648 1600 5718 ipsis
1643 5647 2032 5719 obtemperant,

1263 195 1319 254 S.
1351 195 1628 254 JOANNIS
1664 191 2039 251 CHRYSOST.
2081 193 2403 250 ARCIIIEP.
2443 192 2985 256 CONSTANTINOP.

3630 197 3743 254 756

2151 307 2532 380 impudentiam
2569 311 2915 366 ostendemus
2947 329 2960 365 :
2992 312 3134 368 Deus
3169 311 3299 368 dicit
3328 322 3346 367 :
3377 313 3610 384 Apposui
3653 317 3742 369 tibi

2144 403 2310 473 ignem
2337 413 2382 457 et
2411 419 2612 472 aquam,
2640 405 2793 457 vitam
2821 413 2865 458 et
2886 413 3094 458 mortem
3118 422 3130 459 :
3159 421 3474 476 quocumque
3497 408 3742 474 volueris,

2147 494 2357 549 extende
2399 511 2602 549 manum
2643 505 2782 548 tuam
2807 494 2993 565 (Eccli.
3037 496 3122 552 l5.
3156 497 3278 567 l7);
3313 496 3525 551 daemon
3562 497 3690 552 dicit
3723 514 3741 550 :

2146 583 2261 639 Non
2291 593 2374 640 est
2404 585 2456 639 in
2487 593 2540 640 te
2564 586 2724 639 situm
2751 586 3041 640 extendere
3071 601 3311 650 manum,
3359 585 3456 640 sed
3502 588 3746 642 necessi-

2147 686 2256 733 tate
2279 679 2504 747 quadam
2535 693 2598 733 ac
2624 677 2674 731 vi
2709 676 2813 732 hoc
2851 678 3042 747 agitur.
3086 677 3156 730 Et
3198 676 3312 731 haec
3355 677 3446 732 tibi
3489 676 3745 732 videntur

2149 767 2253 822 ﬁde
2282 768 2523 839 digniora
2563 783 2684 823 esse
2718 785 2731 821 :
2762 783 2933 839 neque
2972 767 3175 838 cogitas
3203 777 3458 837 quantum
3489 768 3560 823 sit
3600 769 3746 824 inter

2151 858 2450 930 hujusmodi
2479 861 2813 915 consultores
2841 860 3198 925 intervallum,
3222 859 3364 930 quod
3383 859 3469 914 ille
3485 860 3554 914 sit
3575 859 3742 925 Deus,

2150 950 2236 1006 hic
2257 966 2386 1008 vero
2415 951 2623 1006 dazmun
2653 969 2667 1005 :
2692 967 2796 1005 non
2825 951 3030 1006 consilii
3059 950 3410 1006 diﬂ'erentiam
3435 950 3740 1015 examines,

2150 1043 2292 1114 quod
2327 1043 2454 1098 illud
2482 1045 2713 1099 salutare
2743 1045 2810 1099 sit
2833 1054 2885 1098 et
2911 1044 2975 1098 ad
3005 1044 3252 1098 virtutem
3280 1054 3453 1112 vocet,
3486 1044 3590 1099 hoc
3613 1059 3748 1100 vero

2150 1135 2491 1201 diabolicum,
2515 1136 2580 1190 ad
2605 1137 2893 1208 nequitiam
2931 1146 2986 1190 et
3027 1136 3416 1206 improbitatem
3451 1137 3692 1193 excitans
3723 1151 3742 1189 :

2149 1241 2258 1282 non
2288 1226 2615 1294 consideras,
2650 1244 2893 1297 qutcnam
2924 1227 3014 1282 tibi
3045 1243 3073 1282 a
3118 1229 3250 1296 Deo,
3282 1238 3337 1284 et
3372 1245 3615 1300 quaenam
3647 1229 3746 1283 tibi

2152 1335 2180 1374 a
2207 1320 2450 1376 daemone
2471 1320 2592 1375 data
2621 1321 2727 1375 sint
2750 1339 2763 1375 :
2795 1321 2935 1392 quod
2962 1322 3050 1376 ille
3071 1322 3284 1392 quidem
3309 1322 3376 1376 ita
3401 1331 3451 1376 te
3471 1322 3741 1387 dilexerit,

2154 1425 2212 1470 ut
2240 1426 2292 1470 et
2319 1415 2512 1470 Filium
2539 1430 2690 1469 suum
2718 1414 3048 1483 unigenitum
3079 1429 3175 1482 pro
3202 1424 3253 1469 te
3280 1414 3451 1478 daret,
3475 1429 3582 1484 quo
3607 1413 3742 1468 nihil

2155 1508 2295 1562 Patri
2338 1507 2622 1578 pretiosius
2664 1515 2797 1568 erat,
2839 1514 2999 1576 atque
3029 1507 3187 1559 etiam
3221 1520 3360 1559 nunc
3394 1505 3464 1559 ita
3491 1515 3656 1570 amat,
3683 1515 3746 1558 ut

2155 1609 2207 1654 te
2237 1615 2330 1669 per
2359 1598 2629 1669 apostolos
2667 1613 2764 1668 pro
2801 1606 2887 1651 tua
2918 1596 3088 1652 salute
3119 1596 3449 1660 cohortetur,
3478 1605 3533 1650 et
3560 1595 3740 1650 omnia

2161 1690 2345 1754 faciat;
2379 1691 2466 1745 ille
2495 1704 2622 1743 vero
2653 1689 2722 1742 ita
2749 1687 2872 1742 odio
2910 1687 3092 1758 habuit
3116 1695 3170 1742 et
3198 1686 3375 1750 habet,
3409 1694 3466 1740 ut
3491 1701 3587 1754 per
3619 1695 3743 1739 om‘o

2154 1786 2238 1838 nia
2268 1794 2318 1838 te
2363 1785 2651 1853 impugnet,
2694 1796 2864 1850 neque
2906 1778 3065 1834 modo
3110 1795 3216 1833 non
3253 1779 3346 1833 tibi
3384 1777 3581 1847 aliquid
3613 1776 3742 1832 boni

2157 1877 2371 1942 tribuat,
2400 1874 2493 1931 sed
2536 1875 2695 1929 etiam
2719 1874 2784 1929 ab
2812 1875 2874 1928 iis
2900 1889 3019 1943 quae
3059 1887 3091 1927 a
3135 1873 3244 1927 Deo
3270 1872 3528 1941 accepisti
3568 1879 3620 1924 te
3649 1885 3744 1924 ex-

2156 1968 2370 2032 turbare
2394 1976 2616 2022 couetur
2643 1983 2656 2018 :
2689 1965 2779 2020 ille
2802 1975 2853 2020 te
2879 1965 3078 2034 angelis
3109 1979 3292 2034 parem
3319 1962 3493 2017 facere
3513 1962 3739 2027 studuit,

2157 2057 2243 2112 hic
2265 2072 2390 2112 vero
2423 2056 2569 2111 humi
2609 2055 2918 2125 repentibus
2943 2065 2994 2110 te
3021 2055 3368 2124 abjectiorem
3394 2052 3592 2117 etl'ecit,
3618 2051 3743 2105 tibi-

2155 2165 2259 2220 que
2286 2148 2548 2217 persuasit
2572 2155 2633 2201 ut
2680 2147 2770 2200 illa
2799 2147 3050 2201 adorares
3078 2163 3092 2201 :
3122 2145 3210 2200 ille
3248 2145 3300 2198 in
3329 2159 3552 2214 regnum
3580 2142 3745 2196 caelo.

2155 2257 2272 2296 rum
2301 2240 2539 2310 aliosque
2566 2240 2797 2294 honores
2829 2248 2880 2293 te
2904 2237 3180 2308 pertrahit,
3200 2236 3286 2290 hic
3301 2251 3427 2292 vero
3445 2234 3742 2290 honoribus

2157 2334 2248 2389 tibi
2279 2332 2492 2388 collatis
2539 2330 2748 2397 invidit,
2793 2345 2894 2385 nec
2935 2330 3082 2399 prius
3123 2329 3273 2395 abiit,
3304 2343 3461 2399 quam
3510 2337 3561 2382 te
3609 2326 3742 2382 inde

2155 2424 2394 2496 cjecerit.
2426 2423 2678 2492 Quamvis
2699 2422 2840 2477 enim
2874 2421 3012 2476 illius
3032 2420 3276 2491 dogmata
3301 2421 3605 2490 perspicere
3627 2432 3742 2474 non

2157 2518 2390 2589 possitis,
2415 2516 2623 2573 etiamsi
2652 2515 2768 2572 sole
2788 2515 3016 2570 clariora
3045 2514 3153 2569 sint
3179 2514 3264 2580 iis,
3289 2513 3375 2584 qui
3403 2527 3626 2584 prorsus
3651 2527 3743 2566 su-

2156 2612 2264 2681 pini
2287 2626 2391 2666 non
2429 2619 2552 2664 sunt
2583 2627 2596 2662 :
2643 2610 2714 2664 ita
2742 2608 3084 2678 conspicuam
3124 2606 3322 2662 habent
3351 2606 3458 2671 illa,
3489 2621 3608 2675 quae
3645 2605 3740 2659 Dei

2155 2713 2299 2768 sunt,
2331 2704 2580 2758 virtutem
2613 2710 2772 2772 atque
2801 2701 3061 2764 salutem;
3117 2699 3205 2754 illa
3229 2713 3357 2754 vero
3401 2697 3692 2768 nequitiam
3721 2714 3738 2751 :

2153 2806 2388 2852 attamen
2415 2795 2458 2849 si
2483 2810 2588 2849 non
2630 2793 2852 2864 potestis
2891 2791 2957 2846 ad
2997 2791 3082 2846 illa
3127 2791 3414 2860 respicere,
3455 2789 3644 2842 saltem
3675 2786 3742 2840 ab

2155 2890 2240 2955 iis,
2272 2889 2359 2958 qui
2398 2886 2680 2942 consilium
2729 2884 2882 2940 vobis
2915 2883 3062 2948 dant,
3091 2881 3280 2936 discite
3315 2878 3442 2950 quid
3482 2879 3738 2942 salutare,

2153 2982 2279 3052 quid
2313 2981 2528 3036 noxium
2559 2980 2647 3034 sit.
2694 2977 2973 3044 Quomodo
3007 2975 3146 3030 enim
3169 2973 3456 3029 absurdum
3487 2986 3595 3026 non
3628 2970 3743 3025 fue-

2154 3075 2223 3130 rit
2267 3073 2474 3129 caeteris
2527 3072 2580 3126 in
2615 3072 2775 3127 rebus
2805 3069 2905 3124 hoc
2943 3070 3017 3123 uti
3061 3067 3285 3123 consilio
3313 3108 3329 3132 ,
3367 3073 3425 3120 ut
3474 3065 3520 3118 si
3567 3063 3741 3118 medi-

2152 3182 2248 3221 cus
2289 3166 2466 3221 cibum
2505 3164 2595 3220 det
2633 3163 2786 3218 alicui
2815 3205 2831 3231 ,
2875 3176 2982 3217 non
3022 3160 3089 3216 de
3139 3175 3205 3214 eo
3249 3159 3338 3213 ille
3391 3156 3607 3211 curiose
3659 3155 3740 3209 in-

2151 3261 2365 3331 quirat,
2421 3258 2514 3313 sed
2559 3266 2616 3312 ut
2668 3256 2881 3312 sanitati
2927 3253 3312 3309 conducentem
3357 3249 3585 3317 accipiat
3622 3264 3637 3312 ;
3688 3245 3734 3300 si

2151 3360 2329 3405 autem
2359 3346 2627 3404 veneﬁcus
2653 3355 2708 3401 et
2739 3345 3110 3416 priestigiator,
3157 3357 3263 3396 non
3295 3340 3518 3394 multum
3553 3336 3729 3406 inqui-

2151 3450 2252 3507 rat,
2281 3439 2377 3495 sed
2402 3439 2551 3510 quasi
2583 3452 2846 3493 venenum
2876 3445 2931 3490 et
2957 3444 3158 3506 pestem
3197 3440 3506 3494 aversetur;
3536 3437 3591 3484 et
3617 3441 3738 3482 cum

2151 3534 2216 3588 de
2275 3533 2381 3588 Deo
2431 3531 2605 3601 agitur
2650 3544 2756 3584 non
2801 3527 2990 3584 eodem
3035 3525 3111 3581 uti
3159 3523 3373 3579 medio?
3415 3535 3738 3592 quamquam

2151 3633 2298 3680 tanto
2325 3626 2494 3693 majus
2524 3621 2858 3677 intervallum
2879 3628 2958 3675 est
2986 3618 3126 3673 inter
3151 3617 3315 3670 Deum
3339 3623 3391 3669 et
3409 3613 3737 3676 dtemonem,

2149 3736 2306 3790 quam
2335 3719 2473 3773 inter
2500 3715 2763 3770 medicum
2799 3721 2854 3768 et
2891 3711 3209 3774 veneﬁcum,
3249 3715 3444 3777 quanto
3470 3718 3570 3757 nec
3595 3701 3730 3766 dici,

2150 3828 2250 3867 nec
2267 3819 2444 3866 mente
2466 3809 2552 3863 vel
2577 3821 2824 3862 sermone
2839 3800 3219 3872 comprehendi
3241 3806 3433 3869 potest.
3455 3793 3738 3863 Quomodo

2149 3905 2308 3973 igitur
2333 3916 2435 3955 non
2467 3909 2718 3954 extrema:
2745 3895 2901 3952 fuerit
2923 3892 3289 3953 absurditatis,
3329 3888 3418 3942 ubi
3449 3886 3626 3940 minor
3646 3892 3731 3939 est

2147 3995 2296 4050 cibos
2311 3991 2656 4062 praebentium
2672 3987 2989 4053 differentia,
3004 4001 3109 4040 non
3123 3982 3329 4038 curiose
3344 3978 3632 4048 inquirere,
3644 3974 3740 4029 sed

2147 4089 2451 4145 conditione
2494 4098 2841 4156 personarum
2885 4081 3142 4137 universa:
3166 4075 3421 4133 doctrinae
3451 4074 3574 4128 loco
3606 4070 3686 4125 uti
3721 4085 3737 4121 :

2146 4180 2233 4234 ubi
2257 4188 2429 4233 autem
2456 4174 2877 4232 consiliariorum
2897 4179 3098 4226 tantum
3119 4176 3201 4225 est
3217 4166 3523 4228 discrimen,
3543 4162 3746 4216 adhor-

2147 4274 2348 4330 tatione
2361 4285 2492 4340 opus
2521 4267 2813 4333 habere,ut
2841 4263 3160 4332 intelligatur
3185 4256 3312 4329 quid
3335 4256 3588 4319 salutare,
3613 4251 3743 4322 quid

2148 4364 2364 4421 noxium
2409 4359 2511 4415 sit?
2559 4358 2653 4423 Ne,
2698 4372 2900 4428 quaeso,
2949 4369 3017 4409 ne
3059 4347 3508 4407 irrationabilibus
3550 4345 3745 4400 bestiis

2149 4451 2620 4510 irrationabiliores
2649 4449 2847 4512 simus;
2893 4443 2984 4500 sed
3015 4442 3333 4504 resiliamus,
3364 4452 3464 4493 nec
3491 4434 3742 4506 praebea-

2148 4563 2266 4602 mus
2293 4559 2491 4600 aures:
2531 4558 2651 4598 nam
2695 4540 3036 4609 Corrumpunt
3081 4550 3242 4589 mores
3287 4531 3442 4586 bonos
3485 4528 3742 4598 colloquia

2148 4654 2303 4709 prora
2331 4635 2407 4708 (1.
2439 4630 2558 4690 Cor.
2606 4633 2689 4688 15.
2723 4631 2812 4701 55)
2849 4646 2862 4682 :
2909 4641 3079 4697 neque
3124 4623 3331 4679 veniam
3384 4628 3744 4709 assequentur

2147 4708 2236 4798 qui
2264 4725 2468 4794 decepti
2496 4731 2638 4778 sunt.
2671 4723 2778 4777 Cur
2805 4719 2945 4775 enim
2973 4716 3017 4772 si
3045 4714 3380 4785 pestilentem
3400 4719 3454 4766 et
3478 4708 3738 4764 infectum

2148 4821 2324 4875 locum
2351 4817 2555 4880 videas,
2574 4817 2682 4871 illic
2702 4813 2995 4869 consistere
3016 4807 3232 4877 refugis,
3255 4803 3461 4861 etiamsi
3483 4810 3740 4857 sexcenta

2148 4922 2198 4965 te
2251 4910 2318 4965 ad
2371 4909 2512 4963 illam
2564 4905 2943 4962 habitationem
2988 4899 3330 4971 pertrahant,
3389 4893 3744 4964 corporisque

2144 5002 2501 5059 valetudinem
2530 4999 2739 5054 czeteris
2778 4995 3026 5051 omnibus
3051 4989 3370 5060 anteponis;
3401 5002 3522 5042 cum
3555 4994 3737 5039 autem

2145 5107 2393 5149 ss'rmone
2432 5090 2697 5161 pestilenti
2723 5097 2883 5158 atque
2912 5084 3100 5140 morbo
3129 5081 3342 5153 quidam
3373 5087 3497 5134 sunt
3526 5077 3738 5143 referti,

2145 5202 2262 5256 quae
2293 5201 2395 5240 non
2427 5199 2619 5253 corpus
2650 5190 2875 5245 tantum,
2904 5179 2998 5234 sed
3038 5177 3198 5232 etiam
3225 5174 3453 5228 animam
3482 5169 3738 5241 perdunt,

2145 5294 2369 5348 eamque
2395 5277 2712 5332 deteriorem
2747 5289 2808 5329 ac
2849 5272 3091 5328 viliorem
3132 5268 3382 5333 reddunt,
3421 5281 3528 5320 non
3558 5273 3741 5317 tamen

2145 5370 2359 5424 resilis?
2381 5369 2538 5436 Audi,
2591 5369 2760 5438 inquit
2801 5367 3015 5436 sapiens
3051 5363 3264 5435 quidam
3293 5361 3392 5424 vir,
3426 5374 3490 5412 ne
3517 5356 3736 5412 steteris.

2143 5461 2232 5516 sed
2253 5462 2410 5528 resili,
2453 5478 2514 5514 ne
2557 5458 2833 5514 tardaveris
2871 5450 3050 5528 (Prov.
3081 5457 3135 5510 9.
3172 5453 3262 5522 18)
3292 5470 3306 5506 :
3335 5449 3418 5505 vel
3459 5448 3738 5503 minimam

2144 5553 2195 5607 in
2221 5553 2302 5609 his
2330 5562 2506 5609 metue
2536 5568 2758 5608 moram.
2785 5552 2908 5606 llrec
2929 5563 3090 5621 porro
3105 5547 3350 5609 dicimus,
3383 5558 3486 5596 non
3510 5540 3732 5610 dogma-

2145 5653 2254 5701 tum
2300 5645 2511 5702 illorum
2557 5645 2663 5702 vim
2703 5642 3134 5708 reformidantes,
3179 5638 3271 5696 sed
3311 5633 3732 5693 imbecillitatem
