4092 6194
363 289 470 346 755

358 403 449 456 δέν
479 400 586 471 γὰρ
616 399 802 470 ἕτερον
845 396 1004 468 ἤθελε
1055 395 1458 449 κατασκευάσαι
1505 397 1574 450 δι’
1607 391 1683 452 ὧν
1728 399 1935 467 ἔλεγεν,

359 487 473 540 ἀλλ’
522 488 555 557 ἢ
607 488 690 539 ὅτι
738 485 1012 553 ἀπόστητε
1057 482 1150 536 τοῦ
1203 482 1338 535 Θεοῦ
1389 483 1484 536 τοῦ
1538 485 1938 555 πεποιηκότος·

361 574 634 644 βάσκανός
685 574 801 626 ἐστι
852 573 944 625 καὶ
991 571 1280 642 φθονερὸς,
1312 570 1498 640 φθονεῖ
1538 572 1646 625 τῶν
1679 571 1939 642 μειζόνων

358 663 490 732 ὑμῖν
517 661 758 730 ἀγαθῶν.
803 659 962 712 Ἀλλά
1008 657 1181 714 ταῦτα
1226 659 1478 730 φανερῶς
1515 660 1614 730 μὲν
1642 660 1742 712 οὐκ
1775 659 1938 730 ἔθηκε

358 750 429 803 τά
476 752 714 822 ῥήματα·
755 744 790 820 ἦ
826 747 935 819 γάρ
976 747 1063 812 ἂν,
1116 747 1556 810 ὑποπτεύσαντες
1604 747 1765 799 αὐτὸν
1797 742 1938 800 εἶναι

360 837 576 908 ἐχθρὸν,
615 836 849 905 ἔφυγον·
891 835 1052 902 ἀφεὶς
1089 834 1147 887 δέ
1200 835 1374 888 εἰπεῖν
1409 834 1593 897 αὐτοῖς
1641 833 1814 886 ταῦτα
1845 834 1938 886 καὶ

359 925 728 998 περιστείλας,
755 924 853 996 τὴν
885 923 1136 994 ὀλεθρίαν
1161 923 1364 994 ταύτην
1409 923 1672 993 εἰσήγαγε
1702 921 1938 992 συμϐου-

358 1016 476 1086 λην.
511 1013 668 1067 Οὕτω
692 1013 755 1084 δὴ
786 1013 880 1066 καὶ
919 1011 1012 1065 νῦν
1049 1011 1108 1064 ού
1162 1009 1308 1080 λέγει
1355 1012 1474 1081 μὲν,
1528 1009 1803 1081 ἀπόστητε
1841 1007 1935 1062 τοῦ

359 1102 616 1174 Χριστοῦ,
643 1103 719 1165 ὡς
749 1101 1212 1171 κατεγνωσμένων
1261 1100 1370 1152 τῶν
1424 1099 1584 1152 θείων
1623 1097 1935 1168 δογμάτων·

357 1188 463 1244 οἶδε
492 1190 598 1262 γάρ
635 1191 716 1243 δτι
743 1189 998 1259 ἐψεύδετο
1031 1189 1126 1242 καὶ
1152 1188 1252 1240 οὐκ
1278 1187 1594 1240 ἐπιστεύετο
1617 1197 1665 1226 ει·
1700 1185 1936 1256 κακούρ-

358 1296 471 1347 γως
515 1278 573 1330 δὲ
618 1278 766 1332 δοκεί
816 1276 916 1347 μὲν
963 1276 1111 1346 ἡμᾶς
1167 1274 1381 1343 ἀφεῖναι
1435 1276 1493 1328 ἐν
1543 1273 1784 1335 τούτοις,
1841 1273 1934 1326 καὶ

360 1367 660 1437 συγχωρεῖν
693 1364 828 1437 πρὸς
857 1363 952 1434 τὴν
978 1361 1256 1434 ἀλήθειαν,
1284 1361 1486 1431 ἑτέρως
1513 1361 1568 1414 δὲ
1597 1361 1697 1414 οὐκ
1727 1359 1934 1423 εἰδότας

357 1455 555 1517 αὐτοὺς
601 1453 808 1524 ἐξαιρεῖ
853 1452 952 1521 τῆς
1008 1451 1222 1504 αἱωνὶου
1277 1450 1482 1520 ταύτης
1527 1447 1929 1520 κληρονομίας·

353 1541 544 1612 ῶσπερ
570 1540 635 1593 ἂν
665 1541 719 1592 εί
742 1556 827 1603 τις
853 1538 1018 1592 παῖδα
1045 1538 1266 1608 γνήσιον
1297 1537 1391 1590 καὶ
1433 1534 1586 1608 [758]
1623 1535 1931 1606 ἐλεύθερον,

353 1630 562 1684 ἁπλοῦν
582 1647 702 1683 τινα
726 1629 820 1683 καὶ
843 1628 1142 1699 ἀπόνηρον,
1170 1629 1237 1697 τῇ
1268 1625 1420 1696 δεξιᾷ
1447 1625 1546 1696 μέν
1582 1623 1830 1694 κατέχων
1857 1624 1930 1694 μὴ

355 1716 574 1770 ἐκϐάλοι
600 1716 702 1786 τῆς
722 1716 994 1787 πατρικῆς
1012 1715 1210 1777 οἰκίας,
1231 1715 1482 1784 παραινοῖ
1502 1711 1559 1764 δέ
1584 1711 1734 1782 αύτῷ
1761 1713 1932 1786 ποιεῖν

351 1806 421 1858 δι’
453 1799 528 1857 ὧν
553 1805 647 1858 καὶ
675 1803 818 1857 ἑκὼν
846 1803 940 1856 καλ⁸
973 1803 1118 1857 ἀκων
1163 1803 1478 1854 ἐκπεσεῖται
1510 1798 1619 1852 τῶν
1649 1797 1932 1868 πατρικῶν

354 1893 631 1946 ἁπάντων.
685 1893 761 1944 Οὐ
808 1891 916 1962 γάρ
963 1892 1130 1956 ἐστιν,
1178 1889 1279 1943 οὐκ
1325 1887 1440 1942 ἐστι
1483 1887 1574 1941 τὸν
1620 1887 1932 1959 εἱμαρμένῃ

355 1981 710 2051 προσέχοντα,
734 1979 1031 2052 δυνηθῆναι
1056 1977 1165 2032 τῶν
1191 1977 1438 2048 οὐρανῶν
1472 1978 1768 2046 ἐπιτυχεῖν,
1796 1975 1933 2045 μᾶλ-

353 2068 444 2120 λον
472 2068 532 2121 δέ
557 2068 657 2121 οὐκ
686 2067 800 2121 ἔστι
825 2067 1119 2137 δυνηθῆναι
1141 2065 1239 2136 τὴν
1268 2065 1493 2133 γέενναν
1521 2065 1614 2116 καὶ
1639 2062 1738 2134 τὴν
1768 2061 1929 2115 κόλαο

355 2172 440 2208 σιν
477 2157 753 2225 ἐκφυγεῖν·
779 2153 1107 2216 ἀπεναντίας
1127 2151 1236 2223 γὰρ
1256 2155 1370 2216 τοῖς
1389 2151 1482 2205 τοῦ
1507 2149 1642 2204 Θεοῦ
1665 2149 1929 2220 δόγμασιν

352 2244 601 2306 ἅπαντας
631 2241 916 2296 πείθεσθαι
959 2239 1261 2294 ἐπιτάττει.
1309 2239 1371 2294 Ὀ
1397 2237 1528 2301 Θεὸς
1571 2237 1741 2306 λέγει,
1791 2239 1932 2291 Ἐὰν

347 2329 562 2396 θέλητε
583 2330 680 2383 καὶ
707 2327 1110 2396 εισακούσητέ
1131 2344 1273 2396 μου,
1313 2326 1386 2380 τὰ
1430 2325 1621 2396 ἀγαθὰ
1669 2325 1778 2394 τῆς
1816 2324 1930 2394 γῆς

351 2415 633 2486 φάγεσθε·
661 2417 768 2470 ἐὰν
795 2415 863 2469 δέ
897 2414 984 2485 μὴ
1028 2414 1270 2482 θέλητε,
1324 2412 1483 2484 μηδὲ
1526 2412 1930 2480 είσακούσητέ

348 2522 484 2574 μου,
503 2503 768 2573 μάχαιρα
798 2500 952 2573 ὑμᾶς
985 2500 1312 2556 κατέδεται.
1349 2500 1420 2556 Τὸ
1459 2501 1567 2573 γὰρ
1593 2501 1786 2570 στόμα
1813 2503 1930 2555 Κυ-

344 2593 481 2659 ρίου
509 2592 778 2660 ἐλάλησεν
813 2591 1020 2645 ταῦτα.
1555 2602 1561 2609 “

423 2675 577 2743 Εἶδες
604 2679 724 2743 πῶς
751 2680 779 2731 6
810 2678 942 2742 Θεὸς
981 2678 1277 2749 φθέγγεται
1305 2677 1396 2732 καὶ
1418 2678 1606 2742 ποίους
1634 2678 1816 2749 τίθησι
1840 2677 1926 2732 v6-

354 2781 520 2836 μους,
553 2768 818 2820 Ἀκουσον
848 2767 942 2820 καὶ
965 2767 1066 2836 τῆς
1087 2766 1447 2837 εἱμαρμένης,
1467 2765 1582 2828 πῶς
1608 2765 1924 2835 φθέγγεται,

351 2852 590 2916 καὶπῶς
624 2853 898 2917 ἐναντίους
929 2853 1140 2922 είσάγει
1195 2853 1452 2924 θεσμοὺς,
1486 2851 1582 2905 καὶ
1617 2851 1778 2923 μάθε,
1809 2850 1926 2916 πῶς

351 2943 537 2994 ἐκεῖνα
566 2941 664 3011 μὲν
691 2940 794 2994 ὑπὸ
823 2940 969 2994 θείου
1005 2940 1321 3011 Πνεύματος
1355 2939 1594 3011 εἴρηται,
1628 2938 1770 2992 τὰδὲ
1793 2939 1927 2992 ταύ-

351 3045 448 3099 της
468 3028 495 3067 δ
519 3029 622 3082 ὑπὸ
639 3028 873 3101 πονηροῦ
894 3030 1148 3100 δαίμονος
1169 3031 1259 3082 καὶ
1284 3027 1446 3099 θηρός
1462 3046 1606 3090 τινος
1627 3029 1726 3100 ἁνη
1736 3028 1923 3100 μέρου.

354 3113 523 3170 Εἶπεν
551 3119 577 3170 6
602 3117 753 3183 Θεὸς,
797 3117 922 3172 Ἐὰν
957 3117 1168 3190 θέλητε,
1204 3117 1297 3172 καὶ
1341 3119 1434 3170 ἐὰν
1470 3117 1545 3189 μὴ
1589 3116 1798 3188 θέλητε,
1827 3133 1926 3170 κυ-

352 3207 502 3278 ρίους
549 3207 696 3278 ἡμᾶς
742 3207 911 3262 ποιῶν
945 3208 1148 3278 ἀρετῆς
1199 3209 1293 3260 καὶ
1323 3206 1542 3271 κακίας,
1596 3207 1691 3260 καὶ
1720 3206 1813 3258 ἐπὶ
1857 3210 1925 3277 τῇ

350 3293 545 3365 γνώμῃ
575 3297 641 3365 τῇ
675 3295 916 3366 ἡμετέρα
946 3295 1134 3359 τιθείς.
1170 3295 1403 3359 Ἐκεῖνος
1430 3294 1486 3346 δὲ
1506 3294 1558 3346 τί
1583 3310 1780 3365 φησιν;
1806 3294 1926 3347 Ὀτι

350 3382 412 3434 τὸ
438 3383 769 3453 εἱμαρμένον
820 3383 880 3436 ού
909 3382 1134 3435 δυνατὸν
1175 3383 1462 3450 ἐκφυγεῖν,
1516 3381 1616 3436 κᾶν
1657 3381 1925 3452 θέλωμεν,

351 3470 456 3523 κᾶν
487 3471 564 3542 μὴ
598 3469 842 3541 θέλωμεν
880 3480 928 3524 ε.
964 3471 1020 3522 '0
1062 3469 1194 3535 Θεὸς
1227 3469 1400 3538 λέγει·
1441 3469 1582 3524 Ἐὰν
1596 3469 1829 3539 θέλητε,
1859 3470 1931 3525 τὰ

349 3560 542 3627 ἀγαθὰ
569 3557 678 3627 τῆς
708 3557 821 3627 τῆς
843 3557 1126 3629 φάγεσθε·
1151 3559 1289 3629 αὑτὴ
1323 3557 1492 3627 λέγει,
1523 3557 1624 3611 κᾶν
1659 3558 1925 3630 θέλωμεν,

354 3644 428 3715 μὴ
513 3644 568 3698 δὲ
604 3645 736 3715 ημῖν
779 3644 1083 3716 δεδομένον,
1126 3644 1277 3698 οὐδὲν
1307 3644 1501 3714 ὄφελος
1541 3645 1700 3698 τοῦτο
1727 3646 1926 3701 θέλειν.

361 3734 420 3786 ’0
439 3733 571 3794 Θεὸς
591 3732 761 3802 λέγει,
812 3733 953 3787 Ἐὰν
979 3733 1066 3802 μὴ
1090 3733 1302 3801 θέλητε
1331 3732 1658 3802 προσέχειν
1684 3733 1808 3800 τοῖς
1826 3735 1930 3789 λό-

351 3839 479 3892 γοις
502 3840 641 3891 μου,
665 3823 927 3892 μάχαιρα
960 3821 1113 3892 ὑμᾶς
1145 3821 1469 3876 κατέδεται·
1495 3822 1632 3894 αὑτὴ
1659 3823 1831 3892 λέγει,
1863 3824 1929 3879 ἂν

353 3910 430 3982 μὴ
455 3911 716 3980 θέλωμεν,
800 3911 857 3964 δὲ
885 3913 1016 3982 ἡμῖν
1042 3911 1346 3982 δεδομένον,
1381 3910 1596 3974 πάντως
1619 3911 1924 3982 σωζόμεθα.

351 4000 427 4050 Ub
456 3998 626 4052 ταῦτα
664 4001 698 4069 ή
743 3999 1052 4070 εἱμαρμένη
1094 3999 1255 4069 φησί;
1292 3999 1356 4051 Τί
1385 3999 1593 4066 γένοιτο
1620 3997 1687 4052 ἂν
1716 3996 1810 4053 οὖν
1829 4000 1929 4070 τῆς

353 4088 533 4158 μάχης
560 4087 760 4158 ταύτης
785 4087 1145 4157 σαφέστερον;
1169 4086 1330 4139 τίτοῦ
1363 4086 1599 4156 πολέμου
1622 4085 1932 4157 φανερώτεο

350 4194 446 4250 ρον
471 4176 680 4241 τούτου,
711 4177 769 4229 ὃν
792 4176 1162 4247 ἀναισχύντως
1195 4176 1336 4230 οὕτω
1360 4175 1495 4247 πρὸς
1532 4176 1600 4229 τὰ
1633 4175 1754 4230 θεῖα
1775 4177 1928 4244 λόγια

350 4266 553 4320 εἵλοντο
577 4268 625 4318 οἱ
661 4266 761 4336 τῆς
807 4266 1069 4342 πονηρίας
1109 4265 1418 4342 διδάσκαλοι
1455 4265 1739 4336 δαίμονες;
1786 4265 1928 4318 Ἀλλ’

349 4355 486 4426 ὅπερ
521 4355 677 4426 ἔφην,
711 4335 772 4406 τὸ
801 4354 900 4423 μὲν
931 4335 1335 4424 γδαὶμοναςίκαὶ
1369 4352 1692 4424 ἀνθρώπους
1736 4353 1928 4418 ἄλλους

349 4443 628 4514 δαίμονας,
652 4445 778 4506 τοῦς
805 4443 1072 4513 Ἕλληνας
1093 4442 1257 4510 λέγω,
1276 4441 1447 4494 ταῦτα
1475 4441 1776 4506 πείθεσθαι,
1800 4442 1930 4496 θαυ-

352 4532 559 4603 μαστὸν
592 4529 762 4583 οὐδέν·
811 4530 872 4582 τὸ
913 4529 968 4582 δὲ
1009 4530 1154 4600 ὑμᾶς
1187 4529 1331 4584 οὕτω
1361 4529 1510 4594 θείας
1540 4532 1633 4584 καὶ
1655 4532 1926 4602 σωτηρίου

347 4619 700 4682 διδασκαλίας
760 4617 1170 4684 ἀπολαύοντας,
1226 4619 1518 4690 ἀτιμάζειν
1573 4622 1671 4691 μὲν
1720 4621 1926 4686 ταῦτα,

351 4704 708 4774 προστρέχειν
736 4705 793 4758 δὲ
815 4703 1042 4767 ἐκείνοις
1073 4707 1183 4766 τοῖς
1210 4703 1591 4771 ἀλογωτάτοις,
1628 4706 1722 4758 καὶ
1748 4705 1928 4778 ψυχῆς

349 4790 625 4846 ἀπώλειαν
655 4791 858 4860 έχουσι,
883 4790 1040 4842 τοῦτό
1067 4791 1182 4843 ἐστι
1206 4789 1266 4842 τὸ
1288 4790 1505 4844 πάντων
1527 4789 1923 4863 χαλεπώτερον.

354 4882 416 4934 Τί
450 4879 559 4949 γάρ
586 4897 686 4949 μοι
707 4879 804 4932 καὶ
831 4878 974 4944 τοὺς
998 4878 1113 4942 ἔξω
1141 4879 1404 4947 κρίνειν;
1445 4878 1600 4948 Ἐμοὶ
1625 4879 1762 4942 τέως
1789 4879 1928 4951 πρὸς

347 4969 493 5038 ὑμᾶς
523 4969 720 5021 ἐστινό
753 4967 929 5034 λόγος,
962 4967 1029 5021 τὰ
1063 4969 1198 5038 μέλη
1246 4967 1340 5022 τοῦ
1372 4965 1632 5039 Χριστοῦ,
1671 4967 1737 5020 τά
1759 4967 1927 5020 τέκνα

345 5056 449 5126 τῆς
473 5056 819 5127 Ἑκκλησίας,
839 5058 962 5120 τοὺς
985 5057 1043 5109 ἐν
1074 5056 1150 5126 τῷ
1173 5055 1424 5127 πατρικῷ
1453 5057 1587 5126 οἴκῳ
1603 5055 1926 5125 παιδευομέ-

346 5162 495 5207 νους,
535 5145 664 5207 τοὺς
692 5145 958 5215 οὐρανίων
992 5145 1363 5208 ἀπολαύοντας
1396 5145 1758 5216 διδαγμάτων,
1801 5146 1926 5209 τοὺς

344 5233 584 5304 τοσαύτῃ
613 5233 944 5302 τιμηθέντας
965 5235 1118 5302 τιμῇ.
1147 5231 1245 5284 Διά
1262 5231 1418 5284 τοῦτο
1450 5231 1638 5292 στένω,
1661 5230 1749 5284 διά
1767 5228 1926 5284 τοῦτο

307 5375 316 5379 _
343 5320 568 5391 δακρύω
600 5322 692 5373 καὶ
723 5320 928 5392 θρηνῶ·
953 5319 1166 5390 θρήνων
1187 5318 1294 5390 γὰρ
1317 5318 1484 5382 ὄντως
1516 5318 1662 5384 ἀξια,
1687 5319 1815 5372 ὅταν
1843 5336 1926 5382 τις

347 5409 485 5480 μηδέ
526 5407 857 5478 συγγνώμης
901 5407 1026 5471 ἄξια
1071 5407 1242 5479 πίπτη
1285 5406 1575 5476 πτώματα.
1630 5407 1764 5461 Ποία
1793 5407 1923 5476 γὰρ,

343 5499 466 5552 εἰπέ
499 5515 612 5568 μοι,
639 5497 957 5567 συγγνώμη,
989 5497 1116 5549 ὅταν
1143 5496 1510 5566 ἀποφαίνηται
1534 5495 1665 5559 Θεὸς
1695 5497 1788 5550 καὶ
1815 5497 1926 5552 δαί-

407 5653 433 5680 ⁸
459 5651 543 5700 Sic
562 5649 697 5700 Cnlb.
725 5650 776 5698 In
798 5649 971 5698 Morel.
997 5663 1114 5699 vero
1135 5650 1214 5696 καὶ
1235 5649 1320 5697 οὐκ
1343 5647 1612 5699 ἐπιστεύετο
1636 5648 1796 5698 deest.

405 5712 434 5753 δ
463 5712 530 5760 lla
551 5713 686 5760 Cnlh.
717 5713 766 5759 In
788 5711 934 5760 editis
960 5713 1059 5758 haec
1083 5714 1246 5759 vitiata
1270 5719 1426 5757 crum.

404 5783 427 5809 θ
461 5779 541 5825 δίε
561 5782 698 5824 recte
727 5774 945 5826 Colbcrl.
980 5775 1107 5824 Edit.
1137 5787 1252 5824 Veru
1276 5776 1362 5822 κᾶν
1386 5776 1747 5840 σπουδάσωξιεν.

1475 281 1562 336 DE
1601 281 1783 338 ΡΑΤο
1821 281 1909 338 ΕΤ
1949 279 2430 338 ΡιιοτιυΕΝΤιΑ.
2475 280 2537 336 ιι.

3513 292 3621 350 Τῦθ

2047 415 2205 467 μονες
2233 396 2721 464 ἀντιφθέγγωνται,
2757 398 2848 450 καὶ
2871 396 3280 468 ἀξιοπιστότερα
3316 393 3442 468 δόξῃ
3475 401 3623 468 παρά

2041 486 2148 538 τῶν
2188 485 2404 538 οἰκείων
2428 484 2520 538 τοῦ
2544 486 2679 538 Θεοῦ
2707 487 2771 539 τά
2805 488 2933 557 παρ’
2950 487 3170 540 ἐκείνων
3205 485 3473 554 λεγόμενα
3494 503 3507 545 ;
3531 489 3623 556 Μὴ

2041 572 2148 643 γάρ
2169 565 2462 642 λογισμοὺς
2483 573 2738 643 κινοῦμεν
2757 574 2867 636 νῦν,
2889 574 3023 626 ἀλλά
3047 574 3184 637 τέως
3205 574 3303 643 τὴν
3325 573 3626 643 ἰταμότητα

2040 662 2146 716 τῶν
2193 661 2419 724 ἐκείνοις
2459 662 2793 732 πειθομένων
2846 663 3112 734 δείξομεν.
3173 664 3230 715 Ὀ
3274 661 3406 724 Θεὸς
3444 661 3623 728 λέγει,

2039 748 2352 816 Παρέθηκά
2382 764 2479 801 σοι
2525 749 2644 818 πῦρ
2685 749 2784 802 καὶ
2821 750 2994 817 ὕδωρ,
3048 749 3164 816 τὴν
3203 749 3356 816 (co-iw
3387 747 3482 801 καὶ
3519 748 3626 801 τόν

2040 837 2320 899 θάνατον,
2353 833 2423 892 οὗ
2447 836 2556 889 ἐὰν
2584 836 2766 904 θέλῃς
2792 836 3063 890 ἔκτεινόν
3088 852 3205 890 σου
3229 835 3344 902 τὴν
3373 837 3561 904 χεῖρα·
3595 836 3623 887 6

2038 923 2248 993 δαίμων
2272 923 2446 990 λέγει,
2471 924 2552 977 ὅτι
2585 924 2685 977 οὐκ
2733 925 2881 978 ἔστιν
2918 925 2975 976 ἐν
3011 927 3094 977 σοὶ
3138 923 3199 976 τὸ
3233 923 3495 976 ἐκτείνειν
3524 923 3625 991 τὴν

2037 1012 2217 1081 χεῖρα.
2247 1011 2362 1064 ἀλλ’
2391 1011 2606 1081 ἀνάγκη
2638 1012 2742 1064 τινὶ
2777 1013 2872 1065 καὶ
2907 1012 3017 1082 βίᾳ.
3059 1012 3169 1064 Καὶ
3204 1009 3624 1082 ἀξιοπιστότερα

2038 1095 2176 1153 εἷναί
2209 1116 2288 1151 σοι
2315 1100 2482 1161 δοκεῖ,
2514 1101 2608 1151 καὶ
2633 1098 2692 1152 ού
2713 1099 2772 1152 τὸ
2819 1099 2982 1170 μέσον
3008 1100 3114 1152 τῶν
3143 1098 3624 1176 συμϐουλευόντων

2037 1189 2196 1249 νοεῖς,
2222 1187 2304 1238 ὅτι
2324 1189 2352 1239 6
2378 1186 2475 1256 μὲν
2502 1185 2654 1248 Θεὸς,
2679 1187 2706 1238 6
2734 1187 2790 1238 δὲ
2833 1186 3062 1256 δαίμων·
3097 1186 3155 1238 ού
3185 1185 3286 1254 τῆς
3313 1202 3375 1236 συ
3386 1183 3624 1254 μϐουλῆς

2036 1274 2097 1327 τὸ
2125 1274 2380 1346 διάφορον
2415 1271 2714 1340 ἐξετάζεις,
2737 1274 2816 1326 ὅτι
2847 1274 2907 1327 τὸ
2941 1273 3037 1343 μὲν
3071 1275 3335 1344 σωτήριον
3363 1272 3456 1325 καὶ
3489 1271 3622 1342 πρὸς

2037 1362 2237 1432 ἀρετὴν
2266 1361 2440 1425 καλεῖ,
2471 1362 2531 1414 τὸ
2574 1361 2631 1415 δέ
2661 1362 2829 1424 ὅντως
2871 1363 2966 1416 καὶ
2992 1361 3305 1433 δαιμονικὸν
3340 1360 3432 1414 καὶ⁵
3471 1360 3621 1432 [759]

2038 1449 2173 1520 πρὸς
2203 1449 2399 1504 κακίαν
2441 1450 2535 1503 καὶ
2569 1449 2854 1520 πονηρίαν·
2883 1450 2942 1502 οὐ
2970 1449 3039 1502 τὰ
3066 1449 3218 1520 παρά
3247 1448 3338 1502 τοῦ
3371 1447 3506 1501 Θεοῦ
3541 1463 3620 1500 σοι

2036 1539 2394 1609 γεγενημένα,
2435 1539 2529 1592 καὶ
2557 1539 2622 1592 τὰ
2655 1538 2804 1610 παρά
2846 1537 2938 1592 τοῦ
2974 1538 3228 1608 δαίμονος
3262 1540 3504 1600 σκοπεῖς,
3538 1537 3622 1591 ὅτι

2035 1628 2064 1679 6
2094 1628 2192 1696 μὲν
2211 1627 2351 1680 οὕτω
2381 1644 2440 1680 σε
2468 1626 2746 1696 ἐφίλησεν,
2780 1627 2856 1688 ώς
2894 1626 2989 1678 καὶ
3013 1625 3104 1678 τὸν
3134 1626 3413 1695 Μονογενῆ
3435 1625 3619 1679 δοῦναι

2036 1715 2176 1784 ὑπὲρ
2212 1713 2328 1776 σοῦ,
2359 1706 2419 1768 οὗ
2442 1713 2768 1784 τιμιώτερον
2792 1712 2946 1766 οὐδὲν
2978 1709 3046 1783 ἦν
3080 1711 3157 1783 τῷ
3187 1713 3383 1783 Πατρὶ,
3414 1713 3509 1766 καὶ
3537 1712 3618 1765 ἔτι

2036 1801 2200 1871 φιλεῖ,
2234 1803 2308 1866 ώς
2339 1803 2434 1855 καὶ
2453 1803 2789 1872 παρακαλεῖν
2815 1819 2873 1854 σε
2903 1801 2993 1856 διά
3014 1801 3120 1854 τῶν
3145 1800 3458 1856 ἀποστόλων
3480 1801 3619 1871 ὑπὲρ

2031 1891 2132 1961 τῆς
2164 1892 2264 1962 σῆς
2295 1891 2590 1961 σωτηρίας,
2619 1891 2712 1944 καὶ
2744 1889 2922 1943 πάντα
2959 1891 3120 1942 ποιεῖ·
3157 1890 3186 1941 6
3213 1889 3267 1941 δέ
3293 1887 3463 1952 οὕτως
3494 1889 3618 1958 ἐμί-

2035 1995 2168 2048 σησε
2198 1981 2291 2034 καὶ
2321 1981 2488 2050 μισεῖ.
2525 1979 2601 2042 ὡς
2642 1977 2730 2032 διὰ
2774 1979 2992 2032 πάντων
3020 1995 3102 2031 σοι
3135 1977 3393 2046 πολεμεῖν
3421 1977 3513 2028 καὶ
3544 1975 3617 2046 μὴ

2035 2068 2195 2137 μόνον
2227 2067 2380 2120 οὐδὲν
2424 2067 2624 2120 διδόναι
2676 2067 2945 2138 χρηστὸν,
2993 2066 3129 2120 ἀλλά
3173 2067 3265 2118 καὶ
3303 2058 3378 2117 ὧν
3427 2063 3618 2126 ἔλαϐες

2033 2155 2183 2227 παρὰ
2213 2155 2308 2209 τοῦ
2346 2155 2502 2220 Θεοῦ,
2538 2157 2632 2209 καὶ
2677 2155 2881 2210 τούτων
2922 2155 3217 2226 πειρᾶσθαι
3258 2152 3558 2207 ἐκϐάλλειν·
3588 2153 3619 2206 6

2035 2244 2134 2314 μὲν
2152 2243 2405 2312 ἀγγέλοις
2431 2261 2488 2296 σε
2513 2243 2626 2296 ἴσον
2648 2245 2870 2314 ποιῆσαι
2895 2242 3246 2304 ἐσπούδασεν,
3268 2244 3294 2295 6
3314 2240 3370 2294 δὲ
3397 2240 3505 2294 τῶν
3529 2258 3618 2311 χαο

2035 2332 2132 2402 μαὶ.
2167 2331 2491 2400 βαδιζόντων
2521 2331 2846 2402 ἀτιμότερόν
2875 2348 2933 2384 σε
2956 2331 3312 2401 κατέστησεν,
3331 2327 3528 2391 αὐτούς
3558 2346 3617 2381 τε

2033 2421 2092 2474 σὲ
2118 2423 2446 2492 προσκυνεῖν
2490 2420 2826 2474 ἀντέπεισεν·
2864 2422 2893 2473 6
2921 2421 3018 2491 μέν
3040 2421 3119 2482 εἱς
3147 2418 3424 2490 βασιλείαν
3453 2417 3618 2488 οὐρα-

2030 2508 2137 2562 νῶν
2164 2507 2310 2562 ἕλκει
2350 2509 2443 2563 καί
2471 2507 2570 2571 τὰς
2605 2507 2770 2572 ἄλλας
2801 2507 2985 2578 τιμάς,
3018 2509 3046 2560 6
3065 2507 3121 2560 δὲ
3149 2507 3238 2560 καὶ
3266 2507 3362 2578 τῆς
3387 2503 3619 2559 ἐνταῦθά

2031 2614 2114 2650 σοι
2142 2597 2390 2668 δοθείσης
2419 2597 2682 2666 ἐφθόνησε
2701 2637 2714 2660 ,
2747 2597 2842 2649 καὶ
2869 2596 2930 2648 ού
2956 2595 3219 2666 πρότερον
3249 2595 3487 2664 ἀπέστη,
3505 2592 3616 2656 ἕως

2031 2686 2306 2753 ἐξέϐαλεν.
2343 2685 2407 2738 El
2437 2685 2546 2757 γάρ
2577 2686 2671 2740 καὶ
2697 2685 2765 2738 τὰ
2793 2685 3040 2756 δόγματα
3074 2685 3132 2736 οὑ
3167 2682 3398 2736 δύνασθε
3441 2681 3612 2735 αὑτοῦ

2033 2777 2284 2846 συνορᾷν,
2305 2774 2479 2827 καίτοι
2505 2774 2657 2844 ἡλίου
2685 2773 2992 2842 σαφέστερα
3019 2774 3132 2834 τοῖς
3161 2771 3236 2842 μὴ
3261 2770 3616 2841 νωθεστέροις

2029 2863 2197 2916 ἐστίν·
2226 2862 2370 2916 οὕτω
2403 2863 2496 2916 καὶ
2527 2863 2698 2916 ταῦτα
2721 2862 2787 2916 τά
2810 2861 2901 2914 τοῦ
2927 2861 3062 2914 Θεοῦ
3088 2859 3354 2930 πρόδηλον
3383 2859 3492 2929 ἔχει
3514 2859 3614 2927 τὴν

2029 2952 2230 3024 ἀρετὴν
2256 2957 2349 3006 καὶ
2375 2953 2486 3023 λτὴν
2522 2953 2816 3024 σωτηρίαν,
2854 2952 3083 3005 κάκεῖνα
3113 2949 3212 3021 τὴν
3246 2948 3464 3002 κακίαν·
3498 2949 3613 3006 ἀλλ’

2028 3042 2180 3110 ὅμως
2213 3042 2262 3093 εἱ
2319 3041 2454 3110 πρὸς
2507 3040 2646 3094 αὐτά
2678 3039 2754 3111 μὴ
2810 3039 3035 3094 δύνασθε
3071 3037 3320 3100 συνιδεῖν,
3367 3035 3467 3089 κᾶν
3507 3037 3614 3088 ἀπὸ

2026 3127 2135 3180 τῶν
2160 3127 2637 3198 συμϐουλευόντων
2677 3127 2875 3198 μάθετε
2900 3126 2960 3180 τὸ
2991 3127 3256 3196 σωτήριον
3284 3125 3459 3177 καὶτὸ
3485 3123 3613 3193 βλα-

2029 3215 2208 3286 ϐερόν.
2239 3213 2362 3278 Πῶς
2383 3215 2493 3287 γάρ
2522 3216 2624 3268 οὐκ
2653 3215 2849 3270 ἄτοπον
2877 3215 2967 3266 ἐπὶ
3004 3214 3101 3284 μέν
3126 3212 3234 3266 τῶν
3263 3211 3437 3267 ἄλλων
3469 3227 3614 3282 πρα-

2030 3304 2257 3374 γμάτων
2291 3304 2460 3376 ταύτῃ
2508 3303 2812 3375 κεχρῆσθαι
2861 3306 2927 3374 τῇ
2973 3303 3186 3373 γνώμῃ,
3233 3300 3339 3355 κᾶν
3399 3301 3495 3371 μὲν
3530 3301 3613 3360 ἱα-

2029 3392 2158 3462 τρὸς
2184 3391 2330 3465 δώσῃ
2365 3393 2473 3446 τινὶ
2514 3391 2700 3454 σιτίον,
2747 3390 2822 3462 μὴ
2865 3387 3351 3462 περιεργάζεσθαι,
3387 3382 3502 3440 ἀλλ’
3539 3387 3615 3448 ώς

2032 3481 2244 3548 ὑγιείας
2301 3479 2585 3549 ποιητικὸν
2640 3478 2921 3548 δέχεσθαι,
2971 3477 3036 3532 ἂν
3089 3477 3146 3531 δὲ
3198 3475 3488 3548 φαρμακὸς
3518 3474 3614 3527 καὶ

2031 3568 2186 3638 γόης,
2209 3566 2296 3638 μὴ
2349 3566 2846 3638 πολυπραγμονεῖν,
2897 3565 3015 3619 ἀλλ’
3046 3564 3120 3627 ὼς
3157 3563 3483 3634 δηλητήριον
3519 3561 3616 3614 καὶ

2034 3655 2294 3726 βλαϐερὸν
2324 3653 2785 3724 ἀποστρέφεσθαι·
2819 3652 2912 3706 ἐπὶ
2941 3652 2998 3705 δὲ
3020 3651 3114 3704 τοῦ
3149 3649 3284 3704 Θεοῦ
3323 3649 3457 3720 μηδὲ
3486 3647 3613 3701 τού-

2031 3760 2109 3811 τῳ
2137 3741 2438 3812 κεχρῆσθαι
2484 3740 2562 3810 τῷ
2593 3740 2776 3812 μέσως
2822 3740 2998 3793 καίτοι
3053 3737 3292 3809 τοσούτῳ
3346 3735 3507 3790 πλέον
3553 3736 3614 3789 τὸ

2036 3829 2198 3901 μέσον
2236 3829 2373 3883 Θεοῦ
2409 3829 2503 3882 καὶ
2534 3829 2806 3899 δαίμονος,
2845 3828 2876 3897 ἦ
2929 3827 3114 3900 ίατροῦ
3157 3827 3250 3879 καὶ
3278 3822 3610 3896 φαρμακοῦ,

2031 3919 2155 3971 ὅσον
2186 3916 2306 3971 οὐδὲ
2353 3915 2562 3982 ἔξεστιν
2595 3918 2790 3978 εἱπεῖν,
2840 3915 2959 3968 οὐδὲ
3003 3914 3079 3984 νῷ
3131 3912 3483 3986 παραστῆσαι
3519 3909 3614 3963 καὶ¹

2031 4007 2196 4079 λόγῳ.
2225 4006 2350 4072 Πῶς
2373 4003 2464 4060 οὖν
2505 4007 2603 4060 οὐκ
2641 4005 2876 4077 ἐσχάτης
2907 4004 3156 4068 ἀτοπίας,
3200 4003 3328 4056 ἔνθα
3363 4003 3460 4072 μὲν
3488 3999 3613 4053 ἐλά--

2032 4113 2217 4166 χιστον
2265 4096 2326 4149 τὸ
2369 4096 2624 4167 διάφορον
2665 4095 2773 4149 τῶν
2821 4095 3168 4165 παρεχόντων
3198 4091 3266 4144 τά
3321 4088 3487 4150 σιτία,
3537 4089 3612 4158 μὴ

2033 4185 2528 4254 πολυπραγμονεῖν,
2575 4182 2711 4236 ἀλλά
2756 4184 2818 4253 τῇ
2871 4181 3113 4250 ποιότητι
3148 4178 3258 4231 τῶν
3305 4174 3612 4247 προσώπων

2032 4273 2152 4326 ἀντὶ
2186 4273 2365 4342 πάσης
2391 4270 2691 4342 κεχρῆσθαι
2719 4267 3085 4329 διδασκαλίας·
3117 4265 3244 4318 ἔνθα
3269 4264 3325 4318 δέ
3359 4261 3612 4316 τοσοῦτον

2030 4361 2093 4414 τὸ
2122 4362 2284 4431 μέσον
2329 4361 2436 4413 τῶν
2465 4359 2958 4430 συμϐουλευόντων,
3016 4356 3178 4424 λόγου
3239 4353 3428 4426 χρείαν
3468 4350 3612 4421 ἔχειν

2033 4450 2169 4522 πρὸς
2190 4450 2251 4504 τὸ
2284 4449 2592 4518 μαθεῖν,ότι
2625 4447 2686 4502 τὸ
2711 4447 2808 4518 μέν
2836 4446 3122 4516 σωτήριον,
3141 4443 3203 4496 τὸ
3231 4443 3284 4496 δὲ
3311 4439 3610 4512 βλαϐερόνς

2033 4541 2145 4612 Μὴ,
2181 4538 2503 4610 παρακαλῶ,
2550 4537 2623 4608 μὴ
2650 4536 2758 4589 τῶν
2808 4533 3016 4603 ἀλόγων
3066 4527 3215 4604 ὦμεν
3256 4530 3609 4602 ἀλογώτεροι,

2033 4629 2146 4682 ἀλλ’
2179 4625 2566 4697 ἀποπηδῶμεν,
2598 4625 2691 4678 κα)⁵
2733 4622 2807 4694 μὴ
2861 4621 3226 4692 ἐπικλίνωμεν
3256 4620 3354 4684 τάς
3403 4617 3572 4682 ἀκοάς
3593 4633 3607 4648 ·

2033 4716 2387 4784 Φθείρουσιν
2419 4712 2534 4782 ἤθη
2568 4711 2801 4780 χρηστὰ
2834 4711 3056 4779 ὁμιλίαι
3086 4707 3298 4762 κακαί·
3343 4709 3435 4760 καὶ
3474 4725 3607 4776 συγ-

2030 4802 2254 4874 γνώμης
2281 4803 2381 4856 οὐκ
2400 4801 2516 4854 ἐστι
2543 4803 2725 4871 τυχεῖν
2745 4799 2870 4862 τοὺς
2891 4795 3288 4867 ἀπατηθέντας.
3315 4797 3470 4859 Τίνος
3500 4797 3608 4866 γὰρ

2031 4893 2237 4956 ἕνεκεν,
2269 4891 2333 4944 ἂν
2363 4891 2461 4961 μέν
2493 4888 2740 4958 λοιμικὸν
2777 4887 2974 4958 χωρίον
3019 4886 3133 4957 ἴδῃς
3186 4885 3280 4938 καὶ
3325 4884 3605 4947 ἐπίνοσον,

2031 4978 2251 5048 φεύγεις
2277 4977 2374 5048 τὴν
2395 4978 2513 5030 ἐκεῖ
2530 4974 2833 5046 διατριϐὴν,
2857 4973 2958 5027 κᾶν
2992 4973 3160 5044 μυρία
3205 4989 3264 5025 σε
3306 4973 3440 5043 ἕλκῃ
3472 4971 3607 5043 πρὸς

2029 5067 2128 5137 τὴν
2146 5066 2358 5136 οἴκησιν
2380 5063 2614 5133 ἐκείνην,
2633 5062 2848 5117 πάντων
2872 5063 2970 5132 τὴν
2999 5060 3091 5114 τοῦ
3120 5059 3370 5131 σώματος
3398 5062 3608 5129 ὑγίειαν

2030 5152 2324 5224 προτιθείς·
2360 5151 2489 5204 ὅταν
2532 5151 2588 5202 δέ
2633 5149 2790 5217 λόγου
2817 5147 2908 5201 τοῦ
2949 5147 3245 5219 λοιμώδους
3280 5149 3421 5208 τινὲς
3473 5139 3607 5198 ῶσιν

2030 5239 2498 5311 ἐμπεπλησμένοι,
2519 5239 2612 5292 καὶ
2650 5238 2978 5308 νοσήματος,
3013 5235 3131 5304 οὑχὶ
3173 5235 3330 5303 σῶμα
3363 5232 3609 5300 διαφθεί-

2031 5346 2213 5401 ροντος
2245 5327 2424 5398 μόνον,
2451 5325 2586 5380 ἀλλά
2609 5326 2704 5378 καὶ
2723 5325 2902 5394 ψυχὴν
2942 5322 3290 5383 ἀπολλύντος,
3324 5320 3419 5401 καὶ
3441 5319 3606 5390 χείρω

2027 5399 2120 5471 καὶ
2145 5415 2480 5486 φαυλοτέραν
2509 5412 2903 5482 ἐργαζομένου,
2933 5411 3033 5462 οὐκ
3060 5408 3346 5478 ἀποπηδᾷς
3366 5426 3379 5471 ς
3396 5399 3606 5462 Ἅκου·

2025 5519 2160 5568 σον,
2183 5502 2312 5573 φησί
2340 5519 2423 5564 τις
2450 5500 2609 5569 σοφὸς
2636 5499 2796 5569 ἀνὴρ,
2816 5497 2896 5565 μὴ
2922 5495 3184 5562 στήσῃς,
3211 5495 3349 5550 ἀλλ’
3369 5495 3605 5563 ἀποπή-

2023 5590 2239 5657 δησον,
2257 5589 2342 5658 μὴ
2364 5589 2750 5659 ἐγγροιοίσῃς.
2774 5587 2869 5639 καὶ
2894 5589 2992 5654 τὴν
3028 5585 3372 5658 βραχυτάτην
3395 5587 3454 5640 ἐν
3478 5585 3605 5640 τού-

2023 5696 2136 5741 τοις
2167 5677 2418 5740 δεδοικὼς
2463 5676 2764 5746 διατριϐήν.
2796 5673 2980 5726 Ταῦτα
3013 5672 3070 5732 δὲ
3107 5674 3337 5745 λέγομεν
3358 5717 3372 5739 ,
3410 5674 3472 5726 οὒ
3505 5673 3604 5739 τὴν

2032 5767 2181 5838 ἰσχὺν
2210 5767 2315 5820 τῶν
2357 5765 2482 5840 παρ’
2531 5763 2758 5827 ἐκείνοις
2810 5761 3096 5832 δογμάτων
3123 5762 3439 5826 δεδοικότες.
3470 5756 3607 5822 ἁλὶὰ
