4092 6194
541 316 642 370 ῖὺἹ

533 427 632 497 τὴν
671 426 942 497 ὑμετέραν
981 427 1266 483 ἀσθένειαν
1306 433 1654 504 φοϐούμενοι.
1699 437 1862 506 Ἡμῖν
1910 442 2018 512 γὰρ
2047 447 2114 514 τῇ

535 509 629 562 τοῦ
665 509 798 562 Θεοῦ
830 511 1012 580 χάριτι
1053 511 1324 582 ἀραχνίων
1361 515 1726 589 ἀσθενέστερα
1775 521 1842 573 τὰ
1893 509 2117 579 ἐκείνων

537 593 811 661 φαίνεται,
837 596 949 656 τοῖς
964 593 1452 667 τεθεμελιωμένοις
1477 603 1544 672 τῇ
1573 602 1772 664 πίστει,
1801 605 1903 658 κᾶν
1927 610 2118 678 μυριά-

538 695 623 739 xz;
656 678 814 748 ἡμῶν
847 677 1087 748 ἐπᾴδωσι
1119 679 1220 744 τάς
1271 682 1474 746 ἀκοὰς,
1523 685 1764 757 τοσούτῳ
1817 689 1985 743 πλείω
2009 677 2116 745 τὸν

535 761 746 830 γέλωτα
775 763 1164 848 όφλισκάνουσι
1203 766 1335 836 παρ’
1364 768 1540 838 ἡμῶν,
1575 769 1826 842 καθάπερ
1852 775 1902 826 οἱ
1934 793 2116 848 μεμη-

534 844 686 907 νότες
714 846 807 898 καὶ
863 847 973 900 τῶν
1012 847 1230 902 οίκείων
1275 851 1486 920 φρενῶν
1518 852 1891 925 ἐξεστηκότες·
1930 844 2030 930 τὴν
2059 844 2115 914 δὲ

538 926 806 1011 ὑμετέραν
827 929 1111 986 ἀσθένειαν
1127 931 1462 1004 δεδοίκαμεν.
1485 935 1559 988 υὸ
1576 938 1720 991 κατά
1741 941 1958 994 πάντων
1973 926 2116 1011 λέγω

535 1009 603 1099 τὰ
631 1013 916 1099 εἰρημένα,
975 1015 1112 1069 ἀλλά
1148 1016 1288 1070 κατὰ
1319 1019 1429 1070 τῶν
1463 1019 1783 1075 ὑπευθύνων
1817 1027 1932 1088 τοῖς
1963 1009 2114 1099 [760]

535 1091 848 1164 λεγομένοις
883 1097 1072 1152 ὄντων.
1129 1099 1280 1152 Ἐπεὶ
1317 1103 1412 1154 καὶ
1448 1101 1718 1168 Παῦλος,ό
1745 1091 2116 1181 πάντων-κραί

534 1175 664 1241 τῶν,
697 1177 818 1248 οὐχὶ
865 1179 1216 1234 διδασκαλίαν
1270 1183 1453 1252 μόνον,
1509 1186 1647 1240 ἀλλά
1675 1190 1790 1242 ’καὶ
1841 1192 1982 1245 κατὰ
2007 1175 2115 1248 τῶν

535 1258 829 1330 ἀλλοτρίων
859 1264 1166 1328 ἐπιδεικνὺς
1193 1265 1269 1335 τῷ
1311 1267 1525 1338 μαθητῇ
1551 1267 1799 1343 Τιμοθέῳ
1830 1273 1928 1336 τὰς
1961 1274 2116 1344 λογο-

538 1341 762 1410 μαχίας,
782 1343 880 1407 τὰς
903 1347 1235 1414 κενοφωνίας
1263 1348 1645 1418 περιίστασθαι
1679 1341 1952 1425 παραινεῖ.
1983 1341 2116 1412 Ὀλί-

533 1439 628 1488 “ro;
663 1421 814 1480 an»;
837 1429 864 1480 δ
901 1429 994 1510 τῇς
1031 1427 1174 1500 ζωῆς
1201 1431 1356 1502 ἡμῶν
1377 1433 1588 1503 χρόνος,
1619 1435 1792 1506 βραχὺ
1815 1439 1874 1490 τὸ
1894 1440 1992 1510 τῆς
2011 1457 2115 1494 σω-

534 1505 728 1576 τηρίας
757 1505 985 1578 ἐφόδιον.
1018 1513 1113 1566 Ἂν
1135 1511 1228 1567 οὖν
1259 1517 1419 1570 αὑτὸν
1442 1517 1533 1571 τὸν
1568 1505 1774 1590 βραχύν
1803 1505 1993 1592 χρόνον
2025 1523 2116 1577 τὸν

535 1589 757 1644 δοθέντα
783 1595 916 1663 ἡμῖν
950 1595 1085 1666 πρὸς
1117 1597 1176 1649 τὸ
1225 1599 1420 1668 μαθεῖν
1453 1619 1504 1654 τι
1537 1589 1644 1654 τῶν
1678 1589 2006 1675 χρησίμων,
2035 1609 2114 1671 εἰς

536 1675 796 1743 περιττάς
849 1678 943 1731 καὶ
975 1679 1270 1753 ἀνονήτους
1303 1686 1398 1737 καὶ
1434 1685 1704 1758 βλαϐεράς
1747 1689 2114 1762 ἀναλώσωμεν

531 1756 843 1844 ἀκροάσεις,
887 1760 1016 1814 πότε
1045 1764 1230 1816 λοιπὸν
1257 1756 1636 1840 εὐπορήσομεν
1665 1772 1851 1842 ἐτέρου
1885 1756 2027 1844 πρὸς
2053 1775 2115 1828 τὸ

534 1842 725 1907 μαθεῖν
751 1843 818 1894 τά
853 1845 1126 1913 ἀναγκαῖα
1149 1851 1241 1901 καὶ
1279 1853 1706 1920 κατεπείγοντα;
1735 1842 1990 1910 Μάλιστα
2016 1858 2114 1928 μὲν

531 1921 745 2010 γὰρ-,Δεῖ
777 1926 887 2010 καὶ,
912 1929 1122 2000 μακρὸς
1149 1928 1237 2002 ἦν,
1273 1933 1450 1986 πάντα
1481 1936 1647 1989 αὑτὸν
1673 1939 1752 2000 είς
1781 1938 1848 1990 τά
1868 1921 2113 2010 χρήσιμα

531 2005 844 2060 ἀναλίσκειν
866 2009 993 2063 ἔδει·
1022 2013 1150 2066 ὅταν
1205 2014 1262 2068 δέ
1305 2018 1398 2069 καὶ
1432 2019 1612 2087 ὀλίγος
1739 2022 1833 2074 καὶ
1870 2005 2112 2094 βραχύς,

531 2089 650 2152 πῶς
670 2091 774 2172 οὑκ
808 2094 1044 2164 ἐσχάτης
1083 2097 1268 2160 ἀνοίας
1294 2099 1390 2170 τὴν
1417 2089 1704 2172 ὀλιγότητα
1737 2089 1902 2158 αὑτοῦ
1921 2089 2022 2168 ἐιξ
2044 2107 2112 2160 τὰ

529 2169 913 2260 διαφθείρελτα
948 2176 1194 2248 δόγματα
1226 2181 1324 2252 τὴν
1350 2169 1548 2255 ίψυχὴν
1582 2169 1680 2256 τῆν
1713 2187 1989 2260 ἡμετέραν
2015 2189 2110 2242 δα-

531 2257 738 2344 πανᾷν;
780 2257 847 2344 Τί
882 2275 964 2312 σοι
993 2263 1150 2331 χρεία
1181 2267 1509 2336 φαρμάκους
1543 2269 1620 2340 μὴ
1647 2270 1772 2342 δέξῃ
1815 2257 2027 2344 πληγὴν
2055 2287 2105 2338 ιι,

532 2335 608 2406 μὴ
636 2337 728 2391 τόν
751 2341 940 2410 χρόνον
966 2344 1246 2418 άναλώσῃς
1264 2335 1346 2410 εἰς
1370 2349 1430 2402 τὸ
1458 2335 1801 2421 θεραπεύειν,
1831 2355 1867 2408 ἃ
1893 2335 2104 2426 λαμϐάέ

591 2455 620 2485 ⁸
645 2455 784 2506 COIb.
805 2461 1080 2522 φαρμάκους
1107 2465 1168 2525 μή
1197 2465 1342 2526 λάϐῃς
1365 2465 1571 2529 τραῦμα,
1599 2472 1660 2532 μή
1685 2472 1790 2534 δέξῃ
1811 2473 2011 2534 πληγήν.

1223 318 1277 373 S.
1313 320 1598 377 JOANMS
1635 324 2120 387 CHRYSOSI‘OM’I
2159 335 2478 392 ARCIIIEP.
2523 334 3066 392 CONSTANTINOI’.

3678 345 3784 404 758

2219 465 2330 510 νεις
2360 449 2488 518 παρ’
2511 447 2731 518 ἐτέρων,
2769 449 2860 500 καὶ
2897 447 3062 518 ἔχεις·
3097 449 3204 504 ἀπὺ
3231 450 3338 504 τῶν
3361 452 3518 509 θείων
3559 459 3798 530 Γραφῶν

2217 534 2280 586 τὸ
2307 535 2458 602 ὑγιὲς
2494 534 2804 605 συγκρότει,
2841 535 2942 588 κᾶν
2979 537 3256 610 προσέλθῃ
3288 557 3374 604 τις
3413 542 3601 614 ἔτερόν
3633 563 3686 598 τι
3705 547 3798 602 λέ-

2219 641 2352 692 γων,
2381 623 2696 694 άπόφραξον
2734 625 2806 678 τά
2847 619 2983 692 ὦτα,
3035 627 3388 700 ἀποπήδησον
3443 632 3674 699 εὐθέως,
3719 637 3800 708 μὴ

2217 713 2558 783 ἐγχρονίσῃς.
2592 712 2704 766 Καὶ⁵
2731 715 2802 776 εί,
2857 713 3000 768 κατὰ
3029 713 3296 785 βασιλέων
3349 719 3610 789 συλλόγου
3639 741 3800 793 γενο-

2221 800 2405 868 μένου,
2437 801 2538 852 οὑκ
2565 799 2630 853 ἂν
2659 799 2887 870 ἠνέσχου
2931 807 3222 873 μετασχεῖν
3255 804 3348 858 τοῦ
3385 810 3690 880 συνεδρίου,
3719 811 3800 875 ὡς

2217 889 2282 957 τῇ
2311 886 2560 958 κοινωνίᾳ
2584 888 2684 958 τῆς
2719 890 3057 961 ἀκροάσεως,
3091 893 3140 944 εί
3171 893 3263 946 καὶ
3295 895 3369 965 μὴ
3399 899 3798 965 συγκατάθεσις

2217 974 2444 1042 γένοιτο,
2481 976 2838 1030 κινδυνεύσων
2872 979 3110 1043 πάντως·
3165 981 3295 1035 ὅταν
3347 984 3488 1038 κατά
3535 987 3674 1040 Θεοῦ
3711 988 3792 1041 λέ-

2217 1063 2382 1134 γηταί
2429 1081 2502 1126 τι,
2563 1063 2656 1117 καὶ
2703 1064 2878 1136 δόγμα
2911 1067 3010 1136 τῆς
3047 1067 3212 1120 αὑτοῦ
3255 1069 3418 1140 γέμον
3453 1073 3798 1144 κατηγορίας

2217 1151 2580 1222 γυμνάζηται,
2611 1153 2712 1206 οὐκ
2761 1153 3064 1228 ἀποφεύξῃ,
3119 1157 3180 1209 οὐ
3233 1159 3483 1228 μισήσεις
3519 1159 3622 1231 τὴν
3661 1161 3800 1230 βλά-
3863 1147 3880 1154 κ

2219 1255 2434 1311 σφημον
2467 1239 2731 1308 γλῶτταν,
2761 1241 2862 1294 οὑκ
2887 1241 3188 1314 ἐμφράξεις
3215 1245 3283 1298 τὰ
3331 1246 3468 1300 ἀθεα
3507 1247 3795 1318 στόματας

2217 1329 2327 1382 Καὶ
2383 1328 2502 1393 πῶς
2553 1329 2758 1402 δυνήσῃ
2815 1331 2956 1402 μετά
3026 1335 3340 1405 παρρησίας
3397 1335 3654 1407 εὔχεσθαι
3701 1340 3796 1393 τόν

2217 1417 2348 1469 Θεὸν
2366 1417 2416 1482 ι),
2447 1420 2564 1480 ταῖς
2621 1418 2896 1483 διαϐολαῖς
2943 1423 3066 1485 ταῖς
3109 1421 3230 1474 κατ’
3272 1423 3440 1477 αὑτοῦ
3489 1428 3796 1494 κοινωνῶνς

2217 1501 2328 1573 Μὴ,
2343 1503 2669 1574 παρακαλῶ.
2693 1504 2876 1558 Ταῦτὰ
2903 1523 2992 1576 μοι
3020 1507 3084 1560 οὑ
3105 1509 3242 1579 πρὸς
3269 1511 3396 1573 τοὺς
3419 1512 3694 1583 παρόντας
3717 1517 3798 1567 εε-

2218 1608 2402 1664 ρηται,
2429 1591 2628 1660 μᾶλλον
2656 1591 2818 1647 δὲκαὶ
2837 1593 2976 1665 πρὸς
2995 1597 3121 1660 τοὺς
3150 1597 3442 1668 παρόντας.
3475 1601 3540 1654 Εἰ
3563 1602 3671 1674 γάρ
3699 1605 3798 1657 καὶ

2218 1680 2376 1749 ὑμεῖς
2396 1678 2698 1743 ἀνεύθυνοι,
2716 1680 2829 1734 ἀλλ’
2845 1680 3096 1747 οὕστινας
3125 1685 3237 1738 ῖστε
3269 1685 3474 1757 ταύτην
3503 1689 3794 1755 νοσοῦντας

2213 1766 2311 1835 τὴν
2343 1765 2738 1830 νόσον,τούτοις
2759 1769 2850 1821 καὶ
2872 1769 3078 1842 ἑτέροις
3103 1771 3343 1829 πλείοσιν
3369 1776 3668 1831 ἐπαντλᾶτε
3695 1781 3765 1848 ρή
3781 1808 3798 1818 ο

2218 1869 2404 1921 μασιν,
2441 1852 2582 1906 ὥστε
2606 1855 2902 1926 πρόρριζον
2933 1857 3244 1913 ἀνασπάσαι
3271 1861 3330 1913 τὸ
3352 1864 3544 1919 κακόν.
3576 1865 3798 1938 Γένοιτο

2211 1941 2268 1994 δὲ
2297 1942 2486 2011 εὐχαῖς
2505 1941 2614 1996 τῶν
2639 1944 2808 2012 ἁγίων
2833 1946 2928 1999 καὶ
2965 1947 3134 2015 φίλων
3173 1949 3268 2002 τοῦ
3305 1950 3440 2004 Θεοῦ
3473 1953 3556 2022 (οὐ
3581 1955 3690 2025 γάρ
3723 1955 3794 2026 δὴ

2211 2028 2466 2082 τοσοῦτον
2487 2032 2520 2100 ἡ
2531 2029 2648 2100 μῶν
2685 2031 2858 2102 ἰσχύει
2899 2035 2968 2087 τὰ
2997 2036 3242 2106 ῥήματα,
3285 2037 3407 2092 ὅσον
3435 2039 3536 2110 τῆς
3567 2041 3794 2095 ἐκείνων

2215 2112 2379 2182 εὐχῆς
2406 2115 2439 2184 ή
2467 2115 2794 2186 παρρησία),
2825 2117 3036 2186 γένοιτο
3083 2121 3294 2184 πάντας
3340 2124 3508 2193 ἡμᾶς,
3543 2125 3639 2177 καὶ
3674 2127 3792 2180 ὅσοι

2217 2201 2354 2270 πρὸς
2382 2202 2442 2255 τὸ
2467 2203 2742 2275 πλήρωμα
2764 2205 2866 2276 τῆς
2891 2207 3216 2280 Ἐκκλησίας
3237 2211 3566 2276 συντελοῦσι,
3584 2213 3796 2268 τούτων

2215 2287 2628 2358 ἀπαλλαγέντας
2671 2291 2782 2344 τῶν
2831 2292 3036 2358 κακῶν,
3077 2295 3216 2364 μετά
3253 2299 3562 2368 παρρησίας
3595 2300 3796 2370 στῆναι

2213 2371 2522 2446 ἔμπροσθεν
2539 2377 2632 2430 τοῦ
2647 2377 2890 2448 βήματος
2909 2379 3004 2433 τοῦ
3031 2381 3293 2451 Χριστοῦ,
3313 2377 3358 2452 ᾧ
3375 2386 3408 2454 ἡ
3425 2384 3569 2452 δόξα.
3587 2386 3792 2460 Ἀμήν.

2277 2477 2306 2518 δ
2330 2479 2467 2532 Coll).
2488 2485 2558 2546 τῷ
2579 2486 2705 2548 Θεῷ.

553 2575 3774 2633 -___________________________________

1201 2703 1460 2787 ΠΕΡΙ
1499 2705 2217 2796 ΕΙΜΑΡΜΕΝΗΣ
2249 2717 2464 2800 ΚΑΙ
2521 2719 3110 2807 ΠΡΟΝΟΙΑΣ.

1163 2945 1354 3014 Λόγος
1389 2953 1461 3015 γ’.

599 3020 731 3076 Οἶδα
759 3021 950 3094 πρῴην
981 3027 1108 3095 περὶ
1137 3027 1479 3099 εἱμαρμένης
1502 3029 1672 3084 είπὼν
1695 3033 1832 3104 πρὸς
1855 3033 1952 3106 τὴν
1975 3037 2004 3088 ὑ
2013 3054 2110 3106 με-

527 3107 692 3178 τέραν
722 3107 964 3178 ἀγάπην,
1002 3109 1114 3162 ἀλλ’
1139 3111 1290 3166 οὑδέν
1335 3113 1534 3166 κωλύει
1590 3117 1684 3168 καὶ
1719 3118 1960 3188 τήμερον
1984 3121 2112 3189 περὶ

527 3191 628 3262 τῆς
658 3191 828 3274 αὑτῆς
855 3191 1166 3258 ὑποθέσεως
1185 3195 1464 3266 γυμνάσαι
1486 3197 1577 3251 τὸν
1603 3198 1779 3268 λόγον·
1799 3201 1898 3258 οὑκ
1923 3203 2111 3274 ἐπειδὴ

527 3275 588 3328 τὸ
611 3272 783 3337 πάθος
811 3273 960 3328 ἐστὶν
997 3277 1236 3348 ἰσχυρὸν,
1255 3277 1370 3331 ἀλλ’
1393 3279 1631 3352 ἐπειδὴ-ἡ
1661 3272 2110 3355 ῥαθυμίαήμῶνί

528 3359 674 3410 ἐστιν
704 3357 929 3426 ἀφατος,
961 3361 994 3430 ἠ
1043 3359 1136 3412 καὶ
1175 3359 1242 3414 τά
1280 3361 1452 3432 μικρά
1485 3364 1698 3434 μεγάλα
1737 3365 1968 3420 ποιοῦσα
2005 3367 2112 3422 τῶν

529 3441 874 3512 νοσημάτων.
927 3443 1083 3496 Ἐπεὶ
1135 3446 1229 3499 καὶ
1255 3445 1442 3516 τυφλῷ
1465 3446 1622 3516 δῆλόν
1651 3449 1768 3500 ἐστι
1819 3449 1998 3516 φύσει,
2029 3451 2110 3505 ὅτι

527 3525 620 3580 τὸν
655 3526 848 3580 πιστὸν
876 3526 998 3579 οὑδὲ
1032 3526 1205 3596 λόγων
1227 3529 1346 3582 οὑδὲ
1377 3528 1729 3593 διδασκαλίας
1751 3530 1964 3586 δεῖσθαι
2003 3533 2110 3605 χρὴ

529 3609 666 3678 πρὸς
686 3609 786 3680 τὴν
807 3609 900 3663 τοῦ
929 3610 1102 3664 κακοῦ
1131 3611 1322 3664 τούτου
1351 3613 1550 3682 φυγήν.
1586 3611 1854 3684 Καθάπερ
1882 3615 1992 3686 γάρ
2019 3617 2111 3670 τὸν

527 3691 780 3745 οἰκοῦντα
809 3691 908 3764 τὴν
939 3693 1061 3746 καθ’
1095 3695 1246 3763 ἡμᾶς
1271 3695 1618 3764 οἰκουμένην,
1637 3695 1730 3749 καί
1751 3697 1936 3768 νόμοις
1959 3697 2106 3771 [761]

527 3775 942 3847 πολιτευόμενον
973 3779 1082 3842 τοῖς
1127 3779 1258 3848 παρ’
1309 3779 1462 3848 ἡμῖν,
1505 3778 1601 3831 καὶ
1631 3778 1940 3848 βασιλεῦσιν
1976 3783 2109 3835 ὑπο-

525 3859 855 3930 τεταγμένον
883 3863 996 3924 τοῖς
1021 3860 1226 3924 αὐτοῖς,
1253 3860 1314 3914 οὐ
1343 3860 1425 3914 δεῖ
1456 3861 1685 3926 πείθειν,
1724 3864 1806 3918 ὅτι
1843 3865 1941 3938 τὴν
1973 3869 2112 3938 Περ-

527 3944 686 4012 σικὴν
712 3943 991 3998 πολιτείαν
1021 3944 1080 3998 ἐν
1099 3947 1166 4016 τῇ
1197 3944 1445 4016 ἡμετέρᾳ
1462 3945 1704 4014 εἰσάγειν
1719 3959 1742 3986 α
1760 3947 1821 3999 οὑ
1849 3949 1974 4020 χρὴ,
1995 3951 2110 4004 ἀλλ’

526 4026 890 4096 ἀπαγορεύειν
928 4025 1104 4097 μόνον·
1139 4027 1280 4080 οὓτω
1309 4027 1372 4098 δὴ
1417 4028 1512 4081 καὶ
1550 4029 1804 4084 ἐνταῦθα.
1841 4031 1961 4086 Τῶν
2001 4034 2110 4108 γὰρ

527 4111 944 4182 ἁμαρτημάτων
979 4111 1046 4164 τά
1100 4112 1198 4182 μέν
1250 4113 1367 4164 ἐστι
1417 4111 1577 4180 λόγου
1631 4112 1860 4184 δεόμενα
1899 4117 1993 4170 καὶ
2035 4117 2108 4170 δι-

525 4193 842 4258 δασκαλίας,
868 4193 936 4248 τά
989 4193 1048 4246 δὲ
1090 4193 1234 4247 οὕτω
1282 4193 1492 4266 φανερά
1529 4196 1623 4248 καὶ
1657 4196 1812 4266 δῆλα,
1852 4199 1926 4262 ὡς
1959 4199 2108 4272 φόϐῳ

527 4277 621 4330 καὶ
649 4279 890 4350 τιμωρία
922 4279 1061 4351 μόνῃ
1107 4277 1432 4360 κωλύεσθαι·
1480 4273 1591 4332 οἷον
1641 4279 1702 4332 τὸ
1745 4281 2015 4350 φονεύειν,
2047 4285 2110 4337 τὸ

530 4361 820 4430 μοιχεύειν,
854 4362 914 4416 τὸ
933 4362 1205 4426 κλέπτειν,
1242 4363 1302 4415 ού
1333 4361 1502 4415 δεῖται
1531 4362 1723 4432 λόγων·
1749 4365 1818 4418 δι’
1843 4367 1981 4438 ὅπερ
2011 4368 2104 4421 καὶ¹

523 4445 552 4497 ό
600 4443 894 4514 νομοθέτης
927 4445 1046 4515 οὐχὶ
1088 4445 1435 4498 διδασκαλίαν
1481 4447 1623 4516 ὑπὲρ
1675 4447 1882 4502 τούτων
1923 4451 2108 4503 συντέ-

526 4525 675 4579 θεικε
706 4527 1075 4596 περιηχοῦσαν
1108 4529 1289 4598 ἡμᾶς,
1321 4529 1402 4580 ὃτι
1431 4530 1506 4582 τὸ
1563 4531 1794 4602 πρᾶγμα
1840 4534 2106 4604 πονηρόν·

528 4609 949 4684 προκατειλήφει
978 4609 1087 4682 γὰρ
1120 4613 1266 4682 ἡμᾶς
1315 4611 1392 4682 τῷ
1421 4611 1667 4684 λογισμῷ
1689 4631 1702 4645 ·
1761 4615 1897 4668 ἀλλά
1947 4616 2108 4687 μόνον

525 4692 922 4764 ἀπηγόρευσεν,
960 4693 1022 4746 οὑ
1064 4693 1396 4764 μοιχεύσεις,
1428 4696 1490 4748 οὑ
1523 4697 1824 4764 φονεύσεις.
1863 4699 2030 4752 Ὅταν
2051 4699 2106 4754 δέ

525 4776 654 4847 περὶ
685 4777 872 4850 χηρῶν
903 4777 1202 4850 ὑπεροψίας
1237 4779 1332 4832 καὶ
1363 4780 1842 4852 παρακαταθηκῶν
1871 4800 2109 4857 κακουρ-

525 4861 651 4928 γίας
681 4863 812 4931 ἡμῖν
831 4861 1162 4933 διαλέγηται,
1191 4863 1288 4916 καὶ
1321 4861 1612 4934 λογισμοὺς
1647 4865 1878 4938 τίθησιν,
1921 4869 2108 4938 Ἐλέη-

523 4957 640 4997 σον
654 4944 770 5013 τὴν
789 4945 1002 5014 χήραν,
1019 4946 1172 5017 φησὶ,
1191 4947 1288 5000 καὶ
1314 4947 1422 5001 τὸν
1443 4949 1832 5016 προσήλυτον
1846 4965 1862 4981 ·
1879 4953 1976 5005 καὶ
1999 4953 2108 5022 γὺρ
2137 5013 2140 5018 ,

525 5025 624 5080 καί
653 5027 736 5080 σὺ
765 5027 1153 5096 προσήλυτος
1174 5026 1336 5100 ἦσθα
1356 5029 1426 5084 ἐν
1451 5029 1834 5101 ῃῙΑὶγύπτῳ.
1859 5032 1930 5086 Τό
1964 5035 2108 5090 σάϐ-

523 5111 706 5164 ϐατον
723 5111 897 5181 ἀργίᾳ
918 5112 1074 5180 τίμα,
1093 5114 1277 5184 φησίν·
1295 5110 1418 5167 εἶτα
1435 5115 1529 5167 καὶ¹
1552 5114 1808 5185 λογισμὸν
1826 5117 2038 5188 τίθησιν
2053 5119 2101 5172 ι).

593 5194 668 5247 Τὸ
692 5195 874 5247 τοίνυν
911 5195 1252 5266 εἱμαρμένης
1289 5196 1624 5267 ἀπέχεσθαι,
1651 5199 1712 5252 οὐ
1749 5198 1955 5254 τούτων
1989 5201 2104 5255 ἐστὶ

521 5279 632 5333 τῶν
677 5278 950 5350 δεομένων
993 5279 1290 5350 λογισμοῦ,
1339 5280 1454 5334 ἀλλ’
1499 5283 1723 5338 ἐκείνων
1766 5283 1876 5338 τῶν
1905 5284 2102 5355 δήλων.

523 5365 734 5435 Ὠσπερ
756 5364 866 5435 γάρ
893 5363 1054 5436 δῆλον
1092 5365 1174 5418 ὅτι
1229 5364 1466 5436 πονηρὸν
1513 5367 1575 5418 τὸ
1622 5365 1868 5432 φονεύειν
1924 5369 2104 5422 καὶτὸ

527 5448 798 5518 μοιχεύειν
823 5448 1046 5518 φαῦλον,
1061 5447 1203 5502 οὕτω
1223 5447 1380 5520 δῆλον
1401 5449 1560 5503 ὅτιτὸ
1583 5451 1874 5521 προσέχειν
1899 5453 2098 5523 εἱμαρ-

526 5531 662 5600 μένῃ
717 5533 952 5602 πονηρὸν
999 5533 1096 5586 καὶ
1147 5531 1618 5602 ἀπηγορευμένον.
1673 5533 1764 5604 Μὴ
1841 5535 1947 5606 γὰρ
1991 5535 2098 5588 ἀπὸ

553 5689 564 5702 .
587 5627 605 5648 "
628 5628 708 5677 Sic
729 5641 758 5678 e
799 5627 1000 5687 Savilio,
1025 5630 1228 5688 rectius,
1251 5635 1306 5678 ιιι
1348 5627 1488 5678 nobis
1511 5628 1724 5678 videtur.
1753 5629 1922 5680 Monlf.
1946 5634 2095 5694 ὑμῶν.

527 5689 728 5819 θθίῖτὲίο
753 5751 918 5819 qub.,
939 5754 1118 5819 meilius
1135 5765 1285 5819 quam
1311 5751 1453 5819 sima,
1481 5752 1722 5800 πολιτείαν
1741 5755 1972 5819 ὁσημέραι
1999 5758 2098 5805 εἶσ-

517 5813 996 5877 ἀτῳνμηιιηὰ-σιιιειι
1019 5813 1294 5877 legebatur.
1319 5815 1451 5864 Enn.

587 5875 616 5916 Ιι
642 5875 790 5939 Illud,
818 5875 921 5928 εἶτα
939 5879 1018 5926 καὶ
1042 5875 1266 5940 λογισμόν
1282 5878 1454 5941 τίθησι,
1479 5879 1619 5928 dccsl
1645 5877 1694 5927 in
1719 5879 1848 5930 Culb.

2215 2957 2324 3010 τῶν
2358 2958 2696 3029 πειθομένων
2735 2962 2986 3032 νομίζετε
3033 2964 3164 3017 αὐτὸ
3207 2961 3480 3020 εἶναιτῶν
3511 2968 3584 3038 μὴ
3611 2987 3796 3024 κεκω-

2215 3041 2487 3112 λυμένων·
2530 3045 2652 3096 ἐπεὶ
2689 3045 2782 3098 καὶ
2815 3047 2973 3116 φόνος
3012 3047 3276 3118 τολμᾶται
3300 3089 3315 3112 ,
3352 3051 3444 3103 καὶ
3480 3051 3794 3109 κεκώλυται

2214 3124 2365 3208 παρά
2399 3127 2511 3190 τοῖς
2551 3126 2768 3198 νόμοις,
2803 3131 2897 3182 καὶ
2945 3131 2999 3182 αἱ
3035 3135 3270 3202 μοιχεῖαι
3315 3135 3408 3186 καὶ
3455 3135 3511 3187 αἱ
3539 3135 3796 3208 ἁρπαγαὶ

2211 3207 2319 3260 τῶν
2347 3209 2812 3282 ἀπηγορευμένων
2840 3213 2966 3276 εἰσὶ,
2991 3215 3165 3266 καίτοι
3189 3213 3482 3286 δρωμένων
3503 3207 3655 3288 παρά
3683 3221 3796 3274 τῶν

2212 3291 2443 3345 πολλῶν.
2492 3294 2645 3347 Ἐπεὶ
2668 3294 2748 3347 ὅτι
2769 3311 2832 3363 γε
2860 3295 2967 3348 τῶν
2989 3297 3383 3368 κεκωλυμένων
3407 3302 3575 3366 ἐστὶν,
3601 3302 3796 3376 ὥσπερ

2211 3375 2239 3427 ό
2265 3375 2444 3444 φόνος,
2473 3375 2624 3447 παρὰ
2647 3380 2762 3440 τοῖς
2788 3377 2974 3448 νόμοις
3007 3381 3188 3444 αὑτοῖς
3209 3384 3320 3445 τοῖς
3349 3382 3456 3436 τῶν
3501 3375 3791 3456 Ἑλλήνων,

2210 3457 2272 3510 τὺ
2301 3459 2365 3528 τῇ
2401 3459 2614 3526 γενέσει
2650 3459 2969 3526 πείθεσθαι,
3005 3462 3290 3534 παρελθών
3321 3481 3408 3528 τις
3431 3465 3544 3520 τῶν
3573 3484 3796 3538 μοιχευ-

2212 3542 2420 3595 σάντων
2453 3541 2552 3612 τὴν
2578 3541 2672 3595 τοῦ
2715 3543 2888 3609 δεῖνος
2929 3548 3183 3614 γυναῖκα,
3229 3549 3704 3620 κατηγορούμενος
3733 3553 3794 3604 ἐν

2209 3623 2546 3697 δικαστηρίῳ
2589 3626 2813 3696 λεγέτω,
2859 3629 2941 3682 ὄτι
2990 3630 3089 3683 οὑκ
3137 3631 3268 3698 ἐγὼ,
3296 3631 3476 3702 ἀλλ’ή
3529 3633 3752 3700 γένεσις
3777 3652 3790 3666 ·

2211 3707 2320 3790 ἐγὼ
2364 3711 2463 3781 μὲν
2509 3709 2618 3782 γὰρ
2675 3715 2972 3784 σωφρονεῖν
3015 3713 3346 3787 ἐϐουλόμην,
3397 3716 3574 3786 ἐκείνη
3615 3717 3676 3770 δέ
3723 3737 3794 3790 με

2209 3785 2320 3845 ὦσε
2351 3795 2446 3847 καὶ
2497 3793 2783 3850 ἐνέϐαλεν·
2833 3793 2942 3868 ἆρα
2987 3797 3048 3850 οὐ
3073 3797 3162 3850 διὰ
3201 3785 3360 3851 τοῦτο
3403 3785 3794 3872 χαλεπωτέραν

2209 3875 2369 3930 δώσει
2401 3877 2590 3970 δίκην,
2629 3878 2710 3970 fit;
2754 3880 3140 3970 καταγέλαστα
3191 3881 3656 3970 ἀπολογούμενος
3681 3882 3802 3970 ΐιίρσ⁸

2211 3959 2540 4031 συγγνώμης
2553 3960 2797 4026 τεύξεταί
2824 3981 3000 4031 τινος;
3031 3964 3316 4034 Οὐδαμῶς.
3353 3967 3464 4020 Καὶ
3493 3969 3599 4038 μὴν
3619 3959 3794 4040 ἐχρῆν

2211 4043 2330 4097 κατ’
2365 4045 2626 4109 ἐκείνους.
2671 4047 2735 4099 ΕΞ
2763 4046 2872 4118 γὰρ
2917 4049 3128 4117 γενέσει
3159 4048 3334 4102 πάντα
3367 4051 3462 4103 καὶ
3504 4052 3567 4104 οὑ
3599 4069 3796 4124 προαι-

2213 4127 2359 4197 ρέσει
2387 4128 2596 4195 γίνεται
2633 4139 2682 4192 ο,
2725 4129 2932 4200 ταύτης
2961 4131 3162 4200 μείζων
3187 4131 3288 4184 οὐκ
3325 4131 3473 4188 ἐστιν
3499 4134 3790 4204 ἀπολογία.

2211 4211 2274 4262 Εἰ
2312 4211 2411 4280 μὲν
2439 4211 2546 4284 γάρ
2567 4212 2732 4284 κυρία
2755 4213 2850 4266 καὶ
2887 4214 3231 4286 δυνατωτέρα
3259 4216 3372 4268 ἐστὶ
3398 4217 3497 4287 τῆς
3519 4217 3793 4285 γενέσεως

2209 4296 2242 4366 ἡ
2280 4295 2623 4368 προαίρεσις,
2653 4297 2754 4350 οὐκ
2789 4297 2855 4351 ἂν
2879 4296 2965 4368 εἴη
2997 4296 3210 4364 γένεσις
3233 4314 3247 4329 ·
3281 4299 3452 4352 εῐκᾶν
3484 4301 3654 4372 μυρία
3682 4320 3793 4373 μη-

2211 4378 2511 4450 χανήσηται
2557 4396 2645 4444 τις
2669 4418 2684 4442 ,
2715 4380 2928 4458 ἀνάγκη
2974 4379 3045 4434 τὰ
3076 4381 3422 4451 ἐπιτάγματα
3461 4382 3530 4436 τά
3569 4385 3793 4458 ἐκείνης

2209 4461 2569 4533 πληροῦσθαι,
2597 4462 2773 4534 μάτην
2807 4457 2960 4526 οὗτος
2991 4481 3055 4518 κο
3067 4461 3308 4529 λάζεται,
3331 4466 3423 4518 καὶ
3445 4465 3504 4518 οὐ
3535 4457 3793 4534 τεύξεται

2211 4543 2540 4617 συγγνώμης
2565 4565 2580 4578 ·
2625 4545 2739 4600 ἀλλ’
2761 4547 2937 4610 οὐδεὶς
2981 4547 3144 4602 αὐτοῦ
3163 4546 3286 4600 οὔτε
3324 4549 3788 4620 ἀπολογουμένου,

2207 4629 2329 4683 οὔτε
2385 4631 2640 4702 τυχόντος
2684 4631 3014 4702 συγγνώμης
3067 4630 3394 4684 ἀκούσεται·
3445 4631 3590 4686 οὕτω
3633 4636 3794 4705 παρά

2209 4715 2344 4768 πᾶσι
2375 4715 2435 4768 τὸ
2467 4716 2696 4784 πρᾶγμα
2743 4713 3112 4785 διαϐέϐληται,
3161 4713 3257 4767 καὶ
3295 4714 3463 4785 μῦθος
3503 4711 3646 4770 εἶναι
3697 4721 3792 4772 καὶ

2207 4795 2372 4867 λῆρος
2401 4796 2566 4850 δοκεῖ.
2601 4795 2791 4849 Πολλοί
2814 4814 2872 4850 τε
2917 4796 3026 4850 τῶν
3071 4796 3344 4868 ἀρχόντων
3386 4799 3587 4867 (καίτοι
3629 4817 3700 4868 γε
3741 4803 3790 4855 εί

2209 4879 2358 4950 παρά
2391 4877 2679 4949 ἀνθρώπου
2726 4879 2886 4934 πάθοι
2927 4879 3068 4950 βίαν,
3115 4880 3278 4950 ἀρκεῖ
3319 4879 3456 4950 πρὸς
3485 4880 3792 4949 ἀπολογίαν

2207 4961 2338 5014 αὐτὸ
2363 4961 2518 5014 τοῦτο
2546 4962 2962 5034 ἐγκαλουμένῳ,
2999 4961 3202 5033 μᾶλλον
3231 4961 3349 5016 οὐδὲ
3383 4961 3636 5034 ἔγκλημα
3679 4964 3792 5018 λοι-

2207 5043 2308 5096 πδν
2339 5041 2474 5098 εἶναι
2508 5043 2698 5118 δοκεῖ),
2731 5045 2915 5100 πολλοὶ
2942 5045 3073 5115 γοῦν
3103 5046 3212 5099 τῶν
3242 5047 3538 5117 ἀρχόντων,
3571 5049 3666 5101 ἐπὶ
3693 5050 3792 5117 φό-

2207 5145 2318 5192 νοις
2349 5129 2554 5193 ἀδίκοις
2584 5128 3083 5200 κατηγορηθέντες,
3121 5128 3274 5198 δίκην
3315 5129 3538 5196 ἔδοσαν,
3568 5131 3702 5195 τοὺς
3731 5133 3788 5184 δὲ

2205 5210 2432 5281 δημίους
2463 5213 2589 5276 τοὺς
2617 5211 3064 5282 διακονουμένους
3097 5211 3174 5282 τῷ
3206 5212 3370 5283 φόνῳ,
3413 5211 3508 5264 καὶ
3537 5214 3792 5283 αὐτόχει-

2210 5311 2308 5366 ρας
2341 5297 2736 5367 γεγενημένους
2761 5299 2860 5367 τῆς
2892 5297 3124 5367 σφαγῆς,
3152 5295 3272 5350 οὐδὲ
3313 5297 3394 5359 εἰς
3429 5296 3790 5368 δικαστήριον

2205 5379 2427 5433 ἑλκύσαι
2482 5397 2586 5443 τις,
2643 5381 2757 5434 ἀλλ’
2799 5381 2917 5434 οὑδὲ
2964 5381 3234 5453 ζητῆσαι,
3283 5379 3382 5450 τὴν
3431 5379 3626 5450 ἀρχὴν,
3687 5381 3790 5450 τῆς

2205 5461 2450 5533 ἀνάγκης
2498 5462 2640 5535 ὑπὲρ
2677 5463 2856 5518 αὐτῶν
2897 5463 3358 5534 ἀπολογουμένης,
3401 5465 3496 5520 καὶ
3537 5463 3636 5516 τοῦ
3685 5464 3790 5536 τῆς

2205 5547 2383 5618 ἀρχῆς
2431 5546 2763 5618 ἀξιώματος,
2817 5546 2910 5601 καὶ
2969 5547 3064 5600 τοῦ
3116 5547 3218 5619 τῆς
3271 5547 3549 5617 ὑποταγῆς
3591 5547 3786 5614 φόϐου.

2207 5625 2343 5683 Εἶτα
2400 5629 2668 5704 ἀνθρώπῳ
2721 5633 2820 5706 μὲν
2867 5632 3011 5688 ἴσασι
3065 5631 3492 5703 συγγινώσκειν,
3551 5631 3646 5685 ὑπ’
3691 5633 3786 5686 ἀν-

2271 5821 2292 5848 ⁴⁵
2315 5819 2652 5869 (Σοιίπιι-ιὶιιιιιιι
2679 5821 2783 5871 cod.
2827 5818 3097 5882 sequimur.
3128 5821 3304 5871 Morel.
3341 5826 3392 5870 cl
3415 5815 3570 5870 Savil.
3595 5817 3680 5866 καὶ
3727 5816 3786 5866 οὗ

2207 5881 2400 5940 δοκήσει
2425 5882 2615 5944 γίνεται.
