4092 6194
345 201 450 255 ’737

354 326 587 374 vestram
611 325 930 374 metuentes.
963 317 1124 374 Nobis
1150 318 1288 373 enim
1326 332 1421 388 per
1450 315 1542 372 Dei
1575 318 1796 388 gratiam
1824 319 1945 372 illo-

351 427 473 467 rum
500 412 631 466 scita
659 426 976 466 aranearum
1009 411 1126 466 telis
1176 410 1520 466 imbecilliora
1566 411 1829 474 videntur,
1862 410 1949 481 qui

354 519 540 558 sumus
568 503 619 556 in
649 501 753 558 fide
777 501 997 568 fundati,
1021 502 1227 556 etiamsi
1252 502 1443 557 millies
1471 502 1535 557 ad
1558 518 1714 556 aures
1741 511 1951 557 nostras

355 595 665 660 decantent,
717 602 865 648 tanto
911 593 1113 664 majore
1157 594 1266 648 risu
1314 610 1345 648 a
1388 594 1541 649 nobis
1587 593 1945 663 excipiuntur,

355 685 504 756 quasi
534 686 708 740 insani
754 697 807 740 et
836 696 1016 742 mente
1055 688 1193 756 capti
1230 705 1243 742 :
1285 687 1378 742 sed
1407 686 1824 742 imbecillitatem
1856 701 1949 742 ve-

355 787 520 830 stram
555 775 924 831 formidamus.
952 775 1135 848 Neque
1160 777 1438 833 advcrsum
1461 792 1646 833 omnes
1679 775 1793 832 hmc
1810 775 1952 843 dico,

362 870 454 925 sed
479 869 736 924 adversus
757 884 849 925 eos
880 871 967 940 qui
1003 869 1084 924 his
1115 870 1330 926 obnoxii
1352 879 1492 924 sunt.
1511 867 1952 940 Quandoquidem

364 961 554 1016 l’anlus
583 960 673 1031 qui
699 961 874 1015 omnia
894 961 1129 1027 tenebat,
1161 976 1263 1015 non
1287 960 1582 1016 doctrinam
1607 966 1831 1026 tantum,
1861 958 1954 1013 sed

361 1052 648 1106 verborum
690 1067 896 1122 pugnas
920 1053 1176 1108 adversus
1218 1063 1500 1108 extraneos
1526 1050 1841 1120 discipulum
1867 1050 1958 1104 Ti-

363 1142 637 1197 motheum
661 1141 883 1208 docens,
916 1158 1082 1197 vanos
1126 1133 1405 1198 sermones
1448 1141 1810 1197 occludendos
1838 1156 1955 1194 mo-

365 1244 456 1298 net
486 1234 562 1302 (2.
599 1233 730 1288 Tim.
761 1233 816 1288 2.
857 1234 966 1306 16).
1003 1234 1173 1289 Breve
1214 1243 1296 1290 est
1332 1234 1454 1288 vita:
1494 1243 1690 1288 nostra:
1727 1242 1956 1303 tempus,

365 1327 616 1396 exiguum
643 1325 830 1380 salutis
858 1326 1204 1380 curriculum.
1236 1325 1291 1382 Si
1312 1341 1439 1396 ergo
1465 1325 1627 1381 breve
1659 1324 1786 1380 illud
1815 1335 1952 1379 tem-

368 1433 468 1488 pus
495 1417 649 1472 nobis
677 1416 741 1472 ad
770 1416 1087 1472 discendum
1133 1417 1280 1472 utilia
1322 1431 1660 1482 concessum,
1693 1417 1747 1471 in
1776 1431 1962 1488 super-

370 1521 653 1573 vacaneas,
687 1507 901 1563 inutiles
948 1516 1002 1562 et
1045 1510 1230 1563 noxias
1265 1508 1568 1580 disciplinas
1609 1507 1960 1577 insumamus,

369 1597 924 1668 quandouam‘aderit
965 1598 1106 1653 aliud
1149 1607 1359 1669 tempus
1406 1599 1473 1653 ad
1512 1599 1824 1655 discendum
1876 1615 1962 1668 ea,

369 1705 490 1759 qua:
533 1688 834 1743 necessaria
881 1698 1005 1743 sunt
1050 1697 1104 1743 et
1143 1698 1330 1760 urgent
1388 1672 1663 1745 maxime?
1716 1690 1877 1760 Atqui
1920 1690 1966 1744 si

369 1783 529 1836 etiam
557 1780 923 1851 longissimum
941 1790 1107 1848 esset,
1133 1790 1300 1836 totum
1325 1792 1466 1837 esset
1492 1781 1706 1836 utilibus
1727 1782 1780 1836 in
1807 1781 1967 1836 rebus

373 1875 782 1930 insumendum:
809 1890 929 1930 cum
952 1884 1128 1930 autem
1161 1874 1321 1930 breve
1358 1874 1429 1930 sit
1456 1884 1510 1930 et
1537 1874 1805 1946 exiguum,
1835 1889 1968 1944 quo-

373 1966 534 2022 modo
561 1981 666 2021 non
695 1975 952 2022 extremm
978 1966 1264 2022 dementia:
1291 1965 1471 2032 fuerit,
1501 1965 1618 2037 ejus
1649 1965 1968 2021 brevitatem

374 2059 428 2115 in
473 2059 782 2130 disciplinas
814 2061 1008 2116 anima:
1056 2071 1256 2116 nostra:
1291 2061 1617 2130 perniciosas
1657 2060 1972 2116 insumere?

377 2152 513 2220 Quid
543 2153 802 2208 medicina
833 2167 968 2223 opus
1004 2164 1084 2208 est
1117 2152 1249 2207 tibi?
1280 2167 1348 2208 ne
1382 2153 1612 2223 accipias
1643 2153 1873 2224 plagam,
1907 2168 1973 2206 ne

380 2255 590 2315 tempus
612 2245 860 2300 absumas
883 2246 934 2300 in
962 2245 1025 2300 iis
1051 2244 1322 2312 sanandis,
1355 2260 1486 2316 quas
1517 2244 1584 2299 ab
1599 2245 1718 2300 aliis
1738 2245 1968 2314 accipis:

1450 202 1540 258 DE
1583 202 1761 259 FATO
1801 203 1890 258 ΕΤ
1922 203 2402 260 PROVIDENTIA.
2446 201 2529 259 111.

3544 205 3648 260 758

2055 335 2083 372 a
2111 318 2304 373 divinis
2332 316 2622 388 Scripturis
2653 317 2932 372 sanitatem
2964 331 3247 386 compara;
3291 317 3334 371 si
3363 329 3655 374 accesserit

2057 411 2243 480 aliquis
2272 411 2444 464 aliena
2473 409 2690 471 docens,
2723 423 2880 463 aures
2917 409 3137 474 obtura;
3166 407 3344 464 statim
3387 409 3551 473 resili,
3586 426 3652 466 ne

2057 502 2342 557 cnncteris.
2378 501 2432 556 Si
2468 510 2652 556 contra
2683 497 3040 571 Imperatores
3080 501 3362 556 cmisilium
3406 500 3648 565 iniretur,

2059 611 2164 647 non
2195 593 2563 648 committeres
2587 602 2642 646 ut
2683 594 2734 646 in
2763 591 3026 661 ejusmodi
3063 607 3318 648 consessu
3349 592 3522 646 locum
3555 591 3650 645 ha-

2060 685 2236 750 beres,
2269 686 2464 756 quippe
2507 686 2597 755 qui
2627 686 2709 740 vel
2753 702 2815 740 ex
2847 685 3026 740 auditu
3067 701 3269 752 rerum,
3309 685 3516 740 etiamsi
3548 700 3654 739 nou

2059 776 2368 832 assentiaris
2391 818 2404 840 ,
2453 777 2504 830 in
2553 777 2845 846 periculum
2898 777 3116 831 omnino
3152 777 3360 848 venires
3395 794 3408 830 :
3440 775 3658 848 quando

2060 878 2242 923 contra
2276 868 2441 922 Deum
2470 867 2664 938 aliquid
2691 868 2884 923 dicitur
2909 868 3241 939 agitaturque
3267 868 3458 940 dogma
3489 883 3652 924 accu-

2062 961 2267 1014 satione
2297 960 2514 1028 plenum
2539 959 2794 1014 adversus
2834 961 3002 1026 illum,
3031 975 3206 1014 annon
3238 958 3429 1030 fugies,
3471 975 3652 1013 annon

2064 1053 2378 1109 maledicam
2410 1055 2641 1124 linguam
2672 1053 3028 1119 aversaberis,
3059 1069 3235 1109 annon
3263 1054 3421 1124 impia
3443 1069 3533 1109 ora
3563 1054 3661 1108 ob-

2065 1144 2303 1198 turabis?
2348 1145 2412 1199 Et
2437 1145 2706 1215 quomodo
2733 1145 2932 1214 poteris
2958 1160 3079 1199 cum
3111 1144 3302 1200 fiducia
3338 1145 3504 1200 Deum
3533 1159 3657 1213 pre-

2064 1237 2195 1300 cari,
2225 1236 2401 1306 quiin
2450 1251 2570 1291 cum
2603 1236 2918 1306 jactatarum
2963 1236 3347 1292 calumniarum
3392 1235 3658 1305 particeps

2067 1330 2261 1386 fueris?
2287 1329 2381 1395 Ne,
2414 1344 2619 1399 quaeso,
2668 1330 2718 1384 id
2768 1331 2997 1386 eveniat.
3056 1329 3181 1384 Haec
3232 1345 3263 1384 a
3311 1344 3397 1384 me
3442 1344 3547 1384 non
3593 1329 3660 1384 ad

2066 1429 2359 1490 przesentes
2405 1419 2546 1475 dicta
2602 1429 2774 1485 sunt;
2831 1420 2938 1474 imo
2989 1420 3168 1490 potius
3225 1419 3291 1474 ad
3346 1428 3658 1490 prarscntes.

2068 1510 2290 1566 Etiamsi
2315 1513 2456 1568 enim
2486 1527 2580 1568 vos
2601 1512 2820 1580 innoxii,
2851 1513 2894 1567 si
2920 1527 3054 1582 quos
3083 1512 3336 1567 noveritis
3357 1511 3457 1567 hoc
3475 1511 3664 1566 morbo

2069 1602 2372 1659 laborantes
2393 1646 2409 1672 ,
2466 1605 2549 1659 his
2596 1604 2941 1675 pluribusque
2982 1603 3098 1658 aliis
3124 1603 3430 1659 contendite
3456 1603 3655 1667 verbis.

2073 1705 2129 1750 ut
2173 1696 2369 1750 malum
2418 1696 2668 1753 radicitus
2697 1696 2959 1752 evellatis.
3018 1695 3074 1750 ιιι
3119 1709 3246 1751 vero
3287 1694 3370 1750 fiat
3418 1694 3664 1764 precibus

2072 1796 2378 1842 sanctorum
2406 1797 2458 1843 et
2485 1789 2778 1843 amicorum
2810 1787 2902 1842 Dei
2934 1805 2947 1841 :
2983 1803 3087 1842 non
3121 1787 3262 1840 enim
3309 1794 3510 1840 tantum
3557 1800 3657 1840 no-

2074 1889 2184 1935 stra
2232 1880 2392 1934 verba
2446 1881 2667 1947 valent,
2717 1889 2972 1951 quantum
3044 1879 3256 1934 illorum
3309 1878 3661 1948 precationes.

2076 1970 2230 2025 Faxit
2283 1971 2424 2026 Deus
2467 1980 2524 2025 ut
2573 1985 2672 2027 nos
2725 1985 2932 2036 omnes,
2963 1979 3016 2024 et
3058 1976 3316 2037 quotquot
3355 1967 3422 2022 ad
3468 1967 3656 2022 Eccle-

2075 2066 2171 2122 size
2235 2063 2618 2134 plenitudinem
2679 2063 2990 2134 pertinent,
3057 2060 3141 2115 his
3192 2060 3398 2114 liberati
3468 2058 3666 2122 malis,

2079 2171 2199 2212 cum
2238 2156 2430 2212 fiducia
2467 2164 2668 2212 stemus
2706 2165 2834 2212 ante
2865 2154 3096 2209 tribunal
3125 2153 3346 2218 Christi,
3371 2153 3454 2208 cui
3480 2152 3667 2222 gloria.

2082 2249 2276 2303 Amen.

1239 2483 1401 2565 DE
1454 2484 1756 2567 FATO
1804 2485 1953 2566 ET
1990 2485 2814 2569 PROVIDENTIA.

1779 2643 2282 2736 mea»

1025 2800 1222 2841 ORATIO
1260 2801 1335 2839 Ill.

463 2881 591 2936 Novi
643 2895 728 2935 me
773 2893 942 2948 nuper
981 2877 1121 2948 apud
1165 2887 1395 2932 vestram
1440 2874 1716 2930 caritatem
1760 2874 1826 2930 de
1870 2874 1978 2930 fato

390 2975 552 3030 verba
584 2972 800 3036 fecisse,
829 2971 1070 3041 nihilque
1098 2969 1347 3040 prohibet
1374 2969 1660 3039 quominus
1689 2967 1754 3022 de
1779 2966 1970 3022 eodem

390 3073 704 3137 argumento
737 3063 898 3118 etiam
939 3063 1098 3117 hodie
1125 3075 1430 3116 sermonem
1460 3059 1798 3114 instituamus
1829 3075 1841 3110 :
1873 3072 1977 3111 non

391 3157 532 3229 quod
562 3156 780 3212 morbus
807 3155 874 3208 sit
905 3155 974 3208 ita
1003 3151 1211 3207 validus
1235 3193 1249 3216 ,
1301 3150 1394 3206 sed
1426 3151 1568 3221 quod
1608 3149 1848 3204 socordia
1881 3165 1983 3202 no-

392 3259 502 3304 stra
539 3249 609 3302 sit
646 3245 1005 3310 incredibilis,
1051 3259 1171 3315 qum
1214 3243 1298 3298 vel
1346 3243 1595 3297 minimas
1643 3239 1983 3311 aegritudines

395 3354 710 3415 permaguas
759 3339 936 3394 faciat.
991 3336 1262 3408 Siquidem
1309 3344 1364 3391 et
1404 3350 1548 3390 caeco
1582 3333 1633 3388 id
1671 3335 1758 3389 vel
1799 3341 1986 3386 natura

395 3433 741 3502 conspicuum
785 3440 900 3496 est,
955 3429 1092 3484 fideli
1141 3442 1331 3498 nempe
1375 3441 1549 3496 neque
1597 3424 1776 3480 verbis
1815 3439 1988 3493 neque

397 3525 638 3580 doctrina
689 3537 824 3592 opus
863 3536 982 3577 esse
1006 3562 1021 3587 ,
1060 3529 1120 3573 ut
1151 3519 1348 3572 malum
1390 3517 1490 3571 hoc
1519 3516 1753 3586 elfugiat.
1785 3514 1989 3582 Quem-

400 3618 684 3671 admodum
733 3613 877 3670 euim
929 3613 1010 3680 ei,
1056 3601 1160 3682 qui
1189 3621 1380 3664 terram
1428 3617 1664 3663 nostram
1708 3607 1988 3673 inhabitet,

401 3705 830 3779 legibnsnostris
857 3712 1072 3769 utatur,
1120 3701 1336 3772 regibus
1386 3699 1576 3774 iisdem
1622 3707 1836 3768 pareat,
1884 3712 1989 3751 non

404 3815 623 3856 necesse
651 3807 734 3854 est
765 3795 1103 3868 persuaderi,
1145 3809 1212 3848 ne
1251 3793 1534 3848 Persarum
1585 3791 1823 3845 instituta
1853 3788 1992 3858 apud

405 3910 501 3947 nos
529 3891 770 3954 inducat,
813 3888 906 3944 sed
937 3887 1104 3943 semel
1136 3885 1408 3956 prohiberi
1441 3893 1642 3939 tantum
1672 3900 1686 3934 :
1713 3883 1788 3937 sic
1812 3892 1867 3938 et
1894 3881 1994 3936 hoc

405 3985 524 4040 loco
570 3982 891 4039 faciendum.
940 3980 1073 4035 Nam
1103 3977 1244 4050 quod
1275 3978 1340 4032 ad
1369 3983 1587 4048 peccata
1607 3973 1844 4030 cavenda
1876 3987 1996 4042 per-

407 4078 570 4141 tinet,
620 4075 721 4129 alia
763 4073 976 4144 quidem
1025 4079 1152 4125 sunt
1196 4086 1315 4140 qua:
1357 4083 1607 4124 sermone
1644 4065 1995 4133 doctrinaque

408 4177 588 4239 egent,
620 4167 720 4222 alia
746 4181 873 4220 vero
900 4165 967 4218 ita
995 4163 1272 4217 manifesta
1299 4170 1354 4216 et
1375 4161 1539 4226 clara,
1571 4168 1629 4214 ut
1657 4167 1798 4214 metu
1823 4156 1996 4212 solum

409 4276 473 4316 ac
510 4259 770 4329 supplicio
811 4265 1163 4311 coerceantur
1193 4273 1206 4308 :
1237 4253 1388 4324 cujus
1425 4251 1640 4321 generis
1677 4257 1822 4312 sunt,
1851 4247 2000 4302 oeci-

411 4354 562 4418 dere,
592 4349 913 4405 adulterium
939 4347 1244 4410 admittere,
1274 4344 1458 4406 furari,
1479 4359 1598 4414 qua:
1622 4343 1866 4397 oratione
1893 4355 2000 4394 non

410 4452 590 4515 egent.
636 4440 996 4510 Quamobrem
1039 4437 1313 4508 legislator
1341 4452 1449 4491 non
1489 4433 1786 4490 doctrinam
1828 4432 2004 4503 posuit

410 4552 513 4606 qua
543 4548 703 4588 aures
744 4541 942 4586 nostra:
984 4536 1364 4601 personarent,
1411 4536 1463 4582 ct
1502 4542 1616 4580 rem
1659 4540 1780 4581 esse
1807 4524 2002 4579 malam

415 4627 740 4682 indicaretur
772 4644 784 4679 :
815 4622 942 4678 illud
989 4621 1132 4677 enim
1182 4621 1293 4690 jam
1337 4619 1714 4689 cogitationem
1766 4627 2004 4672 nostram

412 4724 899 4792 prmoccupaverat;
930 4713 1022 4769 sed
1049 4712 1219 4767 solum
1241 4709 1528 4782 prohibuit,
1551 4709 1664 4764 Non
1689 4707 2004 4763 adulterium

415 4813 691 4879 admittes,
723 4826 828 4864 non
859 4807 1070 4864 occides
1097 4805 1274 4878 (Deut.
1307 4805 1361 4860 5.
1392 4805 1479 4859 17.
1514 4803 1626 4874 18).
1666 4801 1765 4858 Ubi
1787 4815 1914 4856 vero
1942 4797 2008 4854 de

417 4907 700 4962 viduarum
744 4905 998 4974 despectu
1023 4946 1037 4971 ,
1069 4903 1245 4974 deque
1284 4900 1650 4971 depositorum
1680 4899 1870 4954 violata
1907 4896 2010 4952 fide

419 5015 520 5054 nos
545 4999 852 5070 alloquitur,
883 5006 1005 5052 tunc
1037 4997 1270 5052 rationes
1291 4993 1491 5064 adjicit.
1526 4992 1790 5057 Miserare,
1820 4989 2006 5060 inquit,

420 5094 661 5156 viduam,
702 5102 748 5146 et
799 5092 1094 5144 advenam:
1138 5088 1320 5144 etenim
1352 5099 1400 5140 et
1439 5097 1492 5139 tu
1536 5085 1730 5139 advena
1774 5083 1915 5154 fuisti
1960 5083 2012 5135 in

425 5196 558 5240 terra
595 5183 816 5256 aEgypti
847 5182 1025 5254 (Deut.
1057 5181 1140 5236 10.
1172 5182 1286 5250 18).
1345 5179 1624 5236 Sabbatum
1663 5179 1832 5247 requie
1879 5176 2006 5242 cole,

423 5278 596 5348 inquit
643 5275 852 5348 (Exod.
897 5274 987 5330 20.
1036 5274 1122 5330 10.
1164 5283 1214 5328 et
1247 5273 1336 5328 5|.
1370 5272 1508 5343 i3):
1553 5269 1746 5326 deinde
1797 5284 2012 5326 causam

426 5369 578 5426 affert
607 5370 645 5422 ί.

501 5463 689 5518 Fatum
723 5462 926 5516 omnino
951 5460 1316 5514 damnandum.
1345 5489 1414 5498 —
1444 5457 1633 5513 Fatum
1658 5457 1834 5526 itaque
1858 5471 2015 5510 aver-

429 5534 566 5620 sari,
610 5569 716 5609 non
760 5561 1085 5624 praeceptum
1113 5549 1360 5621 estquod
1391 5548 1667 5604 ratiocinio
1707 5555 1892 5620 egeat,
1922 5545 2016 5603 sed

491 5676 508 5707 ί
543 5669 682 5731 llttul,
709 5668 884 5720 deinde
907 5680 1102 5720 causam
1125 5661 1283 5731 aﬂ‘e’rt,
1302 5665 1447 5718 deest
1467 5665 1517 5717 in
1539 5663 1671 5717 Coll).

2085 2800 2150 2839 ex
2197 2785 2300 2841 illis
2347 2787 2640 2858 perspicuis
2679 2796 2781 2842 est.
2827 2786 2961 2840 Nam
3006 2784 3452 2856 quemadmodum
3506 2783 3678 2854 palam

2086 2886 2171 2932 est
2195 2877 2395 2932 caadem
2427 2888 2480 2932 et
2507 2878 2825 2933 adulterium
2854 2893 2973 2932 esse
3015 2877 3152 2931 mala
3191 2885 3246 2932 et
3276 2875 3539 2948 prohibita
3563 2917 3578 2938 ,
3608 2873 3678 2927 ita

2089 2969 2432 3040 perspicuum
2459 2980 2541 3025 est
2569 2969 2733 3024 fatmn
2763 2971 2921 3025 etiam
2945 2984 3068 3024 esse
3096 2968 3294 3023 malum
3335 2982 3400 3022 ac
3437 2964 3674 3036 prohibi-

2089 3071 2198 3115 tum
2235 3080 2248 3116 :
2279 3076 2451 3132 neque
2480 3061 2622 3117 enim
2651 3077 2719 3116 ex
2762 3076 2828 3116 eo
2869 3061 3011 3130 quod
3051 3059 3211 3130 aliqui
3248 3058 3346 3128 ipsi
3387 3056 3546 3113 fidem
3587 3054 3682 3108 ha-

2089 3153 2285 3219 beant,
2314 3155 2507 3224 putetis
2543 3155 2716 3224 ipsqu
2756 3171 2862 3209 non
2891 3169 3011 3210 esse
3041 3167 3155 3209 rem
3185 3151 3424 3207 vetitam.
3468 3148 3680 3204 Etenim

2090 3259 2144 3302 et
2194 3248 2370 3304 ca'des
2409 3264 2623 3320 quoque
2664 3258 2902 3321 patratur
2926 3290 2941 3315 ,
2997 3248 3097 3302 etsi
3139 3245 3344 3317 legibus
3383 3241 3681 3313 prohibita;

2090 3341 2352 3396 adulteria
2383 3341 2506 3396 item
2539 3351 2592 3396 et
2617 3342 2818 3411 rapime
2839 3339 3191 3394 admittuntur
3211 3354 3242 3392 a
3267 3335 3470 3401 multis,
3497 3349 3683 3405 quam-

2091 3434 2172 3489 vis
2194 3435 2378 3488 vetita.
2420 3433 2571 3500 Quod
2598 3433 2740 3487 enim
2782 3431 3004 3502 perinde
3033 3441 3194 3501 atque
3219 3429 3395 3484 caedes
3415 3469 3429 3491 ,
3467 3425 3685 3497 genesis

2093 3541 2303 3594 quoque
2332 3525 2537 3594 legibus
2557 3525 2862 3580 Graecorum
2887 3525 2955 3577 sit
2981 3523 3166 3589 vetita,
3188 3521 3312 3575 hinc
3342 3520 3526 3590 liquet,
3545 3517 3686 3586 quod

2095 3617 2137 3670 si
2168 3618 2286 3688 quis
2327 3617 2588 3670 adulterio
2622 3631 2742 3670 cum
2773 3630 2938 3669 uxore
2979 3613 3276 3683 cnjnspiam
3308 3611 3546 3666 admisso
3570 3650 3584 3674 ,
3632 3609 3685 3662 in

2096 3709 2213 3764 foro
2237 3709 2476 3780 judiciali
2497 3718 2777 3763 accusatus
2808 3707 3002 3762 dixerit
3033 3723 3045 3759 :
3081 3705 3196 3759 Non
3225 3717 3355 3772 ego,
3388 3700 3482 3757 sed
3511 3715 3682 3771 gene-

2097 3804 2171 3858 sis
2205 3821 2216 3858 :
2243 3818 2342 3874 ego
2369 3804 2566 3874 quippe
2601 3810 2963 3871 temperanter
2985 3815 3146 3870 agere
3183 3798 3449 3861 volebam,
3477 3795 3570 3850 sed
3603 3795 3690 3848 illa

2099 3911 2186 3950 mc
2229 3895 2432 3964 impulit
2468 3912 2480 3948 :
2511 3910 2687 3948 annon
2734 3893 2855 3948 ideo
2894 3892 3166 3962 graviores
3193 3889 3342 3944 dabit
3379 3902 3603 3960 ptenas,
3636 3895 3695 3940 ut

2100 3986 2191 4057 qui
2219 3985 2284 4041 ad
2319 3985 2596 4040 ridiculam
2626 3983 2992 4038 defensionem
3021 3979 3350 4052 confugerit?
3390 3993 3459 4032 an
3484 3977 3694 4031 veniam

2103 4079 2448 4149 impetrabit?
2467 4077 2803 4146 Neutiquam.
2831 4075 2899 4129 At
2920 4072 3216 4130 secundum
3244 4071 3363 4126 illos
3378 4070 3698 4139 impetrasse

2104 4173 2358 4242 Oportuit.
2411 4170 2469 4226 Si
2512 4169 2652 4224 enim
2683 4169 2907 4239 genesi,
2939 4183 3044 4221 non
3073 4165 3297 4220 arbitrio
3345 4171 3530 4218 nostro
3579 4159 3698 4214 hzec

2106 4263 2324 4328 fierent,
2352 4262 2495 4316 nulla
2524 4260 2697 4330 aptior
2723 4259 2965 4314 defensio
2995 4265 3162 4312 esset.
3206 4255 3337 4310 Nam
3371 4253 3414 4308 si
3446 4251 3698 4307 voluntas

2107 4367 2288 4411 nostra
2317 4354 2584 4424 potentior
2601 4353 2669 4406 sit
2691 4351 2896 4423 genesi,
2921 4351 3062 4405 nulla
3085 4350 3296 4422 genesis
3316 4348 3450 4404 erit:
3474 4346 3519 4401 si
3548 4359 3696 4409 vero,

2105 4447 2442 4518 quantumvis
2496 4455 2718 4500 conetur
2767 4443 3065 4514 quispiam,
3117 4455 3341 4496 necesse
3397 4438 3465 4494 sit
3495 4452 3554 4492 ea
3583 4452 3703 4506 quae

2107 4538 2292 4610 genesi
2319 4546 2442 4592 sunt
2466 4537 2723 4607 praelinita
2761 4536 3004 4606 impleri;
3035 4533 3232 4589 frustra
3266 4533 3480 4604 punitur
3501 4530 3614 4594 ille,
3647 4538 3705 4583 et

2113 4633 2265 4688 venia
2292 4632 2340 4687 ei
2372 4641 2634 4702 negatur;
2665 4629 2760 4687 sed
2801 4645 2959 4684 nemo
2995 4629 3145 4683 illum
3188 4641 3360 4698 neque
3390 4640 3449 4680 se
3476 4638 3705 4694 purgan-

2113 4735 2220 4782 tem
2249 4740 2424 4796 ncque
2471 4724 2684 4779 veniam
2734 4722 3105 4791 impetrantem
3152 4719 3331 4774 audiet
3373 4736 3388 4773 :
3421 4718 3490 4772 ita
3527 4731 3613 4770 res
3639 4713 3708 4768 ab

2113 4820 2361 4875 omnibus
2403 4818 2624 4886 explosa
2668 4825 2788 4882 est,
2841 4814 3139 4884 fabulazque
3182 4827 3246 4866 ac
3285 4825 3544 4882 nugarqu
3591 4809 3709 4863 loco

2117 4911 2365 4965 habetur.
2404 4909 2550 4964 Multi
2592 4922 2720 4962 vero
2747 4907 3092 4977 magistratus
3123 4903 3364 4974 (tametsi
3394 4902 3462 4957 ab
3491 4899 3710 4954 homine

2116 5004 2365 5074 quopiam
2387 5002 2431 5056 si
2463 5002 2541 5056 vis
2567 5001 2857 5067 inferatur,
2895 4997 2948 5054 id
2987 5013 3081 5053 reo
3113 4996 3179 5052 ad
3207 4995 3570 5051 defensionem
3595 4991 3708 5046 suf-

2120 5097 2281 5161 ficiat,
2316 5097 2423 5151 imo
2452 5096 2628 5166 potius
2655 5094 2857 5149 nullum
2882 5107 3003 5148 esse
3018 5092 3218 5147 crimen
3244 5091 3382 5146 ultra
3410 5087 3708 5151 videatur),

2121 5191 2292 5255 nmlti,
2323 5190 2558 5260 inquam,
2583 5189 2922 5258 magistratus
2945 5186 3012 5241 de
3041 5185 3236 5254 injusta
3274 5180 3420 5237 caede
3455 5176 3710 5236 accusati,

2119 5298 2305 5354 ptenas
2330 5282 2592 5337 dederunt
2621 5299 2633 5335 :
2664 5281 2944 5336 carnifices
2983 5294 3142 5343 vero,
3175 5274 3262 5344 qui
3300 5270 3475 5326 caedes
3515 5283 3708 5338 perpe—

2122 5382 2304 5439 trant,
2346 5389 2548 5445 suaque
2593 5389 2754 5428 manu
2794 5370 3102 5442 perficiunt,
3141 5366 3206 5421 ad
3235 5363 3466 5419 tribunal
3497 5360 3712 5416 trahere

2124 5469 2205 5524 vel
2245 5469 2681 5539 perquisitionem
2730 5467 2903 5521 facere
2934 5479 3090 5518 nemo
3118 5458 3458 5532 aggrediatur
3481 5499 3494 5518 .
3527 5465 3713 5528 patro-

2122 5562 2335 5616 cinante
2359 5561 2674 5617 necessitate
2693 5601 2708 5625 ,
2761 5559 3102 5626 magistratus
3140 5553 3474 5614 auctoritate,
3506 5562 3560 5606 et
3590 5552 3740 5624 sub-g

2121 5654 2368 5725 jectionis
2410 5655 2618 5710 timore.
2665 5650 2814 5720 Quod
2851 5649 2896 5705 si
2924 5647 3126 5704 homini
3159 5649 3475 5722 ignoscunt,
3506 5645 3628 5715 quia
3655 5644 3722 5701 ab
