4092 6194
516 253 621 320 759

511 374 730 433 homine
782 385 1080 444 contribule
1131 406 1230 447 suo
1279 407 1494 452 coactus
1539 411 1652 468 est;
1709 418 1887 461 nonne
1931 407 2097 462 multo

505 468 679 537 magis
705 471 907 529 homini
939 492 1034 548 per
1061 480 1223 537 fatum
1250 476 1456 556 coacto,
1487 492 1894 550 condonandum
1917 499 2102 554 esset?

506 558 662 630 Atqui
685 565 1064 637 aufugicndum
1093 585 1231 630 erat.
1287 577 1487 635 Verum
1510 583 1687 652 illius,
1716 595 1772 640 ut
1795 588 1962 656 aiunt,
1994 590 2097 645 im-

505 654 711 719 perium
735 657 813 712 sic
839 659 1244 734 inexpugnabile
1259 680 1362 739 est,
1387 683 1444 727 ut
1461 677 1704 745 quamvis
1722 678 1774 733 in
1794 679 2089 750 desertum,

502 748 749 810 quamvis
777 749 829 802 in
853 767 1020 821 mare,
1039 761 1281 825 quamvis
1297 762 1458 818 alium
1484 767 1535 819 in
1554 767 1726 823 locum
1748 779 1799 825 te
1825 775 2094 844 conferas,

499 834 614 900 i-jus
660 838 851 908 placita
883 843 900 874 ¹
929 860 1032 901 ηοη
1064 849 1305 922 ell‘ugias.
1350 856 1628 922 Quomodo
1667 864 1827 933 igitur
1853 883 1958 922 non
1994 872 2092 926 ab-

497 926 720 983 surdum
745 929 902 988 fuerit
928 978 944 1002 ,
974 953 1095 993 eum
1140 944 1228 1011 qui
1257 959 1286 998 a
1316 945 1556 1006 barbaris
1582 968 1769 1023 magna
1792 957 1841 1010 vi
1866 959 2090 1029 cogitur,

497 1014 657 1073 facile
701 1023 908 1079 veniam
956 1028 1284 1104 impetrare,
1333 1048 1390 1092 ut
1435 1056 1502 1096 ne
1530 1043 1745 1112 quidem
1788 1059 2088 1116 accusetur,

493 1107 620 1161 eum
649 1125 797 1179 vero,
825 1117 912 1185 qui
937 1125 1258 1192 potentiore,
1290 1141 1348 1182 ut
1374 1131 1552 1200 aiunt,
1589 1138 1912 1196 necessitate
1939 1156 2090 1196 com-

497 1200 716 1268 pellitur
739 1245 755 1271 ,
789 1222 973 1276 poenas
1004 1213 1132 1270 dare
1151 1258 1166 1283 ,
1201 1234 1373 1289 neque
1396 1224 1463 1278 ad
1489 1240 1662 1282 causa:
1683 1243 1793 1285 suae
1822 1231 2089 1288 defensio-

495 1305 618 1345 nem
647 1294 896 1352 admitti?
920 1300 1089 1359 Nemo
1104 1308 1246 1363 enim
1271 1327 1520 1384 umquam
1553 1317 1716 1372 fatum
1751 1323 2087 1389 praetendens

473 1379 683 1451 punias
727 1388 909 1460 elTugit
941 1411 955 1448 :
984 1410 1090 1452 non
1131 1399 1184 1454 in
1225 1403 1340 1458 foro
1375 1406 1615 1476 judiciali
1647 1413 1947 1482 maleficus,
1977 1434 2084 1473 non

491 1473 636 1528 domi
665 1476 932 1551 famulus,
963 1501 1067 1542 non
1099 1490 1151 1544 in
1183 1492 1310 1548 ludo
1343 1473 1476 1566 puer
1497 1541 1512 1566 ,
1545 1515 1649 1555 non
1679 1503 1734 1557 in
1763 1505 1968 1563 artibus
1999 1510 2084 1564 di-

491 1567 726 1636 scipulus
751 1613 764 1636 ,
809 1574 854 1628 si
891 1579 1102 1647 quando
1144 1582 1179 1637 ii
1219 1591 1574 1654 peccaverint.
1617 1592 1897 1660 Quomodo
1925 1599 2084 1670 igitur

489 1658 706 1725 quidam
737 1663 902 1720 fatum
933 1676 1144 1726 tuentur
1168 1713 1184 1741 ,
1228 1678 1316 1746 qui
1359 1679 1484 1735 illud
1514 1683 1592 1738 sic
1626 1658 1903 1756 infamant,
1937 1658 2080 1761 ejus-

488 1763 595 1818 que
621 1755 924 1812 necessitati
946 1777 1013 1816 ne
1027 1763 1303 1821 minimum
1326 1771 1538 1839 quidem
1557 1777 1725 1830 veniae
1746 1782 2080 1838 concedunt?

488 1837 562 1894 ita
603 1857 795 1914 nempe
833 1851 1055 1908 veritate
1080 1864 1133 1910 et
1158 1861 1483 1917 conscientia
1514 1881 1606 1920 sua
1640 1871 1900 1937 permoti,
1930 1872 2078 1929 fabu-

487 1931 594 1987 lam
625 1950 744 1992 esse
767 1951 974 2008 putant.
1017 1944 1149 2000 Cum
1194 1961 1372 2006 autem
1405 1953 1457 2008 iu
1485 1958 1666 2026 gravia
1705 1971 1919 2029 peccata
1943 1965 2075 2034 lapsi

483 2024 699 2092 fuerint,
729 2031 868 2086 aliud
897 2050 1080 2092 rursus
1111 2043 1471 2113 praetendunt,
1495 2024 1608 2118 quo
1638 2024 1912 2122 septenas
1937 2057 2072 2111 etfu-

480 2130 608 2183 gere
653 2134 810 2188 posse
857 2135 1076 2194 putant,
1127 2134 1278 2200 quasi
1327 2151 1455 2191 vero
1497 2154 1605 2194 non
1649 2142 1769 2198 ideo
1802 2147 2073 2215 graviores

480 2207 676 2265 daturi.
706 2212 915 2270 Etenim
945 2231 1177 2276 nontam
1205 2239 1367 2295 grave
1388 2237 1470 2284 est
1494 2245 1735 2300 peccare,
1767 2207 1924 2306 quam
1955 2249 2073 2308 post

481 2311 759 2367 peccatum
789 2305 1126 2377 impudenter
1165 2330 1325 2386 agere
1347 2360 1362 2384 ,
1409 2331 1464 2376 et
1494 2334 1711 2394 pr0pter
1739 2305 2068 2386 scelera—sua

480 2391 646 2446 Deum
674 2410 944 2454 accusare.
971 2403 1082 2458 [loc
1111 2410 1346 2465 omnium
1375 2425 1710 2482 peccatorum
1736 2424 2065 2482 teterrimum

476 2492 586 2539 est:
614 2485 741 2541 illud
767 2505 894 2547 vero
913 2493 1155 2552 diabolus
1182 2515 1350 2571 curat,
1372 2515 1428 2559 ut
1451 2522 1554 2562 non
1577 2509 1736 2566 modo
1757 2528 1855 2568 nos
1874 2531 2066 2586 segnes

474 2576 539 2628 ad
572 2576 840 2647 virtutem,
892 2593 944 2638 et
973 2601 1170 2654 pronos
1197 2591 1262 2646 ad
1299 2595 1497 2650 malum
1541 2599 1760 2670 reddat,
1805 2615 1860 2659 et
1885 2576 2063 2662 omnia

474 2665 586 2722 Deo
613 2671 903 2730 attribuere
920 2679 1172 2746 suadeat;
1200 2684 1294 2739 sed
1316 2687 1474 2742 etiam
1495 2665 1818 2751 defensionis
1839 2697 2061 2755 obtentu

472 2769 524 2812 et
551 2762 780 2819 animam
809 2777 862 2822 et
907 2769 1137 2842 linguam
1166 2785 1402 2835 nostram
1431 2781 1483 2836 in
1513 2784 1899 2857 blasphemiam
1928 2809 2059 2849 con-

469 2853 643 2926 jiriat,
684 2870 739 2915 ut
766 2871 820 2917 et
851 2865 1014 2922 Deum
1043 2885 1354 2931 accusemus
1377 2917 1393 2943 ,
1445 2888 1500 2934 et
1544 2883 1682 2938 male
1725 2894 1998 2953 gestorum
2029 2906 2057 2944 a

468 2948 622 3003 nobis
644 2951 824 3008 odium
853 2957 1213 3033 deponamus,
1261 2976 1316 3022 et
1341 2969 1393 3023 in
1426 2985 1547 3027 eum
1569 3014 1583 3040 ,
1621 2974 1713 3045 qui
1738 2988 1923 3033 auctor
1953 2997 2056 3036 non

471 3047 576 3105 est,
608 3042 816 3113 culpam
850 3049 1208 3110 traducamus.
1242 3059 1403 3130 Atqui
1433 3062 1476 3116 si
1504 3065 1621 3133 quis
1639 3042 1784 3136 apud
1814 3069 2057 3128 homines

466 3129 662 3200 aliquid
706 3136 810 3192 tale
861 3139 1220 3214 designaverit
1246 3191 1260 3217 ,
1309 3129 1393 3206 vel
1437 3153 1489 3209 id
1520 3129 1695 3210 unum
1727 3161 1857 3215 satis
1883 3164 2054 3219 estad

465 3221 580 3288 ejus
609 3229 999 3288 accusationem
1039 3243 1200 3307 atque
1231 3243 1541 3318 perniciem.
1591 3246 1722 3302 Cum
1763 3251 1881 3319 quis
1909 3253 2053 3308 enim

463 3311 689 3368 alterum
719 3319 1087 3393 calumniatur,
1113 3331 1320 3386 etiamsi
1347 3314 1478 3389 nihil
1507 3337 1630 3393 mali
1655 3345 1961 3409 patraverit,
1997 3357 2052 3400 ut

463 3403 702 3460 criminis
748 3411 824 3464 rei
865 3415 1125 3484 supplicio
1168 3421 1438 3489 plectitur.
1501 3426 1632 3482 Vide
1655 3403 1831 3499 igitur
1855 3403 2047 3502 quanta

460 3495 598 3548 mala
630 3496 872 3559 diabolus
915 3520 1008 3575 per
1047 3508 1212 3566 fatum
1255 3514 1513 3573 inducat:
1555 3495 1759 3577 virtutis
1802 3535 2046 3581 contem.

459 3594 650 3653 ptum;
697 3593 931 3651 anim'm
974 3601 1169 3673 quippe
1195 3607 1413 3663 resolvit
1455 3617 1792 3681 quantumvis
1820 3634 2045 3687 pronum

458 3675 523 3728 ad
572 3681 795 3738 sudores
843 3701 940 3756 pro
984 3691 1070 3745 illa
1117 3675 1520 3767 suscipiendos,
1572 3706 1784 3774 quando
1820 3675 2042 3780 .suadet,

457 3768 660 3824 nullum
687 3776 829 3844 quod
868 3779 922 3834 in
962 3797 1060 3838 nos
1086 3785 1283 3843 incidat
1306 3801 1512 3861 gestum
1544 3768 1640 3865 pro
1672 3797 1798 3854 vitio
1837 3768 2043 3858 haben:

518 3949 536 3978 ⁸
569 3947 722 4013 Colb.,
745 3953 834 4019 [ita
855 3957 977 4022 ejus,
1003 3975 1113 4026 qua:
1138 3968 1284 4018 etiam
1307 3968 1456 4022 lectio
1478 3975 1717 4038 quadrare
1735 3985 1914 4042 potest.

1315 283 1372 340 S.
1413 286 1690 347 JOANNIS
1728 292 2206 355 CHRYSOSTUMI
2246 301 2562 364 ARCHIEP.
2595 306 3129 373 CONSTANTl-NOP.

3713 335 3819 392 760

2213 410 2358 467 dum.
2381 414 2512 472 Cum
2530 421 2670 476 enim
2697 411 2815 493 quis
2841 424 3106 498 didicerit,
3131 431 3425 505 moechum,
3455 437 3807 512 homicidam,

2209 517 2482 562 murorum
2513 509 2847 580 ell'ossorem,
2879 533 2984 572 non
3030 535 3150 576 esse
3191 525 3429 583 criminis
3468 546 3656 600 reum,
3701 554 3815 595 non

2205 594 2414 653 desinet
2442 603 2593 670 quasi
2626 603 2678 657 in
2728 607 2984 677 praecipiti
3029 609 3148 666 loco
3186 627 3378 684 sponte
3420 635 3584 678 ruens
3620 630 3802 696 provi-

2204 686 2398 742 dentia:
2438 689 2571 747 alios
2618 695 3030 755 calumniatores
3055 702 3267 760 efficere
3291 748 3307 774 ,
3355 717 3412 764 et
3453 711 3568 781 ipse
3593 733 3813 788 quoque

2202 777 2554 835 calumniator
2572 782 2664 836 Dei
2697 800 2818 841 esse
2853 805 2867 842 :
2897 804 3002 858 quo
3031 793 3179 862 quid,
3209 813 3413 864 quaeso,
3443 807 3801 871 perniciosius

2201 884 2320 924 esse
2348 873 2569 940 potest?
2623 875 2908 948 Fugiamus
2939 881 3115 952 itaque
3135 925 3150 949 ,
3176 885 3394 955 dilecti,
3439 895 3599 950 talem
3629 898 3805 957 idolo-

2201 959 2406 1016 latriam
2426 982 2445 1016 .-
2468 980 2593 1021 vere
2615 983 2759 1024 mors
2784 980 2864 1025 est
2887 972 2939 1025 in
2956 973 3060 1028 olla
3083 975 3156 1045 (4.
3184 978 3311 1050 Reg.
3331 982 3384 1036 4.
3409 984 3524 1056 40),
3550 1003 3798 1046 omnem-

2203 1067 2308 1120 que
2351 1057 2440 1125 qui
2497 1057 2619 1114 inde
2666 1060 2905 1118 hauserit
2951 1066 3056 1146 vel‘
3089 1071 3349 1128 tantillum
3399 1091 3795 1146 perversoruzn

2196 1141 2522 1214 dogmatum,
2558 1165 2776 1220 prorsus
2807 1156 2941 1210 mori
2969 1141 3190 1216 necesse
3214 1172 3316 1228 est,
3347 1167 3445 1222 nisi
3476 1172 3705 1241 resiliat,
3737 1187 3792 1232 et

2195 1236 2422 1293 sanitate
2469 1256 2596 1308 pura
2625 1241 2850 1299 fruatur.
2901 1247 2979 1302 Nc
3021 1249 3178 1320 igitur
3219 1265 3403 1324 postea
3453 1236 3790 1321 infructuose

2194 1325 2503 1396 ploremus,
2550 1347 2672 1387 cum
2702 1335 2855 1390 nobis
2899 1347 3156 1396 statutum
3198 1345 3528 1414 paenitentiae
3577 1362 3791 1424 tempus

2193 1428 2316 1488 post
2343 1419 2622 1478 decessum
2663 1429 2942 1496 praecisum
2984 1433 3180 1502 fuerit,
3229 1437 3401 1496 donec
3456 1443 3508 1497 in
3563 1449 3789 1505 arbitrio

2190 1518 2375 1564 nostro
2396 1513 2556 1568 situm
2583 1526 2683 1581 est,
2707 1529 2964 1591 quotquot
2991 1523 3090 1580 hoc
3107 1530 3336 1599 correpti
3358 1545 3542 1587 sumus
3569 1539 3784 1603 morbo,

2187 1604 2558 1670 ptenitentiam
2586 1623 2804 1678 agamus
2833 1623 2889 1667 et
2915 1615 3290 1686 resipiscamus
3321 1634 3335 1676 :
3370 1634 3628 1696 quotquot
3652 1646 3786 1688 vero

2186 1694 2300 1747 sani
2327 1710 2530 1764 sumus,
2549 1708 2602 1753 et
2621 1700 3046 1760 incolumitatem
3072 1723 3370 1777 servemus,
3393 1726 3444 1768 ct
3465 1716 3566 1772 hoc
3589 1723 3785 1777 morbo

2184 1787 2442 1856 correptis
2482 1805 2696 1847 manum
2737 1795 3088 1866 porrigamns.
3133 1799 3262 1855 Nam
3293 1803 3336 1856 si
3364 1819 3588 1876 corpore
3617 1812 3781 1881 a‘gris

2184 1874 2285 1929 hoc
2307 1879 2538 1933 studium
2584 1879 2826 1954 hancque
2867 1901 3048 1942 curam
3099 1889 3444 1961 adhibemus,
3493 1901 3654 1955 animi
3686 1904 3775 1956 in-

2180 1978 2405 2036 gruente
2432 1971 2620 2027 morbo
2644 2016 2658 2039 ,
2697 1975 2826 2043 quid
2861 1993 2967 2033 non
3007 1994 3036 2032 a
3066 1982 3218 2037 nobis
3261 1991 3615 2054 prmstandum
3653 1997 3778 2050 est?

2179 2059 2304 2128 quid
2336 2078 2440 2116 non
2485 2066 2867 2123 sustinebimus
2889 2109 2905 2136 ,
2963 2081 3018 2125 ut
3049 2072 3267 2131 fratrem
3291 2119 3305 2144 ,
3347 2080 3414 2134 ad
3457 2085 3773 2142 societatem

2178 2151 2541 2208 membrorum
2573 2157 2815 2212 eamdem
2842 2172 3148 2231 cooptatum
3173 2207 3188 2230 ,
3239 2183 3615 2239 recupcremus
3635 2219 3651 2244 ,
3677 2177 3770 2246 qui

2176 2241 2241 2295 ad
2260 2243 2645 2312 plenitudinem
2664 2253 2903 2321 corporis
2919 2254 3262 2313 ecclesiastici
3287 2263 3552 2331 pertinet?
3574 2269 3770 2326 Omnia

2173 2331 2334 2402 igitur
2353 2333 2509 2404 hujus
2525 2353 2682 2393 causa
2701 2343 3074 2413 suscipiamus,
3103 2351 3276 2403 omnia
3300 2351 3576 2421 faciamus,
3602 2374 3772 2415 canes

2172 2436 2235 2477 ac
2262 2422 2412 2493 lupos
2439 2427 2743 2498 abigentes:
2769 2447 2940 2502 neque
2968 2446 3200 2492 nostram
3219 2441 3441 2498 salutem
3460 2448 3587 2500 satis
3610 2451 3771 2506 nobis

2170 2527 2290 2569 esse
2309 2525 2571 2584 putemus.
2589 2519 3040 2587 Quemadmodum
3062 2529 3201 2583 enim
3222 2531 3418 2588 dictum
3437 2545 3539 2603 est,
3556 2537 3618 2592 Si
3629 2541 3770 2594 ride-

2172 2603 2259 2658 bas
2283 2605 2466 2674 furem,
2496 2611 2728 2666 currebas
2753 2630 2866 2666 cum
2887 2631 2964 2681 eo,
2997 2627 3044 2670 et
3070 2635 3183 2672 cum
3209 2622 3453 2678 adulteris
3477 2629 3765 2696 portionem

2169 2704 2308 2750 tuam
2326 2698 2545 2766 ponebas
2565 2699 2682 2769 (Ps.
2703 2702 2791 2757 49.
2821 2703 2938 2775 18);
2961 2707 3030 2760 ita
3048 2717 3102 2762 et
3124 2707 3208 2764 hic
3219 2726 3427 2782 quoque
3452 2716 3763 2786 audiamus;

2166 2799 2286 2839 cum
2305 2786 2592 2845 viderimus
2612 2792 2840 2862 aliquem
2863 2810 2925 2849 ex
2949 2797 3197 2853 fratribus
3209 2804 3764 2865 nostrissuffurantem

2166 2876 2344 2932 verbis
2371 2889 2426 2933 et
2451 2881 2682 2936 susurris
2706 2924 2721 2948 ,
2755 2883 2853 2937 ista
2880 2886 3178 2943 audiamus.
3211 2891 3409 2948 Domus
3436 2897 3648 2953 Domini
3673 2913 3760 2955 est

2165 2965 2424 3038 Ecclesia,
2454 2987 2578 3026 vasa
2610 2975 2840 3043 pretiosa
2861 2988 2986 3031 sunt
3012 2978 3217 3036 fideles.
3244 2981 3374 3038 Cum
3404 3000 3530 3056 ergo
3559 2989 3762 3046 videris

2163 3069 2440 3117 externum
2469 3065 2700 3135 aliquem
2726 3082 2792 3122 ex
2823 3070 2962 3124 vasis
2985 3072 3254 3143 quidpiam
3283 3075 3515 3148 diripere
3551 3097 3759 3136 conan-

2162 3157 2267 3206 tem
2294 3193 2308 3218 ,
2342 3153 2550 3230 etiamsi
2581 3164 2632 3210 tu
2661 3173 2768 3212 non
2813 3159 2915 3214 hoc
2941 3162 3066 3216 vitio
3094 3175 3278 3234 captus
3305 3169 3380 3222 sis
3403 3211 3420 3236 ,
3450 3179 3637 3240 utpote
3667 3175 3758 3243 qui

2159 3241 2495 3311 pericliteris,
2525 3247 2568 3301 si
2595 3249 2846 3319 negligas,
2873 3267 3045 3323 neque
3066 3255 3226 3310 adeas
3245 3272 3358 3325 eos,
3383 3262 3474 3330 qui
3503 3262 3557 3316 id
3573 3279 3758 3320 emen-

2157 3330 2286 3388 dare
2312 3345 2554 3403 possunt,
2588 3354 2711 3393 reus
2731 3341 2838 3396 eris
2865 3344 3056 3398 animae
3082 3345 3241 3413 illius,
3270 3351 3358 3418 qui
3386 3365 3509 3407 cum
3551 3355 3753 3412 videris

2156 3422 2325 3479 furem
2352 3426 2714 3495 elfodientem,
2741 3448 2845 3487 non
2877 3436 3216 3505 impediveris
3241 3439 3353 3495 sive
3386 3458 3485 3513 per
3513 3455 3564 3500 te
3588 3489 3602 3511 ,
3631 3449 3750 3505 sive

2155 3530 2251 3584 per
2274 3516 2455 3570 alium.
2487 3517 2667 3590 Neque
2694 3537 2818 3578 vero
2849 3526 2951 3580 hoc
2979 3526 3118 3594 dico,
3148 3529 3290 3599 quod
3322 3531 3414 3586 tibi
3449 3535 3749 3604 periculum

2155 3608 2466 3678 impendere
2489 3621 2692 3681 putem,
2737 3615 2831 3670 sed
2865 3625 2918 3672 ut
2949 3627 3001 3673 te
3026 3632 3275 3675 securum
3302 3623 3541 3692 reddam,
3579 3637 3744 3698 utque

2152 3701 2205 3755 id
2258 3701 2485 3758 efficiam
2533 3715 2592 3759 ut
2645 3709 2863 3776 perinde
2909 3711 3136 3766 aliorum
3184 3723 3344 3784 atque
3396 3726 3534 3771 tuam
3585 3736 3748 3777 cures

2150 3792 2395 3847 salutem.
2428 3793 2497 3848 Ita
2525 3797 2667 3851 enim
2693 3800 2982 3866 poterimus
3008 3803 3268 3871 promissa
3295 3810 3547 3878 consequi
3576 3811 3743 3877 bona,

2147 3883 2313 3952 gratia
2371 3885 2604 3956 Christi,
2661 3891 2745 3943 cui
2802 3891 2972 3961 gloria
3028 3893 3082 3948 in
3137 3897 3332 3951 saecula
3392 3902 3740 3958 saeculorum.

2149 3977 2341 4030 Anien.

485 4145 490 4151 ’
1305 4203 1463 4287 DE
1517 4207 2309 4297 PROVIDENTIA
2366 4218 2514 4299 ET
2557 4216 2886 4302 FATO.

1088 4519 1285 4562 ORATIO
1324 4525 1395 4562 ιν.

515 4582 711 4639 Eadem
738 4587 848 4657 ipsa
875 4589 1040 4646 dicere
1075 4597 1200 4649 mihi
1231 4600 1430 4668 quidem
1462 4619 1612 4672 grave
1637 4622 1737 4659 non
1759 4617 1861 4674 est,
1899 4609 2034 4666 vobis

441 4690 557 4730 vero
588 4685 750 4731 tutum
777 4679 1036 4753 (Philipp.
1069 4685 1122 4740 5.
1153 4685 1230 4759 1).
1276 4689 1426 4756 Quod
1452 4694 1496 4747 si
1523 4694 1690 4750 Paulo
1730 4697 2034 4768 frequenter

439 4767 732 4839 discipulos
755 4772 994 4830 doctrina
1018 4777 1258 4836 imbuere
1283 4797 1414 4852 opus
1431 4785 1530 4841 fuit
1547 4803 1561 4852 ;
1581 4788 1766 4857 Paulo,
1793 4767 2025 4862 inquam,

439 4860 678 4930 quicum
709 4862 938 4934 Spiritus
977 4872 1143 4941 gratia
1189 4873 1449 4943 docebat,
1503 4880 1592 4949 qui
1635 4896 1756 4937 cum
1806 4860 2029 4954 imperio

441 4952 683 5010 inimicos
711 4957 959 5028 abigebat
976 5003 992 5030 ,
1033 4964 1123 5034 qui
1147 4967 1384 5023 omnium
1411 4972 1755 5041 aegritudines
1782 4952 2024 5046 tollebat,

442 5045 605 5100 Paulo
625 5047 696 5102 ita
723 5048 1007 5120 honorato,
1041 5070 1197 5125 quem
1229 5073 1419 5116 omnes
1443 5063 1730 5121 audiebant
1751 5070 1899 5138 quasi
1925 5045 2025 5124 an;

435 5138 610 5206 gelum
641 5141 707 5195 de
731 5143 863 5198 caelo
883 5145 1324 5218 descendentem,
1352 5155 1460 5210 imo
1488 5159 1661 5226 potius
1685 5163 1832 5231 quasi
1852 5163 2023 5234 ipsum

433 5230 703 5288 Christum
726 5251 740 5298 ;
772 5236 817 5291 si
843 5235 1020 5308 itaque
1041 5240 1114 5294 illi
1137 5257 1358 5301 necesse
1377 5246 1478 5303 fuit
1498 5230 1805 5322 frequenter
1836 5230 2022 5310 eadem

433 5321 545 5391 ipsa
571 5336 836 5397 repetere,
861 5331 1028 5386 multo
1048 5336 1214 5406 magis
1232 5338 1406 5406 nobis,
1435 5344 1524 5413 qui
1547 5345 1694 5401 nullo
1719 5347 1771 5401 in
1799 5364 2022 5406 numero

431 5429 638 5474 sumus.
665 5421 875 5478 Etenim
906 5426 1063 5482 etiam
1093 5429 1244 5487 vobis
1288 5441 1456 5489 tutum
1499 5447 1581 5492 est
1620 5437 1928 5510 frequenter
1952 5443 2021 5498 de

431 5506 619 5564 iisdem
651 5511 780 5582 ipsis
805 5515 962 5572 rebus
997 5520 1184 5576 audire
1205 5563 1220 5588 ,
1256 5539 1356 5581 nec
1385 5527 1545 5582 modo
1572 5529 1640 5584 de
1671 5531 1856 5586 iisdem
1889 5535 2019 5604 ipsis

428 5597 614 5667 rebus,
645 5601 736 5657 scd
767 5603 952 5661 eadem
980 5609 1090 5680 ipsa
1114 5611 1182 5668 de
1211 5613 1398 5670 iisdem
1431 5617 1557 5687 ipsis
1577 5620 1756 5675 rebus.
1789 5622 1866 5678 Nc
1893 5597 2013 5693 gra-

427 5699 582 5748 vctur
607 5707 733 5763 ergo
760 5711 1036 5768 quisquam
1064 5742 1078 5770 ,
1123 5719 1294 5776 neque
1326 5708 1606 5766 molestum
1639 5711 1737 5768 sibi
1769 5724 1936 5786 putet,
1968 5718 2010 5772 si

2058 4393 2134 4407 _

2149 4520 2216 4577 de
2244 4523 2428 4579 eadem
2456 4525 2735 4596 hypothesi
2759 4529 2944 4585 eadem
2971 4531 3083 4602 ipsa
3115 4543 3482 4592 retractemus.
3503 4537 3560 4593 Si
3589 4541 3738 4597 enim

2137 4615 2406 4673 conlidere
2434 4619 2655 4686 liceret,
2686 4635 2780 4676 vos
2808 4621 2889 4676 his
2914 4624 3080 4678 semel
3119 4625 3314 4682 auditis
3362 4630 3736 4698 :rgritudinem

2137 4706 2300 4760 animi
2324 4707 2663 4779 deposituros
2697 4727 2838 4779 esse,
2889 4729 2957 4768 ne
2989 4714 3068 4770 sic
3093 4716 3307 4786 quidem
3333 4720 3400 4774 ab
3431 4719 3534 4775 hoc
3563 4737 3732 4792 argtp

2135 4809 2316 4855 mento
2344 4803 2703 4859 recedendum
2730 4847 2745 4871 ,
2791 4806 2884 4860 sed
2922 4807 2987 4862 de
3013 4809 3204 4863 eodem
3239 4810 3354 4879 ipso
3391 4812 3727 4882 loquendum

2132 4901 2295 4958 esset,
2330 4902 2385 4948 ut
2413 4895 2564 4949 ﬁrma
2587 4895 2899 4967 stabilisque
2924 4899 3123 4954 sanitas
3152 4911 3326 4965 esset,
3354 4916 3555 4972 vosque
3581 4907 3729 4959 cauti

2131 4985 2321 5038 essetis
2344 5027 2359 5052 ,
2408 5003 2473 5040 ne
2501 4987 2552 5041 in
2579 4985 2694 5043 haec
2722 5004 2883 5059 opera
2915 4992 3242 5047 recideretis.
3297 4992 3557 5060 Quoniam
3598 5011 3734 5053 vero

2129 5077 2266 5145 apud
2301 5077 2570 5134 auditores
2613 5081 2868 5151 reliquias
2912 5083 3088 5139 adhuc
3119 5084 3289 5139 morbi
3321 5101 3439 5140 esse
3473 5088 3726 5158 suSpica-

2129 5183 2268 5234 mur,
2303 5170 2603 5224 necessaria
2630 5181 2683 5226 et
2703 5173 2894 5227 rationi
2926 5185 3283 5230 consentanea
3314 5175 3470 5230 nobis
3497 5187 3583 5232 est
3611 5177 3729 5234 fre-

2125 5272 2296 5327 quens
2329 5259 2514 5315 iisdem
2553 5261 2620 5316 de
2661 5263 2820 5317 rebus
2859 5263 3183 5319 adhortatio.
3234 5265 3406 5320 llodic
3430 5277 3609 5324 autem
3640 5270 3727 5325 di-

2125 5352 2352 5407 cendum
2401 5365 2481 5410 est
2528 5371 2635 5426 quo
2688 5365 2845 5426 pacto
2894 5357 3008 5412 haec
3057 5355 3391 5430 eﬂ‘ugiamus.
3437 5359 3726 5428 Quomodo

2124 5443 2284 5515 igitur
2313 5446 2660 5518 elfugiemus?
2708 5449 2890 5504 Primo
2931 5451 3178 5518 precibus
3219 5460 3273 5506 et
3297 5451 3568 5521 colloquio
3593 5468 3718 5508 cum

2124 5535 2255 5599 Deo,
2285 5539 2519 5594 secundo
2545 5539 2641 5610 piis
2669 5540 3095 5611 cogitationibus.
3121 5541 3175 5597 Si
3196 5542 3338 5596 enim
3366 5543 3564 5598 videris
3589 5562 3713 5631 quae

2122 5626 2294 5683 futura
2313 5673 2327 5697 ,
2352 5646 2470 5700 quxe
2503 5634 2782 5700 prmseutia
2813 5630 3032 5700 fuerint,
3059 5648 3122 5687 ac
3151 5642 3354 5688 rectum
3380 5633 3450 5690 de
3475 5626 3720 5704 utrisque

2119 5720 2381 5778 calculum
2413 5723 2614 5793 tuleris,
2646 5739 2930 5796 numquam
2957 5724 3056 5780 hoc
3081 5726 3275 5782 malum
3303 5728 3536 5784 animam
3566 5736 3715 5782 tuam
