4092 6194
468 289 564 349 7M

468 407 538 460 τά
568 401 846 473 μέλλοντα,
873 397 994 451 τίνα
1021 397 1075 450 δέ
1101 397 1169 449 τά
1195 395 1460 466 παρόντα,
1489 396 1583 449 καὶ
1611 395 1710 465 τὴν
1733 392 1898 462 ὀρθὴν
1923 389 2050 460 περὶ

472 483 625 560 [764]
665 483 944 552 ἑκατέρων
995 481 1176 550 ψῆφον
1219 479 1480 548 ἐνέγκῃς,
1520 477 1775 560 οὐδέποτέ
1815 493 1909 527 σου
1954 473 2054 542 τῆς

471 557 650 639 φυχῆς
683 566 877 635 ἅψεται
905 562 1063 615 τοῦτο
1095 563 1154 615 :6
1185 562 1372 615 κακόν.
1418 563 1589 614 Ὅταν
1621 558 1714 615 οῦν
1750 559 1864 632 ίδῃς
1892 557 2054 610 πλου-

471 649 669 722 τοῦντά
696 665 816 702 τινα
851 648 982 717 παρ’
1019 644 1175 709 ἀξίαν
1196 687 1210 710 ,
1244 646 1318 715 μὴ
1360 645 1690 718 μακαρίσῃς.
1720 644 1794 714 μὴ
1819 640 2056 711 ζηλωτὸν

473 735 730 806 νομίσῃς,
790 732 862 801 μὴ
903 727 1187 799 καταγνῷς
1217 729 1314 797 τῆς
1358 727 1452 780 τοῦ
1479 727 1615 780 Θεοῦ
1647 725 1908 797 προνοίας
1929 765 1942 788 ,
1979 723 2054 794 μὴ

476 817 654 887 μάτην
685 812 945 884 φέρεσθαι
975 813 1066 864 καὶ
1091 813 1211 884 είκῇ
1249 811 1317 864 τά
1343 809 1588 881 παρόντα
1615 807 1805 880 νόμιζε
1824 849 1837 870 ,
1871 806 2058 878 ἐπειδὴ

475 901 504 952 6
528 900 674 951 δεῖνα
701 896 922 949 πλουτεῖ
947 895 1078 966 παρ’
1105 895 1280 960 ἀξίαν.
1318 893 1724 964 Ἀναμνήσθητι
1753 890 1846 944 τοῦ
1873 889 2058 954 Λαζά-

480 999 572 1052 ρου
610 977 820 1033 καὶτοῦ
852 977 1138 1040 πλουσίου,
1189 977 1307 1039 πῶς
1343 976 1370 1028 6
1414 975 1512 1046 μὲν
1541 977 1676 1047 πρὸς
1707 975 1872 1044 ἀκρον
1899 974 2061 1024 εὐπο-

481 1065 602 1134 ρίας
630 1061 883 1132 ἐληλάκει
908 1061 1003 1114 καὶ
1037 1060 1268 1130 τρυφῆς,
1315 1059 1465 1129 ὠμὸς
1493 1059 1568 1112 ὢν
1599 1059 1693 1112 καὶ
1725 1056 1940 1126 ἀπηνὴς
1969 1056 2061 1108 καὶ

477 1145 848 1216 ἀπάνθρωπος
887 1145 980 1197 καὶ
1009 1143 1187 1196 κυνῶν
1221 1143 1400 1195 αὐτῶν
1428 1141 1765 1213 ἀγριώτερος
1789 1157 1803 1170 ο
1841 1140 1894 1193 εῖ
1919 1157 1982 1206 γε
2011 1140 2061 1190 οἱ

482 1230 582 1301 μὲν
613 1229 700 1282 τὸν
733 1229 943 1298 πένητα
969 1226 1158 1294 ἠλέουν
1200 1227 1296 1278 καὶ
1327 1226 1688 1296 ἐθεράπευον,
1724 1225 1822 1277 οὐκ
1845 1221 2063 1276 ὀκνοῦν-

479 1330 572 1374 τες
606 1314 670 1382 τῇ
702 1309 916 1381 γλώττῃ
941 1309 1182 1378 ἅψασθαι
1203 1308 1311 1362 τῶν
1351 1308 1522 1361 ἑλκῶν
1547 1307 1656 1360 τῶν
1688 1306 1832 1360 κατὰ
1864 1305 2064 1367 παντὸς

481 1394 574 1447 τοῦ
605 1393 875 1464 σώματος,
907 1395 936 1444 6
963 1393 1020 1445 δέ
1057 1393 1182 1444 οὐδὲ
1205 1391 1402 1462 ψιχίων
1422 1390 1572 1461 αὐτῷ
1605 1389 1900 1461 μετεδίδου.
1949 1387 2066 1440 Ἐνο

482 1479 674 1548 νόησον
699 1472 790 1530 οὖν
819 1476 934 1538 πῶς
962 1474 1123 1537 αὐτὸς
1161 1475 1260 1544 μὲν
1289 1475 1425 1544 πρὸς
1451 1475 1620 1543 ἀκρον
1655 1471 1914 1542 εὐπορίας
1943 1469 2068 1540 ἐλη-

483 1559 658 1622 λάκει,
689 1562 718 1613 ὁ
745 1559 800 1612 δὲ
839 1558 1006 1625 πένης
1047 1559 1253 1620 ἐκεῖνος
1281 1559 1310 1610 6
1349 1557 1516 1618 ὅντως
1545 1555 1816 1619 πλούσιος,
1847 1557 1874 1608 6
1901 1553 2068 1615 ὅντως

485 1641 736 1711 εὔπορος,
771 1643 848 1704 εἰς
893 1639 1024 1694 αὐτὸ
1055 1640 1154 1710 τῆς
1187 1641 1377 1703 πενίας
1419 1639 1478 1692 :6
1517 1638 1743 1710 ἔσχατον
1773 1637 2066 1702 κατέπεσε,

485 1725 581 1776 καὶ
607 1725 774 1794 αὐτῆς
799 1724 897 1794 τῆς
943 1722 1248 1792 ἀναγκαίας
1295 1723 1490 1793 ἠπόρει
1541 1722 1771 1792 τροφῆς,
1805 1722 1902 1774 καὶ
1931 1720 2070 1792 νόσῳ

485 1809 580 1861 καὶ
605 1807 748 1877 λιμῷ
793 1806 1030 1877 διηνεκεῖ
1081 1805 1344 1859 παλαίων.
1397 1807 1507 1859 Καὶ
1557 1807 1586 1858 6
1639 1806 1734 1876 μὲν
1780 1805 1928 1874 ἥττω
1973 1804 2072 1874 τῆς

485 1891 674 1962 χρείας
699 1888 878 1962 εἶχεν,
937 1891 964 1942 6
990 1890 1046 1942 δέ
1084 1890 1205 1943 οὐδὲ
1236 1889 1336 1958 τῆς
1378 1889 1723 1960 συμμετρίας
1770 1887 2067 1958 ἀπήλαυεν,

499 1974 638 2028 Ἀλλ’
680 1974 830 2043 ὅμως
865 1973 963 2025 οὐκ
1011 1971 1416 2042 ἐδυσχέραινεν,
1451 1973 1552 2024 οὐκ
1587 1971 1885 2040 ἐφθέγξατο
1923 1970 2071 2042 ῥῆμα

435 2095 438 2098 .
489 2056 704 2119 ἀσεϐὲς,
735 2058 797 2108 οὐ
831 2055 1176 2126 κατηγόρησε
1207 2053 1303 2106 τοῦ
1329 2053 1486 2118 Θεοῦ,
1517 2055 1617 2107 οὐκ
1651 2053 1938 2124 ἐμέμψατο
1973 2051 2073 2122 τὴν

494 2141 777 2210 πρόνοιαν,
825 2140 927 2191 οὐκ
959 2139 1223 2209 ἀνέθηκεν
1271 2137 1583 2210 εἱμαρμένῃ
1613 2137 1680 2189 τά
1714 2134 2072 2207 γεγενημένα,

491 2229 590 2276 οὐκ
640 2217 760 2275 εἷπε
804 2222 940 2292 πρός
984 2239 1138 2284 τινα,
1193 2221 1306 2274 ἀλλ’
1340 2221 1463 2274 οὐδέ
1512 2219 1648 2291 πρὸς
1685 2219 1909 2272 ἑαυτόν·
1965 2215 2076 2285 ἐγὼ

498 2305 598 2376 μὲν
619 2307 768 2360 οὐδὲν
790 2308 1017 2376 ποιήσας
1041 2305 1208 2358 κακὸν
1237 2304 1450 2368 εἰδικῶς
1469 2313 1517 2366 ι,
1550 2303 1818 2374 τοσαύτην
1843 2303 1976 2355 τίνω
2000 2301 2078 2354 δί-

495 2406 598 2457 κην
618 2427 632 2451 ,
662 2390 756 2440 καὶ
787 2388 885 2456 τὴν
912 2389 1148 2456 ἐσχάτην
1177 2387 1433 2456 ὑπομένω
1459 2385 1757 2456 τιμωρίαν,
1809 2384 1952 2455 λιμῷ
1978 2401 2076 2455 τη-

495 2471 742 2540 κόμενος,
785 2469 1170 2540 δαπανώμενος
1217 2470 1358 2540 νόσῳ
1402 2468 1781 2540 χαλεπωτάτῃ,
1813 2469 1953 2520 κατὰ
1985 2485 2073 2537 μι-

497 2553 626 2622 κρὸν
651 2552 1072 2623 άναλισκόμενος
1099 2552 1193 2606 καλ.
1219 2551 1547 2622 ἀσχημονῶν
1574 2567 1588 2580 ⁸
1639 2545 1792 2614 οὗτος
1824 2551 1879 2602 δέ
1917 2551 2078 2604 πλου-

494 2639 608 2700 τεῖ,
649 2637 742 2690 καὶ
772 2637 954 2708 τρυφᾷ
985 2637 1101 2699 ταῖς
1135 2635 1444 2705 ἀλλοτρίαις
1485 2633 1900 2704 ἐνδιαιτώμενος
1940 2651 2078 2704 συμ-

495 2723 710 2792 φοραῖς,
740 2722 768 2772 6
787 2722 900 2783 τοῖς
931 2721 1083 2788 ἐμοῖς
1111 2718 1457 2790 ἐμπαροινῶν
1486 2721 1707 2782 κακοῖς·
1737 2718 1829 2771 καὶ
1857 2718 1948 2770 τὸν
1980 2718 2077 2788 μὲν

495 2801 896 2872 ἀπάνθρωπον,
933 2801 1028 2855 καὶ
1071 2800 1294 2872 ἀνηλεῆ.
1323 2801 1416 2854 καὶ
1448 2801 1598 2871 ὠμὸν
1639 2803 1732 2854 καὶ
1772 2801 1970 2853 λίθινον
1993 2817 2078 2853 το-

498 2886 702 2939 σούτων
747 2885 972 2954 ἐποίησε
1005 2884 1304 2954 χρημάτων
1335 2884 1524 2957 κύριον
1551 2887 1580 2937 6
1600 2885 1751 2949 Θεὸς,
1778 2885 1877 2954 ἐμὲ
1901 2885 1956 2938 δὲ
1989 2884 2078 2938 τὸν

493 2969 616 3020 οὐδὲ
649 2968 809 3038 μέχρι
837 2968 1094 3040 ῥημάτων
1114 2965 1282 3036 ψιλῶν
1303 2966 1681 3038 παροξύναντα
1707 2967 1889 3038 ἀφῆκε
1913 2984 2082 3020 κατα-

495 3052 766 3107 τείνεσθαι
799 3053 980 3115 πόνοις
1003 3051 1296 3128 τοσούτοις.
1329 3051 1440 3105 Ποῦ
1482 3051 1656 3106 ταῦτα
1682 3052 2081 3124 δικαιοκρισίας

499 3136 624 3198 ἀξια
649 3151 664 3200 ;
703 3135 806 3188 ποῦ
837 3136 1010 3188 ταῦτα
1043 3134 1300 3206 προνοίας
1329 3135 1426 3188 καὶ
1455 3135 1778 3206 κηδεμονίας
1809 3137 1907 3206 τῆς
1941 3136 2082 3207 ὐπέρ

499 3219 682 3289 ἡμῶνς
734 3218 900 3272 υύδὲν
935 3217 1142 3272 τούτων
1189 3219 1289 3271 οὐκ
1329 3213 1484 3272 εἶπεν
1526 3220 1750 3284 ἐκεῖνος.
1815 3219 1943 3284 Πῶς
1989 3216 2082 3274 οὖν

501 3303 600 3354 οὐκ
625 3303 846 3364 ἄτοπον,
893 3303 1021 3354 ὅταν
1055 3301 1209 3354 αὐτοὶ
1240 3303 1338 3372 μὲν
1365 3305 1414 3354 οἱ
1447 3304 1748 3374 πάσχοντες
1778 3304 1964 3368 κακῶς
1993 3304 2084 3357 06-

500 3401 580 3436 τω
605 3383 695 3437 τὸν
722 3382 998 3454 Δεσπότην
1027 3383 1322 3451 εὐλογῶσιν
1354 3387 1410 3438 ἐν
1437 3387 1594 3448 πᾶσι,
1619 3388 1684 3440 σύ
1709 3387 1764 3439 δὲ
1790 3388 1817 3439 6
1847 3386 1954 3440 τῶν
1977 3405 2084 3440 πα-

502 3467 818 3536 λαισμάτων
865 3465 1109 3537 ἑστηκὼς
1157 3465 1292 3532 ἔξω,
1329 3468 1469 3538 ὑπὲρ
1507 3468 1711 3522 τούτων
1761 3469 2086 3541 βλασφημῇς

503 3551 594 3606 τδν
617 3553 768 3616 Θεὸν,
793 3553 932 3621 ὑπὲρ
957 3549 1030 3609 ὧν
1061 3552 1396 3624 εὐχαρίστως
1422 3552 1598 3624 ἕτεροι
1626 3553 1866 3624 ἐχουσιν;
1901 3557 1958 3608 '0
1988 3555 2086 3626 μέν

507 3636 728 3706 πάσχων
758 3635 966 3700 δεινῶς,
1003 3635 1106 3690 κᾶν
1149 3635 1277 3708 εἴπῃ
1307 3653 1360 3688 τι
1410 3637 1565 3707 ῥῆμα
1591 3637 1849 3708 φορτικὸν
1875 3639 1967 3692 καὶ
1994 3641 2089 3691 ἐπ-

506 3719 699 3790 αχθές,
749 3720 798 3772 εί
831 3720 924 3772 καὶ
953 3719 1028 3790 μή
1060 3719 1332 3789 τοσαύτης
1365 3720 1498 3790 ὅσης
1528 3720 1742 3790 ἕτερος,
1784 3722 1898 3774 ἀλλ’
1938 3723 2088 3794 ὅμως

506 3823 570 3876 γε
603 3806 697 3859 καὶ
731 3805 1012 3867 ἐλάττονος
1049 3803 1266 3875 μετέχει
1292 3803 1622 3875 συγγνώμης
1640 3822 1654 3837 ο
1703 3808 1732 3858 6
1762 3807 1818 3860 δέ
1844 3805 1950 3872 ἔξω
1979 3807 2116 3861 τῶν.

507 3891 694 3944 δεινῶν
729 3887 929 3952 ἐστὼς,
979 3889 1074 3942 καὶ
1108 3889 1249 3961 ὑπὲρ
1282 3888 1484 3960 ἐτέρων
1534 3889 1634 3960 τὴν
1680 3891 1874 3945 ἑαυτοῦ
1911 3891 2090 3962 ψυχὴν

507 3973 784 4038 ἀπὀλλὺς,
817 3972 978 4034 ποίας
1011 3972 1077 4026 ἂν
1107 3973 1192 4043 εῖη
1230 3969 1558 4042 συγγνώμης
1590 3973 1767 4037 ἄξιος,
1805 3974 1946 4045 ὑπὲρ
1975 3973 2092 4027 τού-

505 4077 618 4112 των
651 4055 987 4128 βλασφημῶν
1030 4055 1121 4108 τὸν
1150 4055 1302 4122 Θεὸν,
1333 4055 1472 4127 ὑπὲρ
1507 4049 1582 4110 ὧν
1633 4057 1662 4109 6
1697 4056 1884 4112 παθὼν
1907 4058 2091 4122 κακῶς

503 4145 838 4214 εὐχαριστεῖ,
857 4141 950 4194 καὶ
975 4139 1062 4193 διά
1079 4139 1278 4203 παντὸς
1300 4140 1462 4194 αὐτὸν
1478 4139 1578 4193 ἀνυ
1586 4139 1732 4210 μνῶν
1749 4141 1847 4193 οὐκ
1864 4141 2092 4210 ἀφίστα-

505 4246 600 4282 ται
619 4245 633 4294 ;
657 4227 825 4280 Ὅταν
843 4224 958 4298 ἴδῃς
973 4223 1180 4277 δίκαιον
1201 4224 1476 4293 πάσχοντα
1491 4223 1696 4288 κακῶς,
1715 4223 2092 4296 ἀναμνήσθητι

505 4309 701 4362 τούτου
730 4307 824 4360 τοῦ
855 4307 1304 4378 παραδείγματος
1325 4321 1340 4336 ⁸
1371 4304 1497 4358 οὔτε
1525 4305 1636 4377 γάρ
1664 4307 1730 4360 ἂν
1758 4307 2094 4379 δικαιότερον

505 4393 723 4446 ἐκείνου
752 4391 874 4444 τινὰ
896 4392 1040 4460 ἔχοις
1067 4407 1156 4460 μοι
1181 4389 1276 4443 νῦν
1303 4391 1514 4443 εἰπεῖν⁸
1548 4390 1641 4444 καὶ
1664 4390 1773 4462 γάρ
1801 4391 1958 4462 δῆλον
1986 4392 2094 4445 ἀπὸ

509 4479 609 4547 τῆς
651 4475 958 4545 ὑπομονῆς,
1014 4473 1173 4544 δῆλον
1220 4473 1328 4526 ἀπὺ
1375 4474 1485 4527 τῶν
1529 4474 1782 4528 ἐπάθλων
1809 4491 1824 4507 ·
1865 4475 1958 4528 τὸν
1985 4476 2094 4546 γάρ

507 4559 728 4632 πρῶτον
759 4556 943 4627 εἴληχε
975 4557 1073 4628 τῆς
1116 4555 1524 4621 ἀναπαύσεωςιι
1567 4559 1763 4623 τόπον,
1812 4559 1951 4629 μετά
1996 4559 2092 4612 τοῦ

511 4643 853 4717 πατριάρχου
881 4639 1188 4712 τιμώμενος
1205 4639 1481 4710 Ἀϐραάμ·
1505 4639 1626 4694 οὐτε
1651 4641 1873 4711 μείζονα
1896 4641 2096 4696 παθόν-

505 4747 580 4782 τα
612 4728 777 4789 κακά,
807 4725 930 4778 οὐτε
966 4723 1137 4786 οὕτως
1175 4723 1567 4794 ὑπεροφθέντα.
1610 4725 1675 4776 Τί
1703 4725 1812 4796 γάρ
1854 4725 1920 4780 ἀν
1949 4725 2095 4796 ἔχοις

513 4815 708 4879 ειπεῖν,
751 4812 878 4864 ὅταν
912 4809 1047 4882 μηδὲ
1085 4809 1194 4861 τῶν
1241 4809 1658 4861 ἀποπιπτόντων
1683 4808 1879 4878 ψιχίων
1922 4811 2095 4880 ἐμφο-

513 4895 724 4968 ρεῖσθαι
750 4895 882 4964 ἔχῃ;
933 4894 1101 4946 Ὀταν
1133 4889 1227 4946 οῦν
1269 4893 1384 4965 ἴδῃς
1413 4893 1589 4964 ἄκραν
1625 4892 1858 4946 κακίανο
1895 4894 1948 4946 τί
1987 4895 2096 4966 γάρ

511 4979 790 5048 ὠμότερον
813 4975 904 5028 τοῦ
919 4977 1009 5028 τὸν
1026 4977 1082 5028 ἐν
1103 4993 1164 5028 συ
1173 4976 1356 5046 μφορᾷ
1375 4973 1612 5048 τοσαύτῃ
1629 4977 2094 5047 παρατρέχοντος;

513 5061 709 5116 κακίαν
739 5062 910 5112 εἰπεῖν
935 5061 1006 5130 μὴ
1033 5059 1172 5130 αὐτὴ
1203 5057 1602 5128 συνεζευγμένη
1630 5069 1652 5096 ο
1673 5076 1688 5090 ·
1720 5058 1771 5110 τί
1799 5060 1977 5114 τοίνυν
2004 5061 2096 5114 εύ-

521 5143 824 5216 πορώτερον
873 5142 1080 5210 γένοιτο
1126 5141 1193 5194 ἃν
1231 5141 1328 5211 τῆς
1354 5141 1630 5214 τραπέζης
1661 5140 1808 5214 [765]
1858 5144 2092 5214 ἐκείνης,

515 5229 610 5282 καὶ
649 5227 748 5296 τῆς
779 5225 1099 5296 ὰμφιάσεως
1137 5224 1314 5295 ἄκραν
1341 5223 1582 5295 τρυφὴν,
1629 5225 1724 5278 καὶ
1752 5227 2091 5298 εύπραγίανς

515 5312 676 5367 πάλιν
727 5312 853 5366 ὅταν
879 5307 991 5381 ἴδῃς
1037 5307 1212 5379 ἄκραν
1261 5308 1606 5380 δικαιοσύνην
1626 5325 1641 5340 ο
1688 5310 1741 5362 τί
1769 5309 1878 5381 γάρ
1909 5309 1974 5363 ἂν
2005 5310 2094 5378 γέ·
2119 5375 2134 5396 ε

579 5463 606 5492 ⁸
626 5462 762 5512 Colb.
786 5463 978 5519 ἀδίκως.

575 5523 605 5563 b
627 5524 708 5585 Sic
731 5525 860 5574 Colb.
891 5525 1087 5578 melius.
1105 5537 1249 5585 quam
1274 5524 1388 5572 odit.
1413 5521 1737 5578 ἀναστάσεως·

477 5625 490 5648 ,
580 5588 602 5616 c
629 5584 746 5633 Haec
771 5585 939 5644 verba,
962 5581 1136 5634 κακίαν
1164 5587 1308 5634 εἰπεῖν
1345 5586 1407 5648 μή
1439 5585 1580 5641 αὐτὴ,
1611 5581 1964 5644 συνεζευγμένην
2013 5582 2092 5630 vel

551 5649 1022 5722 rorspAsﬂgfs‘regl-ina
1058 5655 1190 5722 ειιῐιι,
1219 5648 1335 5722 ,ξ’-ει.
1369 5648 1568 5720 οτηιιὶιιο
1611 5651 1840 5704 corrupta
1879 5657 1912 5722 τι
1937 5657 2092 5718 quare

549 5719 756 5759 oanncm
775 5707 990 5758 Cheéum
1010 5713 1186 5766 secuti,
1215 5711 1304 5758 illa
1323 5710 1371 5756 in
1397 5709 1628 5757 versione
1665 5707 2087 5766 pralermisimus.

523 5774 676 5838 νοτίς
695 5769 957 5838 Ιςξεθῐιᾴηφ
978 5770 1287 5838 τίνα-,κακίαν
1328 5771 1469 5838 εἰπεῖν
1497 5771 1559 5831 μή
1598 5767 1744 5838 ταςὲτῃ
1787 5768 2090 5838 συνεζευγμέ-

519 5851 620 5903 WE].
643 5827 778 5903 (20be
805 5831 934 5903 aliud
957 5830 1136 5903 a‘djicil)
1157 5832 1452 5903 (lup-nlullan,
1475 5827 1525 5879 u'l
1550 5827 1747 5903 qujdem
1781 5827 2088 5903 mihienim:

517 5895 743 5957 meum,
757 5891 939 5952 κακίαι,
963 5892 1078 5956 εἰπε,
1098 5895 1162 5949 ὡς
1178 5891 1246 5956 [ιὴ
1267 5895 1422 5957 ἑτέραν
1437 5895 1553 5956 ἔχειν
1571 5891 1690 5954 αὐτῇ
1715 5891 2090 5951 συνιζιυγμέντγι.

1230 282 1284 338 S.
1326 277 1610 340 JOA'NNIS
1649 269 2134 338 CHRYSOSTOMI
2175 263 2493 330 ARCIIIEP.
2536 264 3089 326 CONSTANTINOP.

3621 255 3732 312 762

2155 403 2296 450 v0:;:0
2334 382 2738 452 θεοφιλέστερον
2777 377 2954 448 ψυχῆς
2994 371 3218 428 τοιαῦτα
3247 369 3593 442 πασχούσης,
3641 369 3738 424 καὶ

2155 468 2428 538 φερούσης
2478 464 2739 534 γενναίως
2771 465 2944 530 ἄκραν
2975 455 3384 526 ταλαιπωρίαν;
3413 453 3468 506 τί
3491 452 3626 538 Ϋγάρ
3670 453 3740 508 ἀν

2154 537 2364 616 γένοιτο
2384 537 2724 618 ἀθλιώτερον
2751 543 2913 615 λιμοῦ
2949 543 3042 596 καὶ
3087 541 3399 610 νοσήματος
3444 537 3616 600 οὕτως
3641 539 3743 590 ἀν-

2160 635 2340 698 ιάτου;
2373 631 2532 685 ποίαν
2559 629 2720 700 ἔχεις,
2745 627 2864 681 εἰπέ
2891 643 3004 696 μοι,
3037 624 3388 693 συγγνώμην,
3423 621 3481 672 ἐν
3505 621 3615 682 τοῖς
3647 618 3744 671 ἀλ-

2156 711 2826 784 λοις-σκανδαλιζόμενος;
2885 709 2960 781 μὴ
2992 707 3101 778 γάρ
3141 705 3302 778 μέχρι
3342 702 3438 757 τοῦ
3479 701 3744 774 παρόντος

2161 799 2278 869 βίου
2309 797 2378 851 τά
2409 797 2712 868 πράγματα
2741 795 3006 864 ’ἐστηκενς

2241 867 2556 951 Ἀνάμεινον
2604 878 2666 931 :6
2697 877 2869 942 τέλος,
2901 876 2995 928 καὶ
3038 873 3160 927 τότε
3188 870 3308 941 ϐψει
3337 870 3400 923 :6
3441 867 3564 922 κατ’
3589 867 3748 951 ἀξίαν

2160 963 2262 1032 τῆς
2293 950 2522 1017 ἐκάστου
2555 959 2700 1031 ζωῆς
2721 975 2734 990 ·
2795 960 2868 1030 μὴ
2899 959 3006 1030 πρὸ
3033 956 3142 1010 τῶν
3173 954 3439 1025 βραϐείων
3463 991 3477 1015 ,
3527 951 3602 1022 μὴ
3641 950 3752 1021 πρὸ

2161 1045 2272 1100 τῶν
2301 1045 2580 1115 στεφάνων
2609 1041 2861 1114 θορυϐοῦ.
2897 1042 3066 1093 Ὅταν
3098 1035 3190 1092 οὖν
3237 1038 3352 1109 ἴδῃς
3383 1039 3462 1098 είς
3491 1035 3553 1088 τὸ
3593 1035 3752 1087 δικα-

2167 1131 2263 1200 στή
2275 1147 2385 1200 ριον
2417 1127 2760 1198 ἀμφοτέρους
2790 1124 3132 1186 εἰσελθόντας
3151 1163 3164 1186 ,
3195 1121 3292 1176 καὶ
3322 1121 3418 1190 τῆς
3439 1119 3624 1188 ψήφου
3658 1134 3754 1200 τυ-

2165 1199 2380 1282 χόντας,
2414 1211 2534 1264 τότε
2571 1211 2665 1264 καὶ
2701 1206 2864 1271 αὐτός
2899 1207 2998 1278 τὴν
3029 1206 3157 1277 περὶ
3188 1205 3418 1258 ἑκάστου
3453 1200 3636 1270 κρίσιν
3661 1199 3752 1264 ἐξ-

2167 1297 2376 1364 ένεγκε.
2441 1295 2604 1348 Πόσοι
2661 1292 2758 1346 νῦν
2801 1293 2922 1354 ταῖς
2975 1289 3113 1351 ὁδοῖς
3165 1287 3548 1356 ἐφεδρεύουσι,
3595 1283 3756 1335 πόσοι

2166 1377 2504 1450 διορύττουσι
2535 1375 2767 1445 τοίχους,
2805 1374 2962 1427 πόσοι
3011 1371 3184 1442 θήκας
3215 1368 3323 1422 τῶν
3350 1365 3756 1435 κατοιχομένων

2168 1445 2380 1531 ἀνάρρή
2389 1476 2596 1521 σσουσι,
2621 1458 2776 1511 πόσοι
2796 1455 2996 1526 γάμοις
3014 1451 3411 1506 ἐπεϐούλευσαν
3431 1445 3754 1531 ἀλλοτρίοις,

2169 1525 2326 1596 πόσοί
2341 1525 2688 1614 δηλητηρίοις
2717 1525 3027 1612 φαρμάκοις
3050 1535 3277 1598 πολλοὺς
3301 1532 3622 1594 άπώλεσαν;
3663 1525 3755 1614 ἀρ’

2169 1622 2262 1681 οὖν
2288 1627 2427 1698 ὐπέρ
2455 1613 2656 1679 τούτων
2687 1621 3026 1692 ἐγκαλοῦμεν
3057 1621 3134 1692 τῷ
3164 1618 3428 1688 δικαστῇς
3461 1613 3754 1684 Οὐδαμῶς.

2173 1711 2271 1763 Ἂν
2312 1695 2410 1780 μὲν
2443 1708 2550 1780 γάρ
2579 1705 2756 1762 λαϐὼν
2781 1707 2977 1768 αὐτοὺς
3007 1703 3326 1774 ὐποψήφους
3359 1701 3494 1770 ἀφῇ,
3539 1697 3634 1752 καὶ
3664 1695 3760 1748 τὸν

2176 1794 2274 1863 μὲν
2301 1792 2542 1846 παθόντα
2569 1790 2755 1854 κακῶς
2779 1789 3003 1860 κολάσῃ,
3051 1787 3144 1841 τὸν
3180 1787 3236 1840 δέ
3261 1786 3564 1855 ποιήσαντα
3589 1781 3762 1850 τιμή-

2175 1893 2273 1948 σῃ,
2326 1877 2422 1930 καὶ
2471 1874 2822 1945 στεφανώσας
2864 1873 3122 1944 ἐκπέμψῃ
3143 1911 3157 1934 ,
3203 1868 3536 1939 κατηγορίας
3588 1866 3764 1948 ϐντως

2173 1947 2352 2026 ἄξιος,
2407 1961 2502 2014 καὶ
2543 1957 2904 2030 ἐγκλημάτων
2954 1957 3228 2025 ἐσχάτων·
3285 1954 3411 2006 ὅταν
3437 1951 3496 2004 δὲ
3533 1947 3764 2020 μηδέπω

2175 2042 2278 2101 ὦσι
2315 2045 2738 2116 παραδοθέντες,
2771 2042 2904 2113 μηδὲ
2931 2043 2960 2093 6
2993 2040 3182 2111 καιρὸς
3205 2040 3400 2108 ἐπιστῇ
3430 2037 3528 2106 τῆς
3549 2034 3764 2104 ψήφου,

2181 2133 2344 2203 μήπω
2370 2129 2428 2183 δέ
2456 2128 2616 2191 αὐτὸς
2652 2127 2752 2191 τάς
2785 2125 3014 2188 εὐθύνας
3049 2125 3274 2194 ἀπαιτῇ,
3310 2117 3600 2203 προλαϐὼν
3623 2131 3764 2203 προ-

2178 2198 2636 2282 καταγινώσκειςς
2673 2210 2811 2264 Ἀλλ’
2831 2209 2956 2274 ἔδει,
2985 2209 3169 2276 φησὶν,
3194 2203 3438 2258 ἐντεῦθεν
3459 2203 3558 2272 ήδη
3581 2198 3766 2252 δοῦναι

2177 2299 2333 2370 δίκην
2361 2295 2469 2350 τῶν
2493 2299 2714 2366 ήμαρτη
2723 2294 2918 2364 μένων.
2959 2292 3244 2361 Ἐννόησον
3271 2289 3338 2342 τὰ
3369 2283 3550 2355 σαυτῷ
3574 2283 3770 2354 βεϐιω-

2181 2367 2348 2453 μένα,
2389 2379 2672 2451 ἄνθρωπε,
2723 2379 2802 2441 εἰς
2845 2375 2908 2430 :6
2948 2375 3038 2429 σὺν
3086 2373 3294 2428 εἴσελθε
3339 2370 3609 2453 συνειδὸς,
3665 2367 3768 2453 καὶ

2183 2449 2464 2535 μεταθήσῃ
2493 2449 2592 2533 τὴν
2619 2461 2878 2531 γνώμην⁸
2935 2460 3035 2512 οὐκ
3069 2457 3380 2518 ἐπαινέσεις
3415 2452 3619 2522 ταύτην
3663 2449 3768 2522 τὴν

2179 2547 2376 2616 ψῆφον,
2405 2534 2519 2598 ἀλλ’
2541 2543 2770 2614 ἀποδέξῃ
2798 2543 2895 2614 τῆς
2923 2538 3303 2612 μακροθυμίας
3334 2537 3428 2590 τὸν
3453 2534 3770 2605 φιλάνθρω-

2181 2647 2283 2683 πον
2329 2629 2482 2682 Θεόν.
2527 2629 2590 2680 El
2632 2627 2741 2696 γὰρ
2783 2625 3013 2696 ήμελλεν
3063 2624 3293 2685 ἕκαστος
3341 2620 3467 2692 παρ’
3511 2617 3654 2672 αὐτά
3695 2616 3768 2669 τά

2183 2714 2554 2784 ἁμαρτήματα
2577 2711 2732 2780 δίκην
2765 2707 3119 2763 ἀπαιτεῖσθαι
3146 2707 3254 2760 τῶν
3287 2699 3766 2784 πεπλημμελημό-

2181 2781 2314 2862 νων,
2331 2781 2431 2849 οὐκ
2455 2795 2520 2848 ἂν
2535 2793 2692 2865 ήμῶν
2718 2792 2919 2862 ἔφθασε
2939 2791 3000 2844 :6
3023 2791 3178 2859 γένος
3199 2788 3367 2842 πάλαι
3393 2781 3762 2857 ἀναρπασθέν.

2189 2880 2284 2944 Τίς
2309 2878 2418 2948 τηειρ
2446 2876 2819 2944 καυχήσεται
2855 2873 3052 2943 ἁγνὴν
3089 2873 3256 2942 ἔχειν
3291 2869 3567 2940 καρδίαν,
3603 2867 3642 2934 ἢ
3673 2867 3768 2930 τίς

2183 2961 2657 3032 πιπρῤησιάσεται
2681 2960 2938 3027 καθαρὸς
2957 2955 3108 3011 εἶναι
3129 2955 3248 3011 ἀπὸ
3272 2952 3602 3024 άμαρτιῶν;
3625 2948 3770 3002 Ἀλλ’

2183 3045 2310 3098 ὅταν
2341 3045 2514 3115 ἀλγῇς
2543 3043 2637 3095 ἐπὶ
2667 3046 2732 3113 τῇ
2762 3041 2856 3095 τοῦ
2879 3040 3014 3094 Θεοῦ
3049 3037 3416 3112 μακροθυμίᾳ,
3452 3035 3668 3104 λογίζου
3697 3033 3770 3084 τά

2186 3127 2698 3199 πεπλημμελημένα
2727 3141 2808 3178 σοι
2841 3124 2977 3196 μετά
3011 3123 3314 3194 ἀκριϐείας,
3349 3121 3442 3174 καὶ
3462 3121 3620 3189 χάριν
3645 3116 3772 3188 εἴσῃ

2185 3213 2286 3282 τῆς
2305 3211 2525 3282 ἀνοχῆς,
2549 3209 2836 3278 θαυμάσας
2859 3207 2956 3277 τῆς
2975 3204 3322 3270 ἀνεξικακίας
3343 3203 3525 3256 αὐτόν.
3550 3199 3768 3270 Θορυϐῇ

2186 3298 2280 3350 καὶ
2311 3295 2527 3360 ἀλύεις,
2589 3291 2684 3348 καὶ
2737 3291 2917 3344 πάντα
2941 3289 3186 3362 ταραχῆς
3213 3288 3458 3358 πληροῖς,
3503 3283 3692 3354 ἐπειδὴ
3739 3284 3772 3334 6

2185 3381 2330 3433 δεῖνα
2373 3379 2502 3450 παρ’
2535 3375 2691 3442 ἀξίαν
2721 3373 2973 3437 πλουτεῖ,
3030 3373 3122 3426 καὶ
3173 3369 3433 3424 ἀπολαύει
3473 3367 3770 3438 θεραπείας

2187 3465 2284 3534 τῆς
2317 3461 2468 3533 παρά
2491 3459 2599 3513 τῶν
2629 3458 2838 3514 πολλῶν
2857 3475 2872 3489 ο
2933 3455 3048 3510 εἶτα
3083 3457 3184 3508 οὐκ
3208 3455 3426 3515 ἀκούεις
3455 3451 3551 3505 τοῦ
3589 3450 3772 3520 ψαλμ-

2187 3546 2322 3617 ῳδοῦ
2337 3545 2603 3614 λέγοντος,
2619 3543 2714 3610 Μὴ
2728 3541 2914 3611 φοϐοῦ
2923 3583 2935 3604 ,
2949 3541 3094 3594 ὅταν
3103 3541 3262 3591 πλου
3271 3536 3424 3607 τήσῃ
3436 3535 3772 3617 ἅνθρωπος,

2189 3616 2278 3684 ὅτι
2311 3631 2421 3684 οὐκ
2459 3627 2530 3682 ἐν
2569 3625 2651 3692 τῷ
2695 3625 3109 3693 ἀποθνήσκειν
3155 3621 3342 3676 αὑτὸν
3384 3617 3642 3686 λήψεται
3695 3616 3776 3670 τὰ

2190 3713 2406 3776 πάντα,
2437 3709 2579 3766 οὐδὲ
2608 3705 3126 3778 συγκαταϐήσεται
3149 3701 3310 3768 σὺτῷ
3333 3704 3372 3770 ἠ
3397 3701 3542 3763 δόξα
3569 3699 3776 3753 ὀπίσω

2191 3795 2418 3860 αὐτοῦ;
2479 3795 2592 3847 Οὐκ
2639 3792 2859 3854 ἀκούεις
2889 3790 2984 3844 τοῦ
3023 3789 3302 3859 προφήτου
3353 3784 3576 3856 βοῶντος
3631 3781 3776 3854 μετά

2195 3881 2436 3952 μεγάλης
2461 3879 2560 3949 τῆς
2585 3877 2788 3948 φωνῆς,
2817 3873 2992 3930 Πᾶσα
3019 3871 3176 3940 σὰρξ
3212 3871 3444 3939 χόρτος,
3473 3867 3573 3922 καὶ
3602 3865 3776 3952 πᾶσα

2191 3951 2340 4032 δόξα
2363 3963 2676 4031 ἀνθρώπου
2703 3961 2784 4025 ὼς
2829 3957 3010 4024 ἄνθος
3043 3957 3297 4024 χόρτου;
3347 3954 3445 4022 οὐχ
3481 3952 3613 4022 ὁρᾷς
3648 3951 3778 4032 ἐπι-

2196 4027 2579 4116 μαρτυροῦσαν
2608 4041 2728 4102 ταῖς
2761 4037 2870 4092 τῶν
2901 4034 3194 4108 προφητῶν
3227 4033 3565 4102 ἀποφάσεσιν
3601 4027 3777 4100 αὐτὴν

2191 4113 2300 4180 τῶν
2339 4113 2680 4198 πραγμάτων
2711 4121 2812 4192 τὴν
2838 4119 3132 4190 ἀλήθειαν;
3163 4117 3260 4188 οὐχ
3283 4117 3416 4186 ὁρᾷς
3449 4113 3548 4185 τὴν
3578 4115 3778 4182 πεῖραν

2193 4213 2286 4267 καὶ
2331 4211 2427 4282 τὴν
2485 4207 2708 4262 ἔκϐασιν
2755 4202 3226 4275 ἐπιψηφιζομένην
3269 4203 3380 4262 τοῖς
3437 4199 3776 4282 εἰρημένοις,

2197 4299 2319 4352 Οὐκ
2337 4280 2407 4350 ἐν
2424 4293 2506 4360 ’τῷ
2532 4288 2944 4355 ἀποθνήσκειν
2967 4285 3154 4341 αὐτὸν
3172 4282 3430 4352 λήψεται
3458 4282 3530 4335 τὰ
3551 4280 3780 4343 πάντας

2198 4381 2461 4432 ’Ἄκουσον
2493 4374 2587 4428 τοῦ
2628 4372 2748 4427 Ἰὼϐ
2781 4371 2841 4425 :6
2887 4369 3018 4424 αὐτὸ
3049 4367 3206 4422 τοῦτο
3235 4365 3503 4434 λέγοντος,
3529 4363 3780 4431 Γυμνὸς

2193 4461 2458 4530 ἐξῆλθον
2484 4459 2552 4512 ἐκ
2580 4457 2812 4520 κοιλίας
2840 4451 3088 4522 μητρὸς.
3119 4449 3345 4521 γυμνὸς
3373 4447 3473 4530 καὶ
3509 4447 3776 4530 ἀπελεύ-

2195 4529 2394 4614 σομαι,
2419 4541 2510 4596 ὅτι
2536 4543 2648 4595 οὐκ
2677 4539 2744 4592 ἐν
2769 4535 2850 4602 τῷ
2876 4534 3283 4600 ἀποθνήσκειν
3303 4529 3490 4585 αὐτόν
3511 4529 3782 4598 λήψεται

2194 4632 2267 4684 τὰ
2299 4627 2514 4682 πάντα.
2575 4627 2842 4678 Ἄκουσον
2875 4619 2969 4674 τοῦ
3005 4618 3218 4672 Παύλου
3263 4617 3332 4670 τά
3377 4615 3517 4668 αὐτά
3557 4614 3780 4682 φιλοσο-

2197 4709 2444 4780 φοῦντος,
2479 4704 2671 4760 Οὐδὲν
2695 4700 3128 4769 εἰσηνέγκαμεν
3146 4699 3232 4764 εὶς
3256 4695 3364 4750 τὸν
3388 4695 3622 4780 κόσμον
3639 4709 3654 4723 ·
3680 4690 3784 4760 δῆ-
3869 4705 3888 4710 '

2195 4777 2312 4849 λον
2332 4793 2419 4845 ὅτι
2456 4788 2599 4844 οὐδὲ
2625 4783 2960 4854 ἐξενεγκεῖν
2986 4799 3040 4836 τι
3065 4781 3387 4849 δυνάμεθα.
3428 4778 3500 4831 Σὺ
3525 4777 3584 4830 δὲ
3605 4794 3786 4847 μακα-

2201 4876 2369 4950 ρίζεις
2401 4874 2688 4944 ἄνθρωπον
2717 4869 2869 4923 οὐδὲν
2911 4866 3156 4950 ἐντεῦθεν
3207 4864 3500 4934 δυνάμενον
3535 4861 3778 4928 ἀπενεγ-

2197 4944 2313 5014 κεῖν
2342 4961 2456 5013 ἐκεῖ
2481 4955 2589 5009 τῶν
2613 4953 2932 5022 ὀφειλόντων
2965 4948 3115 5019 αὐτῷ
3143 4947 3486 5019 παραστῆναι
3509 4944 3657 4998 κατά
3679 4945 3780 5014 τὴν

2196 5045 2410 5116 ἡμέραν
2437 5039 2538 5111 τῆς
2567 5039 2821 5109 κρίσεως.
2848 5035 2956 5088 Καὶ
2979 5033 3060 5097 τίς
3089 5028 3596 5116 ἀλλοςάθλιότητος
3623 5027 3779 5101 [766]

2195 5113 2348 5200 ϐρος,
2393 5125 2514 5179 εἰπέ
2545 5139 2671 5194 μοι,
2719 5120 2814 5174 καὶ
2847 5116 3212 5200 ταλανισμδς,
3247 5113 3440 5200 ἀλλ’ᾼῆ
3476 5114 3607 5200 ὅταν
3643 5114 3674 5165 6
3723 5114 3782 5166 ἐν

2197 5195 2364 5282 πολλῇ
2394 5209 2572 5280 τρυφῇ
2603 5205 2773 5277 ζήσας
2795 5203 3100 5282 ἀπέρχηται
3133 5199 3348 5282 πάντων
3374 5195 3627 5282 ἐντεῦθεν
3657 5197 3782 5250 ἀτι-

2201 5278 2468 5367 μότεροςς
2529 5291 2603 5343 Σὺ
2651 5288 2706 5341 δὲ
2755 5287 2809 5339 εἴ
2843 5301 2966 5338 τινα
3009 5281 3213 5337 τούτων
3253 5281 3362 5334 τῶν
3397 5278 3782 5348 εὐπορούντων

2195 5361 2288 5433 καὶ
2320 5361 2622 5432 συϐούντων
2653 5371 2746 5424 ἐπὶ
2787 5369 2888 5438 τῆς
2937 5367 3143 5438 ἀγορᾶς
3172 5362 3311 5429 εἶδες
3331 5404 3346 5428 ,
3399 5365 3492 5416 ἐπὶ
3545 5365 3645 5432 μὲν
3677 5361 3780 5430 τῆς

2196 5459 2479 5532 ἀλλοτρίας
2501 5455 2703 5524 πολλῆς
2737 5449 3078 5507 ἀπολαύοντα
3100 5449 3288 5522 τιμῆς,
3311 5445 3652 5532 παρασίτους
3685 5447 3780 5498 καὶ

2194 5528 2430 5607 κόλακας
2463 5542 2676 5613 ἔχοντα,
2728 5539 2809 5600 εἰς
2849 5536 2906 5590 δὲ
2937 5533 3008 5588 τά
3051 5535 3228 5587 οἰκεῖα
3257 5529 3646 5594 ἐπανελθόντα,
3683 5528 3780 5613 καὶ

2193 5630 2344 5683 οὐδὲν
2376 5623 2824 5698 συγχωρούμενον
2869 5618 3093 5672 ἐκείνων
3121 5617 3328 5682 λαϐεῖν,
3375 5613 3512 5670 ἀλλά
3543 5612 3776 5698 γυμνδν,

2195 5715 2408 5782 ἄτιμον,
2437 5711 2546 5765 τῶν
2565 5696 3014 5780 νπροσαιτούντων
3049 5699 3398 5773 ἀπορώτερον
3439 5699 3534 5752 καὶ
3577 5696 3780 5766 φαυλό-

2199 5815 2354 5868 τερον
2384 5779 2723 5865 φαινόμενον,
2776 5787 2885 5861 ἄρα
2912 5789 3100 5841 τοῦτον
3139 5785 3380 5855 ζηλωτὸν
3419 5779 3558 5837 εἶναι
3587 5781 3780 5852 ἐνόμι-

2203 5865 2311 5948 ζες,
2339 5881 2451 5936 ἀλλ’
2473 5881 2532 5932 οὐ
2562 5877 2646 5934 διὰ
2677 5875 2834 5930 τοῦτο
2865 5872 3065 5945 μᾶλλον
3093 5871 3273 5942 ἠλέεις
3307 5869 3395 5924 καὶ
3435 5865 3780 5932 ἐταλάνιζες;
