4092 6194
387 255 482 310 761

386 372 631 442 attinget.
681 369 811 425 Cum
851 385 978 441 ergo
1021 368 1217 425 videris
1253 371 1554 441 quempiam
1589 381 1780 442 praeter
1803 371 1976 442 digiti-

389 477 549 521 tatem
583 465 902 534 locupletem
929 505 942 525 ,
987 481 1052 518 ne
1077 464 1287 520 beatum
1313 464 1591 533 praedices,
1625 481 1692 519 ne
1721 465 1976 519 remulan-

383 559 511 614 dum
538 568 695 630 putes
715 597 728 623 ,
770 572 941 627 neque
971 557 1060 612 Dei
1106 556 1491 626 providentiam
1519 557 1742 613 damnes
1761 599 1775 620 ,
1804 572 1976 623 neque

386 659 542 720 putes
571 659 770 704 temere
792 658 845 703 et
871 663 998 702 casu
1049 646 1176 702 ferri
1225 663 1311 703 res
1357 658 1680 718 praesentes,
1723 647 1844 718 quia
1884 647 1976 702 ille

381 742 648 811 quispiam
701 747 897 809 praeter
943 739 1186 793 meritum
1239 739 1476 808 locuples
1523 747 1623 793 est.
1671 737 1975 793 Recordare

386 832 571 887 Lazari
614 841 663 885 et
713 830 892 884 divitis
933 829 1082 901 (Luc.
1113 828 1202 900 16)
1229 847 1241 882 :
1271 838 1327 884 ut
1371 829 1457 883 hic
1487 828 1698 898 quidem
1729 827 1796 882 ad
1823 843 1973 883 sum-

386 931 527 970 mam
558 929 733 969 rerum
770 923 823 968 et
849 913 1150 968 divitiarum
1194 915 1402 983 copiam
1457 913 1760 982 pervenerit
1788 953 1802 978 ,
1853 927 1972 965 cum

384 1017 532 1063 esset
561 1005 792 1061 crudelis
811 1047 824 1070 ,
855 1005 997 1062 ferus
1022 1015 1076 1061 et
1115 1006 1468 1070 inhumanus,
1497 1005 1729 1075 ipsisque
1755 1003 1975 1060 canibus

383 1101 655 1155 efferatior
695 1117 708 1153 :
747 1099 1008 1168 siquidem
1053 1099 1126 1152 illi
1171 1113 1457 1168 pauperem
1503 1097 1893 1152 miserabantur
1920 1105 1975 1150 et

384 1192 687 1258 curabant,
736 1205 834 1246 nec
873 1190 1108 1260 segniter
1153 1189 1332 1244 ulcera
1376 1189 1430 1243 in
1472 1197 1583 1244 toto
1609 1189 1726 1259 ejus
1750 1203 1973 1259 corpore

387 1284 696 1352 liugebant;
756 1283 844 1338 ille
889 1298 1019 1338 vero
1059 1297 1126 1338 ne
1176 1282 1342 1337 micas
1388 1282 1604 1352 quidem
1649 1282 1747 1350 ipsi
1791 1280 1968 1346 dabat.

385 1372 566 1442 Cogita
589 1387 716 1442 ergo
745 1371 1014 1442 quomodo
1035 1371 1121 1428 hic
1146 1371 1212 1426 ad
1234 1387 1501 1426 summum
1530 1371 1818 1442 opulentia:
1845 1387 1968 1441 per-

387 1463 626 1528 venerit;
659 1463 746 1518 ille
771 1478 900 1519 vero
928 1477 1162 1534 pauper,
1203 1463 1297 1520 sed
1326 1463 1500 1533 reipsa
1525 1462 1674 1519 dives
1693 1503 1708 1528 ,
1737 1472 1792 1518 et
1823 1463 1971 1518 locu-

387 1556 520 1625 ples,
553 1558 604 1608 in
631 1565 934 1610 extremam
966 1555 1196 1626 inopiam
1228 1555 1525 1621 deciderit,
1570 1556 1641 1609 ita
1683 1565 1742 1611 ut
1787 1571 1972 1610 neces-

384 1648 524 1700 sario
551 1647 670 1702 cibo
695 1646 1077 1701 destitueretur
1099 1685 1114 1711 ,
1138 1661 1201 1702 ac
1231 1637 1629 1716 perpetuo‘cum
1656 1645 1973 1716 :cgritudine

383 1747 438 1792 et
466 1737 604 1793 fame
632 1739 941 1793 luctaretur.
975 1738 1042 1792 Et
1071 1737 1157 1792 hic
1186 1737 1402 1808 quidem
1429 1737 1627 1805 minus,
1659 1752 1816 1807 quam
1846 1750 1972 1792 usus

385 1830 536 1893 tulit,
582 1829 845 1895 habebat,
889 1829 979 1884 ille
1023 1844 1153 1884 vero
1195 1829 1331 1883 ultra
1364 1827 1580 1883 modum
1611 1843 1790 1882 rerum
1819 1828 1972 1898 cepia

384 1921 655 1977 affluebat.
690 1925 939 1977 Attamen
972 1937 1078 1976 non
1106 1921 1330 1976 moleste
1363 1919 1582 1986 ferebat,
1618 1935 1722 1975 non
1751 1920 1970 1990 impium

383 2017 605 2070 verbum
632 2015 970 2085 proferebat,
995 2030 1099 2070 non
1131 2016 1297 2070 Deum
1327 2016 1632 2082 accusabat,
1665 2031 1770 2069 non
1793 2015 1970 2085 provi-

382 2107 617 2162 dentiam
638 2108 1040 2174 criminabatur,
1064 2123 1170 2162 non
1196 2106 1304 2162 fato
1329 2106 1442 2162 haec
1466 2107 1794 2162 adscribebat
1827 2124 1841 2172 ;
1875 2121 1972 2162 nec

281 2226 294 2236 κ
382 2200 614 2268 cuipiam
654 2215 752 2255 nec
794 2200 894 2254 sibi
943 2199 1042 2269 ipsi
1087 2213 1338 2269 umquam
1377 2197 1556 2254 dixit:
1589 2198 1696 2268 Ego
1719 2199 1811 2268 qui
1842 2197 1972 2252 nihil

381 2291 656 2361 speciatim
687 2292 703 2322 ⁸
733 2292 857 2346 mali
899 2292 996 2347 feci
1021 2333 1037 2358 ,
1079 2291 1211 2346 tales
1242 2304 1425 2361 pmnas
1449 2289 1551 2357 do,
1582 2300 1636 2346 et
1663 2300 1964 2346 extremum

381 2383 673 2439 cruciatum
701 2384 939 2439 suStinco
960 2425 974 2450 ,
1007 2383 1144 2439 fame
1177 2383 1458 2439 tabescens
1477 2425 1492 2450 ,
1527 2382 1840 2454 gravissimo
1871 2381 1970 2437 ab-

379 2483 628 2545 sumptus
653 2475 861 2539 morbo,
891 2475 1141 2545 paulatim
1172 2473 1484 2544 absumptus
1513 2483 1570 2529 et
1592 2474 1852 2536 foedatus;
1885 2473 1971 2529 hic

383 2582 512 2622 vero
540 2567 692 2622 dives
718 2577 800 2638 est
827 2567 1136 2637 deliciisque
1163 2567 1349 2635 affluit,
1375 2568 1562 2624 alienis
1579 2567 1969 2624 calamitatibus

380 2659 665 2727 opulentus
685 2701 700 2725 ,
720 2659 894 2720 \malis
923 2659 1184 2714 insuluns
1211 2659 1346 2714 meis
1379 2676 1392 2712 :
1424 2667 1479 2714 et
1517 2660 1661 2716 hunc
1689 2667 1866 2714 tamen
1892 2659 1971 2712 iu-

381 2749 671 2805 humanum
693 2791 708 2815 ,
762 2751 1020 2805 immitem
1046 2791 1061 2816 ,
1116 2750 1385 2806 crudelem
1428 2758 1484 2806 et
1520 2765 1738 2806 saxeum
1759 2791 1774 2816 ,
1807 2734 1968 2804 tanta:

381 2841 620 2911 pecunia:
651 2841 922 2895 dominum
954 2839 1078 2896 fecit
1110 2841 1282 2908 Deus;
1338 2857 1425 2898 me
1466 2857 1628 2907 vero,
1660 2841 1751 2912 qui
1773 2857 1839 2898 ne
1864 2842 1968 2896 mi-

380 2935 526 2989 nimo
554 2933 768 3004 quidem
801 2934 966 2990 verbo
1001 2935 1174 3004 ipsum
1202 2935 1484 3005 provocavi
1510 2976 1524 3002 ,
1560 2943 1638 2990 tot
1665 2935 1821 2990 malis
1847 2950 1971 2990 cruci

379 3024 506 3079 ciari
536 3024 775 3094 permisit
803 3043 817 3078 :
844 3025 1112 3094 quomodo
1141 3025 1256 3080 haec
1275 3025 1422 3096 justo
1449 3026 1541 3081 illo
1560 3025 1763 3095 judicio
1788 3067 1802 3085 .
1836 3039 1970 3095 quo-

382 3115 542 3169 modo
571 3116 900 3185 providentia
937 3125 992 3172 et
1014 3131 1142 3172 cura
1175 3119 1338 3173 nostri
1371 3118 1530 3189 digna
1561 3117 1796 3173 fuerint?
1827 3117 1966 3174 Nihil

380 3205 570 3260 horum
603 3207 691 3262 ille
733 3207 888 3262 dixit.
945 3209 1047 3274 Qui
1091 3209 1252 3278 igitur
1291 3225 1395 3264 non
1428 3208 1735 3266 absurdum
1782 3208 1962 3278 fuerit,

381 3300 594 3370 quando
621 3301 779 3356 iidem
805 3301 906 3372 ipsi
932 3303 1020 3372 qui
1044 3302 1186 3356 male
1209 3301 1480 3370 patiuntur
1505 3301 1556 3356 in
1577 3302 1827 3357 omnibus
1859 3303 1968 3359 Deo

383 3394 454 3447 ita
486 3392 827 3458 benedicunt,
855 3403 909 3447 te
937 3393 1032 3462 qui
1058 3400 1207 3448 extra
1229 3394 1526 3448 certamina
1546 3392 1620 3448 sis
1638 3435 1652 3459 ,
1681 3393 1748 3448 de
1776 3392 1965 3448 iisdem

383 3483 436 3538 in
481 3483 647 3538 Deum
677 3483 1049 3553 blaSpbemare
1087 3483 1155 3538 de
1193 3484 1385 3554 quibus
1423 3485 1513 3539 alii
1537 3486 1737 3555 gratias
1762 3484 1966 3555 agunt?

381 3574 480 3640 Qui
508 3575 650 3628 enim
677 3574 813 3628 malo
837 3572 1069 3629 afficitur
1087 3616 1101 3640 ,
1135 3574 1342 3629 etiamsi
1367 3575 1584 3645 aliquod
1615 3575 1834 3630 verbum
1863 3575 1967 3630 du-

383 3681 500 3719 rum
526 3666 844 3736 protulerit,
877 3667 1124 3736 quamvis
1161 3680 1266 3720 non
1305 3675 1504 3720 tantam
1529 3674 1781 3736 quantam
1807 3665 1964 3733 alius,

381 3759 610 3827 aliquam
656 3766 831 3812 tamen
877 3757 1140 3812 minorem
1189 3757 1534 3827 consequitur
1579 3756 1833 3812 veniam:
1878 3757 1966 3826 qui

381 3860 558 3905 autem
590 3859 740 3905 extra
782 3849 1110 3905 calamitates
1134 3858 1379 3904 versatur
1401 3889 1418 3915 ,
1453 3857 1506 3904 et
1535 3849 1756 3904 aliarum
1787 3864 1965 3904 rerum

380 3955 539 3994 musa
569 3941 799 3995 animam
831 3956 980 3995 suam
1009 3939 1181 4010 perdit
1205 3980 1220 4007 ,
1252 3954 1356 4010 qua
1382 3939 1535 3995 venia
1559 3939 1748 4010 dignus
1773 3939 1894 4003 erit,
1917 3938 1965 3992 si

380 4033 448 4087 de
475 4033 580 4087 illis
606 4033 657 4086 in
682 4033 848 4088 Deum
889 4033 1256 4102 blasphemet,
1285 4031 1352 4087 de
1381 4032 1572 4102 quibus
1597 4030 1685 4085 ille
1712 4029 1800 4100 qui
1830 4029 1966 4083 mala

383 4124 614 4193 patitur,
643 4124 839 4194 gratias
875 4123 1016 4192 agit,
1061 4132 1116 4178 et
1160 4123 1308 4178 illum
1345 4121 1564 4177 laudare
1602 4135 1707 4175 non
1734 4117 1968 4175 desinit?

378 4213 512 4268 Cum
536 4214 734 4270 videris
770 4214 972 4284 justum
1010 4213 1146 4268 mala
1175 4215 1462 4284 patientem
1486 4253 1500 4277 ,
1529 4214 1632 4266 hoc
1659 4209 1966 4280 exemplum

381 4306 560 4359 animo
590 4313 772 4374 repete
802 4323 816 4360 :
848 4319 1022 4375 neque
1048 4305 1188 4359 enim
1219 4304 1309 4358 illo
1345 4302 1632 4373 juStiorem
1663 4301 1966 4372 quempiam

383 4413 524 4452 nunc
549 4396 727 4451 dicere
753 4395 968 4472 possis;
997 4395 1047 4450 id
1077 4395 1220 4450 enim
1253 4395 1420 4464 liquet
1441 4403 1552 4449 tum
1582 4409 1649 4450 ex
1688 4393 1964 4464 patientia,

380 4498 492 4542 tum
520 4503 584 4544 ex
607 4489 843 4559 prtemiis
870 4507 884 4541 :
918 4503 1039 4542 nam
1062 4488 1291 4558 primum
1313 4487 1401 4542 ille
1426 4486 1627 4557 requiei
1650 4487 1870 4542 sortitus
1885 4494 1970 4541 est

380 4584 556 4639 locum
577 4625 591 4647 ,
641 4582 1093 4653 eum'patriarcha
1115 4582 1383 4636 Abraham
1425 4579 1760 4646 honoratus;
1795 4595 1969 4650 neque

381 4674 548 4728 ullum
578 4674 775 4743 majora
805 4688 1017 4742 passum
1050 4672 1186 4727 mala
1216 4671 1499 4741 protuleris
1523 4713 1538 4736 ,
1569 4687 1740 4742 neque
1771 4672 1840 4726 ita
1870 4671 1966 4725 de.

381 4764 588 4834 spectui
627 4763 886 4818 habitum.
938 4762 1076 4831 Quid
1103 4763 1246 4817 enim
1287 4761 1477 4818 afferre
1512 4764 1684 4832 possis
1707 4803 1724 4830 ,
1755 4763 1970 4833 quando

384 4871 454 4911 ne
479 4856 546 4911 de
575 4857 725 4911 micis
754 4855 1004 4926 quidem,
1055 4871 1174 4926 quas
1221 4855 1290 4912 de
1340 4871 1522 4911 mensa
1565 4855 1860 4919 cadebant,
1911 4871 1971 4912 se

381 4949 599 5018 explere
628 4949 826 5018 potuit?
850 4949 1074 5016 Quando
1102 4948 1258 5020 igitur
1283 4962 1542 5004 summam
1570 4946 1968 5018 improbitatem

386 5038 584 5094 videris
615 5057 628 5094 :
657 5039 784 5110 quid
827 5040 968 5095 enim
996 5040 1417 5105 crudeliusisto,
1463 5039 1553 5109 qui
1581 5039 1724 5094 hunc
1747 5040 1799 5094 in
1827 5048 1971 5099 tanta

383 5131 684 5187 calamitate
713 5131 1071 5202 prteterierit?
1099 5132 1182 5187 vel
1204 5131 1328 5202 quid
1348 5130 1656 5188 affluentius
1674 5131 1760 5186 illa
1783 5146 1966 5186 mensa

377 5238 505 5279 esse
533 5233 728 5294 potest,
755 5235 846 5280 aut
874 5225 1111 5280 vestibus
1137 5238 1372 5280 summas
1406 5223 1625 5280 delicias
1654 5234 1708 5280 et
1735 5223 1972 5279 fortunas

374 5319 790 5376 indicantibus?
844 5336 1031 5376 rursus
1085 5335 1207 5375 cum
1253 5318 1449 5374 videris
1503 5334 1768 5374 summam
1815 5318 1971 5388 justi-

381 5414 539 5467 tiam:
566 5413 692 5483 quid
720 5414 861 5468 enim
884 5413 1186 5483 religiosius
1208 5411 1382 5466 anima
1406 5411 1528 5466 talia
1557 5411 1799 5481 patienti,
1833 5426 1974 5468 sum-

388 5519 606 5574 masque
662 5505 904 5560 miserias
939 5519 1201 5575 generose
1247 5503 1474 5560 ferenti?
1521 5503 1647 5574 quid
1689 5503 1832 5558 enim
1875 5502 1974 5557 mi-

385 5598 558 5652 serius
587 5597 726 5654 fame
751 5609 806 5654 et
839 5599 1028 5656 morbo
1059 5607 1166 5656 tam
1197 5597 1520 5656 insanabili?
1548 5613 1730 5669 quam,
1766 5611 1968 5669 qumso,

452 5730 467 5761 ι
503 5727 655 5789 εοωη
677 5729 868 5790 iiquae.

1481 253 1568 311 DE
1609 255 1790 312 ΡΑΤο
1829 257 1916 312 ΕΤ
1958 256 2435 313 ιιηονιυΕΝγιΑ.
2480 258 2564 313 ιν.

3564 265 3667 319 76?.

2085 372 2292 428 veniam
2336 371 2682 445 impetrabis,
2732 373 2776 428 si
2825 374 2880 429 in
2920 375 3039 432 aliis
3077 375 3385 432 scandalum
3416 379 3672 448 patiaris?

2076 484 2209 534 ,num
2259 471 2398 524 intra
2449 470 2606 540 hujus
2651 469 2768 524 vita:
2810 469 3069 526 terminos
3117 484 3207 526 res
3254 471 3673 541 circumscriptae

2082 559 2251 615 sunt?

2155 651 2233 706 De
2263 655 2436 724 futuro
2455 651 2676 722 judicio.
2696 652 3046 723 ——Exspecta
3082 652 3261 718 finem,
3292 662 3349 708 et
3369 661 3496 708 tunc
3524 652 3673 706 vide-

2081 745 2163 801 bis
2186 745 2472 815 unicuique
2500 745 2790 820 secupdum
2813 746 2933 800 vita:
2960 747 3207 800 meritum
3232 747 3388 800 tribui
3415 764 3428 799 :
3452 759 3524 800 ne
3546 755 3672 799 ante

2082 839 2318 908 prmmia,
2346 854 2413 894 ne
2438 848 2560 894 ante
2590 853 2818 893 coronas
2849 838 3199 908 perturberis.
3233 839 3363 894 Cum
3394 838 3570 907 itaque
3595 839 3670 890 vi-

2079 931 2222 986 deris
2250 931 2434 986 ambos
2461 932 2511 985 in
2535 930 2792 1000 judicium
2823 931 3026 1001 ingredi
3051 973 3064 998 ,
3097 940 3150 985 et
3179 931 3498 985 sententiam
3523 929 3672 998 judi-

2079 1021 2157 1076 cis
2173 1021 2372 1088 subire,
2398 1031 2523 1076 tunc
2543 1021 2610 1076 de
2634 1031 2858 1092 utroque
2879 1031 2931 1078 et
2960 1031 3012 1082 tu
3037 1021 3295 1090 judicium
3318 1020 3514 1090 profer.
3533 1019 3672 1087 Quot

2079 1129 2221 1169 nunc
2245 1124 2368 1168 sunt
2392 1153 2406 1179 ,
2435 1115 2523 1184 qui
2553 1115 2652 1169 viis
2682 1114 3033 1169 insidiantur?
3059 1121 3188 1182 quot
3212 1114 3300 1182 qui
3333 1126 3516 1166 muros
3542 1111 3672 1164 cllo-

2077 1205 2229 1260 diunt
2253 1246 2267 1271 ,
2298 1214 2427 1276 quot
2453 1205 2824 1260 defunctorum
2855 1220 3006 1260 arcas
3037 1204 3357 1274 effringunt?
3385 1214 3514 1274 quot
3541 1203 3670 1258 toris

2081 1296 2402 1351 insidiantur
2424 1297 2635 1364 alienis,
2665 1305 2791 1367 quot
2818 1295 3105 1350 mortiferis
3127 1289 3346 1350 venenis
3367 1294 3670 1363 complures

2078 1388 2462 1458 perdiderunt?
2491 1389 2748 1459 numquid
2775 1389 2826 1442 in
2855 1389 2920 1444 iis
2941 1403 3255 1444 accusamus
3275 1387 3551 1456 judicent?
3575 1386 3672 1439 Mi-

2079 1482 2243 1536 nime.
2274 1480 2329 1536 Si
2359 1481 2503 1536 enim
2533 1481 2656 1536 illos
2686 1482 2738 1534 in
2765 1480 2965 1550 judicio
2990 1480 3308 1535 constitutos
3337 1478 3664 1542 dimitteret,

2075 1581 2268 1627 etcum
2285 1573 2373 1642 qui
2393 1572 2529 1626 mala
2554 1587 2739 1648 passus
2754 1581 2895 1628 esset
2915 1573 3191 1642 plecteret,
3205 1585 3327 1626 eum
3341 1584 3468 1626 vero
3488 1571 3576 1640 qui
3595 1571 3670 1623 in-

2078 1663 2288 1718 tulissrt
2308 1664 2594 1719 honoraret
2609 1673 2662 1719 et
2678 1674 2988 1719 coronatum
3012 1664 3322 1726 dimitteret,
3341 1677 3528 1717 revera
3549 1662 3668 1716 cul-

2077 1757 2283 1825 pandos
2295 1766 2348 1811 et
2361 1758 2733 1813 criminatione
2749 1757 3037 1812 admodum
3054 1756 3245 1826 dignus
3258 1765 3428 1811 esset:
3445 1770 3566 1809 cum
3581 1771 3669 1808 au-

2079 1855 2186 1902 tem
2208 1849 2441 1903 nondum
2466 1849 2640 1904 traditi
2663 1851 2789 1916 sint,
2816 1865 2914 1904 nec
2930 1849 3115 1920 judicii
3140 1858 3348 1918 tempus
3365 1847 3662 1913 advenerit,

2075 1938 2302 1993 necdum
2333 1941 2421 1994 ille
2452 1941 2685 1996 rationes
2713 1949 2959 2010 expetat,
2991 1951 3047 1994 tu
3076 1938 3416 2009 anticipando
3457 1939 3658 1994 conde-

2075 2033 2263 2086 mnas?
2289 2034 2446 2102 Atqui
2472 2036 2772 2104 oportebat,
2802 2034 2995 2104 inquit,
3021 2033 3180 2088 etiam
3208 2032 3295 2088 hic
3325 2041 3662 2103 peccatorum

2075 2137 2263 2192 poenas
2291 2125 2440 2179 dare.
2470 2125 2643 2180 Vitam
2686 2135 2828 2180 tuam
2854 2165 2870 2191 ,
2900 2139 2934 2180 ο
2963 2124 3124 2180 homo
3148 2166 3162 2192 ,
3194 2123 3466 2195 perpende
3485 2165 3500 2189 ,
3531 2131 3585 2177 et
3613 2126 3662 2176 in

2074 2216 2452 2271 conscientiam
2478 2217 2756 2288 ingredere
2785 2225 2958 2286 tuam,
2983 2226 3036 2272 et
3061 2216 3381 2271 sententiam
3408 2215 3660 2281 nmtabis,

2073 2321 2180 2361 non
2203 2307 2462 2376 judicium
2490 2307 2616 2362 illud
2641 2308 2901 2374 laudabis,
2935 2307 3029 2362 sed
3056 2307 3267 2376 benigni
3303 2307 3394 2360 Del
3429 2305 3660 2361 toleran-

2075 2400 2201 2454 tiam
2225 2401 2565 2471 approbabis.
2596 2401 2728 2455 Nam
2757 2402 2802 2456 si
2839 2401 2906 2456 ab
2933 2414 3252 2470 unoquoque
3276 2400 3453 2454 statim
3481 2414 3510 2452 a
3540 2413 3663 2468 pec-

2073 2495 2207 2548 catis
2233 2493 2480 2548 admissis
2509 2508 2664 2564 poena
2703 2492 2956 2559 daretur,
2983 2491 3185 2562 jamdiu
3217 2504 3386 2560 genus
3415 2498 3654 2544 nostrum

2073 2587 2140 2642 de
2157 2585 2332 2641 medio
2353 2585 2621 2641 sublatum
2653 2583 2859 2639 fuisset.
2881 2583 3004 2649 Qui:
3022 2584 3152 2639 enim
3173 2582 3472 2653 gloriabitur
3491 2598 3545 2635 se
3565 2598 3662 2650 pu-

2072 2695 2185 2731 rum
2208 2679 2389 2731 habere
2408 2693 2515 2742 cor,
2535 2685 2622 2730 aut
2650 2676 2761 2745 quis
2784 2675 3092 2743 conﬁdenter
3117 2674 3246 2727 dicet
3274 2689 3328 2727 se
3353 2689 3535 2742 purum
3555 2689 3664 2727 esse

2072 2785 2104 2822 a
2126 2769 2340 2839 peccatis
2362 2769 2380 2840 (
2405 2767 2560 2822 Prov.
2587 2766 2681 2823 20.
2709 2767 2816 2838 9)?
2837 2766 2940 2822 Sed
2967 2765 3180 2836 quando
3209 2765 3298 2820 Dei
3323 2765 3660 2819 tolerantiam

2072 2877 2213 2932 aegre
2243 2861 2350 2916 fers
2375 2901 2391 2927 ,
2421 2869 2597 2916 tecum
2640 2868 2889 2914 accurate
2933 2867 3120 2929 reputa
3149 2873 3213 2912 ea
3251 2873 3370 2928 qua:
3397 2856 3658 2912 admisisti

2071 2953 2286 3017 delicta,
2312 2961 2365 3008 et
2391 2952 2458 3008 de
2489 2953 2743 3023 patientia
2772 2951 2860 3006 illa
2887 2951 3113 3022 gratiam
3145 2949 3388 3016 habebis,
3422 2951 3660 3004 toleran-

2073 3047 2309 3115 tiamque
2351 3045 2492 3100 illius
2537 3044 2913 3100 admiraberis.
2973 3042 3356 3109 Conturharis,
3409 3043 3656 3113 attgeris,

2068 3137 2252 3194 omnia
2281 3137 2508 3192 tumultu
2533 3136 2730 3208 reples,
2757 3137 2880 3207 quia
2908 3136 2997 3191 ille
3027 3144 3222 3206 praeter
3251 3137 3498 3192 meritum
3525 3135 3662 3190 dite-

2070 3232 2191 3296 scit,
2226 3239 2281 3285 et
2307 3230 2553 3284 clientela
2587 3231 2755 3284 multa
2787 3228 3002 3284 fruitur.
3039 3231 3226 3284 Annon
3255 3229 3409 3284 audis
3437 3229 3658 3299 psalmi-

2071 3334 2208 3378 stam
2247 3323 2508 3379 dicentem
2529 3365 2543 3389 ,
2578 3321 2662 3378 Ne
2706 3323 2931 3378 timueris
2956 3364 2970 3385 .
3000 3339 3113 3376 cum
3149 3322 3288 3376 dives
3318 3324 3481 3394 factus
3511 3322 3662 3394 fuerit

2011 3449 2016 3454 -
2072 3417 2220 3472 homo
2243 3417 2518 3486 :quoniam
2545 3433 2657 3470 cum
2685 3417 2949 3482 interierit,
2977 3433 3077 3469 non
3097 3425 3260 3471 sumet
3288 3417 3476 3482 omnia,
3502 3432 3665 3485 neque

2071 3509 2335 3563 descendet
2358 3525 2470 3561 cum
2499 3524 2556 3561 eo
2585 3506 2749 3576 gloria
2778 3509 2887 3579 ejus
2921 3509 2939 3579 (
2966 3506 3111 3561 Psaf.
3137 3506 3228 3562 48.
3263 3507 3352 3561 17.
3388 3508 3452 3561 18
3470 3506 3508 3574 ).
3542 3506 3662 3561 Non

2070 3599 2220 3654 audis
2245 3598 2558 3669 prophetam
2589 3613 2777 3666 magna
2803 3613 2932 3652 voce
2956 3597 3275 3650 clamantem
3299 3613 3315 3651 :
3343 3594 3520 3650 Omnis
3539 3611 3666 3648 caro

2071 3693 2258 3762 faenum
2279 3735 2293 3757 ,
2324 3701 2371 3746 et
2396 3693 2559 3747 omnis
2588 3693 2751 3762 gloria
2780 3692 2886 3762 ejus
2915 3690 3058 3760 quasi
3082 3691 3178 3759 flos
3205 3689 3327 3758 {mni
3365 3691 3384 3761 (
3408 3687 3534 3742 Isai.
3564 3688 3661 3743 40.

2070 3785 2166 3855 6).
2201 3786 2394 3838 Annon
2421 3783 2572 3838 vides
2596 3798 2715 3837 cum
2746 3780 3125 3852 prophetarum
3156 3780 3388 3834 oraculis
3418 3779 3662 3833 testium-

2071 3876 2216 3930 nium
2249 3873 2507 3929 ferentem
2549 3888 2726 3927 rerum
2759 3872 3083 3927 veritatem?
3111 3885 3288 3926 annon
3318 3871 3468 3926 vides
3496 3885 3666 3940 expe-

2069 3967 2312 4024 rientiam
2355 3973 2410 4021 et
2448 3964 2647 4020 exitum
2692 3979 2812 4018 cum
2860 3963 3017 4018 dictis
3054 3963 3313 4017 calculum
3359 3961 3662 4026 ferentem;

2070 4059 2198 4114 Cum
2223 4059 2500 4124 interierit,
2532 4072 2633 4111 non
2675 4065 2834 4111 sumet
2879 4055 3088 4109 omnia?
3126 4054 3263 4108 Audi
3303 4051 3402 4110 Job
3429 4054 3656 4123 idipsum

2069 4152 2334 4207 dicentem
2359 4191 2375 4216 ,
2413 4148 2598 4204 Nudus
2625 4164 2846 4220 egressus
2871 4163 2984 4201 sum
3025 4150 3088 4199 de
3116 4155 3256 4201 utero
3284 4145 3458 4198 matris
3497 4159 3622 4198 mea:
3640 4185 3656 4208 ,

2071 4251 2117 4298 et
2137 4242 2303 4296 nudus
2329 4249 2549 4295 revertar
2574 4241 2694 4293 illuc
2723 4237 2872 4310 (Job.
2904 4240 2956 4293 1.
2984 4237 3050 4292 21
3079 4235 3097 4309 )
3127 4255 3140 4292 :
3167 4237 3406 4308 quoniam
3435 4251 3548 4288 cum
3574 4236 3659 4288 in-

2070 4336 2275 4399 terierit,
2299 4351 2399 4388 non
2423 4341 2584 4388 sumet
2609 4331 2777 4386 omnia
2803 4328 2972 4402 (Psal.
3006 4329 3096 4384 48.
3122 4326 3244 4400 18).
3271 4327 3404 4383 Audi
3436 4326 3660 4381 Paulum

2071 4430 2257 4486 eadem
2286 4428 2398 4500 ipsa
2440 4424 2905 4499 philosophantem
2935 4465 2948 4488 ,
2978 4421 3128 4476 Nihil
3155 4419 3496 4475 intulimus'in
3526 4419 3660 4472 hunc

2071 4523 2317 4578 mundum
2341 4565 2356 4587 ,
2387 4520 2523 4574 haud
2555 4519 2762 4572 dubiant
2806 4517 2940 4588 quod
2985 4532 3074 4569 nec
3104 4518 3306 4588 auferre
3329 4514 3450 4581 quid
3481 4527 3658 4581 possu-

2073 4633 2184 4690 qui:
2212 4614 2300 4688 (l.
2329 4612 2462 4666 Tim.
2489 4611 2541 4666 6.
2572 4611 2602 4664 7
2624 4611 2663 4680 ).
2691 4608 2770 4664 Tu
2803 4623 2931 4662 vero
2957 4607 3167 4661 beatum
3201 4604 3459 4676 praedicas
3487 4602 3663 4656 homi-

2074 4723 2220 4773 nem,
2251 4708 2341 4777 qui
2371 4705 2500 4759 nihil
2529 4703 2737 4758 auferre
2768 4709 2941 4771 potest
2967 4715 3153 4756 eorum
3178 4739 3192 4763 ,
3224 4715 3342 4768 qure
3370 4695 3662 4767 expediunt

2073 4798 2147 4854 illi
2179 4806 2374 4867 prmsto
2411 4809 2530 4849 esse
2560 4794 2612 4848 in
2653 4793 2740 4847 die
2763 4791 2943 4862 judicii
2966 4831 2979 4854 ,
3010 4800 3061 4845 et
3092 4805 3210 4860 quae
3235 4789 3403 4858 major
3429 4787 3666 4842 miserita

2074 4890 2208 4944 ratio
2237 4898 2395 4958 atque
2423 4885 2745 4942 infelicitatis
2769 4927 2783 4947 ,
2817 4884 2903 4938 dic
2939 4883 3067 4938 mihi
3091 4925 3107 4949 ,
3134 4897 3291 4953 quam
3317 4896 3434 4936 cum
3463 4881 3508 4934 is
3530 4922 3543 4940 ,
3570 4878 3662 4948 qui

2075 4981 2128 5036 in
2154 4981 2357 5037 deliciis
2380 4979 2530 5046 vixit,
2560 4979 2682 5033 hinc
2707 4977 2816 5032 abit
2841 4991 3045 5031 summa
3074 4990 3195 5030 cum
3224 4971 3552 5043 ignominia?
3582 4969 3659 5023 Tu

2074 5089 2202 5130 vero
2229 5075 2273 5128 si
2303 5087 2622 5144 quemquam
2651 5071 2962 5141 opulentum
3006 5078 3060 5123 et
3086 5075 3422 5136 arrogantem
3458 5063 3510 5116 in
3545 5061 3662 5115 foro

2074 5166 2306 5231 videres,
2342 5165 2393 5220 in
2421 5174 2672 5220 extranea
2699 5163 2916 5233 regione
2945 5162 3114 5216 multo
3143 5159 3346 5213 honore
3376 5156 3660 5217 fruentem,

2075 5260 2320 5330 parasitis
2344 5257 2814 5325 adulatoribusque
2844 5256 3095 5324 stipatqu
3119 5295 3133 5318 ,
3166 5251 3252 5306 ubi
3283 5259 3457 5302 autem
3487 5245 3540 5300 in
3570 5257 3666 5314 pa-

2078 5354 2229 5407 triam
2257 5351 2477 5416 rediret,
2500 5350 2629 5404 nihil
2658 5364 2839 5404 eorum
2868 5348 3173 5408 habentem,
3205 5343 3298 5399 sed
3327 5341 3549 5406 nudum,
3581 5338 3662 5393 in-

2075 5445 2323 5516 glorium,
2351 5443 2611 5499 mendicis
2649 5440 2972 5512 egentiorem
3015 5451 3076 5490 ac
3107 5435 3383 5490 viliorem:
3410 5448 3479 5486 an
3522 5429 3665 5485 hunc

2078 5536 2419 5591 armulatione
2465 5534 2680 5604 dignum
2727 5529 3018 5587 censeres?
3067 5542 3240 5581 annon
3297 5525 3474 5596 potius
3517 5525 3667 5579 illum

2079 5629 2333 5684 miserum
2371 5638 2426 5684 ct
2463 5627 2723 5682 infelicem
2769 5621 3016 5678 diceres?
3059 5621 3285 5691 idipsum
3326 5635 3450 5688 erga
3475 5619 3670 5674 divites

2083 5719 2256 5776 facito.
2289 5721 2355 5774 At
2389 5716 2600 5790 quidam
2630 5725 2751 5772 sunt
2771 5756 2784 5783 ,
2819 5713 2906 5786 qui
2953 5721 3229 5786 postquam
3269 5712 3365 5767 hos
3395 5711 3466 5767 de
3498 5708 3671 5782 philo-
