  <div class='ocr_page' id='page_1' title='image "/cluster/home/n/w/nwhite01/storage/ocr_20150623/50/hvd.32044069618742/361.png"; bbox 0 0 4092 6194; ppageno 0'>
   <div class='ocr_carea' id='block_1_1' title="bbox 471 265 578 322">
    <p class='ocr_par' dir='ltr' id='par_1_1' title="bbox 471 265 578 322">
     <span class='ocr_line' id='line_1_1' title="bbox 471 265 578 322; baseline 0 0"><span class='ocrx_word' id='word_1_1' title='bbox 471 265 578 322; x_wconf 73' lang='grc'><strong>763</strong></span> 
     </span>
    </p>
   </div>
   <div class='ocr_carea' id='block_1_2' title="bbox 478 381 2062 456">
    <p class='ocr_par' dir='ltr' id='par_1_2' title="bbox 478 381 2062 456">
     <span class='ocr_line' id='line_1_2' title="bbox 478 381 2062 456; baseline 0.004 -23"><span class='ocrx_word' id='word_1_2' title='bbox 478 381 666 450; x_wconf 78' lang='lat' dir='ltr'><strong>sophia</strong></span> <span class='ocrx_word' id='word_1_3' title='bbox 685 396 959 438; x_wconf 86' lang='lat' dir='ltr'><strong>sermones</strong></span> <span class='ocrx_word' id='word_1_4' title='bbox 972 384 1316 450; x_wconf 71' lang='lat' dir='ltr'><strong>moverimus,</strong></span> <span class='ocrx_word' id='word_1_5' title='bbox 1335 400 1484 438; x_wconf 92' lang='lat' dir='ltr'><strong>suum</strong></span> <span class='ocrx_word' id='word_1_6' title='bbox 1506 385 1878 456; x_wconf 84' lang='lat' dir='ltr'><strong>hireorumque</strong></span> <span class='ocrx_word' id='word_1_7' title='bbox 1897 383 2062 438; x_wconf 88' lang='lat' dir='ltr'><strong>instar</strong></span> 
     </span>
    </p>
   </div>
   <div class='ocr_carea' id='block_1_3' title="bbox 467 471 2060 544">
    <p class='ocr_par' dir='ltr' id='par_1_3' title="bbox 467 471 2060 544">
     <span class='ocr_line' id='line_1_3' title="bbox 467 471 2060 544; baseline 0.004 -20"><span class='ocrx_word' id='word_1_8' title='bbox 467 471 741 526; x_wconf 85' lang='lat' dir='ltr'><strong>abdomini</strong></span> <span class='ocrx_word' id='word_1_9' title='bbox 770 473 963 528; x_wconf 76' lang='lat' dir='ltr'><strong>addicti</strong></span> <span class='ocrx_word' id='word_1_10' title='bbox 985 516 1000 539; x_wconf 92' lang='lat'><strong>,</strong></span> <span class='ocrx_word' id='word_1_11' title='bbox 1035 474 1297 544; x_wconf 82' lang='lat' dir='ltr'><strong>rebusque</strong></span> <span class='ocrx_word' id='word_1_12' title='bbox 1351 474 1702 542; x_wconf 73' lang='lat' dir='ltr'><strong>praesentibus</strong></span> <span class='ocrx_word' id='word_1_13' title='bbox 1743 477 2060 543; x_wconf 74' lang='lat' dir='ltr'><strong>servientes,</strong></span> 
     </span>
    </p>
   </div>
   <div class='ocr_carea' id='block_1_4' title="bbox 475 563 2061 636">
    <p class='ocr_par' dir='ltr' id='par_1_4' title="bbox 475 563 2061 636">
     <span class='ocr_line' id='line_1_4' title="bbox 475 563 2061 636; baseline 0.007 -22"><span class='ocrx_word' id='word_1_14' title='bbox 475 563 607 616; x_wconf 87' lang='lat' dir='ltr'><strong>nihil</strong></span> <span class='ocrx_word' id='word_1_15' title='bbox 641 573 759 634; x_wconf 90' lang='lat' dir='ltr'><strong>post</strong></span> <span class='ocrx_word' id='word_1_16' title='bbox 787 565 1064 620; x_wconf 91' lang='lat' dir='ltr'><strong>decessum</strong></span> <span class='ocrx_word' id='word_1_17' title='bbox 1097 581 1375 636; x_wconf 90' lang='lat' dir='ltr'><strong>superesse</strong></span> <span class='ocrx_word' id='word_1_18' title='bbox 1418 568 1744 624; x_wconf 76' lang='lat' dir='ltr'><strong>arbitrantur</strong></span> <span class='ocrx_word' id='word_1_19' title='bbox 1773 585 1786 622; x_wconf 88' lang='lat'>:</span> <span class='ocrx_word' id='word_1_20' title='bbox 1819 570 1906 624; x_wconf 92' lang='lat' dir='ltr'><strong>alii</strong></span> <span class='ocrx_word' id='word_1_21' title='bbox 1935 586 2061 625; x_wconf 88' lang='lat' dir='ltr'><strong>vero</strong></span> 
     </span>
    </p>
   </div>
   <div class='ocr_carea' id='block_1_5' title="bbox 473 657 2062 731">
    <p class='ocr_par' dir='ltr' id='par_1_5' title="bbox 473 657 2062 731">
     <span class='ocr_line' id='line_1_5' title="bbox 473 657 2062 731; baseline 0.007 -23"><span class='ocrx_word' id='word_1_22' title='bbox 473 669 756 722; x_wconf 82' lang='lat' dir='ltr'><strong>superesse</strong></span> <span class='ocrx_word' id='word_1_23' title='bbox 779 657 992 725; x_wconf 89' lang='lat' dir='ltr'><strong>quidem</strong></span> <span class='ocrx_word' id='word_1_24' title='bbox 1021 657 1194 728; x_wconf 90' lang='lat' dir='ltr'><strong>aliqua</strong></span> <span class='ocrx_word' id='word_1_25' title='bbox 1221 668 1424 728; x_wconf 89' lang='lat' dir='ltr'><strong>putant,</strong></span> <span class='ocrx_word' id='word_1_26' title='bbox 1451 661 1543 715; x_wconf 90' lang='lat' dir='ltr'><strong>sed</strong></span> <span class='ocrx_word' id='word_1_27' title='bbox 1573 661 1852 731; x_wconf 67' lang='lat' dir='ltr'><strong>praesentia</strong></span> <span class='ocrx_word' id='word_1_28' title='bbox 1873 662 2062 719; x_wconf 90' lang='lat' dir='ltr'><strong>futuris</strong></span> 
     </span>
    </p>
   </div>
   <div class='ocr_carea' id='block_1_6' title="bbox 479 747 2061 822">
    <p class='ocr_par' dir='ltr' id='par_1_6' title="bbox 479 747 2061 822">
     <span class='ocr_line' id='line_1_6' title="bbox 479 747 2061 822; baseline 0.009 -26"><span class='ocrx_word' id='word_1_29' title='bbox 479 756 827 814; x_wconf 88' lang='lat' dir='ltr'><strong>anteponunt.</strong></span> <span class='ocrx_word' id='word_1_30' title='bbox 869 747 1062 802; x_wconf 86' lang='lat' dir='ltr'><strong>Contra</strong></span> <span class='ocrx_word' id='word_1_31' title='bbox 1104 764 1200 803; x_wconf 89' lang='lat' dir='ltr'><strong>eos</strong></span> <span class='ocrx_word' id='word_1_32' title='bbox 1239 759 1452 815; x_wconf 88' lang='lat' dir='ltr'><strong>autem,</strong></span> <span class='ocrx_word' id='word_1_33' title='bbox 1485 752 1574 822; x_wconf 91' lang='lat' dir='ltr'><strong>qui</strong></span> <span class='ocrx_word' id='word_1_34' title='bbox 1616 753 1746 806; x_wconf 82' lang='lat' dir='ltr'><strong>nihil</strong></span> <span class='ocrx_word' id='word_1_35' title='bbox 1778 768 2061 822; x_wconf 88' lang='lat' dir='ltr'><strong>superesse</strong></span> 
     </span>
    </p>
   </div>
   <div class='ocr_carea' id='block_1_7' title="bbox 471 836 2062 905">
    <p class='ocr_par' dir='ltr' id='par_1_7' title="bbox 471 836 2062 905">
     <span class='ocr_line' id='line_1_7' title="bbox 471 836 2062 905; baseline 0.009 -17"><span class='ocrx_word' id='word_1_36' title='bbox 471 844 677 905; x_wconf 89' lang='lat' dir='ltr'><strong>putant,</strong></span> <span class='ocrx_word' id='word_1_37' title='bbox 696 836 788 891; x_wconf 83' lang='lat' dir='ltr'><strong>sed</strong></span> <span class='ocrx_word' id='word_1_38' title='bbox 809 838 1121 893; x_wconf 78' lang='lat' dir='ltr'><strong>exstinctam</strong></span> <span class='ocrx_word' id='word_1_39' title='bbox 1143 841 1373 895; x_wconf 89' lang='lat' dir='ltr'><strong>animam</strong></span> <span class='ocrx_word' id='word_1_40' title='bbox 1394 843 1592 897; x_wconf 92' lang='lat' dir='ltr'><strong>nullam</strong></span> <span class='ocrx_word' id='word_1_41' title='bbox 1609 843 1930 898; x_wconf 85' lang='lat' dir='ltr'><strong>reddituram</strong></span> <span class='ocrx_word' id='word_1_42' title='bbox 1943 861 2062 902; x_wconf 88' lang='lat' dir='ltr'><strong>esse</strong></span> 
     </span>
    </p>
   </div>
   <div class='ocr_carea' id='block_1_8' title="bbox 470 925 2056 1001">
    <p class='ocr_par' dir='ltr' id='par_1_8' title="bbox 470 925 2056 1001">
     <span class='ocr_line' id='line_1_8' title="bbox 470 925 2056 1001; baseline 0.008 -24"><span class='ocrx_word' id='word_1_43' title='bbox 470 925 729 980; x_wconf 84' lang='lat' dir='ltr'><strong>rationem</strong></span> <span class='ocrx_word' id='word_1_44' title='bbox 753 969 766 991; x_wconf 94' lang='lat'><strong>,</strong></span> <span class='ocrx_word' id='word_1_45' title='bbox 797 943 896 983; x_wconf 92' lang='lat' dir='ltr'><strong>nec</strong></span> <span class='ocrx_word' id='word_1_46' title='bbox 942 945 1151 999; x_wconf 80' lang='lat' dir='ltr'><strong>pcenatn</strong></span> <span class='ocrx_word' id='word_1_47' title='bbox 1201 933 1494 988; x_wconf 84' lang='lat' dir='ltr'><strong>subituram</strong></span> <span class='ocrx_word' id='word_1_48' title='bbox 1536 950 1655 990; x_wconf 83' lang='lat' dir='ltr'><strong>esse</strong></span> <span class='ocrx_word' id='word_1_49' title='bbox 1695 935 2056 1001; x_wconf 87' lang='lat' dir='ltr'><strong>arbitrantur,</strong></span> 
     </span>
    </p>
   </div>
   <div class='ocr_carea' id='block_1_9' title="bbox 472 1021 2060 1089">
    <p class='ocr_par' dir='ltr' id='par_1_9' title="bbox 472 1021 2060 1089">
     <span class='ocr_line' id='line_1_9' title="bbox 472 1021 2060 1089; baseline 0.009 -21"><span class='ocrx_word' id='word_1_50' title='bbox 472 1025 652 1085; x_wconf 90' lang='lat' dir='ltr'><strong>utpote</strong></span> <span class='ocrx_word' id='word_1_51' title='bbox 672 1028 858 1073; x_wconf 89' lang='lat' dir='ltr'><strong>contra</strong></span> <span class='ocrx_word' id='word_1_52' title='bbox 884 1021 1100 1076; x_wconf 89' lang='lat' dir='ltr'><strong>insanos</strong></span> <span class='ocrx_word' id='word_1_53' title='bbox 1118 1031 1171 1077; x_wconf 91' lang='lat' dir='ltr'><strong>et</strong></span> <span class='ocrx_word' id='word_1_54' title='bbox 1192 1021 1437 1089; x_wconf 81' lang='lat' dir='ltr'><strong>furiosos,</strong></span> <span class='ocrx_word' id='word_1_55' title='bbox 1457 1025 1740 1081; x_wconf 90' lang='lat' dir='ltr'><strong>ridiculum</strong></span> <span class='ocrx_word' id='word_1_56' title='bbox 1765 1026 1898 1082; x_wconf 90' lang='lat' dir='ltr'><strong>forte</strong></span> <span class='ocrx_word' id='word_1_57' title='bbox 1917 1037 2060 1082; x_wconf 87' lang='lat' dir='ltr'><strong>esset</strong></span> 
     </span>
    </p>
   </div>
   <div class='ocr_carea' id='block_1_10' title="bbox 468 1107 2058 1183">
    <p class='ocr_par' dir='ltr' id='par_1_10' title="bbox 468 1107 2058 1183">
     <span class='ocr_line' id='line_1_10' title="bbox 468 1107 2058 1183; baseline 0.009 -24"><span class='ocrx_word' id='word_1_58' title='bbox 468 1107 668 1163; x_wconf 85' lang='lat' dir='ltr'><strong>dicere.</strong></span> <span class='ocrx_word' id='word_1_59' title='bbox 701 1109 885 1180; x_wconf 90' lang='lat' dir='ltr'><strong>Neque</strong></span> <span class='ocrx_word' id='word_1_60' title='bbox 911 1115 1054 1166; x_wconf 86' lang='lat' dir='ltr'><strong>enim</strong></span> <span class='ocrx_word' id='word_1_61' title='bbox 1101 1114 1145 1168; x_wconf 87' lang='lat' dir='ltr'><strong>si</strong></span> <span class='ocrx_word' id='word_1_62' title='bbox 1176 1116 1294 1183; x_wconf 89' lang='lat' dir='ltr'><strong>quis</strong></span> <span class='ocrx_word' id='word_1_63' title='bbox 1325 1116 1375 1168; x_wconf 92' lang='lat' dir='ltr'><strong>in</strong></span> <span class='ocrx_word' id='word_1_64' title='bbox 1421 1117 1508 1171; x_wconf 90' lang='lat' dir='ltr'><strong>die</strong></span> <span class='ocrx_word' id='word_1_65' title='bbox 1545 1117 1748 1173; x_wconf 88' lang='lat' dir='ltr'><strong>dubitet</strong></span> <span class='ocrx_word' id='word_1_66' title='bbox 1793 1135 1915 1172; x_wconf 89' lang='lat' dir='ltr'><strong>num</strong></span> <span class='ocrx_word' id='word_1_67' title='bbox 1945 1119 2058 1173; x_wconf 90' lang='lat' dir='ltr'><strong>dies</strong></span> 
     </span>
    </p>
   </div>
   <div class='ocr_carea' id='block_1_11' title="bbox 471 1199 2056 1279">
    <p class='ocr_par' dir='ltr' id='par_1_11' title="bbox 471 1199 2056 1279">
     <span class='ocr_line' id='line_1_11' title="bbox 471 1199 2056 1279; baseline 0.008 -29"><span class='ocrx_word' id='word_1_68' title='bbox 471 1199 576 1262; x_wconf 91' lang='lat' dir='ltr'><strong>sit,</strong></span> <span class='ocrx_word' id='word_1_69' title='bbox 610 1208 663 1254; x_wconf 90' lang='lat' dir='ltr'><strong>et</strong></span> <span class='ocrx_word' id='word_1_70' title='bbox 690 1200 759 1256; x_wconf 93' lang='lat' dir='ltr'><strong>de</strong></span> <span class='ocrx_word' id='word_1_71' title='bbox 786 1202 1034 1257; x_wconf 89' lang='lat' dir='ltr'><strong>omnibus</strong></span> <span class='ocrx_word' id='word_1_72' title='bbox 1059 1221 1176 1273; x_wconf 69' lang='lat' dir='ltr'><strong>quae</strong></span> <span class='ocrx_word' id='word_1_73' title='bbox 1209 1205 1260 1259; x_wconf 92' lang='lat' dir='ltr'><strong>in</strong></span> <span class='ocrx_word' id='word_1_74' title='bbox 1287 1206 1534 1262; x_wconf 88' lang='lat' dir='ltr'><strong>confesso</strong></span> <span class='ocrx_word' id='word_1_75' title='bbox 1562 1218 1688 1262; x_wconf 91' lang='lat' dir='ltr'><strong>sunt</strong></span> <span class='ocrx_word' id='word_1_76' title='bbox 1711 1210 2056 1279; x_wconf 67' lang='lat' dir='ltr'><strong>qurestionem</strong></span> 
     </span>
    </p>
   </div>
   <div class='ocr_carea' id='block_1_12' title="bbox 473 1294 2057 1370">
    <p class='ocr_par' dir='ltr' id='par_1_12' title="bbox 473 1294 2057 1370">
     <span class='ocr_line' id='line_1_12' title="bbox 473 1294 2057 1370; baseline 0.01 -27"><span class='ocrx_word' id='word_1_77' title='bbox 473 1300 704 1356; x_wconf 85' lang='lat' dir='ltr'><strong>moveat,</strong></span> <span class='ocrx_word' id='word_1_78' title='bbox 736 1308 766 1348; x_wconf 94' lang='lat' dir='ltr'><strong>e</strong></span> <span class='ocrx_word' id='word_1_79' title='bbox 792 1309 850 1348; x_wconf 88' lang='lat' dir='ltr'><strong>re</strong></span> <span class='ocrx_word' id='word_1_80' title='bbox 881 1294 1038 1350; x_wconf 87' lang='lat' dir='ltr'><strong>fuerit</strong></span> <span class='ocrx_word' id='word_1_81' title='bbox 1078 1297 1152 1352; x_wconf 93' lang='lat' dir='ltr'><strong>illi</strong></span> <span class='ocrx_word' id='word_1_82' title='bbox 1184 1299 1361 1353; x_wconf 80' lang='lat' dir='ltr'><strong>verbis</strong></span> <span class='ocrx_word' id='word_1_83' title='bbox 1389 1301 1729 1370; x_wconf 87' lang='lat' dir='ltr'><strong>persuadere,</strong></span> <span class='ocrx_word' id='word_1_84' title='bbox 1762 1309 1818 1358; x_wconf 88' lang='lat' dir='ltr'><strong>et</strong></span> <span class='ocrx_word' id='word_1_85' title='bbox 1845 1318 1964 1357; x_wconf 87' lang='lat' dir='ltr'><strong>eum</strong></span> <span class='ocrx_word' id='word_1_86' title='bbox 1991 1305 2057 1359; x_wconf 89' lang='lat' dir='ltr'><strong>ad</strong></span> 
     </span>
    </p>
   </div>
   <div class='ocr_carea' id='block_1_13' title="bbox 470 1383 2056 1450">
    <p class='ocr_par' dir='ltr' id='par_1_13' title="bbox 470 1383 2056 1450">
     <span class='ocr_line' id='line_1_13' title="bbox 470 1383 2056 1450; baseline 0.009 -14"><span class='ocrx_word' id='word_1_87' title='bbox 470 1383 788 1437; x_wconf 90' lang='lat' dir='ltr'><strong>sententiam</strong></span> <span class='ocrx_word' id='word_1_88' title='bbox 817 1385 1102 1442; x_wconf 86' lang='lat' dir='ltr'><strong>adducere.</strong></span> <span class='ocrx_word' id='word_1_89' title='bbox 1133 1389 1380 1444; x_wconf 85' lang='lat' dir='ltr'><strong>Attamen</strong></span> <span class='ocrx_word' id='word_1_90' title='bbox 1419 1391 1654 1446; x_wconf 90' lang='lat' dir='ltr'><strong>caritatis</strong></span> <span class='ocrx_word' id='word_1_91' title='bbox 1681 1403 1870 1448; x_wconf 79' lang='lat' dir='ltr'><strong>vestrze</strong></span> <span class='ocrx_word' id='word_1_92' title='bbox 1895 1410 2056 1450; x_wconf 85' lang='lat' dir='ltr'><strong>causa</strong></span> 
     </span>
    </p>
   </div>
   <div class='ocr_carea' id='block_1_14' title="bbox 470 1473 2056 1552">
    <p class='ocr_par' dir='ltr' id='par_1_14' title="bbox 470 1473 2056 1552">
     <span class='ocr_line' id='line_1_14' title="bbox 470 1473 2056 1552; baseline 0.011 -28"><span class='ocrx_word' id='word_1_93' title='bbox 470 1488 590 1541; x_wconf 71' lang='lat' dir='ltr'><strong>eum</strong></span> <span class='ocrx_word' id='word_1_94' title='bbox 619 1473 709 1529; x_wconf 90' lang='lat' dir='ltr'><strong>illo</strong></span> <span class='ocrx_word' id='word_1_95' title='bbox 735 1490 946 1545; x_wconf 91' lang='lat' dir='ltr'><strong>quoque</strong></span> <span class='ocrx_word' id='word_1_96' title='bbox 971 1477 1360 1546; x_wconf 85' lang='lat' dir='ltr'><strong>disputabimus</strong></span> <span class='ocrx_word' id='word_1_97' title='bbox 1384 1522 1398 1545; x_wconf 92' lang='lat'><strong>,</strong></span> <span class='ocrx_word' id='word_1_98' title='bbox 1425 1483 1873 1552; x_wconf 89' lang='lat' dir='ltr'><strong>quemadmodum</strong></span> <span class='ocrx_word' id='word_1_99' title='bbox 1903 1487 2056 1542; x_wconf 89' lang='lat' dir='ltr'><strong>nobis</strong></span> 
     </span>
    </p>
   </div>
   <div class='ocr_carea' id='block_1_15' title="bbox 472 1565 2056 1646">
    <p class='ocr_par' dir='ltr' id='par_1_15' title="bbox 472 1565 2056 1646">
     <span class='ocr_line' id='line_1_15' title="bbox 472 1565 2056 1646; baseline 0.01 -28"><span class='ocrx_word' id='word_1_100' title='bbox 472 1565 563 1618; x_wconf 88' lang='lat' dir='ltr'><strong>Dei</strong></span> <span class='ocrx_word' id='word_1_101' title='bbox 586 1567 754 1636; x_wconf 89' lang='lat' dir='ltr'><strong>gratia</strong></span> <span class='ocrx_word' id='word_1_102' title='bbox 790 1567 1015 1623; x_wconf 90' lang='lat' dir='ltr'><strong>dederit.</strong></span> <span class='ocrx_word' id='word_1_103' title='bbox 1043 1569 1182 1638; x_wconf 88' lang='lat' dir='ltr'><strong>Quid</strong></span> <span class='ocrx_word' id='word_1_104' title='bbox 1212 1571 1375 1638; x_wconf 74' lang='lat' dir='ltr'><strong>dicis,</strong></span> <span class='ocrx_word' id='word_1_105' title='bbox 1404 1573 1584 1640; x_wconf 90' lang='lat' dir='ltr'><strong>homo,</strong></span> <span class='ocrx_word' id='word_1_106' title='bbox 1615 1575 1741 1630; x_wconf 91' lang='lat' dir='ltr'><strong>nihil</strong></span> <span class='ocrx_word' id='word_1_107' title='bbox 1771 1586 1892 1646; x_wconf 85' lang='lat' dir='ltr'><strong>post</strong></span> <span class='ocrx_word' id='word_1_108' title='bbox 1921 1578 2056 1636; x_wconf 91' lang='lat' dir='ltr'><strong>hanc</strong></span> 
     </span>
    </p>
   </div>
   <div class='ocr_carea' id='block_1_16' title="bbox 467 1649 2056 1738">
    <p class='ocr_par' dir='ltr' id='par_1_16' title="bbox 467 1649 2056 1738">
     <span class='ocr_line' id='line_1_16' title="bbox 467 1649 2056 1738; baseline 0.012 -32"><span class='ocrx_word' id='word_1_109' title='bbox 467 1655 629 1708; x_wconf 91' lang='lat' dir='ltr'><strong>vitam</strong></span> <span class='ocrx_word' id='word_1_110' title='bbox 643 1671 763 1712; x_wconf 91' lang='lat' dir='ltr'><strong>esse</strong></span> <span class='ocrx_word' id='word_1_111' title='bbox 785 1659 972 1727; x_wconf 90' lang='lat' dir='ltr'><strong>putas?</strong></span> <span class='ocrx_word' id='word_1_112' title='bbox 997 1659 1048 1714; x_wconf 94' lang='lat' dir='ltr'><strong>Id</strong></span> <span class='ocrx_word' id='word_1_113' title='bbox 1067 1663 1205 1715; x_wconf 80' lang='lat' dir='ltr'><strong>enim</strong></span> <span class='ocrx_word' id='word_1_114' title='bbox 1229 1649 1449 1719; x_wconf 79' lang='lat' dir='ltr'><strong>necesse</strong></span> <span class='ocrx_word' id='word_1_115' title='bbox 1469 1674 1551 1720; x_wconf 89' lang='lat' dir='ltr'><strong>est</strong></span> <span class='ocrx_word' id='word_1_116' title='bbox 1567 1665 1770 1734; x_wconf 90' lang='lat' dir='ltr'><strong>dicere,</strong></span> <span class='ocrx_word' id='word_1_117' title='bbox 1788 1671 2056 1738; x_wconf 88' lang='lat' dir='ltr'><strong>quomodo</strong></span> 
     </span>
    </p>
   </div>
   <div class='ocr_carea' id='block_1_17' title="bbox 470 1749 2054 1829">
    <p class='ocr_par' dir='ltr' id='par_1_17' title="bbox 470 1749 2054 1829">
     <span class='ocr_line' id='line_1_17' title="bbox 470 1749 2054 1829; baseline 0.009 -29"><span class='ocrx_word' id='word_1_118' title='bbox 470 1762 568 1802; x_wconf 92' lang='lat' dir='ltr'><strong>ceu</strong></span> <span class='ocrx_word' id='word_1_119' title='bbox 600 1749 858 1804; x_wconf 91' lang='lat' dir='ltr'><strong>malorum</strong></span> <span class='ocrx_word' id='word_1_120' title='bbox 901 1753 1249 1820; x_wconf 91' lang='lat' dir='ltr'><strong>quorumdam</strong></span> <span class='ocrx_word' id='word_1_121' title='bbox 1290 1756 1541 1826; x_wconf 77' lang='lat' dir='ltr'><strong>gradibus</strong></span> <span class='ocrx_word' id='word_1_122' title='bbox 1564 1798 1580 1824; x_wconf 94' lang='lat'><strong>,</strong></span> <span class='ocrx_word' id='word_1_123' title='bbox 1612 1774 1733 1814; x_wconf 92' lang='lat' dir='ltr'><strong>eum</strong></span> <span class='ocrx_word' id='word_1_124' title='bbox 1759 1761 1849 1829; x_wconf 88' lang='lat' dir='ltr'><strong>qui</strong></span> <span class='ocrx_word' id='word_1_125' title='bbox 1889 1761 2054 1816; x_wconf 88' lang='lat' dir='ltr'><strong>semel</strong></span> 
     </span>
    </p>
   </div>
   <div class='ocr_carea' id='block_1_18' title="bbox 467 1840 2055 1915">
    <p class='ocr_par' dir='ltr' id='par_1_18' title="bbox 467 1840 2055 1915">
     <span class='ocr_line' id='line_1_18' title="bbox 467 1840 2055 1915; baseline 0.011 -25"><span class='ocrx_word' id='word_1_126' title='bbox 467 1853 496 1890; x_wconf 90' lang='lat' dir='ltr'><strong>a</strong></span> <span class='ocrx_word' id='word_1_127' title='bbox 523 1840 757 1894; x_wconf 88' lang='lat' dir='ltr'><strong>veritatis</strong></span> <span class='ocrx_word' id='word_1_128' title='bbox 779 1844 988 1898; x_wconf 89' lang='lat' dir='ltr'><strong>tramite</strong></span> <span class='ocrx_word' id='word_1_129' title='bbox 1008 1844 1248 1914; x_wconf 71' lang='lat' dir='ltr'><strong>dejt-ctus</strong></span> <span class='ocrx_word' id='word_1_130' title='bbox 1277 1846 1454 1915; x_wconf 90' lang='lat' dir='ltr'><strong>fuerit,</strong></span> <span class='ocrx_word' id='word_1_131' title='bbox 1485 1849 1538 1903; x_wconf 91' lang='lat' dir='ltr'><strong>in</strong></span> <span class='ocrx_word' id='word_1_132' title='bbox 1563 1848 1882 1906; x_wconf 90' lang='lat' dir='ltr'><strong>deteriorem</strong></span> <span class='ocrx_word' id='word_1_133' title='bbox 1909 1867 2055 1908; x_wconf 86' lang='lat' dir='ltr'><strong>sem-</strong></span> 
     </span>
    </p>
   </div>
   <div class='ocr_carea' id='block_1_19' title="bbox 473 1935 2052 2006">
    <p class='ocr_par' dir='ltr' id='par_1_19' title="bbox 473 1935 2052 2006">
     <span class='ocr_line' id='line_1_19' title="bbox 473 1935 2052 2006; baseline 0.009 -21"><span class='ocrx_word' id='word_1_134' title='bbox 473 1946 571 2000; x_wconf 88' lang='lat' dir='ltr'><strong>per</strong></span> <span class='ocrx_word' id='word_1_135' title='bbox 597 1935 914 1989; x_wconf 89' lang='lat' dir='ltr'><strong>sententiam</strong></span> <span class='ocrx_word' id='word_1_136' title='bbox 945 1937 1158 2006; x_wconf 88' lang='lat' dir='ltr'><strong>projicit</strong></span> <span class='ocrx_word' id='word_1_137' title='bbox 1181 1938 1442 1997; x_wconf 88' lang='lat' dir='ltr'><strong>diabolus.</strong></span> <span class='ocrx_word' id='word_1_138' title='bbox 1473 1941 1848 1999; x_wconf 84' lang='lat' dir='ltr'><strong>Animadverte</strong></span> <span class='ocrx_word' id='word_1_139' title='bbox 1870 1944 2012 1999; x_wconf 92' lang='lat' dir='ltr'><strong>enim</strong></span> <span class='ocrx_word' id='word_1_140' title='bbox 2036 1961 2052 1999; x_wconf 92' lang='lat'><strong>:</strong></span> 
     </span>
    </p>
   </div>
   <div class='ocr_carea' id='block_1_20' title="bbox 473 2025 2057 2107">
    <p class='ocr_par' dir='ltr' id='par_1_20' title="bbox 473 2025 2057 2107">
     <span class='ocr_line' id='line_1_20' title="bbox 473 2025 2057 2107; baseline 0.01 -30"><span class='ocrx_word' id='word_1_141' title='bbox 473 2025 737 2090; x_wconf 84' lang='lat' dir='ltr'><strong>persuasit</strong></span> <span class='ocrx_word' id='word_1_142' title='bbox 767 2030 1189 2098; x_wconf 86' lang='lat' dir='ltr'><strong>temperantiam,</strong></span> <span class='ocrx_word' id='word_1_143' title='bbox 1214 2033 1515 2102; x_wconf 81' lang='lat' dir='ltr'><strong>:equitatem</strong></span> <span class='ocrx_word' id='word_1_144' title='bbox 1541 2045 1868 2107; x_wconf 69' lang='lat' dir='ltr'><strong>caaterasque</strong></span> <span class='ocrx_word' id='word_1_145' title='bbox 1891 2039 2057 2093; x_wconf 90' lang='lat' dir='ltr'><strong>virtu-</strong></span> 
     </span>
    </p>
   </div>
   <div class='ocr_carea' id='block_1_21' title="bbox 471 2116 2056 2199">
    <p class='ocr_par' dir='ltr' id='par_1_21' title="bbox 471 2116 2056 2199">
     <span class='ocr_line' id='line_1_21' title="bbox 471 2116 2056 2199; baseline 0.011 -32"><span class='ocrx_word' id='word_1_146' title='bbox 471 2122 551 2168; x_wconf 91' lang='lat' dir='ltr'><strong>tes</strong></span> <span class='ocrx_word' id='word_1_147' title='bbox 574 2116 860 2187; x_wconf 79' lang='lat' dir='ltr'><strong>negligere,</strong></span> <span class='ocrx_word' id='word_1_148' title='bbox 886 2120 1124 2188; x_wconf 82' lang='lat' dir='ltr'><strong>improbe</strong></span> <span class='ocrx_word' id='word_1_149' title='bbox 1147 2123 1325 2178; x_wconf 89' lang='lat' dir='ltr'><strong>vivere</strong></span> <span class='ocrx_word' id='word_1_150' title='bbox 1350 2122 1494 2191; x_wconf 88' lang='lat' dir='ltr'><strong>fecit,</strong></span> <span class='ocrx_word' id='word_1_151' title='bbox 1515 2140 1577 2180; x_wconf 91' lang='lat' dir='ltr'><strong>ac</strong></span> <span class='ocrx_word' id='word_1_152' title='bbox 1605 2127 1673 2182; x_wconf 90' lang='lat' dir='ltr'><strong>de</strong></span> <span class='ocrx_word' id='word_1_153' title='bbox 1703 2128 1908 2199; x_wconf 91' lang='lat' dir='ltr'><strong>reliquo</strong></span> <span class='ocrx_word' id='word_1_154' title='bbox 1936 2129 2056 2186; x_wconf 93' lang='lat' dir='ltr'><strong>illos</strong></span> 
     </span>
    </p>
   </div>
   <div class='ocr_carea' id='block_1_22' title="bbox 468 2210 2056 2288">
    <p class='ocr_par' dir='ltr' id='par_1_22' title="bbox 468 2210 2056 2288">
     <span class='ocr_line' id='line_1_22' title="bbox 468 2210 2056 2288; baseline 0.012 -31"><span class='ocrx_word' id='word_1_155' title='bbox 468 2219 646 2273; x_wconf 67' lang='lat' dir='ltr'><strong>pravae</strong></span> <span class='ocrx_word' id='word_1_156' title='bbox 683 2210 1022 2265; x_wconf 72' lang='lat' dir='ltr'><strong>conscientiae</strong></span> <span class='ocrx_word' id='word_1_157' title='bbox 1069 2212 1387 2279; x_wconf 89' lang='lat' dir='ltr'><strong>assuefecit,</strong></span> <span class='ocrx_word' id='word_1_158' title='bbox 1430 2216 1677 2286; x_wconf 91' lang='lat' dir='ltr'><strong>ipsosque</strong></span> <span class='ocrx_word' id='word_1_159' title='bbox 1720 2217 1966 2288; x_wconf 81' lang='lat' dir='ltr'><strong>induxit,</strong></span> <span class='ocrx_word' id='word_1_160' title='bbox 1999 2230 2056 2276; x_wconf 88' lang='lat' dir='ltr'><strong>ut</strong></span> 
     </span>
    </p>
   </div>
   <div class='ocr_carea' id='block_1_23' title="bbox 470 2298 2052 2372">
    <p class='ocr_par' dir='ltr' id='par_1_23' title="bbox 470 2298 2052 2372">
     <span class='ocr_line' id='line_1_23' title="bbox 470 2298 2052 2372; baseline 0.01 -22"><span class='ocrx_word' id='word_1_161' title='bbox 470 2311 690 2352; x_wconf 89' lang='lat' dir='ltr'><strong>suorum</strong></span> <span class='ocrx_word' id='word_1_162' title='bbox 734 2298 1029 2357; x_wconf 91' lang='lat' dir='ltr'><strong>facinorum</strong></span> <span class='ocrx_word' id='word_1_163' title='bbox 1057 2319 1270 2372; x_wconf 73' lang='lat' dir='ltr'><strong>poenam</strong></span> <span class='ocrx_word' id='word_1_164' title='bbox 1301 2305 1354 2358; x_wconf 93' lang='lat' dir='ltr'><strong>in</strong></span> <span class='ocrx_word' id='word_1_165' title='bbox 1385 2305 1517 2360; x_wconf 91' lang='lat' dir='ltr'><strong>alios</strong></span> <span class='ocrx_word' id='word_1_166' title='bbox 1549 2308 1838 2365; x_wconf 80' lang='lat' dir='ltr'><strong>transferre</strong></span> <span class='ocrx_word' id='word_1_167' title='bbox 1867 2311 2052 2366; x_wconf 82' lang='lat' dir='ltr'><strong>stude-</strong></span> 
     </span>
    </p>
   </div>
   <div class='ocr_carea' id='block_1_24' title="bbox 470 2393 2056 2463">
    <p class='ocr_par' dir='ltr' id='par_1_24' title="bbox 470 2393 2056 2463">
     <span class='ocr_line' id='line_1_24' title="bbox 470 2393 2056 2463; baseline 0.01 -22"><span class='ocrx_word' id='word_1_168' title='bbox 470 2397 610 2456; x_wconf 89' lang='lat' dir='ltr'><strong>rent,</strong></span> <span class='ocrx_word' id='word_1_169' title='bbox 639 2403 760 2443; x_wconf 93' lang='lat' dir='ltr'><strong>cum</strong></span> <span class='ocrx_word' id='word_1_170' title='bbox 787 2393 1110 2460; x_wconf 89' lang='lat' dir='ltr'><strong>oportuisset</strong></span> <span class='ocrx_word' id='word_1_171' title='bbox 1137 2409 1168 2448; x_wconf 90' lang='lat' dir='ltr'><strong>a</strong></span> <span class='ocrx_word' id='word_1_172' title='bbox 1197 2395 1428 2463; x_wconf 82' lang='lat' dir='ltr'><strong>nequitia</strong></span> <span class='ocrx_word' id='word_1_173' title='bbox 1459 2397 1731 2454; x_wconf 89' lang='lat' dir='ltr'><strong>recedere.</strong></span> <span class='ocrx_word' id='word_1_174' title='bbox 1760 2401 1827 2453; x_wconf 90' lang='lat' dir='ltr'><strong>At</strong></span> <span class='ocrx_word' id='word_1_175' title='bbox 1852 2400 1927 2454; x_wconf 89' lang='lat' dir='ltr'><strong>illi</strong></span> <span class='ocrx_word' id='word_1_176' title='bbox 1952 2403 2056 2457; x_wconf 89' lang='lat' dir='ltr'><strong>hoc</strong></span> 
     </span>
    </p>
   </div>
   <div class='ocr_carea' id='block_1_25' title="bbox 467 2479 2053 2560">
    <p class='ocr_par' dir='ltr' id='par_1_25' title="bbox 467 2479 2053 2560">
     <span class='ocr_line' id='line_1_25' title="bbox 467 2479 2053 2560; baseline 0.011 -29"><span class='ocrx_word' id='word_1_177' title='bbox 467 2479 687 2534; x_wconf 88' lang='lat' dir='ltr'><strong>minime</strong></span> <span class='ocrx_word' id='word_1_178' title='bbox 718 2482 988 2548; x_wconf 89' lang='lat' dir='ltr'><strong>fecerunt;</strong></span> <span class='ocrx_word' id='word_1_179' title='bbox 1029 2485 1122 2539; x_wconf 92' lang='lat' dir='ltr'><strong>sed</strong></span> <span class='ocrx_word' id='word_1_180' title='bbox 1166 2485 1466 2556; x_wconf 88' lang='lat' dir='ltr'><strong>improbum</strong></span> <span class='ocrx_word' id='word_1_181' title='bbox 1497 2489 1686 2560; x_wconf 88' lang='lat' dir='ltr'><strong>dogma</strong></span> <span class='ocrx_word' id='word_1_182' title='bbox 1712 2533 1727 2556; x_wconf 94' lang='lat'><strong>,</strong></span> <span class='ocrx_word' id='word_1_183' title='bbox 1759 2491 2053 2548; x_wconf 90' lang='lat' dir='ltr'><strong>innumeris</strong></span> 
     </span>
    </p>
   </div>
   <div class='ocr_carea' id='block_1_26' title="bbox 467 2573 2052 2643">
    <p class='ocr_par' dir='ltr' id='par_1_26' title="bbox 467 2573 2052 2643">
     <span class='ocr_line' id='line_1_26' title="bbox 467 2573 2052 2643; baseline 0.011 -20"><span class='ocrx_word' id='word_1_184' title='bbox 467 2579 681 2626; x_wconf 88' lang='lat' dir='ltr'><strong>scatens</strong></span> <span class='ocrx_word' id='word_1_185' title='bbox 712 2573 886 2639; x_wconf 90' lang='lat' dir='ltr'><strong>malis,</strong></span> <span class='ocrx_word' id='word_1_186' title='bbox 915 2579 1202 2630; x_wconf 91' lang='lat' dir='ltr'><strong>commenti</strong></span> <span class='ocrx_word' id='word_1_187' title='bbox 1243 2587 1367 2632; x_wconf 91' lang='lat' dir='ltr'><strong>sunt</strong></span> <span class='ocrx_word' id='word_1_188' title='bbox 1387 2621 1400 2643; x_wconf 89' lang='lat'><strong>,</strong></span> <span class='ocrx_word' id='word_1_189' title='bbox 1437 2578 1526 2632; x_wconf 93' lang='lat' dir='ltr'><strong>fati</strong></span> <span class='ocrx_word' id='word_1_190' title='bbox 1558 2581 1821 2636; x_wconf 80' lang='lat' dir='ltr'><strong>videlicet.</strong></span> <span class='ocrx_word' id='word_1_191' title='bbox 1849 2583 2052 2640; x_wconf 90' lang='lat' dir='ltr'><strong>Deinde</strong></span> 
     </span>
    </p>
   </div>
   <div class='ocr_carea' id='block_1_27' title="bbox 467 2654 2051 2743">
    <p class='ocr_par' dir='ltr' id='par_1_27' title="bbox 467 2654 2051 2743">
     <span class='ocr_line' id='line_1_27' title="bbox 467 2654 2051 2743; baseline 0.011 -31"><span class='ocrx_word' id='word_1_192' title='bbox 467 2661 520 2714; x_wconf 94' lang='lat' dir='ltr'><strong>in</strong></span> <span class='ocrx_word' id='word_1_193' title='bbox 567 2660 669 2716; x_wconf 92' lang='lat' dir='ltr'><strong>hoc</strong></span> <span class='ocrx_word' id='word_1_194' title='bbox 706 2662 962 2718; x_wconf 87' lang='lat' dir='ltr'><strong>confutati</strong></span> <span class='ocrx_word' id='word_1_195' title='bbox 1008 2675 1062 2719; x_wconf 91' lang='lat' dir='ltr'><strong>et</strong></span> <span class='ocrx_word' id='word_1_196' title='bbox 1102 2665 1255 2721; x_wconf 91' lang='lat' dir='ltr'><strong>fateri</strong></span> <span class='ocrx_word' id='word_1_197' title='bbox 1301 2669 1514 2725; x_wconf 89' lang='lat' dir='ltr'><strong>tandem</strong></span> <span class='ocrx_word' id='word_1_198' title='bbox 1558 2654 1726 2726; x_wconf 73' lang='lat' dir='ltr'><strong>coacti</strong></span> <span class='ocrx_word' id='word_1_199' title='bbox 1771 2676 2051 2743; x_wconf 70' lang='lat' dir='ltr'><strong>przesentia</strong></span> 
     </span>
    </p>
   </div>
   <div class='ocr_carea' id='block_1_28' title="bbox 465 2751 2052 2827">
    <p class='ocr_par' dir='ltr' id='par_1_28' title="bbox 465 2751 2052 2827">
     <span class='ocr_line' id='line_1_28' title="bbox 465 2751 2052 2827; baseline 0.01 -22"><span class='ocrx_word' id='word_1_200' title='bbox 465 2751 594 2810; x_wconf 83' lang='lat' dir='ltr'><strong>nihil</strong></span> <span class='ocrx_word' id='word_1_201' title='bbox 623 2767 764 2820; x_wconf 90' lang='lat' dir='ltr'><strong>esse,</strong></span> <span class='ocrx_word' id='word_1_202' title='bbox 797 2753 968 2810; x_wconf 91' lang='lat' dir='ltr'><strong>futura</strong></span> <span class='ocrx_word' id='word_1_203' title='bbox 999 2757 1330 2827; x_wconf 90' lang='lat' dir='ltr'><strong>subvertuut,</strong></span> <span class='ocrx_word' id='word_1_204' title='bbox 1363 2775 1416 2818; x_wconf 90' lang='lat' dir='ltr'><strong>et</strong></span> <span class='ocrx_word' id='word_1_205' title='bbox 1437 2765 1752 2819; x_wconf 88' lang='lat' dir='ltr'><strong>sententiam</strong></span> <span class='ocrx_word' id='word_1_206' title='bbox 1777 2765 1841 2820; x_wconf 91' lang='lat' dir='ltr'><strong>de</strong></span> <span class='ocrx_word' id='word_1_207' title='bbox 1871 2782 2052 2825; x_wconf 77' lang='lat' dir='ltr'><strong>resur-</strong></span> 
     </span>
    </p>
   </div>
   <div class='ocr_carea' id='block_1_29' title="bbox 466 2845 2047 2925">
    <p class='ocr_par' dir='ltr' id='par_1_29' title="bbox 466 2845 2047 2925">
     <span class='ocr_line' id='line_1_29' title="bbox 466 2845 2047 2925; baseline 0.009 -27"><span class='ocrx_word' id='word_1_208' title='bbox 466 2845 702 2901; x_wconf 88' lang='lat' dir='ltr'><strong>rectione</strong></span> <span class='ocrx_word' id='word_1_209' title='bbox 734 2847 943 2902; x_wconf 92' lang='lat' dir='ltr'><strong>tollunt.</strong></span> <span class='ocrx_word' id='word_1_210' title='bbox 973 2849 1042 2904; x_wconf 88' lang='lat' dir='ltr'><strong>Et</strong></span> <span class='ocrx_word' id='word_1_211' title='bbox 1073 2851 1119 2906; x_wconf 90' lang='lat' dir='ltr'><strong>si</strong></span> <span class='ocrx_word' id='word_1_212' title='bbox 1148 2851 1267 2906; x_wconf 90' lang='lat' dir='ltr'><strong>illos</strong></span> <span class='ocrx_word' id='word_1_213' title='bbox 1298 2853 1348 2906; x_wconf 93' lang='lat' dir='ltr'><strong>in</strong></span> <span class='ocrx_word' id='word_1_214' title='bbox 1379 2853 1482 2908; x_wconf 93' lang='lat' dir='ltr'><strong>hoc</strong></span> <span class='ocrx_word' id='word_1_215' title='bbox 1505 2857 1665 2910; x_wconf 92' lang='lat' dir='ltr'><strong>etiam</strong></span> <span class='ocrx_word' id='word_1_216' title='bbox 1692 2856 2047 2925; x_wconf 82' lang='lat' dir='ltr'><strong>confutemus,</strong></span> 
     </span>
    </p>
   </div>
   <div class='ocr_carea' id='block_1_30' title="bbox 466 2938 2050 3010">
    <p class='ocr_par' dir='ltr' id='par_1_30' title="bbox 466 2938 2050 3010">
     <span class='ocr_line' id='line_1_30' title="bbox 466 2938 2050 3010; baseline 0.011 -20"><span class='ocrx_word' id='word_1_217' title='bbox 466 2938 519 2991; x_wconf 92' lang='lat' dir='ltr'><strong>in</strong></span> <span class='ocrx_word' id='word_1_218' title='bbox 556 2938 714 2992; x_wconf 91' lang='lat' dir='ltr'><strong>aliam</strong></span> <span class='ocrx_word' id='word_1_219' title='bbox 760 2940 974 3010; x_wconf 89' lang='lat' dir='ltr'><strong>impiam</strong></span> <span class='ocrx_word' id='word_1_220' title='bbox 1017 2941 1312 2998; x_wconf 91' lang='lat' dir='ltr'><strong>doctrinam</strong></span> <span class='ocrx_word' id='word_1_221' title='bbox 1355 2945 1654 3003; x_wconf 90' lang='lat' dir='ltr'><strong>decidunt:</strong></span> <span class='ocrx_word' id='word_1_222' title='bbox 1698 2965 1796 3004; x_wconf 91' lang='lat' dir='ltr'><strong>nos</strong></span> <span class='ocrx_word' id='word_1_223' title='bbox 1840 2951 2050 3006; x_wconf 90' lang='lat' dir='ltr'><strong>interim</strong></span> 
     </span>
    </p>
   </div>
   <div class='ocr_carea' id='block_1_31' title="bbox 462 3031 2052 3114">
    <p class='ocr_par' dir='ltr' id='par_1_31' title="bbox 462 3031 2052 3114">
     <span class='ocr_line' id='line_1_31' title="bbox 462 3031 2052 3114; baseline 0.011 -31"><span class='ocrx_word' id='word_1_224' title='bbox 462 3031 605 3100; x_wconf 91' lang='lat' dir='ltr'><strong>quod</strong></span> <span class='ocrx_word' id='word_1_225' title='bbox 647 3032 698 3086; x_wconf 94' lang='lat' dir='ltr'><strong>in</strong></span> <span class='ocrx_word' id='word_1_226' title='bbox 739 3034 980 3089; x_wconf 83' lang='lat' dir='ltr'><strong>manibus</strong></span> <span class='ocrx_word' id='word_1_227' title='bbox 1015 3046 1101 3092; x_wconf 89' lang='lat' dir='ltr'><strong>est</strong></span> <span class='ocrx_word' id='word_1_228' title='bbox 1141 3038 1494 3095; x_wconf 88' lang='lat' dir='ltr'><strong>confutemus.</strong></span> <span class='ocrx_word' id='word_1_229' title='bbox 1526 3041 1738 3098; x_wconf 87' lang='lat' dir='ltr'><strong>Nihilne</strong></span> <span class='ocrx_word' id='word_1_230' title='bbox 1767 3053 1886 3114; x_wconf 92' lang='lat' dir='ltr'><strong>post</strong></span> <span class='ocrx_word' id='word_1_231' title='bbox 1915 3044 2052 3101; x_wconf 92' lang='lat' dir='ltr'><strong>hanc</strong></span> 
     </span>
    </p>
   </div>
   <div class='ocr_carea' id='block_1_32' title="bbox 465 3125 2052 3207">
    <p class='ocr_par' dir='ltr' id='par_1_32' title="bbox 465 3125 2052 3207">
     <span class='ocr_line' id='line_1_32' title="bbox 465 3125 2052 3207; baseline 0.009 -31"><span class='ocrx_word' id='word_1_232' title='bbox 465 3125 622 3177; x_wconf 88' lang='lat' dir='ltr'><strong>vitam</strong></span> <span class='ocrx_word' id='word_1_233' title='bbox 655 3126 776 3192; x_wconf 91' lang='lat' dir='ltr'><strong>erit,</strong></span> <span class='ocrx_word' id='word_1_234' title='bbox 804 3141 837 3180; x_wconf 91' lang='grc' dir='ltr'><strong>ο</strong></span> <span class='ocrx_word' id='word_1_235' title='bbox 864 3127 1041 3194; x_wconf 90' lang='lat' dir='ltr'><strong>homo,</strong></span> <span class='ocrx_word' id='word_1_236' title='bbox 1077 3139 1132 3185; x_wconf 87' lang='lat' dir='ltr'><strong>et</strong></span> <span class='ocrx_word' id='word_1_237' title='bbox 1160 3139 1214 3184; x_wconf 91' lang='lat' dir='ltr'><strong>tu</strong></span> <span class='ocrx_word' id='word_1_238' title='bbox 1243 3131 1378 3187; x_wconf 89' lang='lat' dir='ltr'><strong>hanc</strong></span> <span class='ocrx_word' id='word_1_239' title='bbox 1398 3135 1717 3189; x_wconf 87' lang='lat' dir='ltr'><strong>sententiam</strong></span> <span class='ocrx_word' id='word_1_240' title='bbox 1743 3137 2052 3207; x_wconf 84' lang='lat' dir='ltr'><strong>Oppuguas?</strong></span> 
     </span>
    </p>
   </div>
   <div class='ocr_carea' id='block_1_33' title="bbox 464 3214 2050 3295">
    <p class='ocr_par' dir='ltr' id='par_1_33' title="bbox 464 3214 2050 3295">
     <span class='ocr_line' id='line_1_33' title="bbox 464 3214 2050 3295; baseline 0.011 -28"><span class='ocrx_word' id='word_1_241' title='bbox 464 3214 636 3270; x_wconf 67' lang='lat' dir='ltr'><strong>Graeci</strong></span> <span class='ocrx_word' id='word_1_242' title='bbox 665 3216 756 3285; x_wconf 90' lang='lat' dir='ltr'><strong>qui</strong></span> <span class='ocrx_word' id='word_1_243' title='bbox 785 3224 861 3272; x_wconf 92' lang='lat' dir='ltr'><strong>tot</strong></span> <span class='ocrx_word' id='word_1_244' title='bbox 889 3218 942 3272; x_wconf 93' lang='lat' dir='ltr'><strong>in</strong></span> <span class='ocrx_word' id='word_1_245' title='bbox 987 3220 1148 3276; x_wconf 89' lang='lat' dir='ltr'><strong>rebus</strong></span> <span class='ocrx_word' id='word_1_246' title='bbox 1185 3222 1478 3279; x_wconf 91' lang='lat' dir='ltr'><strong>delirarunt</strong></span> <span class='ocrx_word' id='word_1_247' title='bbox 1503 3265 1519 3291; x_wconf 92' lang='lat'><strong>,</strong></span> <span class='ocrx_word' id='word_1_248' title='bbox 1552 3224 1711 3295; x_wconf 90' lang='lat' dir='ltr'><strong>hujus</strong></span> <span class='ocrx_word' id='word_1_249' title='bbox 1751 3235 1924 3283; x_wconf 89' lang='lat' dir='ltr'><strong>tamen</strong></span> <span class='ocrx_word' id='word_1_250' title='bbox 1949 3228 2050 3283; x_wconf 89' lang='lat' dir='ltr'><strong>do-</strong></span> 
     </span>
    </p>
   </div>
   <div class='ocr_carea' id='block_1_34' title="bbox 463 3307 2049 3389">
    <p class='ocr_par' dir='ltr' id='par_1_34' title="bbox 463 3307 2049 3389">
     <span class='ocr_line' id='line_1_34' title="bbox 463 3307 2049 3389; baseline 0.011 -32"><span class='ocrx_word' id='word_1_251' title='bbox 463 3307 652 3374; x_wconf 87' lang='lat' dir='ltr'><strong>gmatis</strong></span> <span class='ocrx_word' id='word_1_252' title='bbox 681 3308 885 3362; x_wconf 89' lang='lat' dir='ltr'><strong>veritati</strong></span> <span class='ocrx_word' id='word_1_253' title='bbox 910 3326 1014 3365; x_wconf 93' lang='lat' dir='ltr'><strong>non</strong></span> <span class='ocrx_word' id='word_1_254' title='bbox 1046 3312 1374 3368; x_wconf 88' lang='lat' dir='ltr'><strong>restiterunt.</strong></span> <span class='ocrx_word' id='word_1_255' title='bbox 1405 3315 1554 3383; x_wconf 84' lang='lat' dir='ltr'><strong>Quod</strong></span> <span class='ocrx_word' id='word_1_256' title='bbox 1575 3317 1619 3370; x_wconf 89' lang='lat' dir='ltr'><strong>si</strong></span> <span class='ocrx_word' id='word_1_257' title='bbox 1647 3317 1764 3372; x_wconf 90' lang='lat' dir='ltr'><strong>illos</strong></span> <span class='ocrx_word' id='word_1_258' title='bbox 1790 3307 2049 3389; x_wconf 83' lang='lat' dir='ltr'><strong>sequaris,</strong></span> 
     </span>
    </p>
   </div>
   <div class='ocr_carea' id='block_1_35' title="bbox 463 3399 2048 3478">
    <p class='ocr_par' dir='ltr' id='par_1_35' title="bbox 463 3399 2048 3478">
     <span class='ocr_line' id='line_1_35' title="bbox 463 3399 2048 3478; baseline 0.01 -28"><span class='ocrx_word' id='word_1_259' title='bbox 463 3399 696 3468; x_wconf 88' lang='lat' dir='ltr'><strong>aliquam</strong></span> <span class='ocrx_word' id='word_1_260' title='bbox 723 3410 870 3454; x_wconf 88' lang='lat' dir='ltr'><strong>certe</strong></span> <span class='ocrx_word' id='word_1_261' title='bbox 900 3401 972 3454; x_wconf 91' lang='lat' dir='ltr'><strong>illi</strong></span> <span class='ocrx_word' id='word_1_262' title='bbox 1002 3402 1162 3456; x_wconf 89' lang='lat' dir='ltr'><strong>vitam</strong></span> <span class='ocrx_word' id='word_1_263' title='bbox 1195 3414 1314 3473; x_wconf 91' lang='lat' dir='ltr'><strong>post</strong></span> <span class='ocrx_word' id='word_1_264' title='bbox 1343 3405 1480 3460; x_wconf 91' lang='lat' dir='ltr'><strong>hanc</strong></span> <span class='ocrx_word' id='word_1_265' title='bbox 1499 3422 1619 3462; x_wconf 89' lang='lat' dir='ltr'><strong>esse</strong></span> <span class='ocrx_word' id='word_1_266' title='bbox 1644 3419 2048 3478; x_wconf 90' lang='lat' dir='ltr'><strong>concesserunt,</strong></span> 
     </span>
    </p>
   </div>
   <div class='ocr_carea' id='block_1_36' title="bbox 463 3492 2052 3576">
    <p class='ocr_par' dir='ltr' id='par_1_36' title="bbox 463 3492 2052 3576">
     <span class='ocr_line' id='line_1_36' title="bbox 463 3492 2052 3576; baseline 0.009 -30"><span class='ocrx_word' id='word_1_267' title='bbox 463 3502 518 3546; x_wconf 89' lang='lat' dir='ltr'><strong>et</strong></span> <span class='ocrx_word' id='word_1_268' title='bbox 539 3492 772 3548; x_wconf 89' lang='lat' dir='ltr'><strong>rationes</strong></span> <span class='ocrx_word' id='word_1_269' title='bbox 796 3493 1117 3560; x_wconf 89' lang='lat' dir='ltr'><strong>reddendas,</strong></span> <span class='ocrx_word' id='word_1_270' title='bbox 1143 3506 1195 3551; x_wconf 90' lang='lat' dir='ltr'><strong>et</strong></span> <span class='ocrx_word' id='word_1_271' title='bbox 1216 3497 1415 3567; x_wconf 90' lang='lat' dir='ltr'><strong>judicia</strong></span> <span class='ocrx_word' id='word_1_272' title='bbox 1442 3501 1580 3569; x_wconf 90' lang='lat' dir='ltr'><strong>apud</strong></span> <span class='ocrx_word' id='word_1_273' title='bbox 1606 3501 1826 3569; x_wconf 89' lang='lat' dir='ltr'><strong>inferos,</strong></span> <span class='ocrx_word' id='word_1_274' title='bbox 1857 3512 1912 3558; x_wconf 91' lang='lat' dir='ltr'><strong>et</strong></span> <span class='ocrx_word' id='word_1_275' title='bbox 1933 3520 2052 3576; x_wconf 89' lang='lat' dir='ltr'><strong>sup-</strong></span> 
     </span>
    </p>
   </div>
   <div class='ocr_carea' id='block_1_37' title="bbox 462 3583 2063 3660">
    <p class='ocr_par' dir='ltr' id='par_1_37' title="bbox 462 3583 2063 3660">
     <span class='ocr_line' id='line_1_37' title="bbox 462 3583 2063 3660; baseline 0.011 -26"><span class='ocrx_word' id='word_1_276' title='bbox 462 3583 640 3652; x_wconf 92' lang='lat' dir='ltr'><strong>plicia,</strong></span> <span class='ocrx_word' id='word_1_277' title='bbox 671 3583 924 3652; x_wconf 91' lang='lat' dir='ltr'><strong>honores,</strong></span> <span class='ocrx_word' id='word_1_278' title='bbox 948 3586 1180 3643; x_wconf 89' lang='lat' dir='ltr'><strong>calculos</strong></span> <span class='ocrx_word' id='word_1_279' title='bbox 1208 3599 1366 3659; x_wconf 90' lang='lat' dir='ltr'><strong>atque</strong></span> <span class='ocrx_word' id='word_1_280' title='bbox 1389 3589 1608 3660; x_wconf 91' lang='lat' dir='ltr'><strong>judicia.</strong></span> <span class='ocrx_word' id='word_1_281' title='bbox 1641 3593 1694 3648; x_wconf 93' lang='lat' dir='ltr'><strong>Si</strong></span> <span class='ocrx_word' id='word_1_282' title='bbox 1724 3593 1938 3650; x_wconf 74' lang='lat' dir='ltr'><strong>Judzeos</strong></span> <span class='ocrx_word' id='word_1_283' title='bbox 1964 3597 2063 3660; x_wconf 61' lang='lat' dir='ltr'><strong>in-.</strong></span> 
     </span>
    </p>
   </div>
   <div class='ocr_carea' id='block_1_38' title="bbox 465 3678 2051 3752">
    <p class='ocr_par' dir='ltr' id='par_1_38' title="bbox 465 3678 2051 3752">
     <span class='ocr_line' id='line_1_38' title="bbox 465 3678 2051 3752; baseline 0.01 -24"><span class='ocrx_word' id='word_1_284' title='bbox 465 3685 704 3746; x_wconf 87' lang='lat' dir='ltr'><strong>terroges</strong></span> <span class='ocrx_word' id='word_1_285' title='bbox 727 3717 742 3741; x_wconf 93' lang='lat'><strong>,</strong></span> <span class='ocrx_word' id='word_1_286' title='bbox 770 3686 862 3731; x_wconf 91' lang='lat' dir='ltr'><strong>aut</strong></span> <span class='ocrx_word' id='word_1_287' title='bbox 890 3678 1167 3734; x_wconf 73' lang='lat' dir='ltr'><strong>hmreticos</strong></span> <span class='ocrx_word' id='word_1_288' title='bbox 1187 3721 1202 3745; x_wconf 93' lang='lat'><strong>,</strong></span> <span class='ocrx_word' id='word_1_289' title='bbox 1227 3681 1272 3735; x_wconf 93' lang='lat' dir='ltr'><strong>si</strong></span> <span class='ocrx_word' id='word_1_290' title='bbox 1311 3683 1552 3752; x_wconf 90' lang='lat' dir='ltr'><strong>quemvis</strong></span> <span class='ocrx_word' id='word_1_291' title='bbox 1579 3683 1872 3750; x_wconf 86' lang='lat' dir='ltr'><strong>hominem,</strong></span> <span class='ocrx_word' id='word_1_292' title='bbox 1901 3704 2051 3744; x_wconf 88' lang='lat' dir='ltr'><strong>reve-</strong></span> 
     </span>
    </p>
   </div>
   <div class='ocr_carea' id='block_1_39' title="bbox 464 3767 2049 3842">
    <p class='ocr_par' dir='ltr' id='par_1_39' title="bbox 464 3767 2049 3842">
     <span class='ocr_line' id='line_1_39' title="bbox 464 3767 2049 3842; baseline 0.011 -22"><span class='ocrx_word' id='word_1_293' title='bbox 464 3767 668 3821; x_wconf 88' lang='lat' dir='ltr'><strong>rebitur</strong></span> <span class='ocrx_word' id='word_1_294' title='bbox 701 3768 790 3824; x_wconf 90' lang='lat' dir='ltr'><strong>ille</strong></span> <span class='ocrx_word' id='word_1_295' title='bbox 835 3770 991 3840; x_wconf 91' lang='lat' dir='ltr'><strong>hujus</strong></span> <span class='ocrx_word' id='word_1_296' title='bbox 1029 3772 1292 3842; x_wconf 90' lang='lat' dir='ltr'><strong>dogmatis</strong></span> <span class='ocrx_word' id='word_1_297' title='bbox 1321 3776 1597 3831; x_wconf 86' lang='lat' dir='ltr'><strong>veritatem</strong></span> <span class='ocrx_word' id='word_1_298' title='bbox 1631 3795 1644 3830; x_wconf 91' lang='lat'><strong>:</strong></span> <span class='ocrx_word' id='word_1_299' title='bbox 1676 3787 1732 3833; x_wconf 89' lang='lat' dir='ltr'><strong>et</strong></span> <span class='ocrx_word' id='word_1_300' title='bbox 1775 3780 1820 3834; x_wconf 91' lang='lat' dir='ltr'><strong>si</strong></span> <span class='ocrx_word' id='word_1_301' title='bbox 1851 3781 1902 3835; x_wconf 93' lang='lat' dir='ltr'><strong>in</strong></span> <span class='ocrx_word' id='word_1_302' title='bbox 1931 3782 2049 3839; x_wconf 89' lang='lat' dir='ltr'><strong>aliis</strong></span> 
     </span>
    </p>
   </div>
   <div class='ocr_carea' id='block_1_40' title="bbox 461 3856 2046 3942">
    <p class='ocr_par' dir='ltr' id='par_1_40' title="bbox 461 3856 2046 3942">
     <span class='ocr_line' id='line_1_40' title="bbox 461 3856 2046 3942; baseline 0.011 -32"><span class='ocrx_word' id='word_1_303' title='bbox 461 3856 708 3912; x_wconf 72' lang='lat' dir='ltr'><strong>differant</strong></span> <span class='ocrx_word' id='word_1_304' title='bbox 728 3860 970 3917; x_wconf 89' lang='lat' dir='ltr'><strong>homines</strong></span> <span class='ocrx_word' id='word_1_305' title='bbox 987 3861 1081 3927; x_wconf 92' lang='lat' dir='ltr'><strong>illi,</strong></span> <span class='ocrx_word' id='word_1_306' title='bbox 1103 3864 1155 3917; x_wconf 92' lang='lat' dir='ltr'><strong>in</strong></span> <span class='ocrx_word' id='word_1_307' title='bbox 1181 3865 1280 3919; x_wconf 93' lang='lat' dir='ltr'><strong>hoc</strong></span> <span class='ocrx_word' id='word_1_308' title='bbox 1307 3875 1481 3922; x_wconf 88' lang='lat' dir='ltr'><strong>tamen</strong></span> <span class='ocrx_word' id='word_1_309' title='bbox 1503 3883 1691 3924; x_wconf 90' lang='lat' dir='ltr'><strong>omnes</strong></span> <span class='ocrx_word' id='word_1_310' title='bbox 1707 3873 2046 3942; x_wconf 90' lang='lat' dir='ltr'><strong>conveniunt,</strong></span> 
     </span>
    </p>
   </div>
   <div class='ocr_carea' id='block_1_41' title="bbox 463 3947 2050 4024">
    <p class='ocr_par' dir='ltr' id='par_1_41' title="bbox 463 3947 2050 4024">
     <span class='ocr_line' id='line_1_41' title="bbox 463 3947 2050 4024; baseline 0.011 -23"><span class='ocrx_word' id='word_1_311' title='bbox 463 3957 516 4001; x_wconf 87' lang='lat' dir='ltr'><strong>et</strong></span> <span class='ocrx_word' id='word_1_312' title='bbox 535 3947 738 4015; x_wconf 90' lang='lat' dir='ltr'><strong>dicunt,</strong></span> <span class='ocrx_word' id='word_1_313' title='bbox 761 3965 948 4006; x_wconf 91' lang='lat' dir='ltr'><strong>eorum</strong></span> <span class='ocrx_word' id='word_1_314' title='bbox 977 3969 1095 4022; x_wconf 68' lang='lat' dir='ltr'><strong>quae</strong></span> <span class='ocrx_word' id='word_1_315' title='bbox 1119 3953 1204 4009; x_wconf 92' lang='lat' dir='ltr'><strong>hic</strong></span> <span class='ocrx_word' id='word_1_316' title='bbox 1224 3964 1372 4024; x_wconf 89' lang='lat' dir='ltr'><strong>gesta</strong></span> <span class='ocrx_word' id='word_1_317' title='bbox 1400 3951 1806 4016; x_wconf 82' lang='lat' dir='ltr'><strong>suntrationem</strong></span> <span class='ocrx_word' id='word_1_318' title='bbox 1835 3961 1905 4016; x_wconf 90' lang='lat' dir='ltr'><strong>ibi</strong></span> <span class='ocrx_word' id='word_1_319' title='bbox 1927 3964 2050 4018; x_wconf 90' lang='lat' dir='ltr'><strong>red-</strong></span> 
     </span>
    </p>
   </div>
   <div class='ocr_carea' id='block_1_42' title="bbox 462 4039 2046 4120">
    <p class='ocr_par' dir='ltr' id='par_1_42' title="bbox 462 4039 2046 4120">
     <span class='ocr_line' id='line_1_42' title="bbox 462 4039 2046 4120; baseline 0.011 -27"><span class='ocrx_word' id='word_1_320' title='bbox 462 4039 691 4095; x_wconf 91' lang='lat' dir='ltr'><strong>dendam</strong></span> <span class='ocrx_word' id='word_1_321' title='bbox 715 4057 856 4098; x_wconf 91' lang='lat' dir='ltr'><strong>esse.</strong></span> <span class='ocrx_word' id='word_1_322' title='bbox 887 4045 959 4099; x_wconf 81' lang='lat' dir='ltr'><strong>At</strong></span> <span class='ocrx_word' id='word_1_323' title='bbox 985 4054 1038 4099; x_wconf 93' lang='lat' dir='ltr'><strong>tu</strong></span> <span class='ocrx_word' id='word_1_324' title='bbox 1065 4047 1192 4100; x_wconf 91' lang='lat' dir='ltr'><strong>nulli</strong></span> <span class='ocrx_word' id='word_1_325' title='bbox 1221 4047 1412 4104; x_wconf 90' lang='lat' dir='ltr'><strong>horum</strong></span> <span class='ocrx_word' id='word_1_326' title='bbox 1435 4049 1809 4120; x_wconf 89' lang='lat' dir='ltr'><strong>obtemperare</strong></span> <span class='ocrx_word' id='word_1_327' title='bbox 1831 4053 1928 4119; x_wconf 89' lang='lat' dir='ltr'><strong>vis,</strong></span> <span class='ocrx_word' id='word_1_328' title='bbox 1953 4055 2046 4110; x_wconf 89' lang='lat' dir='ltr'><strong>sed</strong></span> 
     </span>
    </p>
   </div>
   <div class='ocr_carea' id='block_1_43' title="bbox 463 4131 2049 4214">
    <p class='ocr_par' dir='ltr' id='par_1_43' title="bbox 463 4131 2049 4214">
     <span class='ocr_line' id='line_1_43' title="bbox 463 4131 2049 4214; baseline 0.009 -30"><span class='ocrx_word' id='word_1_329' title='bbox 463 4131 627 4186; x_wconf 89' lang='lat' dir='ltr'><strong>semel</strong></span> <span class='ocrx_word' id='word_1_330' title='bbox 657 4133 826 4187; x_wconf 91' lang='lat' dir='ltr'><strong>errori</strong></span> <span class='ocrx_word' id='word_1_331' title='bbox 858 4133 1072 4190; x_wconf 90' lang='lat' dir='ltr'><strong>deditus</strong></span> <span class='ocrx_word' id='word_1_332' title='bbox 1102 4136 1440 4206; x_wconf 88' lang='lat' dir='ltr'><strong>impudenter</strong></span> <span class='ocrx_word' id='word_1_333' title='bbox 1463 4139 1599 4210; x_wconf 84' lang='lat' dir='ltr'><strong>agis.</strong></span> <span class='ocrx_word' id='word_1_334' title='bbox 1627 4139 1809 4212; x_wconf 80' lang='lat' dir='ltr'><strong>Itaque</strong></span> <span class='ocrx_word' id='word_1_335' title='bbox 1831 4152 2049 4214; x_wconf 89' lang='lat' dir='ltr'><strong>propter</strong></span> 
     </span>
    </p>
   </div>
   <div class='ocr_carea' id='block_1_44' title="bbox 461 4224 2047 4298">
    <p class='ocr_par' dir='ltr' id='par_1_44' title="bbox 461 4224 2047 4298">
     <span class='ocr_line' id='line_1_44' title="bbox 461 4224 2047 4298; baseline 0.008 -22"><span class='ocrx_word' id='word_1_336' title='bbox 461 4237 588 4287; x_wconf 91' lang='lat' dir='ltr'><strong>eos,</strong></span> <span class='ocrx_word' id='word_1_337' title='bbox 619 4224 709 4293; x_wconf 87' lang='lat' dir='ltr'><strong>qui</strong></span> <span class='ocrx_word' id='word_1_338' title='bbox 738 4225 1026 4281; x_wconf 90' lang='lat' dir='ltr'><strong>etiamnum</strong></span> <span class='ocrx_word' id='word_1_339' title='bbox 1078 4229 1324 4298; x_wconf 90' lang='lat' dir='ltr'><strong>sapiunt,</strong></span> <span class='ocrx_word' id='word_1_340' title='bbox 1358 4229 1458 4285; x_wconf 89' lang='lat' dir='ltr'><strong>hac</strong></span> <span class='ocrx_word' id='word_1_341' title='bbox 1494 4230 1562 4286; x_wconf 91' lang='lat' dir='ltr'><strong>de</strong></span> <span class='ocrx_word' id='word_1_342' title='bbox 1602 4247 1662 4286; x_wconf 91' lang='lat' dir='ltr'><strong>re</strong></span> <span class='ocrx_word' id='word_1_343' title='bbox 1691 4246 1868 4287; x_wconf 90' lang='lat' dir='ltr'><strong>sermo</strong></span> <span class='ocrx_word' id='word_1_344' title='bbox 1895 4233 2047 4288; x_wconf 90' lang='lat' dir='ltr'><strong>insti-</strong></span> 
     </span>
    </p>
   </div>
   <div class='ocr_carea' id='block_1_45' title="bbox 464 4313 2047 4391">
    <p class='ocr_par' dir='ltr' id='par_1_45' title="bbox 464 4313 2047 4391">
     <span class='ocr_line' id='line_1_45' title="bbox 464 4313 2047 4391; baseline 0.009 -25"><span class='ocrx_word' id='word_1_345' title='bbox 464 4313 690 4368; x_wconf 91' lang='lat' dir='ltr'><strong>tuendus</strong></span> <span class='ocrx_word' id='word_1_346' title='bbox 715 4324 814 4369; x_wconf 91' lang='lat' dir='ltr'><strong>est.</strong></span> <span class='ocrx_word' id='word_1_347' title='bbox 839 4317 971 4370; x_wconf 86' lang='lat' dir='ltr'><strong>Eum</strong></span> <span class='ocrx_word' id='word_1_348' title='bbox 997 4319 1140 4373; x_wconf 91' lang='lat' dir='ltr'><strong>enim</strong></span> <span class='ocrx_word' id='word_1_349' title='bbox 1171 4323 1257 4390; x_wconf 94' lang='lat' dir='ltr'><strong>qui</strong></span> <span class='ocrx_word' id='word_1_350' title='bbox 1284 4321 1416 4375; x_wconf 90' lang='lat' dir='ltr'><strong>nihil</strong></span> <span class='ocrx_word' id='word_1_351' title='bbox 1442 4330 1562 4391; x_wconf 90' lang='lat' dir='ltr'><strong>post</strong></span> <span class='ocrx_word' id='word_1_352' title='bbox 1587 4321 1725 4377; x_wconf 90' lang='lat' dir='ltr'><strong>hanc</strong></span> <span class='ocrx_word' id='word_1_353' title='bbox 1746 4324 1906 4378; x_wconf 87' lang='lat' dir='ltr'><strong>vitam</strong></span> <span class='ocrx_word' id='word_1_354' title='bbox 1927 4339 2047 4380; x_wconf 87' lang='lat' dir='ltr'><strong>esse</strong></span> 
     </span>
    </p>
   </div>
   <div class='ocr_carea' id='block_1_46' title="bbox 464 4405 2042 4478">
    <p class='ocr_par' dir='ltr' id='par_1_46' title="bbox 464 4405 2042 4478">
     <span class='ocr_line' id='line_1_46' title="bbox 464 4405 2042 4478; baseline 0.01 -20"><span class='ocrx_word' id='word_1_355' title='bbox 464 4405 794 4475; x_wconf 87' lang='lat' dir='ltr'><strong>profiteatur,</strong></span> <span class='ocrx_word' id='word_1_356' title='bbox 820 4411 992 4478; x_wconf 82' lang='lat' dir='ltr'><strong>neque</strong></span> <span class='ocrx_word' id='word_1_357' title='bbox 1018 4411 1179 4467; x_wconf 89' lang='lat' dir='ltr'><strong>Deum</strong></span> <span class='ocrx_word' id='word_1_358' title='bbox 1205 4413 1364 4468; x_wconf 89' lang='lat' dir='ltr'><strong>etiam</strong></span> <span class='ocrx_word' id='word_1_359' title='bbox 1389 4429 1507 4470; x_wconf 91' lang='lat' dir='ltr'><strong>esse</strong></span> <span class='ocrx_word' id='word_1_360' title='bbox 1528 4414 1680 4470; x_wconf 87' lang='lat' dir='ltr'><strong>fateri</strong></span> <span class='ocrx_word' id='word_1_361' title='bbox 1703 4432 1921 4473; x_wconf 90' lang='lat' dir='ltr'><strong>necesse</strong></span> <span class='ocrx_word' id='word_1_362' title='bbox 1941 4428 2042 4474; x_wconf 90' lang='lat' dir='ltr'><strong>est.</strong></span> 
     </span>
    </p>
   </div>
   <div class='ocr_carea' id='block_1_47' title="bbox 469 4495 2046 4578">
    <p class='ocr_par' dir='ltr' id='par_1_47' title="bbox 469 4495 2046 4578">
     <span class='ocr_line' id='line_1_47' title="bbox 469 4495 2046 4578; baseline 0.01 -30"><span class='ocrx_word' id='word_1_363' title='bbox 469 4495 668 4560; x_wconf 70' lang='lat' dir='ltr'><strong>Viden’,</strong></span> <span class='ocrx_word' id='word_1_364' title='bbox 699 4498 1147 4566; x_wconf 88' lang='lat' dir='ltr'><strong>quemadmodum</strong></span> <span class='ocrx_word' id='word_1_365' title='bbox 1173 4502 1282 4557; x_wconf 83' lang='lat' dir='ltr'><strong>dixi</strong></span> <span class='ocrx_word' id='word_1_366' title='bbox 1308 4545 1322 4568; x_wconf 91' lang='lat'><strong>,</strong></span> <span class='ocrx_word' id='word_1_367' title='bbox 1353 4515 1741 4576; x_wconf 87' lang='lat' dir='ltr'><strong>consequentes</strong></span> <span class='ocrx_word' id='word_1_368' title='bbox 1770 4509 2046 4578; x_wconf 89' lang='lat' dir='ltr'><strong>opiniones</strong></span> 
     </span>
    </p>
   </div>
   <div class='ocr_carea' id='block_1_48' title="bbox 463 4585 2045 4664">
    <p class='ocr_par' dir='ltr' id='par_1_48' title="bbox 463 4585 2045 4664">
     <span class='ocr_line' id='line_1_48' title="bbox 463 4585 2045 4664; baseline 0.009 -25"><span class='ocrx_word' id='word_1_369' title='bbox 463 4585 728 4655; x_wconf 91' lang='lat' dir='ltr'><strong>prioribus</strong></span> <span class='ocrx_word' id='word_1_370' title='bbox 751 4602 966 4658; x_wconf 88' lang='lat' dir='ltr'><strong>semper</strong></span> <span class='ocrx_word' id='word_1_371' title='bbox 985 4589 1278 4647; x_wconf 89' lang='lat' dir='ltr'><strong>deteriores</strong></span> <span class='ocrx_word' id='word_1_372' title='bbox 1303 4595 1563 4664; x_wconf 80' lang='lat' dir='ltr'><strong>gradatim</strong></span> <span class='ocrx_word' id='word_1_373' title='bbox 1589 4597 1657 4651; x_wconf 91' lang='lat' dir='ltr'><strong>ab</strong></span> <span class='ocrx_word' id='word_1_374' title='bbox 1682 4597 1784 4652; x_wconf 92' lang='lat' dir='ltr'><strong>illis</strong></span> <span class='ocrx_word' id='word_1_375' title='bbox 1804 4599 2045 4654; x_wconf 77' lang='lat' dir='ltr'><strong>admitti?</strong></span> 
     </span>
    </p>
   </div>
   <div class='ocr_carea' id='block_1_49' title="bbox 460 4679 2046 4759">
    <p class='ocr_par' dir='ltr' id='par_1_49' title="bbox 460 4679 2046 4759">
     <span class='ocr_line' id='line_1_49' title="bbox 460 4679 2046 4759; baseline 0.009 -25"><span class='ocrx_word' id='word_1_376' title='bbox 460 4681 517 4734; x_wconf 77' lang='lat' dir='ltr'><strong>Si</strong></span> <span class='ocrx_word' id='word_1_377' title='bbox 545 4679 688 4734; x_wconf 90' lang='lat' dir='ltr'><strong>enim</strong></span> <span class='ocrx_word' id='word_1_378' title='bbox 718 4690 837 4750; x_wconf 91' lang='lat' dir='ltr'><strong>post</strong></span> <span class='ocrx_word' id='word_1_379' title='bbox 864 4682 1003 4738; x_wconf 90' lang='lat' dir='ltr'><strong>hanc</strong></span> <span class='ocrx_word' id='word_1_380' title='bbox 1025 4684 1182 4739; x_wconf 91' lang='lat' dir='ltr'><strong>vitam</strong></span> <span class='ocrx_word' id='word_1_381' title='bbox 1211 4685 1341 4740; x_wconf 88' lang='lat' dir='ltr'><strong>nihil</strong></span> <span class='ocrx_word' id='word_1_382' title='bbox 1373 4687 1479 4744; x_wconf 92' lang='lat' dir='ltr'><strong>illic</strong></span> <span class='ocrx_word' id='word_1_383' title='bbox 1509 4689 1780 4744; x_wconf 89' lang='lat' dir='ltr'><strong>residuum</strong></span> <span class='ocrx_word' id='word_1_384' title='bbox 1811 4700 1915 4759; x_wconf 89' lang='lat' dir='ltr'><strong>est,</strong></span> <span class='ocrx_word' id='word_1_385' title='bbox 1946 4708 2046 4748; x_wconf 82' lang='lat' dir='ltr'><strong>nec</strong></span> 
     </span>
    </p>
   </div>
   <div class='ocr_carea' id='block_1_50' title="bbox 463 4773 2043 4853">
    <p class='ocr_par' dir='ltr' id='par_1_50' title="bbox 463 4773 2043 4853">
     <span class='ocr_line' id='line_1_50' title="bbox 463 4773 2043 4853; baseline 0.01 -29"><span class='ocrx_word' id='word_1_386' title='bbox 463 4773 606 4826; x_wconf 83' lang='lat' dir='ltr'><strong>Deus</strong></span> <span class='ocrx_word' id='word_1_387' title='bbox 627 4774 788 4828; x_wconf 89' lang='lat' dir='ltr'><strong>etiam</strong></span> <span class='ocrx_word' id='word_1_388' title='bbox 812 4784 913 4830; x_wconf 90' lang='lat' dir='ltr'><strong>est.</strong></span> <span class='ocrx_word' id='word_1_389' title='bbox 934 4775 1069 4830; x_wconf 89' lang='lat' dir='ltr'><strong>Nam</strong></span> <span class='ocrx_word' id='word_1_390' title='bbox 1101 4779 1144 4832; x_wconf 93' lang='lat' dir='ltr'><strong>si</strong></span> <span class='ocrx_word' id='word_1_391' title='bbox 1173 4778 1316 4833; x_wconf 90' lang='lat' dir='ltr'><strong>Deus</strong></span> <span class='ocrx_word' id='word_1_392' title='bbox 1338 4780 1426 4846; x_wconf 91' lang='lat' dir='ltr'><strong>sit,</strong></span> <span class='ocrx_word' id='word_1_393' title='bbox 1449 4779 1626 4850; x_wconf 90' lang='lat' dir='ltr'><strong>justus</strong></span> <span class='ocrx_word' id='word_1_394' title='bbox 1646 4790 1755 4848; x_wconf 89' lang='lat' dir='ltr'><strong>est;</strong></span> <span class='ocrx_word' id='word_1_395' title='bbox 1781 4783 1826 4837; x_wconf 90' lang='lat' dir='ltr'><strong>si</strong></span> <span class='ocrx_word' id='word_1_396' title='bbox 1847 4783 2043 4853; x_wconf 91' lang='lat' dir='ltr'><strong>justus,</strong></span> 
     </span>
    </p>
   </div>
   <div class='ocr_carea' id='block_1_51' title="bbox 463 4864 2048 4946">
    <p class='ocr_par' dir='ltr' id='par_1_51' title="bbox 463 4864 2048 4946">
     <span class='ocr_line' id='line_1_51' title="bbox 463 4864 2048 4946; baseline 0.01 -30"><span class='ocrx_word' id='word_1_397' title='bbox 463 4864 748 4935; x_wconf 90' lang='lat' dir='ltr'><strong>unicuique</strong></span> <span class='ocrx_word' id='word_1_398' title='bbox 787 4883 884 4937; x_wconf 91' lang='lat' dir='ltr'><strong>pro</strong></span> <span class='ocrx_word' id='word_1_399' title='bbox 926 4870 1122 4924; x_wconf 91' lang='lat' dir='ltr'><strong>merito</strong></span> <span class='ocrx_word' id='word_1_400' title='bbox 1160 4871 1424 4926; x_wconf 88' lang='lat' dir='ltr'><strong>retribuit.</strong></span> <span class='ocrx_word' id='word_1_401' title='bbox 1457 4872 1513 4928; x_wconf 91' lang='lat' dir='ltr'><strong>Si</strong></span> <span class='ocrx_word' id='word_1_402' title='bbox 1557 4887 1720 4942; x_wconf 90' lang='lat' dir='ltr'><strong>porro</strong></span> <span class='ocrx_word' id='word_1_403' title='bbox 1765 4874 1896 4931; x_wconf 91' lang='lat' dir='ltr'><strong>nihil</strong></span> <span class='ocrx_word' id='word_1_404' title='bbox 1928 4873 2048 4946; x_wconf 70' lang='lat' dir='ltr'><strong>post</strong></span> 
     </span>
    </p>
   </div>
   <div class='ocr_carea' id='block_1_52' title="bbox 459 4955 2044 5036">
    <p class='ocr_par' dir='ltr' id='par_1_52' title="bbox 459 4955 2044 5036">
     <span class='ocr_line' id='line_1_52' title="bbox 459 4955 2044 5036; baseline 0.008 -29"><span class='ocrx_word' id='word_1_405' title='bbox 459 4955 600 5008; x_wconf 83' lang='lat' dir='ltr'><strong>hanc</strong></span> <span class='ocrx_word' id='word_1_406' title='bbox 628 4957 785 5011; x_wconf 91' lang='lat' dir='ltr'><strong>vitam</strong></span> <span class='ocrx_word' id='word_1_407' title='bbox 809 4969 910 5024; x_wconf 92' lang='lat' dir='ltr'><strong>est,</strong></span> <span class='ocrx_word' id='word_1_408' title='bbox 941 4961 1153 5016; x_wconf 88' lang='lat' dir='ltr'><strong>ubinam</strong></span> <span class='ocrx_word' id='word_1_409' title='bbox 1188 4977 1284 5033; x_wconf 93' lang='lat' dir='ltr'><strong>pro</strong></span> <span class='ocrx_word' id='word_1_410' title='bbox 1311 4963 1502 5021; x_wconf 90' lang='lat' dir='ltr'><strong>merito</strong></span> <span class='ocrx_word' id='word_1_411' title='bbox 1527 4965 1752 5035; x_wconf 89' lang='lat' dir='ltr'><strong>quisque</strong></span> <span class='ocrx_word' id='word_1_412' title='bbox 1779 4968 2044 5036; x_wconf 87' lang='lat' dir='ltr'><strong>recipiet?</strong></span> 
     </span>
    </p>
   </div>
   <div class='ocr_carea' id='block_1_53' title="bbox 461 5048 2043 5130">
    <p class='ocr_par' dir='ltr' id='par_1_53' title="bbox 461 5048 2043 5130">
     <span class='ocr_line' id='line_1_53' title="bbox 461 5048 2043 5130; baseline 0.008 -28"><span class='ocrx_word' id='word_1_413' title='bbox 461 5048 871 5107; x_wconf 81' lang='lat' dir='ltr'><strong>Animadvertas</strong></span> <span class='ocrx_word' id='word_1_414' title='bbox 899 5055 1055 5109; x_wconf 89' lang='lat' dir='ltr'><strong>velim</strong></span> <span class='ocrx_word' id='word_1_415' title='bbox 1090 5071 1102 5108; x_wconf 94' lang='lat'>:</span> <span class='ocrx_word' id='word_1_416' title='bbox 1133 5056 1284 5110; x_wconf 89' lang='lat' dir='ltr'><strong>multi</strong></span> <span class='ocrx_word' id='word_1_417' title='bbox 1316 5067 1510 5126; x_wconf 76' lang='lat' dir='ltr'><strong>prteter</strong></span> <span class='ocrx_word' id='word_1_418' title='bbox 1536 5059 1784 5114; x_wconf 88' lang='lat' dir='ltr'><strong>meritum</strong></span> <span class='ocrx_word' id='word_1_419' title='bbox 1810 5099 1824 5124; x_wconf 93' lang='lat'><strong>,</strong></span> <span class='ocrx_word' id='word_1_420' title='bbox 1860 5071 1916 5114; x_wconf 93' lang='lat' dir='ltr'><strong>ut</strong></span> <span class='ocrx_word' id='word_1_421' title='bbox 1943 5060 2043 5130; x_wconf 92' lang='lat' dir='ltr'><strong>ipsi</strong></span> 
     </span>
    </p>
   </div>
   <div class='ocr_carea' id='block_1_54' title="bbox 452 5140 2043 5219">
    <p class='ocr_par' dir='ltr' id='par_1_54' title="bbox 452 5140 2043 5219">
     <span class='ocr_line' id='line_1_54' title="bbox 452 5140 2043 5219; baseline 0.009 -25"><span class='ocrx_word' id='word_1_422' title='bbox 452 5140 564 5210; x_wconf 89' lang='lat' dir='ltr'><strong>jam</strong></span> <span class='ocrx_word' id='word_1_423' title='bbox 586 5140 814 5198; x_wconf 81' lang='lat' dir='ltr'><strong>confessi</strong></span> <span class='ocrx_word' id='word_1_424' title='bbox 842 5155 984 5212; x_wconf 88' lang='lat' dir='ltr'><strong>sunt,</strong></span> <span class='ocrx_word' id='word_1_425' title='bbox 1005 5144 1160 5201; x_wconf 90' lang='lat' dir='ltr'><strong>bonis</strong></span> <span class='ocrx_word' id='word_1_426' title='bbox 1186 5147 1580 5219; x_wconf 88' lang='lat' dir='ltr'><strong>honoribusque</strong></span> <span class='ocrx_word' id='word_1_427' title='bbox 1605 5151 1850 5208; x_wconf 86' lang='lat' dir='ltr'><strong>fruuntur</strong></span> <span class='ocrx_word' id='word_1_428' title='bbox 1871 5151 1922 5206; x_wconf 92' lang='lat' dir='ltr'><strong>in</strong></span> <span class='ocrx_word' id='word_1_429' title='bbox 1946 5151 2043 5208; x_wconf 89' lang='lat' dir='ltr'><strong>hac</strong></span> 
     </span>
    </p>
   </div>
   <div class='ocr_carea' id='block_1_55' title="bbox 455 5234 2041 5310">
    <p class='ocr_par' dir='ltr' id='par_1_55' title="bbox 455 5234 2041 5310">
     <span class='ocr_line' id='line_1_55' title="bbox 455 5234 2041 5310; baseline 0.009 -24"><span class='ocrx_word' id='word_1_430' title='bbox 455 5234 596 5298; x_wconf 89' lang='lat' dir='ltr'><strong>vita;</strong></span> <span class='ocrx_word' id='word_1_431' title='bbox 627 5234 716 5290; x_wconf 91' lang='lat' dir='ltr'><strong>alii</strong></span> <span class='ocrx_word' id='word_1_432' title='bbox 749 5251 878 5292; x_wconf 91' lang='lat' dir='ltr'><strong>vero</strong></span> <span class='ocrx_word' id='word_1_433' title='bbox 901 5278 915 5300; x_wconf 96' lang='lat'><strong>,</strong></span> <span class='ocrx_word' id='word_1_434' title='bbox 945 5239 1033 5308; x_wconf 91' lang='lat' dir='ltr'><strong>qui</strong></span> <span class='ocrx_word' id='word_1_435' title='bbox 1061 5240 1111 5292; x_wconf 94' lang='lat' dir='ltr'><strong>in</strong></span> <span class='ocrx_word' id='word_1_436' title='bbox 1136 5239 1340 5308; x_wconf 88' lang='lat' dir='ltr'><strong>justitia</strong></span> <span class='ocrx_word' id='word_1_437' title='bbox 1368 5250 1594 5310; x_wconf 74' lang='lat' dir='ltr'><strong>vivunt,</strong></span> <span class='ocrx_word' id='word_1_438' title='bbox 1627 5245 1951 5300; x_wconf 89' lang='lat' dir='ltr'><strong>cruciantur.</strong></span> <span class='ocrx_word' id='word_1_439' title='bbox 1985 5246 2041 5302; x_wconf 88' lang='lat' dir='ltr'><strong>Si</strong></span> 
     </span>
    </p>
   </div>
   <div class='ocr_carea' id='block_1_56' title="bbox 457 5330 2037 5407">
    <p class='ocr_par' dir='ltr' id='par_1_56' title="bbox 457 5330 2037 5407">
     <span class='ocr_line' id='line_1_56' title="bbox 457 5330 2037 5407; baseline 0.008 -26"><span class='ocrx_word' id='word_1_440' title='bbox 457 5343 586 5399; x_wconf 88' lang='lat' dir='ltr'><strong>ergo</strong></span> <span class='ocrx_word' id='word_1_441' title='bbox 615 5330 817 5385; x_wconf 92' lang='lat' dir='ltr'><strong>nullum</strong></span> <span class='ocrx_word' id='word_1_442' title='bbox 848 5332 916 5386; x_wconf 91' lang='lat' dir='ltr'><strong>sit</strong></span> <span class='ocrx_word' id='word_1_443' title='bbox 941 5342 1126 5402; x_wconf 89' lang='lat' dir='ltr'><strong>postea</strong></span> <span class='ocrx_word' id='word_1_444' title='bbox 1164 5342 1404 5405; x_wconf 89' lang='lat' dir='ltr'><strong>tempus,</strong></span> <span class='ocrx_word' id='word_1_445' title='bbox 1439 5335 1618 5406; x_wconf 92' lang='lat' dir='ltr'><strong>inique</strong></span> <span class='ocrx_word' id='word_1_446' title='bbox 1646 5341 1848 5407; x_wconf 86' lang='lat' dir='ltr'><strong>accepti</strong></span> <span class='ocrx_word' id='word_1_447' title='bbox 1870 5338 2037 5405; x_wconf 88' lang='lat' dir='ltr'><strong>justi,</strong></span> 
     </span>
    </p>
   </div>
   <div class='ocr_carea' id='block_1_57' title="bbox 457 5422 2044 5497">
    <p class='ocr_par' dir='ltr' id='par_1_57' title="bbox 457 5422 2044 5497">
     <span class='ocr_line' id='line_1_57' title="bbox 457 5422 2044 5497; baseline 0.008 -25"><span class='ocrx_word' id='word_1_448' title='bbox 457 5431 653 5488; x_wconf 84' lang='lat' dir='ltr'><strong>praeter</strong></span> <span class='ocrx_word' id='word_1_449' title='bbox 681 5422 930 5478; x_wconf 91' lang='lat' dir='ltr'><strong>meritum</strong></span> <span class='ocrx_word' id='word_1_450' title='bbox 962 5424 1098 5480; x_wconf 84' lang='lat' dir='ltr'><strong>bene</strong></span> <span class='ocrx_word' id='word_1_451' title='bbox 1129 5424 1294 5481; x_wconf 88' lang='lat' dir='ltr'><strong>habiti</strong></span> <span class='ocrx_word' id='word_1_452' title='bbox 1329 5427 1511 5497; x_wconf 90' lang='lat' dir='ltr'><strong>injusti</strong></span> <span class='ocrx_word' id='word_1_453' title='bbox 1535 5427 1833 5484; x_wconf 87' lang='lat' dir='ltr'><strong>discedent.</strong></span> <span class='ocrx_word' id='word_1_454' title='bbox 1864 5428 1920 5484; x_wconf 90' lang='lat' dir='ltr'><strong>Si</strong></span> <span class='ocrx_word' id='word_1_455' title='bbox 1949 5445 2044 5484; x_wconf 87' lang='lat' dir='ltr'><strong>au-</strong></span> 
     </span>
    </p>
   </div>
   <div class='ocr_carea' id='block_1_58' title="bbox 457 5514 2042 5590">
    <p class='ocr_par' dir='ltr' id='par_1_58' title="bbox 457 5514 2042 5590">
     <span class='ocr_line' id='line_1_58' title="bbox 457 5514 2042 5590; baseline 0.007 -26"><span class='ocrx_word' id='word_1_456' title='bbox 457 5521 563 5564; x_wconf 90' lang='lat' dir='ltr'><strong>tem</strong></span> <span class='ocrx_word' id='word_1_457' title='bbox 593 5527 678 5566; x_wconf 90' lang='lat' dir='ltr'><strong>res</strong></span> <span class='ocrx_word' id='word_1_458' title='bbox 717 5514 784 5566; x_wconf 91' lang='lat' dir='ltr'><strong>ita</strong></span> <span class='ocrx_word' id='word_1_459' title='bbox 816 5529 874 5569; x_wconf 86' lang='lat' dir='ltr'><strong>se</strong></span> <span class='ocrx_word' id='word_1_460' title='bbox 907 5516 1097 5571; x_wconf 87' lang='lat' dir='ltr'><strong>habeat</strong></span> <span class='ocrx_word' id='word_1_461' title='bbox 1122 5558 1138 5582; x_wconf 94' lang='lat'><strong>,</strong></span> <span class='ocrx_word' id='word_1_462' title='bbox 1165 5518 1433 5588; x_wconf 89' lang='lat' dir='ltr'><strong>quomodo</strong></span> <span class='ocrx_word' id='word_1_463' title='bbox 1462 5534 1580 5573; x_wconf 90' lang='lat' dir='ltr'><strong>esse</strong></span> <span class='ocrx_word' id='word_1_464' title='bbox 1606 5519 1810 5588; x_wconf 84' lang='lat' dir='ltr'><strong>justitia</strong></span> <span class='ocrx_word' id='word_1_465' title='bbox 1839 5521 2042 5590; x_wconf 79' lang='lat' dir='ltr'><strong>possit?</strong></span> 
     </span>
    </p>
   </div>
   <div class='ocr_carea' id='block_1_59' title="bbox 456 5601 2049 5681">
    <p class='ocr_par' dir='ltr' id='par_1_59' title="bbox 456 5601 2049 5681">
     <span class='ocr_line' id='line_1_59' title="bbox 456 5601 2049 5681; baseline 0.004 -23"><span class='ocrx_word' id='word_1_466' title='bbox 456 5601 688 5658; x_wconf 81' lang='lat' dir='ltr'><strong>Necesse</strong></span> <span class='ocrx_word' id='word_1_467' title='bbox 715 5605 856 5660; x_wconf 90' lang='lat' dir='ltr'><strong>enim</strong></span> <span class='ocrx_word' id='word_1_468' title='bbox 886 5615 962 5660; x_wconf 91' lang='lat' dir='ltr'><strong>est</strong></span> <span class='ocrx_word' id='word_1_469' title='bbox 991 5650 1006 5673; x_wconf 95' lang='lat'><strong>,</strong></span> <span class='ocrx_word' id='word_1_470' title='bbox 1037 5623 1159 5664; x_wconf 90' lang='lat' dir='ltr'><strong>esse</strong></span> <span class='ocrx_word' id='word_1_471' title='bbox 1183 5609 1396 5680; x_wconf 92' lang='lat' dir='ltr'><strong>aliquod</strong></span> <span class='ocrx_word' id='word_1_472' title='bbox 1427 5619 1632 5680; x_wconf 83' lang='lat' dir='ltr'><strong>tempus</strong></span> <span class='ocrx_word' id='word_1_473' title='bbox 1659 5622 1779 5681; x_wconf 91' lang='lat' dir='ltr'><strong>post</strong></span> <span class='ocrx_word' id='word_1_474' title='bbox 1807 5611 1944 5666; x_wconf 85' lang='lat' dir='ltr'><strong>hanc</strong></span> <span class='ocrx_word' id='word_1_475' title='bbox 1963 5611 2049 5665; x_wconf 91' lang='lat' dir='ltr'><strong>vi-</strong></span> 
     </span>
    </p>
   </div>
   <div class='ocr_carea' id='block_1_60' title="bbox 455 5696 2036 5771">
    <p class='ocr_par' dir='ltr' id='par_1_60' title="bbox 455 5696 2036 5771">
     <span class='ocr_line' id='line_1_60' title="bbox 455 5696 2036 5771; baseline 0.006 -23"><span class='ocrx_word' id='word_1_476' title='bbox 455 5701 586 5764; x_wconf 88' lang='lat' dir='ltr'><strong>tam,</strong></span> <span class='ocrx_word' id='word_1_477' title='bbox 610 5696 664 5748; x_wconf 87' lang='lat' dir='ltr'><strong>in</strong></span> <span class='ocrx_word' id='word_1_478' title='bbox 683 5710 789 5766; x_wconf 83' lang='lat' dir='ltr'><strong>quo</strong></span> <span class='ocrx_word' id='word_1_479' title='bbox 814 5696 1039 5766; x_wconf 82' lang='lat' dir='ltr'><strong>singulis</strong></span> <span class='ocrx_word' id='word_1_480' title='bbox 1071 5714 1170 5771; x_wconf 91' lang='lat' dir='ltr'><strong>pro</strong></span> <span class='ocrx_word' id='word_1_481' title='bbox 1195 5701 1385 5765; x_wconf 87' lang='lat' dir='ltr'><strong>merito</strong></span> <span class='ocrx_word' id='word_1_482' title='bbox 1408 5701 1666 5760; x_wconf 85' lang='lat' dir='ltr'><strong>tribuatur</strong></span> <span class='ocrx_word' id='word_1_483' title='bbox 1691 5718 1703 5754; x_wconf 88' lang='lat'><strong>:</strong></span> <span class='ocrx_word' id='word_1_484' title='bbox 1732 5702 1782 5761; x_wconf 91' lang='lat' dir='ltr'><strong>in</strong></span> <span class='ocrx_word' id='word_1_485' title='bbox 1811 5702 1908 5761; x_wconf 86' lang='lat' dir='ltr'><strong>hac</strong></span> <span class='ocrx_word' id='word_1_486' title='bbox 1933 5703 2036 5761; x_wconf 87' lang='lat' dir='ltr'><strong>vita</strong></span> 
     </span>
    </p>
   </div>
   <div class='ocr_carea' id='block_1_61' title="bbox 1268 265 3082 328">
    <p class='ocr_par' dir='ltr' id='par_1_61' title="bbox 1268 265 3082 328">
     <span class='ocr_line' id='line_1_61' title="bbox 1268 265 3082 328; baseline -0.002 -1"><span class='ocrx_word' id='word_1_487' title='bbox 1268 270 1325 328; x_wconf 90' lang='lat' dir='ltr'><strong>S.</strong></span> <span class='ocrx_word' id='word_1_488' title='bbox 1365 269 1643 328; x_wconf 68' lang='lat' dir='ltr'><strong>JOANNIS</strong></span> <span class='ocrx_word' id='word_1_489' title='bbox 1680 265 2158 328; x_wconf 70' lang='lat' dir='ltr'><strong>CHRYSOSTOMI</strong></span> <span class='ocrx_word' id='word_1_490' title='bbox 2195 266 2512 324; x_wconf 78' lang='lat' dir='ltr'><strong>ARCIIIEP.</strong></span> <span class='ocrx_word' id='word_1_491' title='bbox 2553 266 3082 324; x_wconf 70' lang='lat' dir='ltr'><strong>CONSTANTINOP.</strong></span> 
     </span>
    </p>
   </div>
   <div class='ocr_carea' id='block_1_62' title="bbox 3659 276 3768 332">
    <p class='ocr_par' dir='ltr' id='par_1_62' title="bbox 3659 276 3768 332">
     <span class='ocr_line' id='line_1_62' title="bbox 3659 276 3768 332; baseline 0.018 -2"><span class='ocrx_word' id='word_1_492' title='bbox 3659 276 3768 332; x_wconf 71' lang='grc' dir='ltr'><strong>7ϋό</strong></span> 
     </span>
    </p>
   </div>
   <div class='ocr_carea' id='block_1_63' title="bbox 2175 379 3770 458">
    <p class='ocr_par' dir='ltr' id='par_1_63' title="bbox 2175 379 3770 458">
     <span class='ocr_line' id='line_1_63' title="bbox 2175 379 3770 458; baseline 0.006 -23"><span class='ocrx_word' id='word_1_493' title='bbox 2175 379 2325 435; x_wconf 89' lang='lat' dir='ltr'><strong>enim</strong></span> <span class='ocrx_word' id='word_1_494' title='bbox 2348 379 2448 435; x_wconf 92' lang='lat' dir='ltr'><strong>hoc</strong></span> <span class='ocrx_word' id='word_1_495' title='bbox 2474 394 2577 434; x_wconf 91' lang='lat' dir='ltr'><strong>non</strong></span> <span class='ocrx_word' id='word_1_496' title='bbox 2606 379 2891 434; x_wconf 89' lang='lat' dir='ltr'><strong>invenitur.</strong></span> <span class='ocrx_word' id='word_1_497' title='bbox 2919 379 3011 435; x_wconf 90' lang='lat' dir='ltr'><strong>Sin</strong></span> <span class='ocrx_word' id='word_1_498' title='bbox 3039 380 3141 434; x_wconf 87' lang='lat' dir='ltr'><strong>tale</strong></span> <span class='ocrx_word' id='word_1_499' title='bbox 3162 390 3371 451; x_wconf 88' lang='lat' dir='ltr'><strong>tempus</strong></span> <span class='ocrx_word' id='word_1_500' title='bbox 3395 398 3500 440; x_wconf 91' lang='lat' dir='ltr'><strong>non</strong></span> <span class='ocrx_word' id='word_1_501' title='bbox 3524 387 3614 452; x_wconf 84' lang='lat' dir='ltr'><strong>sit,</strong></span> <span class='ocrx_word' id='word_1_502' title='bbox 3632 404 3770 458; x_wconf 84' lang='lat' dir='ltr'><strong>quo-</strong></span> 
     </span>
    </p>
   </div>
   <div class='ocr_carea' id='block_1_64' title="bbox 2171 470 3765 550">
    <p class='ocr_par' dir='ltr' id='par_1_64' title="bbox 2171 470 3765 550">
     <span class='ocr_line' id='line_1_64' title="bbox 2171 470 3765 550; baseline 0.007 -25"><span class='ocrx_word' id='word_1_503' title='bbox 2171 470 2332 525; x_wconf 88' lang='lat' dir='ltr'><strong>modo</strong></span> <span class='ocrx_word' id='word_1_504' title='bbox 2356 471 2586 540; x_wconf 90' lang='lat' dir='ltr'><strong>quisque</strong></span> <span class='ocrx_word' id='word_1_505' title='bbox 2611 487 2705 540; x_wconf 93' lang='lat' dir='ltr'><strong>pro</strong></span> <span class='ocrx_word' id='word_1_506' title='bbox 2731 472 2922 526; x_wconf 89' lang='lat' dir='ltr'><strong>merito</strong></span> <span class='ocrx_word' id='word_1_507' title='bbox 2945 472 3209 542; x_wconf 85' lang='lat' dir='ltr'><strong>recipiet?</strong></span> <span class='ocrx_word' id='word_1_508' title='bbox 3235 473 3280 528; x_wconf 89' lang='lat' dir='ltr'><strong>si</strong></span> <span class='ocrx_word' id='word_1_509' title='bbox 3309 490 3435 530; x_wconf 89' lang='lat' dir='ltr'><strong>vero</strong></span> <span class='ocrx_word' id='word_1_510' title='bbox 3460 478 3637 534; x_wconf 91' lang='lat' dir='ltr'><strong>nullus</strong></span> <span class='ocrx_word' id='word_1_511' title='bbox 3665 497 3765 550; x_wconf 89' lang='lat' dir='ltr'><strong>pro</strong></span> 
     </span>
    </p>
   </div>
   <div class='ocr_carea' id='block_1_65' title="bbox 2170 564 3760 640">
    <p class='ocr_par' dir='ltr' id='par_1_65' title="bbox 2170 564 3760 640">
     <span class='ocr_line' id='line_1_65' title="bbox 2170 564 3760 640; baseline 0.006 -23"><span class='ocrx_word' id='word_1_512' title='bbox 2170 565 2362 618; x_wconf 90' lang='lat' dir='ltr'><strong>merito</strong></span> <span class='ocrx_word' id='word_1_513' title='bbox 2384 564 2590 633; x_wconf 73' lang='lat' dir='ltr'><strong>recipitJ</strong></span> <span class='ocrx_word' id='word_1_514' title='bbox 2613 579 2743 634; x_wconf 86' lang='lat' dir='ltr'><strong>ergo</strong></span> <span class='ocrx_word' id='word_1_515' title='bbox 2766 565 2904 620; x_wconf 86' lang='lat' dir='ltr'><strong>Deus</strong></span> <span class='ocrx_word' id='word_1_516' title='bbox 2930 565 3222 620; x_wconf 90' lang='lat' dir='ltr'><strong>secundum</strong></span> <span class='ocrx_word' id='word_1_517' title='bbox 3247 575 3298 622; x_wconf 91' lang='lat' dir='ltr'><strong>te</strong></span> <span class='ocrx_word' id='word_1_518' title='bbox 3317 566 3495 637; x_wconf 93' lang='lat' dir='ltr'><strong>justus</strong></span> <span class='ocrx_word' id='word_1_519' title='bbox 3515 587 3623 626; x_wconf 86' lang='lat' dir='ltr'><strong>non</strong></span> <span class='ocrx_word' id='word_1_520' title='bbox 3643 587 3760 640; x_wconf 89' lang='lat' dir='ltr'><strong>est;</strong></span> 
     </span>
    </p>
   </div>
   <div class='ocr_carea' id='block_1_66' title="bbox 2169 655 3761 732">
    <p class='ocr_par' dir='ltr' id='par_1_66' title="bbox 2169 655 3761 732">
     <span class='ocr_line' id='line_1_66' title="bbox 2169 655 3761 732; baseline 0.007 -24"><span class='ocrx_word' id='word_1_521' title='bbox 2169 655 2213 708; x_wconf 89' lang='lat' dir='ltr'><strong>si</strong></span> <span class='ocrx_word' id='word_1_522' title='bbox 2243 655 2382 709; x_wconf 87' lang='lat' dir='ltr'><strong>Deus</strong></span> <span class='ocrx_word' id='word_1_523' title='bbox 2401 655 2579 725; x_wconf 88' lang='lat' dir='ltr'><strong>justus</strong></span> <span class='ocrx_word' id='word_1_524' title='bbox 2605 672 2711 709; x_wconf 91' lang='lat' dir='ltr'><strong>non</strong></span> <span class='ocrx_word' id='word_1_525' title='bbox 2737 665 2839 721; x_wconf 88' lang='lat' dir='ltr'><strong>est,</strong></span> <span class='ocrx_word' id='word_1_526' title='bbox 2865 671 3036 725; x_wconf 91' lang='lat' dir='ltr'><strong>neque</strong></span> <span class='ocrx_word' id='word_1_527' title='bbox 3065 657 3207 711; x_wconf 88' lang='lat' dir='ltr'><strong>Deus</strong></span> <span class='ocrx_word' id='word_1_528' title='bbox 3235 667 3338 712; x_wconf 90' lang='lat' dir='ltr'><strong>est.</strong></span> <span class='ocrx_word' id='word_1_529' title='bbox 3369 658 3474 714; x_wconf 90' lang='lat' dir='ltr'><strong>Sed</strong></span> <span class='ocrx_word' id='word_1_530' title='bbox 3504 660 3761 732; x_wconf 79' lang='lat' dir='ltr'><strong>blasphe-</strong></span> 
     </span>
    </p>
   </div>
   <div class='ocr_carea' id='block_1_67' title="bbox 2167 747 3756 824">
    <p class='ocr_par' dir='ltr' id='par_1_67' title="bbox 2167 747 3756 824">
     <span class='ocr_line' id='line_1_67' title="bbox 2167 747 3756 824; baseline 0.006 -24"><span class='ocrx_word' id='word_1_531' title='bbox 2167 747 2274 801; x_wconf 89' lang='lat' dir='ltr'><strong>mia</strong></span> <span class='ocrx_word' id='word_1_532' title='bbox 2304 749 2355 800; x_wconf 92' lang='lat' dir='ltr'><strong>in</strong></span> <span class='ocrx_word' id='word_1_533' title='bbox 2383 758 2541 817; x_wconf 88' lang='lat' dir='ltr'><strong>caput</strong></span> <span class='ocrx_word' id='word_1_534' title='bbox 2562 762 2772 813; x_wconf 86' lang='lat' dir='ltr'><strong>eorum,</strong></span> <span class='ocrx_word' id='word_1_535' title='bbox 2800 749 2886 816; x_wconf 90' lang='lat' dir='ltr'><strong>qui</strong></span> <span class='ocrx_word' id='word_1_536' title='bbox 2919 762 3016 802; x_wconf 90' lang='lat' dir='ltr'><strong>nos</strong></span> <span class='ocrx_word' id='word_1_537' title='bbox 3041 747 3109 802; x_wconf 93' lang='lat' dir='ltr'><strong>ad</strong></span> <span class='ocrx_word' id='word_1_538' title='bbox 3137 747 3252 803; x_wconf 78' lang='lat' dir='ltr'><strong>haec</strong></span> <span class='ocrx_word' id='word_1_539' title='bbox 3281 749 3507 806; x_wconf 86' lang='lat' dir='ltr'><strong>dicenda</strong></span> <span class='ocrx_word' id='word_1_540' title='bbox 3537 767 3756 824; x_wconf 80' lang='lat' dir='ltr'><strong>compu-</strong></span> 
     </span>
    </p>
   </div>
   <div class='ocr_carea' id='block_1_68' title="bbox 2169 837 3758 914">
    <p class='ocr_par' dir='ltr' id='par_1_68' title="bbox 2169 837 3758 914">
     <span class='ocr_line' id='line_1_68' title="bbox 2169 837 3758 914; baseline 0.006 -23"><span class='ocrx_word' id='word_1_541' title='bbox 2169 839 2361 902; x_wconf 89' lang='lat' dir='ltr'><strong>lerunt,</strong></span> <span class='ocrx_word' id='word_1_542' title='bbox 2389 847 2779 908; x_wconf 87' lang='lat' dir='ltr'><strong>retorqueatur.</strong></span> <span class='ocrx_word' id='word_1_543' title='bbox 2807 837 2993 892; x_wconf 83' lang='lat' dir='ltr'><strong>Videte</strong></span> <span class='ocrx_word' id='word_1_544' title='bbox 3016 839 3068 892; x_wconf 92' lang='lat' dir='ltr'><strong>in</strong></span> <span class='ocrx_word' id='word_1_545' title='bbox 3090 848 3343 908; x_wconf 90' lang='lat' dir='ltr'><strong>quantam</strong></span> <span class='ocrx_word' id='word_1_546' title='bbox 3367 842 3758 914; x_wconf 89' lang='lat' dir='ltr'><strong>blasphemiam</strong></span> 
     </span>
    </p>
   </div>
   <div class='ocr_carea' id='block_1_69' title="bbox 2166 929 3761 1008">
    <p class='ocr_par' dir='ltr' id='par_1_69' title="bbox 2166 929 3761 1008">
     <span class='ocr_line' id='line_1_69' title="bbox 2166 929 3761 1008; baseline 0.008 -26"><span class='ocrx_word' id='word_1_547' title='bbox 2166 929 2337 982; x_wconf 90' lang='lat' dir='ltr'><strong>oratio</strong></span> <span class='ocrx_word' id='word_1_548' title='bbox 2365 938 2611 998; x_wconf 90' lang='lat' dir='ltr'><strong>provecta</strong></span> <span class='ocrx_word' id='word_1_549' title='bbox 2654 930 2741 983; x_wconf 89' lang='lat' dir='ltr'><strong>sit.</strong></span> <span class='ocrx_word' id='word_1_550' title='bbox 2777 929 2969 984; x_wconf 88' lang='lat' dir='ltr'><strong>Verqu</strong></span> <span class='ocrx_word' id='word_1_551' title='bbox 3014 931 3155 1001; x_wconf 90' lang='lat' dir='ltr'><strong>quod</strong></span> <span class='ocrx_word' id='word_1_552' title='bbox 3201 933 3340 989; x_wconf 92' lang='lat' dir='ltr'><strong>Deus</strong></span> <span class='ocrx_word' id='word_1_553' title='bbox 3378 935 3481 1004; x_wconf 84' lang='lat' dir='ltr'><strong>sit,</strong></span> <span class='ocrx_word' id='word_1_554' title='bbox 3511 952 3599 992; x_wconf 90' lang='lat' dir='ltr'><strong>res</strong></span> <span class='ocrx_word' id='word_1_555' title='bbox 3629 939 3761 1008; x_wconf 72' lang='lat' dir='ltr'><strong>ipsa:</strong></span> 
     </span>
    </p>
   </div>
   <div class='ocr_carea' id='block_1_70' title="bbox 2165 1021 3762 1100">
    <p class='ocr_par' dir='ltr' id='par_1_70' title="bbox 2165 1021 3762 1100">
     <span class='ocr_line' id='line_1_70' title="bbox 2165 1021 3762 1100; baseline 0.009 -28"><span class='ocrx_word' id='word_1_556' title='bbox 2165 1021 2438 1076; x_wconf 88' lang='lat' dir='ltr'><strong>clamant:</strong></span> <span class='ocrx_word' id='word_1_557' title='bbox 2471 1031 2526 1076; x_wconf 91' lang='lat' dir='ltr'><strong>et</strong></span> <span class='ocrx_word' id='word_1_558' title='bbox 2569 1031 2960 1092; x_wconf 88' lang='lat' dir='ltr'><strong>consequenter</strong></span> <span class='ocrx_word' id='word_1_559' title='bbox 2999 1024 3088 1078; x_wconf 90' lang='lat' dir='ltr'><strong>ille</strong></span> <span class='ocrx_word' id='word_1_560' title='bbox 3129 1024 3305 1092; x_wconf 92' lang='lat' dir='ltr'><strong>justus</strong></span> <span class='ocrx_word' id='word_1_561' title='bbox 3341 1038 3421 1083; x_wconf 91' lang='lat' dir='ltr'><strong>est</strong></span> <span class='ocrx_word' id='word_1_562' title='bbox 3448 1046 3462 1082; x_wconf 91' lang='lat'>:</span> <span class='ocrx_word' id='word_1_563' title='bbox 3491 1029 3537 1084; x_wconf 89' lang='lat' dir='ltr'><strong>si</strong></span> <span class='ocrx_word' id='word_1_564' title='bbox 3574 1032 3762 1100; x_wconf 80' lang='lat' dir='ltr'><strong>justus</strong></span> 
     </span>
    </p>
   </div>
   <div class='ocr_carea' id='block_1_71' title="bbox 2165 1111 3758 1192">
    <p class='ocr_par' dir='ltr' id='par_1_71' title="bbox 2165 1111 3758 1192">
     <span class='ocr_line' id='line_1_71' title="bbox 2165 1111 3758 1192; baseline 0.009 -28"><span class='ocrx_word' id='word_1_565' title='bbox 2165 1111 2275 1176; x_wconf 91' lang='lat' dir='ltr'><strong>sit,</strong></span> <span class='ocrx_word' id='word_1_566' title='bbox 2309 1113 2589 1182; x_wconf 91' lang='lat' dir='ltr'><strong>unicuique</strong></span> <span class='ocrx_word' id='word_1_567' title='bbox 2621 1127 2715 1182; x_wconf 89' lang='lat' dir='ltr'><strong>pro</strong></span> <span class='ocrx_word' id='word_1_568' title='bbox 2751 1112 2942 1166; x_wconf 89' lang='lat' dir='ltr'><strong>merito</strong></span> <span class='ocrx_word' id='word_1_569' title='bbox 2967 1115 3216 1168; x_wconf 88' lang='lat' dir='ltr'><strong>retribuit</strong></span> <span class='ocrx_word' id='word_1_570' title='bbox 3243 1134 3256 1168; x_wconf 81' lang='lat' dir='ltr'><em>z</em></span> <span class='ocrx_word' id='word_1_571' title='bbox 3280 1117 3324 1181; x_wconf 93' lang='lat' dir='ltr'><strong>s_i</strong></span> <span class='ocrx_word' id='word_1_572' title='bbox 3351 1117 3634 1191; x_wconf 90' lang='lat' dir='ltr'><strong>unicuique</strong></span> <span class='ocrx_word' id='word_1_573' title='bbox 3658 1138 3758 1192; x_wconf 90' lang='lat' dir='ltr'><strong>pro</strong></span> 
     </span>
    </p>
   </div>
   <div class='ocr_carea' id='block_1_72' title="bbox 2166 1203 3754 1283">
    <p class='ocr_par' dir='ltr' id='par_1_72' title="bbox 2166 1203 3754 1283">
     <span class='ocr_line' id='line_1_72' title="bbox 2166 1203 3754 1283; baseline 0.009 -27"><span class='ocrx_word' id='word_1_574' title='bbox 2166 1203 2357 1257; x_wconf 89' lang='lat' dir='ltr'><strong>merito</strong></span> <span class='ocrx_word' id='word_1_575' title='bbox 2383 1205 2648 1270; x_wconf 90' lang='lat' dir='ltr'><strong>retribuit,</strong></span> <span class='ocrx_word' id='word_1_576' title='bbox 2675 1220 2895 1260; x_wconf 84' lang='lat' dir='ltr'><strong>necesse</strong></span> <span class='ocrx_word' id='word_1_577' title='bbox 2918 1215 3001 1262; x_wconf 90' lang='lat' dir='ltr'><strong>est</strong></span> <span class='ocrx_word' id='word_1_578' title='bbox 3029 1218 3147 1277; x_wconf 87' lang='lat' dir='ltr'><strong>post</strong></span> <span class='ocrx_word' id='word_1_579' title='bbox 3174 1207 3287 1264; x_wconf 64' lang='lat' dir='ltr'><strong>ltaac</strong></span> <span class='ocrx_word' id='word_1_580' title='bbox 3311 1210 3457 1266; x_wconf 86' lang='lat' dir='ltr'><strong>aliud</strong></span> <span class='ocrx_word' id='word_1_581' title='bbox 3480 1213 3754 1283; x_wconf 85' lang='lat' dir='ltr'><strong>quoddam</strong></span> 
     </span>
    </p>
   </div>
   <div class='ocr_carea' id='block_1_73' title="bbox 2164 1297 3756 1375">
    <p class='ocr_par' dir='ltr' id='par_1_73' title="bbox 2164 1297 3756 1375">
     <span class='ocr_line' id='line_1_73' title="bbox 2164 1297 3756 1375; baseline 0.009 -28"><span class='ocrx_word' id='word_1_582' title='bbox 2164 1309 2284 1348; x_wconf 89' lang='lat' dir='ltr'><strong>esse</strong></span> <span class='ocrx_word' id='word_1_583' title='bbox 2314 1303 2544 1365; x_wconf 89' lang='lat' dir='ltr'><strong>tempus,</strong></span> <span class='ocrx_word' id='word_1_584' title='bbox 2571 1311 2676 1366; x_wconf 93' lang='lat' dir='ltr'><strong>quo</strong></span> <span class='ocrx_word' id='word_1_585' title='bbox 2697 1297 3062 1368; x_wconf 90' lang='lat' dir='ltr'><strong>unusquisque</strong></span> <span class='ocrx_word' id='word_1_586' title='bbox 3089 1315 3184 1369; x_wconf 91' lang='lat' dir='ltr'><strong>pro</strong></span> <span class='ocrx_word' id='word_1_587' title='bbox 3210 1302 3401 1356; x_wconf 91' lang='lat' dir='ltr'><strong>merito</strong></span> <span class='ocrx_word' id='word_1_588' title='bbox 3423 1304 3672 1375; x_wconf 89' lang='lat' dir='ltr'><strong>accipiet,</strong></span> <span class='ocrx_word' id='word_1_589' title='bbox 3699 1317 3756 1362; x_wconf 90' lang='lat' dir='ltr'><strong>et</strong></span> 
     </span>
    </p>
   </div>
   <div class='ocr_carea' id='block_1_74' title="bbox 2166 1387 3753 1467">
    <p class='ocr_par' dir='ltr' id='par_1_74' title="bbox 2166 1387 3753 1467">
     <span class='ocr_line' id='line_1_74' title="bbox 2166 1387 3753 1467; baseline 0.01 -30"><span class='ocrx_word' id='word_1_590' title='bbox 2166 1399 2263 1453; x_wconf 94' lang='lat' dir='ltr'><strong>pro</strong></span> <span class='ocrx_word' id='word_1_591' title='bbox 2283 1387 2445 1454; x_wconf 82' lang='lat' dir='ltr'><strong>gestis</strong></span> <span class='ocrx_word' id='word_1_592' title='bbox 2471 1387 2582 1441; x_wconf 90' lang='lat' dir='ltr'><strong>suis</strong></span> <span class='ocrx_word' id='word_1_593' title='bbox 2606 1387 2689 1441; x_wconf 88' lang='lat' dir='ltr'><strong>vel</strong></span> <span class='ocrx_word' id='word_1_594' title='bbox 2718 1402 2902 1456; x_wconf 83' lang='lat' dir='ltr'><strong>ptenas</strong></span> <span class='ocrx_word' id='word_1_595' title='bbox 2927 1388 3092 1455; x_wconf 89' lang='lat' dir='ltr'><strong>dabit,</strong></span> <span class='ocrx_word' id='word_1_596' title='bbox 3118 1391 3201 1446; x_wconf 92' lang='lat' dir='ltr'><strong>vel</strong></span> <span class='ocrx_word' id='word_1_597' title='bbox 3229 1393 3504 1461; x_wconf 65' lang='lat' dir='ltr'><strong>praemium</strong></span> <span class='ocrx_word' id='word_1_598' title='bbox 3525 1397 3753 1467; x_wconf 87' lang='lat' dir='ltr'><strong>accipiet</strong></span> 
     </span>
    </p>
   </div>
   <div class='ocr_carea' id='block_1_75' title="bbox 2165 1473 3752 1556">
    <p class='ocr_par' dir='ltr' id='par_1_75' title="bbox 2165 1473 3752 1556">
     <span class='ocr_line' id='line_1_75' title="bbox 2165 1473 3752 1556; baseline 0.009 -27"><span class='ocrx_word' id='word_1_599' title='bbox 2165 1473 2328 1548; x_wconf 83' lang='lat' dir='ltr'><strong>(Gen.</strong></span> <span class='ocrx_word' id='word_1_600' title='bbox 2359 1478 2412 1530; x_wconf 72' lang='grc'><strong>4.</strong></span> <span class='ocrx_word' id='word_1_601' title='bbox 2447 1477 2537 1548; x_wconf 89' lang='grc'><strong>7).</strong></span> <span class='ocrx_word' id='word_1_602' title='bbox 2571 1477 2748 1534; x_wconf 90' lang='lat' dir='ltr'><strong>Sobrii</strong></span> <span class='ocrx_word' id='word_1_603' title='bbox 2785 1479 2953 1534; x_wconf 92' lang='lat' dir='ltr'><strong>simus</strong></span> <span class='ocrx_word' id='word_1_604' title='bbox 2977 1521 2992 1546; x_wconf 93' lang='lat'><strong>,</strong></span> <span class='ocrx_word' id='word_1_605' title='bbox 3024 1479 3204 1536; x_wconf 89' lang='lat' dir='ltr'><strong>dilecti</strong></span> <span class='ocrx_word' id='word_1_606' title='bbox 3236 1501 3249 1534; x_wconf 93' lang='lat'>:</span> <span class='ocrx_word' id='word_1_607' title='bbox 3278 1484 3492 1553; x_wconf 93' lang='lat' dir='ltr'><strong>quidam</strong></span> <span class='ocrx_word' id='word_1_608' title='bbox 3524 1487 3575 1541; x_wconf 96' lang='lat' dir='ltr'><strong>in</strong></span> <span class='ocrx_word' id='word_1_609' title='bbox 3598 1487 3752 1556; x_wconf 81' lang='lat' dir='ltr'><strong>igno-</strong></span> 
     </span>
    </p>
   </div>
   <div class='ocr_carea' id='block_1_76' title="bbox 2163 1567 3749 1650">
    <p class='ocr_par' dir='ltr' id='par_1_76' title="bbox 2163 1567 3749 1650">
     <span class='ocr_line' id='line_1_76' title="bbox 2163 1567 3749 1650; baseline 0.009 -30"><span class='ocrx_word' id='word_1_610' title='bbox 2163 1567 2335 1621; x_wconf 89' lang='lat' dir='ltr'><strong>rantia</strong></span> <span class='ocrx_word' id='word_1_611' title='bbox 2373 1567 2463 1623; x_wconf 90' lang='lat' dir='ltr'><strong>Dei</strong></span> <span class='ocrx_word' id='word_1_612' title='bbox 2497 1578 2806 1634; x_wconf 85' lang='lat' dir='ltr'><strong>versantur,</strong></span> <span class='ocrx_word' id='word_1_613' title='bbox 2845 1584 2942 1624; x_wconf 89' lang='lat' dir='ltr'><strong>nos</strong></span> <span class='ocrx_word' id='word_1_614' title='bbox 2971 1585 3100 1626; x_wconf 90' lang='lat' dir='ltr'><strong>vero</strong></span> <span class='ocrx_word' id='word_1_615' title='bbox 3133 1573 3298 1628; x_wconf 90' lang='lat' dir='ltr'><strong>sobrii</strong></span> <span class='ocrx_word' id='word_1_616' title='bbox 3329 1575 3526 1643; x_wconf 90' lang='lat' dir='ltr'><strong>simus,</strong></span> <span class='ocrx_word' id='word_1_617' title='bbox 3559 1579 3749 1650; x_wconf 83' lang='lat' dir='ltr'><strong>vigile-</strong></span> 
     </span>
    </p>
   </div>
   <div class='ocr_carea' id='block_1_77' title="bbox 2162 1657 3743 1738">
    <p class='ocr_par' dir='ltr' id='par_1_77' title="bbox 2162 1657 3743 1738">
     <span class='ocr_line' id='line_1_77' title="bbox 2162 1657 3743 1738; baseline 0.009 -28"><span class='ocrx_word' id='word_1_618' title='bbox 2162 1670 2302 1735; x_wconf 76' lang='lat' dir='ltr'><strong>mus.</strong></span> <span class='ocrx_word' id='word_1_619' title='bbox 2346 1657 2604 1725; x_wconf 87' lang='lat' dir='ltr'><strong>Peccasti,</strong></span> <span class='ocrx_word' id='word_1_620' title='bbox 2629 1675 2696 1714; x_wconf 89' lang='lat' dir='ltr'><strong>ne</strong></span> <span class='ocrx_word' id='word_1_621' title='bbox 2727 1659 2892 1715; x_wconf 89' lang='lat' dir='ltr'><strong>addas</strong></span> <span class='ocrx_word' id='word_1_622' title='bbox 2935 1661 3124 1716; x_wconf 89' lang='lat' dir='ltr'><strong>iterum</strong></span> <span class='ocrx_word' id='word_1_623' title='bbox 3157 1680 3172 1717; x_wconf 86' lang='lat'><strong>:</strong></span> <span class='ocrx_word' id='word_1_624' title='bbox 3206 1667 3456 1732; x_wconf 89' lang='lat' dir='ltr'><strong>peccasti,</strong></span> <span class='ocrx_word' id='word_1_625' title='bbox 3482 1669 3699 1738; x_wconf 89' lang='lat' dir='ltr'><strong>quiesce</strong></span> <span class='ocrx_word' id='word_1_626' title='bbox 3727 1687 3743 1724; x_wconf 89' lang='lat'><strong>:</strong></span> 
     </span>
    </p>
   </div>
   <div class='ocr_carea' id='block_1_78' title="bbox 2163 1752 3748 1835">
    <p class='ocr_par' dir='ltr' id='par_1_78' title="bbox 2163 1752 3748 1835">
     <span class='ocr_line' id='line_1_78' title="bbox 2163 1752 3748 1835; baseline 0.011 -32"><span class='ocrx_word' id='word_1_627' title='bbox 2163 1752 2432 1818; x_wconf 89' lang='lat' dir='ltr'><strong>peccasti,</strong></span> <span class='ocrx_word' id='word_1_628' title='bbox 2466 1767 2534 1807; x_wconf 92' lang='lat' dir='ltr'><strong>ne</strong></span> <span class='ocrx_word' id='word_1_629' title='bbox 2563 1763 2850 1808; x_wconf 89' lang='lat' dir='ltr'><strong>connectas</strong></span> <span class='ocrx_word' id='word_1_630' title='bbox 2888 1754 2970 1810; x_wconf 89' lang='lat' dir='ltr'><strong>bis</strong></span> <span class='ocrx_word' id='word_1_631' title='bbox 3015 1767 3253 1824; x_wconf 90' lang='lat' dir='ltr'><strong>peccata.</strong></span> <span class='ocrx_word' id='word_1_632' title='bbox 3293 1759 3403 1816; x_wconf 85' lang='lat' dir='ltr'><strong>Nos</strong></span> <span class='ocrx_word' id='word_1_633' title='bbox 3431 1777 3558 1817; x_wconf 89' lang='lat' dir='ltr'><strong>vero</strong></span> <span class='ocrx_word' id='word_1_634' title='bbox 3584 1764 3748 1835; x_wconf 85' lang='lat' dir='ltr'><strong>tripla</strong></span> 
     </span>
    </p>
   </div>
   <div class='ocr_carea' id='block_1_79' title="bbox 2163 1843 3749 1921">
    <p class='ocr_par' dir='ltr' id='par_1_79' title="bbox 2163 1843 3749 1921">
     <span class='ocr_line' id='line_1_79' title="bbox 2163 1843 3749 1921; baseline 0.011 -25"><span class='ocrx_word' id='word_1_635' title='bbox 2163 1851 2216 1897; x_wconf 88' lang='lat' dir='ltr'><strong>et</strong></span> <span class='ocrx_word' id='word_1_636' title='bbox 2252 1843 2545 1916; x_wconf 90' lang='lat' dir='ltr'><strong>quadrupla</strong></span> <span class='ocrx_word' id='word_1_637' title='bbox 2587 1848 2956 1903; x_wconf 90' lang='lat' dir='ltr'><strong>conuectimus</strong></span> <span class='ocrx_word' id='word_1_638' title='bbox 2979 1890 2994 1915; x_wconf 95' lang='lat'><strong>,</strong></span> <span class='ocrx_word' id='word_1_639' title='bbox 3029 1849 3210 1904; x_wconf 91' lang='lat' dir='ltr'><strong>talium</strong></span> <span class='ocrx_word' id='word_1_640' title='bbox 3239 1852 3546 1921; x_wconf 90' lang='lat' dir='ltr'><strong>opinionum</strong></span> <span class='ocrx_word' id='word_1_641' title='bbox 3578 1871 3749 1914; x_wconf 89' lang='lat' dir='ltr'><strong>onere</strong></span> 
     </span>
    </p>
   </div>
   <div class='ocr_carea' id='block_1_80' title="bbox 2161 1937 3746 2015">
    <p class='ocr_par' dir='ltr' id='par_1_80' title="bbox 2161 1937 3746 2015">
     <span class='ocr_line' id='line_1_80' title="bbox 2161 1937 3746 2015; baseline 0.009 -26"><span class='ocrx_word' id='word_1_642' title='bbox 2161 1937 2430 1992; x_wconf 88' lang='lat' dir='ltr'><strong>mentibus</strong></span> <span class='ocrx_word' id='word_1_643' title='bbox 2461 1939 2658 1994; x_wconf 90' lang='lat' dir='ltr'><strong>nostris</strong></span> <span class='ocrx_word' id='word_1_644' title='bbox 2697 1939 2964 2010; x_wconf 91' lang='lat' dir='ltr'><strong>imposito.</strong></span> <span class='ocrx_word' id='word_1_645' title='bbox 2997 1941 3235 1998; x_wconf 87' lang='lat' dir='ltr'><strong>Peceasti</strong></span> <span class='ocrx_word' id='word_1_646' title='bbox 3259 1985 3276 2009; x_wconf 92' lang='lat'><strong>,</strong></span> <span class='ocrx_word' id='word_1_647' title='bbox 3304 1959 3532 2015; x_wconf 82' lang='lat' dir='ltr'><strong>agnosce</strong></span> <span class='ocrx_word' id='word_1_648' title='bbox 3561 1947 3746 2003; x_wconf 79' lang='lat' dir='ltr'><strong>Domi-</strong></span> 
     </span>
    </p>
   </div>
   <div class='ocr_carea' id='block_1_81' title="bbox 2162 2029 3745 2108">
    <p class='ocr_par' dir='ltr' id='par_1_81' title="bbox 2162 2029 3745 2108">
     <span class='ocr_line' id='line_1_81' title="bbox 2162 2029 3745 2108; baseline 0.01 -27"><span class='ocrx_word' id='word_1_649' title='bbox 2162 2042 2288 2082; x_wconf 92' lang='lat' dir='ltr'><strong>num</strong></span> <span class='ocrx_word' id='word_1_650' title='bbox 2331 2029 2728 2086; x_wconf 85' lang='lat' dir='ltr'><strong>misericordem</strong></span> <span class='ocrx_word' id='word_1_651' title='bbox 2754 2073 2770 2098; x_wconf 94' lang='lat'><strong>,</strong></span> <span class='ocrx_word' id='word_1_652' title='bbox 2807 2033 3092 2104; x_wconf 87' lang='lat' dir='ltr'><strong>benignum</strong></span> <span class='ocrx_word' id='word_1_653' title='bbox 3115 2074 3130 2098; x_wconf 96' lang='lat'><strong>,</strong></span> <span class='ocrx_word' id='word_1_654' title='bbox 3173 2035 3368 2090; x_wconf 90' lang='lat' dir='ltr'><strong>bonum</strong></span> <span class='ocrx_word' id='word_1_655' title='bbox 3389 2079 3404 2102; x_wconf 90' lang='lat'><strong>,</strong></span> <span class='ocrx_word' id='word_1_656' title='bbox 3437 2039 3702 2096; x_wconf 85' lang='lat' dir='ltr'><strong>medicum</strong></span> <span class='ocrx_word' id='word_1_657' title='bbox 3726 2085 3745 2108; x_wconf 95' lang='lat'><strong>,</strong></span> 
     </span>
    </p>
   </div>
   <div class='ocr_carea' id='block_1_82' title="bbox 2161 2119 3746 2194">
    <p class='ocr_par' dir='ltr' id='par_1_82' title="bbox 2161 2119 3746 2194">
     <span class='ocr_line' id='line_1_82' title="bbox 2161 2119 3746 2194; baseline 0.008 -21"><span class='ocrx_word' id='word_1_658' title='bbox 2161 2119 2578 2188; x_wconf 88' lang='lat' dir='ltr'><strong>coudonantem,</strong></span> <span class='ocrx_word' id='word_1_659' title='bbox 2606 2121 2953 2189; x_wconf 81' lang='lat' dir='ltr'><strong>exorabilem,</strong></span> <span class='ocrx_word' id='word_1_660' title='bbox 2981 2124 3317 2194; x_wconf 82' lang='lat' dir='ltr'><strong>placabilem.</strong></span> <span class='ocrx_word' id='word_1_661' title='bbox 3340 2127 3529 2182; x_wconf 80' lang='lat' dir='ltr'><strong>Annon</strong></span> <span class='ocrx_word' id='word_1_662' title='bbox 3549 2129 3746 2186; x_wconf 90' lang='lat' dir='ltr'><strong>audisti</strong></span> 
     </span>
    </p>
   </div>
   <div class='ocr_carea' id='block_1_83' title="bbox 2158 2209 3747 2284">
    <p class='ocr_par' dir='ltr' id='par_1_83' title="bbox 2158 2209 3747 2284">
     <span class='ocr_line' id='line_1_83' title="bbox 2158 2209 3747 2284; baseline 0.008 -22"><span class='ocrx_word' id='word_1_663' title='bbox 2158 2209 2302 2280; x_wconf 92' lang='lat' dir='ltr'><strong>quod</strong></span> <span class='ocrx_word' id='word_1_664' title='bbox 2337 2210 2523 2266; x_wconf 90' lang='lat' dir='ltr'><strong>decem</strong></span> <span class='ocrx_word' id='word_1_665' title='bbox 2565 2212 2730 2267; x_wconf 86' lang='lat' dir='ltr'><strong>millia</strong></span> <span class='ocrx_word' id='word_1_666' title='bbox 2776 2215 2971 2268; x_wconf 90' lang='lat' dir='ltr'><strong>talenta</strong></span> <span class='ocrx_word' id='word_1_667' title='bbox 3017 2213 3228 2284; x_wconf 91' lang='lat' dir='ltr'><strong>quidam</strong></span> <span class='ocrx_word' id='word_1_668' title='bbox 3273 2229 3394 2270; x_wconf 88' lang='lat' dir='ltr'><strong>cum</strong></span> <span class='ocrx_word' id='word_1_669' title='bbox 3433 2216 3747 2276; x_wconf 85' lang='lat' dir='ltr'><strong>devorasset</strong></span> 
     </span>
    </p>
   </div>
   <div class='ocr_carea' id='block_1_84' title="bbox 2166 2299 3746 2378">
    <p class='ocr_par' dir='ltr' id='par_1_84' title="bbox 2166 2299 3746 2378">
     <span class='ocr_line' id='line_1_84' title="bbox 2166 2299 3746 2378; baseline 0.01 -26"><span class='ocrx_word' id='word_1_670' title='bbox 2166 2299 2386 2369; x_wconf 71' lang='lat' dir='ltr'><strong>(Matth.</strong></span> <span class='ocrx_word' id='word_1_671' title='bbox 2421 2302 2506 2357; x_wconf 75' lang='grc'><strong>18.</strong></span> <span class='ocrx_word' id='word_1_672' title='bbox 2544 2301 2670 2375; x_wconf 73' lang='grc'><strong>24),</strong></span> <span class='ocrx_word' id='word_1_673' title='bbox 2700 2312 2753 2358; x_wconf 94' lang='lat' dir='ltr'><strong>et</strong></span> <span class='ocrx_word' id='word_1_674' title='bbox 2796 2303 2984 2359; x_wconf 88' lang='lat' dir='ltr'><strong>berilia</strong></span> <span class='ocrx_word' id='word_1_675' title='bbox 3029 2306 3208 2361; x_wconf 90' lang='lat' dir='ltr'><strong>omnia</strong></span> <span class='ocrx_word' id='word_1_676' title='bbox 3252 2308 3389 2362; x_wconf 90' lang='lat' dir='ltr'><strong>bona</strong></span> <span class='ocrx_word' id='word_1_677' title='bbox 3421 2309 3746 2378; x_wconf 80' lang='lat' dir='ltr'><strong>perdidisset</strong></span> 
     </span>
    </p>
   </div>
   <div class='ocr_carea' id='block_1_85' title="bbox 2159 2391 3748 2466">
    <p class='ocr_par' dir='ltr' id='par_1_85' title="bbox 2159 2391 3748 2466">
     <span class='ocr_line' id='line_1_85' title="bbox 2159 2391 3748 2466; baseline 0.008 -20"><span class='ocrx_word' id='word_1_678' title='bbox 2159 2407 2222 2447; x_wconf 91' lang='lat' dir='ltr'><strong>ac</strong></span> <span class='ocrx_word' id='word_1_679' title='bbox 2241 2391 2625 2464; x_wconf 89' lang='lat' dir='ltr'><strong>dissipavisset,</strong></span> <span class='ocrx_word' id='word_1_680' title='bbox 2651 2411 2769 2450; x_wconf 91' lang='lat' dir='ltr'><strong>cum</strong></span> <span class='ocrx_word' id='word_1_681' title='bbox 2793 2405 3008 2466; x_wconf 89' lang='lat' dir='ltr'><strong>paratus</strong></span> <span class='ocrx_word' id='word_1_682' title='bbox 3028 2407 3168 2452; x_wconf 85' lang='lat' dir='ltr'><strong>esset</strong></span> <span class='ocrx_word' id='word_1_683' title='bbox 3188 2397 3254 2452; x_wconf 91' lang='lat' dir='ltr'><strong>ad</strong></span> <span class='ocrx_word' id='word_1_684' title='bbox 3279 2401 3555 2456; x_wconf 90' lang='lat' dir='ltr'><strong>mulierem</strong></span> <span class='ocrx_word' id='word_1_685' title='bbox 3581 2402 3748 2458; x_wconf 77' lang='lat' dir='ltr'><strong>filios-</strong></span> 
     </span>
    </p>
   </div>
   <div class='ocr_carea' id='block_1_86' title="bbox 2159 2487 3743 2564">
    <p class='ocr_par' dir='ltr' id='par_1_86' title="bbox 2159 2487 3743 2564">
     <span class='ocr_line' id='line_1_86' title="bbox 2159 2487 3743 2564; baseline 0.006 -27"><span class='ocrx_word' id='word_1_686' title='bbox 2159 2501 2262 2555; x_wconf 91' lang='lat' dir='ltr'><strong>que</strong></span> <span class='ocrx_word' id='word_1_687' title='bbox 2288 2487 2617 2552; x_wconf 91' lang='lat' dir='ltr'><strong>vendendos,</strong></span> <span class='ocrx_word' id='word_1_688' title='bbox 2649 2498 2708 2542; x_wconf 93' lang='lat' dir='ltr'><strong>ut</strong></span> <span class='ocrx_word' id='word_1_689' title='bbox 2732 2488 2876 2544; x_wconf 82' lang='lat' dir='ltr'><strong>flevit</strong></span> <span class='ocrx_word' id='word_1_690' title='bbox 2905 2489 3100 2555; x_wconf 89' lang='lat' dir='ltr'><strong>solum,</strong></span> <span class='ocrx_word' id='word_1_691' title='bbox 3132 2499 3190 2544; x_wconf 92' lang='lat' dir='ltr'><strong>ut</strong></span> <span class='ocrx_word' id='word_1_692' title='bbox 3219 2489 3382 2560; x_wconf 90' lang='lat' dir='ltr'><strong>pedes</strong></span> <span class='ocrx_word' id='word_1_693' title='bbox 3409 2491 3522 2547; x_wconf 90' lang='lat' dir='ltr'><strong>heri</strong></span> <span class='ocrx_word' id='word_1_694' title='bbox 3549 2495 3743 2564; x_wconf 86' lang='lat' dir='ltr'><strong>attigit,</strong></span> 
     </span>
    </p>
   </div>
   <div class='ocr_carea' id='block_1_87' title="bbox 2160 2578 3745 2640">
    <p class='ocr_par' dir='ltr' id='par_1_87' title="bbox 2160 2578 3745 2640">
     <span class='ocr_line' id='line_1_87' title="bbox 2160 2578 3745 2640; baseline 0.006 -10"><span class='ocrx_word' id='word_1_695' title='bbox 2160 2578 2394 2633; x_wconf 88' lang='lat' dir='ltr'><strong>universi</strong></span> <span class='ocrx_word' id='word_1_696' title='bbox 2423 2579 2561 2634; x_wconf 93' lang='lat' dir='ltr'><strong>illius</strong></span> <span class='ocrx_word' id='word_1_697' title='bbox 2588 2579 2752 2634; x_wconf 92' lang='lat' dir='ltr'><strong>debiti</strong></span> <span class='ocrx_word' id='word_1_698' title='bbox 2794 2580 3165 2636; x_wconf 87' lang='lat' dir='ltr'><strong>remissionem</strong></span> <span class='ocrx_word' id='word_1_699' title='bbox 3194 2581 3436 2636; x_wconf 84' lang='lat' dir='ltr'><strong>invenit?</strong></span> <span class='ocrx_word' id='word_1_700' title='bbox 3475 2583 3567 2639; x_wconf 93' lang='lat' dir='ltr'><strong>Sin</strong></span> <span class='ocrx_word' id='word_1_701' title='bbox 3596 2584 3745 2640; x_wconf 86' lang='lat' dir='ltr'><strong>dicas</strong></span> 
     </span>
    </p>
   </div>
   <div class='ocr_carea' id='block_1_88' title="bbox 2159 2670 3742 2741">
    <p class='ocr_par' dir='ltr' id='par_1_88' title="bbox 2159 2670 3742 2741">
     <span class='ocr_line' id='line_1_88' title="bbox 2159 2670 3742 2741; baseline 0.003 -17"><span class='ocrx_word' id='word_1_702' title='bbox 2159 2671 2304 2726; x_wconf 87' lang='lat' dir='ltr'><strong>illum</strong></span> <span class='ocrx_word' id='word_1_703' title='bbox 2337 2680 2517 2740; x_wconf 89' lang='lat' dir='ltr'><strong>postea</strong></span> <span class='ocrx_word' id='word_1_704' title='bbox 2548 2671 2838 2726; x_wconf 90' lang='lat' dir='ltr'><strong>tortoribus</strong></span> <span class='ocrx_word' id='word_1_705' title='bbox 2865 2670 3116 2726; x_wconf 90' lang='lat' dir='ltr'><strong>traditum</strong></span> <span class='ocrx_word' id='word_1_706' title='bbox 3151 2689 3164 2725; x_wconf 92' lang='lat'><strong>:</strong></span> <span class='ocrx_word' id='word_1_707' title='bbox 3199 2682 3394 2727; x_wconf 90' lang='lat' dir='ltr'><strong>norunt</strong></span> <span class='ocrx_word' id='word_1_708' title='bbox 3419 2688 3634 2730; x_wconf 86' lang='lat' dir='ltr'><strong>causam</strong></span> <span class='ocrx_word' id='word_1_709' title='bbox 3668 2677 3742 2741; x_wconf 91' lang='lat' dir='ltr'><strong>ii,</strong></span> 
     </span>
    </p>
   </div>
   <div class='ocr_carea' id='block_1_89' title="bbox 2157 2763 3744 2833">
    <p class='ocr_par' dir='ltr' id='par_1_89' title="bbox 2157 2763 3744 2833">
     <span class='ocr_line' id='line_1_89' title="bbox 2157 2763 3744 2833; baseline 0.006 -17"><span class='ocrx_word' id='word_1_710' title='bbox 2157 2765 2245 2833; x_wconf 92' lang='lat' dir='ltr'><strong>qui</strong></span> <span class='ocrx_word' id='word_1_711' title='bbox 2276 2763 2550 2818; x_wconf 90' lang='lat' dir='ltr'><strong>historiam</strong></span> <span class='ocrx_word' id='word_1_712' title='bbox 2591 2765 2767 2820; x_wconf 90' lang='lat' dir='ltr'><strong>sciunt</strong></span> <span class='ocrx_word' id='word_1_713' title='bbox 2793 2781 2808 2818; x_wconf 90' lang='lat'><strong>:</strong></span> <span class='ocrx_word' id='word_1_714' title='bbox 2838 2764 2980 2820; x_wconf 91' lang='lat' dir='ltr'><strong>aliud</strong></span> <span class='ocrx_word' id='word_1_715' title='bbox 3023 2765 3152 2820; x_wconf 86' lang='lat' dir='ltr'><strong>mihi</strong></span> <span class='ocrx_word' id='word_1_716' title='bbox 3183 2781 3367 2832; x_wconf 84' lang='lat' dir='ltr'><strong>narras</strong></span> <span class='ocrx_word' id='word_1_717' title='bbox 3397 2767 3744 2827; x_wconf 85' lang='lat' dir='ltr'><strong>humanitatis</strong></span> 
     </span>
    </p>
   </div>
   <div class='ocr_carea' id='block_1_90' title="bbox 2156 2856 3744 2926">
    <p class='ocr_par' dir='ltr' id='par_1_90' title="bbox 2156 2856 3744 2926">
     <span class='ocr_line' id='line_1_90' title="bbox 2156 2856 3744 2926; baseline 0.005 -17"><span class='ocrx_word' id='word_1_718' title='bbox 2156 2866 2549 2926; x_wconf 88' lang='lat' dir='ltr'><strong>argumentum.</strong></span> <span class='ocrx_word' id='word_1_719' title='bbox 2572 2856 2705 2911; x_wconf 89' lang='lat' dir='ltr'><strong>Nam</strong></span> <span class='ocrx_word' id='word_1_720' title='bbox 2734 2866 2786 2911; x_wconf 90' lang='lat' dir='ltr'><strong>et</strong></span> <span class='ocrx_word' id='word_1_721' title='bbox 2812 2866 2936 2915; x_wconf 89' lang='lat' dir='ltr'><strong>tunc</strong></span> <span class='ocrx_word' id='word_1_722' title='bbox 2963 2857 3109 2912; x_wconf 91' lang='lat' dir='ltr'><strong>illum</strong></span> <span class='ocrx_word' id='word_1_723' title='bbox 3139 2861 3420 2914; x_wconf 87' lang='lat' dir='ltr'><strong>miseratus</strong></span> <span class='ocrx_word' id='word_1_724' title='bbox 3442 2860 3663 2925; x_wconf 89' lang='lat' dir='ltr'><strong>dimisit,</strong></span> <span class='ocrx_word' id='word_1_725' title='bbox 3687 2872 3744 2917; x_wconf 88' lang='lat' dir='ltr'><strong>et</strong></span> 
     </span>
    </p>
   </div>
   <div class='ocr_carea' id='block_1_91' title="bbox 2157 2949 3746 3023">
    <p class='ocr_par' dir='ltr' id='par_1_91' title="bbox 2157 2949 3746 3023">
     <span class='ocr_line' id='line_1_91' title="bbox 2157 2949 3746 3023; baseline 0.002 -21"><span class='ocrx_word' id='word_1_726' title='bbox 2157 2962 2341 3002; x_wconf 89' lang='lat' dir='ltr'><strong>rursus</strong></span> <span class='ocrx_word' id='word_1_727' title='bbox 2361 2949 2521 3002; x_wconf 91' lang='lat' dir='ltr'><strong>alium</strong></span> <span class='ocrx_word' id='word_1_728' title='bbox 2549 2950 2834 3004; x_wconf 90' lang='lat' dir='ltr'><strong>miseratus</strong></span> <span class='ocrx_word' id='word_1_729' title='bbox 2860 2965 2978 3003; x_wconf 92' lang='lat' dir='ltr'><strong>cum</strong></span> <span class='ocrx_word' id='word_1_730' title='bbox 3009 2949 3060 3003; x_wconf 90' lang='lat' dir='ltr'><strong>in</strong></span> <span class='ocrx_word' id='word_1_731' title='bbox 3088 2965 3355 3005; x_wconf 89' lang='lat' dir='ltr'><strong>carcerem</strong></span> <span class='ocrx_word' id='word_1_732' title='bbox 3379 2952 3746 3023; x_wconf 81' lang='lat' dir='ltr'><strong>conjecitzsic-</strong></span> 
     </span>
    </p>
   </div>
   <div class='ocr_carea' id='block_1_92' title="bbox 2156 3039 3740 3112">
    <p class='ocr_par' dir='ltr' id='par_1_92' title="bbox 2156 3039 3740 3112">
     <span class='ocr_line' id='line_1_92' title="bbox 2156 3039 3740 3112; baseline 0.001 -14"><span class='ocrx_word' id='word_1_733' title='bbox 2156 3052 2216 3098; x_wconf 90' lang='lat' dir='ltr'><strong>ut</strong></span> <span class='ocrx_word' id='word_1_734' title='bbox 2275 3039 2396 3094; x_wconf 91' lang='lat' dir='ltr'><strong>huic</strong></span> <span class='ocrx_word' id='word_1_735' title='bbox 2436 3049 2560 3096; x_wconf 94' lang='lat' dir='ltr'><strong>tunc</strong></span> <span class='ocrx_word' id='word_1_736' title='bbox 2586 3055 2741 3110; x_wconf 92' lang='lat' dir='ltr'><strong>opem</strong></span> <span class='ocrx_word' id='word_1_737' title='bbox 2780 3042 2932 3107; x_wconf 92' lang='lat' dir='ltr'><strong>tulit,</strong></span> <span class='ocrx_word' id='word_1_738' title='bbox 2963 3042 3033 3096; x_wconf 91' lang='lat' dir='ltr'><strong>ita</strong></span> <span class='ocrx_word' id='word_1_739' title='bbox 3065 3056 3205 3096; x_wconf 92' lang='lat' dir='ltr'><strong>nunc</strong></span> <span class='ocrx_word' id='word_1_740' title='bbox 3235 3041 3310 3096; x_wconf 93' lang='lat' dir='ltr'><strong>illi</strong></span> <span class='ocrx_word' id='word_1_741' title='bbox 3341 3043 3579 3100; x_wconf 90' lang='lat' dir='ltr'><strong>subsidio</strong></span> <span class='ocrx_word' id='word_1_742' title='bbox 3606 3043 3740 3112; x_wconf 86' lang='lat' dir='ltr'><strong>fuit;</strong></span> 
     </span>
    </p>
   </div>
   <div class='ocr_carea' id='block_1_93' title="bbox 2157 3127 3735 3202">
    <p class='ocr_par' dir='ltr' id='par_1_93' title="bbox 2157 3127 3735 3202">
     <span class='ocr_line' id='line_1_93' title="bbox 2157 3127 3735 3202; baseline 0.005 -20"><span class='ocrx_word' id='word_1_743' title='bbox 2157 3127 2297 3185; x_wconf 92' lang='lat' dir='ltr'><strong>hunc</strong></span> <span class='ocrx_word' id='word_1_744' title='bbox 2327 3131 2396 3184; x_wconf 92' lang='lat' dir='ltr'><strong>ita</strong></span> <span class='ocrx_word' id='word_1_745' title='bbox 2427 3133 2664 3202; x_wconf 90' lang='lat' dir='ltr'><strong>accepit,</strong></span> <span class='ocrx_word' id='word_1_746' title='bbox 2696 3141 2751 3186; x_wconf 91' lang='lat' dir='ltr'><strong>ut</strong></span> <span class='ocrx_word' id='word_1_747' title='bbox 2779 3131 3014 3188; x_wconf 90' lang='lat' dir='ltr'><strong>erudiret</strong></span> <span class='ocrx_word' id='word_1_748' title='bbox 3043 3148 3110 3187; x_wconf 88' lang='lat' dir='ltr'><strong>ne</strong></span> <span class='ocrx_word' id='word_1_749' title='bbox 3146 3132 3376 3188; x_wconf 89' lang='lat' dir='ltr'><strong>crudelis</strong></span> <span class='ocrx_word' id='word_1_750' title='bbox 3398 3144 3453 3189; x_wconf 90' lang='lat' dir='ltr'><strong>et</strong></span> <span class='ocrx_word' id='word_1_751' title='bbox 3480 3135 3735 3190; x_wconf 86' lang='lat' dir='ltr'><strong>inhuma-</strong></span> 
     </span>
    </p>
   </div>
   <div class='ocr_carea' id='block_1_94' title="bbox 2155 3223 3743 3288">
    <p class='ocr_par' dir='ltr' id='par_1_94' title="bbox 2155 3223 3743 3288">
     <span class='ocr_line' id='line_1_94' title="bbox 2155 3223 3743 3288; baseline 0.004 -13"><span class='ocrx_word' id='word_1_752' title='bbox 2155 3237 2258 3276; x_wconf 90' lang='lat' dir='ltr'><strong>nus</strong></span> <span class='ocrx_word' id='word_1_753' title='bbox 2284 3231 2454 3288; x_wconf 89' lang='lat' dir='ltr'><strong>esset;</strong></span> <span class='ocrx_word' id='word_1_754' title='bbox 2489 3223 2636 3277; x_wconf 90' lang='lat' dir='ltr'><strong>illum</strong></span> <span class='ocrx_word' id='word_1_755' title='bbox 2666 3239 2793 3278; x_wconf 88' lang='lat' dir='ltr'><strong>vero</strong></span> <span class='ocrx_word' id='word_1_756' title='bbox 2811 3264 2826 3288; x_wconf 95' lang='lat'><strong>,</strong></span> <span class='ocrx_word' id='word_1_757' title='bbox 2864 3232 2924 3277; x_wconf 90' lang='lat' dir='ltr'><strong>ut</strong></span> <span class='ocrx_word' id='word_1_758' title='bbox 2952 3239 2982 3278; x_wconf 92' lang='lat' dir='ltr'><strong>a</strong></span> <span class='ocrx_word' id='word_1_759' title='bbox 3008 3223 3056 3278; x_wconf 88' lang='lat' dir='ltr'><strong>vi</strong></span> <span class='ocrx_word' id='word_1_760' title='bbox 3082 3233 3136 3278; x_wconf 89' lang='lat' dir='ltr'><strong>et</strong></span> <span class='ocrx_word' id='word_1_761' title='bbox 3167 3223 3496 3280; x_wconf 86' lang='lat' dir='ltr'><strong>immanitate</strong></span> <span class='ocrx_word' id='word_1_762' title='bbox 3523 3226 3743 3281; x_wconf 84' lang='lat' dir='ltr'><strong>alterius</strong></span> 
     </span>
    </p>
   </div>
   <div class='ocr_carea' id='block_1_95' title="bbox 2157 3312 3739 3378">
    <p class='ocr_par' dir='ltr' id='par_1_95' title="bbox 2157 3312 3739 3378">
     <span class='ocr_line' id='line_1_95' title="bbox 2157 3312 3739 3378; baseline 0.003 -12"><span class='ocrx_word' id='word_1_763' title='bbox 2157 3312 2430 3368; x_wconf 89' lang='lat' dir='ltr'><strong>liberaret.</strong></span> <span class='ocrx_word' id='word_1_764' title='bbox 2465 3313 2680 3378; x_wconf 78' lang='lat' dir='ltr'><strong>Videte,</strong></span> <span class='ocrx_word' id='word_1_765' title='bbox 2712 3313 2889 3368; x_wconf 89' lang='lat' dir='ltr'><strong>dilecti</strong></span> <span class='ocrx_word' id='word_1_766' title='bbox 2915 3330 2932 3369; x_wconf 73' lang='lat'><strong>2</strong></span> <span class='ocrx_word' id='word_1_767' title='bbox 2961 3315 3098 3370; x_wconf 89' lang='lat' dir='ltr'><strong>bene</strong></span> <span class='ocrx_word' id='word_1_768' title='bbox 3135 3315 3264 3368; x_wconf 90' lang='lat' dir='ltr'><strong>mihi</strong></span> <span class='ocrx_word' id='word_1_769' title='bbox 3296 3315 3434 3370; x_wconf 91' lang='lat' dir='ltr'><strong>inter</strong></span> <span class='ocrx_word' id='word_1_770' title='bbox 3455 3315 3739 3371; x_wconf 82' lang='lat' dir='ltr'><strong>dicendum</strong></span> 
     </span>
    </p>
   </div>
   <div class='ocr_carea' id='block_1_96' title="bbox 2157 3405 3743 3476">
    <p class='ocr_par' dir='ltr' id='par_1_96' title="bbox 2157 3405 3743 3476">
     <span class='ocr_line' id='line_1_96' title="bbox 2157 3405 3743 3476; baseline 0.003 -18"><span class='ocrx_word' id='word_1_771' title='bbox 2157 3406 2301 3460; x_wconf 89' lang='lat' dir='ltr'><strong>venit</strong></span> <span class='ocrx_word' id='word_1_772' title='bbox 2329 3406 2379 3459; x_wconf 91' lang='lat' dir='ltr'><strong>in</strong></span> <span class='ocrx_word' id='word_1_773' title='bbox 2411 3414 2642 3462; x_wconf 88' lang='lat' dir='ltr'><strong>mentem</strong></span> <span class='ocrx_word' id='word_1_774' title='bbox 2679 3405 2795 3459; x_wconf 82' lang='lat' dir='ltr'><strong>haec</strong></span> <span class='ocrx_word' id='word_1_775' title='bbox 2823 3405 3074 3476; x_wconf 89' lang='lat' dir='ltr'><strong>c0gitatio</strong></span> <span class='ocrx_word' id='word_1_776' title='bbox 3105 3424 3120 3460; x_wconf 89' lang='lat'><strong>:</strong></span> <span class='ocrx_word' id='word_1_777' title='bbox 3151 3405 3419 3475; x_wconf 89' lang='lat' dir='ltr'><strong>quomodo</strong></span> <span class='ocrx_word' id='word_1_778' title='bbox 3450 3421 3555 3462; x_wconf 92' lang='lat' dir='ltr'><strong>non</strong></span> <span class='ocrx_word' id='word_1_779' title='bbox 3581 3407 3743 3462; x_wconf 90' lang='lat' dir='ltr'><strong>modo</strong></span> 
     </span>
    </p>
   </div>
   <div class='ocr_carea' id='block_1_97' title="bbox 2154 3496 3737 3568">
    <p class='ocr_par' dir='ltr' id='par_1_97' title="bbox 2154 3496 3737 3568">
     <span class='ocr_line' id='line_1_97' title="bbox 2154 3496 3737 3568; baseline 0.002 -18"><span class='ocrx_word' id='word_1_780' title='bbox 2154 3496 2418 3567; x_wconf 89' lang='lat' dir='ltr'><strong>cupiditas</strong></span> <span class='ocrx_word' id='word_1_781' title='bbox 2445 3497 2600 3552; x_wconf 90' lang='lat' dir='ltr'><strong>alieni</strong></span> <span class='ocrx_word' id='word_1_782' title='bbox 2621 3537 2637 3562; x_wconf 97' lang='lat'><strong>,</strong></span> <span class='ocrx_word' id='word_1_783' title='bbox 2670 3506 2724 3552; x_wconf 93' lang='lat' dir='ltr'><strong>et</strong></span> <span class='ocrx_word' id='word_1_784' title='bbox 2753 3497 3012 3552; x_wconf 92' lang='lat' dir='ltr'><strong>bonorum</strong></span> <span class='ocrx_word' id='word_1_785' title='bbox 3040 3497 3272 3568; x_wconf 88' lang='lat' dir='ltr'><strong>direptio</strong></span> <span class='ocrx_word' id='word_1_786' title='bbox 3295 3537 3310 3562; x_wconf 90' lang='lat'><strong>,</strong></span> <span class='ocrx_word' id='word_1_787' title='bbox 3357 3513 3542 3552; x_wconf 88' lang='lat' dir='ltr'><strong>verum</strong></span> <span class='ocrx_word' id='word_1_788' title='bbox 3573 3499 3737 3554; x_wconf 86' lang='lat' dir='ltr'><strong>etiam</strong></span> 
     </span>
    </p>
   </div>
   <div class='ocr_carea' id='block_1_98' title="bbox 2157 3587 3742 3658">
    <p class='ocr_par' dir='ltr' id='par_1_98' title="bbox 2157 3587 3742 3658">
     <span class='ocr_line' id='line_1_98' title="bbox 2157 3587 3742 3658; baseline 0.002 -17"><span class='ocrx_word' id='word_1_789' title='bbox 2157 3587 2540 3643; x_wconf 75' lang='lat' dir='ltr'><strong>misericordize</strong></span> <span class='ocrx_word' id='word_1_790' title='bbox 2570 3588 2814 3644; x_wconf 88' lang='lat' dir='ltr'><strong>defectus</strong></span> <span class='ocrx_word' id='word_1_791' title='bbox 2837 3629 2852 3654; x_wconf 95' lang='lat'><strong>,</strong></span> <span class='ocrx_word' id='word_1_792' title='bbox 2897 3587 3195 3658; x_wconf 88' lang='lat' dir='ltr'><strong>gehennam</strong></span> <span class='ocrx_word' id='word_1_793' title='bbox 3234 3587 3389 3642; x_wconf 88' lang='lat' dir='ltr'><strong>nobis</strong></span> <span class='ocrx_word' id='word_1_794' title='bbox 3426 3589 3608 3658; x_wconf 85' lang='lat' dir='ltr'><strong>pariat.</strong></span> <span class='ocrx_word' id='word_1_795' title='bbox 3639 3589 3742 3644; x_wconf 86' lang='lat' dir='ltr'><strong>Hic</strong></span> 
     </span>
    </p>
   </div>
   <div class='ocr_carea' id='block_1_99' title="bbox 2151 3677 3741 3748">
    <p class='ocr_par' dir='ltr' id='par_1_99' title="bbox 2151 3677 3741 3748">
     <span class='ocr_line' id='line_1_99' title="bbox 2151 3677 3741 3748; baseline 0.001 -16"><span class='ocrx_word' id='word_1_796' title='bbox 2151 3679 2351 3748; x_wconf 88' lang='lat' dir='ltr'><strong>quippe</strong></span> <span class='ocrx_word' id='word_1_797' title='bbox 2371 3719 2386 3744; x_wconf 93' lang='lat'><strong>,</strong></span> <span class='ocrx_word' id='word_1_798' title='bbox 2431 3694 2535 3732; x_wconf 92' lang='lat' dir='ltr'><strong>non</strong></span> <span class='ocrx_word' id='word_1_799' title='bbox 2563 3679 2703 3748; x_wconf 91' lang='lat' dir='ltr'><strong>quod</strong></span> <span class='ocrx_word' id='word_1_800' title='bbox 2729 3679 2901 3734; x_wconf 91' lang='lat' dir='ltr'><strong>aliena</strong></span> <span class='ocrx_word' id='word_1_801' title='bbox 2929 3679 3124 3746; x_wconf 89' lang='lat' dir='ltr'><strong>injuste</strong></span> <span class='ocrx_word' id='word_1_802' title='bbox 3153 3678 3443 3748; x_wconf 85' lang='lat' dir='ltr'><strong>rapuisset,</strong></span> <span class='ocrx_word' id='word_1_803' title='bbox 3472 3677 3566 3733; x_wconf 86' lang='lat' dir='ltr'><strong>sed</strong></span> <span class='ocrx_word' id='word_1_804' title='bbox 3586 3678 3741 3748; x_wconf 90' lang='lat' dir='ltr'><strong>quod</strong></span> 
     </span>
    </p>
   </div>
   <div class='ocr_carea' id='block_1_100' title="bbox 2155 3770 3740 3840">
    <p class='ocr_par' dir='ltr' id='par_1_100' title="bbox 2155 3770 3740 3840">
     <span class='ocr_line' id='line_1_100' title="bbox 2155 3770 3740 3840; baseline 0.003 -16"><span class='ocrx_word' id='word_1_805' title='bbox 2155 3786 2246 3824; x_wconf 93' lang='lat' dir='ltr'><strong>sua</strong></span> <span class='ocrx_word' id='word_1_806' title='bbox 2276 3770 2563 3825; x_wconf 89' lang='lat' dir='ltr'><strong>inhumane</strong></span> <span class='ocrx_word' id='word_1_807' title='bbox 2589 3778 2875 3840; x_wconf 89' lang='lat' dir='ltr'><strong>repeteret,</strong></span> <span class='ocrx_word' id='word_1_808' title='bbox 2909 3771 3197 3826; x_wconf 88' lang='lat' dir='ltr'><strong>tortoribus</strong></span> <span class='ocrx_word' id='word_1_809' title='bbox 3227 3771 3447 3825; x_wconf 80' lang='lat' dir='ltr'><strong>traditus</strong></span> <span class='ocrx_word' id='word_1_810' title='bbox 3471 3780 3572 3826; x_wconf 89' lang='lat' dir='ltr'><strong>est.</strong></span> <span class='ocrx_word' id='word_1_811' title='bbox 3599 3771 3740 3828; x_wconf 90' lang='lat' dir='ltr'><strong>Nam</strong></span> 
     </span>
    </p>
   </div>
   <div class='ocr_carea' id='block_1_101' title="bbox 2154 3860 3738 3932">
    <p class='ocr_par' dir='ltr' id='par_1_101' title="bbox 2154 3860 3738 3932">
     <span class='ocr_line' id='line_1_101' title="bbox 2154 3860 3738 3932; baseline 0.001 -16"><span class='ocrx_word' id='word_1_812' title='bbox 2154 3860 2378 3928; x_wconf 89' lang='lat' dir='ltr'><strong>dicitur,</strong></span> <span class='ocrx_word' id='word_1_813' title='bbox 2411 3861 2560 3916; x_wconf 89' lang='lat' dir='ltr'><strong>illum</strong></span> <span class='ocrx_word' id='word_1_814' title='bbox 2599 3863 2878 3927; x_wconf 89' lang='lat' dir='ltr'><strong>debuisse;</strong></span> <span class='ocrx_word' id='word_1_815' title='bbox 2911 3877 3094 3916; x_wconf 90' lang='lat' dir='ltr'><strong>verum</strong></span> <span class='ocrx_word' id='word_1_816' title='bbox 3125 3862 3332 3917; x_wconf 90' lang='lat' dir='ltr'><strong>etiamsi</strong></span> <span class='ocrx_word' id='word_1_817' title='bbox 3363 3862 3452 3916; x_wconf 90' lang='lat' dir='ltr'><strong>ille</strong></span> <span class='ocrx_word' id='word_1_818' title='bbox 3476 3862 3738 3932; x_wconf 88' lang='lat' dir='ltr'><strong>deberet,</strong></span> 
     </span>
    </p>
   </div>
   <div class='ocr_carea' id='block_1_102' title="bbox 2158 3952 3740 4024">
    <p class='ocr_par' dir='ltr' id='par_1_102' title="bbox 2158 3952 3740 4024">
     <span class='ocr_line' id='line_1_102' title="bbox 2158 3952 3740 4024; baseline 0.002 -17"><span class='ocrx_word' id='word_1_819' title='bbox 2158 3963 2208 4008; x_wconf 92' lang='lat' dir='ltr'><strong>et</strong></span> <span class='ocrx_word' id='word_1_820' title='bbox 2238 3962 2292 4007; x_wconf 94' lang='lat' dir='ltr'><strong>tu</strong></span> <span class='ocrx_word' id='word_1_821' title='bbox 2317 3969 2528 4024; x_wconf 89' lang='lat' dir='ltr'><strong>quoque</strong></span> <span class='ocrx_word' id='word_1_822' title='bbox 2549 3953 2688 4008; x_wconf 93' lang='lat' dir='ltr'><strong>idem</strong></span> <span class='ocrx_word' id='word_1_823' title='bbox 2719 3953 2890 4022; x_wconf 89' lang='lat' dir='ltr'><strong>ipsum</strong></span> <span class='ocrx_word' id='word_1_824' title='bbox 2920 3952 3183 4018; x_wconf 90' lang='lat' dir='ltr'><strong>debebas,</strong></span> <span class='ocrx_word' id='word_1_825' title='bbox 3212 3962 3266 4008; x_wconf 90' lang='lat' dir='ltr'><strong>et</strong></span> <span class='ocrx_word' id='word_1_826' title='bbox 3299 3952 3487 4008; x_wconf 88' lang='lat' dir='ltr'><strong>eadem</strong></span> <span class='ocrx_word' id='word_1_827' title='bbox 3516 3954 3740 4023; x_wconf 69' lang='lat' dir='ltr'><strong>aequitas</strong></span> 
     </span>
    </p>
   </div>
   <div class='ocr_carea' id='block_1_103' title="bbox 2155 4045 3739 4118">
    <p class='ocr_par' dir='ltr' id='par_1_103' title="bbox 2155 4045 3739 4118">
     <span class='ocr_line' id='line_1_103' title="bbox 2155 4045 3739 4118; baseline 0 -16"><span class='ocrx_word' id='word_1_828' title='bbox 2155 4049 2206 4102; x_wconf 91' lang='lat' dir='ltr'><strong>in</strong></span> <span class='ocrx_word' id='word_1_829' title='bbox 2238 4047 2472 4118; x_wconf 90' lang='lat' dir='ltr'><strong>utrisque</strong></span> <span class='ocrx_word' id='word_1_830' title='bbox 2499 4047 2759 4102; x_wconf 87' lang='lat' dir='ltr'><strong>servanda</strong></span> <span class='ocrx_word' id='word_1_831' title='bbox 2786 4055 2921 4104; x_wconf 91' lang='lat' dir='ltr'><strong>erat.</strong></span> <span class='ocrx_word' id='word_1_832' title='bbox 2951 4045 3075 4101; x_wconf 91' lang='lat' dir='ltr'><strong>ldeo</strong></span> <span class='ocrx_word' id='word_1_833' title='bbox 3101 4045 3300 4100; x_wconf 87' lang='lat' dir='ltr'><strong>dimisit</strong></span> <span class='ocrx_word' id='word_1_834' title='bbox 3334 4045 3462 4112; x_wconf 91' lang='lat' dir='ltr'><strong>tibi,</strong></span> <span class='ocrx_word' id='word_1_835' title='bbox 3496 4057 3552 4100; x_wconf 92' lang='lat' dir='ltr'><strong>ut</strong></span> <span class='ocrx_word' id='word_1_836' title='bbox 3584 4060 3739 4102; x_wconf 87' lang='lat' dir='ltr'><strong>suam</strong></span> 
     </span>
    </p>
   </div>
   <div class='ocr_carea' id='block_1_104' title="bbox 2154 4137 3742 4208">
    <p class='ocr_par' dir='ltr' id='par_1_104' title="bbox 2154 4137 3742 4208">
     <span class='ocr_line' id='line_1_104' title="bbox 2154 4137 3742 4208; baseline 0 -16"><span class='ocrx_word' id='word_1_837' title='bbox 2154 4137 2247 4192; x_wconf 90' lang='lat' dir='ltr'><strong>tibi</strong></span> <span class='ocrx_word' id='word_1_838' title='bbox 2287 4138 2594 4193; x_wconf 90' lang='lat' dir='ltr'><strong>ostenderet</strong></span> <span class='ocrx_word' id='word_1_839' title='bbox 2633 4137 3010 4208; x_wconf 89' lang='lat' dir='ltr'><strong>benignitatem</strong></span> <span class='ocrx_word' id='word_1_840' title='bbox 3035 4179 3050 4204; x_wconf 91' lang='lat'><strong>,</strong></span> <span class='ocrx_word' id='word_1_841' title='bbox 3089 4145 3243 4206; x_wconf 90' lang='lat' dir='ltr'><strong>teque</strong></span> <span class='ocrx_word' id='word_1_842' title='bbox 3272 4137 3559 4192; x_wconf 67' lang='lat' dir='ltr'><strong>Dominica‘.</strong></span> <span class='ocrx_word' id='word_1_843' title='bbox 3588 4155 3742 4192; x_wconf 85' lang='lat' dir='ltr'><strong>man-</strong></span> 
     </span>
    </p>
   </div>
   <div class='ocr_carea' id='block_1_105' title="bbox 2153 4227 3742 4293">
    <p class='ocr_par' dir='ltr' id='par_1_105' title="bbox 2153 4227 3742 4293">
     <span class='ocr_line' id='line_1_105' title="bbox 2153 4227 3742 4293; baseline 0.001 -11"><span class='ocrx_word' id='word_1_844' title='bbox 2153 4228 2447 4284; x_wconf 90' lang='lat' dir='ltr'><strong>suetudinis</strong></span> <span class='ocrx_word' id='word_1_845' title='bbox 2469 4227 2832 4283; x_wconf 79' lang='lat' dir='ltr'><strong>tetnulatorem</strong></span> <span class='ocrx_word' id='word_1_846' title='bbox 2857 4227 3123 4284; x_wconf 89' lang='lat' dir='ltr'><strong>redderet.</strong></span> <span class='ocrx_word' id='word_1_847' title='bbox 3156 4228 3414 4293; x_wconf 84' lang='lat' dir='ltr'><strong>Quoniam</strong></span> <span class='ocrx_word' id='word_1_848' title='bbox 3449 4242 3572 4282; x_wconf 89' lang='lat' dir='ltr'><strong>vero</strong></span> <span class='ocrx_word' id='word_1_849' title='bbox 3598 4228 3742 4284; x_wconf 91' lang='lat' dir='ltr'><strong>bene</strong></span> 
     </span>
    </p>
   </div>
   <div class='ocr_carea' id='block_1_106' title="bbox 2153 4318 3742 4392">
    <p class='ocr_par' dir='ltr' id='par_1_106' title="bbox 2153 4318 3742 4392">
     <span class='ocr_line' id='line_1_106' title="bbox 2153 4318 3742 4392; baseline 0 -18"><span class='ocrx_word' id='word_1_850' title='bbox 2153 4330 2422 4392; x_wconf 90' lang='lat' dir='ltr'><strong>acceptus,</strong></span> <span class='ocrx_word' id='word_1_851' title='bbox 2453 4335 2562 4375; x_wconf 91' lang='lat' dir='ltr'><strong>non</strong></span> <span class='ocrx_word' id='word_1_852' title='bbox 2592 4321 2781 4375; x_wconf 88' lang='lat' dir='ltr'><strong>melior</strong></span> <span class='ocrx_word' id='word_1_853' title='bbox 2803 4319 3022 4375; x_wconf 81' lang='lat' dir='ltr'><strong>ell‘ectus</strong></span> <span class='ocrx_word' id='word_1_854' title='bbox 3053 4335 3132 4385; x_wconf 91' lang='lat' dir='ltr'><strong>es,</strong></span> <span class='ocrx_word' id='word_1_855' title='bbox 3159 4318 3330 4373; x_wconf 92' lang='lat' dir='ltr'><strong>altero</strong></span> <span class='ocrx_word' id='word_1_856' title='bbox 3361 4327 3414 4374; x_wconf 91' lang='lat' dir='ltr'><strong>te</strong></span> <span class='ocrx_word' id='word_1_857' title='bbox 3438 4318 3597 4373; x_wconf 89' lang='lat' dir='ltr'><strong>modo</strong></span> <span class='ocrx_word' id='word_1_858' title='bbox 3616 4334 3742 4374; x_wconf 82' lang='lat' dir='ltr'><strong>cor-</strong></span> 
     </span>
    </p>
   </div>
   <div class='ocr_carea' id='block_1_107' title="bbox 2153 4408 3738 4482">
    <p class='ocr_par' dir='ltr' id='par_1_107' title="bbox 2153 4408 3738 4482">
     <span class='ocr_line' id='line_1_107' title="bbox 2153 4408 3738 4482; baseline -0.001 -17"><span class='ocrx_word' id='word_1_859' title='bbox 2153 4412 2295 4482; x_wconf 85' lang='lat' dir='ltr'><strong>rigit,</strong></span> <span class='ocrx_word' id='word_1_860' title='bbox 2325 4410 2586 4480; x_wconf 93' lang='lat' dir='ltr'><strong>supplicio</strong></span> <span class='ocrx_word' id='word_1_861' title='bbox 2616 4409 2821 4465; x_wconf 89' lang='lat' dir='ltr'><strong>scilicet</strong></span> <span class='ocrx_word' id='word_1_862' title='bbox 2845 4417 3005 4478; x_wconf 90' lang='lat' dir='ltr'><strong>atque</strong></span> <span class='ocrx_word' id='word_1_863' title='bbox 3027 4408 3297 4463; x_wconf 89' lang='lat' dir='ltr'><strong>cruciatu:</strong></span> <span class='ocrx_word' id='word_1_864' title='bbox 3325 4408 3500 4478; x_wconf 89' lang='lat' dir='ltr'><strong>itaque</strong></span> <span class='ocrx_word' id='word_1_865' title='bbox 3525 4416 3581 4463; x_wconf 89' lang='lat' dir='ltr'><strong>et</strong></span> <span class='ocrx_word' id='word_1_866' title='bbox 3604 4408 3738 4464; x_wconf 83' lang='lat' dir='ltr'><strong>illud</strong></span> 
     </span>
    </p>
   </div>
   <div class='ocr_carea' id='block_1_108' title="bbox 2151 4500 3742 4572">
    <p class='ocr_par' dir='ltr' id='par_1_108' title="bbox 2151 4500 3742 4572">
     <span class='ocr_line' id='line_1_108' title="bbox 2151 4500 3742 4572; baseline -0.001 -14"><span class='ocrx_word' id='word_1_867' title='bbox 2151 4502 2394 4558; x_wconf 83' lang='lat' dir='ltr'><strong>beneficii</strong></span> <span class='ocrx_word' id='word_1_868' title='bbox 2425 4501 2664 4572; x_wconf 67' lang='lat' dir='ltr'><strong>quaedam</strong></span> <span class='ocrx_word' id='word_1_869' title='bbox 2693 4502 2900 4571; x_wconf 89' lang='lat' dir='ltr'><strong>species</strong></span> <span class='ocrx_word' id='word_1_870' title='bbox 2919 4509 3020 4556; x_wconf 88' lang='lat' dir='ltr'><strong>est.</strong></span> <span class='ocrx_word' id='word_1_871' title='bbox 3053 4500 3293 4554; x_wconf 88' lang='lat' dir='ltr'><strong>Tradidit</strong></span> <span class='ocrx_word' id='word_1_872' title='bbox 3318 4501 3609 4555; x_wconf 89' lang='lat' dir='ltr'><strong>tortoribus</strong></span> <span class='ocrx_word' id='word_1_873' title='bbox 3633 4543 3648 4564; x_wconf 89' lang='lat'><strong>,</strong></span> <span class='ocrx_word' id='word_1_874' title='bbox 3683 4511 3742 4557; x_wconf 91' lang='lat' dir='ltr'><strong>ut</strong></span> 
     </span>
    </p>
   </div>
   <div class='ocr_carea' id='block_1_109' title="bbox 2151 4592 3738 4664">
    <p class='ocr_par' dir='ltr' id='par_1_109' title="bbox 2151 4592 3738 4664">
     <span class='ocr_line' id='line_1_109' title="bbox 2151 4592 3738 4664; baseline -0.003 -14"><span class='ocrx_word' id='word_1_875' title='bbox 2151 4610 2250 4650; x_wconf 91' lang='lat' dir='ltr'><strong>ceu</strong></span> <span class='ocrx_word' id='word_1_876' title='bbox 2275 4594 2512 4650; x_wconf 90' lang='lat' dir='ltr'><strong>medicus</strong></span> <span class='ocrx_word' id='word_1_877' title='bbox 2537 4593 2771 4664; x_wconf 88' lang='lat' dir='ltr'><strong>optimus</strong></span> <span class='ocrx_word' id='word_1_878' title='bbox 2801 4593 3090 4663; x_wconf 89' lang='lat' dir='ltr'><strong>nequitiam</strong></span> <span class='ocrx_word' id='word_1_879' title='bbox 3131 4593 3292 4646; x_wconf 91' lang='lat' dir='ltr'><strong>animi</strong></span> <span class='ocrx_word' id='word_1_880' title='bbox 3331 4592 3558 4651; x_wconf 91' lang='lat' dir='ltr'><strong>tolleret.</strong></span> <span class='ocrx_word' id='word_1_881' title='bbox 3603 4592 3738 4646; x_wconf 89' lang='lat' dir='ltr'><strong>Leni</strong></span> 
     </span>
    </p>
   </div>
   <div class='ocr_carea' id='block_1_110' title="bbox 2152 4683 3741 4768">
    <p class='ocr_par' dir='ltr' id='par_1_110' title="bbox 2152 4683 3741 4768">
     <span class='ocr_line' id='line_1_110' title="bbox 2152 4683 3741 4768; baseline -0.002 -27"><span class='ocrx_word' id='word_1_882' title='bbox 2152 4685 2428 4741; x_wconf 67' lang='lat' dir='ltr'><strong>medicinae</strong></span> <span class='ocrx_word' id='word_1_883' title='bbox 2459 4701 2563 4740; x_wconf 91' lang='lat' dir='ltr'><strong>non</strong></span> <span class='ocrx_word' id='word_1_884' title='bbox 2607 4699 2885 4748; x_wconf 89' lang='lat' dir='ltr'><strong>cesseras,</strong></span> <span class='ocrx_word' id='word_1_885' title='bbox 2923 4683 3065 4738; x_wconf 88' lang='lat' dir='ltr'><strong>ferro</strong></span> <span class='ocrx_word' id='word_1_886' title='bbox 3093 4684 3188 4738; x_wconf 90' lang='lat' dir='ltr'><strong>tibi</strong></span> <span class='ocrx_word' id='word_1_887' title='bbox 3225 4683 3476 4752; x_wconf 89' lang='lat' dir='ltr'><strong>deinceps</strong></span> <span class='ocrx_word' id='word_1_888' title='bbox 3514 4691 3572 4768; x_wconf 75' lang='lat' dir='ltr'><strong>et</strong></span> <span class='ocrx_word' id='word_1_889' title='bbox 3616 4683 3741 4753; x_wconf 86' lang='lat' dir='ltr'><strong>igne</strong></span> 
     </span>
    </p>
   </div>
   <div class='ocr_carea' id='block_1_111' title="bbox 2151 4776 3741 4849">
    <p class='ocr_par' dir='ltr' id='par_1_111' title="bbox 2151 4776 3741 4849">
     <span class='ocr_line' id='line_1_111' title="bbox 2151 4776 3741 4849; baseline -0.001 -17"><span class='ocrx_word' id='word_1_890' title='bbox 2151 4793 2288 4849; x_wconf 84' lang='lat' dir='ltr'><strong>opus</strong></span> <span class='ocrx_word' id='word_1_891' title='bbox 2321 4787 2421 4834; x_wconf 87' lang='lat' dir='ltr'><strong>est.</strong></span> <span class='ocrx_word' id='word_1_892' title='bbox 2453 4778 2610 4833; x_wconf 91' lang='lat' dir='ltr'><strong>Novit</strong></span> <span class='ocrx_word' id='word_1_893' title='bbox 2637 4778 2724 4833; x_wconf 90' lang='lat' dir='ltr'><strong>ille</strong></span> <span class='ocrx_word' id='word_1_894' title='bbox 2753 4779 2842 4847; x_wconf 91' lang='lat' dir='ltr'><strong>qui</strong></span> <span class='ocrx_word' id='word_1_895' title='bbox 2870 4779 3054 4835; x_wconf 89' lang='lat' dir='ltr'><strong>decem</strong></span> <span class='ocrx_word' id='word_1_896' title='bbox 3081 4777 3242 4830; x_wconf 92' lang='lat' dir='ltr'><strong>millia</strong></span> <span class='ocrx_word' id='word_1_897' title='bbox 3273 4776 3467 4830; x_wconf 88' lang='lat' dir='ltr'><strong>talenta</strong></span> <span class='ocrx_word' id='word_1_898' title='bbox 3498 4776 3741 4842; x_wconf 88' lang='lat' dir='ltr'><strong>dimisit,</strong></span> 
     </span>
    </p>
   </div>
   <div class='ocr_carea' id='block_1_112' title="bbox 2154 4865 3742 4935">
    <p class='ocr_par' dir='ltr' id='par_1_112' title="bbox 2154 4865 3742 4935">
     <span class='ocr_line' id='line_1_112' title="bbox 2154 4865 3742 4935; baseline -0.003 -11"><span class='ocrx_word' id='word_1_899' title='bbox 2154 4878 2205 4924; x_wconf 87' lang='lat' dir='ltr'><strong>te</strong></span> <span class='ocrx_word' id='word_1_900' title='bbox 2229 4868 2497 4924; x_wconf 88' lang='lat' dir='ltr'><strong>crudelem</strong></span> <span class='ocrx_word' id='word_1_901' title='bbox 2540 4877 2594 4923; x_wconf 91' lang='lat' dir='ltr'><strong>et</strong></span> <span class='ocrx_word' id='word_1_902' title='bbox 2634 4867 2980 4922; x_wconf 88' lang='lat' dir='ltr'><strong>inhumanum</strong></span> <span class='ocrx_word' id='word_1_903' title='bbox 3009 4881 3164 4931; x_wconf 90' lang='lat' dir='ltr'><strong>esse;</strong></span> <span class='ocrx_word' id='word_1_904' title='bbox 3197 4865 3290 4920; x_wconf 89' lang='lat' dir='ltr'><strong>sed</strong></span> <span class='ocrx_word' id='word_1_905' title='bbox 3317 4866 3648 4935; x_wconf 80' lang='lat' dir='ltr'><strong>exspectavit</strong></span> <span class='ocrx_word' id='word_1_906' title='bbox 3685 4877 3742 4919; x_wconf 93' lang='lat' dir='ltr'><strong>ut</strong></span> 
     </span>
    </p>
   </div>
   <div class='ocr_carea' id='block_1_113' title="bbox 2150 4957 3738 5028">
    <p class='ocr_par' dir='ltr' id='par_1_113' title="bbox 2150 4957 3738 5028">
     <span class='ocr_line' id='line_1_113' title="bbox 2150 4957 3738 5028; baseline -0.003 -12"><span class='ocrx_word' id='word_1_907' title='bbox 2150 4977 2218 5016; x_wconf 81' lang='lat' dir='ltr'><strong>ex</strong></span> <span class='ocrx_word' id='word_1_908' title='bbox 2245 4976 2424 5016; x_wconf 88' lang='lat' dir='ltr'><strong>rerum</strong></span> <span class='ocrx_word' id='word_1_909' title='bbox 2455 4967 2649 5015; x_wconf 87' lang='lat' dir='ltr'><strong>eventu</strong></span> <span class='ocrx_word' id='word_1_910' title='bbox 2678 4973 2797 5014; x_wconf 88' lang='lat' dir='ltr'><strong>sese</strong></span> <span class='ocrx_word' id='word_1_911' title='bbox 2836 4957 2975 5028; x_wconf 93' lang='lat' dir='ltr'><strong>apud</strong></span> <span class='ocrx_word' id='word_1_912' title='bbox 3013 4967 3062 5012; x_wconf 90' lang='lat' dir='ltr'><strong>te</strong></span> <span class='ocrx_word' id='word_1_913' title='bbox 3095 4972 3320 5028; x_wconf 89' lang='lat' dir='ltr'><strong>purgare</strong></span> <span class='ocrx_word' id='word_1_914' title='bbox 3350 4967 3560 5026; x_wconf 58' lang='lat' dir='ltr'><strong>posset,</strong></span> <span class='ocrx_word' id='word_1_915' title='bbox 3591 4959 3738 5028; x_wconf 90' lang='lat' dir='ltr'><strong>quod</strong></span> 
     </span>
    </p>
   </div>
   <div class='ocr_carea' id='block_1_114' title="bbox 2151 5048 3744 5127">
    <p class='ocr_par' dir='ltr' id='par_1_114' title="bbox 2151 5048 3744 5127">
     <span class='ocr_line' id='line_1_114' title="bbox 2151 5048 3744 5127; baseline -0.002 -17"><span class='ocrx_word' id='word_1_916' title='bbox 2151 5055 2464 5127; x_wconf 89' lang='lat' dir='ltr'><strong>plerumque</strong></span> <span class='ocrx_word' id='word_1_917' title='bbox 2486 5052 2644 5120; x_wconf 89' lang='lat' dir='ltr'><strong>facit,</strong></span> <span class='ocrx_word' id='word_1_918' title='bbox 2673 5053 2796 5107; x_wconf 91' lang='lat' dir='ltr'><strong>licet</strong></span> <span class='ocrx_word' id='word_1_919' title='bbox 2830 5053 2963 5106; x_wconf 89' lang='lat' dir='ltr'><strong>sciat</strong></span> <span class='ocrx_word' id='word_1_920' title='bbox 2985 5065 3043 5106; x_wconf 90' lang='lat' dir='ltr'><strong>se</strong></span> <span class='ocrx_word' id='word_1_921' title='bbox 3069 5052 3210 5120; x_wconf 92' lang='lat' dir='ltr'><strong>juste</strong></span> <span class='ocrx_word' id='word_1_922' title='bbox 3238 5065 3418 5120; x_wconf 84' lang='lat' dir='ltr'><strong>agere.</strong></span> <span class='ocrx_word' id='word_1_923' title='bbox 3445 5048 3744 5119; x_wconf 83' lang='lat' dir='ltr'><strong>Postquam</strong></span> 
     </span>
    </p>
   </div>
   <div class='ocr_carea' id='block_1_115' title="bbox 2151 5141 3745 5218">
    <p class='ocr_par' dir='ltr' id='par_1_115' title="bbox 2151 5141 3745 5218">
     <span class='ocr_line' id='line_1_115' title="bbox 2151 5141 3745 5218; baseline -0.004 -13"><span class='ocrx_word' id='word_1_924' title='bbox 2151 5164 2271 5205; x_wconf 91' lang='lat' dir='ltr'><strong>sese</strong></span> <span class='ocrx_word' id='word_1_925' title='bbox 2310 5147 2448 5218; x_wconf 88' lang='lat' dir='ltr'><strong>apud</strong></span> <span class='ocrx_word' id='word_1_926' title='bbox 2485 5156 2538 5201; x_wconf 89' lang='lat' dir='ltr'><strong>te</strong></span> <span class='ocrx_word' id='word_1_927' title='bbox 2575 5146 2850 5217; x_wconf 86' lang='lat' dir='ltr'><strong>purgavit,</strong></span> <span class='ocrx_word' id='word_1_928' title='bbox 2884 5144 2986 5200; x_wconf 89' lang='lat' dir='ltr'><strong>hoc</strong></span> <span class='ocrx_word' id='word_1_929' title='bbox 3010 5142 3170 5210; x_wconf 86' lang='lat' dir='ltr'><strong>facit,</strong></span> <span class='ocrx_word' id='word_1_930' title='bbox 3217 5142 3360 5213; x_wconf 90' lang='lat' dir='ltr'><strong>quod</strong></span> <span class='ocrx_word' id='word_1_931' title='bbox 3388 5151 3442 5197; x_wconf 90' lang='lat' dir='ltr'><strong>et</strong></span> <span class='ocrx_word' id='word_1_932' title='bbox 3468 5157 3593 5212; x_wconf 87' lang='lat' dir='ltr'><strong>erga</strong></span> <span class='ocrx_word' id='word_1_933' title='bbox 3639 5141 3745 5198; x_wconf 90' lang='lat' dir='ltr'><strong>So-</strong></span> 
     </span>
    </p>
   </div>
   <div class='ocr_carea' id='block_1_116' title="bbox 2149 5236 3742 5306">
    <p class='ocr_par' dir='ltr' id='par_1_116' title="bbox 2149 5236 3742 5306">
     <span class='ocr_line' id='line_1_116' title="bbox 2149 5236 3742 5306; baseline -0.005 -9"><span class='ocrx_word' id='word_1_934' title='bbox 2149 5243 2377 5298; x_wconf 88' lang='lat' dir='ltr'><strong>domitas</strong></span> <span class='ocrx_word' id='word_1_935' title='bbox 2417 5240 2686 5296; x_wconf 86' lang='lat' dir='ltr'><strong>faciebat:</strong></span> <span class='ocrx_word' id='word_1_936' title='bbox 2720 5255 2827 5294; x_wconf 90' lang='lat' dir='ltr'><strong>non</strong></span> <span class='ocrx_word' id='word_1_937' title='bbox 2871 5239 3048 5294; x_wconf 90' lang='lat' dir='ltr'><strong>statim</strong></span> <span class='ocrx_word' id='word_1_938' title='bbox 3086 5236 3267 5306; x_wconf 89' lang='lat' dir='ltr'><strong>injecit</strong></span> <span class='ocrx_word' id='word_1_939' title='bbox 3311 5237 3519 5306; x_wconf 90' lang='lat' dir='ltr'><strong>ignem,</strong></span> <span class='ocrx_word' id='word_1_940' title='bbox 3561 5251 3742 5306; x_wconf 75' lang='lat' dir='ltr'><strong>neque</strong></span> 
     </span>
    </p>
   </div>
   <div class='ocr_carea' id='block_1_117' title="bbox 2149 5328 3742 5400">
    <p class='ocr_par' dir='ltr' id='par_1_117' title="bbox 2149 5328 3742 5400">
     <span class='ocr_line' id='line_1_117' title="bbox 2149 5328 3742 5400; baseline -0.007 -10"><span class='ocrx_word' id='word_1_941' title='bbox 2149 5337 2310 5391; x_wconf 90' lang='lat' dir='ltr'><strong>urbes</strong></span> <span class='ocrx_word' id='word_1_942' title='bbox 2337 5335 2454 5389; x_wconf 89' lang='lat' dir='ltr'><strong>illas</strong></span> <span class='ocrx_word' id='word_1_943' title='bbox 2479 5333 2705 5388; x_wconf 87' lang='lat' dir='ltr'><strong>vastavit</strong></span> <span class='ocrx_word' id='word_1_944' title='bbox 2732 5349 2748 5387; x_wconf 85' lang='lat'><strong>:</strong></span> <span class='ocrx_word' id='word_1_945' title='bbox 2777 5331 2871 5387; x_wconf 90' lang='lat' dir='ltr'><strong>sed</strong></span> <span class='ocrx_word' id='word_1_946' title='bbox 2894 5331 3058 5400; x_wconf 84' lang='lat' dir='ltr'><strong>quid?</strong></span> <span class='ocrx_word' id='word_1_947' title='bbox 3089 5329 3294 5384; x_wconf 80' lang='lat' dir='ltr'><strong>Clamor</strong></span> <span class='ocrx_word' id='word_1_948' title='bbox 3322 5328 3669 5382; x_wconf 78' lang='lat' dir='ltr'><strong>Sodomorum</strong></span> <span class='ocrx_word' id='word_1_949' title='bbox 3695 5337 3742 5380; x_wconf 76' lang='lat' dir='ltr'><strong>et</strong></span> 
     </span>
    </p>
   </div>
   <div class='ocr_carea' id='block_1_118' title="bbox 2151 5420 3736 5495">
    <p class='ocr_par' dir='ltr' id='par_1_118' title="bbox 2151 5420 3736 5495">
     <span class='ocr_line' id='line_1_118' title="bbox 2151 5420 3736 5495; baseline -0.005 -14"><span class='ocrx_word' id='word_1_950' title='bbox 2151 5426 2553 5482; x_wconf 78' lang='lat' dir='ltr'><strong>Comorr/tomm</strong></span> <span class='ocrx_word' id='word_1_951' title='bbox 2582 5424 2733 5495; x_wconf 79' lang='lat' dir='ltr'><strong>(Gen.</strong></span> <span class='ocrx_word' id='word_1_952' title='bbox 2770 5424 2855 5478; x_wconf 71' lang='lat'><strong>18.</strong></span> <span class='ocrx_word' id='word_1_953' title='bbox 2884 5423 3012 5490; x_wconf 71' lang='lat'><strong>20);</strong></span> <span class='ocrx_word' id='word_1_954' title='bbox 3043 5437 3213 5490; x_wconf 85' lang='lat' dir='ltr'><strong>neque</strong></span> <span class='ocrx_word' id='word_1_955' title='bbox 3241 5420 3292 5475; x_wconf 87' lang='lat' dir='ltr'><strong>id</strong></span> <span class='ocrx_word' id='word_1_956' title='bbox 3323 5429 3528 5474; x_wconf 86' lang='lat' dir='ltr'><strong>tantum</strong></span> <span class='ocrx_word' id='word_1_957' title='bbox 3550 5461 3566 5484; x_wconf 93' lang='lat'><strong>,</strong></span> <span class='ocrx_word' id='word_1_958' title='bbox 3593 5420 3693 5475; x_wconf 74' lang='lat' dir='ltr'><strong>sed</strong></span> <span class='ocrx_word' id='word_1_959' title='bbox 3719 5461 3736 5484; x_wconf 89' lang='lat'><strong>,</strong></span> 
     </span>
    </p>
   </div>
   <div class='ocr_carea' id='block_1_119' title="bbox 2149 5511 3732 5588">
    <p class='ocr_par' dir='ltr' id='par_1_119' title="bbox 2149 5511 3732 5588">
     <span class='ocr_line' id='line_1_119' title="bbox 2149 5511 3732 5588; baseline -0.004 -16"><span class='ocrx_word' id='word_1_960' title='bbox 2149 5519 2471 5572; x_wconf 81' lang='lat' dir='ltr'><strong>Drscendeus</strong></span> <span class='ocrx_word' id='word_1_961' title='bbox 2508 5517 2683 5572; x_wconf 83' lang='lat' dir='ltr'><strong>videbo</strong></span> <span class='ocrx_word' id='word_1_962' title='bbox 2735 5515 2840 5588; x_wconf 86' lang='lat' dir='ltr'><strong>(Ib.</strong></span> <span class='ocrx_word' id='word_1_963' title='bbox 2870 5532 2920 5569; x_wconf 89' lang='grc' dir='ltr'><strong>υ.</strong></span> <span class='ocrx_word' id='word_1_964' title='bbox 2947 5512 3060 5585; x_wconf 76' lang='lat'><strong>2|).</strong></span> <span class='ocrx_word' id='word_1_965' title='bbox 3103 5513 3284 5582; x_wconf 88' lang='lat' dir='ltr'><strong>Neque</strong></span> <span class='ocrx_word' id='word_1_966' title='bbox 3333 5511 3418 5566; x_wconf 92' lang='lat' dir='ltr'><strong>hie</strong></span> <span class='ocrx_word' id='word_1_967' title='bbox 3455 5514 3732 5576; x_wconf 84' lang='lat' dir='ltr'><strong>constitit,</strong></span> 
     </span>
    </p>
   </div>
   <div class='ocr_carea' id='block_1_120' title="bbox 2147 5603 3733 5678">
    <p class='ocr_par' dir='ltr' id='par_1_120' title="bbox 2147 5603 3733 5678">
     <span class='ocr_line' id='line_1_120' title="bbox 2147 5603 3733 5678; baseline -0.004 -16"><span class='ocrx_word' id='word_1_968' title='bbox 2147 5609 2240 5664; x_wconf 88' lang='lat' dir='ltr'><strong>sed</strong></span> <span class='ocrx_word' id='word_1_969' title='bbox 2281 5609 2419 5663; x_wconf 78' lang='lat' dir='ltr'><strong>misit</strong></span> <span class='ocrx_word' id='word_1_970' title='bbox 2449 5610 2689 5678; x_wconf 80' lang='lat' dir='ltr'><strong>angelos,</strong></span> <span class='ocrx_word' id='word_1_971' title='bbox 2723 5607 2810 5677; x_wconf 88' lang='lat' dir='ltr'><strong>qui</strong></span> <span class='ocrx_word' id='word_1_972' title='bbox 2843 5605 2932 5660; x_wconf 93' lang='lat' dir='ltr'><strong>tibi</strong></span> <span class='ocrx_word' id='word_1_973' title='bbox 2966 5605 3255 5659; x_wconf 88' lang='lat' dir='ltr'><strong>incolarum</strong></span> <span class='ocrx_word' id='word_1_974' title='bbox 3285 5603 3514 5658; x_wconf 87' lang='lat' dir='ltr'><strong>civitatis</strong></span> <span class='ocrx_word' id='word_1_975' title='bbox 3541 5603 3733 5672; x_wconf 86' lang='lat' dir='ltr'><strong>nequi-</strong></span> 
     </span>
    </p>
   </div>
   <div class='ocr_carea' id='block_1_121' title="bbox 2151 5693 3737 5774">
    <p class='ocr_par' dir='ltr' id='par_1_121' title="bbox 2151 5693 3737 5774">
     <span class='ocr_line' id='line_1_121' title="bbox 2151 5693 3737 5774; baseline -0.006 -16"><span class='ocrx_word' id='word_1_976' title='bbox 2151 5703 2276 5758; x_wconf 84' lang='lat' dir='ltr'><strong>tiam</strong></span> <span class='ocrx_word' id='word_1_977' title='bbox 2320 5701 2698 5767; x_wconf 89' lang='lat' dir='ltr'><strong>ostenderent,</strong></span> <span class='ocrx_word' id='word_1_978' title='bbox 2745 5707 2802 5756; x_wconf 90' lang='lat' dir='ltr'><strong>ut</strong></span> <span class='ocrx_word' id='word_1_979' title='bbox 2829 5714 2896 5755; x_wconf 86' lang='lat' dir='ltr'><strong>ne</strong></span> <span class='ocrx_word' id='word_1_980' title='bbox 2924 5697 3138 5770; x_wconf 88' lang='lat' dir='ltr'><strong>quidem</strong></span> <span class='ocrx_word' id='word_1_981' title='bbox 3171 5696 3556 5774; x_wconf 87' lang='lat' dir='ltr'><strong>impudentium</strong></span> <span class='ocrx_word' id='word_1_982' title='bbox 3586 5693 3737 5770; x_wconf 81' lang='lat' dir='ltr'><strong>quis-</strong></span> 
     </span>
    </p>
   </div>
  </div>
