4092 6194
339 175 446 230 763

339 287 516 341 Τοῦτο
565 289 658 341 καὶ
703 288 795 344 ἐπὶ
836 291 942 344 τῶν
990 290 1363 347 πλουτούντων
1414 296 1577 350 ποίει.
1628 299 1770 353 Ἀλλ’
1816 300 1920 353 είσί

337 388 504 434 τινες,
537 370 588 423 οἳ
616 373 835 426 ἐπειδάν
860 373 1080 438 τούτους
1105 376 1203 446 τῆς
1237 377 1554 448 φιλοσοφίας
1580 383 1706 446 τοὺς
1734 381 1923 450 λόγους

339 455 677 525 κινήσωμεν,
721 455 828 508 ὑῶν
859 457 953 510 καὶ¹
979 457 1199 528 τράγων
1232 459 1388 531 δίκην
1418 464 1485 534 τῇ
1517 465 1715 535 γαστρὶ
1751 482 1924 536 προσ-

335 536 630 608 ηλωμένοι.
666 537 763 590 καὶ
792 541 906 601 τοῖς
945 541 1178 612 παροῦσι
1202 541 1546 609 δουλεύοντες
1579 548 1919 619 πράγμασιν,

336 616 494 673 οὐδὲν
547 615 687 674 εἶναι
741 621 880 700 μετά
921 622 1020 694 τὴν
1071 623 1319 679 ἐντεῦθεν
1369 615 1679 696 νομίζουσιν
1709 615 1924 700 ἀποδη-

340 700 470 773 μίαν
494 721 508 734 ·
547 703 724 776 ἕτεροι
750 705 806 758 δὲ
839 699 981 759 εἶναι
1013 708 1112 777 μέν
1143 725 1263 762 τινα
1302 711 1603 781 νομίξουσι,
1634 699 1922 783 προτιθέαὲ

339 803 392 840 σι
429 787 486 840 δὲ
512 787 581 840 τὰ
611 788 854 858 παρόντα
875 788 984 841 τῶν
1012 789 1334 860 μελλόντων.
1364 794 1506 864 Πρὸς
1537 794 1638 863 μὲν
1671 795 1763 848 οἷν
1795 796 1920 861 τοὺς

341 871 508 942 μηδὲν
565 865 705 924 εἶναι
738 871 1088 940 νομίζοντας,
1135 873 1249 927 ἀλλ’
1283 876 1712 929 ἀποσϐεσθεῖσαν
1741 889 1766 916 ι
1817 879 1918 950 τὴν

335 951 514 1022 ψυχὴν
558 953 655 1024 τὴν
694 955 1000 1026 ἡμετέραν,
1063 957 1268 1027 μηδένα
1309 957 1508 1012 διδόναι
1545 958 1734 1026 λόγον,
1781 960 1916 1030 μηδὲ

337 1035 568 1099 εὐθύνας
610 1036 834 1105 ὑπέχειν
863 1038 1160 1108 οἰομένους,
1207 1040 1346 1110 τάχα
1376 1042 1468 1093 καὶ
1498 1041 1706 1109 γελοῖον
1735 1043 1912 1095 ἀντει·

339 1122 480 1182 πεῖν,
507 1119 695 1190 ὥσπερ
729 1119 866 1189 πρὸς
886 1121 1013 1184 τοὺς
1037 1123 1396 1192 μαινομένους
1426 1125 1666 1187 καὶτοὺς
1695 1125 1918 1196 ἐξεστη-

339 1202 519 1264 ιιότας.
550 1201 684 1254 Οὐδὲ
717 1201 825 1273 γὰρ
860 1202 913 1255 εί
940 1219 1025 1266 τις
1051 1206 1107 1258 ἐν
1135 1205 1317 1276 ἡμέρᾳ
1347 1205 1677 1276 ἀμφιϐάλλοι
1700 1208 1914 1280 ἡμέραν

341 1285 414 1356 μὴ
449 1281 606 1348 εἶναι,
651 1287 898 1356 καὶπερὶ
926 1285 1036 1338 τῶν
1066 1288 1230 1340 πᾶσιν
1264 1288 1710 1360 ὁμολογουμένων
1744 1292 1914 1360 ἀμφι-

337 1366 583 1439 σ6ητοίη,
637 1367 827 1438 καιρὸς
872 1367 937 1421 ἂν
973 1367 1060 1438 εἴη
1104 1369 1246 1440 λόγῳ
1279 1371 1368 1425 τὸν
1402 1371 1644 1424 τοιοῦτον
1684 1371 1910 1438 πείθειν,

332 1451 428 1503 καὶ
460 1451 756 1522 προσάγειν
789 1449 866 1520 τῷ
891 1451 1147 1521 δόγματι⁶
1207 1452 1345 1521 πλὴν
1374 1453 1512 1506 ἀλλά
1536 1454 1624 1507 διά
1656 1455 1755 1526 τήν
1781 1456 1914 1526 ὑμε-

331 1533 496 1605 τέραν
529 1535 780 1605 ἀγάπην,
821 1535 914 1587 καὶ
944 1535 1080 1606 πρὸς
1118 1533 1325 1588 ἐκεῖνον
1357 1535 1735 1608 διαλεξόμεθα,
1767 1539 1910 1610 άπερ

330 1617 397 1670 ἂν
426 1616 500 1687 δῷ
533 1619 565 1689 ή
597 1617 695 1670 τοῦ
727 1617 864 1670 Θεοῦ
894 1619 1074 1689 χάρις.
1123 1619 1188 1671 Τί
1219 1620 1420 1688 λέγεις,
1453 1622 1727 1692 ἄνθρωπε,
1760 1624 1910 1676 οὐδὲν

329 1697 468 1753 εἶναι
492 1699 733 1771 νομίζεις
762 1699 830 1753 τά
865 1701 1004 1771 μετὰ
1032 1701 1240 1768 ταῦτα;
1279 1703 1449 1756 Τοῦτο
1483 1705 1592 1776 γὰρ
1614 1707 1908 1775 ἀναγκαῖον

328 1785 532 1848 εἰπεῖν,
580 1783 698 1847 πῶς
725 1783 976 1856 καθάπερ
1004 1784 1187 1838 κακῶν
1222 1803 1385 1839 τινων
1413 1788 1641 1859 ὁρμαθῷ
1669 1790 1754 1842 ἀεὶ
1786 1790 1910 1842 δυσ-

332 1866 638 1937 σεόεστέρῳ
666 1867 927 1936 δόγματι,
972 1867 1064 1921 τὸν
1095 1868 1242 1934 ἆπαξ
1271 1870 1616 1941 ἐκτραπέντα
1647 1872 1746 1942 τῆς
1779 1874 1908 1943 ἀλησ

327 1948 479 2013 θείας
513 1949 880 2021 παραδίδωσιν
922 1952 950 2003 ὁ
995 1949 1259 2014 διάϐολος.
1311 1953 1450 2025 Ὅρα
1497 1954 1638 2026 γάρ’
1694 1956 1908 2008 ἔπεισεν

325 2034 598 2104 ἀμελῆσαι
633 2034 985 2105 σωφροσύνης
1005 2075 1020 2099 ,
1070 2037 1368 2098 ἐπιεικείας
1393 2078 1407 2102 ,
1455 2038 1554 2109 τῆς
1584 2038 1750 2110 ἄλλης
1779 2041 1909 2110 ἀρε-

323 2119 444 2190 τῆς,
477 2119 701 2189 ἐποίησε
739 2119 975 2190 φαύλους
1005 2120 1147 2173 κατὰ
1175 2121 1266 2173 τὸν
1295 2121 1428 2191 βίον,
1459 2123 1680 2194 πονηρῷ
1711 2123 1909 2189 συζῶν-

323 2219 422 2266 τας
462 2203 723 2257 συνειδότι
767 2203 986 2268 λοιπὸν,
1043 2204 1135 2258 καὶ
1165 2204 1263 2276 τὴν
1303 2206 1536 2276 ἀμοιϐὴν
1589 2208 1696 2262 τῶν
1724 2209 1908 2274 αὐτοῖς

322 2284 728 2358 ἡμαρτημένων
785 2289 994 2359 ἑτέροις
1046 2290 1358 2360 μεταθεῖναι
1409 2290 1738 2362 ζητοῦντας,
1787 2294 1905 2348 δέον

325 2369 756 2439 μεταϐάλλεσθαι
781 2373 878 2442 τῆς
907 2373 1124 2437 κακίας.
1153 2372 1322 2427 Τοῦτο
1357 2375 1456 2444 μὲν
1491 2376 1591 2429 οὐκ
1620 2378 1902 2447 ἐποίησαν,

320 2453 632 2508 ἀνέπλασαν
668 2454 726 2507 δὲ
771 2453 951 2525 δόγμα
1006 2457 1276 2528 πονηρὸν,
1329 2459 1424 2510 καὶ
1477 2459 1686 2530 μυρίων
1734 2462 1905 2530 γέμον

321 2536 531 2603 κακῶν,
562 2536 624 2589 τὸ
655 2537 755 2607 τῆς
784 2538 1144 2609 εἱμαρμένης.
1182 2534 1315 2593 Εἶτα
1346 2540 1487 2610 ὑπὲρ
1517 2541 1708 2595 τούτου
1741 2545 1903 2598 πάλιν

321 2620 692 2692 ἐλεγχόμενοι,
736 2623 829 2674 καὶ
857 2622 1236 2692 συνομολογεῖν
1275 2625 1709 2696 ἀναγκαζόμενοι
1737 2628 1902 2698 μηδὲν

319 2699 457 2758 εἶναι
502 2703 571 2780 1}
601 2705 876 2776 παρόντα,
921 2706 983 2758 τὸ
1015 2706 1206 2776 μέλλον
1231 2707 1636 2775 ἀνατρέπουσι,
1690 2713 1781 2764 καὶ
1808 2712 1900 2765 τὸν

320 2786 449 2858 περὶ
483 2787 832 2851 ἀναστάσεως
867 2788 1148 2859 ἀναιροῦσι
1170 2789 1346 2858 λόγον.
1392 2791 1512 2844 Κᾶν
1549 2791 1706 2846 τοῦτο
1738 2795 1900 2849 πάλιν

317 2868 696 2941 διελέγξωμεν,
726 2871 805 2933 είς
835 2871 1023 2942 ἕτερον
1047 2873 1374 2938 ἐκπεσόντες
1400 2874 1578 2945 δόγμα
1601 2875 1897 2931 δυσσεϐοῦ-

320 2972 371 3006 σι
389 2971 402 2984 ο
445 2954 584 3025 πλὴν
614 2955 750 3016 τέως
775 2955 837 3008 τὸ
863 2956 920 3008 ἐν
949 2957 1107 3027 χερσὶ
1135 2955 1514 3028 διελέγξωμεν.
1543 2960 1706 3014 Οὐδέν
1727 2964 1893 3026 ἐστιν,

314 3037 604 3109 ἄνθρωπε,
657 3039 796 3109 μετά
825 3040 1028 3105 ταῦτα,
1066 3041 1162 3094 καὶ
1201 3042 1336 3112 πρὸς
1367 3043 1540 3097 ταῦτα
1581 3046 1798 3101 ῖστασαι
1829 3049 1897 3102 τὰ

313 3120 593 3191 δόγματα;
633 3121 884 3176 Τοσαῦτα
932 3123 1208 3194 ὲλήρησαν
1243 3125 1535 3193 Ἕλληνες,
1597 3127 1712 3182 ἀλλ’
1747 3129 1896 3200 ὅμως

313 3202 452 3274 πρὸς
487 3204 587 3275 τὴν
617 3204 711 3257 τοῦ
741 3204 1010 3275 δόγματος
1038 3207 1230 3259 τούτου
1260 3209 1358 3261 οὐκ
1393 3209 1730 3278 ἀντέστησαν
1762 3214 1896 3286 ἁλή-

314 3287 464 3341 θειαν
491 3305 503 3318 ·
555 3287 672 3341 ἀλλ’
702 3291 750 3342 εί
797 3290 892 3342 καὶ
915 3291 1100 3354 αὐτοῖς
1125 3291 1515 3363 ἀκολουθήσεις
1539 3333 1553 3358 ,
1587 3295 1736 3365 ὅμως
1765 3296 1895 3350 ἔδω-

307 3371 414 3425 κάν
438 3389 560 3424 τινα
605 3371 745 3443 μετὰ
771 3372 944 3425 ταῦτα
992 3373 1135 3444 βίον,
1185 3375 1279 3428 καὶ
1314 3376 1562 3440 εὐθύνας,
1613 3381 1708 3433 καὶ
1737 3381 1892 3435 δικα-

314 3455 510 3525 στήρια
531 3455 588 3508 ἐν
616 3455 764 3526 ᾅδου,
789 3456 882 3509 καὶ
910 3455 1178 3521 κολάσεις,
1207 3459 1303 3512 καὶ
1326 3459 1510 3531 τιμάς,
1537 3461 1631 3515 καὶ
1657 3463 1890 3534 ψήφους,

312 3536 408 3590 καὶ
441 3537 674 3608 κρίσεις.
717 3539 834 3592 Κᾶν
871 3539 1156 3606 Ἰουδαίους
1195 3541 1499 3614 ἐρωτήσῃς,
1536 3546 1639 3598 κᾶν
1683 3549 1892 3618 αἱρετι-

312 3619 462 3684 κοὺς,
499 3621 606 3672 κᾶν
656 3620 838 3673 ὅντινα
870 3621 1184 3693 ἄνθρωπον,
1232 3626 1651 3697 αἰσχυνθήσεται
1678 3629 1772 3682 τοῦ
1809 3629 1895 3682 δό-

310 3723 519 3778 γματος
548 3709 647 3779 τὴν
674 3708 953 3780 ἀλήθειαν,
991 3712 1084 3765 καὶ
1112 3712 1160 3764 εί
1192 3713 1286 3766 καὶ
1312 3716 1368 3766 ἐν
1394 3713 1573 3778 ἄλλοις
1606 3716 1890 3788 διαφέρον-

307 3809 420 3854 ται,
451 3792 569 3845 ἀλλ’
601 3794 658 3845 ἐν
688 3793 863 3864 τούτῳ
893 3794 1094 3858 πάντες
1119 3797 1467 3865 συμφωνοῦσι
1499 3800 1591 3852 καὶ
1617 3799 1888 3868 λέγουσιν,

308 3873 446 3928 εἶναι
479 3875 591 3929 τῶν
629 3877 865 3930 ἐνταῦθα
898 3878 1284 3948 γεγενημένων
1322 3880 1552 3945 εὐθύνας
1576 3884 1709 3936 ἐκεῖ.
1750 3885 1890 3937 Ἀλλ’

305 3960 484 4012 οὐδενὶ
524 3960 703 4030 βούλει
734 3961 1019 4014 πείθεσθαι
1058 3962 1295 4029 τούτων,
1351 3965 1465 4019 ἀλλ’
1517 3965 1890 4037 ἀναισχυντεῖς

306 4042 565 4108 καθάπαξ
598 4045 835 4108 ἐκδιδοὺς
874 4045 1068 4100 σαυτὸν
1091 4050 1156 4119 τῇ
1194 4047 1388 4120 πλάνῃ.
1418 4049 1626 4102 Οὐκοῦν
1657 4050 1744 4104 διὰ
1765 4053 1890 4115 τοὺς

305 4125 386 4178 ἔτι
420 4127 686 4196 νήφοντας
706 4169 720 4192 ,
769 4128 1066 4197 ἀναγκαῖον
1109 4132 1236 4194 τοὺς
1267 4133 1394 4202 περὶ
1437 4131 1641 4186 τούτων
1671 4134 1888 4205 κινῆσαι

304 4207 517 4275 λόγους.
557 4207 647 4280 Τῷ
672 4209 780 4281 γάρ
817 4212 984 4282 μηδὲν
1018 4211 1170 4285 1⁸767]
1204 4214 1551 4285 ὁμολογοῦντι
1583 4210 1721 4269 εἶναι
1750 4216 1888 4286 μετά

304 4289 498 4355 ταῦτα,
531 4292 747 4362 ἀνάγκη
781 4294 914 4364 μηδὲ
955 4295 1087 4348 Θεὸν
1124 4291 1265 4348 εἶναι
1292 4297 1641 4367 ὁμολογῆσαι.
1700 4298 1883 4372 Ὁρᾷς,

303 4374 440 4446 ὅπερ
476 4375 652 4440 εἷπον,
695 4378 777 4430 ὅτι
821 4378 908 4431 ἀεὶ
952 4377 1058 4432 τῶν
1085 4378 1432 4450 φαυλοτέρων
1478 4383 1595 4436 ἐστὶ
1639 4384 1776 4454 μετά
1817 4384 1886 4438 τά

304 4458 499 4528 πρῶτα
531 4459 776 4530 δόγματα
803 4461 872 4514 τά
904 4461 1126 4531 ῦστερα,
1154 4463 1296 4532 άπερ
1326 4463 1524 4528 αὐτοὺς
1548 4465 1881 4535 διαδέξεται;

304 4541 366 4594 Εἰ
392 4541 502 4613 γὰρ
529 4543 696 4613 μηδέν
717 4545 865 4597 ἐστιν
893 4545 1009 4602 ἐκεῖ
1036 4545 1172 4615 μετὰ
1199 4545 1388 4610 ταῦτα,
1415 4549 1534 4601 ούδέ
1555 4549 1685 4614 Θεὸς
1712 4552 1880 4609 ἔστιν.

303 4626 368 4678 ΕΙ
397 4624 505 4696 γὰρ
538 4626 652 4678 ἔστι
684 4625 836 4690 Θεὸς,
871 4627 1076 4690 δίκαιός
1108 4629 1256 4681 ἐστιν
1282 4645 1295 4658 ο
1333 4631 1380 4682 εί
1423 4630 1479 4683 δὲ
1508 4632 1712 4698 δίκαιός
1742 4637 1878 4704 ἐστι,

301 4708 363 4760 τὸ
406 4709 527 4761 κατ’
565 4707 720 4772 ἀξίαν
769 4710 1031 4780 ἀπονέμει
1077 4711 1324 4782 ἑκάστῳο
1368 4715 1426 4765 ,εί
1471 4715 1528 4767 δὲ
1571 4717 1722 4770 οὐδέν
1764 4720 1880 4773 ἐστι

305 4789 442 4858 μετά
468 4789 663 4856 ταῦτα,
693 4789 794 4845 ποῦ
829 4793 889 4845 τὸ
917 4796 1033 4846 κατ’
1061 4793 1216 4858 ἀξίαν
1261 4797 1595 4868 ἀπολήψεται
1619 4801 1877 4869 ’ἐκαστος;

301 4871 544 4958 ῌρόσεχε
580 4875 688 4947 γάρ
707 4891 720 4904 °
760 4877 942 4930 πολλοὶ
967 4880 1098 4947 παρ’
1127 4879 1303 4944 ἀξίαν,
1344 4881 1418 4944 ὡς
1447 4883 1539 4935 καὶ
1571 4883 1724 4937 αὐτοὶ
1750 4903 1882 4958 προ-

306 4954 556 5020 λαϐόντες
606 4958 996 5030 ὡμολόγησαν,
1049 4959 1108 5016 εὖ
1162 4965 1460 5034 πάσχουσιν
1504 4967 1738 5022 ἐνταῦθα
1786 4954 1880 5024 καὶ

301 5039 588 5109 τιμῶνται,
619 5043 792 5113 ἕτεροι
812 5043 867 5097 δὲ
892 5045 1206 5111 κολάζονται
1236 5049 1292 5100 ἐν
1320 5048 1629 5126 δικαιοσύνῃ
1655 5052 1874 5120 ζῶντες.

301 5121 361 5174 El
394 5123 572 5178 τοίνυν
595 5125 771 5189 οὐδείς
792 5129 907 5180 ἐστι
935 5129 1125 5198 καιρὸς
1148 5130 1285 5199 μετὰ
1309 5131 1504 5197 ταῦτα,
1550 5121 1879 5192 ἀπελεύσον-

296 5221 388 5258 ται
421 5205 772 5276 ἀδικηθέντες
800 5212 847 5262 οί
881 5210 1101 5276 δίκαιοι,
1124 5213 1217 5265 καὶ
1246 5217 1376 5284 παρ’
1402 5217 1554 5282 ἀξίαν
1583 5215 1642 5273 εὖ
1679 5222 1876 5277 παθόν-

301 5302 389 5350 τες
418 5290 465 5342 οἱ
488 5289 660 5342 ἄδικοι
686 5307 699 5322 ·
741 5293 789 5343 εί
823 5291 877 5345 δὲ
907 5295 1080 5347 ταῦτα
1115 5295 1188 5366 μὴ
1215 5296 1388 5363 ἔσται,
1419 5300 1536 5364 πῶς
1581 5302 1647 5355 ἂν
1691 5305 1774 5376 είη
1814 5307 1874 5359 τὸ

299 5369 532 5453 δίκαιονς
563 5373 798 5445 Ἀνάγκη
824 5376 932 5447 γὰρ
958 5377 989 5448 ἢ
1016 5373 1152 5431 εἷναί
1179 5395 1299 5433 τινα
1328 5383 1514 5453 καιρὸν
1539 5385 1678 5453 μετὰ
1701 5369 1873 5442 ταῦτα

298 5452 392 5505 τὸν
421 5453 481 5507 τὸ
508 5454 626 5508 κατ’
657 5457 811 5523 ἀξίαν
842 5461 1179 5531 ἀπονέμοντα
1207 5465 1419 5536 ἑκάστῳ
1433 5452 1452 5496 ν·
1507 5452 1739 5524 ἐνταῦθα
1764 5471 1871 5544 γὰρ

355 5584 382 5614 ⁸
405 5585 539 5637 Colb.
563 5588 970 5655 ἀποσπασθεῖσαν,
995 5595 1158 5646 minus
1182 5605 1336 5648 recte.

1422 181 1508 239 DE
1549 183 1730 241 FATO
1767 187 1850 243 ET
1892 187 2376 253 PROVIDENTIA.
2423 199 2507 255 IV.

3509 219 3612 280 τοι

2027 306 2160 400 alb-:2:
2211 310 2705 400 gﬁthépﬁczqgsja'
2758 319 2810 370 εί
2849 336 2911 387 γε
2946 321 3021 393 μή
3080 322 3195 378 ἐστι
3234 328 3458 400 καιρὸς,
3497 334 3610 398 πῶς

2023 385 2084 438 τὸ
2115 391 2234 444 κατ’
2262 393 2417 459 ἀξίαν
2446 396 2691 469 ἀπολάϐῃ
2719 385 2988 468 ἕκαστοςς
3011 385 3073 458 ἐί
3103 405 3160 459 δὲ
3185 385 3371 480 μηδείς
3493 385 3611 470 κατῖ

2023 471 2178 536 ἀξίαν
2207 476 2612 549 ἀπολαμϐάνει,
2655 482 2776 536 οὔτε
2805 486 2935 550 Θεός
2961 491 3074 542 ἐστι
3105 471 3258 545 κατὰ·
3272 493 3330 546 σὲ
3358 494 3566 561 δίκαιος
3594 516 3608 530 ο

2023 557 2072 649 εἰ
2187 560 2284 612 οὐκ
2314 561 2429 615 ἔστι
2453 564 2659 629 δίκαιος
2693 569 2720 619 ό
2743 568 2894 632 Θεὸς,
2925 569 3046 625 οὐδὲ
3068 573 3199 638 Θεὸς
3233 577 3297 630 ἂν
3320 579 3426 649 εἴη.
3468 557 3610 636 Ἀλλ’

2022 641 2054 710 ἡ
2090 641 2405 732 βλασφημία
2429 650 2506 712 είς
2534 649 2631 721 τὴν
2659 653 2896 724 κεφαλὴν
2918 655 3024 708 τῶν
3053 655 3226 712 ταῦτα
3265 641 3412 731 ἡμᾶς
3448 665 3609 732 ἀναγ⁸

2022 723 2293 789 καζόντων
2326 733 2710 804 περιτραπείη.
2731 723 2924 806 Ὁρᾶτε
2950 739 3085 809 πρὸς
3113 741 3244 812 ὅσην
3261 723 3609 817 βλασφημίαν

2019 808 2048 859 ὁ
2098 807 2255 878 λόγος
2309 811 2676 884 ἐξενήνεκται.
2726 819 2884 872 Ἀλλὰ
2939 807 3044 891 μῆν
3095 807 3352 889 δτίθεδς
3392 807 3506 882 έσέἑι
3539 832 3606 884 τά

2019 893 2318 962 πράγματα
2352 895 2481 967 βοᾷ·
2526 899 2720 954 οὐκοῦν
2753 905 2844 956 καὶ
2889 904 3096 969 δίκαιός
3124 907 3295 961 ἐστιν·
3359 913 3408 963 εἰ
3439 912 3495 964 δὲ
3522 914 3607 966 δί-

2019 975 2338 1063 καιός-εστι,
2370 980 2432 1063 τὸ
2461 984 2582 1034 κατ’
2615 984 2771 1048 ἀξίαν
2800 987 3064 1056 ἀπονέμει
3091 991 3307 1063 ἑκάστῳ
3328 1007 3342 1021 ⁸
3389 997 3438 1048 εί
3467 996 3524 1049 δὲ
3545 996 3608 1051 τὸ

2018 1057 2139 1150 κατ’
2171 1058 2328 1150 ἀξίαν
2357 1062 2888 1150 ἀπονέμειᾲὲκάστῳ,
2934 1071 3145 1141 ἀνάγκη
3180 1057 3302 1128 τινά
3336 1072 3474 1130 εἶναι
3505 1097 3604 1150 με·

2017 1137 2084 1190 τά
2111 1139 2281 1194 ταῦτα
2308 1144 2519 1215 καιρὸν,
2551 1148 2672 1200 καθ’
2702 1150 2760 1202 ὃν
2790 1137 2850 1202 τὸ
2877 1154 2998 1204 κατ’
3030 1137 3186 1218 ἀξίαν
3216 1156 3444 1222 ἕκαστος
3467 1137 3603 1215 ἀπο-

2016 1223 2266 1292 λήψεται,
2291 1227 2384 1279 καὶ
2415 1227 2576 1281 δώσει
2609 1229 2788 1301 δίκην,
2819 1234 2912 1285 καὶ
2940 1236 3302 1306 τιμηθήσεται
3331 1241 3470 1312 ὑπὲρ
3493 1245 3604 1296 τῶν

2015 1308 2463 1379 κατωρθωμένων
2481 1313 2646 1384 αὐτῷ.
2667 1316 3072 1387 Ἀνανήψωμεν,
3097 1321 3369 1392 ἀγαπητοί
3391 1341 3404 1355 ο
3425 1308 3605 1392 ἀγνω-

2016 1389 2137 1443 σίαν
2172 1392 2307 1478 Θεοῦ
2341 1394 2483 1458 τινὲς
2527 1396 2776 1466 ἔχουσινσ
2823 1401 3206 1472 ἀνανήψωμεν,
3242 1389 3604 1478 γ’ρηγορήσω·

2017 1489 2134 1541 μεν.
2177 1476 2492 1561 ίῌμαρτες,
2545 1479 2618 1550 μὴ
2645 1479 2998 1553 προσθῇςἙτι
3025 1499 3038 1513 ⁵
3073 1476 3353 1556 ἥμαρτες,
3392 1476 3600 1561 ήσύχα-

2015 1572 2105 1643 σον
2131 1573 2144 1587 ο
2188 1557 2452 1643 ἥμαρτες,
2486 1562 2559 1632 μὴ
2591 1565 2904 1637 καταδήσῃς
2955 1564 3036 1629 δὶς
3069 1569 3362 1640 ἁμαρτίας.
3411 1557 3601 1643 Ἡμεῖς

2012 1636 2067 1689 δὲ
2095 1641 2326 1710 τριπλᾶς
2363 1644 2457 1695 καὶ
2481 1646 2792 1714 τετραπλᾶς
2820 1636 3294 1721 καταδεσμοῦμεν.
3341 1657 3598 1712 τοιούτων

2009 1719 2298 1806 δογμάτων
2321 1726 2516 1797 φόρτον
2539 1729 2619 1792 είς
2641 1730 2740 1793 τάς
2759 1732 3035 1803 ἡμετέρας
3061 1719 3239 1803 ψυχάς
3262 1737 3594 1806 εἰσάγοντες.

2015 1802 2318 1890 Ἶίμαρτες,
2342 1810 2599 1879 ἐπίγνωθι
2631 1813 2720 1867 τὸν
2746 1802 3044 1888 Δεσπότην,
3075 1802 3166 1871 τὸν
3193 1802 3479 1890 ἐλεήμονα,
3503 1823 3595 1877 τὸν

2010 1887 2412 1975 φιλάνθρωπον,
2441 1894 2532 1947 τὸν
2559 1896 2780 1963 ἀγαθὸν,
2809 1898 2898 1949 τὸν
2927 1899 3126 1971 ἰατρὸν,
3151 1901 3242 1953 τὸν
3275 1887 3595 1975 συγγνωμο-

2011 1972 2179 2036 νικὸν,
2203 1976 2294 2028 τὸν
2316 1977 2742 2049 εὐπαραίτητον,
2761 1980 2851 2033 τὸν
2878 1983 3191 2046 εύαξίωτον.
3213 1987 3325 2038 Οὐκ
3356 1972 3594 2057 ἤκουσας

2007 2053 2090 2107 ὅτι
2120 2057 2288 2127 μυρία
2315 2061 2555 2115 τάλαντά
2584 2079 2664 2125 τις
2698 2063 3103 2134 κατεδηδοκὼς,
3160 2068 3254 2120 καὶ
3277 2053 3388 2139 τὴν
3405 2053 3593 2124 οὐσίαν

2009 2141 2190 2195 πᾶσαν
2228 2144 2326 2213 τήν
2389 2144 2713 2216 δεσποτικὴν
2774 2147 3044 2212 ἀπολέσας
3099 2152 3192 2203 καὶ
3259 2152 3588 2220 διασπάσας,

2007 2221 2224 2295 ἕτοιμος
2251 2225 2325 2279 ὢν
2340 2228 2432 2279 καὶ
2454 2228 2551 2297 τὴν
2578 2232 2808 2294 γυναῖκα
2829 2231 3122 2285 ἀποδόσθαι
3157 2234 3252 2286 καὶ
3275 2235 3346 2287 τά
3377 2235 3588 2300 παιδία,

2008 2308 2194 2379 ἐπειδὴ
2235 2310 2396 2378 μόνον
2425 2310 2708 2379 ἔκλαυσεν,
2743 2315 2932 2385 ἐπειδὴ
2969 2313 3129 2385 μόνον
3152 2318 3260 2370 τῶν
3286 2316 3462 2372 ποδῶν
3493 2322 3591 2373 αύ-

2004 2391 2099 2444 τοῦ
2132 2392 2341 2462 ἥψατο,
2391 2395 2589 2458 παντὸς
2636 2397 2842 2450 ἐκείνου
2892 2398 2986 2450 τοῦ
3035 2400 3396 2471 όφειλήματος
3437 2403 3600 2477 λύσιν.

2003 2473 2210 2544 ηὕρατο
2235 2478 2330 2529 καὶ
2346 2476 2571 2546 ἄφεσιν,
2595 2479 2657 2532 El
2678 2480 2734 2532 δὲ
2755 2479 2950 2549 λέγοις,
2970 2482 3050 2534 ὅτι
3076 2484 3213 2553 μετὰ
3234 2482 3404 2538 ταῦτα
3427 2486 3588 2540 αὐτὸν

2004 2557 2284 2628 παρέδωκε
2307 2563 2416 2622 τοῖς
2439 2559 2808 2630 βασανισταῖς,
2831 2563 3009 2616 ἴσασιν
3037 2567 3082 2617 οἱ
3105 2566 3304 2629 εἰδότες
3327 2566 3423 2636 τὴν
3445 2568 3588 2621 ιστο-

2005 2641 2153 2711 ρίαν·
2182 2642 2374 2714 ἑτέρας
2405 2661 2494 2714 μοι
2520 2644 2700 2712 λέγεις
2728 2643 3135 2717 φιλανθρωπίας
3162 2648 3436 2703 ὑπόθεσιν.
3475 2653 3585 2704 Καὶ

2001 2725 2112 2795 γάρ
2146 2728 2240 2779 καὶ
2268 2726 2389 2778 τότε
2421 2728 2582 2780 αὑτὸν
2613 2728 2843 2798 ἐλεήσας
2863 2729 3044 2798 ἀφῆκε
3066 2769 3080 2793 ,
3121 2731 3213 2783 καὶ
3248 2730 3407 2785 πάλιν
3436 2734 3583 2785 ἐκεῖ-

2001 2823 2087 2860 νον
2125 2807 2353 2878 ἐλεήσας
2407 2809 2691 2863 ἐνέϐαλεν·
2745 2811 2933 2882 ὥσπερ
2982 2813 3101 2865 τότε
3147 2812 3323 2884 τούτῳ
3371 2815 3579 2886 βοηθῶν

1999 2890 2293 2961 ἐποίησεν,
2338 2892 2478 2945 οὕτω
2511 2894 2605 2946 καὶ
2641 2893 2735 2946 νῦν
2774 2894 2965 2965 ἐκείνῳ
3012 2893 3219 2966 βοηθῶν
3252 2896 3577 2967 ἀνέπραττε,

1997 2972 2184 3027 τοῦτον
2215 2974 2312 3045 μὲν
2341 2976 2429 3029 ἵνα
2457 2974 2719 3047 παιδεύσῃ
2751 2977 2824 3046 μή
2865 2971 3003 3030 εἶναι
3038 2977 3210 3048 ὠμὸν,
3245 2979 3379 3050 μηδὲ
3406 2982 3580 3034 ἀπάν-

1999 3057 2232 3130 θρωπον,
2261 3061 2463 3112 ἐκεῖνον
2497 3059 2552 3112 δὲ
2584 3060 2669 3112 ’ίνα
2706 3062 2796 3113 καὶ
2821 3061 3104 3134 ἀπαλλάξῃ
3141 3062 3260 3131 βίας
3289 3064 3384 3115 καὶ
3405 3066 3579 3119 ἀπαν-

1998 3140 2261 3211 θρωπίας.
2281 3142 2495 3211 Ὁρᾶτε,
2528 3144 2822 3212 άγαπητοί“
2839 3143 3018 3207 καλῶς
3038 3145 3146 3214 γάρ
3172 3162 3235 3214 με
3263 3145 3464 3214 μεταξὺ
3493 3146 3579 3200 λέ·

1995 3242 2159 3294 γοντα
2184 3226 2338 3280 τοῦτο
2367 3227 2581 3297 εἰσῆλθε
2598 3227 2657 3280 τὸ
2682 3228 2880 3298 νόημα,
2903 3227 3018 3290 πῶς
3035 3228 3095 3280 ού
3128 3229 3288 3297 μόνον
3316 3229 3376 3281 τὸ
3397 3228 3578 3282 πλεονο

1996 3313 2174 3362 εκτεῖν
2208 3310 2302 3362 καὶ
2337 3311 2624 3381 ἁρπάζειν,
2664 3310 2799 3364 ἀλλὰ
2836 3312 2928 3364 καὶ
2961 3311 3020 3363 τὸ
3051 3311 3125 3382 μὴ
3155 3311 3323 3365 ἐλεεῖν
3351 3313 3575 3385 γεέννης

1997 3392 2147 3464 [768]
2174 3395 2305 3464 ήμῖν
2333 3394 2588 3465 πρόξενον
2615 3394 2882 3462 γίγνεται.
2933 3389 3102 3460 Οὗτος
3130 3397 3260 3468 γάρ,
3295 3399 3395 3452 οὐκ
3426 3400 3570 3452 ἐπει·
3637 3391 3641 3394 ⁴

1992 3475 2056 3545 δὴ
2093 3475 2160 3528 τὰ
2187 3476 2440 3548 ἀλλότρια
2470 3477 2659 3531 έλαὸεν
2691 3477 2921 3542 ἀδίκως,
2972 3479 3088 3533 ἀλλ’
3130 3480 3318 3552 ἐπειδὴ
3363 3482 3432 3533 τά
3471 3483 3575 3534 αύ-

1991 3557 2086 3610 τοῦ
2107 3561 2304 3631 ἀπῄτει
2327 3560 2726 3632 ἀπανθρώπως,
2755 3563 3025 3634 παρεδόθη
3053 3567 3166 3626 τοῖς
3191 3564 3539 3633 βασανισταῖς
3555 3581 3568 3594 ·

1995 3637 2088 3694 καὶ
2117 3644 2224 3714 γὰρ
2257 3645 2468 3713 εἴρηται
2488 3685 2501 3708 ,
2547 3645 2628 3697 ὅτι
2681 3645 2912 3712 ὤφειλεν
2960 3648 3165 3709 ἐκεῖνος
3194 3662 3207 3675 ·
3238 3647 3354 3699 ἀλλ’
3398 3650 3446 3700 εἰ
3477 3651 3570 3702 καὶ

1994 3726 2200 3788 ἐκεῖνος
2245 3725 2509 3794 ὤφειλεν,
2553 3727 2784 3796 ῶφειλες
2814 3729 2907 3780 καὶ
2949 3729 3012 3780 σὺ
3047 3728 3108 3780 τὸ
3152 3729 3285 3782 αὐτὸ
3321 3730 3567 3801 ὄφλημα,

1995 3809 2180 3861 καὶτὸ
2224 3809 2355 3861 αὐτὸ
2395 3809 2602 3863 δίκαιον
2643 3811 2729 3862 ἐπ’
2779 3811 3154 3882 ἀμφοτέρωνδ
3207 3812 3567 3881 φυλάττεσθαι

1992 3895 2181 3965 ἐχρῆν.
2220 3897 2316 3950 Διά
2361 3897 2522 3950 τοῦτό
2564 3896 2646 3950 σοι
2689 3899 2932 3970 ἀφῆκεν,
2992 3901 3078 3954 ίνα
3125 3902 3226 3971 τήν
3271 3902 3434 3956 αὑτοῦ
3485 3920 3566 3957 σοι

1993 3985 2143 4058 δείξῃ
2181 3988 2607 4060 φιλανθρωπίαν,
2638 3991 2724 4043 ἵνα
2749 3990 2994 4063 ζηλωτήν
3024 4009 3082 4045 σε
3115 3993 3217 4064 τῆς
3239 3994 3566 4065 δεσποτικῆς

1992 4075 2328 4146 ἡμερότητος
2349 4076 2671 4148 ἐργάσηται.
2713 4078 2929 4147 Ἐπειδὴ
2961 4079 3018 4132 δὲ
3045 4080 3233 4134 παθὼν
3251 4077 3310 4134 εῦ
3327 4082 3427 4134 οὐκ
3451 4081 3563 4150 ἐγέ-

1991 4182 2082 4218 νου
2114 4161 2354 4235 βελτίων,
2382 4167 2556 4238 ἐτέρῳ
2581 4185 2639 4221 σε
2672 4169 2974 4240 διορθοῦται
3001 4171 3208 4243 τρόπῳ,
3240 4172 3318 4243 τῷ
3343 4175 3440 4244 τῆς
3472 4193 3564 4228 κο-

1989 4255 2219 4322 λάσεως,
2261 4258 2338 4329 τῷ
2382 4261 2481 4330 τῆς
2515 4261 2812 4329 τιμωρίαςο
2847 4261 2987 4314 ὥστε
3029 4264 3121 4315 καὶ
3154 4263 3309 4317 τοῦτο
3339 4267 3561 4337 εὐεργε-

1991 4346 2110 4410 σίας
2140 4343 2279 4410 εἶδός
2306 4349 2444 4402 ἐστι.
2481 4349 2770 4417 Παρέδωκε
2799 4353 2913 4414 τοῖς
2941 4349 3308 4420 βασανισταῖς,
3344 4354 3432 4408 ἵνα
3461 4372 3559 4408 κα-

1988 4438 2113 4491 κίαν
2172 4439 2328 4511 ἐξέλῃ
2365 4440 2578 4511 ψυχῆς,
2624 4440 2876 4512 καθάπερ
2924 4443 3104 4512 ἰατρὸς
3152 4443 3391 4514 ἀριστος.
3445 4447 3560 4500 Οὐκ

1986 4524 2134 4594 εἴξας
2168 4531 2446 4601 φαρμάκῳ
2484 4533 2763 4602 προσηνεῖ,
2807 4532 3024 4604 σιδήρου
3050 4550 3132 4585 σοι
3157 4533 3347 4588 δεῖκαὶ
3392 4536 3558 4606 πυρὸς

1984 4617 2187 4672 λοιπόν.
2217 4620 2370 4692 ’ᾙδει
2398 4620 2567 4691 μυρία
2597 4620 2833 4674 τάλαντα
2858 4622 3015 4690 ἀφεὶς
3039 4623 3118 4676 ὅτι
3143 4623 3292 4695 ὠμός
3319 4627 3435 4678 ἐστι
3461 4627 3556 4680 καὶ

1984 4711 2366 4782 ἀπάνθρωπος,
2403 4712 2516 4764 ἀλλ’
2548 4712 2798 4784 ἀνέμεινε
2829 4713 2916 4767 διὰ
2951 4715 3049 4785 τῆς
3075 4714 3183 4768 τῶν
3216 4717 3556 4786 πραγμάτων

1982 4801 2257 4865 ἐκϐάσεως
2277 4803 2715 4873 ἀπολογήσασθαί
2739 4821 2837 4869 σοι,
2864 4805 2892 4857 ὃ
2913 4805 3178 4876 πολλαχοῦ
3209 4808 3370 4868 ποιεῖ,
3400 4807 3554 4871 εἰδὼς

1982 4888 2062 4942 ὅτι
2088 4889 2313 4954 δικαίως
2350 4894 2512 4945 ποιεῖ.
2546 4894 2701 4945 Μετά
2728 4893 2789 4946 τὸ
2815 4893 3259 4965 ἀπολογήσασθαί
3290 4913 3373 4948 σοι
3399 4895 3554 4950 τοῦτο

1980 4983 2152 5034 ποιεῖ·
2177 4975 2286 5034 οἷον
2306 4982 2524 5035 ἐπὶτῶν
2539 4984 2787 5054 Σοδόμων
2812 4985 2907 5054 οὐχ
2933 4985 3120 5049 ἁπλῶς
3137 4986 3316 5056 ἀφῆκε
3342 4987 3403 5040 τὸ
3421 4987 3549 5059 πῦρ,

1977 5073 2096 5126 οὐδὲ
2118 5073 2216 5136 τὰς
2233 5073 2413 5138 πόλεις
2439 5075 2649 5138 ἐκείνας
2675 5076 3008 5148 ἀνήρπασεν,
3041 5079 3178 5133 ἀλλὰ
3201 5080 3251 5132 τί
3271 5096 3284 5144 ;
3309 5081 3547 5148 Κραυγὴ

1977 5163 2258 5234 Σοδόμων
2317 5167 2414 5219 καὶ
2451 5168 2787 5237 Γομόρῤων,
2837 5171 2929 5224 καὶ
2965 5172 3085 5224 οὐδὲ
3136 5173 3291 5242 μέχρι
3324 5171 3546 5236 τούτου,

1975 5255 2133 5317 ἀλλά,
2181 5259 2454 5322 Καταϐὰς
2492 5257 2733 5329 ὄψομαι.
2777 5263 2886 5315 Καὶ
2941 5262 3058 5314 οὐδὲ
3109 5262 3338 5314 ἐνταῦθα
3379 5262 3546 5334 ἔστη,

1973 5347 2108 5400 ἀλλὰ
2136 5348 2342 5418 πέμπει
2377 5350 2503 5414 τοὺς
2534 5352 2802 5420 ἀγγέλους
2837 5353 3282 5416 ύποδεικνύοντάς
3316 5371 3397 5406 σοι
3439 5367 3544 5434 τὴν

1973 5439 2169 5492 κακίαν
2213 5439 2321 5494 τῶν
2371 5443 2721 5498 ἐνοικούντων
2765 5444 2863 5516 τὴν
2916 5444 3088 5510 πόλιν,
3120 5444 3207 5498 ἵνα
3264 5444 3397 5514 μηδέ
3422 5448 3540 5510 τῶν

2032 5607 2060 5648 δ
2081 5608 2217 5659 Colb.
2243 5611 2314 5660 ἐπ’
2335 5614 2627 5678 ἀμφοτέροις.
