4092 6194
516 257 625 316 765

513 370 888 446 ἀναισχύντων
933 375 1124 448 μηδεὶς
1166 374 1264 448 ἔχῃ
1309 376 1650 448 βλασφημεῖν
1693 375 1788 428 τὸν
1831 375 1966 428 Θεὸν
2011 377 2092 429 ὅτι

512 471 640 531 τοὺς
671 467 896 534 ἀξένους
915 512 930 533 ,
963 469 1044 522 δτι
1075 470 1202 532 τοὺς
1231 467 1662 540 ἀπανθρώπους,
1701 467 1784 520 ὅτι
1827 468 1954 531 τοὺς
1983 485 2094 522 πα-

515 563 806 634 ρανόμους,
837 563 933 616 καὶ
959 561 1027 615 τά
1073 562 1172 633 τῆς
1197 559 1550 632 δικαιοσύνης
1597 561 1978 631 ἀγνοήσαντας
2011 560 2094 614 δί-

514 669 676 715 καια,
713 653 808 706 καὶ
843 654 984 714 τοὺς,
1015 651 1227 714 κοινοὺς
1271 652 1371 722 τῆς
1425 651 1641 720 φύσεως
1685 650 2094 723 ἀνατρέψαντας

513 743 716 813 νόμους
737 784 751 807 ,
790 741 886 795 καὶ
932 740 1061 803 τοὺς
1097 740 1266 812 κακίᾳ
1299 739 1763 811 πεπληρωμένους
1795 723 2095 793 ἀπολέσθαι

515 833 642 887 ἔδει.
677 832 740 886 Τί
771 833 884 884 ἴσον
927 829 1022 884 τοῦ
1064 830 1206 918 οξτω
1237 829 1618 902 φιλανθρώπου
1657 831 1750 896 καὶ
1793 828 2096 900 προσηνοῦς

515 926 650 980 θεοῦ
677 943 691 991 ;
729 924 924 978 Καίτοι
946 941 1009 992 γε
1032 926 1194 994 ἡμεῖς
1224 922 1566 985 κολάζοντες,
1593 921 1695 974 οὐκ
1717 921 1976 992 ἀξιοῦμεν
1997 920 2098 986 τάς

514 1016 692 1079 αἰτίας
723 1015 902 1085 λέγειν
934 1014 1193 1074 πολλάκις
1213 1030 1226 1044 ·
1263 1013 1427 1077 αὐτὸς
1450 1014 1507 1068 δὲ
1537 1011 1602 1066 ἂν
1633 1012 1708 1082 μὴ
1741 1012 2006 1085 πρότερόν
2037 1029 2096 1066 σε

511 1107 722 1179 διδάξῃ,
758 1107 820 1162 ἀν
854 1107 928 1178 μή
969 1106 1236 1178 πρότερόν
1271 1121 1332 1157 σε
1365 1105 1550 1176 πείσῃ,
1583 1105 1679 1158 καὶ
1696 1104 1794 1177 τὴν
1820 1103 1972 1176 παρά
1998 1103 2092 1158 σοῦ

514 1197 654 1269 λάϐῃ
681 1198 882 1267 ψῆφον,
912 1197 994 1250 ὅτι
1017 1197 1244 1259 δικαίως
1273 1197 1469 1264 ἐπάγει
1509 1196 1609 1266 τὴν
1635 1196 1878 1259 κόλασιν,
1919 1195 1982 1248 οὐ
2011 1213 2094 1248 τι-

519 1293 789 1362 μωρεῖται
823 1289 950 1352 τοὺς
973 1287 1141 1342 πάλαι
1173 1288 1448 1351 κολάσεως
1477 1289 1571 1342 καί
1591 1289 1860 1359 τιμωρίας
1889 1287 2091 1355 ἀξίους,

513 1383 610 1436 καί
643 1381 872 1446 εὐθύνας
901 1399 982 1434 σοι
1019 1379 1282 1450 πολλαχοῦ
1312 1381 1571 1450 παρέχειν
1594 1380 1812 1451 ἕτοιμός
1839 1383 1975 1442 ἐστι,
2001 1381 2096 1434 κα)⁸

515 1474 760 1546 κρίνεται
807 1473 941 1544 πρός
989 1491 1048 1526 σε
1099 1473 1196 1526 καὶ
1224 1470 1540 1535 δικάζεσθαι
1581 1472 1682 1524 οὐκ
1716 1472 1884 1526 ὀκνεῖ.
1929 1472 2095 1544 Ὁρᾷς

394 1569 402 1579 ’
515 1568 641 1627 τοὺς
671 1565 958 1636 προφήτας
989 1565 1194 1618 τούτων
1227 1563 1718 1634 ἐμπεπλησμένους
1747 1564 1855 1616 τῶν
1887 1562 2089 1630 λόγων·

514 1655 792 1727 πανταχοῦ
848 1655 1175 1726 δικαστήρια
1221 1653 1356 1708 Θεοῦ
1407 1653 1545 1724 πρὸς
1590 1653 1932 1725 ἀνθρώπους.
1991 1656 2103 1709 Καὶ

514 1747 775 1812 ’πολλάκις
789 1745 886 1818 μὲν
901 1746 1098 1810 αὐτοὺς
1115 1745 1430 1810 δικάζοντας
1442 1746 1568 1808 τοὺς
1583 1745 1911 1816 ἠδικηκότας
1927 1744 2102 1812 καλεῖ,

517 1840 774 1904 πολλάκις
805 1840 865 1894 δὲ
909 1840 1008 1912 τὴν
1039 1839 1218 1892 κτίσιν
1267 1839 1586 1908 καθημένην
1629 1838 1722 1891 ἐπὶ
1765 1839 1866 1910 τῆς
1900 1839 2102 1909 ψήφου,

513 1933 728 1996 δεικνὺς
747 1932 846 2002 τὴν
879 1931 1233 2003 περιφάνειαν
1265 1929 1376 1984 τῶν
1402 1928 1790 2000 δικαιωμάτων
1815 1945 1828 1960 ·
1851 1928 1975 1982 οὔτε
2007 1929 2106 1982 αὑ·-

514 2024 608 2079 τὸν
649 2025 738 2079 τὸν
764 2025 1056 2086 ἀντίδικον,
1097 2022 1221 2076 οὔτε
1269 2023 1340 2076 τά
1391 2021 1695 2092 ἀναίσθητα
1755 2022 2108 2093 παραιτεῖται

515 2119 596 2181 είς
620 2117 800 2188 κρίσιν
826 2117 1008 2170 καλεῖν
1039 2118 1068 2170 ό
1095 2116 1226 2180 Θεός
1245 2131 1258 2143 ⁸
1283 2115 1419 2186 ὅπερ
1445 2116 1577 2186 ἡμῖν
1603 2113 1724 2179 ἔθος
1751 2114 1866 2167 ἐστὶ
1897 2116 2094 2181 ποιεῖν,

518 2210 650 2263 ὃταν
691 2207 986 2281 θαρρῶμεν
1019 2210 1132 2272 τοῖς
1171 2208 1394 2272 οἰκείοις
1429 2207 1681 2270 δικαίοις.
1744 2207 2088 2275 Ἀκούσατε,

1235 259 1292 319 S.
1329 259 1616 318 JOANNIS
1653 255 2138 316 CHRYSOSTOMI
2180 254 2498 314 ARCHIEP.
2536 249 3090 310 CONSTANTINOP.
3681 249 3782 306 766

2196 373 2519 444 φάραγγες,
2558 369 2801 439 θεμέλια
2849 365 2954 434 τῆς
2990 365 3124 436 γῆς,
3180 364 3268 417 ὅτι
3305 365 3501 432 κρίσις
3543 363 3624 430 τῷ
3665 369 3787 419 Κυ-

2187 467 2306 533 ρίῳ
2325 479 2338 491 ·
2365 464 2458 518 καὶ
2483 463 2661 526 πάλιν,
2687 463 2926 522 Ἀκουε,
2947 455 3187 524 οὐρανέ,
3230 455 3330 508 καί
3356 453 3650 522 ἐνωτίζου,
3677 455 3782 524 τῆ,

2197 555 2288 609 ὅτι
2315 555 2530 624 Κύριος
2561 551 2849 620 ἐλάλησε.
2883 549 3150 612 Πολλάκις
3192 547 3248 600 δὲ
3288 549 3487 612 αὐτοὺς
3517 549 3782 618 ἐκείνους,

2197 651 2356 715 Λαός
2371 667 2512 718 μου,
2544 647 2604 700 τί
2628 642 2888 724 ἐποίησὰ
2915 657 3032 708 σοι,
3064 641 3104 708 ἣ
3125 642 3182 694 τί
3200 641 3466 710 ἡδίκησά
3487 658 3560 694 σε
3575 659 3595 708 ;
3617 643 3726 696 Καὶ
3755 645 3786 696 ὁ

2208 741 2476 812 Ἱερεμίας
2499 781 2514 805 ,
2573 741 2635 794 Τί
2660 739 2922 808 εὕρεο-αν
2948 737 3020 790 ἐν
3054 735 3183 806 ἐμοὶ
3226 739 3282 790 οἱ
3318 735 3573 804 πατέρες
3615 735 3786 806 ὑμῶν

2197 833 2636 902 πλημμέλημα;
2684 831 2758 883 Ού
2790 830 2937 882 ποιεῖ
2981 829 3040 881 δὲ
3083 827 3219 882 αὐτὸ
3264 827 3408 882 κατά
3456 829 3641 892 πόλεις
3685 831 3784 884 καί⁵

2198 925 2326 995 ἔθνη
2357 925 2535 996 μόνον,
2571 923 2706 977 ἀλλά
2735 923 2833 977 καὶ
2878 921 3020 976 κατά
3046 920 3142 974 ἕνα
3173 919 3436 984 πολλάκις
3467 920 3784 990 ἄνθρωπον.

2201 1016 2345 1087 Πρὸς
2379 1016 2476 1068 τὸν
2509 1015 2674 1068 Δαυίδ
2705 1013 2948 1086 κρίνεται
2985 1012 3070 1066 διὰ
3109 1012 3204 1066 τοῦ
3243 1016 3543 1085 προφήτου,
3577 1017 3674 1068 καὶ
3702 1015 3788 1086 τῷ

2211 1109 2364 1178 Ἰωνᾷ
2385 1125 2461 1159 πα
2469 1123 2655 1179 ραιτου
2665 1106 2810 1176 μένῳ
2825 1121 2896 1174 κη
2905 1104 3060 1176 ρῦξαι
3075 1105 3404 1170 Νινευῒταις,
3427 1106 3786 1174 ἀπολογεῖται

2196 1199 2284 1254 διά
2309 1199 2411 1270 τῆς
2441 1199 2772 1268 κολοκύνθης
2793 1215 2806 1230 ·
2837 1199 2906 1251 El
2933 1197 3016 1252 σὺ
3044 1198 3266 1266 ἐφείσω
3291 1198 3442 1266 ὑπὲρ
3470 1198 3582 1264 τῆς
3605 1202 3786 1253 κολο-

2198 1292 2456 1358 κύνθης,
2508 1288 2622 1358 ἐγὼ
2672 1291 2744 1342 οὐ
2793 1289 3076 1360 φείσομαι
3127 1288 3277 1356 ὑπὲρ
3321 1289 3616 1357 Νινει.ιῆς;
3671 1292 3785 1348 Καὶ

2199 1382 2412 1436 πολλῶν
2451 1382 2707 1435 τοιούτων
2754 1383 3006 1453 εὑρήσεις
3054 1381 3332 1452 γεμούσας
3383 1381 3483 1446 τάς
3530 1384 3781 1455 Γραφάς.

2200 1475 2368 1528 Ταῦτ’
2407 1471 2501 1530 οῦν
2535 1475 2761 1538 εἰδότες,
2803 1465 3388 1546 προσκυνῶμενῙῖϐθῖ
3418 1473 3603 1538 αὐτὸν,
3645 1474 3782 1528 θαυ-

2203 1568 2486 1639 μάζωμεν,
2518 1565 2932 1638 θεραπεύωμεν,
2973 1565 3048 1629 ὡς
3091 1565 3314 1620 δυνατὸν
3349 1567 3510 1636 ἡμῖν·
3553 1568 3629 1629 ὡς
3671 1568 3783 1638 γάρ

2198 1659 2346 1725 ἄξιον
2367 1659 2426 1712 οὐ
2449 1659 2693 1714 δυνατόν.
2729 1657 3152 1729 Ἐπιμελώμεθα
3171 1657 3270 1728 τῆς
3297 1657 3577 1728 παρούσης
3611 1657 3782 1730 ζωῆς,

2199 1753 2294 1806 καὶ
2339 1750 2698 1822 πειθώμεθα,
2745 1751 2828 1804 ὅτι
2871 1749 3003 1813 Θεὸς
3045 1749 3348 1820 ἐφέστηκε,
3404 1751 3498 1803 καὶ
3552 1751 3788 1822 πρόνοια.

2199 1843 2386 1898 πάντα
2411 1842 2675 1914 κυϐερνᾷ,
2702 1842 2796 1896 καὶ
2829 1841 2966 1912 μετά
2996 1841 3170 1896 ταῦτα
3193 1842 3372 1898 πάντα
3400 1842 3544 1896 ἔστιν
3575 1844 3788 1914 ἀποδη-

2207 1933 2489 2004 μήσαντας
2537 1935 2720 2002 τυχεῖν
2772 1932 2882 1987 τῶν
2931 1932 3357 2003 ἐπηγγελμένων
3405 1933 3666 2001 ἀγαθῶν·
3707 1928 3786 1988 ὧν

2199 2025 2414 2094 γένοιτο
2448 2025 2660 2090 πάντας
2697 2027 2847 2097 ἡμᾶς
2896 2027 3194 2096 ἐπιτυχεῖν,
3229 2026 3410 2097 χάριτι
3440 2026 3704 2098 Χριστοῦ,
3738 2020 3786 2097 ᾧ

2203 2119 2238 2187 ή
2271 2114 2398 2182 δόξα
2427 2117 2508 2180 εἰς
2535 2116 2661 2179 τοὺς
2687 2115 2892 2180 αἰῶνας
2917 2115 3024 2170 τῶν
3055 2115 3288 2171 αἰώνων.
3339 2117 3532 2174 ’Δαίν

1185 2427 1446 2512 ΠΕΡΙ
1501 2425 2218 2532 ΕῌΜΑΡΜΕΝΗΣ
2275 2427 2467 2508 ΚΑΙ
2522 2423 3109 2512 ΠΡΟΝΟΙΑΣ..

1149 2634 1342 2704 Λόγος
1380 2638 1440 2687 ε’.

583 2731 754 2788 υὺδέν
784 2730 932 2782 ἐστιν
973 2725 1140 2788 ὅντως
1173 2725 1350 2794 δόγμα
1396 2722 1652 2794 πονηρὸν,
1698 2723 1969 2795 ἀγαπητὲ,
2005 2723 2098 2776 καὶ

517 2817 810 2890 σηπεδόνος
839 2811 1057 2866 ἀνιάτου
1087 2809 1278 2879 γέμον,
1314 2807 1389 2870 ὡς
1412 2807 1470 2860 τὸ
1503 2809 1602 2878 τῆς
1634 2809 1974 2878 εἱμαρμένης
2003 2809 2098 2861 καὶ

515 2907 786 2977 γενέσεως
813 2902 1009 2972 δόγμα.
1033 2897 1190 2952 Μετὰ
1214 2895 1321 2966 γὰρ
1346 2893 1438 2947 τοῦ
1465 2895 1620 2959 δόξαν
1653 2895 1970 2966 βλάσφημον
2004 2897 2098 2948 καὶ

518 2992 690 3062 ἀσεϐῆ
723 2987 815 3043 καὶ
847 2984 1099 3056 ὀλεθρίαν
1132 2982 1396 3036 ἐντιθέναι
1424 2983 1543 3045 ταῖς
1591 2979 1699 3034 τῶν
1731 2981 2097 3050 ἠπατημένων

515 3081 738 3150 ψυχαῖς,
758 3075 853 3128 καὶ
881 3072 1085 3127 πείθειν
1111 3069 1336 3123 τοιαῦτα
1363 3067 1542 3135 λέγειν
1563 3083 1630 3118 πε
1641 3067 1693 3139 ρὶ
1719 3066 1877 3130 Θεοῦ,
1906 3066 1941 3120 ἃ.
1963 3066 2098 3137 μηδὲ

518 3167 650 3238 περὶ
687 3161 954 3234 δαιμόνων
1005 3175 1088 3222 τις
1122 3158 1288 3220 εἴποι,
1333 3155 1427 3208 καὶ
1469 3153 1559 3208 τὸν
1611 3155 1724 3224 βίον
1759 3157 1952 3225 συγχεῖ
2005 3155 2094 3208 τὸν

516 3254 810 3326 ἡμέτερον,
847 3251 1024 3304 πάντα
1057 3244 1287 3317 θορύϐου
1311 3244 1405 3298 καὶ
1433 3243 1634 3312 πολλῆς
1669 3243 1975 3314 ἐμπίπλησι
2001 3243 2100 3313 τῆς

515 3339 796 3412 ταραχῆς·
831 3337 925 3390 καὶ
956 3337 1058 3388 ὅσα
1096 3333 1233 3404 πρὸς
1275 3331 1626 3386 διδασκαλίαν
1676 3329 1773 3383 καὶ
1814 3329 2100 3400 διόρθωσιν

517 3426 676 3498 ’πειρά
715 3423 812 3478 τοῦ
857 3422 994 3475 Θεοῦ
1026 3419 1122 3474 καὶ
1153 3420 1251 3488 τῆς
1293 3417 1528 3486 φύσεως.
1563 3417 1657 3470 καὶ
1687 3415 1776 3468 διὰ
1806 3415 2098 3488 προφητῶν

519 3511 893 3578 εἰσενήνεκται
931 3505 1026 3558 καὶ
1067 3501 1157 3555 διὰ
1187 3499 1358 3569 ἁγίων
1401 3499 1633 3570 ἀνδρῶν,
1675 3499 1972 3570 ἀνατρέπει
2005 3499 2100 3553 καὶ

521 3595 800 3658 καταλύει,
841 3591 932 3645 καὶ
972 3589 1214 3644 δείκνυσι
1259 3585 1510 3656 περιττά.
1547 3586 1658 3638 Καὶ
1702 3587 1850 3637 ποιεῖ
1881 3585 2095 3652 ταύτὸν,

519 3678 630 3736 οἷον
660 3680 725 3733 ἂν
755 3677 912 3739 εἴτις
945 3674 1104 3744 σῶμα
1136 3669 1426 3742 νενοσηκὸς
1451 3669 1543 3723 καὶ
1577 3667 1880 3742 φαρμάκων
1907 3669 2098 3740 δεόμεσ

521 3783 632 3828 νον,
664 3762 947 3834 παρόντων
991 3755 1191 3827 ἰατρῶν
1221 3754 1314 3808 καὶ
1347 3751 1409 3807 τὸ
1435 3753 1727 3824 φάρμακον
1755 3769 2098 3805 κατασκευα-

522 3851 741 3915 ζόντων,
767 3845 942 3899 πείθοι
969 3842 1155 3915 μηδενὶ
1178 3841 1382 3894 τούτων
1410 3837 1730 3909 κεχρῆσθαι,
1763 3839 1895 3910 μηδέ
1921 3839 2097 3892 ἀπαλ-

517 3935 808 3992 λάττεσθαι
837 3932 930 3985 τοῦ
959 3931 1283 4000 νοσήματος,
1325 3925 1443 3980 ἀλλ’
1473 3925 1706 3997 ἀμελείᾳ
1728 3926 1824 3978 καὶ
1855 3925 2100 3998 ῥᾳθυμία

522 4020 738 4074 ἐνδόντα
770 4016 838 4072 τὰ
865 4013 985 4068 καθ’
1016 4011 1230 4074 ἐαυτὸν,
1266 4011 1364 4082 τὴν
1395 4009 1770 4078 ἐλεεινοτάτην
1809 4009 2102 4078 ἀναμένειν

515 4102 816 4158 ἀπώλειαν.
846 4099 918 4152 Ἢ
939 4096 1058 4166 οὐχὶ
1081 4093 1256 4148 ταῦτά
1280 4110 1444 4164 φησιν
1471 4094 1504 4164 ή
1532 4090 1842 4162 εἱμαρμένη
1868 4091 2103 4162 ςΜηδεὶς

521 4183 856 4256 παρανινείτω
887 4197 940 4235 τι
966 4180 1074 4232 τῶν
1112 4177 1421 4249 χρησίμων,
1465 4175 1654 4246 μηδεὶς
1691 4173 1935 4228 ἀκουέτω
1964 4190 2104 4244 παρ-

521 4255 800 4329 αινοῦντος
830 4263 1016 4334 ἐτέρου
1039 4278 1053 4291 ·
1092 4261 1268 4331 μάτην
1301 4259 1439 4314 εἰσὶν
1466 4260 1514 4312 οἰ
1544 4257 1701 4327 νόμοι
1735 4257 1830 4310 καὶ
1855 4257 1904 4308 οἰ
1947 4255 2104 4310 δικα-

525 4349 671 4409 σταῖ.
711 4347 889 4416 μάτην
918 4343 1235 4414 ἐπιπλήξεις
1265 4343 1360 4396 καὶ
1393 4339 1688 4402 νουθεσίαι,
1723 4339 1898 4410 μάτην
1933 4355 2102 4409 τιμω-

523 4432 648 4504 ρίας
678 4429 841 4502 φόϐος
861 4467 876 4490 ,
910 4427 1085 4498 μάτην
1116 4425 1274 4496 τιμαὶ
1307 4425 1401 4478 καὶ
1439 4423 1582 4493 γέρα
1617 4423 1708 4475 καὶ
1749 4419 1958 4504 έπαθλα
1991 4421 2102 4504 τοῖς

525 4501 901 4584 κατορθοῦσιν.
939 4509 1074 4562 Οὔτε
1118 4509 1212 4561 ἐὰν
1248 4506 1576 4578 σπουδάσῃς,
1621 4503 1813 4574 ὄφελός
1855 4501 2100 4584 τι,οῦτε

524 4597 622 4652 ἐὰν
647 4583 926 4666 ἀμελήσῃς
947 4632 960 4655 ,
995 4589 1192 4661 βλάϐος
1219 4607 1272 4641 τι
1301 4590 1614 4658 γενήσεται.
1649 4586 1806 4656 Μήτε
1833 4585 1924 4636 ἐπὶ
1956 4583 2102 4636 διδα-

527 4681 774 4736 σκαλεῖον
807 4675 1021 4729 παιδίον
1045 4673 1122 4727 ὢν
1154 4671 1440 4743 βαδιςέτω,
1473 4671 1613 4740 μήτε
1643 4668 1783 4739 ἀνὴρ
1812 4665 2100 4736 γενόμενος

525 4763 770 4818 ἀκουέτω
799 4759 999 4830 νόμων,
1035 4757 1110 4827 μὴ
1136 4753 1452 4825 προσεχέτω
1483 4750 1816 4822 συμϐουλαῖς
1855 4749 1948 4802 καί⁵
1975 4766 2100 4802 νου-

521 4846 732 4908 θεσίαις
776 4841 1088 4914 χρησίμοις.
1128 4837 1194 4891 Τί
1229 4837 1518 4907 δυνήσεται
1557 4835 1800 4902 ἐνεγκεῖν
1834 4833 1862 4885 ὁ
1891 4832 2056 4914 κόπος
2085 4847 2100 4898 ;

525 4931 736 4998 Ὠσπερ
761 4913 1164 4997 ἀνερμάτιστον
1197 4921 1404 4982 πλοῖον,
1432 4919 1527 4972 καὶ
1550 4916 1758 4972 ναυτῶν
1790 4914 1884 4998 καί
1905 4913 2102 4998 κυϐερέ

524 4996 718 5081 νητῶν-
751 4996 979 5080 ἔρημον,
1024 5009 1089 5076 τῇ
1139 5003 1234 5058 τοῦ
1273 5001 1544 5074 χειμῶνος
1589 5001 1732 5072 φορᾷ
1775 4996 2099 5081 ἐπιδοὺςτά

524 5079 758 5166 πηδάλια
935 5089 1168 5151 διανοίας
1187 5127 1202 5152 ,
1233 5087 1377 5142 οὕτω
1421 5083 1688 5156 φερέσθω.
1719 5081 1928 5166 Θέλεες,
1975 5079 2096 5166 εἰπέ

526 5159 640 5248 μοι,
675 5159 1118 5244 πεισθησώμεθα.
1147 5170 1242 5224 καὶ
1264 5169 1412 5222 οὐδὲν
1440 5167 1804 5248 ἐνεργήσομεν
1825 5162 1932 5248 τῶν
1966 5159 2101 5248 πρὸς

523 5243 800 5330 σωτηρίαν
843 5243 942 5328 τῆς
975 5253 1246 5325 ἡμετέρας
1293 5252 1470 5322 ζωῆςς
1519 5250 1669 5313 Τέως
1711 5247 1833 5330 γάρ
1858 5243 2101 5330 ἀφείσθω

522 5343 592 5398 τά
623 5325 722 5413 τῆς
751 5325 950 5410 ψυχῆς,
977 5337 1110 5390 ἀλλά
1133 5338 1200 5389 τὰ
1226 5335 1356 5406 περὶ
1382 5335 1480 5405 τῆς
1509 5331 1793 5406 παρούσης
1818 5329 1962 5413 ζωῆς
1987 5325 2103 5413 μδια-

523 5408 1168 5497 λεγώμεθαξ-Πειθόμεθα
1195 5422 1261 5492 τῇ
1295 5417 1604 5490 εἱμαρμένῃ
1631 5415 1806 5468 ταῦτα
1843 5408 2097 5497 λεγούσῃ,

525 5490 620 5565 καλ.
665 5490 788 5561 οὔτε
835 5490 1054 5568 οἰκέτας
1113 5490 1527 5574 ἁμαρτάνοντας
1573 5499 1913 5567 κολάσομεν,
1976 5490 2102 5544 οὔτε

523 5590 833 5657 ἀσελγείαις
868 5587 1296 5658 διεφθαρμένους
1336 5581 1755 5655 ἐπιστρέψομεν,
1786 5577 1925 5632 ὀὔτε
1973 5575 2097 5658 τοῦς

524 5654 842 5734 ἀδικοῦντας
877 5654 1213 5742 εἰς’δικαστή
1224 5684 1334 5738 ριον
1365 5654 1584 5736 ἄξομεν,
1617 5665 1718 5716 οὐκ
1749 5654 2093 5742 ἀκουσόμεθα

525 5759 639 5816 τῶν
661 5756 875 5828 νόμων;
915 5739 1244 5822 Ἐϐουλόμην
1265 5749 1370 5804 κᾶν
1395 5747 1530 5820 πρὸς
1561 5746 1732 5820 βραχὺ
1761 5741 1919 5798 τοῦτο
1943 5739 2094 5809 γενέ-

2205 2633 2330 2686 σθαι
2351 2672 2364 2696 ,
2391 2635 2449 2688 έν
2525 2632 2672 2702 ἔργῳ
2703 2632 2802 2703 τὴν
2834 2633 3083 2704 ὀλεθρίαν
3117 2637 3336 2710 ταύτην
3379 2635 3472 2688 καὶ
3509 2634 3788 2708 ἐπιϐλαϐῆ

2201 2716 2520 2771 διδάσκαλον
2563 2717 2670 2769 τῶν
2717 2718 2904 2771 κακῶν
2950 2711 3215 2790 δυνηθῆτε
3259 2719 3512 2772 συνιδεῖν.
3567 2719 3630 2770 Εἰ
3673 2720 3788 2790 γὰρ

2203 2802 2416 2872 ἀνάγκη
2445 2801 2664 2863 πάντως
2691 2800 2760 2852 τὰ
2788 2801 3100 2872 εἱμαρμένα
3127 2801 3398 2870 γενέσθαι,
3430 2802 3526 2854 καὶ
3551 2803 3786 2856 σπουδα-

2204 2883 2404 2948 ζόντων
2447 2883 2541 2936 καὶ
2579 2881 2970 2950 καθευδόντων,
3003 2885 3190 2955 μηδεὶς
3229 2886 3473 2956 γεωργὸς
3503 2883 3788 2953 ζευγνύτω

2205 2967 2352 3038 βοῦς,
2387 2966 2522 3038 μηδὲ
2555 2967 2780 3038 ἄροτρον
2811 2966 3048 3033 ἐλκέτω,
3093 2969 3232 3039 μήτε
3267 2967 3483 3021 αὔλακα
3513 2969 3784 3038 τεμνέτω,

2207 3051 2340 3122 μηδὲ
2374 3049 2760 3104 καταϐαλλέτω
2792 3051 3103 3122 σπέρματα,
3142 3053 3280 3122 μήτε
3308 3051 3458 3121 ὥραν
3482 3051 3639 3114 ἔτους
3659 3053 3788 3104 ἑπι-

2203 3136 2438 3207 τηρείτω
2489 3135 2819 3205 ἐπιτηδείαν,
2875 3135 3012 3206 μηδὲ
3061 3136 3336 3205 ἀνεχέσθω
3383 3135 3618 3205 κρυμοῦ,
3687 3137 3788 3188 καὶ

2201 3218 2482 3290 διηνεκοῦς
2517 3219 2695 3282 ὑετοῦ,
2726 3219 2813 3273 καὶ
2857 3220 3252 3290 ταλαιπωρίας,
3284 3221 3378 3272 καὶ
3405 3218 3623 3290 μόχθων
3649 3219 3790 3289 πρὶς

2202 3303 2709 3374 δισμεμετρημένον
2759 3303 2818 3356 τὸ
2867 3304 3020 3369 ἔτος,
3077 3303 3149 3374 μὴ
3192 3303 3408 3372 θηγέτω
3457 3304 3772 3374 δρεπάνην,

2208 3386 2339 3457 μηδὲ
2369 3386 2566 3455 ἀμάτω
2611 3386 2779 3456 λήϊον,
2825 3386 2899 3458 μὴ
2939 3385 3173 3458 τριϐέτω
3207 3385 3357 3458 [770]
3397 3387 3658 3456 ἀστάχυς,
3707 3387 3786 3456 μὴ

2204 3469 2500 3538 φυτευέτω,
2533 3468 2668 3540 μηδὲ
2697 3468 3048 3539 θεραπευέτω
3079 3469 3242 3536 φυτὰ,
3269 3471 3450 3522 πᾶσαν
3476 3469 3662 3532 ἁπλῶς
3683 3469 3788 3539 τῆς

2201 3552 2476 3624 γεωργίας
2522 3551 2683 3622 ῥίψας
2727 3551 2825 3623 τὴν
2864 3553 3208 3624 ἐπιμέλειαν,
3249 3555 3387 3608 οἴκοι
3435 3551 3786 3619 καθεζέσθω,

2203 3635 2297 3689 καὶ
2318 3634 2493 3688 πάντα
2525 3635 2829 3688 καθευδέτω
2862 3635 2952 3688 τὸν
2985 3635 3205 3708 χρόνον·
3239 3637 3454 3698 πάντως
3483 3636 3548 3689 ἂν
3579 3635 3790 3706 είμαρ-

2205 3719 2363 3790 μένον
2393 3716 2542 3788 αὐτῷ
2585 3717 2680 3772 καὶ
2709 3717 3088 3788 κεκλωσμένον
3115 3715 3184 3791 ᾖ,
3232 3721 3505 3789 αὐτόματα
3553 3719 3636 3780 είς
3679 3719 3788 3790 τὴν

2199 3801 2376 3854 οἰκίαν
2403 3801 2523 3872 ἥξει
2561 3800 2629 3854 τά
2659 3801 2864 3868 ἀγαθά·
2899 3800 2992 3854 ἐὰν
3019 3801 3076 3854 δὲ
3116 3805 3196 3866 εἰς
3225 3801 3530 3856 τούναντίον
3569 3803 3790 3874 στρέφῃ

2201 3885 2294 3940 τὸν
2318 3885 2588 3958 ἄτρακτον
2613 3886 2644 3958 ή
2673 3875 2900 3948 Κλωθὼ,
2919 3885 3022 3938 κᾶν
3049 3887 3308 3958 μυριάκις
3331 3885 3584 3955 πονῆται,
3611 3885 3790 3955 πέρας

2201 3969 2354 4021 οὐδὲν
2378 3967 2526 4038 αὑτῷ
2569 3961 2678 4020 τῶν
2730 3967 2906 4022 πόνων
2955 3967 3107 4022 ἔσται
3163 3971 3258 4022 καὶ
3321 3967 3580 4041 ἱδρώτων.
3627 3967 3790 4032 Τίνος

2199 4047 2296 4106 οὖν
2328 4052 2514 4106 ἕνεκεν
2539 4049 2663 4105 οὔτε
2695 4055 3010 4124 παραινεῖτε
3029 4052 3200 4106 ταῦτα
3222 4055 3422 4121 ποιεῖν,
3443 4052 3498 4106 εἴ
3519 4069 3583 4120 γε
3612 4053 3788 4116 ὅντως

2203 4136 2512 4208 εἱμαρμένῃ
2539 4133 2855 4202 πιστεύετες
2875 4135 3019 4199 τίνος
3041 4135 3227 4189 ἕνεκεν
3255 4137 3316 4189 οὐ
3336 4137 3677 4206 παραινεῖτε,
3713 4135 3787 4188 ἵν’

2201 4220 2370 4282 δντως
2395 4219 2542 4289 ἔργῳ
2576 4213 2783 4288 μάθητε
2811 4219 2878 4272 τὰ
2901 4219 2995 4289 τῆς
3023 4217 3366 4291 εἱμαρμένης
3393 4217 3555 4279 καλάς
3589 4219 3788 4271 Βούλει

2207 4321 2296 4375 μοι
2329 4297 2498 4367 δεῖξαι
2535 4301 2588 4354 τί
2617 4303 2786 4366 ὅντως
2811 4303 3098 4373 εἵμαρται;
3129 4303 3444 4357 Κατάλυσον
3482 4303 3786 4373 γεωργίαν,

2201 4387 2358 4441 ἄνελε
2388 4385 2684 4449 ναυτιλίαν,
2719 4385 2918 4439 ἔκϐαλε
2947 4385 3126 4449 πάσας
3150 4385 3342 4455 τέχνας
3375 4385 3656 4455 βιωτικάς,
3689 4389 3790 4439 καὶ

2205 4473 2342 4542 μήτε
2375 4469 2673 4541 οἰκοδόμος,
2729 4471 2866 4541 μήτε
2917 4469 3293 4540 χαλκοτύπος,
3334 4471 3468 4539 μήτε
3516 4469 3787 4536 ὑφάντης,

2205 4557 2342 4628 μήτε
2379 4554 2536 4617 ἄλλος
2566 4571 2651 4618 τις
2683 4553 2790 4606 τῶν
2829 4555 2908 4616 εἰς
2947 4554 3048 4624 τὴν
3075 4551 3349 4622 ἡμετέραν
3381 4552 3788 4606 συντελούντων

2202 4638 2348 4710 ζωὴν
2377 4636 2800 4708 μεταχειριζέτω
2827 4636 2924 4708 τήν
2949 4633 3114 4689 αὑτοῦ
3144 4635 3360 4708 τέχνην,
3388 4637 3483 4688 καὶ
3511 4637 3634 4689 τότε
3655 4637 3786 4708 ὕψει

2202 4721 2402 4786 καλῶς,
2437 4713 2524 4774 οἷα
2557 4719 2659 4788 τῆς
2695 4717 3036 4791 εἱμαρμένης
3059 4719 3126 4771 τά
3149 4718 3422 4788 ἐπίχειρα,
3441 4717 3572 4772 τότε
3607 4719 3788 4788 αὐτῆς

2202 4807 2436 4876 αἰσθήσῃ
2477 4804 2688 4870 καλῶς,
2725 4803 2847 4856 τότε
2889 4803 3060 4870 αὐτῆς
3090 4803 3153 4855 τὸ
3191 4801 3592 4873 ἀπερίτρεπτον
3636 4803 3786 4870 ὄψει.

2199 4889 2313 4944 Καὶ
2338 4887 2390 4942 τί
2418 4888 2559 4956 λέγω
2589 4887 2803 4957 τέχνας,
2831 4885 2888 4939 αἳ
2918 4885 3014 4958 τὴν
3040 4886 3184 4956 ζωήν
3212 4884 3496 4953 συνέχουσι
3527 4885 3628 4956 τὴν
3651 4887 3796 4956 ἡμε-

2199 4971 2399 5044 τέραν;
2435 4972 2720 5024 Ἔστωσαν
2743 4969 2948 5038 τέχναι,
2981 4967 3075 5021 καὶ
3113 4967 3246 5038 μηδέ
3275 4967 3408 5037 μίαν
3441 4967 3782 5039 καταλύσῃς,

2201 5053 2336 5108 ἀλλά
2365 5051 2586 5106 πάντων
2613 5051 2880 5122 μενόντων
2903 5051 2995 5104 ἐπί
3009 5051 3108 5119 τῆς
3123 5051 3329 5113 οἰκείας
3353 5049 3579 5114 τάξεως,
3607 5051 3636 5103 ό
3664 5051 3788 5104 καθ’

2201 5137 2434 5191 ἕκαστον
2465 5135 2631 5206 μηδὲν
2667 5133 2984 5205 μεριμνάτω
3012 5131 3122 5185 τῶν
3167 5131 3352 5194 αὐτοῦ,
3391 5133 3524 5205 μηδὲ
3561 5150 3788 5202 φροντι-

2197 5220 2338 5285 ζέτω
2389 5219 2498 5272 τῶν
2553 5217 2695 5271 κατὰ
2743 5217 2843 5288 τὴν
2894 5217 3090 5276 οἰκίαν.
3142 5215 3260 5269 ἀλλ’
3311 5215 3664 5288 ἐπιτρεῷάτω
3715 5221 3788 5289 τῇ

2196 5301 2506 5374 εἱμαρμένῃ
2553 5300 2621 5354 τά
2656 5299 2799 5354 κατά
2847 5299 3010 5353 αὐτὸν
3055 5299 3408 5369 οίκονομῆσαι
3451 5301 3654 5362 πάντα,
3691 5303 3790 5353 καὶ

2195 5400 2316 5453 τότε
2346 5395 2550 5450 εἴσεται
2591 5395 2760 5465 αύτῆς
2793 5397 2891 5466 τήν
2921 5395 3211 5464 ὠφέλειαν,
3244 5397 3375 5449 ὅταν
3405 5395 3784 5466 στρεϐλούμε-

2198 5498 2287 5544 νος
2333 5481 2427 5535 καὶ
2464 5477 2856 5550 μαστιζόμενος
2900 5479 3199 5548 ἀπαιτῆται
3233 5479 3328 5548 μὲν
3369 5479 3467 5542 τὰς
3495 5479 3784 5552 εἰσφορὰς,

2203 5565 2279 5635 μὴ
2307 5563 2442 5632 ἔχων
2475 5562 2530 5614 δὲ
2565 5561 2902 5629 καταφεύγει
2931 5561 3028 5632 μὲν
3063 5561 3155 5613 ἐπὶ
3197 5561 3294 5630 τὴν
3343 5560 3560 5632 ἐκείνης
3587 5562 3790 5616 ἀπολοο

2203 5647 2346 5716 γίαν,
2377 5643 2635 5716 προσέχει
2676 5644 2734 5700 δὲ
2765 5641 2916 5713 αὐτῷ
2947 5642 3156 5714 μηδείς.
3198 5644 3376 5714 Μέχρι
3415 5644 3550 5698 πότε
3589 5643 3786 5700 παιδία

2203 5728 2368 5800 ἐσμέν
2397 5729 2516 5790 ταῖς
2541 5726 2701 5797 φρεσί
2725 5743 2738 5794 ;
2767 5725 2926 5798 μέχρι
2955 5725 3097 5790 τίνος
3119 5727 3179 5778 ού
3205 5726 3528 5797 παυσόμεθα
3554 5727 3784 5800 ληροῦν-
