4092 6194
395 212 501 270 7G5

395 326 534 395 piam
577 331 760 392 posset
806 324 970 379 Deum
1039 323 1350 391 criminari,
1397 325 1538 394 quod
1591 326 1974 395 inhospitales,

395 414 538 486 quod
565 415 904 482 inhumanos,
937 415 1077 484 quod
1108 415 1316 485 iniquos
1341 455 1356 479 ,
1388 416 1528 485 quod
1559 417 1823 486 aequitatis
1857 416 1976 486 jura

394 507 738 576 ignorantes,
790 506 933 575 quod
961 520 1088 570 eos,
1129 507 1218 576 qui
1249 521 1562 561 communes
1605 516 1806 560 natura:
1836 508 1978 576 leges

389 607 730 664 everterent,
763 598 962 652 malitia
987 597 1172 667 plenos
1198 597 1362 653 deleri
1390 607 1676 668 oporteret.
1704 598 1839 665 Quid
1873 607 1975 651 tam

389 690 620 760 benigno
647 700 700 744 et
730 699 1008 744 mansueto
1035 689 1144 746 Deo
1185 704 1280 759 par
1305 688 1500 744 fuerit?
1527 688 1686 758 Atqui
1727 703 1822 742 nos
1852 689 1976 742 dum

387 780 733 850 castigamus,
775 795 842 835 ne
884 794 1098 834 causam
1129 780 1343 850 quidem
1391 796 1534 850 saepe
1575 781 1855 851 dignamur
1896 780 1978 834 di-

387 885 508 924 cere
537 887 554 924 :
583 869 674 924 ille
706 884 835 925 vero
865 870 966 924 nisi
991 871 1140 940 prius
1182 879 1232 924 te
1265 870 1535 936 docuerit,
1564 870 1666 924 nisi
1703 871 1848 939 prius
1877 871 1974 924 tibi

389 964 752 1033 persuaserit,
783 963 884 1018 nisi
913 971 1059 1016 tuum
1086 962 1288 1032 ceperit
1322 961 1624 1032 suffragium
1649 1000 1664 1026 ,
1689 961 1829 1030 quod
1854 962 1975 1030 jure

386 1057 706 1127 supplicium
736 1055 958 1125 inlligat,
991 1071 1095 1110 non
1124 1060 1346 1124 castigat
1365 1068 1479 1121 eos,
1510 1055 1598 1123 qui
1619 1053 1825 1123 jamdiu
1855 1069 1975 1123 snp-

387 1150 545 1220 plicio
570 1159 624 1204 et
647 1148 1109 1203 animadversione
1138 1147 1282 1218 digni
1313 1154 1486 1209 erant,
1522 1155 1678 1215 atque
1711 1146 1969 1200 rationem

385 1256 529 1310 saepe
564 1241 655 1295 tibi
687 1239 910 1296 reddere
935 1248 1148 1309 paratus
1174 1248 1277 1305 est,
1309 1249 1363 1294 et
1388 1239 1440 1292 in
1463 1238 1718 1307 judicium
1746 1237 1969 1292 descen-

384 1333 512 1388 dere
554 1341 837 1401 tecumque
869 1329 1169 1399 disceptare
1194 1345 1297 1385 non
1337 1339 1606 1399 gravatur.
1645 1326 1806 1382 Vides
1849 1342 1972 1396 pro-

383 1424 572 1495 phetas
612 1424 694 1478 his
736 1423 1074 1478 sermonibus
1118 1423 1304 1492 plenos
1344 1437 1360 1476 :
1404 1421 1597 1490 ubique
1633 1419 1828 1488 judicia
1874 1419 1968 1474 Dei

382 1530 502 1570 cum
535 1514 858 1569 hominibus.
885 1515 964 1567 Ac
994 1514 1308 1583 plerumque
1347 1511 1528 1581 inique
1566 1518 1784 1581 agentes
1826 1509 1970 1578 ipsos

383 1607 433 1660 in
458 1605 668 1675 judices
695 1604 916 1659 advocat
952 1621 968 1658 :
1002 1618 1146 1674 smpe
1175 1605 1336 1658 etiam
1365 1603 1671 1656 universum
1695 1600 1877 1654 orbem
1901 1599 1966 1654 ad

379 1697 644 1752 calculum
680 1695 960 1750 ferendum
981 1695 1172 1750 sedere
1193 1694 1364 1763 jubet,
1396 1703 1454 1748 ut
1482 1691 1804 1762 judiciorum
1836 1704 1966 1743 con-

380 1790 716 1859 spicuitatem
738 1787 986 1843 ostendat
1013 1803 1029 1843 ;
1055 1802 1124 1842 ne
1149 1787 1323 1857 ipsum
1344 1784 1556 1856 quidem
1579 1782 1960 1844 adversarium,

380 1895 478 1935 nec
527 1881 688 1936 etiam
739 1880 1009 1935 insensilia
1038 1878 1107 1934 ad
1148 1879 1410 1948 judicium
1456 1876 1719 1931 advocare
1756 1881 1968 1928 recusat

379 1972 520 2026 Deus
550 1988 566 2026 :
594 1970 735 2041 quod
768 1970 919 2026 nobis
943 1971 992 2025 in
1021 1985 1170 2025 more
1198 1979 1278 2025 est
1307 1968 1498 2031 facere,
1530 1966 1744 2036 quando
1769 1965 1819 2018 in
1845 1964 1964 2033 jure

377 2071 560 2118 nostro
587 2063 926 2118 confidimus.
956 2063 1140 2116 Audite
1159 2103 1172 2130 ,
1201 2061 1379 2127 valles,
1407 2059 1739 2129 fundamenta
1770 2067 1918 2110 terra:
1943 2092 1960 2119 ,

1453 214 1539 270 DE
1578 213 1757 271 ΕΑΤο
1797 215 1883 272 ΕΤ
1924 215 2402 278 PROVIDENTIA.
2441 224 2503 278 γ.

2083 334 2318 400 quoniam
2349 337 2602 405 judicium
2634 339 2852 396 Domino
2898 344 3086 415 (Hic/1.
3116 349 3166 404 6.
3189 350 3245 421 2)
3278 370 3291 406 :
3322 363 3375 408 et
3402 370 3631 414 rursum
3657 401 3671 423 ,

2081 424 2238 491 Audi,
2265 429 2463 494 ctutum,
2493 439 2540 483 et
2561 433 2766 487 auribus
2794 437 3028 507 percipe,
3059 449 3191 494 terra
3209 484 3224 508 ,
3259 447 3379 514 quia
3408 446 3562 503 Domi
3579 467 3674 505 nua

2082 513 2316 606 loquutus
2340 528 2412 572 est
2453 519 2604 589 (lsai.
2647 524 2698 577 1.
2723 524 2804 594 2).
2835 526 2991 597 Saepe
3020 546 3146 586 vero
3174 513 3292 588 illos
3321 536 3463 605 ipsos
3494 555 3619 596 reos
3655 587 3668 606 ,

2082 604 2280 699 dieinde
2303 611 2403 675 mi,
2430 614 2551 682 quid
2579 617 2676 686 feci
2706 618 2826 684 tibi,
2858 631 2943 672 aut
2968 623 3019 674 in
3048 639 3146 692 quo
3171 625 3280 679 [tesi
3317 604 3365 681 te
3392 629 3576 699 (Mida.
3611 634 3644 687 6

2081 697 2173 767 3)?
2201 699 2268 753 Et
2295 700 2574 768 Jcremias,
2609 707 2756 772 Quod
2780 709 3072 766 invenerunt
3111 716 3161 768 in
3199 733 3277 770 me
3303 697 3538 774 delictum
3571 739 3663 792 pa-

2080 795 2177 842 tres
2206 793 2353 843 vestri
2394 792 2606 862 (Jerem.
2629 797 2681 850 2.
2715 799 2815 870 5)?
2843 800 3024 871 Neque
3054 803 3155 859 hoc
3187 807 3357 862 solum
3384 810 3434 864 in
3465 812 3658 866 civita-

2081 878 2219 969 tibus
2247 891 2301 934 et
2335 884 2634 940 nationibus
2661 889 2818 954 facit,
2857 892 2949 946 scd
2975 894 3132 948 etiam
3175 896 3225 950 in
3257 913 3363 953 uno
3388 915 3529 969 saepe
3556 902 3654 955 ho-

2077 968 2237 1022 mine.
2268 970 2396 1024 Cum
2425 973 2618 1029 Davide
2648 976 2908 1048 disceptat
2934 997 3027 1050 per
3047 986 3358 1054 prophetam
3385 1005 3398 1042 :
3427 968 3480 1045 et
3503 989 3654 1046 Jonas

2077 1063 2343 1118 recusanti
2371 1063 2619 1122 Ninivitis
2653 1071 2938 1138 prtedicare
2959 1115 2974 1138 ,
3005 1090 3064 1128 se
3093 1077 3232 1131 Deus
3273 1094 3368 1147 per
3401 1083 3652 1138 cucurbi-

2078 1160 2182 1204 tam
2200 1162 2417 1209 excusat
2443 1173 2456 1208 :
2491 1155 2552 1210 Si
2571 1168 2623 1210 tu
2647 1161 2886 1228 parcebas
2909 1179 3060 1234 super
3082 1169 3411 1236 cucurbitam,
3441 1187 3530 1241 ego
3551 1190 3650 1227 non

2075 1259 2280 1311 parcam
2306 1261 2457 1315 super
2487 1247 2704 1303 Niniven
2733 1251 2880 1319 (Jan.
2912 1255 2963 1308 4.
3001 1255 3085 1309 10.
3119 1258 3245 1326 il)?
3268 1260 3331 1312 Et
3362 1263 3646 1318 multorum

2073 1330 2376 1400 hujusmodi
2421 1336 2719 1406 Scripturas
2768 1343 2951 1410 plenas
2999 1345 3254 1401 invenies.
3302 1349 3426 1404 llaec
3472 1352 3649 1421 itaque

2074 1437 2193 1476 cum
2221 1425 2484 1493 sciamus,
2519 1429 2688 1496 ipsum
2719 1431 3018 1498 adoremus,
3044 1437 3386 1504 admiremur,
3415 1442 3651 1498 colamus

2072 1523 2324 1580 quantum
2367 1515 2418 1569 in
2466 1518 2619 1572 nobis
2645 1521 2793 1574 erit:
2826 1523 2980 1593 digne
3023 1527 3164 1580 enim
3202 1544 3308 1582 non
3349 1547 3648 1600 possumus.

2071 1603 2264 1658 Curam
2306 1606 2595 1663 habeamus
2637 1615 2915 1680 prxsentis
2943 1617 3064 1669 vita:
3086 1657 3101 1681 ,
3135 1628 3188 1671 et
3218 1634 3525 1687 persuasum
3557 1628 3650 1678 ha-

2070 1690 2288 1748 beamus
2329 1695 2493 1750 Deum
2536 1714 2795 1767 praeesse,
2839 1712 2891 1757 et
2931 1706 3311 1772 providentiam
3339 1712 3519 1765 omnia
3543 1729 3648 1783 gu-

2073 1783 2301 1839 bernare
2330 1805 2343 1840 :
2374 1797 2428 1841 et
2458 1800 2576 1857 post
2602 1790 2715 1846 hrec
2740 1796 2917 1848 omnia
2946 1799 3196 1867 consequi
3223 1803 3482 1870 promissa
3509 1802 3647 1860 bona

2070 1878 2364 1944 poterimus
2396 1896 2409 1932 :
2438 1881 2627 1950 quibus
2657 1899 2754 1938 nos
2783 1900 2968 1942 omnes
2999 1890 3151 1958 potiri
3182 1893 3452 1963 contingat
3478 1899 3647 1965 gratia

2068 1966 2284 2036 Christi,
2315 1972 2397 2025 cui
2427 1973 2592 2043 gloria
2623 1975 2674 2030 in
2702 1980 2894 2034 saecula
2923 1983 3258 2038 satculorum.
3286 1985 3478 2041 Amen.

1699 2181 3649 2220 ...ἀ-..Ἦ

1185 2277 1345 2358 DE
1418 2272 1716 2357 FATO
1779 2270 1928 2351 ET
1993 2266 2820 2356 PROVIDEN’I‘IA.

1810 2445 2197 2519 meo:

1033 2617 1228 2659 οῐιΛτιο
1257 2615 1308 2655 ν.

449 2697 602 2754 Nulla
629 2705 714 2752 est
741 2694 957 2750 omnino
986 2703 1091 2748 tam
1120 2693 1406 2764 depravata
1432 2685 1698 2748 doctrina,
1731 2682 1925 2739 dilecte
1943 2721 1959 2746 ,

381 2807 555 2862 neque
597 2800 704 2844 tam
735 2787 1015 2843 incurabili
1051 2785 1198 2841 sanie
1231 2785 1379 2854 plena
1400 2823 1416 2849 ,
1446 2795 1602 2852 quam
1635 2786 1716 2832 est
1754 2777 1867 2830 lucc
1893 2775 1962 2830 de

381 2884 489 2938 fato
513 2892 566 2939 et
584 2880 652 2936 de
671 2880 874 2952 genesi.
895 2878 1026 2933 Nam
1051 2887 1401 2947 praeterquam
1428 2871 1568 2942 quod
1598 2868 1958 2938 blasphcmam

378 2985 432 3030 et
458 2973 670 3043 impiam
711 2970 1007 3026 doctrinam
1053 2968 1107 3023 in
1149 2964 1340 3020 animis
1383 2977 1570 3019 eorum
1615 2959 1838 3023 inserit,
1871 2956 1958 3026 qui

374 3065 743 3138 decipiuntur,
775 3071 830 3118 et
857 3062 923 3117 ad
955 3061 1077 3116 talia
1109 3059 1176 3114 de
1208 3059 1315 3112 Deo
1342 3053 1564 3110 dicenda
1595 3050 1814 3116 inducit,
1841 3063 1958 3118 qua:

377 3173 445 3213 ne
487 3157 554 3212 de
596 3155 926 3211 daemonibus
954 3152 1168 3223 quidem
1210 3146 1471 3220 quispiam
1515 3142 1748 3209 dixerit,
1792 3141 1956 3194 vitam

375 3247 536 3302 etiam
573 3243 851 3301 confundit
888 3250 1122 3297 nostram
1150 3279 1165 3306 ,
1211 3238 1389 3294 omnia
1427 3234 1650 3290 tumultu
1691 3230 1958 3300 multaque

377 3336 774 3407 perturbatione
803 3334 1008 3403 replet;
1035 3345 1098 3386 ac
1124 3341 1473 3401 quaecumque
1500 3324 1565 3379 ad
1589 3323 1882 3379 doctrinam
1905 3329 1958 3375 et

380 3429 806 3484 emendationem
830 3441 857 3479 a
882 3426 992 3480 Deo
1011 3433 1065 3480 et
1083 3438 1111 3476 a
1131 3430 1338 3487 natura,
1369 3433 1568 3490 perque
1595 3415 1878 3487 prophetas
1906 3423 1959 3469 et

375 3527 592 3574 sanctos
620 3515 765 3572 viros
790 3516 1000 3570 inducta
1027 3522 1184 3579 sunt,
1213 3511 1438 3574 evertit,
1472 3507 1755 3564 labefactat
1783 3515 1835 3560 et
1863 3521 1954 3558 su-

376 3622 705 3681 pervacanea
751 3607 1102 3662 demonstrat.
1143 3604 1218 3657 Ac
1259 3599 1476 3670 perinde
1517 3598 1641 3652 facit
1668 3612 1731 3651 ac
1755 3597 1798 3650 si
1838 3595 1957 3666 quis

378 3715 602 3770 corpore
632 3696 896 3752 infirmum
918 3736 934 3762 ,
978 3710 1042 3750 ac
1068 3693 1330 3748 medicina
1357 3698 1599 3761 egentem
1624 3730 1638 3754 ,
1678 3686 1956 3756 praesenti-

376 3791 474 3848 bus
503 3806 566 3846 ac
593 3789 825 3846 remedia
851 3786 1159 3858 parantibus
1187 3783 1429 3848 medicis,
1460 3782 1701 3837 hortetur
1729 3789 1784 3834 ut
1809 3779 1956 3833 nullo

376 3892 558 3937 utatur
582 3897 769 3935 eorum
793 3921 806 3944 ,
837 3893 936 3932 nec
965 3877 1219 3930 liberetur
1247 3889 1275 3927 a
1306 3873 1494 3928 morbo
1517 3914 1533 3939 ,
1574 3871 1667 3926 sed
1695 3869 1955 3926 socordia:

375 3970 818 4042 negligentimque
840 3985 897 4023 se
918 3967 1141 4030 dedens,
1174 3965 1528 4020 miserrimam
1548 3969 1823 4032 exspectet
1843 3976 1955 4030 per-

375 4063 587 4116 niciem.
638 4062 830 4115 Annon
881 4060 996 4113 inec
1039 4058 1202 4111 fatum
1245 4054 1414 4110 dicit?
1459 4053 1625 4108 Nemo
1668 4051 1952 4122 quidquam

375 4154 503 4207 utile
547 4151 852 4222 praecipiat;
901 4163 1060 4203 nemo
1104 4147 1282 4200 audiat
1330 4146 1492 4200 alium
1538 4142 1950 4199 cohortantem:

375 4243 568 4298 frustra
598 4245 741 4312 leges
767 4252 823 4298 et
847 4241 1056 4312 judices
1076 4282 1090 4305 ,
1133 4238 1328 4293 frustra
1365 4238 1521 4291 mina:
1551 4245 1605 4291 et
1633 4233 1954 4289 admonitio-

375 4352 507 4403 nes,
540 4337 734 4390 frustra
775 4333 1020 4404 supplicii
1052 4340 1224 4387 metus
1247 4371 1263 4398 ,
1294 4329 1489 4384 frustra
1527 4328 1792 4392 honores,
1822 4339 1962 4394 pra:-

373 4430 477 4484 mia
499 4471 515 4495 ,
548 4429 737 4500 palmae
775 4427 912 4482 bene
937 4426 1232 4495 agentibus.
1267 4421 1323 4478 Si
1353 4437 1534 4477 curam
1562 4419 1757 4474 habeas
1777 4461 1791 4484 ,
1823 4417 1954 4472 nihil

375 4520 500 4577 hinc
531 4518 912 4582 emolumenti;
940 4517 984 4571 si
1011 4516 1266 4586 negligas,
1300 4513 1429 4567 nihil
1453 4511 1654 4567 damni.
1682 4509 1758 4563 Ne
1782 4507 1848 4563 ad
1870 4507 1954 4562 lu-

373 4614 500 4669 dLm
535 4629 664 4683 puer
693 4621 897 4682 pergat,
930 4625 997 4665 ne
1019 4610 1100 4664 vir
1121 4609 1332 4663 adultus
1358 4608 1500 4677 leges
1527 4606 1725 4670 audiat,
1753 4619 1820 4658 ne
1841 4605 1957 4659 ani-

375 4719 521 4761 mum
555 4705 803 4760 adhibeat
841 4701 1076 4757 consiliis
1117 4710 1171 4755 et
1199 4697 1668 4754 admonitionibus.
1697 4695 1834 4763 Quid
1863 4710 1955 4766 po-

374 4795 497 4852 terit
523 4795 714 4851 afferre
747 4793 929 4848 labor?
952 4792 1110 4860 Quasi
1139 4806 1245 4845 non
1275 4789 1549 4844 saburrata
1580 4788 1750 4852 navis,
1781 4787 1954 4842 nautis

372 4895 428 4942 et
469 4884 912 4957 gubernatoribus
967 4881 1258 4946 destituta,
1317 4877 1644 4948 tempestatis
1691 4877 1954 4931 violentia:

375 4976 540 5030 misso
569 4975 764 5030 mentis
788 4972 1166 5044 gubernaculo,
1193 4971 1271 5025 sic
1294 4969 1512 5025 feratur.
1537 4968 1721 5034 Visne,
1750 4982 1951 5038 quaeso,

374 5067 809 5136 obtemperemus
828 5106 843 5130 ,
876 5063 1118 5132 nihilque
1147 5060 1404 5116 faciamus
1442 5060 1585 5130 quod
1613 5059 1680 5115 ad
1709 5062 1828 5114 vitae
1856 5074 1953 5113 no-

374 5170 500 5214 strze
531 5157 755 5214 salutem
797 5155 1096 5226 pertineat?
1127 5154 1342 5208 interim
1383 5153 1855 5223 praetermittantur
1891 5167 1954 5207 ea

373 5265 493 5321 qua:
521 5248 586 5303 ad
615 5248 846 5302 animam
873 5253 1144 5316 spectant,
1181 5244 1249 5298 de
1286 5244 1532 5314 prtesenti
1573 5244 1680 5297 vita
1719 5243 1953 5297 dissera-

375 5355 516 5396 mus.
547 5338 1116 5408 Obtemperahimusne
1154 5335 1265 5390 fato
1307 5337 1378 5390 ita
1420 5335 1646 5402 dicenti,
1674 5350 1844 5405 neque
1871 5333 1953 5390 fa-

376 5430 551 5485 mulos
577 5430 948 5498 delinquentes
976 5427 1253 5496 puniemus
1275 5466 1290 5490 ,
1320 5440 1492 5494 neque
1519 5425 1732 5480 lascivia
1767 5439 1953 5480 eorru-

375 5531 496 5594 ptos
523 5521 861 5586 reducemus,
887 5535 1058 5591 neque
1088 5519 1298 5590 iniquos
1320 5517 1387 5573 ad
1410 5516 1666 5587 judicium
1697 5532 1912 5588 agemus
1935 5559 1951 5583 ,

376 5628 550 5688 neque
591 5615 735 5686 leges
777 5611 1092 5670 audiemus?
1139 5609 1343 5668 Vellem
1389 5609 1635 5681 equidem
1676 5609 1744 5666 ad
1790 5609 1954 5667 breve

2072 2593 2279 2658 tempus
2308 2590 2422 2648 hzec
2450 2593 2582 2662 fieri,
2616 2608 2672 2654 ut
2698 2616 2754 2656 re
2781 2612 2831 2657 et
2855 2618 3017 2672 apere
3047 2607 3393 2676 perniciosam
3426 2613 3560 2669 hanc
3589 2627 3643 2671 et

2067 2680 2342 2780 exitiosam
2371 2687 2630 2744 malorum
2651 2694 2956 2764 magistram
2986 2701 3287 2768 perspicere
3310 2707 3552 2772 p0ssetis.
3584 2709 3645 2763 Si

2067 2783 2207 2822 enim
2244 2789 2464 2831 necesse
2499 2789 2581 2833 est
2620 2785 2836 2837 omnino
2863 2825 2879 2851 ,
2909 2797 2966 2839 ttt
2994 2804 3110 2858 qua:
3141 2790 3191 2844 in
3232 2790 3343 2846 fato
3365 2805 3487 2848 sunt
3513 2813 3641 2852 eve-

2066 2862 2242 2956 niant,
2291 2873 2400 2920 tum
2445 2867 2807 2928 laborantibus
2833 2876 2986 2931 nobis
3013 2919 3027 2942 ,
3069 2889 3178 2933 tum
3218 2881 3646 2956 dormientibus,

2066 2953 2238 3007 nullus
2267 2958 2493 3025 agricola
2527 2959 2688 3016 boves
2708 2962 2932 3035 jungat,
2962 2969 3044 3022 vel
3075 2981 3308 3025 aratrum
3339 2975 3544 3042 trahat,
3574 2953 3645 3032 ne

2063 3044 2269 3099 sulcum
2297 3048 2522 3114 scindat,
2558 3067 2730 3122 neque
2758 3057 2960 3111 semina
2982 3058 3164 3128 jaciat,
3193 3077 3260 3116 ne
3283 3065 3406 3118 anni
3434 3075 3647 3137 tempus.

2063 3145 2420 3204 opportunum
2445 3139 2731 3209 observet,
2762 3160 2828 3200 ne
2870 3147 2988 3216 gelu
3033 3159 3086 3202 et
3115 3151 3378 3206 assiduam
3409 3155 3643 3223 pluviam

2064 3225 2290 3292 toleret,
2323 3243 2392 3283 ne
2421 3230 2663 3286 miserias
2691 3243 2745 3288 et
2781 3235 2990 3291 labores
3017 3241 3308 3296 secundum
3348 3245 3470 3299 anni
3511 3262 3638 3316 spa-

2063 3319 2228 3385 tium;
2263 3320 2449 3376 falcem
2482 3339 2548 3378 ne
2575 3334 2749 3391 acuat,
2788 3344 2855 3382 ne
2884 3341 3118 3400 segetem
3143 3333 3399 3402 demetat,
3435 3353 3500 3392 ne
3527 3341 3639 3409 spi-

2061 3425 2153 3464 cas
2180 3421 2344 3477 terat,
2383 3430 2450 3469 ne
2476 3415 2702 3485 plantet,
2731 3433 2797 3473 ne
2822 3419 3026 3489 plautas
3055 3423 3230 3489 colat;
3259 3443 3468 3483 omnem
3501 3432 3641 3500 agri-

2061 3501 2280 3556 culturae
2307 3518 2491 3558 curam
2519 3506 2752 3577 abjiciat,
2774 3510 2914 3565 domi
2936 3513 3140 3581 sedeat,
3176 3531 3493 3588 semperque
3517 3521 3642 3575 dor-

2061 3593 2212 3661 miat,
2246 3595 2293 3649 si
2319 3597 2494 3652 omnia
2526 3600 2622 3668 ipsi
2646 3615 2676 3656 e
2702 3599 2808 3657 fato
2831 3604 3116 3670 pendeant,
3141 3621 3234 3661 sua
3257 3620 3444 3678 sponte
3464 3617 3641 3669 omnia

2058 3684 2197 3740 bona
2235 3686 2448 3743 domum
2490 3691 2704 3746 venient
2744 3709 2758 3745 :
2793 3695 2838 3748 si
2880 3705 3055 3749 autem
3095 3698 3147 3751 in
3185 3704 3508 3756 contrarium
3555 3703 3639 3758 fu-

2059 3791 2175 3829 sum
2213 3780 2430 3833 verterit
2475 3779 2700 3848 Clotho,
2755 3787 2994 3854 quamvis
3045 3789 3346 3845 sexcenties
3393 3791 3631 3860 laboret,

2059 3869 2236 3925 nullus
2263 3871 2363 3940 ipsi
2411 3873 2529 3927 ﬁnis
2570 3875 2807 3930 laborum
2842 3878 3206 3949 sudorumque
3251 3882 3372 3936 erit.
3400 3883 3505 3938 Cur
3536 3886 3636 3940 ita-

2059 3977 2166 4028 que
2189 3979 2294 4016 non
2334 3963 2448 4018 hmo
2482 3965 2786 4034 praecipitis,
2814 3967 2858 4022 si
2896 3985 3079 4025 revera
3125 3972 3236 4026 fato
3259 3974 3512 4028 creditis?
3540 3993 3637 4031 cur

2059 4070 2165 4109 non
2213 4055 2519 4118 hortamini.
2567 4067 2624 4112 ut
2669 4075 2852 4114 revera
2893 4060 3109 4116 discatis
3141 4080 3265 4134 qttte
3295 4065 3431 4120 bona
3471 4066 3639 4122 fatum

2060 4149 2273 4218 pariat?
2303 4149 2390 4204 Vis
2421 4150 2553 4206 mihi
2581 4153 2863 4208 ostendere
2893 4155 3018 4224 quid
3043 4171 3163 4211 vere
3191 4157 3261 4210 sit
3301 4156 3411 4212 fato
3438 4162 3637 4214 consti-

2060 4243 2266 4297 tutum?
2291 4243 2449 4298 Solve
2471 4244 2874 4314 agriculturam,
2912 4247 3039 4302 tolle
3061 4249 3350 4316 nauticam,
3376 4251 3527 4304 mitte
3553 4269 3638 4305 ar-

2063 4342 2141 4388 tes
2165 4347 2384 4399 omues,
2428 4350 2548 4404 qua:
2586 4335 2650 4389 ad
2681 4336 2842 4391 vitam
2884 4338 3185 4405 pertinent.
3216 4354 3284 4394 ne
3308 4341 3377 4394 sit
3410 4342 3640 4395 archite-

2059 4435 2194 4489 ctus,
2229 4441 2334 4478 non
2363 4427 2600 4491 aerarius,
2635 4443 2740 4482 non
2773 4437 2964 4492 textor,
2997 4444 3064 4484 ne
3094 4429 3229 4484 alius
3255 4431 3512 4502 quispiam
3544 4449 3636 4485 ar-

2061 4525 2166 4572 tem
2213 4519 2501 4588 quamlibet
2543 4527 2731 4574 tractet
2769 4519 2834 4574 ad
2879 4521 3037 4575 vitam
3083 4533 3317 4575 nostram
3360 4523 3637 4577 conferen-

2059 4618 2164 4664 tem
2186 4653 2200 4675 ,
2233 4620 2286 4665 et
2317 4621 2440 4664 tunc
2467 4611 2608 4666 clare
2637 4612 2842 4666 videbis
2865 4651 2883 4677 ,
2909 4613 3082 4682 qualia
3123 4613 3230 4667 sint
3261 4613 3350 4667 fati
3381 4615 3639 4682 pignora,

2059 4710 2184 4756 tunc
2214 4700 2336 4754 illud
2365 4702 2584 4771 pulchre
2613 4704 2830 4767 senties,
2864 4711 2987 4757 tunc
3016 4704 3133 4771 ejus
3159 4702 3638 4758 immutabilitatem

2060 4791 2365 4862 perspicies.
2397 4793 2500 4848 Sed
2536 4793 2659 4863 quid
2687 4803 2828 4848 artes
2856 4793 2976 4848 dico
2996 4835 3011 4859 ,
3039 4809 3158 4862 quae
3192 4793 3352 4847 vitam
3401 4806 3641 4849 nostram

2058 4883 2370 4938 continent?
2419 4883 2572 4938 Stent
2615 4893 2797 4948 artes,
2848 4884 3152 4954 nullamque
3209 4885 3492 4953 repudies;
3541 4887 3641 4941 sed

2058 4975 2305 5030 omnibus
2349 4991 2447 5030 suo
2488 4975 2542 5029 in
2586 4975 2773 5029 ordine
2811 4975 3182 5039 manentibus,
3237 4977 3459 5046 quisque
3505 4977 3640 5030 nihil

2058 5081 2277 5120 suorum
2307 5073 2476 5131 curet,
2511 5080 2609 5120 nec
2635 5065 2701 5120 de
2729 5081 2786 5119 re
2816 5065 3105 5120 domestica
3134 5066 3202 5120 sit
3229 5067 3514 5129 sollicitus,
3545 5067 3637 5121 sed

2058 5155 2232 5210 omnia
2255 5155 2362 5209 fato
2386 5155 2801 5210 administranda
2829 5157 3142 5221 committat,
3170 5165 3223 5210 et
3244 5156 3380 5211 hanc
3401 5157 3517 5225 ejus
3540 5159 3640 5210 uti-

2060 5245 2262 5300 litatem
2293 5246 2444 5309 sciet,
2478 5244 2692 5315 quando
2718 5254 2888 5300 tortus
2915 5255 2968 5300 et
3006 5246 3182 5316 ﬂagris
3211 5261 3382 5300 caesus
3412 5247 3640 5314 vectigal

2058 5337 2264 5391 solvere
2283 5335 2539 5406 'cogetur,
2567 5345 2620 5390 et
2644 5351 2764 5388 cum
2795 5344 3042 5404 nequeat,
3070 5335 3134 5390 ad
3164 5334 3252 5388 fati
3273 5334 3639 5390 defensi-onem

2059 5425 2359 5495 confugiet,
2400 5426 2682 5495 nullusque
2714 5426 2811 5495 ipsi
2843 5423 3102 5479 attendet.
3147 5424 3432 5493 Quousque
3461 5434 3640 5480 mente

2060 5518 2208 5589 pueri
2251 5517 2489 5573 erimus?
2532 5530 2809 5586 quousque
2843 5513 3104 5568 delirandi
3139 5515 3296 5568 finem
3326 5527 3430 5567 non
3469 5513 3634 5568 facie-

2062 5608 2225 5666 mus?
2253 5621 2526 5680 quousque
2567 5622 2672 5662 non
2696 5618 3045 5678 agnoscemus
3075 5618 3415 5661 communem
3453 5601 3636 5659 Domi-

3571 243 3673 300 7ΰὸ
3762 251 3769 259 ’
