4092 6194
460 263 563 318 767

461 375 625 433 num?
651 375 707 432 Si
730 373 900 430 bonos
921 389 983 430 ac
1012 375 1181 429 malos
1207 373 1372 428 fatum
1400 372 1547 440 facit,
1577 386 1672 427 cur
1697 386 1919 441 puerum
1945 369 2041 425 ad-

462 485 671 536 mones,
694 485 791 524 cur
812 467 1084 523 hortaris?
1111 468 1298 521 Omnia
1328 475 1528 521 temere
1553 476 1606 520 et
1634 463 1851 518 frustra.
1879 463 1933 518 Si
1961 462 2046 516 di-

461 563 595 616 vites
620 570 674 616 et
697 574 955 629 pauperes
977 559 1120 622 facit,
1148 573 1216 612 ne
1237 557 1416 611 mittas
1438 558 1502 610 ad
1526 556 1707 610 ludum
1731 551 2069 616 litterarium,

461 668 529 708 ne
569 652 846 722 pecuniam
887 649 1195 719 suppedites
1219 690 1234 715 ,
1288 663 1356 703 ne
1394 647 1665 718 quidpiam
1710 644 1874 700 facias
1908 643 2048 714 quod

461 757 596 813 opes
617 746 739 813 ejus
766 757 964 812 augere
991 741 1150 810 possit
1178 756 1192 806 ;
1223 739 1316 795 sed
1338 755 1426 794 res
1446 740 1560 810 ejus
1585 754 1772 794 omnes
1799 737 1908 792 fato
1932 751 2052 806 per-

463 837 636 892 mitte.
670 835 826 900 Atqui
859 834 910 888 id
941 850 1044 888 non
1081 832 1268 888 audes.
1303 831 1466 886 Vides
1493 839 1552 886 ut
1575 831 1700 885 dum
1731 830 1782 884 in
1821 828 2048 883 minori-

465 930 562 983 bus
582 928 697 996 ejus
724 928 972 997 potestati
1000 941 1105 980 non
1130 927 1357 981 confidis
1375 966 1390 990 ,
1418 926 1470 979 in
1498 925 1787 994 majoribus
1813 924 1912 993 ipsi
1934 938 2054 978 cre-

462 1019 588 1074 dis?
612 1019 742 1074 Nam
776 1019 819 1073 si
847 1018 1066 1073 omnino
1091 1017 1253 1072 fatum
1275 1025 1378 1084 est,
1413 1019 1658 1086 permitte
1689 1031 1908 1086 puerum
1931 1031 2052 1070 cum

464 1111 719 1180 improbis
745 1111 1047 1165 hominibus
1070 1111 1287 1173 versari,
1305 1118 1500 1163 etcum
1531 1108 1836 1177 depravatis
1864 1108 2054 1175 depra-

464 1203 577 1256 vari
613 1202 818 1272 :plane
844 1201 890 1256 si
925 1201 976 1255 id
1007 1201 1119 1255 fato
1157 1203 1503 1255 constitutum
1535 1201 1622 1263 sit,
1653 1209 1708 1255 et
1734 1200 1825 1254 tibi
1859 1199 2052 1269 prode-

397 1345 400 1352 ,
465 1294 556 1346 rit.
590 1293 800 1346 Etenim
829 1307 978 1356 vere,
1007 1292 1199 1360 inquit,
1234 1308 1356 1347 vere
1382 1291 1548 1345 fatum
1580 1299 1682 1345 est.
1711 1291 1819 1346 Cur
1846 1305 1972 1359 ergo
2000 1298 2055 1345 et

386 1376 391 1382 ’
466 1382 558 1437 tibi
585 1391 638 1436 et
662 1382 814 1435 alteri
845 1383 1051 1450 negotia
1101 1381 1357 1437 facessis?
1388 1381 1588 1452 Ecquid
1617 1381 1682 1436 de
1704 1382 1822 1435 filiis
1845 1382 2052 1451 loquor,

471 1473 685 1542 quando
717 1489 784 1528 ne
814 1489 940 1543 erga
966 1489 1151 1528 servos
1175 1474 1388 1543 quidem
1421 1475 1499 1528 sic
1525 1489 1683 1542 agere
1721 1472 1918 1538 audes;
1962 1472 2056 1526 sed

467 1578 522 1623 et
549 1570 786 1634 minaris,
819 1579 872 1623 et
901 1569 1306 1637 perterrefacis,
1336 1571 1648 1639 nullumque
1687 1587 1793 1625 non
1827 1571 2054 1641 lapidem

467 1675 653 1714 moves
681 1668 737 1713 ut
763 1661 831 1713 sit
857 1661 948 1714 tibi
979 1661 1174 1730 probus
1204 1660 1452 1728 famulus,
1485 1678 1658 1732 neque
1682 1665 1860 1730 genesi
1891 1664 2058 1718 conﬁ-

468 1752 587 1808 dis?
614 1752 724 1808 Cur
748 1768 905 1822 ergo,
935 1753 979 1807 si
1010 1755 1077 1808 sit
1117 1754 1392 1824 improbus
1411 1770 1438 1819 ,·
1457 1756 1749 1810 verberas?
1779 1773 1883 1811 non
1914 1758 2055 1812 enim

468 1843 585 1912 ejus
614 1853 890 1912 peccatum
931 1852 1049 1906 est,
1082 1844 1176 1899 sed
1207 1845 1450 1914 pellentis
1483 1861 1762 1917 geneseos.
1803 1848 1912 1902 Cur
1936 1864 2056 1903 eum

468 1935 515 1989 si
547 1935 744 2003 probus
769 1935 838 1988 sit
877 1934 1102 1989 laudas?
1129 1935 1327 1991 bonum
1364 1938 1506 1992 enim
1537 1953 1672 2008 opus
1692 1980 1706 2005 ,
1749 1954 1853 1993 non
1883 1939 2054 2008 illius,

467 2025 563 2080 sed
605 2041 865 2094 geneseos
895 2038 976 2080 est
1006 2045 1019 2080 :
1052 2028 1157 2080 imo
1193 2029 1370 2097 potius
1397 2044 1496 2084 nec
1525 2030 1723 2099 probus
1755 2032 2014 2100 quispiam
2040 2075 2056 2099 ,

471 2132 572 2172 nec
599 2117 871 2185 improbus
900 2119 1021 2172 erit.
1054 2120 1152 2185 Qui
1185 2121 1326 2174 enim
1357 2137 1450 2190 per
1490 2136 1549 2176 se
1592 2121 1721 2176 nihil
1762 2122 1950 2176 horum
1979 2122 2054 2176 fa-

468 2209 563 2274 cit,
587 2208 678 2262 sed
701 2207 916 2263 aliunde
941 2210 1258 2264 necessitate
1280 2210 1512 2279 pellitur,
1545 2227 1717 2281 neque
1739 2211 1860 2278 hoc,
1887 2227 2060 2280 neque

472 2300 599 2354 illud
643 2301 764 2356 erit.
808 2300 918 2355 Cur
959 2316 1087 2370 ergo
1125 2302 1269 2356 viros
1314 2303 1630 2376 laudamus?
1659 2317 1756 2358 cur
1786 2304 2055 2372 vitupera-

471 2393 634 2448 mus?
661 2408 756 2447 cur
786 2393 1170 2448 exsecramur?
1197 2408 1292 2447 cur
1313 2394 1432 2448 aliis
1460 2394 1597 2448 bene
1624 2396 1942 2463 precamur?
1967 2394 2058 2450 Vi-

471 2481 568 2536 des
596 2483 647 2537 in
674 2490 926 2552 quantam
957 2497 1055 2536 nos
1095 2483 1475 2538 absurditatem
1521 2484 1609 2537 fati
1647 2485 1782 2538 ratio
1808 2483 2060 2540 duxerit?

470 2571 658 2626 Nullus
681 2582 763 2626 est
787 2582 1108 2641 temperans,
1134 2573 1310 2627 nullus
1333 2575 1710 2644 intemperans,
1735 2575 1910 2628 nullus
1938 2591 2061 2632 ava—

471 2678 562 2716 rus
581 2704 598 2730 ,
623 2664 801 2718 nullus
831 2664 1051 2732 justus:
1084 2664 1291 2718 sublata
1319 2673 1402 2719 est
1426 2665 1592 2721 virtus
1614 2677 1667 2722 et
1693 2670 1923 2740 nequitia
1954 2689 1966 2724 :
1999 2686 2062 2726 ac

472 2756 669 2810 frustra
699 2757 751 2810 in
778 2765 1098 2826 prmseutem
1129 2758 1292 2811 vitam
1319 2758 1532 2813 deducti
1555 2775 1768 2826 sumus;
1798 2763 1907 2816 imo
1933 2779 2061 2819 vero

474 2863 577 2901 non
601 2847 822 2911 frustra,
851 2848 943 2902 sed
975 2849 1028 2901 in
1061 2849 1257 2902 malum
1289 2861 1548 2905 nostrum.
1574 2851 1692 2918 Qui,
1725 2867 1929 2922 quaeso,
1952 2869 2058 2907 non

472 2939 761 3014 absurdum
797 2938 963 2993 fuerit
987 2955 1014 2992 a
1044 2955 1302 3010 geneseos
1344 2941 1657 2998 necessitate
1688 2943 1738 2996 in
1767 2945 2059 3014 nequitiam

472 3004 674 3102 impelli
702 3048 716 3095 ;
749 3040 907 3101 atque
933 3032 1125 3088 iterum
1153 3033 1340 3088 eadem
1365 3036 1638 3102 violentia,
1665 3047 1936 3092 extremas
1964 3039 2062 3092 imo

471 3121 749 3192 probitatis
776 3135 961 3190 poenas
988 3122 1138 3190 dare,
1169 3140 1289 3178 cum
1321 3127 1785 3183 commiseratione
1815 3129 1988 3198 potius
2007 3140 2060 3185 et

473 3213 837 3268 misericordia
865 3215 1008 3284 digni
1033 3231 1294 3282 essemus,
1323 3218 1446 3272 odio
1468 3218 1748 3286 habemur,
1777 3229 1830 3275 et
1859 3222 2061 3291 suppli-

471 3304 557 3358 cio
581 3303 844 3358 afficimur
864 3345 879 3370 ,
907 3307 994 3359 ubi
1026 3306 1228 3362 honore
1258 3308 1524 3365 afficiend‘i
1560 3313 1809 3366 eramus?
1841 3314 1888 3367 Is
1916 3315 2058 3368 enim

471 3395 684 3463 quicum
715 3395 910 3463 injuste
939 3405 994 3450 et
1012 3397 1271 3452 violenter
1295 3399 1490 3467 agitur,
1522 3417 1626 3456 non
1657 3403 1940 3474 supplicio,
1965 3405 2058 3459 sed

475 3483 678 3538 honore
700 3493 782 3539 est
806 3483 1116 3540 afficiendus
1148 3505 1161 3541 :
1195 3503 1293 3542 nos
1321 3497 1498 3545 autem
1526 3501 1580 3546 et
1607 3493 1796 3562 injuria
1825 3495 1980 3548 simul
2007 3506 2060 3551 et

470 3575 732 3645 supplicio
775 3577 1098 3645 plectimur.‘
1133 3579 1269 3646 Quid
1316 3579 1422 3636 hoc
1471 3581 1887 3640 irr‘ationabilius
1941 3602 2059 3642 esse

471 3667 640 3736 possit
670 3685 682 3720 :
716 3667 857 3737 quod
899 3683 1019 3723 cum
1053 3671 1194 3725 male
1223 3673 1488 3742 patiamur
1515 3716 1528 3738 ,
1563 3675 1725 3746 inque
1769 3679 2056 3749 nequitiam

473 3758 813 3829 impellamur
836 3803 848 3823 .
881 3761 1001 3817 ideo
1034 3779 1220 3833 pmnas
1263 3764 1486 3822 demus?
1516 3767 1845 3824 Homicidam
1893 3770 2056 3826 fatum

475 3850 616 3915 fecit,
668 3860 722 3906 et
768 3865 940 3909 morte
985 3856 1205 3910 mulctat
1255 3873 1401 3925 eum,
1456 3861 1546 3930 qui
1588 3861 1688 3915 sibi
1731 3863 2059 3932 obsequutus

471 3953 592 3999 est:
620 3944 747 4014 quid
775 3944 877 4000 hoc
915 3948 1264 4016 perniciosius
1293 3950 1542 4022 dogmate
1581 3968 1829 4023 umquam
1864 3955 2060 4010 fuerit?

471 4034 935 4100 Quemadmodum
983 4039 1026 4093 si
1065 4042 1186 4110 quis
1235 4041 1288 4096 in
1334 4043 1644 4098 barathrum
1692 4044 1961 4116 impulerit
2006 4059 2060 4105 et

473 4127 800 4196 przecipitem
828 4138 1002 4183 actum
1047 4132 1550 4203 comprehenderit,
1595 4136 1753 4208 hujus
1788 4141 1864 4194 rei
1900 4155 2056 4194 causa

475 4217 801 4284 puniendum
854 4237 868 4273 :
925 4219 1009 4274 vel
1055 4222 1502 4292 quemadmodum
1547 4227 1589 4281 si
1645 4229 1763 4298 quis
1815 4229 2057 4286 barbara:

470 4306 698 4376 cuipiam
764 4309 996 4364 domina:
1067 4312 1299 4382 aliquem
1372 4317 1714 4372 cruciandum
1778 4329 1832 4374 et
1898 4321 2056 4375 innu-

471 4397 634 4450 meris
687 4396 1024 4453 afficiendum
1089 4402 1243 4456 malis
1312 4405 1627 4475 tradiderit,
1694 4418 1924 4480 eumque
1980 4411 2058 4464 sic

469 4487 720 4540 traditum
742 4531 756 4555 ,
781 4499 998 4559 propter
1025 4495 1296 4549 servitium
1319 4505 1372 4551 et
1409 4500 1766 4567 captivitatem
1795 4503 2057 4572 supplicio

467 4577 724 4634 atTeeerit.
750 4581 832 4634 An
857 4597 987 4635 vero
1013 4583 1094 4637 vel
1124 4589 1405 4642 immanius
1434 4591 1513 4644 vel
1544 4592 1807 4657 miserius,
1838 4611 2020 4665 quaeso
2039 4637 2054 4663 ,

468 4669 570 4725 hoc
599 4686 795 4741 genere
825 4673 1109 4744 quidquam
1141 4691 1259 4732 esse
1287 4679 1494 4747 possit?
1522 4681 1574 4736 Si
1601 4682 1712 4736 lucc
1752 4685 1822 4738 ita
1859 4699 1918 4740 se
1955 4685 2056 4739 ha-

466 4759 594 4813 bent
614 4801 629 4826 ,
662 4771 716 4816 et
740 4765 783 4816 si
814 4763 1010 4820 inimici
1039 4775 1199 4837 atque
1237 4767 1417 4823 hostes
1443 4771 1554 4825 suis
1581 4771 1820 4830 hostibus
1845 4779 2053 4832 veniam

465 4849 593 4906 dare
623 4862 854 4933 norunt,
885 4857 1097 4925 quando
1139 4857 1290 4912 inviti
1330 4869 1382 4914 et
1407 4862 1652 4919 nolentes
1677 4865 1761 4921 vel
1799 4868 2054 4937 gravissi-

463 4957 609 4996 mum
656 4945 944 5016 quidquam
981 4948 1237 5005 adversus
1265 4951 1384 5008 illos
1413 4956 1703 5023 patrarint;
1733 4957 1899 5016 fatum
1927 4979 2054 5018 vero

458 5034 692 5093 subditis
732 5039 842 5092 suis
883 5040 1088 5111 sibique
1125 5057 1345 5112 prorsus
1371 5044 1818 5119 obsequentibus,
1850 5054 1957 5108 imo
2000 5055 2052 5109 in

465 5128 842 5184 necessitatem
869 5131 1139 5198 adductis,
1163 5137 1372 5189 veniam
1393 5153 1497 5191 non
1526 5143 1797 5209 concedit,
1828 5143 1934 5199 imo
1957 5163 2053 5214 pro

460 5218 525 5274 iis
545 5258 563 5285 ,
607 5237 724 5292 qua:
769 5222 912 5291 ipsos
964 5222 1136 5280 facere
1166 5229 1365 5297 coegit,
1402 5245 1587 5298 poenas
1618 5235 1808 5302 repetit
1838 5253 1851 5289 :
1882 5237 2052 5306 qualis

459 5311 743 5376 colluvies,
793 5312 966 5380 qualis
1015 5313 1348 5386 labyrinthus
1368 5359 1382 5385 ,
1415 5321 1585 5389 qualis
1615 5331 1936 5393 tempestas,
1965 5328 2050 5383 dic

460 5401 588 5454 mihi
609 5443 621 5465 ,
657 5410 854 5456 tantam
884 5404 1120 5461 imitetur
1145 5409 1560 5466 confusionem?
1586 5415 1700 5470 Non
1743 5419 1870 5473 satis
1920 5421 2050 5476 mihi

457 5489 553 5544 fuit
602 5509 735 5548 unus
782 5495 1075 5567 iniquitatis
1105 5500 1332 5568 modus,
1363 5503 1504 5574 quod
1542 5520 1661 5560 cum
1695 5507 1825 5563 nihil
1855 5525 2048 5578 pecca-

458 5584 654 5648 verim.
705 5587 758 5641 in
803 5591 1089 5659 nequitiam
1143 5595 1429 5664 conjiciar,
1462 5607 1518 5654 et
1557 5601 1698 5668 quod
1752 5602 1924 5669 alius,
1955 5607 2044 5676 qui

453 5675 578 5730 nihil
611 5679 733 5733 boni
767 5675 917 5743 fecit,
953 5683 1120 5742 bonus
1165 5686 1422 5744 efficiatur
1463 5699 1517 5746 et
1559 5689 1764 5750 lt’onore
1805 5675 2038 5767 fruatur;

1118 261 1174 317 S.
1213 259 1492 318 JOANNIS
1528 243 2003 315 CllltYSOSTOMl
2048 256 2366 316 ARCHIEP.
2407 261 2941 326 CONSTANTINOP.

3644 279 3745 337 τις

2159 388 2262 427 non
2294 376 2422 430 satis
2451 388 2532 432 est
2563 378 2678 435 haec
2702 397 2802 436 una
2832 383 3118 453 injustitia,
3141 387 3282 455 quod
3317 398 3515 447 temere
3549 401 3601 448 et
3631 395 3748 450 sine

2153 478 2309 520 causa
2359 483 2444 523 me
2496 471 2724 538 malum,
2765 473 3018 545 illumque
3065 477 3262 533 bonum
3311 481 3500 538 fecerit
3543 488 3745 542 :aliam

2154 571 2364 626 quoque
2387 558 2603 627 adjicit,
2634 577 2806 633 neque
2827 565 3026 632 justam
3058 568 3331 624 hominum
3359 573 3632 641 judicandi
3663 594 3750 631 ra-

2156 647 2355 704 tionem
2395 651 2648 708 imitatur.
2696 657 2766 710 At
2795 656 3039 716 homines
3080 663 3150 715 ita
3183 663 3399 719 humani
3429 667 3752 740 beniguique

2156 749 2280 794 sunt
2300 783 2314 806 ,
2345 752 2403 796 ut
2431 743 2786 802 involuutaria
2829 764 2859 802 a
2891 751 3201 807 voluntariis
3224 755 3553 827 distinguant
3583 778 3598 816 :
3637 761 3750 818 lucc

2155 848 2283 887 vero
2306 852 2482 892 rerum
2503 837 2854 895 humanarum
2884 844 3226 913 gubernatrix
3258 848 3487 921 Erinnys
3504 853 3748 923 quzcdam

2159 927 2432 997 malusque
2461 929 2698 997 daemon,
2730 933 2808 988 sic
2836 935 3014 989 omnia
3036 936 3332 993 confundit.
3365 939 3421 995 Si
3446 957 3576 1012 ergo
3608 944 3752 1000 Deus

2159 1031 2264 1071 non
2297 1026 2409 1084 est,
2440 1022 2529 1090 qui
2568 1021 2652 1078 his
2701 1026 3021 1094 pr05piciat,
3049 1030 3294 1098 utrinque
3329 1033 3440 1087 haec
3483 1039 3751 1092 sententia

2158 1105 2416 1162 confutari
2442 1120 2634 1178 potest.
2661 1112 2799 1168 Fieri
2818 1117 2960 1170 enim
2991 1121 3174 1189 nequit
3199 1120 3252 1174 in
3281 1131 3382 1175 tam
3413 1124 3635 1192 pulchro
3661 1143 3751 1182 re-

2159 1214 2274 1252 rum
2307 1201 2494 1256 ordine
2516 1205 2901 1271 providentiam
2933 1224 3037 1264 nou
3060 1224 3202 1265 esse.
3228 1212 3378 1280 Quod
3402 1216 3444 1267 si
3475 1215 3618 1271 Deus
3645 1233 3752 1274 non

2160 1289 2260 1354 sit,
2307 1293 2575 1359 quomodo
2630 1294 2744 1350 haec
2795 1311 3041 1354 constare
3093 1303 3352 1370 possint?
3391 1306 3435 1359 si
3475 1307 3542 1360 sit
3571 1309 3749 1374 Dens,

2164 1379 2398 1437 lueccine
2419 1383 2687 1454 despicit?
2716 1389 2769 1443 Si
2791 1390 2932 1444 enim
2965 1393 3078 1462 ipse
3101 1392 3315 1459 fecerit,
3347 1397 3468 1453 vide
3507 1399 3757 1469 impieta-

2165 1481 2266 1526 tem
2291 1483 2344 1529 et
2368 1475 2709 1546 blasphemia:
2739 1483 3156 1552 magnitudinem
3187 1505 3201 1541 :
3227 1489 3270 1542 si
3297 1503 3402 1542 non
3436 1489 3655 1558 fecerit,
3696 1503 3754 1549 et

2163 1563 2276 1618 haec
2303 1566 2512 1635 opificia
2565 1571 2829 1641 negligat,
2877 1589 2982 1628 non
3032 1577 3205 1632 minor
3249 1579 3363 1635 haec
3412 1582 3546 1646 erit,
3587 1599 3750 1654 quam

2160 1654 2328 1723 prior,
2356 1657 2659 1715 criminatio
2677 1664 2719 1718 ί.
2751 1663 2911 1720 Vides
2935 1676 2990 1720 ut
3023 1669 3372 1741 undequaque
3398 1673 3640 1730 diabolus
3665 1693 3754 1732 ur-

2160 1757 2381 1818 geatur,
2410 1750 2535 1806 dum
2565 1753 2809 1813 homines
2840 1760 3141 1830 impellitad
3167 1764 3534 1822 insaniendum
3566 1781 3756 1826 centra

2165 1838 2492 1898 Dominum?
2523 1846 2682 1903 Visne
2710 1849 2840 1905 mihi
2880 1853 3201 1922 persuadere
3221 1897 3234 1919 .
3269 1866 3321 1913 te
3357 1857 3466 1912 fato
3494 1861 3752 1929 credere,

2167 1938 2221 1985 et
2248 1940 2437 2001 putare
2466 1935 2594 1992 illud
2623 1953 2743 1995 esse
2772 1957 2897 1996 vere
2925 1943 3116 2014 dogma
3147 1947 3171 2000 ?
3199 1946 3276 2002 Ne
3304 1964 3522 2005 accuses
3561 1953 3757 2008 mulie-

2162 2036 2277 2076 rem
2309 2024 2600 2081 adulteram
2625 2069 2640 2094 ,
2685 2045 2753 2085 ne
2777 2031 2852 2085 ira
2881 2033 3196 2091 effervcseas
3219 2079 3233 2102 ,
3266 2055 3336 2094 ne
3376 2041 3646 2096 moechum
3686 2044 3756 2099 ad

2163 2114 2397 2170 tribunal
2413 2117 2608 2186 judieis
2632 2120 2886 2178 adducas.
2909 2123 2966 2180 Si
2993 2125 3185 2182 videris
3206 2129 3489 2185 sull‘ossum
3514 2149 3753 2202 murum,

2165 2221 2233 2261 ne
2258 2210 2682 2277 comprehendas
2709 2229 2830 2270 eum
2853 2259 2867 2282 ,
2899 2219 2989 2288 qui
3020 2221 3270 2288 suffodit,
3317 2241 3490 2295 neque
3539 2244 3755 2298 pmnam

2166 2309 2385 2368 expetas
2417 2317 2432 2354 :
2466 2317 2572 2357 non
2601 2305 2742 2360 enim
2771 2319 2961 2378 sponte
2991 2311 3093 2367 hoc
3118 2312 3278 2379 fecit,
3306 2318 3755 2386 quemadmodum

2165 2399 2221 2445 tu
2250 2392 2404 2448 dicis.
2429 2395 2536 2451 Res
2564 2405 2680 2453 tuas
2700 2414 2889 2456 omnes
2910 2402 3037 2457 nihil
3062 2420 3187 2460 cura
3217 2423 3230 2462 :
3256 2423 3375 2462 nam
3399 2425 3461 2464 ea
3501 2427 3616 2480 qum
3646 2412 3759 2469 fato

2164 2486 2450 2541 constituta
2499 2500 2626 2544 sunt
2673 2506 2890 2560 prorsus
2939 2496 3189 2551 evenient
3223 2517 3237 2552 :
3268 2499 3469 2569 projice
3497 2503 3756 2572 quidquid

2167 2576 2330 2632 habes
2358 2580 2471 2633 auri
2493 2581 2696 2652 ;abjice
2723 2598 2905 2640 curam
2932 2585 3144 2651 domus,
3174 2589 3304 2656 fori,
3333 2595 3715 2663 mancipiorum
3738 2612 3754 2648 :

2166 2666 2369 2724 incuria
2392 2680 2479 2725 tua
2514 2689 2608 2742 per
2633 2673 2724 2728 fati
2758 2676 3013 2732 incuriam
3044 2679 3173 2734 nihil
3201 2681 3439 2737 lzedetur.
3471 2687 3630 2756 Atqui
3669 2689 3760 2742 ni-

2166 2758 2236 2812 hil
2262 2758 2450 2814 horum
2484 2761 2658 2818 facere
2684 2767 2847 2834 ausis,
2881 2769 3053 2838 reipsa
3087 2785 3396 2842 persuasum
3425 2773 3661 2844 habens,
3706 2788 3763 2832 te

2166 2849 2304 2906 hanc
2349 2851 2646 2910 doctrinam
2687 2857 3006 2926 improbare.
3053 2862 3160 2917 Cur
3205 2880 3333 2935 ergo
3384 2865 3436 2920 in
3485 2870 3763 2938 peccando

2165 2943 2310 2998 illam
2355 2944 2576 3015 objicis,
2629 2965 2789 3019 quam
2841 2953 3037 3023 ubique
3078 2955 3300 3012 damnas
3344 2957 3368 3010 ?
3422 2959 3580 3015 Vides
3649 2970 3758 3017 non

2165 3038 2378 3094 aliunde
2405 3040 2506 3096 hoc
2525 3041 2716 3113 dogma
2749 3029 2925 3100 ind'uci
2946 3088 2961 3112 ,
2997 3063 3152 3117 quam
3183 3065 3248 3104 ex
3276 3053 3551 3118 socordia,
3579 3064 3634 3108 et
3664 3069 3760 3108 ne-

2164 3132 2414 3202 gligentia
2435 3175 2450 3198 ,
2477 3143 2532 3189 et
2555 3135 2758 3204 ignavia
2789 3136 2855 3190 ad
2878 3138 3085 3194 virtutis
3116 3139 3326 3196 labores
3345 3143 3673 3200 subeundos.
3701 3145 3760 3201 Si

2167 3226 2378 3294 genesis
2407 3235 2522 3292 est,
2565 3226 2823 3296 judicium
2867 3245 2974 3285 non
3022 3241 3139 3297 est;
3177 3234 3220 3287 si
3242 3236 3454 3304 genesis
3479 3248 3593 3301 est,
3625 3237 3760 3293 ﬁdes

2167 3332 2270 3372 non
2294 3324 2406 3382 est;
2437 3318 2479 3371 si
2505 3320 2716 3389 genesis
2739 3329 2855 3388 est,
2887 3321 3028 3378 Deus
3059 3340 3162 3378 non
3203 3337 3315 3391 est;
3341 3328 3384 3381 si
3411 3331 3622 3398 genesis
3643 3339 3757 3395 est,

2171 3424 2276 3462 non
2327 3411 2528 3474 virtus,
2588 3427 2692 3466 non
2743 3411 3052 3483 improbitas
3103 3425 3229 3482 est,
3282 3418 3327 3472 si
3380 3422 3590 3490 genesis
3639 3434 3757 3487 est,

2166 3502 2343 3555 omnia
2382 3500 2571 3557 frustra
2597 3546 2611 3572 ,
2638 3506 2813 3559 omnia
2859 3515 3057 3562 temere
3079 3516 3131 3562 et
3159 3507 3378 3566 facimus
3405 3521 3458 3566 et
3485 3514 3716 3582 patimur
3740 3531 3756 3567 :

2164 3608 2272 3647 non
2293 3603 2374 3649 est
2395 3595 2541 3661 laus,
2564 3611 2668 3651 non
2696 3598 3035 3670 vituperium,
3065 3601 3241 3656 nullus
3271 3603 3455 3672 pudor,
3483 3605 3624 3659 nulla
3653 3621 3756 3661 ve-

2167 3685 2450 3753 recundia,
2496 3703 2602 3742 non
2642 3687 2822 3760 leges,
2872 3707 2976 3745 non
3019 3693 3237 3762 judicia.
3277 3695 3424 3751 Unde
3451 3697 3532 3750 hic
3559 3697 3756 3767 dives,

2165 3775 2372 3846 inquies
2391 3820 2406 3844 ,
2434 3777 2572 3834 unde
2591 3781 2675 3835 hic
2695 3797 2896 3852 pauper
2925 3784 3049 3838 est?
3077 3783 3233 3840 Certe
3256 3787 3299 3840 si
3323 3786 3504 3841 horum
3531 3803 3758 3844 causam

2165 3869 2560 3939 ignorabamus,
2586 3872 2637 3927 in
2669 3875 2961 3944 ignorantia
2982 3879 3398 3946 permanendum
3421 3889 3533 3934 erat
3553 3883 3756 3950 potius,

2164 3977 2324 4032 quam
2353 3962 2491 4018 aliud
2520 3981 2737 4035 pravum
2761 3968 2951 4039 dogma
3001 3985 3420 4028 assumeremus.
3449 3972 3638 4029 Melius
3669 3984 3760 4031 est

2165 4055 2304 4109 enim
2347 4057 2482 4113 bene
2535 4059 2811 4128 ignorare,
2858 4077 3014 4131 quam
3055 4065 3198 4118 male
3233 4065 3371 4119 scire
3402 4081 3415 4118 :
3451 4065 3576 4119 illud
3607 4067 3757 4121 enim

2164 4148 2318 4216 culpa
2344 4148 2566 4205 liberum
2597 4162 2710 4220 est,
2753 4154 2852 4209 hoc
2881 4156 3032 4209 venia
3059 4165 3222 4211 caret.
3258 4157 3453 4212 Verum
3487 4175 3628 4213 nunc
3661 4175 3760 4229 per

2166 4236 2258 4292 Dei
2286 4241 2508 4308 gratiam
2554 4243 2717 4313 liquet
2742 4285 2754 4307 ,
2786 4245 2928 4301 unde
2957 4246 3045 4301 hic
3067 4245 3214 4302 dives
3236 4287 3252 4312 ,
3281 4248 3365 4303 ille
3396 4265 3596 4319 pauper
3636 4251 3707 4304 sit
3741 4271 3756 4306 :

2167 4329 2255 4382 vel
2283 4331 2424 4385 enim
2459 4341 2729 4402 paternam
2777 4338 2998 4390 sortitus
3040 4337 3418 4403 hereditatem,
3457 4341 3538 4396 vel
3591 4357 3760 4412 nego-

2165 4420 2388 4476 tiatione
2431 4431 2483 4477 et
2527 4435 2824 4480 mercatura
2876 4443 3031 4492 usus,
3077 4430 3160 4484 vel
3189 4431 3359 4484 aliena
3393 4431 3632 4499 furatus,
3663 4444 3760 4488 aut

2164 4513 2346 4580 rapina
2387 4513 2618 4582 ditatus,
2648 4518 2728 4572 vel
2775 4518 2928 4573 ducta
2960 4521 3210 4588 opulenta
3251 4538 3448 4589 uxore,
3477 4524 3558 4577 vel
3605 4525 3759 4594 agri-

2163 4604 2396 4672 cultura,
2428 4606 2508 4660 vel
2536 4608 2758 4663 artificio
2777 4651 2792 4674 ,
2819 4608 2898 4664 vel
2921 4611 3025 4665 alio
3055 4611 3213 4666 simili
3241 4623 3427 4667 auctus
3449 4623 3546 4667 est.
3574 4612 3759 4670 Multae

2163 4695 2397 4751 rationes
2425 4706 2548 4752 sunt
2572 4697 2783 4754 divitias
2803 4702 3172 4771 comparandi,
3205 4703 3513 4772 alitejustar,
3541 4704 3760 4775 injuste

2162 4787 2300 4842 aliae.
2332 4788 2531 4844 Eadem
2561 4806 2771 4861 quoque
2799 4793 2933 4847 ratio
2973 4803 3056 4849 est
3093 4799 3451 4865 paupertatis:
3493 4814 3615 4852 nam
3673 4801 3759 4855 vel

2162 4879 2464 4945 calumniis,
2497 4881 2580 4935 vel
2603 4881 2828 4935 aliorum
2859 4884 3088 4952 rapinis,
3123 4885 3202 4940 vel
3233 4886 3604 4956 abliguritione
3629 4905 3758 4958 pro-

2162 4969 2296 5040 pria,
2322 4971 2406 5026 vel
2435 4971 2638 5040 ignavia
2660 5013 2675 5039 ,
2700 4974 2780 5026 vel
2807 4974 3060 5039 amentia,
3083 4986 3173 5030 aut
3193 4976 3296 5030 alio
3317 4980 3564 5048 quopiam
3591 4981 3754 5035 [nodo

2163 5063 2364 5135 (multae
2391 5065 2584 5133 quippe
2607 5075 2729 5118 sunt
2747 5066 2812 5120 ad
2839 5077 3196 5137 paupertatem
3225 5068 3346 5138 vite)
3371 5071 3422 5124 in
3461 5082 3756 5140 egestatem

2162 5147 2458 5202 devcnitur.
2491 5150 2558 5201 At
2587 5163 2687 5217 qua
2717 5151 2784 5205 de
2812 5167 2968 5205 causa
2993 5194 3009 5219 ,
3058 5154 3265 5222 inquies
3286 5195 3300 5217 ,
3337 5155 3426 5209 ille
3453 5157 3541 5224 qui
3570 5173 3750 5212 mere-

2163 5237 2321 5294 trices
2367 5240 2492 5307 alit,
2534 5247 2589 5295 et
2633 5242 2892 5311 parasitos
2918 5252 2972 5298 et
3000 5243 3332 5311 adulatores,
3364 5256 3415 5300 et
3441 5248 3530 5317 qui
3563 5249 3754 5302 alienis

2225 5467 2241 5540 ξ
2277 5472 2386 5540 uage
2409 5463 2502 5534 alio
2533 5467 2674 5540 modo
2708 5466 3023 5540 legunturin
3057 5477 3239 5540 aoanne
3268 5470 3534 5540 cheeoqui
3557 5471 3628 5520 sic

2158 5528 2277 5594 bet:
2306 5527 2353 5594 δῇ
2366 5527 2503 5578 'enim
2526 5527 2608 5594 ille
2631 5529 2735 5580 lucc
2756 5527 2848 5594 ἦοη
2865 5530 2994 5594 fecit.
3029 5531 3138 5581 vide
3161 5544 3254 5590 quo
3277 5527 3538 5594 impietatis
3560 5545 3620 5580 ac
3640 5532 3748 5582 ωα-

2157 5588 2389 5657 sphemia:
2411 5591 2640 5657 procedat
2658 5593 2834 5657 pratia.
2860 5588 2940 5657 Sin
2955 5593 3141 5653 fecerit.
3166 5588 3212 5645 et
3230 5588 3492 5657 quaz'facta
3530 5602 3640 5645 sunt
3663 5608 3749 5645 ne-

2154 5650 2323 5721 gligat,
2348 5650 2441 5703 non
2464 5655 2620 5706 minor
2649 5655 2824 5707 iterum
2859 5650 2963 5706 haec
2989 5663 3078 5719 est,
3102 5650 3252 5720 quam
3268 5650 3403 5720 prior
3445 5657 3538 5721 {ait
3579 5672 3748 5718 reprc-
