4092 6194
323 295 433 356 ’ῖῦἷ

320 449 416 497 τες
427 448 449 496 ;
497 431 660 502 μέχρι
707 431 851 496 τίνος
884 434 982 486 οὐκ
1017 431 1432 486 ἐπιγνωσόνιεθα
1471 432 1562 484 τὸν
1595 429 1772 482 κοινὸν
1805 429 1901 478 Δε-

324 519 553 589 σπότην;
574 519 633 570 ΕΞ
651 512 885 586 φαύλους
899 513 993 567 κοιλ⁵
1005 514 1242 582 ἀγαθοὺς
1257 517 1303 568 εί
1311 511 1560 586 μαρμένη
1581 517 1743 575 ποιεῖ,
1761 509 1903 573 τίνος

317 609 512 662 ’ἐνεκεν
547 609 835 678 παραινεῖς
872 603 949 674 τῷ
985 605 1156 665 παιδὶ,
1201 605 1346 667 τίνος
1378 605 1565 656 ἕνεκεν
1592 603 1900 664 νουθετεῖς;

325 697 514 750 Πάντα
553 697 676 766 εἰκῇ
709 694 805 747 καὶ
850 695 1046 764 μάτην.
1079 693 1141 745 Εἰ
1187 692 1478 755 πλουσίους
1521 692 1616 745 καὶ
1660 691 1904 758 πένητας

323 787 490 846 ποιεῖ,
523 783 598 854 μὴ
625 782 848 854 πέμψῃς
881 784 962 845 είς
995 781 1362 845 διδασκαλεῖα,
1404 781 1478 852 μὴ
1513 779 1744 851 πορίσῃς
1769 778 1905 849 χρή‹

327 889 494 942 ματα,
526 870 600 942 μὴ
637 871 850 942 πράξῃς
883 870 1018 940 μηδέ
1047 870 1104 922 ἓν
1137 870 1247 923 τῶν
1285 869 1597 939 δυναμένων
1627 867 1777 937 αὐτῷ
1805 866 1903 938 τὴν

321 961 517 1013 οὐσίαν
538 960 793 1029 αὐξῆσαι,
818 960 921 1013 ἀλλ
937 961 949 979 ‘
973 960 1265 1031 ἐπίτρεψον
1282 962 1347 1029 τῇ
1368 957 1678 1028 εἱμαρμένῃ
1696 957 1764 1010 τὰ
1784 959 1902 1010 κατ’

325 1049 507 1102 αὐτόν.
555 1047 694 1100 Ἀλλ’
725 1049 825 1101 οὐκ
858 1049 1046 1119 ἀνέχῃ.
1082 1048 1245 1119 Ὁρᾷς
1274 1049 1391 1109 πῶς
1419 1048 1478 1099 ἐν
1511 1049 1624 1108 τοῖς
1657 1045 1904 1099 ἐλάττοσι

322 1136 620 1190 διαπιστῶν
651 1138 822 1206 αὐτῆς
851 1135 950 1207 τὴν
976 1137 1226 1207 δύναμιν,
1257 1138 1316 1189 ἐν
1345 1137 1458 1198 τοῖς
1495 1134 1738 1205 μείζοσιν
1766 1135 1902 1205 αὐτῇ

328 1225 640 1289 πιστεύεις;
666 1227 729 1278 Εἰ
757 1227 866 1294 γάρ
901 1225 1072 1288 ὅντως
1105 1223 1415 1295 εἱμαρμένη
1445 1224 1616 1287 ἐστὶν,
1655 1224 1790 1292 ἄφες
1813 1224 1904 1276 τὸν

325 1315 490 1367 παῖδα
530 1313 621 1366 καί
649 1314 907 1383 πονηροῖς
935 1311 1159 1381 ἀνδράσι
1191 1309 1575 1378 συγγίνεσθαι,
1624 1309 1721 1364 καὶ
1765 1308 1906 1380 μετά

323 1401 739 1473 διεφθαρμένων
768 1399 1176 1471 διαφθείρεσθαι
1199 1416 1213 1431 ·
1237 1400 1460 1462 πάντως
1483 1398 1550 1452 ἂν
1571 1400 1904 1471 εἱμαρμένον

324 1490 473 1562 αὐτῷ
513 1491 607 1543 καὶ
635 1488 1018 1559 κεκλωσμένον
1053 1482 1108 1560 ᾖ,
1148 1487 1245 1540 καὶ
1291 1487 1374 1539 σοὶ
1408 1485 1757 1558 χρησιμεύει.
1792 1488 1904 1541 Καὶ

323 1579 434 1650 γὰρ
464 1577 656 1641 ὅντως,
678 1578 864 1648 φησὶν,
889 1575 1058 1638 ὅντως
1081 1573 1216 1628 ἐστί.
1238 1574 1396 1637 Τίνος
1425 1570 1520 1627 οῦν
1549 1574 1737 1628 ἕνεκεν
1760 1577 1905 1646 πρά-

324 1682 511 1737 γματα
545 1668 641 1719 καὶ
673 1663 856 1734 σαυτῷ
883 1664 1144 1735 παρέχεις
1173 1664 1263 1717 καὶ
1302 1663 1502 1734 ἐτέρῳς
1538 1663 1647 1718 Καὶ
1676 1663 1728 1717 τί
1760 1664 1906 1733 λέγω

326 1755 534 1808 παίδων
560 1754 768 1814 ἕνεκεν,
795 1752 929 1804 ὅπου
952 1768 1015 1819 γε
1046 1751 1164 1804 οὐδὲ
1186 1751 1277 1803 ἐπὶ
1307 1751 1534 1803 οἰκετῶν
1565 1749 1730 1822 ἀνέξῃ
1749 1751 1908 1804 τοῦτο

326 1845 521 1903 ποιεῖν,
537 1840 671 1894 ἀλλά
690 1840 783 1892 καὶ
799 1838 1042 1901 ἀπειλεῖς
1059 1838 1154 1890 καὶ⁸
1175 1837 1379 1905 φοϐεῖς,
1398 1836 1493 1891 καὶ
1508 1836 1684 1890 πάντα
1709 1838 1906 1909 τρόπον

326 1934 518 1994 κινεῖς,
543 1930 689 1992 ὅπως
717 1927 940 1997 γένηταί
969 1943 1050 1980 σοι
1074 1925 1236 1990 καλὸς
1261 1928 1290 1980 6
1311 1927 1552 1996 οἰκέτης,
1581 1927 1674 1980 κα)⁵
1688 1926 1749 1979 οὐ
1777 1927 1906 1999 θαρο

329 2021 442 2089 ῥεῖς
466 2019 532 2088 τῇ
567 2016 809 2085 γενέσεις
843 2013 1000 2078 Τίνος
1020 2013 1077 2067 δὲ
1097 2013 1286 2067 ἕνεκεν
1310 2013 1479 2068 κακὸν
1501 2014 1792 2085 γενόμενον
1818 2033 1908 2068 κο-

326 2104 548 2169 λάζεις;
581 2103 642 2156 οὐ
679 2103 789 2174 γάρ
835 2101 1002 2156 αὐτοῦ
1041 2102 1101 2155 τὸ
1141 2101 1447 2174 ἁμάρτημα
1491 2101 1738 2171 γέγονεν,
1770 2101 1909 2156 ἀλλά

324 2195 426 2263 τῆς
457 2181 704 2261 ώθούσης
745 2189 1032 2259 γενέσεως.
1073 2189 1230 2252 Τίνος
1256 2189 1313 2243 δὲ
1348 2190 1532 2243 ’ἐνεκεν
1558 2190 1721 2244 καλὸν
1754 2191 1908 2259 γενό-

327 2297 492 2352 μενον
521 2281 765 2341 ἐπαινεῖς
791 2295 806 2343 ;
841 2279 903 2330 οὐ
949 2278 1058 2347 γὰρ
1089 2277 1253 2330 αὐτοῦ
1293 2277 1355 2330 τὸ
1385 2277 1736 2350 κατόρθωμα,
1773 2279 1910 2333 ἀλλά

324 2369 428 2439 τῆς
455 2367 720 2436 γενέσεως
741 2383 752 2395 ’
779 2365 980 2437 μᾶλλον
1000 2366 1055 2418 δὲ
1075 2364 1198 2429 οὐτε
1223 2365 1406 2430 καλὸς,
1420 2365 1544 2419 οὐτε
1561 2368 1728 2430 κακὸς
1755 2366 1907 2421 ἔσται

329 2472 432 2518 τις.
495 2455 551 2506 Ὀ
585 2455 694 2525 γὰρ
732 2454 862 2524 παρ’
899 2452 1091 2506 ἐαυτοῦ
1134 2453 1426 2524 μηδέτερον
1464 2453 1668 2508 τούτων
1715 2455 1904 2520 ποιῶν,

327 2543 446 2596 ἀλλ’
476 2541 743 2614 ἑτέρωθεν
793 2540 894 2611 τὴν
925 2542 1173 2611 ἀνάγκην
1217 2541 1541 2612 δεχόμενος,
1582 2541 1707 2596 οὐτε
1750 2544 1910 2598 τοῦτο

329 2631 510 2693 ἔσται,
564 2628 689 2683 οὔτε
741 2631 939 2682 ἐκεῖνο.
988 2628 1145 2692 Τίνος
1201 2625 1294 2682 οὖν
1344 2630 1531 2683 ’ένεκεν
1578 2632 1910 2703 ἐπαινοῦμεν

329 2718 567 2789 ἄνδρας;
602 2717 748 2780 τίνος
783 2717 839 2769 δὲ
873 2717 1060 2770 ἕνεκεν
1091 2717 1369 2787 ψέγομεν;
1397 2718 1542 2782 τίνος
1573 2719 1760 2774 ἕνεκεν
1814 2723 1912 2775 ἐπ-

330 2807 617 2876 ειρώμεθα,
639 2805 782 2867 τίνος
802 2803 988 2857 ἕνεκεν
1005 2804 1376 2875 συνευχόμεθα
1399 2806 1606 2876 ἑτέροις
1621 2824 1634 2872 ;
1651 2807 1910 2880 Ὀρᾷςείς

328 2896 464 2964 ὅσην
493 2895 640 2965 ἡμᾶς
662 2893 886 2961 ἀλογίαν
905 2895 932 2946 6
953 2893 1051 2963 τῆς
1076 2893 1420 2964 εἱμαρμένης
1447 2895 1686 2964 ἐξήγαγε
1721 2897 1906 2966 λόγοςς

330 2983 520 3047 Οὐδείς
547 2985 664 3035 ἐστι
703 2979 956 3052 σώφρων,
993 2981 1166 3044 οὐδείς
1200 2983 1346 3035 ἐστιν
1378 2983 1694 3049 ἀκόλαστος,
1737 2986 1910 3050 οὐδείς

329 3074 449 3124 ἐστι
487 3070 848 3140 πλεονέκτης,
895 3067 1068 3132 οὐδείς
1098 3071 1213 3121 ἐστι
1247 3069 1484 3134 δίκαιος·
1517 3071 1784 3144 ἀνῄρηται
1815 3075 1912 3127 καί⁷

331 3160 501 3232 ἀρετὴ
529 3159 622 3212 καὶ
660 3156 857 3220 κακία,
891 3155 987 3209 κα)⁸
1027 3157 1202 3227 μάτην
1243 3155 1392 3230 [771]
1429 3160 1508 3222 εἰς
1546 3160 1636 3212 τὸν
1667 3161 1911 3232 παρόντα

330 3245 523 3300 τοῦτον
562 3245 676 3316 βίον
726 3243 1070 3315 ὐπήχθημεν,
1103 3243 1304 3314 μᾶλλον
1347 3243 1403 3298 δὲ
1441 3246 1502 3298 οὐ
1549 3247 1746 3318 μάτην,
1776 3249 1912 3304 ἀ).λά

332 3337 428 3389 καὶ
447 3337 542 3388 ἐπὶ
570 3332 745 3405 κακῷ.
773 3333 897 3397 Πῶς
917 3332 1024 3402 γὰρ
1049 3333 1149 3386 οὐκ
1173 3333 1372 3386 ἄτοπον
1403 3334 1660 3389 ὠθεῖσθαι
1686 3337 1784 3408 μὲν
1807 3339 1912 3392 ὐπὸ

331 3425 433 3496 τῆς
465 3424 710 3490 ἀνάγκης
733 3421 830 3492 τῆς
869 3421 1140 3489 γενέσεως
1168 3422 1248 3485 εἰς
1282 3422 1504 3486 κακίαν,
1536 3425 1696 3479 πάλιν
1719 3426 1776 3480 δὲ
1807 3426 1912 3481 ὐπὸ

330 3513 431 3582 τῆς
462 3510 585 3580 βίας
620 3510 791 3580 αὐτῆς
830 3508 1034 3579 ταύτης
1076 3508 1231 3580 δίκην
1277 3509 1476 3565 διδόναι
1518 3512 1617 3584 τὴν
1649 3515 1910 3588 ἐσχάτην,

329 3597 448 3652 δέον
497 3596 798 3658 ἐλεεῖσθαι,
846 3595 963 3649 δέον
1003 3595 1404 3666 ταλανίζεσθαι,
1454 3601 1548 3654 καί
1580 3602 1909 3672 μισούμεθα,

334 3686 429 3738 καὶ
455 3682 814 3753 κολαζόμεθά,
840 3682 958 3736 δέον
987 3682 1283 3754 τιμᾶσθαι;
1315 3685 1418 3738 Τὸν
1438 3686 1790 3758 ἀδικούμενον
1819 3691 1913 3743 καὶ

333 3772 456 3842 βίαν
487 3772 749 3837 παθόντα,
778 3772 898 3843 οὐχὶ
932 3771 1278 3834 κολάζεσθαι,
1313 3773 1449 3827 ἀλλά
1472 3777 1734 3846 τιμᾶσθαι
1769 3779 1909 3851 χρή·

333 3865 493 3932 ἡμεῖς
516 3862 572 3914 δέ
597 3862 689 3914 καὶ
718 3858 1081 3933 ἀδικούμεθα,
1124 3863 1217 3916 καὶ
1244 3863 1516 3935 τιμωρίαν
1543 3866 1909 3937 ὑπομένομεν.

334 3951 399 4002 Τί
445 3951 636 4003 τούτου
671 3949 865 4014 γένοιτ’
907 3949 973 4002 ἀν
1016 3947 1378 4020 ἀλογώτερον,
1429 3951 1571 4023 ὑπὲρ
1607 3945 1682 4006 ὧν
1726 3955 1913 4019 κακῶς

333 4039 633 4108 πάσχοντες
653 4036 974 4100 ώθισθέντες
995 4036 1132 4107 πρὸς
1158 4038 1375 4101 κακίαν,
1403 4040 1543 4111 ὑπὲρ
1585 4041 1789 4095 τούτων
1820 4045 1938 4112 καὶ,

332 4126 607 4197 τιμωρίαν
645 4125 881 4188 διδόναι;
935 4125 1226 4193 Ἐποίησεν
1276 4126 1668 4200 ἀνδροφόνονή
1716 4133 1914 4204 εἱμαρ-

336 4214 472 4284 μένη
500 4254 514 4276 ,
562 4213 658 4265 καὶ
688 4212 785 4281 τὴν
832 4211 1011 4282 ψυχὴν
1059 4211 1285 4265 ἀπαιτεῖ
1316 4213 1447 4266 ἀνθ’
1488 4206 1564 4267 ὧν
1601 4216 1913 4287 ὑπήκουσεν

331 4301 470 4370 αὐτῇ
497 4316 511 4330 ·
564 4300 618 4352 τί
664 4299 858 4353 τούτου
898 4299 1305 4372 βλαϐερώτερον
1341 4300 1519 4371 δόγμα
1551 4303 1764 4371 γένοιτο
1808 4306 1909 4371 ἇν;

335 4388 548 4458 ’Ὥσπερ
591 4387 657 4440 ἂν
702 4386 756 4440 εί
779 4404 863 4451 τις
895 4389 976 4451 είς
1017 4387 1080 4440 τὸ
1111 4388 1386 4459 βάραθρον
1413 4389 1664 4460 ώθήσας,
1692 4392 1784 4445 καὶ
1811 4411 1910 4447 κα·

331 4475 580 4529 ταλαϐὼν
607 4477 698 4529 τὸν
728 4477 1133 4548 κρημνισθέντα
1157 4516 1173 4541 ,
1205 4478 1368 4531 πάλιν
1419 4479 1693 4551 τιμωρίαν
1745 4481 1912 4536 ἀπαι-

332 4565 454 4634 τοίη
497 4565 706 4619 τούτων
745 4566 970 4620 ἕνεκεν*
1025 4565 1056 4637 ἢ
1106 4565 1298 4638 ὥσπερ
1340 4567 1408 4621 ἂν
1441 4568 1496 4621 ετ
1536 4585 1622 4633 τις
1658 4569 1912 4644 βαρϐάρα

330 4653 590 4726 δεσποίνῃ
613 4654 918 4724 ’παραδοὺς
946 4652 1279 4719 αἰκίζεσθαι,
1307 4657 1402 4708 καὶ
1435 4658 1649 4728 μυρίοις
1680 4659 1914 4730 περιϐαο

330 4739 444 4794 λεῖν
487 4743 713 4804 κακοῖς,
745 4740 837 4794 τὸν
869 4741 1311 4813 παραδεδομένον
1359 4744 1500 4815 ὑπὲρ
1541 4747 1640 4816 τῆς
1665 4746 1911 4813 δουλείας

331 4828 428 4881 καὶ
458 4828 557 4898 τῆς
591 4828 968 4899 αἰχμαλωσίας
997 4831 1223 4884 ἀπαιτοῖ
1249 4832 1541 4903 τιμωρίαν.
1575 4829 1723 4906 *Αρά
1745 4853 1798 4888 τι
1827 4837 1914 4904 γέ·

329 4933 476 4970 νοιτο
502 4916 567 4970 ἂν
587 4916 778 4969 τούτου
810 4917 1170 4989 ἀλογώτερον,
1208 4920 1330 4972 εἰπέ
1360 4937 1483 4990 μοι,
1517 4921 1551 4991 ἢ
1583 4922 1912 4996 ἀθλιώτερον

328 5001 424 5055 τοῦ
446 5001 639 5070 γένους
655 5002 866 5068 τούτου;
881 5005 942 5056 El
959 5003 1126 5058 ταῦτα
1143 5004 1384 5070 τοιαῦτα,
1399 5008 1488 5060 καῖ
1503 5007 1690 5083 ἐχθροὶ
1705 5011 1802 5081 μὲν
1819 5013 1912 5064 καὶ

327 5091 582 5161 πολέμιοι
621 5093 736 5156 τοῖς
779 5093 959 5147 αὐτῶν
1000 5094 1282 5165 πολεμίοις
1314 5098 1459 5150 ῖσασι
1493 5099 1907 5168 συγγινώσκειν,

325 5180 458 5233 ὅταν
486 5180 710 5244 ἄκοντες
738 5182 834 5234 καὶ
855 5181 929 5252 μὴ
949 5181 1264 5253 βουλόμενοι
1295 5185 1574 5256 πράττωσί
1605 5207 1658 5242 τι
1680 5189 1789 5243 τῶν
1815 5208 1907 5260 χα-

327 5269 658 5323 λεπωτάτων
683 5270 889 5335 αὐτοῖς’
918 5273 1021 5343 ἠδὲ
1049 5275 1356 5348 εἱμαρμένη
1375 5280 1488 5340 τοῖς
1513 5279 1792 5349 ὑπηκόοις,
1817 5283 1910 5335 καὶ

328 5358 507 5411 πάντα
536 5359 893 5430 πειθομένοις,
917 5361 1119 5431 μᾶλλον
1144 5363 1200 5416 δὲ
1222 5366 1786 5436 κατηναγκασμένοις,
1808 5371 1910 5423 οὐκ

325 5446 535 5498 είσεται
571 5445 925 5518 συγγνώμην,
969 5449 1082 5502 ἀλλ’
1114 5450 1253 5522 ὑπὲρ
1279 5444 1352 5503 ὧν
1401 5453 1600 5516 αὐτοὺς
1630 5456 1907 5526 κατηνάγ-

325 5548 464 5584 κασε
498 5533 724 5603 πρᾶξαι,
748 5535 889 5606 ὑπὲρ
911 5535 1018 5589 τῶν
1047 5537 1227 5590 αὐτῶν
1250 5539 1448 5603 αὐτοὺς
1475 5539 1694 5594 άπαιτεῖ
1717 5542 1872 5616 δίκην
1888 5561 1902 5576 ο

325 5621 483 5682 ποῖος
517 5621 769 5692 φορυτὸς,
804 5627 955 5686 ποῖος
990 5625 1336 5697 λαϐύρινθος,
1377 5626 1503 5680 ποία
1535 5628 1668 5699 ζάλη
1700 5630 1904 5702 ταύτην

384 5744 415 5778 ⁸*
440 5742 574 5792 (ἶοῖῐ).
605 5746 828 5808 βαρϐάρῳ
850 5750 1090 5810 δεσποίνῃ.

640 5832 904 5893 Vnum.
950 5838 1064 5895 lin.
1119 5839 1183 5898 L.

1407 311 1495 366 DE
1532 307 1714 366 ΡΑτο
1757 305 1842 360 ετ
1880 264 2361 358 rhombum».
2412 301 2475 356 v.

3451 326 3456 330 ·
3481 303 3585 359 768

2007 423 2306 492 μιμήσεται
2343 422 2446 493 τὴν
2482 422 2766 493 σύγχυσιν,
2797 421 2919 475 εἰπέ
2957 439 3078 493 μοις
3103 423 3218 476 Οὐκ
3244 424 3447 493 ἤρκεσέ
3491 443 3583 496 μοι

2004 510 2204 582 τρόπος
2233 505 2314 574 εἷς
2348 510 2565 573 ἀδικίας
2589 549 2605 574 ,
2641 512 2722 562 ὅτι
2760 511 2926 581 μηδὲν
2964 510 3228 583 ἁμαρτὼν
3277 514 3356 576 εἰς
3389 515 3586 568 κακίαν

2004 599 2374 670 ἐμϐέϐλημαι,
2420 599 2515 652 καὶ
2547 600 2628 652 ὃτι
2657 600 2844 671 ’έτερος
2878 600 3042 671 μηδὲν
3069 600 3425 672 κατορθώσας
3453 603 3586 670 ἀγα-

2005 687 2096 750 θὸς
2146 688 2374 756 γίνεται,
2412 688 2506 740 καί¹
2537 688 2702 758 τιμῆς
2756 688 3053 741 ἀπολαύει·
3103 691 3204 742 οὐκ
3246 692 3409 761 ἀρκεῖ
3449 690 3588 762 αὐτη

2007 777 2144 848 μόνη
2169 778 2210 848 ’ἡ
2245 779 2448 843 ἀδικία,
2477 779 2559 832 ὃτι
2589 779 2774 842 ἁπλῶς
2805 781 2898 832 καὶ
2929 780 3139 848 ἀλόγως
3172 781 3266 832 καὶ
3295 780 3395 850 ἐμὲ
3423 783 3589 834 κακὸν

2004 867 2248 939 ἐποίησε,
2281 868 2376 921 καὶ
2401 870 2608 921 ἐκεῖνον
2642 869 2827 930 καλὸν,
2854 868 2990 922 ἀλλά
3018 870 3112 921 καὶ
3139 869 3332 940 ἑτέραν
3362 870 3590 940 προστί-

2005 956 2184 1027 θησιν,
2225 959 2319 1010 καί⁵
2369 958 2492 1011 οὐδὲ
2533 958 2634 1029 τὴν
2675 958 2784 1010 τῶν
2832 957 3137 1029 ἀνθρώπων
3187 957 3589 1028 δικαιοκρισίαν
3671 979 3679 1029 ς

2008 1049 2258 1115 μιμεῖται
2280 1062 2293 1075 '
2331 1046 2447 1100 ἀλλ’
2481 1046 2531 1098 οἰ
2573 1047 2670 1116 μὲν
2704 1046 3003 1115 ἄνθρωποι,
3031 1045 3176 1098 οὓτω
3212 1044 3591 1117 φιλάνθρωποι

2005 1135 2099 1187 καὶ
2125 1136 2326 1206 ἥμεροι
2349 1177 2364 1199 ,
2397 1135 2474 1198 ώς
2505 1135 2736 1205 διαιρεῖν
2781 1134 2850 1186 τά
2881 1133 3115 1187 ἀκούσια
3141 1133 3249 1186 τῶν
3284 1134 3548 1186 ἑκουσίων
3571 1148 3586 1162 ⁶

2003 1226 2037 1294 ἡ
2073 1224 2129 1277 δέ
2159 1225 2228 1277 τὰ
2258 1223 2576 1295 ἀνθρώπινα
2599 1224 2878 1276 διοικοῦσα
2903 1222 3116 1294 ἐριννύς
3148 1240 3232 1287 τις
3259 1223 3352 1275 καὶ
3381 1222 3592 1291 δαίμων

2005 1313 2276 1384 πονηρὸς,
2311 1310 2456 1365 οὕτω
2497 1311 2675 1364 πάντα
2709 1312 2922 1380 συγχεῖ.
2962 1312 3024 1363 Εἰ
3059 1311 3158 1381 μὲν
3187 1308 3281 1362 οὖν
3330 1310 3428 1362 οὐκ
3474 1309 3593 1363 ἔστι

2005 1401 2136 1464 Θεὸς
2157 1403 2186 1454 6
2220 1398 2394 1453 ταῦτα
2419 1399 2654 1470 ἐφορῶν,
2686 1399 2970 1468 ἐλέγχεται
3009 1399 3106 1467 μὲν
3138 1400 3166 1451 6
3194 1396 3353 1464 λόγος
3386 1397 3592 1467 ἑτέρω-

2007 1487 2118 1541 θεν.
2152 1487 2226 1540 Οὐ
2253 1488 2361 1557 γὰρ
2383 1487 2606 1540 δυνατὸν
2630 1487 2686 1540 ἐν
2710 1485 2932 1555 εὐταξία
2956 1485 3193 1556 τοσαύτῃ
3223 1485 3480 1555 πρόνοιαν
3517 1485 3593 1553 μὴ

2007 1571 2165 1628 εἶναι.
2201 1575 2346 1646 Πλὴν
2389 1576 2438 1627 εἰ
2470 1574 2569 1644 μὲν
2627 1573 2726 1627 οὐκ
2756 1573 2871 1626 ἔστι
2900 1573 3055 1636 Θεὸς,
3085 1573 3203 1636 πῶς
3239 1572 3374 1634 ὅλως
3420 1570 3594 1624 ταῦτα

2009 1663 2370 1733 συνέστηκεν;
2401 1663 2450 1714 εί
2481 1661 2538 1715 δέ
2570 1662 2708 1726 ἐστι,
2742 1660 2857 1724 πῶς
2889 1661 3065 1714 ταῦτα
3098 1661 3366 1732 περιορᾷ;
3401 1659 3464 1713 Εἰ
3493 1661 3594 1728 μὲν

2005 1750 2115 1823 γάρ
2143 1750 2305 1814 αὐτὸς
2334 1749 2610 1820 ἐποίησεν,
2628 1749 2729 1819 δρα
2748 1748 2847 1819 τὴν
2881 1748 3156 1808 ἀσέϐειαν,
3181 1747 3276 1799 καὶ
3299 1747 3400 1816 τῆς
3427 1745 3567 1815 βλασ
3588 1777 3598 1788 ι

2009 1840 2220 1909 φημίας
2287 1839 2386 1904 τὴν
2445 1837 2788 1907 ὑπερϐολήνο
2841 1836 2978 1888 εἰδὲ
3007 1835 3107 1887 οὐκ
3151 1834 3394 1905 ἐποίησε.
3438 1834 3594 1902 γενό-

2011 1945 2148 1996 μενα
2172 1926 2228 1980 δὲ
2252 1927 2502 1997 περιορᾷ,
2538 1925 2700 1978 πάλιν
2726 1925 2826 1978 οὐκ
2856 1923 3078 1976 ἔλαττον
3107 1923 3201 1976 τοῦ
3231 1923 3501 1994 προτέρου
3532 1922 3596 1974 τὸ

2009 2017 2280 2086 ἔγκλημα.
2331 2017 2495 2086 Ὀρᾶς
2536 2015 2653 2079 πῶς
2701 2013 3044 2084 πανταχόθεν
3099 2015 3518 2083 στενοχωρεῖται
3566 2015 3594 2064 ὁ

2007 2102 2274 2166 διάϐολος,
2311 2102 2650 2156 συνελαύνων
2682 2102 2809 2165 τοῦς
2841 2101 3162 2174 ἀνθρώπους
3195 2103 3275 2164 εἰς
3311 2099 3410 2171 τὴν
3455 2100 3597 2154 κατά

2008 2191 2101 2246 τοῦ
2135 2193 2408 2245 Δεσπότου
2441 2192 2680 2262 μανίαν;
2718 2191 2906 2244 Βούλει
2940 2208 3006 2260 με
3039 2193 3247 2252 πεῖσαι,
3277 2190 3361 2242 ὅτι
3399 2191 3595 2260 εἱμαρ-

2013 2281 2149 2354 μένῃ
2173 2280 2354 2352 πείθῃ,
2377 2280 2471 2334 καὶ
2494 2279 2734 2350 νομίζεις
2762 2275 2900 2332 εἷναί
2927 2297 2980 2332 τι
3010 2279 3188 2350 δόγμα
3213 2295 3227 2343 ;
3253 2279 3343 2349 Μὴ
3375 2278 3594 2345 ἐγκάλει

2013 2371 2380 2443 μοιχευομένῃ
2402 2371 2643 2440 γυναικὶ,
2682 2370 2816 2440 μηδέ
2846 2368 3093 2440 πλησθῇς
3115 2367 3310 2438 θυμοῦ,
3351 2367 3484 2438 μηδὲ
3515 2369 3596 2427 εἰς

2013 2457 2162 2530 [772]
2187 2460 2466 2529 κριτήριον
2488 2457 2744 2513 δικαστοῦ
2770 2457 2984 2528 ἀγάγῃς
3007 2457 3096 2509 τὸν
3125 2455 3444 2525 μοιχόν.“Αν
3473 2455 3592 2527 ἱδῃς

2008 2549 2185 2617 τοῖχον
2217 2546 2652 2618 διορυττόμενον,
2691 2543 2765 2616 μὴ
2800 2543 3036 2617 ἐπιλάϐῃ
3063 2542 3157 2596 τοῦ
3189 2541 3592 2614 δῳρύττοντος,

2013 2635 2148 2705 μηδέ
2181 2635 2495 2705 ἀπαιτήσῃς
2518 2632 2672 2703 δίκην
2697 2649 2710 2661 ·
2746 2632 2806 2684 οὐ
2841 2630 2949 2700 γὰρ
2979 2627 3122 2683 ἐκὼν
3153 2629 3314 2683 τοῦτο
3348 2628 3596 2698 ἐποίησε,

2011 2722 2192 2787 καθὼς
2218 2723 2285 2776 σῦ
2315 2721 2441 2792 φῄς.
2485 2720 2780 2792 ’Δμέλησον
2803 2719 2913 2773 τῶν
2943 2717 3143 2773 σαυτοῦ
3172 2719 3390 2772 πάντων
3417 2735 3430 2748 ο
3458 2717 3596 2770 πάν-

2010 2828 2119 2875 τως
2156 2810 2265 2881 γάρ
2293 2810 2418 2882 ἥξει
2462 2827 2544 2863 σοι
2585 2808 2653 2862 τά
2697 2808 2798 2878 τῆς
2841 2806 3180 2878 εἱμαρμένης
3206 2821 3220 2837 ⁸
3274 2805 3430 2876 ῥῖψον
3472 2805 3598 2858 ὅσον

2011 2898 2154 2968 ἔχεις
2187 2897 2439 2968 χρυσίον·
2472 2895 2750 2967 ἀμέλησον
2791 2893 3005 2954 οἰκιῶν,
3036 2893 3254 2964 ἀγορῶν
3275 2934 3288 2957 ,
3326 2893 3598 2964 ἀνδραπό-

2009 2987 2115 3039 δων
2140 3002 2154 3016 ·
2181 2985 2334 3038 οὐδὲν
2361 2985 2469 3039 ἀπὸ
2499 2985 2600 3054 τῆς
2631 2983 2905 3055 ῥᾳθυμίας
2942 2983 3043 3054 τῆς
3076 2982 3172 3051 σῆς
3211 2984 3244 3052 ἡ
3269 2981 3370 3051 τῆς
3403 2983 3599 3051 είμαρ-

2014 3075 2182 3146 μένης
2231 3071 2471 3145 ῥᾳθυμία
2525 3071 3029 3143 παραϐλαϐήσεται.
3091 3070 3230 3124 Ἀλλ’
3285 3072 3385 3124 οὐκ
3432 3069 3598 3141 ἀνέξῃ

2009 3163 2212 3218 τούτων
2254 3162 2441 3228 οὐδὲν,
2475 3161 2551 3225 ώς
2589 3160 2736 3232 ἔργῳ
2769 3157 3014 3222 πεισθεὶς
3039 3201 3053 3222 ,
3101 3160 3184 3212 ὅτι
3233 3159 3594 3227 κατέγνωκας

2010 3253 2119 3306 τῶν
2153 3251 2438 3322 δογμάτων
2472 3249 2575 3320 τῆς
2606 3249 2968 3321 εἱμαρμένης.
3003 3248 3160 3312 Τίνος
3197 3243 3290 3302 οῦν
3314 3247 3500 3301 ἕνεκεν
3534 3249 3592 3299 ἐν

2013 3344 2130 3404 ταῖς
2155 3339 2452 3411 ἁμαρτίαις
2481 3337 2648 3410 αὐτὴν
2678 3336 2982 3411 προϐάλλῃ,
3009 3336 3288 3407 πανταχοῦ
3312 3353 3590 3404 κατεγνω-

2012 3427 2164 3494 κώς;
2205 3429 2368 3500 Ὁρᾷς
2399 3428 2481 3480 ὅτι
2513 3422 2815 3496 οὐδαμόθεν
2854 3426 2917 3478 τὸ
2946 3425 3127 3496 δόγμα
3174 3424 3334 3478 τοῦτο
3378 3425 3595 3494 εἰσενή-

2011 3534 2219 3581 νεκται,
2265 3515 2380 3569 ἀλλ’
2424 3514 2535 3568 ἀπὸ
2562 3514 2664 3585 τῆς
2701 3513 2996 3586 ῥᾳθυμίας,
3033 3514 3127 3567 καὶ
3155 3512 3467 3584 ὀλιγωρίας,
3503 3514 3598 3565 και
3692 3563 3698 3576 ,

2010 3605 2105 3659 τοῦ
2139 3603 2274 3677 πρὸς
2326 3604 2526 3667 αὐτοὺς
2558 3603 2686 3666 τοὺς
2721 3602 2861 3673 ὑπὲρ
2890 3602 2988 3672 τῆς
3020 3601 3223 3673 ἀρετῆς
3268 3600 3594 3653 ἐκλελύσθαι

2012 3695 2228 3758 πόνους.
2261 3694 2324 3747 Εἰ
2347 3692 2558 3762 γένεσίς
2596 3693 2736 3758 ἐστι,
2771 3689 2952 3760 κρίσις
2972 3691 3074 3743 οὐκ
3095 3689 3243 3742 ἔστιν
3268 3705 3280 3718 ⁸
3305 3691 3354 3743 εί
3384 3689 3596 3756 γένεσί,

2011 3783 2149 3845 ἐστι,
2183 3780 2364 3844 πίστις
2407 3782 2508 3834 οὐκ
2563 3779 2745 3833 ἔστιν·
2791 3780 2842 3831 εἰ
2886 3777 3101 3846 γένεσίς
3133 3777 3273 3839 ἐστι,
3319 3777 3456 3841 Θεὸς
3496 3777 3598 3829 οὐκ

2012 3868 2192 3923 ἔστιν’
2233 3869 2281 3921 εἰ
2309 3867 2523 3937 γένεσίς
2553 3869 2721 3931 ἐστιν,
2758 3867 2861 3921 οὐκ
2888 3865 3036 3919 ἐστιν
3085 3865 3293 3938 ἀρετὴ,
3329 3865 3431 3919 οὐκ
3480 3864 3599 3918 ἔστι

2014 3958 2213 4013 κακία’
2249 3961 2300 4011 εἰ
2328 3957 2541 4027 γένεσίς
2580 3958 2728 4019 ἐστι’,
2759 3956 2941 4009 πάντα
2992 3955 3194 4026 μάτην,
3235 3955 3416 4009 πάντα
3472 3958 3596 4026 είκῇ

2013 4049 2106 4101 καὶ
2137 4046 2420 4118 ποιοῦμεν,
2448 4047 2542 4100 καὶ
2573 4046 2879 4116 πάσχομεν·
2916 4046 3015 4098 οὐκ
3043 4046 3187 4098 ἐστιν
3217 4045 3459 4111 ἔπαινος,
3493 4047 3594 4100 οὐκ

2013 4137 2129 4190 ἔστι
2162 4136 2352 4206 ψόγος,
2386 4135 2486 4189 οὐκ
2513 4134 2662 4188 ἐστιν
2683 4133 2866 4198 αἰδὼς,
2901 4135 3002 4189 οὐκ
3028 4134 3174 4188 ἔστιν
3205 4135 3460 4206 αἰσχύνη,
3490 4135 3596 4189 οὐκ

2013 4226 2120 4280 εἰσὶ
2152 4225 2329 4295 νόμοι,
2354 4226 2470 4278 οὐκ
2517 4225 2626 4278 εἰσὶ
2657 4224 3009 4296 δικαστήρια.
3065 4224 3236 4279 Πόθεν
3268 4222 3362 4278 οὖν
3395 4228 3423 4278 ὁ
3449 4224 3598 4278 δεῖνα

2015 4314 2256 4374 πλουτεῖ,
2290 4311 2424 4383 φησί
2449 4350 2463 4373 ,
2496 4311 2658 4365 πόθεν
2687 4312 2871 4383 ἕτερος
2905 4313 3165 4379 πένεται;
3202 4311 3452 4366 Μάλιστα
3497 4312 3598 4383 μὲν

2015 4403 2064 4454 εί
2097 4401 2192 4455 καὶ
2233 4402 2359 4464 τοὺς
2392 4399 2586 4468 λόγους
2615 4397 2944 4470 ἀγνοοῦμεν,
3007 4398 3112 4451 ἔδει
3147 4399 3333 4469 μένειν
3374 4400 3466 4452 ἐπὶ
3495 4399 3598 4468 τῆς

2015 4490 2258 4558 ἀγνοίας,
2278 4488 2414 4542 ἀλλά
2434 4489 2508 4560 μὴ
2528 4488 2616 4542 ἐτε
2625 4505 2716 4560 ρον
2726 4487 2903 4560 δόγμα
2921 4487 3154 4560 πονηρὸν
3173 4487 3596 4560 ἀναλαμϐάνειν.

2015 4578 2234 4631 Βέλτιον
2267 4576 2377 4648 γὰρ
2407 4577 2623 4642 ἀγνοεῖν
2641 4576 2842 4641 καλῶς,
2873 4577 2905 4648 ἡ
2934 4577 3132 4630 εἰδέναι
3165 4577 3350 4642 κακῶς
3372 4593 3385 4608 '
3416 4575 3476 4631 τὸ
3499 4575 3598 4647 μὲν

2013 4667 2124 4738 γὰρ
2151 4666 2249 4718 οὐκ
2271 4665 2386 4735 ἕχει
2413 4665 2771 4737 κατηγορίαν,
2792 4666 2853 4719 τὸ
2873 4666 2928 4718 δέ
2951 4666 3323 4738 ἀπεστέρηται
3355 4663 3597 4733 συγγνώ-

2017 4771 2142 4823 μης.
2171 4753 2315 4824 Πλὴν
2335 4753 2472 4808 ἀλλά
2492 4755 2586 4808 καὶ
2608 4754 2704 4808 νῦν
2731 4753 2887 4824 δῆλον
2910 4756 3040 4824 ἡμῖν
3056 4754 3244 4822 γέγονε
3269 4753 3356 4809 διά
3381 4755 3482 4826 τὴν
3501 4755 3596 4807 τοῦ

2012 4842 2148 4894 Θεοῦ
2171 4843 2351 4913 χάριν,
2375 4841 2539 4895 πόθεν
2559 4842 2588 4893 6
2622 4842 2720 4911 μὲν
2749 4841 2990 4904 πλουτεῖ,
3009 4845 3037 4895 6
3065 4842 3120 4895 δὲ
3151 4843 3401 4908 πένεται;
3426 4843 3459 4912 ἢ
3487 4843 3598 4915 γάρ

2017 4929 2266 5000 πατρῷον
2314 4928 2652 5001 παραλαϐὼν
2685 4929 2903 5008 κλῆρον,
2935 4930 2967 5000 ἢ
3005 4933 3244 5002 ἐμπορία
3276 4933 3369 4985 καὶ
3415 4949 3596 5002 καπη-

2012 5019 2131 5088 λεία
2160 5019 2532 5090 χρησάμενος,
2565 5019 2598 5091 ἢ
2638 5019 2706 5072 τά
2731 5014 2934 5092 ἐτέρων
2976 5022 3234 5092 ἀρπάσας
3273 5023 3368 5076 καὶ
3400 5023 3594 5092 βιασά-

2016 5125 2194 5177 μενος,
2242 5107 2275 5178 ἢ
2315 5107 2482 5179 γάμῳ
2529 5108 2877 5180 χρησάμενος
2909 5110 3148 5181 εὐπόρῳ-
3185 5111 3218 5182 ἦ
3251 5111 3516 5186 γεωργίᾳο
3563 5113 3594 5180 ἢ

2011 5193 2196 5266 τέχνῃ,
2242 5195 2274 5262 ἢ
2304 5195 2478 5266 ἑτέρῳ
2519 5195 2625 5249 τινί
2653 5195 2899 5267 τοιούτῳ.
2936 5199 3044 5252 Καὶ
3078 5200 3264 5253 πολλοὶ
3301 5199 3397 5254 τοῦ
3433 5202 3598 5255 πλου-

2010 5284 2124 5334 τεῖν
2147 5282 2362 5352 τρόποι,
2396 5284 2446 5336 οἰ
2478 5283 2576 5354 μὲν
2607 5285 2827 5352 δίκαιοι,
2859 5289 2908 5340 οἰ
2937 5287 2993 5341 δὲ
3020 5287 3216 5342 ἄδικοι.
3246 5287 3402 5342 Οὕτω
3420 5289 3482 5359 δὴ
3499 5284 3595 5343 καὶ

2009 5367 2105 5422 τοῦ
2135 5369 2429 5425 πένεσθαι·
2455 5371 2488 5444 ἢ
2519 5372 2626 5446 γὰρ
2661 5375 3042 5448 ἐπηρεασθείς,
3075 5376 3108 5445 ἢ
3140 5376 3590 5445 συκοφαντηθεὶς.

2011 5455 2043 5526 ἢ
2077 5457 2524 5532 πλεονεκτηθεὶς,
2563 5462 2596 5532 ἢ
2629 5462 2984 5532 καταφαγὼν,
3022 5463 3054 5532 ἢ
3087 5463 3256 5533 ἀργία
3307 5463 3507 5528 συζῶν,
3559 5467 3590 5535 ἦ

2010 5546 2184 5618 ἀνοίᾳ,
2213 5548 2246 5618 ἢ
2279 5550 2450 5622 ἑτέρῳ
2479 5553 2586 5606 τινὶ
2611 5554 2798 5624 τρόπῳ
2822 5571 2834 5584 ·
2862 5553 3045 5605 πολλοὶ
3074 5551 3184 5622 γὰρ
3210 5551 3304 5605 τοῦ
3335 5552 3590 5620 γενέσθαι

2011 5634 2218 5704 πένητα
2243 5638 2454 5707 τρόποι.
2489 5639 2594 5692 Καὶ
2620 5641 2765 5704 τίνος
2789 5643 2992 5702 ἕνεκεν,
3022 5643 3209 5711 φησιν,
3227 5644 3256 5696 6
3280 5641 3427 5696 δεῖνα
3455 5645 3595 5713 πόρ-

2012 5739 2110 5786 νας
2147 5724 2362 5795 τρέιρων
2403 5730 2498 5782 καὶ
2539 5731 2871 5798 παρασίτους
2906 5730 2996 5782 καὶ
3041 5729 3299 5793 κόλακας.
3353 5731 3590 5796 καὶτοῖς

3172 5858 3250 5913 23
