4092 6194
537 227 638 284 769

529 337 828 410 ἀλλοτρίοις
847 339 1170 412 ἐπηρεάζων
1194 339 1502 411 πράγμασι,
1521 339 1614 394 καὶ
1628 341 1719 394 τὸν
1741 342 1906 412 ὑγρὸν
1928 343 2115 396 τοῦτον

527 423 626 478 καὶ
649 421 1031 492 διαλελυμένον
1055 421 1169 492 βίον
1199 421 1330 485 ζῶν,
1361 423 1611 495 καθάπερ
1643 426 1707 476 ἐκ
1735 425 1928 494 πηγῶν
1957 427 2115 495 ἐπιρ-

528 507 720 576 ρέοντα
746 507 857 578 ἔχει
883 507 951 560 τὰ
980 508 1239 578 χρήματα
1259 523 1274 538 ’
1311 507 1538 579 Ἕτερος
1574 509 1846 580 ἐπιεικείᾳ
1881 509 1977 562 καὶ
2014 526 2116 561 σω-

529 589 770 662 φροσύνῃ
814 592 906 644 καὶ
937 590 1254 663 δικαιοσύνῃ
1287 591 1382 644 καὶ
1415 594 1535 656 ταῖς
1569 591 1755 656 ἄλλαις
1784 591 1958 656 συζῶν
1984 594 2112 663 ἀρε-

525 675 665 737 ταῖς,
695 675 816 726 οὐδὲ
843 673 942 743 τῆς
971 673 1274 742 ἀναγκαίας
1301 675 1526 745 εὐπορεί
1557 675 1800 746 τροφῆς
1834 677 1915 728 ὅτι
1946 677 1974 728 6
2011 675 2114 745 μέν

527 759 644 810 ἐστι
699 757 865 819 καλὸς
908 757 1005 810 καὶ
1046 758 1138 810 τὸν
1185 757 1445 812 ἐπίπονον
1486 758 1587 824 τῆς
1625 759 1830 829 ἀρετῆς
1875 759 2112 830 αἱρεῖται

528 837 663 910 βίον,
696 841 724 893 6
752 840 807 892 δὲ
840 839 1008 903 κακὸς
1034 841 1126 894 καὶ
1147 841 1246 911 τὴν
1275 842 1633 912 διαρῤἐουσαν
1669 842 1764 894 καὶ
1792 840 2113 912 διαλελυμέ-

524 941 622 996 νην
668 923 955 988 ἀνεδέξατο
987 925 1086 993 τῆς
1133 925 1333 987 κακίας
1363 924 1515 990 ὁδόν;
1550 923 1708 987 Τίνος
1741 921 1838 978 οὖν
1868 923 2055 978 ἕνεκεν
2085 925 2114 977 6

528 1009 626 1078 μὲν
659 1007 831 1070 κακὸς
865 1007 1123 1072 πλουτεῖ,
1157 1008 1378 1062 πένεται
1428 1008 1485 1062 δὲ
1515 1009 1544 1061 6
1589 1007 1823 1077 ἀγαθός;
1859 1009 1979 1063 Ἷνα
2019 1009 2116 1062 καὶ

523 1085 676 1155 οὗτος
711 1091 931 1162 μείζονα
963 1091 1103 1164 λάϐῃ
1131 1093 1220 1145 τὸν
1251 1093 1538 1161 στέφανον,
1570 1092 1636 1145 ἂν
1663 1091 1933 1162 ὑπομείνῃ
1955 1131 1972 1154 ,
2019 1093 2114 1144 καὶ

523 1177 622 1248 τὴν
664 1176 964 1248 καρτερίαν
990 1177 1212 1247 ἐνέγκῃ,
1247 1179 1499 1239 κάκεῖνος
1553 1177 1724 1247 μείζω
1751 1177 1852 1248 τὴν
1887 1175 2112 1230 κόλασιν

477 1309 484 1314 .
523 1263 617 1312 καὶ
649 1261 748 1330 τὴν
779 1259 1072 1330 τιμωρίαν,
1101 1259 1164 1312 ἂν
1203 1260 1276 1331 μὴ
1319 1261 1716 1331 μεταῦἀληται,
1751 1260 1844 1312 καὶ
1883 1259 2111 1330 γένηται

525 1343 767 1411 βελτίων,
810 1343 906 1394 καὶ
936 1343 1026 1394 τὸν
1071 1343 1348 1414 Δεσπότην
1390 1342 1596 1413 ἐπιγνῷ
1647 1343 1740 1395 τὸν
1789 1342 2006 1396 ἑαυτοῦ.
2044 1343 2112 1394 Αἱ

521 1428 633 1496 γάρ
657 1426 870 1489 ἀνέσεις
919 1427 974 1478 αἱ
1007 1427 1158 1497 παρὰ
1197 1425 1292 1478 τοῦ
1339 1425 1476 1479 Θεοῦ
1511 1425 1806 1496 διδόμεναι,
1849 1426 2112 1495 μένοντας

521 1510 726 1573 κακοὺς
763 1511 962 1581 μᾶλλον
1005 1509 1264 1582 βαροῦσι·
1300 1511 1394 1562 καὶ
1435 1511 1468 1581 ἡ
1504 1509 1735 1578 ἀφθονία
1770 1510 1804 1579 ἡ
1850 1509 1980 1580 παρ’
2014 1510 2110 1560 αύ-

520 1593 614 1647 τοῦ
644 1597 756 1656 τοῖς
791 1593 864 1663 μὴ
895 1593 1200 1665 χρωμένοις
1243 1595 1322 1655 είς
1354 1594 1476 1646 δέον
1504 1594 1642 1662 αὐτῇ
1662 1633 1676 1656 ,
1709 1591 1994 1663 προσθήκη
2026 1591 2112 1659 γί-

521 1694 669 1730 νεται
704 1677 1064 1747 κατηγορίας.
1096 1676 1282 1739 Οῦτως
1315 1672 1408 1730 οὖν
1438 1679 1494 1731 αἱ
1539 1677 1748 1746 θλίψεις
1777 1675 1874 1729 καλ⁹
1905 1677 1959 1729 αί
1991 1693 2112 1728 στε-

519 1761 776 1832 νοχωρίαι
819 1759 1065 1828 ἀγαθῶν,
1107 1760 1394 1832 προσθήκη
1445 1762 1748 1830 στεφάνων,
1794 1762 1896 1814 κᾶν
1926 1776 2107 1830 παρα-

520 1845 748 1899 πέσωσι.
785 1845 942 1898 Ἔστι
989 1843 1188 1916 μετρία
1228 1843 1358 1912 γοῦν
1401 1861 1486 1907 τις
1535 1843 1832 1914 συγγνώμη
1860 1858 1874 1872 ⁸
1907 1843 1968 1895 ού
1997 1843 2107 1913 γὰρ

517 1929 706 1992 ἁπλῶς
729 1929 799 1982 τὰ
829 1930 1203 2000 ἁμαρτήματα
1235 1929 1502 2000 κρίνεται,
1529 1927 1645 1981 ἀλλ’
1670 1929 1872 1998 ἑτέρως
1903 1929 1930 1980 ό
1957 1924 2106 1998 [775]

519 2014 798 2078 πλούσιος,
829 2015 1032 2085 ἑτέρως
1063 2015 1091 2067 6
1120 2013 1318 2084 πένης·
1355 2013 1383 2064 6
1417 2012 1515 2084 μὲν
1565 2011 1704 2083 μετά
1740 2011 2105 2080 συγγνώμης,

519 2099 547 2151 6
584 2098 640 2150 δὲ
669 2099 838 2170 χωρὶς
873 2095 1224 2166 συγγνώμης.
1259 2093 1408 2158 Οῗον,
1445 2096 1586 2148 ἔστω
1613 2093 1854 2164 κλέπτης
1891 2095 1985 2147 καί
2021 2113 2110 2162 φι-

517 2181 740 2252 λότιμος
763 2221 777 2245 ,
808 2179 1062 2244 πλούσιος
1095 2181 1189 2234 καὶ
1235 2179 1425 2250 πένης,
1451 2179 1480 2230 6
1507 2178 1605 2250 μὲν
1648 2180 1698 2231 εί
1731 2179 1825 2231 καὶ
1870 2177 2106 2250 ψυχράν,

517 2265 632 2321 ἀλλ’
665 2267 814 2336 ὅμως
849 2263 962 2334 ἔχει
991 2265 1113 2318 τινὰ
1141 2264 1488 2334 καταφυγὴν,
1519 2263 1619 2334 τὴν
1650 2261 1760 2314 ἀπὸ
1787 2262 1886 2332 τῆς
1919 2263 2110 2326 πενίας

517 2349 787 2418 ἀνάγκην,
822 2351 850 2402 6
876 2347 933 2401 δὲ
969 2347 1089 2401 οὐδὲ
1124 2349 1252 2417 μίαν
1297 2346 1655 2413 εὐπρόσωπον
1683 2343 1715 2415 ἢ
1743 2343 1966 2413 εὔλογον
1997 2343 2111 2416 ἔχει

519 2432 840 2502 καταφυγήν
865 2447 877 2459 ·
911 2431 1054 2484 ὥστε
1083 2433 1206 2484 ὅσον
1231 2431 1548 2484 ἐλαττοῦται
1576 2433 1603 2484 ὁ
1635 2429 1804 2498 πένης
1846 2431 1989 2483 κατά
2015 2430 2106 2484 τὸν

517 2517 762 2588 παρόντα
812 2515 948 2586 βίον,
999 2515 1258 2570 τοσοῦτον
1291 2514 1608 2569 πλεονεκτεῖ
1663 2514 1804 2567 κατά
1835 2513 1929 2566 τὸν
1978 2512 2108 2584 μέλ·-

1207 227 1264 282 S.
1305 226 1590 283 JOANNIS
1626 225 2116 284 CHRYSOSTOMI
2155 227 2477 284 ABCIIIEP.
2515 226 3069 284 CONSTANTINOP.

3695 229 3802 284 7"!)

2215 344 2377 396 λοντα
2403 345 2460 394 ὲν
2495 341 2902 414 κατορθώμασι,
2957 342 3051 394 καὶ
3083 342 3110 393 ὁ
3158 339 3412 404 πλούσιος
3453 342 3511 393 ὲν
3547 342 3802 415 ἁμαρτή-

2220 451 2375 504 μασι.
2431 433 2520 506 Μὴ
2567 433 2744 487 τοίνυν
2798 433 3024 504 νομίσῃς
3063 431 3380 502 ,ἀδικεῖσθαι
3431 433 3523 486 16v
3567 433 3796 504 πένητα,

2219 517 2353 588 μηδὲ
2379 516 2540 570 πλέον
2563 515 2705 587 ἔχειν
2733 515 2824 570 τὸν
2859 515 3135 568 πλούσιον.
3163 515 3429 584 Καθάπερ
3455 517 3550 569 καὶ
3577 515 3802 570 ἐπὶτῶν

2215 599 2421 664 κακῶν,
2473 601 2696 668 ὅσοιπερ
2745 599 2810 652 ἂν
2861 597 3093 652 ἐνταῦθα
3133 597 3264 650 δῶσι
3305 599 3482 667 δίκην,
3515 598 3548 670 ἢ
3583 598 3642 650 16
3691 603 3804 654 πᾶν

2215 683 2568 752 ἀπενίψαντο,
2605 682 2636 752 ἦ
2671 682 2930 735 ἐλάττονα
2959 681 3196 734 διδόασιν
3245 683 3362 734 ἐκεῖ
3401 682 3804 754 τιμωρίανηὼς

2215 763 2449 820 ἐνταῦθα
2499 765 2750 838 μεγάλων
2799 764 3180 818 κακοπαθειῶν
3225 763 3380 836 δίκην
3429 767 3802 828 ὑποστάντες·

2213 847 2356 902 οὕτω
2383 849 2476 901 καὶ
2508 850 2599 901 ἐπὶ
2627 849 2734 901 τῶν
2761 847 3000 916 ἀγαθῶν,
3033 849 3082 900 οἱ
3114 847 3212 917 μὲν
3239 849 3474 902 ἐνταῦθα
3498 850 3806 904 ἀπολαύονο

2211 949 2304 996 τες
2337 933 2522 1003 τιμῆς,
2559 933 2652 984 καὶ
2696 932 2947 1001 μένοντες
2979 931 3228 1001 πονηροὶ,
3277 931 3484 1000 ἐφόδιον
3527 934 3806 996 κολάσεως

2214 1015 2396 1086 ἔχουσι
2420 1017 2522 1087 τὴν
2547 1017 2734 1086 τιμήν.
2787 1015 2930 1084 Ὅρα
2953 1015 3004 1082 γ’
3031 1009 3126 1066 οὖν
3149 1015 3178 1065 6
3209 1013 3340 1077 Θεὸς
3372 1017 3488 1079 πῶς
3521 1018 3806 1086 πανταχοῦ

2211 1102 2325 1162 τοῖς
2345 1101 2534 1162 κακοῖς
2553 1098 2656 1162 τὰς
2682 1097 2914 1151 ἐνταῦθα
2939 1097 3184 1161 ὀνειδίζει
3209 1101 3372 1168 τιμάς
3391 1117 3404 1130 ⁸
3441 1099 3680 1155 Ἔδωκά
3703 1119 3806 1154 σοι

2213 1182 2412 1236 πάντα
2441 1184 2516 1237 τὰ
2543 1182 2650 1236 τοῦ
2683 1183 2906 1250 Κυρίου
2925 1197 3041 1236 σου
3059 1199 3072 1213 ·
3108 1183 3200 1236 καὶ
3239 1185 3398 1236 πάλιν
3421 1187 3529 1247 τοῖς
3557 1185 3803 1255 ἱερεῦσιν

2211 1266 2308 1319 ἐπὶ
2329 1265 2427 1320 τοῦ
2470 1267 2588 1320 Ἠλὶ
2615 1267 2716 1336 τὴν
2741 1267 2908 1337 τιμήν
2928 1281 2941 1295 ·
2975 1267 3070 1319 καὶ
3101 1267 3360 1336 ἀλλαχοῦ,
3396 1267 3632 1322 Ἓδωκα
3659 1268 3804 1337 ὑμῖν

2210 1349 2280 1404 ἐκ
2305 1349 2422 1403 τῶν
2440 1351 2778 1404 νεανίσκων
2795 1349 2965 1419 ὑμῶν
2991 1352 3080 1416 εἰς
3100 1351 3430 1418 προφήτας,
3463 1352 3557 1404 καί
3588 1351 3658 1404 ἐκ
3683 1351 3804 1404 τῶν

2211 1431 2357 1488 υἱῶν
2382 1430 2550 1501 ὑμῶν
2581 1435 2668 1499 είς
2704 1432 3035 1502 ἁγιασμόν·
3080 1434 3174 1486 καὶ
3213 1436 3282 1487 τά
3323 1437 3416 1487 ἐπὶ
3455 1435 3555 1504 τῆς
3584 1433 3801 1505 ἐρήμου

2213 1515 2488 1586 πανταχοῦ
2539 1515 2916 1586 προστίθησιν.
2973 1517 3136 1569 Ὥστε
3179 1517 3304 1570 ὅταν
3339 1518 3454 1588 ἴδῃς
3483 1517 3589 1570 ’τὸν
3635 1521 3802 1570 πλου-

2215 1597 2414 1652 τοῦντα
2455 1597 2768 1662 ἀδικοῦντα,
2813 1599 3274 1663 πλεονεκτοῦντα,
3313 1601 3666 1672 ἁρπάζοντα,
3707 1601 3801 1654 διὰ

2214 1680 2375 1734 τοῦτο
2423 1681 2658 1750 μάλιστα
2703 1681 2864 1744 αὐτὴν
2896 1683 3172 1746 στέναξον,
3205 1684 3394 1754 ἐπειδὴ
3429 1685 3683 1746 πλούσιος
3719 1683 3798 1736 ῶν

2215 1763 2386 1817 ταῦτα
2431 1767 2607 1816 ποιεῖ’
2657 1765 2879 1834 μείζονα
2927 1767 3036 1837 γάρ
3075 1766 3256 1819 δίδωσι
3301 1767 3587 1836 τιμωρίαν.
3627 1768 3800 1820 Ὅταν

2217 1847 2331 1920 ἴδῃς
2381 1847 2592 1918 πένητα
2643 1847 2844 1918 πολλὴν
2886 1843 2979 1901 τοῦ
3031 1849 3240 1904 δικαίου
3292 1850 3612 1919 ποιούμενον
3657 1850 3799 1920 πρὸ·

2213 1947 2382 1994 νοιαν,
2410 1930 2500 1983 διά
2529 1929 2688 1984 τοῦτο
2725 1930 2962 2002 μάλιστα
3003 1933 3163 1986 αὑτὸν
3203 1933 3500 2004 θαύμασον,
3543 1935 3625 1986 ὅτι
3660 1933 3802 2003 μετὰ

2213 2011 2407 2076 πενίας
2444 2013 2686 2076 τοιοῦτός
2713 2015 2882 2067 ἐστιν.
2921 2016 3017 2068 ’Ἂν
3045 2017 3217 2070 ταῦτα
3305 2015 3452 2086 παρά
3479 2015 3562 2068 σοὶ
3586 2015 3802 2086 διηκρι-

2215 2096 2476 2166 ϐωμένα,
2517 2097 2774 2151 οὐδέποτε
2819 2099 2914 2152 ὲπὶ
2961 2101 3070 2163 τοῖς
3115 2101 3426 2170 γενομένοις
3479 2101 3801 2172 ταραχθησῃ

2216 2183 2560 2251 πράγμασιν,
2595 2181 2661 2234 ἂν
2689 2182 2827 2253 πρὸς
2859 2181 2927 2234 τά
2959 2182 3222 2252 μέλλοντα
3252 2183 3472 2256 βλέπῃς,
3519 2187 3586 2237 ἂν
3629 2183 3800 2253 μηδὲν

2216 2261 2354 2318 εἶναι
2384 2263 2614 2336 νομίσῃς
2637 2265 2708 2318 τὰ
2737 2265 3002 2336 παρόντα,
3031 2265 3096 2318 ἂν
3123 2269 3304 2320 ἐκεῖνα
3337 2269 3563 2338 ἐλπίσῃς
3587 2268 3695 2328 ἀεὶ,
3731 2266 3800 2319 ἄν

2217 2347 2422 2400 τούτων
2452 2347 2646 2400 σαυτὸν
2674 2349 3008 2421 ἀποστήσῃς.
3065 2349 3278 2402 Γένοιτο
3307 2349 3364 2403 δὲ
3407 2352 3618 2404 πάντων
3646 2351 3802 2420 ἡμᾶς

2211 2431 2321 2484 τῶν
2347 2431 2568 2501 ἀγαθῶν
2597 2432 2894 2504 ἐπιτυχεῖν,
2925 2432 3108 2504 χάριτι
3134 2433 3393 2504 Χριστοῦ.
3436 2435 3631 2505 Ἀμήν.

1635 2735 1896 2819 ΠΕΡΙ
1961 2733 2710 2822 ΕΙΜΛΡΜΕΝΗΣ.

1761 2879 1838 2933 ’Ἠ
1860 2877 2010 2934 κατὰ
2045 2881 2530 2952 γαστριμαργίας.

1169 3071 1361 3142 Λόγος
1392 3073 1466 3138 ς’.

571 3163 862 3232 Φάγωμεν
911 3167 1280 3238 καίπίωμεν,
1322 3169 1536 3239 αὔριον
1574 3172 1685 3242 τὰρ
1715 3174 2106 3244 ἀποθνήσκο-

509 3273 644 3328 μεν,
673 3256 766 3308 ἐπὶ
795 3253 906 3308 τῶν
937 3254 1234 3324 προφητῶν
1261 3249 1402 3326 ἦσαν
1439 3257 1619 3310 πολλοὶ
1647 3261 1797 3330 παρὰ
1831 3261 2105 3327 Ἰουδαίοις

514 3339 788 3406 λέγοντες.
832 3335 994 3390 Ἀλλά
1020 3335 1080 3389 τὸ
1115 3337 1214 3406 μὲν
1251 3337 1534 3404 Ἰουδαίους
1561 3340 1732 3394 ταῦτα
1767 3341 1964 3411 λέγειν,
1995 3339 2108 3398 Ὧν

515 3427 548 3476 ὁ
575 3422 710 3486 θεὸς
733 3423 771 3488 ἡ
793 3421 1012 3484 κοιλία,
1039 3420 1136 3474 καὶ
1158 3422 1195 3488 ἡ
1222 3419 1374 3485 δόξα
1394 3422 1465 3474 ἐν
1495 3423 1570 3491 τῇ
1593 3425 1857 3496 αἰσχύνῃ
1885 3427 2104 3494 αὐτῶν,

515 3505 828 3576 θαυμαστὸν
854 3503 1025 3557 οὐδέν·
1047 3503 1106 3556 τὸ
1140 3503 1196 3557 δὲ
1225 3503 1363 3574 μετά
1393 3504 1490 3575 τὴν
1521 3505 1703 3578 χάριν,
1735 3510 1831 3563 καὶ
1869 3511 1966 3584 τὴν
1995 3511 2105 3566 τῶν

514 3589 799 3662 παρόντων
845 3585 1150 3659 ὑπεροψίαν
1179 3588 1543 3658 πραγμάτων,
1577 3593 1670 3644 καὶ
1707 3591 1805 3663 τὴν
1837 3587 2106 3666 τοσαύτην

510 3672 826 3743 τελειότητα
871 3673 964 3725 καὶ
1012 3671 1322 3744 ἀκρίϐειαν,
1357 3668 1496 3726 εἷναί
1527 3691 1680 3739 τινας
1723 3676 1802 3730 ἔτι
1851 3679 1943 3731 καὶ
1986 3679 2102 3744 νῦν,

511 3759 561 3810 εί
592 3757 686 3810 καὶ
721 3755 794 3826 μή
843 3757 957 3818 τοῖς
995 3756 1204 3826 ῥήμασι
1253 3755 1533 3823 λέγοντας,
1577 3759 1666 3814 διὰ
1692 3760 1750 3813 δὲ
1784 3759 1892 3814 τῶν
1927 3762 2105 3834 ἔργων

509 3841 571 3894 16
618 3841 750 3895 αὐτὸ
793 3839 968 3894 τοῦτο*
996 3839 1252 3910 βοῶντας,
1307 3842 1481 3912 πόσης
1526 3842 1594 3898 ἀν
1641 3845 1728 3914 εἴη
1773 3849 2108 3919 κατηγορίας

510 3925 694 3992 ἄξιονς
741 3924 852 3978 Καὶ
891 3923 1000 3993 γάρ
1031 3925 1191 3988 είσιν,
1224 3927 1363 3978 εἰσιν
1393 3925 1584 3990 ὅντως,
1614 3929 1663 3980 οἱ
1701 3929 1790 3982 διὰ
1829 3931 1987 3984 τοῦτο
2017 3949 2106 3985 νο-

515 4007 764 4078 μίζοντες
805 4009 884 4071 είς
923 4007 1074 4060 τόνδε
1123 4009 1402 4078 παρῆχθαι
1439 4011 1530 4064 τὸν
1565 4011 1708 4082 βίον,
1763 4013 1850 4066 ἵνα
1897 4019 2106 4086 τρυφή-

512 4111 724 4157 σαντες,
757 4094 851 4146 καὶ
875 4092 974 4163 τὴν
1007 4093 1250 4162 γαστέρα
1279 4094 1694 4166 διαρρήξαντες,
1728 4098 1822 4149 καὶ
1855 4099 1918 4150 τὸ
1945 4099 2106 4170 σῶμα

509 4177 826 4242 πιάναντες,
867 4177 1039 4240 οὕτως
1081 4177 1379 4244 ἀπέλθωσι,
1412 4179 1805 4252 δαψιλεστέραν
1843 4183 1922 4253 τῷ
1967 4183 2107 4236 σκώ-

510 4259 638 4328 ληκι
668 4261 1183 4332 παρασκευάζοντες
1217 4260 1498 4332 τράπεζαν
1525 4263 1622 4334 τὴν
1649 4263 1710 4328 ἐξ
1733 4265 1950 4320 οἰκείων
1973 4284 2105 4338 σαρ-

510 4344 646 4396 κῶν.
683 4345 794 4396 Kal
824 4345 936 4396 είθε
973 4343 1130 4397 τοῦτο
1171 4346 1332 4415 μόνον
1364 4343 1432 4417 ἦν
1463 4348 1523 4400 16
1561 4347 1752 4413 δεινὸν,
1793 4351 1875 4403 ὅτι
1925 4352 2102 4423 μάτην

509 4427 606 4486 καὶ
652 4427 776 4497 εἰκῇ
813 4427 909 4478 καὶ
953 4429 1032 4490 εἰς
1059 4428 1212 4481 οὐδὲν
1241 4429 1360 4481 δέον
1384 4430 1452 4483 τὰ
1481 4432 1728 4502 παρόντα
1766 4433 2060 4504 ἀνήλισκον
2091 4452 2101 4464 ·

510 4510 690 4563 καίτοι
725 4510 1006 4564 καὶτοῦτο
1049 4512 1218 4581 χωρίς
1253 4513 1614 4583 ἐγκλημάτων
1647 4515 1746 4568 οὐκ
1781 4516 1948 4578 ἔστιν,
1984 4518 2105 4572 οὐδὲ

512 4595 869 4666 κατηγορίας.
927 4595 1096 4649 Ὅταν
1139 4597 1246 4666 γάρ
1293 4598 1363 4651 τὰ
1417 4599 1555 4668 πρὸς
1605 4599 1812 4671 τροφὴν
1851 4601 2104 4673 σώματος

511 4679 664 4752 παρὰ
694 4680 788 4733 τοῦ
823 4679 958 4732 Θεοῦ
999 4681 1221 4735 δοθέντα
1265 4683 1396 4752 ἡμῖν
1421 4684 1702 4752 χρήματα,
1743 4686 1836 4738 καὶ
1869 4687 1948 4749 εἰς
1991 4689 2106 4740 ἐπι-

510 4764 740 4834 κουρίαν
777 4764 886 4818 τῶν
913 4764 1207 4834 δεομένων,
1245 4767 1325 4828 είς
1354 4765 1652 4818 ἀκολασίαν
1686 4768 1780 4820 καὶ
1823 4768 1980 4839 ὓϐριν
2010 4771 2103 4823 καὶ

511 4847 666 4919 [7741
712 4848 810 4921 τὴν
857 4849 1096 4920 ἐσχάτην
1152 4849 1424 4921 ρᾳθυμίαν
1471 4851 1966 4923 καταναλώσωμεν,
2002 4856 2102 4909 οὐκ

510 4932 801 4996 ἀνεύθυνος
831 4935 964 5004 ἡμῖν
994 4933 1149 4987 ἔσται
1177 4935 1209 5006 ἡ
1252 4935 1488 5006 κακίστη
1521 4935 1662 5008 αῦτη
1700 4935 1932 5008 δαπάνη,
1965 4938 2103 4992 ἀλλὰ

509 5016 730 5080 πάντως
759 5015 1007 5087 δώσομεν
1046 5017 1226 5086 λόγον,
1270 5019 1367 5073 καὶ
1401 5021 1461 5074 16
1500 5021 1769 5088 περὶτῶν
1815 5023 1972 5076 πέντε
2002 5042 2100 5076 τα-

507 5098 739 5164 λάντων,
777 5100 874 5153 καὶ
903 5100 1016 5164 δύο,
1059 5103 1155 5155 κοιλ⁵
1199 5102 1318 5165 ἑνὸς
1361 5105 1672 5179 εἰρημένον,
1715 5107 1809 5160 καὶ
1839 5107 1931 5158 ἐπὶ
1961 5125 2100 5179 χρη-

511 5183 720 5255 μάτων,
753 5183 979 5238 καὶτῶν
1009 5183 1185 5239 ἄλλων
1223 5175 1480 5240 ἁπάντων
1511 5189 1660 5242 ἐστὶν
1687 5191 1881 5243 εἰπεῖν.
1918 5175 2099 5262 ’Ὅπερ

507 5263 604 5323 οὖν’
628 5269 835 5338 ἔλεγον,
867 5267 947 5322 ὅτι
985 5267 1220 5340 μάλιστα
1259 5271 1378 5342 μὲν,
1413 5271 1461 5323 εί
1493 5273 1586 5324 καὶ
1623 5275 1743 5344 εἰκῇ
1789 5273 1882 5326 καὶ
1921 5274 2098 5346 μάτην

509 5353 989 5423 παραγεγόναμεν,
1043 5354 1164 5407 οὐδὲ
1214 5355 1387 5416 οὕτως
1437 5354 1730 5419 ἀνεύθυνος
1774 5359 1906 5428 ἡμῖν
1956 5354 2022 5430 ἦν
2064 5361 2096 5430 ή

505 5435 728 5506 τοιαύτη
757 5436 986 5506 πρᾶξις·
1022 5437 1118 5491 νῦν
1154 5437 1210 5490 δὲ
1241 5439 1410 5511 χωρὶς
1442 5437 1632 5490 τούτου
1664 5439 1758 5490 καὶ
1787 5441 1948 5511 ἑτέρα
1978 5441 2090 5493 κεί-

508 5535 658 5572 σεται
681 5519 826 5590 δίκη.
857 5521 960 5573 Τὸν
989 5523 1098 5592 γὰρ
1131 5526 1308 5593 τρυφῇ
1349 5521 1616 5585 συζῶντα.
1659 5523 1751 5574 καὶ
1787 5523 2098 5592 μελετῶντα

508 5601 698 5673 μέθην,
727 5604 821 5656 καὶ
856 5593 1192 5674 παρασίτους
1221 5607 1486 5676 τρέφοντα
1516 5605 1608 5657 καὶ
1637 5604 1896 5668 κόλακας,
1924 5623 2091 5677 κρεω-

505 5685 678 5754 φαγία
719 5703 777 5738 τε
829 5687 920 5738 καὶ
955 5690 1234 5760 οἰνοποσίᾳ
1264 5687 1768 5758 διαρρηγνύμενον,
1823 5689 2084 5752 πολλάκις

931 5803 960 5826 ,Δ

2211 3084 2308 3138 καὶ
2365 3083 2564 3138 ἄκοντα
2613 3083 2707 3138 καὶ
2753 3081 2949 3136 ἑκόντα
3009 3077 3224 3149 ἀνάγκη
3271 3079 3606 3150 ἁμαρτάνειν
3632 3119 3650 3146 ,
3699 3084 3798 3136 καὶ

2209 3167 2365 3239 παρά
2387 3167 2476 3220 τὸν
2504 3167 2596 3221 τοῦ
2625 3167 2890 3239 παρόντος
2919 3164 3082 3217 τόπου
3116 3162 3306 3234 καιρὸν
3329 3173 3377 3227 ι,
3405 3166 3500 3216 καὶ
3527 3167 3666 3234 μετά
3693 3167 3798 3235 τὴν

2209 3251 2420 3324 ἐκεῖθεν
2451 3251 2816 3322 ἀναχώρησιν.
2849 3249 3116 3320 Καθάπερ
3143 3246 3252 3317 γάρ
3273 3247 3456 3300 πλοῖον
3483 3251 3668 3318 μεῖζον
3693 3251 3796 3316 τῆς

2208 3337 2414 3399 οἰκείας
2443 3335 2786 3407 συμμετρίας
2829 3334 2894 3386 16
2937 3333 3138 3404 πλῆθος
3163 3333 3271 3385 τῶν
3305 3333 3606 3403 ἀγωγίμων
3637 3335 3798 3400 δεξαο

2212 3437 2392 3490 μενον,
2429 3419 2508 3490 τῷ
2545 3419 2768 3490 μεγέθει
2795 3415 2888 3472 τοῦ
2917 3419 3114 3487 φόρτου
3162 3416 3527 3487 βαρυνόμενον
3557 3417 3797 3490 ὑποϐρύ-

2209 3520 2324 3572 χιον
2371 3503 2602 3570 γίνεται,
2653 3501 2797 3555 οὕτω
2831 3501 2924 3554 καὶ
2963 3503 2994 3572 ὴ
3043 3501 3212 3573 ψυχὴ,
3253 3501 3350 3555 καὶ
3397 3501 3494 3554 τοῦ
3541 3501 3796 3571 σώματος

2207 3585 2365 3657 ἡμῶν
2401 3589 2434 3654 ἠ
2481 3586 2664 3657 φύσις;
2699 3587 2922 3640 πλείονα
2961 3589 3062 3658 τῆς
3092 3586 3299 3650 οἰκείας
3327 3585 3603 3656 δυνάμεως
3633 3587 3796 3651 δεξα-

2211 3671 2346 3744 μένη
2397 3672 2466 3726 τά
2519 3673 2684 3736 σιτία,
2735 3671 3072 3742 ὑπέραντλος
3107 3673 3350 3740 γίνεται,
3387 3673 3476 3724 καὶ
3519 3671 3578 3723 τὸ
3619 3671 3796 3742 βάρος

2207 3755 2268 3809 οὐ
2299 3757 2566 3824 στέγουσα
2593 3755 2700 3809 τῶν
2728 3755 3149 3826 ἐπιϐληθέντων,
3182 3755 3264 3818 εἰς
3291 3756 3354 3807 τὸ
3383 3756 3480 3824 τῆς
3510 3755 3794 3816 ἀπωλείας

2207 3840 2659 3905 καταποντίςεται
2703 3839 2960 3908 πέλαγος,
3005 3839 3099 3892 καὶ
3147 3839 3509 3909 κυϐερνήτην,
3543 3841 3637 3892 καὶ
3661 3841 3796 3894 ναύ-

2206 3941 2306 3988 τας
2331 3926 2424 3977 καὶ
2449 3924 2676 3996 πρωρέα
2707 3925 2801 3977 καὶ
2829 3922 3114 3988 ἐπιϐάτας,
3153 3923 3246 3975 καὶ
3276 3924 3439 3975 αὑτὸν
3467 3924 3556 3976 τὸν
3592 3926 3794 3995 φόρτον

2211 4008 2348 4078 μετά
2391 4007 2608 4060 πάντων
2652 4007 3076 4078 προσαπολλύει.
3123 4007 3390 4078 Καθάπερ
3417 4004 3511 4060 οὖν
3551 4009 3644 4061 ἐπὶ
3681 4009 3795 4060 τῶν

2207 4090 2350 4145 οὔτω
2378 4092 2738 4162 διακειμένων
2765 4091 2984 4156 πλοίων,
3017 4092 3078 4144 ού
3121 4091 3328 4161 γαλήνη
3361 4091 3656 4160 θαλάσσης,
3691 4094 3796 4146 οὐκ

2207 4177 2484 4248 ἐπιστήμη
2516 4176 2876 4247 κυϐερνήτου,
2912 4176 2972 4228 οὐ
3007 4176 3221 4229 ναυτῶν
3263 4176 3488 4246 πλῆθος,
3532 4178 3592 4230 o6
3625 4194 3796 4230 κατα-

2209 4260 2410 4328 σκευῆς
2457 4261 2832 4332 ἐπιτηδειότης
2853 4299 2866 4320 ,
2915 4261 3012 4330 οὐχ
3041 4259 3160 4330 ῶρα
3193 4259 3342 4324 έτους
3375 4259 3653 4332 εὔκαιρος,
3689 4263 3796 4314 οὐκ

2207 4343 2336 4396 ἄλλο
2388 4343 2540 4399 οὐδὲν
2589 4346 2687 4414 τὴν
2735 4345 2876 4398 οὕτω
2925 4344 3330 4414 χειμαζομένην
3366 4346 3570 4417 ὀνίνησι
3617 4347 3790 4399 ναῦν·

2203 4426 2348 4480 οὕτω
2381 4427 2444 4496 δὴ
2489 4429 2583 4480 καὶ
2615 4429 2706 4482 ἐπί
2735 4428 2843 4480 τῶν
2869 4428 3202 4498 τρυφώντων
3247 4428 3456 4496 γίνεται
3479 4447 3494 4460 θ
3548 4431 3612 4483 οὺ
3639 4437 3796 4498 λογι-

2207 4509 2359 4578 σμῶν
2391 4509 2614 4580 πλῆθος,
2645 4511 2706 4562 οὐ
2731 4511 3050 4564 διδασκαλία
3085 4512 3178 4565 καὶ
3207 4513 3548 4582 παραίνεσις,
3573 4515 3637 4566 οὐ
3665 4533 3794 4567 νου-

2205 4592 2382 4646 θεσίαι
2410 4595 2501 4647 καὶ
2530 4595 2875 4664 συμϐουλίαι,
2908 4597 3010 4648 οὐκ
3043 4595 3167 4650 ἄλλο
3191 4597 3356 4660 οὐδὲν,
3391 4600 3448 4650 οὐ
3485 4600 3651 4669 φόρος
3681 4601 3796 4652 τῶν

2207 4676 2532 4748 μελλόντων,
2570 4679 2668 4730 οὐκ
2701 4678 2883 4744 αἰδὼς,
2915 4680 2976 4731 ού
3015 4683 3316 4751 κατηγορία
3347 4681 3454 4734 τῶν
3485 4685 3792 4753 παρόντων,

2203 4761 2302 4814 οὐκ
2335 4759 2464 4814 ἄλλο
2510 4761 2661 4814 οὐδὲν
2693 4762 2954 4815 διασῶσαι
2984 4762 3204 4815 δύναται
3239 4765 3335 4834 τὴν
3362 4763 3502 4818 οὕτω
3526 4769 3794 4836 χειμαζο-

2206 4844 2375 4914 μένην
2403 4845 2611 4915 ψυχήν·
2646 4845 2762 4912 ἀλλ’
2783 4848 3070 4916 ἐπικρατεῖ
3097 4848 3312 4902 πάντων
3347 4849 3380 4920 ἡ
3407 4851 3666 4920 ἀμετρία,
3697 4855 3792 4906 καὶ

2202 4925 2404 4980 ἄκοντα
2430 4927 2524 4980 καὶ
2555 4927 2748 4981 ἑκόντα
2778 4927 2963 4982 λοιπὸν
2991 4931 3318 5001 ὑποϐρύχιον
3351 4932 3439 4986 τὸν
3466 4935 3534 4984 τὰ
3561 4935 3795 4990 τοιαῦτα

2203 5009 2462 5064 νοσοῦντα
2513 5011 2937 5082 καταφέρουσα,
2986 5015 3079 5066 καὶ
3129 5015 3386 5082 ναυάγιον
3421 5017 3790 5090 ,ἐργαζομένη

2201 5091 2457 5162 χαλεπὸν,
2489 5094 2609 5146 ὅθεν
2639 5095 2760 5148 οὐδὲ
2789 5098 3103 5165 ἀνενεγκεῖν
3133 5098 3332 5170 ῥᾴδιον.
3369 5101 3478 5152 Καὶ
3507 5101 3630 5155 οὐδὲ
3651 5104 3794 5174 πρὸς

2199 5175 2267 5228 τὰ
2296 5175 2558 5246 μέλλοντα
2585 5177 2680 5230 καὶ
2710 5181 2806 5241 τὰς
2833 5179 3063 5244 εὐθύνας
3084 5182 3182 5243 τὰς
3207 5185 3338 5245 ἐκεῖ,
3367 5183 3502 5236 ἀλλὰ
3533 5186 3630 5238 καὶ
3651 5188 3794 5256 προς

2200 5259 2300 5331 τὴν
2323 5259 2606 5331 παροῦσαν
2639 5263 2784 5334 ζωὴν
2813 5265 2840 5316 ὁ
2865 5264 3106 5328 τοιοῦτος
3133 5265 3406 5338 ἄχρηστος
3434 5269 3663 5337 γίνεται.
3693 5274 3792 5325 καὶ

2201 5343 2336 5413 πρὸς
2364 5345 2515 5398 οὐδὲν
2545 5347 2863 5417 ἐπιτήδειος,
2891 5349 3026 5403 ἀλλά
3053 5353 3326 5422 πανταχοῦ
3357 5355 3787 5422 καταγέλαστος,

2199 5426 2255 5479 ἒν
2289 5445 2347 5480 τε
2389 5429 2716 5498 πολιτικοῖς,
2769 5433 2824 5484 έν
2867 5451 2927 5486 τε
2963 5434 3250 5499 ἰδιωτικοῖς
3299 5437 3624 5508 πράγμασι·
3681 5441 3790 5494 κᾶν

2197 5511 2306 5564 δέοι
2353 5531 2404 5566 τι
2452 5515 2760 5584 πραχθῆναι
2809 5517 2918 5569 τῶν
2962 5517 3418 5587 κατεπειγόντων,
3461 5523 3616 5576 οὐδὲν
3649 5541 3786 5593 προ-

2197 5597 2465 5667 νοητικὸν,
2492 5598 2645 5651 οὐδὲν
2671 5600 3015 5670 οἰκονομικὸν
3045 5603 3184 5673 ἔχων
3211 5604 3590 5676 εὑρεθήσεται,
3617 5609 3788 5662 πᾶσιν

2257 5701 2280 5728 ⁸
2306 5699 2439 5752 Colb.
2464 5701 2544 5749 καὶ
2577 5704 2704 5763 παξὰ
2726 5705 2806 5752 τίν
2825 5703 2912 5754 τοῦ
2933 5707 3083 5755 πότου
3107 5709 3290 5769 καιρόν.
