4092 6194
378 232 481 287 7G9

379 349 761 399 nocumentum
790 344 963 407 affert.
987 344 1076 415 qui
1105 341 1343 413 frigidam
1373 341 1511 397 hanc
1533 352 1587 395 et
1616 322 1846 395 solutam
1874 341 1973 394 du-

379 440 453 494 cit
480 437 642 492 vitam
664 478 679 501 ,
720 436 933 491 divitias
983 435 1145 489 habet
1182 450 1281 489 ceu
1308 450 1374 489 ex
1401 434 1635 489 fontibus
1658 434 1974 499 afﬂuentes;

380 531 520 583 alius
566 538 745 582 autem
798 529 1134 597 :equitatem,
1185 528 1629 595 temperantiam,
1681 528 1973 596 justitiam,

379 629 715 684 ca'tcrasque
752 620 933 673 colens
956 620 1214 685 virtutes,
1262 636 1329 674 ne
1356 620 1570 689 quidem
1618 620 1974 675 necessarium

379 716 575 769 victum
596 712 794 767 habet?
811 713 951 781 quod
972 712 1057 766 hic
1072 713 1242 767 bonus
1262 714 1328 766 sil
1348 725 1404 766 et
1430 713 1745 767 laboriosam
1765 712 1902 766 virtu
1932 714 1976 767 is

375 806 604 877 elegerit
630 805 769 857 viain
799 844 811 866 ,
845 804 929 858 hic
956 816 1135 858 autem
1172 805 1481 872 improbus,
1533 818 1596 857 ac
1643 804 1972 857 difﬂuentem

374 898 805 964 dissolutamque
859 896 1109 966 nequitiae
1152 897 1291 949 viain
1337 896 1631 965 susceperit
1659 896 1682 948 ?
1706 896 1816 950 Cur
1844 913 1971 963 ergo

376 988 655 1057 improbus
679 987 769 1041 ille
790 987 1023 1051 ditescit,
1046 986 1134 1042 hic
1160 1002 1289 1041 vero
1314 987 1513 1056 probus
1540 1001 1740 1055 pauper
1762 988 1881 1040 est?
1904 986 1975 1041 Ut

375 1088 431 1133 et
457 1080 543 1132 hic
570 1079 829 1147 majorem
857 1078 1082 1159 accipiat
1102 1092 1355 1132 coronam
1380 1120 1397 1144 ,
1425 1078 1469 1132 si
1501 1078 1601 1132 ista
1627 1079 1859 1147 perferat
1877 1118 1892 1141 ,
1918 1086 1974 1133 et

373 1176 631 1245 patientia
664 1174 875 1235 utatur;
932 1174 1021 1227 ille
1060 1188 1188 1227 vero
1234 1173 1408 1241 majus
1456 1173 1772 1242 supplicium
1813 1183 1972 1241 atque

372 1279 620 1335 poenam,
651 1264 750 1317 nisi
784 1265 944 1317 vitam
971 1263 1290 1328 mutaverit,
1312 1262 1412 1317 nisi
1442 1264 1631 1317 melior
1658 1262 1836 1325 fuerit,
1870 1264 1970 1317 nisi

376 1358 662 1410 Dominum
707 1370 862 1409 suum
903 1355 1196 1425 agnoverit.
1255 1353 1447 1408 Dilatio
1477 1354 1619 1409 enim
1658 1370 1687 1407 a
1722 1355 1829 1408 Deo
1848 1354 1969 1407 data

375 1450 586 1519 eosqui
615 1448 668 1501 in
703 1448 935 1517 nequitia
983 1456 1234 1512 manent,
1281 1447 1449 1515 magis
1482 1445 1763 1516 deprimit,
1812 1455 1971 1513 atque

358 1557 552 1596 rerum
596 1540 746 1611 copia
769 1582 782 1603 ,
818 1539 880 1593 iis
907 1540 1028 1593 data
1053 1580 1067 1603 ,
1099 1539 1186 1607 qui
1220 1538 1305 1591 illa
1340 1548 1396 1591 ut
1426 1554 1520 1607 par
1564 1548 1648 1591 est
1676 1553 1778 1590 non
1811 1548 1967 1590 utun-

367 1641 486 1701 tur,
507 1632 744 1685 accessio
763 1630 931 1699 culpa:
962 1628 1211 1683 efficitur.
1244 1630 1333 1683 Sic
1362 1637 1415 1682 et
1441 1644 1692 1681 :erumna:
1718 1636 1772 1681 et
1797 1642 1967 1696 angu-

369 1734 489 1777 stia:
518 1723 803 1792 proborum
835 1732 958 1774 sunt
983 1735 1305 1774 coronarum
1335 1718 1574 1773 accessio
1593 1760 1609 1785 ,
1638 1718 1845 1773 etiamsi
1878 1717 1967 1771 in-

372 1814 585 1868 terdum
628 1813 894 1867 labantur.
945 1811 1227 1865 Mediocris
1278 1810 1438 1879 igitur
1488 1820 1571 1865 est
1613 1809 1805 1866 venia:
1857 1826 1963 1865 non

366 1906 515 1959 enim
561 1905 875 1973 simpliciter
913 1914 1131 1973 peccata
1175 1902 1517 1971 judicantur,
1549 1902 1644 1957 sed
1670 1901 1776 1955 alio
1803 1901 1963 1955 modo

363 1997 554 2065 dives,
600 1999 707 2053 alio
752 2013 950 2068 pauper
982 2013 994 2048 :
1025 1996 1111 2050 hic
1138 2011 1260 2050 cum
1287 1998 1470 2061 venia,
1501 1995 1590 2049 ille
1642 1994 1760 2049 sine
1790 1994 1961 2049 venia.

378 2088 620 2157 Exempli
642 2104 827 2153 causa,
847 2090 914 2142 sit
943 2088 1026 2141 fur
1051 2096 1107 2142 et
1131 2087 1440 2141 ambitiosus
1458 2128 1473 2150 ,
1508 2096 1617 2140 tum
1646 2087 1794 2140 dives
1813 2126 1828 2151 ,
1855 2096 1963 2139 tum

362 2194 568 2250 pauper
597 2198 609 2233 :
645 2179 733 2234 hic
754 2180 996 2249 quamvis
1025 2178 1270 2249 frigidum
1297 2219 1312 2244 ,
1342 2178 1501 2232 habet
1531 2187 1708 2231 tamen
1746 2176 1960 2246 aliquod

368 2271 664 2340 perfugium
693 2271 1022 2340 paupertatis
1039 2273 1448 2332 necessitatem;
1482 2269 1571 2323 ille
1599 2284 1728 2323 vero
1758 2268 1959 2322 nullum

368 2364 529 2417 habet
550 2362 823 2433 probabile
852 2362 1147 2432 perfugiunt
1170 2381 1183 2417 :
1215 2363 1393 2431 itaque
1414 2369 1612 2431 quanto
1635 2361 1855 2415 inferior
1877 2370 1961 2414 est

361 2452 644 2523 paupernt
678 2456 926 2523 przesenti
949 2455 1054 2507 vita
1075 2494 1090 2517 ,
1125 2463 1272 2507 tanto
1297 2453 1543 2521 snperior
1570 2461 1653 2506 est
1679 2453 1731 2505 in
1780 2450 1955 2505 futura

365 2545 537 2615 quoad
588 2546 729 2600 bona
774 2542 973 2614 opcta',
1019 2545 1169 2599 dives
1197 2558 1325 2598 vero
1351 2552 1607 2613 quantum
1637 2541 1704 2597 ad
1734 2540 1949 2596 delicta.

1488 223 1575 277 DE
1618 222 1796 277 FATO
1828 224 1912 279 ET
1952 224 2431 281 l’llOYlDliNTlA.
2478 226 2563 281 Vl.

3573 227 3673 282 770

2088 341 2163 396 Ne
2190 341 2365 410 itaque
2396 351 2550 410 putes
2578 341 2657 394 νει
2686 340 2927 410 injuriam
2952 341 3055 409 pati
3082 355 3367 411 pauperem
3389 383 3404 406 ,
3434 341 3507 395 vel
3536 358 3669 412 μῖξις»

2090 444 2232 487 stare
2261 433 2501 487 divitem.
2534 432 2992 501 Quemadmodum
3044 434 3095 487 iu
3152 435 3339 497 malis,
3367 436 3455 505 qui
3488 451 3672 504 poenas

2085 527 2172 581 hic
2194 526 2532 596 persolvunt,
2553 528 2637 581 vel
2663 536 2828 579 totum
2856 527 3139 582 abluerunt
3156 570 3172 594 ,
3196 528 3277 581 vel
3306 529 3539 582 minores
3567 530 3673 585 illic

2064 624 2270 688 ‘pmnas
2298 620 2519 685 dabunt,
2552 630 2732 689 utpote
2758 620 2845 689 qui
2872 618 2956 672 hic.
2983 635 3202 688 magnas
3227 620 3558 675 calamitates
3578 639 3671 674 su-

2084 710 2403 765 stinuerint:
2433 710 2511 764 sie
2535 719 2590 764 et
2634 711 2684 763 in
2714 711 2865 764 bonis
2886 753 2898 775 ,
2927 710 3015 780 qui
3049 710 3134 765 hic
3165 710 3453 765 honoribus
3482 711 3671 766 fruun-

2080 813 2186 868 tur,
2216 814 2269 857 et
2298 805 2347 857 in
2376 804 2605 872 nequitia
2636 813 2996 872 perseverant,
3018 802 3273 857 honorem
3292 820 3389 858 ceu
3422 803 3670 858 viaticum

2079 895 2279 949 habent
2303 895 2369 948 ad
2396 895 2737 964 supplicium.
2764 894 2896 948 Vide
2924 895 3080 963 igitur
3103 894 3369 963 quomodo
3399 895 3538 950 Deus
3561 914 3670 949 tita-

2079 986 2145 1041 lis
2174 987 2306 1041 istos
2329 986 2561 1042 honores
2586 986 2875 1056 exprobret
2908 1003 2921 1039 :
2946 984 3099 1040 Dedit
3131 986 3238 1052 tibi,
3264 987 3452 1056 inquit,
3474 988 3667 1054 omnia,

2076 1095 2191 1147 qius
2216 1077 2425 1132 Domini
2466 1080 2539 1132 tui
2571 1079 2648 1147 (Et.
2681 1078 2810 1147 Reg.
2844 1079 2929 1133 1‘2.
2950 1078 3039 1148 8):
3068 1087 3122 1132 et
3148 1094 3353 1142 rursus,
3378 1080 3668 1133 sacerdoti-

2079 1170 2179 1224 bus
2204 1179 2445 1238 tempore
2492 1170 2609 1225 Heli
2640 1169 2897 1224 honorem
2926 1171 3004 1239 (l.
3034 1170 3159 1239 Reg.
3183 1170 3236 1222 2.
3269 1170 3363 1237 2:5)
3394 1180 3485 1225 :et
3505 1172 3667 1225 alibi:

2078 1262 2211 1316 Dedi
2236 1264 2372 1317 vobis
2401 1279 2463 1317 ex
2490 1262 2875 1316 adolescentulis
2901 1262 3079 1316 vestris
3101 1262 3153 1315 in
3191 1262 3464 1332 prop/telas
3491 1304 3505 1325 ,
3528 1273 3576 1315 et
3605 1280 3667 1316 ea:

2076 1355 2198 1423 ﬁliis
2238 1355 2413 1409 vestris
2455 1355 2507 1408 in
2556 1354 3008 1422 sancti/irationem
3039 1352 3212 1423 (Amos
3263 1353 3317 1406 2.
3343 1354 3432 1422 ιι)
3466 1371 3478 1407 :
3509 1363 3563 1406 et
3604 1358 3667 1408 ea

2073 1464 2192 1518 qua:
2225 1448 2275 1501 in
2314 1447 2598 1502 solitudine
2631 1446 2763 1501 facta
2791 1454 2933 1510 sunt,
2967 1446 3159 1516 ubique
3186 1449 3450 1516 proponit.
3486 1447 3667 1517 Itaque

2074 1540 2286 1608 quando
2317 1539 2513 1593 videris
2533 1538 2752 1592 divitem
2788 1536 3100 1606 injuriosum
3126 1579 3138 1601 ,
3172 1537 3512 1591 ambitiOsum
3535 1580 3548 1603 ,
3582 1556 3666 1591 ra.

2076 1640 2303 1699 ptorem,
2333 1630 2453 1684 ideo
2477 1630 2625 1683 illum
2656 1628 2887 1695 maxime
2912 1628 3160 1697 deplora,
3194 1628 3311 1697 quia
3345 1629 3494 1683 dives
3541 1644 3661 1683 cum

2072 1723 2159 1785 sit,
2190 1722 2304 1776 haec
2330 1720 2453 1775 facit
2475 1737 2487 1773 :
2508 1720 2740 1789 majores
2774 1719 2919 1775 enim
2950 1734 3135 1788 poenas
3159 1718 3323 1772 dabit.
3357 1720 3490 1773 Cum
3518 1720 3663 1773 vide-

2074 1813 2147 1866 ris
2190 1826 2482 1881 pauperem
2536 1811 2760 1865 multam
2803 1809 3023 1879 justitia:
3060 1824 3245 1863 curam
3276 1808 3473 1864 habere
3497 1850 3512 1875 ,
3544 1811 3663 1865 ideo

2072 1904 2306 1957 maxime
2343 1904 2493 1957 illum
2542 1902 2841 1967 admirare,
2869 1899 3011 1971 quod
3053 1915 3174 1955 cum
3204 1912 3513 1971 paupertate
3542 1903 3663 1957 talia

2070 1997 2161 2051 sit.
2202 1995 2259 2050 Si
2306 1995 2420 2049 haec
2467 1996 2605 2064 apud
2659 2004 2711 2049 te
2758 2003 3006 2048 accurate
3043 1994 3333 2048 constituta
3376 2007 3657 2061 maneant,

2075 2102 2364 2157 numquam
2406 2085 2475 2140 de
2519 2086 2679 2141 rebus
2708 2100 2828 2155 quze
2856 2093 3114 2155 geruntur
3143 2085 3443 2139 turbaberis
3467 2128 3480 2147 .
3521 2088 3563 2141 si
3606 2088 3657 2142 in

2070 2176 2244 2230 futura
2276 2177 2531 2245 reapicias
2587 2176 2631 2230 si
2660 2175 2923 2244 presentia
2955 2174 3086 2230 nihil
3124 2189 3244 2231 esse
3283 2180 3546 2245 putaveris
3568 2218 3583 2241 ,
3615 2179 3657 2229 si

2068 2268 2156 2321 illa
2178 2283 2391 2336 semper
2416 2266 2714 2335 speraveris
2734 2305 2748 2329 ,
2776 2267 2821 2319 si
2848 2268 2916 2320 ab
2949 2267 3032 2322 liis
3061 2278 3111 2322 te
3156 2284 3370 2337 semper
3410 2285 3660 2338 segrega-

2065 2358 2228 2412 veris.
2260 2356 2475 2411 Utinam
2520 2371 2620 2411 nos
2647 2355 2785 2410 bona
2812 2357 2993 2410 omnia
3037 2372 3452 2427 consequamur,
3491 2372 3659 2428 gratia

2065 2448 2283 2504 Christi.
2307 2453 2501 2504 Anien.

1731 2745 1889 2839 DE
1936 2758 2268 2857 FATO,

1586 2937 1723 2979 SlVE
1768 2935 2017 2978 CONTRA
2061 2935 2435 2977 INGLUVIE“.

1854 3073 2156 3133 ω

996 3224 1189 3265 ORATIO
1225 3225 1297 3261 Vl.

427 3304 668 3373 Crapula:
694 3301 1313 3357 malunn—Comedamus
1334 3311 1377 3354 et
1392 3299 1622 3373 bibamus
1642 3315 1660 3352 .'
1687 3313 1799 3353 cras
1818 3298 1951 3351 enim

360 3400 636 3452 moriemur
661 3394 826 3467 (Isui.
850 3397 940 3450 ‘22.
976 3394 1097 3464 15),
1129 3394 1507 3463 prephetarum
1532 3402 1771 3461 tempore
1801 3389 1951 3443 tnulti

360 3491 499 3560 apud
524 3489 736 3544 Juda-os
763 3490 1025 3541 ιιίειιὺεηιι.
1054 3486 1158 3541 Sed
1196 3485 1409 3538 Judazos
1440 3483 1542 3537 hoc
1567 3483 1767 3545 dicere,
1809 3480 1951 3547 Que—

359 3600 471 3635 rum
493 3584 614 3635 deus
642 3590 805 3633 venter
832 3588 922 3640 est,
957 3590 1005 3632 e.‘
1028 3579 1191 3647 gloria
1221 3579 1273 3628 in
1293 3576 1589 3643 confusione
1608 3590 1779 3626 eorum
1804 3570 1951 3641 (Plii-

360 3673 488 3743 lipp.
520 3674 573 3728 3.
605 3674 670 3725 19
775 3671 907 3724 nillil
932 3672 1122 3722 mirtttn
1155 3686 1168 3723 ;
1199 3668 1339 3736 quod
1365 3679 1541 3721 autent
1567 3680 1685 3735 post
1706 3664 1949 3733 gratiam,

361 3778 483 3835 post
505 3764 846 3834 praesentiunt
888 3779 1064 3815 rerum
1096 3762 1426 3829 despectum,
1453 3768 1570 3828 post
1599 3767 1796 3811 tantam
1831 3770 1954 3822 per-

362 3856 643 3911 fectionem
686 3857 1124 3925 diligentiamque
1173 3862 1496 3921 susceptain,
1527 3851 1742 3921 quidam
1781 3848 1955 3901 adhuc

360 3950 485 4010 sint.
510 3952 598 4017 qui
627 3950 725 4001 etsi
752 3950 864 4001 ha-c
892 3948 1051 3999 verba
1080 3947 1293 4015 quidem
1344 3961 1448 3997 non
1479 3947 1768 4012 proferant,
1815 3943 1953 3993 idetu

361 4040 534 4109 ipsum
568 4040 818 4107 Operibns
876 4042 1127 4105 clament,
1175 4050 1369 4106 quanta
1414 4037 1538 4090 illud
1580 4034 1951 4089 criminatione

359 4134 577 4203 dignum
614 4135 736 4187 est?
786 4136 918 4187 Sunt
964 4133 1126 4196 enim,
1156 4142 1279 4185 sunt
1309 4146 1510 4193 revera,
1554 4131 1639 4199 qui
1686 4144 1746 4182 se
1774 4136 1957 4196 putent

362 4226 483 4281 ideo
527 4227 579 4279 in
622 4226 759 4280 hanc
804 4227 1049 4279 inductos
1088 4225 1269 4284 vitam,
1302 4234 1357 4277 ut
1394 4223 1595 4277 deliciis
1632 4221 1950 4283 difﬂuentes,

362 4329 601 4372 ventrem
642 4321 1032 4387 disrumpentes
1082 4331 1382 4385 corpusque
1427 4316 1847 4383 intpinguantes,
1878 4309 1956 4364 sic

362 4414 587 4473 abeant,
618 4412 787 4465 lautas
842 4412 1109 4465 vermibus
1152 4408 1485 4479 prepriarum
1512 4406 1748 4461 carnium
1773 4404 1955 4473 epulas

364 4512 631 4573 parantes.
664 4507 840 4571 Atque
887 4502 1083 4555 utinnn
1131 4501 1181 4555 id
1235 4516 1395 4553 unum
1445 4510 1587 4553 esset
1625 4498 1768 4561 malis,
1813 4496 1954 4566 quod

362 4595 557 4648 frustra
586 4605 640 4648 et
691 4596 956 4647 incassum
1000 4594 1281 4662 priesentia
1335 4593 1671 4645 insumerent
1703 4608 1715 4641 :
1744 4588 1956 4643 tametsi

360 4696 416 4742 et.
465 4685 566 4741 hoc
596 4702 804 4755 quoque
851 4700 956 4738 non
1010 4684 1425 4753 reprehensione
1475 4695 1529 4735 et
1577 4682 1731 4750 culpa
1780 4692 1951 4734 vacet.

362 4778 588 4844 Quando
636 4782 778 4831 enim
812 4777 1062 4845 pecunias
1088 4792 1116 4827 a
1148 4776 1258 4830 Deo
1288 4777 1439 4828 nobis
1469 4775 1534 4827 ad
1573 4774 1813 4843 corporis
1855 4775 1953 4827 ali-

299 4903 320 4923 .
364 4881 625 4933 mentum,
654 4878 708 4923 et
732 4869 799 4921 ad
823 4883 1110 4938 egenorum
1157 4867 1450 4920 subsidium
1499 4866 1667 4929 datas,
1698 4866 1749 4917 in
1798 4865 1953 4917 Ιιιχιι-

363 4964 518 5027 riam,
592 4961 969 5016 contumeliam
1024 4968 1079 5013 et
1112 4969 1405 5013 extremam
1468 4958 1763 5012 socordiam
1805 4961 1950 5012 insu-

363 5056 583 5117 tniinus,
615 5052 918 5122 hujusinodi
946 5053 1265 5122 nequissima
1300 5053 1535 5117 llllllelhll
1578 5068 1680 5104 non
1704 5069 1732 5105 a
1755 5055 1955 5122 suppli-

360 5146 447 5201 cio
469 5146 720 5199 immunis
770 5146 890 5209 erit,
932 5144 1025 5199 sed
1061 5142 1280 5198 omnino
1321 5144 1581 5197 rationem
1624 5143 1953 5199 reddemus:

366 5239 615 5308 quodque
648 5238 717 5292 de
744 5238 978 5306 quinque
999 5236 1229 5302 talentis,
1256 5235 1322 5289 de
1343 5235 1548 5289 duobus
1577 5245 1627 5289 cl
1654 5235 1721 5289 de
1746 5253 1849 5289 uno
1868 5237 1953 5289 di-

361 5345 506 5386 etunt
534 5342 615 5386 est
646 5331 855 5403 (Matth.
879 5331 967 5386 25.
1004 5332 1115 5401 15),
1136 5330 1203 5384 de
1235 5330 1433 5384 divitiis
1452 5331 1623 5399 deque
1643 5332 1762 5383 aliis
1783 5332 1952 5384 omni-

363 5426 460 5480 bus
482 5436 564 5479 est
591 5425 893 5479 dicendum.
920 5425 987 5480 Ut
1016 5424 1192 5493 itaque
1216 5423 1480 5488 dicebam,
1499 5426 1541 5476 si
1571 5434 1767 5477 temere
1790 5434 1840 5478 et
1874 5426 1955 5477 in-

366 5534 573 5571 cassum
605 5517 918 5580 vixerimus,
966 5532 1068 5569 non
1097 5533 1125 5568 a
1152 5516 1357 5568 ratione
1396 5514 1661 5569 reddenda
1704 5517 1952 5569 immunis

372 5618 476 5667 erit
515 5609 631 5663 talis
657 5608 843 5679 agendi
872 5610 1007 5661 ratio
1041 5626 1050 5658 :
1083 5622 1222 5659 nunc
1251 5610 1409 5661 etiam
1456 5619 1645 5675 pra'tcr
1684 5609 1807 5661 illud
1850 5610 1949 5662 alia

367 5718 579 5773 quoque
606 5703 732 5758 ultio
762 5704 949 5756 aderit.
984 5702 1111 5755 Nam
1142 5702 1229 5770 qui
1253 5703 1303 5754 iu
1325 5703 1526 5756 deliciis
1556 5704 1677 5757 vivit
1701 5713 1751 5755 et
1779 5703 1950 5757 corte-

2064 3203 2160 3257 tati
2189 3203 2443 3273 indulget,
2471 3204 2558 3272 qui
2592 3208 2849 3273 parasitos
2875 3216 2929 3259 et
2956 3206 3264 3263 adulatores
3283 3208 3396 3275 alit,
3426 3211 3513 3280 qui
3536 3212 3656 3265 cibo

2056 3303 2285 3365 potaque
2306 3295 2671 3364 disrumpitur,
2690 3311 2850 3365 smpe,
2872 3297 3160 3363 velituelit,
3179 3314 3399 3368 peccare
3435 3316 3654 3356 necesse

2054 3396 2157 3449 est.
2186 3397 2239 3440 et
2266 3403 2371 3457 quo
2416 3396 2657 3459 tempore
2706 3388 2759 3442 in
2807 3390 3052 3458 praesenti
3103 3392 3220 3444 loco
3260 3403 3499 3446 versatur
3530 3393 3569 3457 ί,
3601 3408 3654 3447 et

2057 3478 2269 3546 quando
2291 3481 2355 3532 ad
2386 3480 2546 3533 alium
2572 3481 2985 3550 transmigravit.
3012 3482 3471 3548 Quemadmodum
3502 3487 3645 3539 enim

2058 3572 2224 3636 navis,
2268 3588 2390 3626 cmn
2442 3573 2721 3642 majorem,
2770 3591 2929 3645 quam
2968 3578 3106 3630 ferre
3158 3578 3341 3645 possit,
3394 3579 3649 3632 mercium

2056 3665 2263 3733 copiam
2292 3665 2514 3734 accepit,
2542 3666 2611 3719 ob
2631 3668 2807 3721 oneris
2831 3669 3144 3736 gravitatem
3167 3670 3493 3739 deinergitur
3528 3689 3541 3724 :
3570 3672 3649 3725 sic

2056 3768 2109 3811 et
2140 3760 2335 3821 anima,
2371 3768 2423 3812 et
2449 3760 2689 3828 corporis
2720 3762 2885 3814 nostri
2915 3771 3121 3823 natura,
3155 3762 3306 3830 plura
3327 3778 3484 3829 quam
3507 3762 3650 3818 ferre

2058 3850 2225 3917 possit
2248 3849 2498 3903 alimenta
2528 3851 2809 3919 recipiens,
2855 3850 3188 3921 deprimitur,
3219 3863 3274 3907 et
3322 3870 3458 3907 Olllls
3517 3855 3647 3923 inje-

2057 3956 2199 3993 c.um
2232 3956 2338 3994 non
2365 3939 2563 4007 ferens,
2594 3942 2645 3995 in
2677 3943 2929 4012 perniciei
2960 3943 3177 4013 pelagus
3206 3944 3553 4015 detnergitur,
3593 3959 3649 3999 et

2057 4034 2465 4101 gubernatorem
2486 4044 2538 4087 et
2555 4044 2741 4091 nautas
2769 4044 2822 4088 et
2837 4050 3011 4105 prora:
3034 4035 3311 4090 ductorem
3328 4047 3378 4090 et
3407 4048 3647 4092 vectores

2060 4124 2334 4193 ipsamque
2360 4126 2622 4179 Sarcinam
2650 4127 2808 4180 simul
2837 4127 3025 4195 perdit.
3055 4128 3512 4193 Quemadmodum
3552 4127 3650 4196 igi-

2065 4225 2152 4268 tur
2178 4216 2227 4268 in
2287 4215 2589 4285 hujnsmodi
2617 4218 2839 4271 navibus
2895 4232 3003 4271 non
3061 4219 3415 4287 tranquillitas
3463 4220 3645 4285 maris,

2061 4324 2165 4362 non
2194 4309 2410 4365 scientia
2447 4310 2840 4379 gubernatoris,
2877 4326 2981 4364 non
3028 4321 3303 4364 nautarum
3343 4312 3644 4375 multitudo,

2060 4416 2166 4455 non
2186 4412 2468 4469 apparatus
2493 4401 2863 4467 commoditas,
2892 4416 2998 4455 non
3027 4403 3150 4456 anni
3180 4414 3496 4471 tempestas,
3542 4419 3648 4457 tton

2058 4494 2199 4547 aliud
2239 4493 2531 4565 quidpiam,
2564 4494 2642 4549 sic
2667 4494 2917 4563 agitatam
2957 4494 3105 4563 juvat
3145 4495 3321 4549 navim
3355 4513 3368 4549 :
3403 4496 3479 4549 sic
3520 4513 3651 4550 con-

2060 4589 2215 4658 tingit
2236 4590 2512 4645 indelicate
2539 4590 2837 4645 viventibus
2870 4606 2882 4642 :
2910 4605 3015 4642 non
3048 4590 3443 4643 ratiociniornm
3474 4593 3648 4660 copia,

2060 4700 2165 4737 non
2196 4683 2436 4737 doctrina
2467 4692 2520 4736 et
2550 4683 2873 4745 adhortatio,
2900 4698 3005 4735 non
3028 4683 3417 4737 admonitiones
3446 4694 3499 4737 et
3518 4700 3650 4737 eon-

2059 4778 2197 4840 silia,
2232 4793 2335 4829 non
2362 4775 2503 4829 aliud
2534 4775 2826 4845 quidpiam,
2852 4791 2955 4827 non
2987 4776 3146 4827 timor
3175 4774 3490 4835 futurorum.
3541 4792 3647 4829 non

2060 4870 2247 4937 pudor,
2280 4884 2384 4921 non
2435 4869 2773 4937 praesentium
2824 4865 3113 4926 accusatio.
3148 4882 3249 4919 non
3272 4866 3413 4917 aliud
3445 4867 3653 4934 quidvis

2061 4972 2230 5030 potest
2256 4962 2333 5015 sic
2362 4963 2608 5029 agitatam
2647 4961 2876 5013 animam
2918 4974 3170 5021 servare;
3203 4958 3294 5011 sed
3325 4958 3653 5014 immodera-

2059 5057 2131 5108 tio
2155 5055 2331 5107 omnia
2384 5062 2621 5122 superat,
2666 5068 2785 5122 qua:
2825 5052 2923 5106 hac
2963 5048 3277 5120 {egritudine
3321 5051 3650 5106 laborantem

2058 5144 2182 5201 velit
2216 5145 2346 5199 nolit
2374 5144 2625 5213 deprimit
2647 5159 2710 5198 ac
2748 5143 3027 5211 demergit,
3076 5141 3519 5213 naufragiumque
3554 5158 3649 5205 pa-

2057 5248 2159 5301 rat,
2207 5236 2348 5291 unde
2395 5250 2514 5289 sese
2545 5234 2800 5289 reducere
2837 5234 3057 5288 difﬁcile
3086 5242 3186 5287 est.
3244 5233 3424 5301 Neque
3454 5231 3518 5283 ad
3562 5246 3646 5282 res

2058 5332 2258 5384 futuras
2286 5339 2337 5383 ct
2364 5329 2427 5381 ad
2460 5328 2693 5382 rationes
2720 5327 2788 5380 ibi
2812 5326 3107 5381 reddendas
3134 5336 3354 5381 tantum.
3374 5323 3468 5377 sed
3489 5322 3645 5374 etiam

2058 5425 2122 5478 ad
2163 5433 2479 5494 praesentem
2511 5423 2674 5475 vitam
2704 5420 3009 5491 hujusmodi
3035 5420 3198 5473 homo
3226 5418 3431 5469 inutilis
3472 5415 3649 5469 reddi-

2058 5527 2160 5582 tur,
2196 5533 2292 5571 nec
2337 5516 2401 5569 ad
2433 5515 2703 5585 quidpiam
2737 5514 2957 5567 idoneus
2993 5522 3098 5575 est,
3143 5509 3237 5564 sed
3283 5510 3475 5578 ubique
3508 5508 3650 5561 deri-

2055 5609 2259 5664 dcndus
2288 5619 2393 5662 tum
2433 5611 2483 5662 iu
2538 5606 2805 5668 civilibus,
2860 5617 2967 5656 tum
3021 5604 3071 5657 itt
3122 5602 3350 5673 propriis
3399 5601 3641 5671 negotiis.

2120 5724 2133 5753 ι
2171 5721 2321 5781 (λυιυη
2340 5729 2383 5771 et
2406 5734 2494 5783 per
2519 5717 2767 5781 potationis
2790 5723 2992 5777 tempus.
