4092 6194
492 194 588 250 771

494 316 603 370 Etsi
630 312 823 384 aliquid
848 309 986 383 quod
1015 320 1196 379 urgeat
1216 310 1286 362 sit
1315 307 1597 377 agendum,
1620 321 1722 359 non
1747 301 2073 373 providendi,

493 424 600 464 non
624 404 1023 462 administrandi
1050 403 1349 457 facultatem
1376 400 1571 454 habere
1600 395 2032 468 deprehendetur
2060 412 2075 450 :

496 499 727 555 inimicis
770 497 1013 552 oamibus
1055 501 1209 564 captu
1257 490 1449 554 facilis,
1503 488 1688 544 amicis
1731 489 1979 542 omnibus
2027 494 2082 540 et

497 588 806 660 propinquis
858 586 1077 640 inutilis.
1128 583 1313 653 Neque
1376 582 1546 635 solum
1620 581 1673 633 in
1721 578 1975 648 periculis
2029 588 2083 630 et

496 679 884 735 calamitatibus
949 675 1105 730 facile
1158 674 1411 728 damnum
1474 671 1731 747 accipiet,
1796 683 1967 738 neque
2028 667 2081 721 in

491 773 661 827 rebus
711 770 915 840 pacatis
982 775 1036 823 et
1099 764 1394 834 tranquillis
1469 772 1672 817 tantum
1735 758 2085 815 intolerabilis

499 867 602 920 erit
631 882 644 929 ;
678 864 769 918 sed
816 865 1056 918 etiamm
1100 874 1261 915 renus
1313 858 1539 927 asperis,
1591 854 1662 909 ob
1702 851 2086 908 moderationis

495 956 809 1027 penuriam,
859 957 924 1009 ad
953 954 1155 1024 singula
1185 966 1303 1022 qua:
1329 949 1569 1004 accident
1597 946 1794 1001 inutilis
1817 946 1936 1000 erit.
1979 942 2088 996 Illic

503 1048 669 1113 enim,
696 1048 748 1101 in
780 1045 1032 1101 terumnis
1060 1043 1209 1104 dico,
1240 1040 1444 1110 ignavia
1465 1081 1480 1104 ,
1511 1037 1875 1099 imbecillitas,
1916 1043 2089 1088 metus

504 1141 728 1209 ingens,
776 1136 983 1191 consilii
1030 1133 1246 1203 penuria
1291 1129 1572 1199 occupabit
1617 1128 1802 1192 illum;
1850 1125 1939 1179 hic
1962 1136 2090 1177 vero

505 1231 722 1285 audacia
743 1269 758 1294 ,
788 1228 1031 1283 socordia
1051 1268 1066 1293 ,
1093 1225 1309 1281 lascivia
1329 1265 1342 1286 ,
1382 1220 1752 1276 inunoderatio
1776 1260 1789 1280 ,
1821 1220 2087 1287 superbia,

507 1322 807 1392 arrogantia
838 1319 1006 1389 magis
1035 1333 1209 1399 quam.
1237 1314 1510 1383 superiora
1557 1308 1942 1364 intractabilem
1968 1303 2093 1359 facit

513 1414 779 1469 omnibus.
826 1410 1011 1479 Neque
1040 1408 1181 1462 enim
1213 1402 1516 1473 hujusmodi
1559 1399 1831 1454 hominum
1870 1411 2094 1466 corpora

516 1515 717 1557 tantum
748 1500 1005 1555 deformia
1031 1507 1174 1560 sunt,
1204 1496 1403 1559 mollia,
1432 1491 1743 1553 diffluentia,
1772 1498 1907 1543 tetro
1931 1485 2095 1540 odore

512 1594 741 1663 undique
771 1592 925 1661 plena
966 1589 1308 1654 efﬁciuntur;
1352 1584 1445 1639 sed
1472 1584 1631 1639 etiam
1662 1581 1836 1635 anima
1872 1590 2096 1646 corpore

512 1688 668 1755 lenge
696 1683 984 1737 deformior
1009 1689 1125 1745 est,
1159 1677 1481 1746 majoribus,
1511 1689 1667 1743 quam
1701 1670 1828 1725 illud
1850 1713 1864 1735 ,
1897 1669 2096 1724 morbis

510 1791 576 1830 es
611 1773 817 1828 deliciis
858 1770 1064 1824 all‘ecta.
1114 1764 1570 1835 Quemadmodum
1597 1763 1738 1816 enim
1769 1775 1965 1830 corpus
1992 1774 2098 1813 non

510 1872 849 1921 excrementa
890 1860 1049 1916 modo
1091 1857 1349 1913 naturalia
1389 1855 1616 1919 emittit,
1662 1851 1755 1906 sed
1798 1851 1957 1905 etiam
1997 1850 2098 1902 alia

506 1956 660 2011 omni
683 1951 1161 2025 ex‘parte'uberius
1184 1945 1493 2018 profundit:
1520 1942 1715 1998 etenim
1736 1941 1897 2005 oculi,
1920 1953 2097 2004 nares,

512 2060 569 2105 et
596 2064 723 2115 ora,
755 2047 882 2101 dum
910 2044 1165 2099 interiora
1195 2042 1294 2096 hac
1319 2039 1638 2095 abundantia
1668 2044 1973 2106 gravantur,
2004 2034 2099 2087 lni-

513 2156 665 2195 inore
711 2136 984 2193 teterrimo
1030 2145 1084 2188 et
1120 2133 1470 2202 corruptione
1516 2129 1843 2199 implentur,
1886 2134 1942 2181 et
1987 2126 2100 2194 ipsa

516 2232 695 2286 carnis
718 2238 911 2283 natura
943 2227 1156 2281 mollior
1182 2225 1368 2279 effecta
1392 2238 1548 2293 quam
1579 2237 1677 2293 pro
1707 2218 1930 2274 naturali
1960 2228 2099 2272 tem-

513 2331 855 2393 peramento,
904 2318 1054 2390 quasi
1109 2332 1264 2372 cerno
1308 2326 1360 2369 et
1406 2316 1607 2384 impura
1658 2312 1837 2367 illuvie
1882 2309 2097 2374 referta,

514 2412 694 2483 putida
722 2410 882 2465 simul
922 2417 976 2463 et
1016 2409 1158 2461 iners
1184 2405 1442 2471 efficitur,
1482 2412 1639 2472 atque
1679 2403 1747 2456 ad
1785 2417 1941 2456 onme
1968 2416 2102 2470 opus

518 2504 719 2558 bonum
767 2502 963 2570 inepta.
1012 2498 1145 2553 Nam
1184 2505 1239 2552 et
1282 2497 1393 2567 ipsa
1424 2503 1565 2548 terra
1590 2534 1606 2560 ,
1648 2507 1770 2547 cum
1817 2492 1905 2546 tali
1948 2491 2100 2560 copia

506 2607 771 2664 "oppressa
798 2591 1070 2662 proprium
1097 2588 1438 2656 innatmuque
1456 2585 1687 2639 calorem
1711 2583 1922 2646 amittit,
1948 2597 2099 2636 suam

513 2687 641 2741 item
670 2686 775 2739 vim
808 2684 1018 2754 perdit,
1048 2696 1112 2736 ac
1156 2694 1327 2749 neque
1369 2677 1434 2732 ad
1477 2677 1737 2731 culturam
1760 2718 1775 2740 ,
1821 2688 1994 2744 neque
2032 2674 2098 2728 ad

516 2777 845 2832 fertilitatem
878 2788 1028 2828 suam
1055 2780 1140 2827 est
1169 2771 1380 2824 idonea.
1410 2769 1542 2821 llinc
1569 2778 1746 2820 autem
1777 2766 2024 2835 gravibus
2047 2773 2101 2818 et

515 2866 901 2921 insanabilibus
930 2864 1130 2918 morbis
1173 2860 1529 2929 corripiuntur
1558 2858 1632 2924 ii,
1676 2858 1765 2927 qui
1807 2856 1859 2910 in
1897 2855 2101 2910 deliciis

514 2968 774 3028 perpetuo
802 2955 984 3008 vivunt
1011 2970 1025 3008 :
1057 2951 1396 3015 tremoribus,
1426 2949 1705 3014 solutione,
1738 2948 1885 3014 tabe,
1915 2948 2102 3017 capitis

516 3062 755 3113 mucore,
786 3046 981 3118 pedum
1014 3060 1369 3115 manuumque
1397 3041 1688 3107 doloribus,
1721 3040 1945 3109 aliisque
1970 3040 2101 3093 mul-

514 3141 615 3203 tis,
661 3154 794 3208 quos
838 3136 1028 3191 medici
1078 3142 1415 3200 namnorant,
1462 3132 1675 3187 obnoxii
1722 3131 1871 3185 fiunt.
1920 3131 2100 3199 Itaque

512 3230 720 3285 etiamsi
744 3246 847 3284 non
870 3228 1133 3299 gelteuna,
1161 3243 1265 3282 nou
1292 3240 1470 3295 ptena,
1495 3240 1667 3294 neque
1693 3233 1929 3278 extrema
1952 3222 2104 3277 dam-

514 3325 660 3378 natio
687 3339 716 3376 a
750 3324 862 3376 Deo
890 3331 1066 3385 esset,
1110 3334 1281 3390 neque
1307 3320 1374 3374 ab
1404 3318 1706 3373 hominibus
1735 3317 2098 3388 reprehensio,

519 3430 625 3469 non
642 3421 884 3483 sumptus
909 3411 1215 3482 importuni,
1235 3425 1404 3480 neque
1426 3409 1528 3463 alia
1554 3409 1832 3464 innumera
1849 3424 1879 3463 a
1895 3408 2100 3464 deliciis

510 3515 730 3572 exorta,
760 3504 965 3575 hocque
1004 3503 1176 3558 solum
1219 3501 1450 3568 adesset,
1494 3515 1674 3554 annon
1712 3500 1840 3555 satis
1868 3510 2009 3554 esset
2032 3500 2099 3555 ad

511 3612 702 3653 otnnes
728 3594 1084 3651 aVi-rtendos?
1124 3592 1432 3663 Huiusmodi
1460 3607 1706 3663 namque.
1726 3608 1925 3648 mensa:
1951 3609 2098 3648 mor-

511 3690 682 3745 tiferis
713 3688 1013 3759 potionibus
1038 3686 1206 3742 nihilo
1236 3685 1483 3740 meliores
1506 3696 1668 3750 sunt;
1700 3685 1807 3740 imo
1833 3687 2023 3753 etiam,
2052 3688 2098 3742 si

510 3797 637 3836 vere
679 3779 961 3836 dicendum
1013 3779 1120 3846 sit,
1166 3777 1322 3846 longe
1364 3777 1677 3832 deteriores.
1722 3778 1829 3833 llla:
1870 3793 2099 3848 namque

509 3884 807 3931 smnentem
835 3873 1118 3929 confestim
1146 3873 1212 3927 de
1237 3871 1415 3927 medio
1444 3872 1665 3938 tollunt,
1694 3882 1748 3928 et
1776 3872 1841 3928 ad
1872 3886 2096 3929 mortem

511 3970 629 4025 sine
656 3968 893 4023 cruciatu
931 3967 1221 4032 deducunt,
1264 3974 1319 4019 ut
1348 3981 1415 4021 ne
1441 3966 1508 4019 de
1548 3965 1647 4020 hac
1672 3966 1886 4036 quidem
1916 3983 1973 4021 re
1997 3967 2097 4021 do-

507 4062 615 4116 leat
666 4063 709 4115 is
754 4060 843 4131 qui
889 4060 1112 4115 moritur
1154 4075 1166 4109 :
1210 4058 1415 4112 delicia:
1458 4073 1583 4111 vero
1624 4059 1784 4112 vitam
1833 4060 2097 4114 sexcentis

514 4152 773 4205 mortibus
801 4150 1097 4221 graviorem
1142 4146 1398 4203 inducunt
1438 4147 1523 4214 iis,
1566 4150 1654 4218 qui
1700 4149 1840 4218 ipsas
1885 4149 2097 4218 plurimi

508 4245 750 4306 faciunt;
778 4244 939 4295 vitam
958 4285 972 4307 ,
1001 4243 1234 4310 inquam,
1263 4256 1369 4294 non
1401 4240 1561 4294 modo
1595 4240 1967 4304 miserabilem,
2001 4241 2095 4295 sed

515 4338 677 4390 etiam
706 4344 913 4403 turpem
938 4342 992 4385 et
1022 4331 1319 4385 ridiculam.
1354 4331 1454 4385 Alii
1476 4331 1671 4400 quippe
1700 4331 1869 4386 morbi
1901 4333 2097 4393 mullos

508 4432 565 4485 in
595 4438 797 4499 partem
826 4425 1028 4479 doloris
1051 4424 1333 4488 advocant,
1373 4432 1633 4492 quotquot
1669 4432 1845 4478 autem
1870 4440 1933 4479 ex
1957 4425 2095 4479 deli-

506 4522 607 4576 ciis
646 4528 699 4572 et
736 4516 991 4572 ebrietate
1032 4514 1309 4580 oriuntur,
1337 4523 1681 4583 spectatores,
1715 4530 1781 4568 ne
1807 4516 2020 4584 quidem
2051 4516 2096 4572 si

507 4612 695 4675 velint,
725 4609 906 4663 sinunt
932 4604 1174 4660 misereri
1203 4620 1411 4671 eorum,
1437 4606 1523 4674 qui
1556 4604 1853 4673 hujusmodi
1881 4609 2095 4676 a‘gritu-

511 4706 636 4757 diue
661 4701 798 4769 capti
829 4709 993 4762 sunt;
1041 4695 1135 4750 sed
1177 4695 1481 4765 magnitudo
1522 4695 1647 4749 tnali
1690 4696 1757 4751 ad
1796 4697 2097 4751 misericor.

507 4798 650 4849 diam
684 4792 923 4851 inﬂectit.
954 4788 1125 4843 morbi
1153 4796 1335 4842 autem
1364 4788 1594 4851 occasio,
1627 4788 1669 4843 si
1699 4797 1822 4842 nota
1848 4789 1936 4853 sit,
1965 4791 2097 4843 indi-

507 4886 814 4957 gnationem
844 4891 1042 4936 movet.
1090 4879 1349 4947 Quoniam
1389 4879 1605 4949 ancipiti
1635 4879 1864 4949 quodam
1903 4882 2096 4938 aﬂ‘ectu

509 4988 787 5041 tenemur,
820 4988 918 5028 nec
956 4973 1273 5026 miseramur
1298 4986 1392 5025 eos
1423 4986 1438 5024 :
1482 4970 1534 5025 id
1572 4973 1716 5026 enim
1741 4981 1883 5027 vetat
1923 4976 2096 5030 morbi

508 5083 711 5131 causa;
743 5078 917 5134 neque
946 5062 1220 5117 irascimur
1252 5079 1265 5115 :
1301 5060 1354 5116 id
1384 5062 1525 5115 enim
1554 5077 1660 5117 non
1691 5064 1950 5133 permittit
1978 5083 2093 5120 tuao

508 5157 731 5229 gnitudo
775 5154 941 5219 mali;
988 5152 1080 5207 sed
1126 5152 1264 5207 inter
1306 5154 1775 5223 reprehensionem
1807 5164 1859 5209 et
1886 5157 2092 5211 veniam

511 5252 879 5307 consistimus.
931 5247 1111 5315 Neque
1148 5246 1288 5299 enim
1334 5262 1361 5298 a
1406 5256 1591 5301 natura
1618 5249 1920 5303 cruciantur
1960 5250 2097 5304 sicut

509 5345 586 5399 illi
610 5386 623 5408 ,
659 5358 831 5413 neque
872 5340 1145 5395 hominum
1186 5338 1390 5393 insidiis
1431 5349 1781 5409 appetuntur,
1812 5357 1992 5396 verum
2024 5343 2094 5396 illi

510 5436 610 5504 ipsi
640 5447 884 5497 auctores
911 5432 1013 5486 sibi
1042 5432 1226 5484 harum
1252 5429 1624 5499 :egritudinum
1653 5439 1795 5493 sunt,
1828 5440 1882 5486 et
1906 5442 2095 5498 Sponte

511 5542 571 5579 se.
613 5527 663 5579 in
711 5526 972 5580 malorum
1003 5522 1311 5576 barathrum
1344 5523 1692 5592 praecipitant.
1740 5523 2095 5589 Quemadmo-

516 5622 643 5674 dum
673 5618 830 5688 igitur
856 5630 951 5669 eos
972 5654 985 5681 ,
1027 5616 1113 5686 qui
1159 5614 1373 5684 laqueos
1408 5614 1504 5670 sibi
1532 5624 1752 5686 parant,
1784 5628 1838 5672 et
1881 5631 1972 5672 eos
1999 5620 2085 5688 qui

1227 192 1283 247 S.
1323 190 1598 247 JOANNIS
1634 183 2115 243 CHRYSOSTOMI
2141 186 2454 243 AllClllEP.
2484 188 3016 245 CONSTANTINUP.

3646 187 3750 242 772

2186 319 2244 358 se
2269 320 2364 374 per
2391 291 2675 374 praecipitia
2695 306 3005 375 οοιιῙί-ιιυιιῑ,
3031 317 3083 360 ct
3107 306 3194 376 qui
3219 321 3315 374 per
3339 308 3543 361 medios
3561 309 3765 379 gladios

2186 397 2288 451 sibi
2317 398 2477 451 vitam
2506 399 2756 467 eripiunt,
2790 400 2869 454 sic
2893 399 2992 453 hos
3018 415 3122 453 non
3154 399 3375 453 multum
3402 402 3722 457 miseramur
3750 423 3764 457 τ

2188 488 2297 542 imo
2317 490 2362 543 si
2386 491 2535 544 venia
2562 490 2733 544 danda
2770 491 2874 554 sit,
2915 490 3021 545 illis
3066 491 3240 561 potius
3276 506 3435 561 quam
3480 491 3595 547 istis
3621 492 3765 547 dafn-

2190 596 2326 645 mus,
2360 583 2568 637 etiamsi
2599 583 2674 637 illi
2705 584 2901 639 nullam
2927 585 3132 638 veniam
3162 598 3487 639 mereantur.
3523 586 3598 640 Illi
3625 590 3769 641 enim

2190 674 2271 727 vel
2299 673 2581 728 calumniis
2601 716 2616 737 ,
2646 674 2730 728 vel
2775 675 3113 743 pecuniarum
3142 676 3385 741 muletis,
3433 685 3524 729 aut
3552 677 3774 745 periculi

2192 764 2532 834 plagarumve
2562 776 2704 820 metu
2725 807 2740 831 ,
2769 774 2861 819 aut
2888 766 2988 820 alia
3015 763 3259 836 quapiam
3290 766 3599 833 formidine,
3631 778 3688 821 ut
3719 784 3779 823 se

2193 856 2483 922 majoribus
2512 857 2665 910 malis
2694 857 2965 923 eximant,
3001 857 3068 909 ad
3094 858 3279 911 mortis
3306 858 3555 911 solatium
3582 858 3768 912 confu-

2193 949 2375 1018 giunt,
2406 950 2471 1003 ad
2510 950 2816 1020 obitumque
2841 965 2941 1004 ceu
2982 949 3049 1003 ad
3092 949 3296 1006 asvlum
3333 951 3639 1014 decurrunt,
3689 946 3774 1001 vel

2196 1041 2347 1108 quasi
2390 1041 2456 1094 ad
2503 1042 2839 1110 tranquillum
2884 1051 3090 1111 portum
3135 1043 3411 1111 ingruente
3458 1051 3778 1111 tempestate

2197 1146 2317 1187 sese
2344 1147 2465 1186 cum
2515 1132 2851 1188 festinatione
2896 1134 3158 1203 recipiunt
3192 1152 3206 1189 :
3240 1133 3290 1187 lii
3320 1149 3446 1189 vero
3482 1151 3602 1189 cum
3645 1135 3779 1191 nihil

2199 1222 2301 1277 tale
2324 1224 2657 1293 prmtendere
2686 1224 2909 1293 possint,
2938 1225 3059 1279 vitae
3084 1227 3348 1281 sexcentis
3374 1227 3617 1281 violentis
3645 1243 3779 1281 mor-

2202 1314 2341 1368 tibus
2366 1317 2596 1385 graviori
2645 1332 2765 1370 sese
2805 1318 3152 1371 tradiderunt.
3195 1319 3310 1373 Jam
3354 1318 3439 1373 hic
3481 1331 3779 1389 opportune

2202 1418 2650 1461 commemoretur
2692 1408 2818 1462 illud
2863 1410 3114 1478 sapientis
3146 1426 3159 1462 :
3198 1410 3320 1474 Quis
3350 1411 3658 1464 miserebitur
3695 1414 3781 1466 in-

2202 1498 2473 1550 cantatoris
2497 1539 2511 1561 ,
2540 1499 2584 1552 si
2611 1514 2643 1550 a
2670 1510 2898 1569 serpente
2924 1500 2940 1531 ¹
2971 1500 3261 1553 mordeatur
3282 1542 3296 1564 ,
3326 1511 3373 1554 et
3401 1503 3624 1555 omnium
3648 1545 3662 1569 ,
3693 1503 3786 1574 qui

2202 1606 2257 1645 se
2281 1591 2399 1659 [eris
2438 1592 2702 1644 admovent
2749 1589 2947 1662 (Eccli.
2978 1593 3248 1663 12.15)?
3291 1593 3424 1648 Fera
3469 1596 3611 1649 enim
3659 1605 3786 1650 sunt

2205 1681 2408 1736 delicia:
2431 1724 2446 1747 ,
2478 1681 2586 1736 fera
2615 1683 2791 1752 gravis
2820 1692 2874 1738 et
2904 1684 3282 1748 intractabilis;
3328 1700 3501 1755 neque
3540 1687 3786 1756 scorpius

2202 1783 2296 1827 aut
2321 1788 2541 1843 serpens
2563 1776 2855 1831 visceribus
2882 1777 3077 1831 nostris
3103 1778 3311 1831 lia-rens
3336 1776 3406 1830 ita
3437 1770 3787 1847 undequaque

2203 1863 2465 1931 devastat,
2494 1875 2550 1919 ut
2573 1865 2880 1921 deliciarum
2906 1866 3166 1935 cupiditas
3200 1867 3379 1921 omnia
3408 1868 3598 1921 evertit
3624 1877 3788 1935 atque

2205 1958 2488 2012 consumit.
2518 1958 2667 2013 Ferae
2688 1975 2916 2029 namque
2941 1960 3044 2013 illa:
3064 1960 3275 2029 corpori
3302 1970 3502 2014 tantum
3531 1960 3791 2015 insidian-

2209 2058 2293 2103 tur
2320 2067 2334 2104 :
2368 2049 2482 2104 haec
2509 2061 2688 2106 autem
2717 2051 2803 2104 ubi
2831 2052 2986 2105 sedes
3013 2054 3267 2119 posuerit,
3308 2061 3359 2106 et
3379 2067 3574 2121 corpus
3592 2063 3647 2106 et
3672 2056 3791 2106 ani-

2208 2157 2347 2195 mam
2390 2142 2713 2211 pessumdat.
2760 2142 3114 2209 Quamobrem
3157 2143 3419 2213 fugiamus
3461 2144 3528 2197 ab
3568 2146 3695 2210 illa,
3731 2156 3791 2199 ut

2210 2234 2556 2303 prudentibus
2582 2237 2789 2305 loquor.
2834 2236 2889 2290 Si
2916 2235 3041 2306 quid
3068 2237 3157 2291 illa
3197 2236 3388 2291 habeat
3417 2238 3651 2291 utilitatis
3672 2280 3685 2301 ,
3716 2256 3790 2292 no

2208 2326 2323 2381 inec
2356 2327 2494 2382 dicta
2525 2328 2850 2397 perferamus
2872 2371 2885 2395 ,
2935 2346 3000 2383 ne
3038 2329 3501 2399 obtemperemus;
3552 2332 3632 2384 sin
3660 2348 3792 2386 vera

2206 2427 2335 2473 sunt
2381 2434 2499 2488 qua:
2540 2420 2823 2486 dicuntur,
2867 2430 2921 2474 et
2963 2420 3077 2474 haec
3114 2422 3184 2474 sit
3220 2423 3455 2475 omnium
3501 2424 3789 2492 pernicies.

2208 2526 2401 2582 resque
2427 2514 2665 2566 omniuut
2708 2512 3078 2567 ridiculissima
3096 2553 3113 2580 ,
3139 2513 3290 2567 vobis
3316 2515 3443 2582 ipsis
3470 2526 3522 2569 et
3547 2518 3793 2583 corporis

2209 2602 2501 2658 valetudini
2532 2606 2828 2675 animaque
2856 2605 3065 2659 sanitati
3091 2614 3311 2674 pareite.
3348 2609 3463 2659 Non
3488 2616 3611 2660 dico
3638 2619 3693 2660 ut
3720 2605 3793 2661 ad

2208 2695 2378 2749 victus
2420 2696 2758 2765 asperitatem
2790 2706 2841 2752 te
2882 2698 3164 2765 conferas,
3213 2698 3312 2752 nisi
3358 2699 3470 2768 ipse
3515 2698 3790 2753 volueris:

2207 2788 2470 2858 superflua
2525 2805 2861 2855 resecemus,
2911 2805 3016 2844 non
3066 2793 3366 2844 necessaria
3417 2790 3792 2859 prmeidamus.

2204 2882 2321 2949 Qua
2346 2884 2495 2937 venia
2517 2882 2665 2952 digiti
2694 2884 2912 2949 erimus,
2942 2882 3153 2953 quando
3181 2882 3270 2936 alii
3301 2898 3365 2936 ne
3389 2882 3549 2936 rebus
3575 2882 3793 2951 quidem

2207 2975 2523 3029 necessariis
2548 2974 2809 3041 fruuntur,
2850 2975 2972 3029 licet
2999 2975 3049 3028 in
3076 2989 3260 3028 eorum
3287 2975 3356 3027 sit
3382 2983 3665 3045 potestate.
3693 2988 3795 3028 nos

2208 3081 2338 3120 vero
2366 3066 2664 3121 necessaria
2699 3066 2856 3135 longe
2892 3066 3392 3135 praetergredimur?
3428 3064 3595 3119 Nobis
3621 3066 3795 3119 victus

2209 3156 2467 3211 terminus
2490 3157 2558 3211 sit
2578 3157 2718 3225 quod
2747 3172 2851 3211 non
2878 3157 3055 3223 laadat,
3078 3157 3216 3226 quod
3239 3156 3433 3211 famem
3457 3158 3573 3211 sine
3592 3157 3793 3210 damno

2210 3248 2516 3319 propulset,
2570 3250 2790 3304 ulterius
2819 3265 2947 3304 vero
2991 3249 3120 3303 nihil
3163 3250 3501 3319 requiramus
3540 3267 3553 3305 :
3601 3251 3707 3303 imo
3743 3250 3791 3303 si

2205 3342 2347 3414 quod
2392 3342 2635 3398 mirabile
2676 3343 2821 3397 dictu
2862 3353 2915 3397 et
2941 3354 3135 3413 printer
3164 3343 3302 3415 vulgi
3331 3344 3639 3412 opinionem
3665 3385 3681 3408 ,
3708 3353 3794 3396 est

2208 3443 2387 3490 tamen
2412 3450 2594 3490 verum
2616 3477 2631 3500 ,
2674 3436 2918 3506 proferre
2959 3437 3112 3491 liceat
3141 3453 3155 3490 :
3184 3437 3228 3490 si
3266 3437 3588 3505 voluptatem
3626 3438 3791 3491 etiam

2204 3544 2526 3599 quaeramus,
2568 3531 2710 3585 illam
2747 3530 2920 3600 potius
2960 3529 3013 3584 in
3052 3529 3327 3584 moderato
3352 3532 3501 3596 cibo,
3540 3545 3698 3599 quam
3731 3532 3790 3584 in

2205 3621 2411 3678 deliciis
2444 3624 2790 3692 reperiemus.
2822 3623 2959 3678 Audi
2990 3623 3257 3694 quomodo
3287 3624 3398 3678 hzec
3426 3622 3666 3693 voluptas
3695 3623 3792 3678 illa

2207 3718 2378 3786 major
2403 3728 2457 3773 et
2485 3719 2697 3774 uberior
2734 3720 2822 3774 sit.
2865 3720 2957 3774 Illa
2993 3729 3139 3775 certe
3178 3721 3363 3789 nequit
3396 3718 3609 3773 demum
3651 3734 3791 3774 con-

2206 3809 2417 3875 sistere,
2445 3826 2617 3880 neque
2643 3820 2880 3866 naturam
2909 3810 3149 3864 ciborum
3175 3810 3272 3865 sibi
3297 3810 3541 3864 idoneam
3565 3811 3788 3876 invenit;

2208 3900 2321 3955 lucc
2342 3916 2473 3955 vero
2513 3903 2672 3956 etiam
2698 3918 2765 3956 ex
2801 3903 3084 3957 contrariis
3113 3903 3401 3956 subsistere
3432 3910 3627 3971 potest.
3659 3902 3793 3969 Quis

2207 3993 2307 4044 hoc
2331 3992 2447 4046 ait?
2489 3992 2537 4047 ls
2566 3995 2653 4062 qui
2684 3995 2912 4049 maxime
2938 3994 3174 4048 omnium
3217 3994 3298 4047 his
3336 3978 3630 4048 fruebatur.
3659 3995 3789 4046 Αιιὶ-

2205 4101 2315 4148 mw,
2349 4085 2534 4154 inquit,
2558 4086 2819 4156 indigenti,
2847 4102 2959 4155 qua:
2977 4102 3151 4138 amara
3170 4095 3307 4151 sunt,
3336 4085 3504 4137 dulcia
3526 4082 3754 4136 videntur
3771 4099 3792 4136 .'

2203 4177 2371 4228 anima
2397 4177 2579 4229 satiata
2608 4178 2755 4230 etiam
2794 4177 2920 4245 favis
2962 4178 3128 4230 illudit
3155 4178 3172 4246 (
3198 4175 3349 4229 Prov.
3380 4175 3469 4229 27.
3495 4174 3526 4227 7
3552 4177 3590 4241 ).
3630 4174 3792 4228 Vides

2203 4267 2469 4337 quomodo
2514 4267 2658 4321 illam
2707 4268 2921 4337 quidem
2952 4278 3005 4322 et
3047 4284 3113 4322 ex
3158 4268 3334 4337 paucis
3360 4277 3414 4322 et
3441 4246 3791 4321 ex‘ontnibus

2204 4360 2487 4413 sustentari
2537 4360 2688 4415 facile
2715 4361 2817 4426 sit,
2856 4359 2993 4414 hanc
3017 4376 3141 4415 vero
3170 4360 3427 4413 minime?
3455 4360 3510 4414 Si
3541 4361 3687 4414 enim
3719 4377 3793 4415 ne

2206 4450 2380 4504 favum
2428 4450 2640 4521 quidem
2685 4453 3020 4521 expetimus,
3065 4451 3189 4522 quid
3239 4453 3391 4505 nobis
3443 4461 3616 4521 potest
3666 4467 3793 4507 esse

2203 4543 2397 4612 volupe
2425 4544 2492 4598 de
2520 4544 2757 4599 caetero?
2783 4546 2827 4597 si
2854 4544 2995 4613 quod
3024 4544 3259 4598 omnium
3290 4544 3652 4597 dulcissimum
3679 4554 3790 4608 est,

2203 4636 2525 4705 voluptatem
2556 4652 2662 4691 non
2694 4647 2867 4706 potest
2897 4636 3088 4692 afferre
3107 4678 3121 4702 ,
3161 4637 3286 4706 quid
3327 4637 3524 4707 poterit
3552 4637 3602 4689 in
3632 4636 3789 4690 volu-

2204 4739 2349 4798 ptate
2373 4731 2740 4785 constituere?
2791 4731 2969 4799 Itaque
3014 4731 3057 4785 si
3101 4730 3424 4800 voluptatem
3470 4730 3789 4800 quaarimus,

2205 4823 2290 4875 hic
2318 4823 2482 4891 magis
2508 4823 2649 4877 illam
2683 4824 3030 4878 inveniemus.
3059 4824 3338 4890 Quomodo
3369 4824 3525 4893 igitur
3554 4839 3657 4876 non
3686 4839 3794 4876 ex-

2204 4924 2388 4970 tremae
2412 4916 2690 4971 dementia:
2734 4916 2910 4982 ftterit,
2951 4932 3067 4971 eam
3096 4932 3213 4986 qua:
3253 4917 3579 4984 voluptatem
3627 4915 3793 4970 habet

2202 5015 2257 5063 et
2299 5007 2578 5063 sanitatem
2626 5018 2681 5063 et
2723 5009 2901 5062 omnia
2942 5009 3118 5074 bona,
3168 5017 3327 5077 atque
3363 5010 3469 5062 fleo
3508 5017 3790 5077 acceptam

2203 5116 2441 5155 mensam
2471 5100 2689 5170 fugere;
2720 5101 2941 5155 alteram
2972 5116 3102 5155 vero
3133 5117 3340 5171 parare,
3372 5101 3591 5153 inlinitis
3622 5100 3795 5154 refer-

2205 5204 2309 5249 tam
2336 5195 2766 5261 calamitatibus,
2811 5194 3104 5258 insuavem,
3152 5196 3461 5257 molestam,
3498 5194 3792 5247 valetudini

2204 5297 2512 5348 nocentem,
2537 5295 2589 5340 et
2608 5328 2622 5351 ,
2647 5287 2787 5356 quod
2811 5287 3049 5341 onmium
3072 5297 3156 5341 est
3182 5287 3548 5356 gravissimum
3573 5326 3587 5349 ,
3620 5286 3791 5338 licunt

2202 5389 2385 5431 contra
2416 5392 2512 5431 nos
2535 5378 2952 5447 provocantem?
2975 5377 3106 5433 Nam
3129 5380 3171 5432 si
3200 5377 3362 5431 Vidua
3388 5394 3499 5446 qua:
3521 5378 3574 5429 in
3596 5377 3793 5431 deliciis

2201 5480 2306 5535 est,
2353 5471 2517 5525 vivens
2547 5481 2745 5527 mortua
2787 5482 2856 5528 est
2885 5473 2903 5545 (
2927 5475 2974 5529 l.
2999 5472 3132 5528 Tim.
3158 5473 3211 5528 5.
3256 5474 3288 5527 b’
3328 5474 3369 5545 ),
3414 5472 3541 5542 quid
3567 5472 3637 5527 de
3662 5472 3792 5528 virsi

2274 5630 2288 5660 ί
2325 5627 2474 5687 colb.,
2503 5630 2683 5691 ripcra.
