4092 6194
304 275 413 330 Ἱΐτ

306 390 590 445 dicemus?
643 389 698 445 Si
748 390 798 444 in
845 386 1010 445 veteri
1054 389 1400 443 Testamento
1444 386 1494 438 id
1540 397 1726 451 magna
1771 394 1890 433 cum

306 500 432 536 cura
495 480 840 550 prohibetur,
895 495 1190 550 magnaque
1236 487 1422 533 contra
1477 475 1720 529 delicatis
1762 471 1896 525 cibis

309 583 522 626 utentes
565 572 898 626 vehementia
929 571 1093 624 utitur
1139 570 1432 639 prepheta,
1479 567 1687 621 etiamsi
1730 576 1898 633 genus

310 671 474 732 ponat
499 661 808 715 deliciarum
835 675 940 715 non
972 662 1255 714 admodum
1275 667 1641 729 sumptuosum
1664 664 1752 707 aut
1778 652 1896 722 opi-

311 769 497 820 parum
525 771 538 806 :
573 753 672 818 Qui
696 761 862 805 autem
887 753 1184 817 comedunt,
1213 751 1413 820 inquit,
1452 747 1623 828 haedos
1649 761 1710 799 ex
1728 745 1896 814 gregi-

311 845 434 905 bus,
466 853 514 895 et
542 842 721 894 vitulos
749 841 1022 906 lactentes;
1060 842 1142 910 qui
1172 841 1341 894 bibunt
1381 839 1677 906 deftzcatum
1706 835 1894 897 vinum,

311 945 355 985 rt
385 933 562 1000 primis
591 933 862 1002 unguentis
903 943 1198 1002 tinguntur;
1243 932 1329 1000 qui
1365 928 1622 982 dormiunt
1663 927 1716 978 in
1762 923 1899 977 lectis

313 1023 540 1076 eburneis
560 1062 575 1077 .
602 1031 649 1071 at
674 1021 727 1074 in
765 1022 936 1074 stratis
977 1022 1081 1075 suis
1111 1021 1374 1075 lasciviunt
1413 1018 1596 1087 (Amos
1639 1017 1693 1070 6.
1715 1016 1766 1069 4.
1793 1013 1897 1085 6);

314 1118 357 1167 si
390 1115 540 1179 haec,
586 1114 836 1181 inquam,
869 1113 1282 1181 reprehensione
1310 1111 1466 1180 digna
1499 1118 1656 1174 sunt,
1689 1106 1900 1177 quando

313 1207 492 1258 mntiia
519 1215 674 1260 erant
697 1206 954 1267 carnalia,
985 1213 1042 1260 et
1061 1204 1175 1257 ca-li
1201 1203 1344 1257 nulla
1371 1203 1504 1255 ratio
1524 1208 1661 1265 erat,
1685 1197 1900 1268 quando

317 1297 534 1351 Judaica
565 1298 715 1367 quasi
748 1312 1029 1366 puerorum
1069 1297 1239 1366 prima
1271 1295 1530 1348 institutio
1556 1302 1744 1347 erant:
1774 1293 1898 1362 quid

316 1390 611 1442 dixerimus
643 1389 708 1442 de
740 1387 988 1456 prmsenti
1032 1387 1302 1442 mollitie?
1349 1386 1404 1440 Si
1445 1386 1586 1439 enim
1627 1385 1900 1438 haedorum

317 1491 372 1534 cl
401 1480 685 1534 vitulorum
715 1482 1021 1535 lactentitun
1047 1495 1174 1534 esus
1202 1496 1267 1532 eo
1292 1489 1522 1542 utentes,
1553 1494 1614 1532 ac
1640 1482 1683 1533 si
1709 1478 1902 1532 delica-

317 1581 424 1623 tam
467 1580 521 1626 et
559 1571 966 1626 immoderatam
1013 1571 1175 1624 vitam
1219 1570 1453 1636 ducant,
1500 1568 1902 1639 reprehensioni

317 1663 563 1731 snhjicit,
594 1663 720 1732 quid
750 1663 991 1716 dicemus
1019 1663 1086 1715 de
1116 1663 1178 1715 iis
1199 1703 1215 1728 ,
1259 1663 1348 1731 qui
1378 1676 1621 1717 recessus
1661 1662 1824 1715 maris
1851 1670 1905 1715 et

318 1763 587 1809 extremas
626 1763 888 1808 terrarum
917 1769 1040 1808 oras
1065 1753 1344 1823 indagant,
1371 1753 1656 1823 aviumque
1679 1763 1903 1807 venato-

318 1863 408 1901 res
439 1846 841 1916 piscatoresque
873 1846 1049 1900 omnis
1075 1846 1288 1916 generis
1327 1847 1560 1916 undique
1585 1845 1904 1900 accersunt?

318 1938 374 1993 Si
407 1938 475 2001 ii,
512 1938 600 2008 qui
645 1937 956 1992 defaecatum
987 1937 1165 1991 vinum
1195 1936 1420 2003 bibunt,
1451 1937 1739 2005 culpandi,
1781 1936 1904 2006 quid

321 2029 524 2084 dixeris
552 2029 619 2084 de
645 2029 710 2084 iis
729 2069 745 2093 ,
792 2029 881 2098 qui
919 2029 1375 2099 peregrinationes
1403 2029 1783 2082 transmarinas
1812 2043 1906 2098 pro

323 2121 450 2174 vino
472 2121 806 2190 suscipiunt,
839 2121 1126 2190 omniaque
1165 2128 1418 2186 movent,
1459 2129 1518 2174 ut
1555 2120 1756 2174 nullum
1787 2121 1908 2174 vitis

320 2229 491 2282 genus
528 2214 655 2283 ipsis
680 2213 863 2277 lateat,
888 2213 1042 2282 quasi
1071 2228 1256 2282 poenas
1280 2213 1476 2279 daturi,
1514 2212 1909 2282 admodumque

325 2305 633 2369 damnandi,
677 2304 720 2358 si
749 2320 852 2358 non
883 2304 1057 2358 omnis
1093 2305 1304 2374 generis
1335 2307 1460 2358 vino
1485 2306 1909 2375 ingurgitentnr?

322 2399 375 2451 Si
399 2397 638 2450 eburneo
661 2397 798 2452 lecto
817 2397 893 2451 uti
920 2397 1338 2466 reprehensione
1358 2397 1598 2467 dignum,
1628 2397 1718 2468 qui
1743 2398 1910 2453 multo

326 2490 494 2544 lectos
518 2498 741 2558 argento
759 2529 776 2556 ,
819 2489 926 2544 imo
966 2505 1094 2544 vero
1123 2491 1213 2560 qui
1249 2506 1318 2545 ex
1343 2501 1566 2559 argento
1592 2506 1725 2560 puro
1747 2491 1911 2546 ador-

329 2589 476 2643 nant,
501 2595 606 2635 non
635 2579 804 2636 lectos
831 2587 1056 2644 tantum,
1081 2580 1176 2635 sed
1201 2581 1360 2636 etiam
1388 2581 1745 2650 suppedanea,
1767 2580 1920 2638 lebe-

329 2681 410 2727 tes
433 2715 452 2738 ,
479 2688 604 2726 vasa
644 2681 699 2728 et
740 2673 966 2727 matulas
990 2714 1003 2738 ,
1049 2688 1208 2743 quam
1239 2673 1446 2727 veniam
1477 2673 1913 2743 consequantur?

325 2764 460 2830 Quid
488 2774 584 2818 aut
609 2779 830 2834 parvum
866 2774 957 2818 ω
997 2780 1244 2835 magnum
1277 2776 1402 2820 tunc
1429 2767 1681 2836 temporis
1709 2766 1776 2822 ad
1813 2761 1912 2822 de-

327 2857 624 2910 fensionem
657 2871 806 2911 suam
857 2855 1054 2912 aﬂerre
1101 2857 1392 2926 poterunt?
1438 2859 1548 2927 Ego
1586 2874 1714 2914 vero
1752 2859 1912 2914 etiam

329 2948 431 3002 hoc
465 2948 841 3018 gravissimum
865 2948 1120 3019 adiungo,
1162 2949 1302 3018 quod
1329 2965 1392 3004 ex
1419 2950 1607 3005 alienis
1635 2950 1914 3004 calamita-

331 3038 470 3090 tibus
499 3037 612 3092 ha:c
633 3047 1044 3107 congregarant.
1070 3039 1341 3107 Siquidem
1367 3039 1482 3095 hmc
1511 3040 1765 3110 propheta
1807 3057 1914 3096 non

332 3128 543 3195 posuit,
585 3127 678 3182 sed
707 3128 926 3183 delicias
951 3130 1124 3184 solum
1156 3131 1443 3201 redarguit.
1486 3132 1709 3200 Quando
1738 3143 1914 3189 autem

327 3218 482 3287 culpa
519 3218 690 3283 adest,
733 3219 861 3288 ipsis
891 3219 1099 3274 deliciis
1122 3222 1391 3287 atrocior,
1433 3224 1550 3292 quis
1579 3223 1650 3278 ab
1675 3233 1917 3279 extremo

329 3310 592 3378 supplicio
631 3325 756 3372 eos,
789 3311 878 3380 qtti
919 3311 1040 3365 talia
1081 3321 1329 3381 patrant,
1365 3314 1598 3383 eripiet?
1636 3316 1755 3385 quis
1784 3315 1915 3382 Noe,

327 3402 450 3470 quis
481 3400 601 3464 Job,
641 3402 764 3472 quis
799 3404 977 3458 Daniel
1019 3404 1360 3460 intercedat?
1401 3406 1587 3462 Nullus
1605 3408 1784 3476 plane.
1812 3407 1916 3462 Sed

333 3495 382 3547 in
407 3510 502 3548 eos
530 3495 631 3549 dici
663 3505 842 3577 potest
866 3536 882 3562 ,
931 3496 1238 3552 Ewdescet
1267 3501 1411 3569 furor
1433 3516 1576 3553 incus
1602 3501 1727 3554 sicut
1752 3504 1920 3570 fumus

333 3585 487 3654 (Isui.
513 3585 601 3640 65.
625 3587 699 3655 5).
734 3587 948 3652 Annon,
974 3603 1178 3656 quaso,
1203 3589 1324 3658 jure
1359 3592 1479 3659 quis
1519 3590 1594 3644 ira
1633 3589 1921 3661 furoreque

333 3677 666 3742 exardescat,
700 3678 807 3732 imo
831 3688 894 3734 et
925 3680 1319 3749 disrumpatur,
1349 3680 1563 3750 quando
1587 3681 1724 3735 alius
1763 3696 1831 3736 ne
1854 3683 1920 3736 iis

333 3769 545 3839 quidem
569 3811 586 3834 ,
616 3786 739 3839 qua:
763 3770 830 3825 ad
860 3772 1056 3826 vietum
1085 3772 1388 3828 necessaria
1419 3783 1536 3826 sunt
1557 3814 1574 3838 ,
1607 3772 1828 3838 fruitur,
1865 3783 1921 3827 tu

339 3876 462 3914 vero
491 3868 690 3913 tantum
718 3863 920 3930 argenti
950 3861 1142 3917 frustra
1193 3873 1244 3918 ct
1286 3863 1552 3917 incassum
1577 3904 1592 3927 ,
1639 3878 1702 3917 ac
1747 3878 1816 3919 ne
1853 3864 1921 3919 ad

336 3952 748 4008 ostentationem
795 3952 1051 4021 quidem,
1101 3953 1152 4008 in
1203 3968 1340 4022 opus
1385 3954 1682 4009 admoves?
1737 3953 1921 4023 Neque

335 4042 477 4096 enim
507 4043 586 4097 vel
631 4043 698 4098 ad
742 4043 844 4098 hoc
881 4043 974 4099 tibi
1005 4045 1132 4100 utile
1168 4046 1308 4110 erit;
1353 4045 1461 4099 imo
1501 4046 1554 4100 in
1598 4047 1918 4102 contrariam

1428 267 1516 324 DE
1552 251 2007 318 PRECATIONE.
2027 287 2094 296 ——
2114 249 2451 309 MONITUM.

3479 269 3584 325 ττι

2001 388 2238 432 νυνιθιυι·
2278 388 2502 447 partem.
2541 380 2622 435 Tu
2651 377 2792 432 enim
2821 386 2879 432 ut
2900 379 3096 432 clarior
3127 388 3179 433 et
3210 379 3467 438 illustrior
3487 389 3583 450 sis,

2004 468 2054 522 id
2078 469 2190 538 agis
2213 485 2228 534 ;
2267 468 2361 523 sed
2385 469 2708 523 contrarium
2736 468 2946 523 accidit.
2977 469 3089 524 Non
3116 472 3255 525 enim
3279 475 3585 542 spectabilis

2007 560 2332 629 illuSIrisque
2356 576 2434 622 es,
2476 559 2572 613 sed
2601 559 2670 614 ob
2702 559 3089 626 crudelitatem,
3123 565 3235 617 auri
3275 567 3580 635 cupidinem

2006 657 2061 703 et
2106 658 2343 704 extrema
2389 649 2583 719 flagitia
2637 661 2687 704 te
2730 665 2919 705 omnes
2965 653 3335 708 criminantur.
3381 657 3586 725 Quanta

2007 741 2145 795 enim
2191 741 2402 804 invidia,
2427 752 2654 810 quantus
2680 741 2834 808 livor,
2865 754 3119 812 quantum
3151 745 3328 800 odium
3351 789 3366 814 ,
3395 761 3589 820 quanta

2008 831 2317 886 mutationis
2347 833 2608 900 cupiditas
2635 833 2774 902 apud
2803 834 3028 888 omnes?
3057 835 3423 904 Blasphemias
3447 842 3588 895 enim

2007 925 2061 979 in
2113 925 2276 978 Deum
2321 927 2707 993 praetermitto,
2757 941 2890 995 quas
2938 927 3068 980 tales
3114 928 3312 983 divitia:
3359 933 3590 999 pariunt,

2009 1015 2219 1069 tametsi
2247 1024 2301 1068 et
2329 1015 2429 1070 hoc
2456 1016 2612 1085 longe
2641 1018 3014 1086 gravissimum
3046 1031 3159 1085 est,
3198 1032 3252 1075 et
3280 1024 3420 1091 quod
3454 1024 3590 1078 istud

2011 1105 2258 1176 praacedit
2280 1146 2294 1172 ,
2326 1115 2380 1160 et
2408 1108 2780 1177 quodcumque
2819 1108 3037 1175 dixeris,
3083 1110 3208 1164 illud
3243 1113 3333 1166 illo
3359 1114 3595 1170 deterius

2010 1198 2267 1252 invenies.
2314 1197 2482 1252 Secus
2523 1208 2870 1267 temperatam
2914 1215 2978 1255 ac
3007 1201 3302 1257 modestam
3331 1221 3596 1271 mensam,

2009 1307 2166 1359 quam
2195 1306 2294 1346 nec
2319 1291 2575 1361 propheta
2609 1292 2820 1360 irridet,
2852 1308 2951 1348 nec
2975 1293 3134 1349 homo
3162 1296 3459 1367 redarguit,
3497 1314 3597 1354 nec

2012 1382 2152 1436 Deus
2175 1383 2376 1451 culpat,
2412 1399 2516 1436 non
2547 1383 2685 1453 ignis
2713 1385 2880 1454 punit,
2909 1400 3066 1454 quam
3106 1403 3264 1442 nemo
3298 1400 3594 1456 aversatur,

2009 1483 2101 1526 aut
2125 1472 2250 1527 odio
2276 1473 2577 1544 invidiaque
2603 1477 2982 1545 prosequitur;
3013 1478 3107 1532 sed
3142 1481 3400 1549 approbat
3433 1483 3592 1548 Deus,

2013 1565 2328 1634 participant
2361 1567 2571 1635 angeli,
2602 1566 2823 1620 laudant
2861 1567 3122 1632 homines,
3171 1572 3358 1640 recipit
3385 1574 3594 1627 cmlnm.

2014 1657 2105 1709 llze
2128 1671 2327 1711 mensa:
2350 1657 2509 1711 etiam
2549 1659 2770 1728 angelos
2794 1670 3157 1729 exceperunt,
3187 1662 3290 1726 his,
3322 1679 3427 1718 non
3469 1666 3595 1731 illis,

2012 1747 2258 1802 Christus
2305 1748 2476 1804 adest.
2524 1749 2680 1804 Tales
2722 1759 2876 1804 erant
2938 1751 3315 1822 prophetarum
3377 1771 3595 1821 mensae,

2015 1841 2147 1893 tales
2174 1843 2562 1910 apostolorum,
2596 1843 2729 1896 tales
2761 1843 3049 1911 justorum.
3078 1844 3447 1916 Tyrannorum
3471 1862 3598 1902 vero

2011 1943 2064 1985 et
2105 1948 2312 1998 eorum,
2359 1935 2446 2002 qui
2491 1935 2540 1986 in
2588 1935 2744 1989 terris
2793 1934 2994 1990 nefarie
3025 1935 3434 2005 locupletantur,
3480 1953 3600 2007 quae

2015 2026 2296 2080 saltatores
2327 2025 2525 2080 habent
2569 2028 2807 2097 aliosque
2851 2027 2940 2097 qui
2987 2027 3038 2081 in
3081 2029 3371 2096 perniciem
3416 2030 3598 2084 mundi

2014 2120 2228 2184 vivunt,
2257 2119 2342 2173 ha:
2371 2120 2634 2176 latronum
2657 2161 2671 2185 ,
2702 2120 3176 2191 praestigiatorum,
3218 2131 3272 2176 et
3295 2136 3479 2175 eorum
3511 2123 3599 2192 qui
3687 2162 3690 2165 ι

2014 2213 2258 2282 sepulcra
2288 2211 2547 2269 effodiunt
2570 2229 2769 2268 mensa:
2797 2222 2938 2268 sunt.
2960 2213 3183 2281 Quando
3203 2214 3359 2269 talem
3378 2216 3602 2285 opponis

2017 2319 2294 2376 mensam,
2328 2305 2546 2376 angelus
2587 2305 2776 2371 resilit,
2823 2305 2964 2360 Deus
2989 2315 3368 2376 exasperatur,
3396 2305 3601 2361 daemo-

2019 2414 2141 2452 num
2172 2381 2421 2468 princeps
2445 2398 2640 2468 gaudet
2663 2415 2676 2462 ;
2708 2405 3026 2453 aversantur
3046 2438 3061 2460 ,
3089 2397 3322 2452 oderunt
3342 2407 3396 2452 et
3419 2407 3605 2452 conta-

2017 2489 2243 2545 bescunt
2268 2504 2374 2544 non
2410 2490 2610 2544 inimici
2648 2499 2874 2553 tantum,
2901 2488 2995 2543 sed
3022 2488 3180 2542 etiam
3211 2488 3268 2552 ii,
3303 2489 3392 2558 qui
3422 2488 3604 2544 mode-

2015 2583 2116 2636 rati
2163 2591 2220 2638 et
2267 2582 2473 2638 honesti
2515 2597 2635 2637 esse
2680 2582 2924 2636 homines
2967 2581 3254 2646 videntur,
3303 2590 3358 2636 et
3407 2583 3604 2636 invidia

2019 2675 2193 2743 potius
2223 2673 2583 2740 arrodantur,
2613 2688 2772 2744 quam
2818 2671 2901 2726 his
2939 2673 3297 2742 prtesentihus
3329 2671 3602 2727 fruuntur.

2017 2765 2247 2830 Quando
2270 2775 2446 2819 autem
2472 2765 2614 2818 illam
2637 2764 2872 2818 sobriam
2899 2777 2962 2816 ac
2983 2761 3276 2817 modestam
3299 2761 3419 2832 quis
3443 2777 3606 2832 appo-

2020 2858 2130 2923 nit,
2168 2857 2316 2911 nullo
2339 2854 2724 2910 redundant-em
2755 2854 2911 2921 luxu,
2937 2865 2991 2910 et
3019 2853 3335 2909 suavissima
3377 2862 3428 2908 et
3455 2862 3601 2924 grata

2019 2947 2208 3002 amicis
2236 2947 2485 3002 omnibus
2505 2945 2689 3014 fuerit,
2721 2955 2780 3002 et
2805 2947 2936 3014 Deo,
2963 2955 3017 3001 et
3041 2947 3266 3016 angelis,
3295 2957 3349 3002 et
3373 2945 3606 3000 homini-

2024 3040 2123 3096 bus
2147 3059 2159 3094 :
2185 3040 2391 3095 accedit
2413 3051 2466 3094 et
2489 3039 2793 3109 nnigenitus
2816 3039 2906 3093 Dei
2932 3039 3117 3093 Filius.
3150 3038 3606 3104 Quemadmodum

2020 3131 2164 3186 enim
2215 3129 2411 3186 fastum
2463 3130 2633 3197 fugit,
2681 3139 2840 3200 atque
2886 3144 3076 3184 omnes
3123 3129 3294 3184 altum
3341 3129 3608 3198 sapientes

2021 3237 2344 3294 omnemque
2374 3221 2659 3276 tumultum
2691 3230 2998 3287 aversatur,
3037 3221 3109 3275 ita
3144 3219 3330 3275 humili
3361 3229 3446 3274 est
3469 3220 3607 3274 ami-

2021 3330 2116 3371 cus
2136 3358 2150 3380 ,
2185 3315 2392 3386 ipsique
2419 3328 2633 3386 semper
2655 3314 2808 3369 adest
2827 3356 2840 3378 ,
2874 3315 3155 3384 ipsumque
3183 3320 3352 3367 totum
3379 3312 3609 3367 circum-

2023 3407 2195 3460 mnnit
2223 3416 2275 3461 et
2308 3415 2527 3460 tutatur.
2559 3405 2774 3460 Christo
2800 3414 2978 3459 autem
3021 3413 3285 3475 praesente
3311 3404 3440 3458 nihil
3467 3404 3608 3458 aliud

2024 3499 2390 3570 quarendum.
2416 3499 2542 3555 "me
2562 3514 2681 3554 cum
2705 3499 2956 3562 sciamus,
2983 3497 3183 3560 dilecti,
3211 3498 3298 3551 illa
3320 3496 3604 3568 fugiamus,

2025 3593 2140 3648 hmc
2167 3608 2570 3664 persequamur,
2605 3601 2662 3646 ut
2700 3593 2979 3662 prtesentia
3012 3598 3064 3644 et
3108 3590 3280 3643 futura
3309 3589 3446 3643 bona
3475 3603 3606 3643 con-

2027 3698 2318 3753 sequamur
2339 3724 2351 3746 ,
2383 3685 2549 3752 gratia
2593 3691 2647 3738 et
2688 3681 3016 3751 benignitate
3045 3678 3252 3733 Domini
3282 3677 3448 3732 nostri
3477 3677 3606 3732 Iesu

2025 3775 2245 3840 Christi,
2285 3775 2500 3844 quicum
2529 3773 2673 3828 Patri
2703 3772 2891 3842 gloria,
2929 3771 3104 3826 honor
3133 3785 3234 3823 una
3262 3784 3382 3823 cum
3423 3779 3608 3823 sttncto

2025 3866 2262 3936 Spiritu,
2304 3880 2447 3921 nunc
2486 3874 2542 3920 et
2583 3880 2833 3935 semper,
2880 3874 2935 3919 et
2963 3864 3014 3919 in
3043 3863 3238 3918 smcula
3267 3861 3606 3916 smculorntu.

2026 3961 2217 4014 Amen.

1772 4840 2176 4924 MONITUM'.

303 5136 309 5152 ‘
350 5130 545 5187 \‘erum
575 5135 664 5188 hic
691 5152 802 5189 non
834 5151 1021 5204 preces
1050 5145 1330 5205 perpetuo,
1355 5136 1695 5193 seda-ssidue
1725 5146 1934 5192 tantum
1973 5145 2026 5193 et
2057 5137 2373 5208 frequenter
2409 5138 2740 5194 emittendas
2777 5153 2902 5195 esse
2939 5139 3183 5196 docetur.
3209 5141 3365 5208 Quod
3390 5153 3443 5197 et
3473 5141 3603 5196 alibi

343 5248 402 5304 S.
436 5251 626 5307 doctor
654 5253 928 5324 etquique
952 5254 1274 5310 Christianze
1307 5255 1428 5309 vita:
1455 5257 1699 5328 magistri
1723 5255 2088 5326 deprmdicant
2119 5273 2133 5310 :
2167 5257 2520 5327 quamobrem
2551 5257 2685 5311 nihil
2716 5257 2842 5312 hinc
2864 5260 3193 5328 suspicionis
3227 5261 3375 5314 nasci
3402 5269 3602 5328 potest.

345 5365 544 5419 Verum
580 5364 723 5419 aliud
753 5366 913 5435 ohjici
953 5377 1130 5438 potest
1183 5369 1326 5439 quod
1361 5370 1634 5440 negotium
1675 5368 1906 5424 facessat
1937 5389 1951 5424 :
1981 5371 2180 5426 librum
2229 5370 2598 5428 Ecclesiastici
2648 5374 2764 5428 sive
2801 5372 2927 5428 Jesu
2958 5373 3048 5425 lilii
3083 5371 3272 5427 Sirach
3314 5373 3593 5446 Salomoni

340 5474 542 5528 diserte
573 5476 867 5538 adscribit,
897 5480 1040 5546 quod
1077 5479 1263 5534 nescio
1297 5496 1381 5535 an.
1413 5481 1550 5534 alias
1580 5481 1722 5551 apud
1753 5482 2208 5554 Chrysoslonium
2241 5487 2505 5556 reperias.
2535 5486 2629 5541 llis
2661 5486 2889 5558 permoti
2933 5485 3244 5545 rationibus
3279 5489 3440 5544 hasce
3467 5489 3605 5547 duas

349 5594 627 5651 orationes
657 5595 798 5651 inter
821 5596 1270 5670 ἀμφιϐαλλόμενα
1302 5600 1608 5670 posuimus.

416 5729 788 5801 lntcrpretatio
813 5733 999 5791 Latina
1028 5748 1107 5792 est
1141 5737 1422 5810 l‘mnponii
1454 5739 1714 5807 Brunelli,
1749 5741 1838 5797 sed
1882 5744 2066 5801 multis
2099 5747 2149 5802 in
2183 5749 2317 5806 locis
2345 5753 2651 5809 emendata.
