4092 6194
554 272 655 326 775

1298 272 1353 329 S.
1386 271 1665 330 JOANNIS
1702 270 2179 331 CHRYSOSTOMI
2219 273 2536 332 ARClllEP.
2577 278 3113 339 CONSTANTINOP.

1402 497 1947 583 EJUSDEM
1992 497 2157 630 'DE
2202 496 2971 589 PRECATIONE.

2580 419 2899 427 Μ

2901 422 3137 431 —————__

1997 648 2343 694 ππτητιςτ

1156 780 1375 822 omne:

623 860 775 928 Quod
800 860 964 914 sancti
1010 858 1251 928 precandi
1292 858 1540 927 formulas
1579 856 1868 926 scripserint
1909 853 2129 907 laetatur.

555 952 873 1007 Putationis
898 952 970 1006 ris
994 950 1392 1006 commendatur.
1420 980 1494 992 —-
1547 949 1689 1004 Duas
1714 947 1783 1002 ob
1812 958 1999 1001 causas
2036 941 2130 998 Dei

547 1045 780 1098 cultores
808 1042 1100 1097 admirandi
1123 1052 1246 1097 sunt
1270 1058 1331 1097 ac
1344 1042 1479 1097 beati
1502 1039 1772 1111 iudicandi
1806 1055 1819 1091 :
1851 1046 1961 1092 tum
1990 1034 2130 1105 quod

546 1152 695 1205 spem
739 1136 926 1190 salutis
951 1152 1061 1190 sum
1092 1137 1143 1190 in
1173 1137 1373 1191 sanetis
1422 1135 1669 1204 precibus
1712 1130 2127 1193 collocaverint,

549 1238 657 1282 tum
703 1227 865 1298 quod,
898 1243 1017 1282 cum
1042 1228 1271 1299 hymnos
1296 1236 1350 1282 et
1377 1225 1627 1295 precandi
1680 1223 1967 1285 formulas,
1996 1234 2129 1290 quas

550 1320 658 1373 Deo
678 1334 797 1374 cum
842 1318 1018 1373 laztitia
1046 1334 1109 1374 ac
1130 1320 1321 1374 timore
1345 1317 1670 1381 offerebant,
1704 1315 1870 1369 literis
1901 1312 2127 1368 manda-

549 1422 688 1475 rent,
734 1409 889 1466 nobis
912 1426 1124 1481 quoque
1150 1426 1302 1466 suum
1333 1410 1641 1464 thesaurum
1672 1405 2015 1469 tradiderint,
2066 1412 2128 1458 ut

544 1518 761 1558 omnem
781 1502 1143 1573 posteritatem
1170 1510 1391 1572 possent
1416 1500 1479 1554 ad
1501 1514 1561 1554 se
1589 1498 1877 1553 imitandos
1890 1497 2122 1552 allicere.

545 1595 650 1649 l’ar
669 1605 752 1650 est
775 1595 916 1649 enim
943 1594 1220 1648 doctorum
1251 1607 1435 1646 mores
1459 1591 1525 1646 ad
1555 1605 1651 1646 eos
1675 1590 1977 1660 pervenire,
2035 1588 2124 1656 qui

544 1687 674 1752 ipsis
725 1686 855 1741 dant
897 1702 1154 1757 operam:
1184 1686 1420 1755 itemque
1464 1701 1558 1753 par
1610 1694 1695 1739 est
1740 1681 2123 1754 prophetarum

541 1776 834 1843 discipulos
866 1775 1161 1830 imitatores
1190 1791 1378 1829 eorum
1404 1774 1778 1841 essejustitim,
1809 1773 1877 1827 ita
1896 1772 2123 1825 utvitam

548 1876 781 1919 nostrain
817 1867 868 1919 in
897 1865 1143 1933 precibus
1180 1865 1379 1934 Deique
1394 1863 1540 1918 cultu
1575 1872 1837 1934 perpetuo
1876 1861 2123 1916 traduca—

543 1974 683 2021 mus,
711 1967 871 2025 atque
896 1958 947 2010 in
970 1973 1029 2010 ea
1063 1971 1121 2010 re
1151 1957 1336 2017 vitam,
1370 1954 1750 2020 valetudinem,
1772 1954 2006 2019 divitias,
2031 1953 2125 2007 bo-

541 2065 729 2103 norum
763 2051 917 2103 linem
940 2048 1179 2118 positum
1206 2063 1327 2102 esse
1352 2062 1691 2111 censeamus,
1722 2056 1780 2099 ut
1805 2046 1967 2103 Deum
1992 2060 2124 2112 puro

538 2150 594 2194 et
621 2143 926 2210 incorrupto
954 2140 1133 2194 animo
1161 2139 1530 2207 deprecemur.
1560 2137 1771 2192 Etenim
1798 2178 1815 2203 ,
1843 2145 1901 2189 ut
1928 2150 2123 2204 corpus

540 2232 669 2286 solis
697 2233 918 2297 lumine,
963 2232 1039 2285 sic
1060 2232 1276 2285 animus
1302 2231 1666 2300 precationum
1701 2228 1867 2284 radiis
1894 2228 2126 2282 illustra-

541 2334 644 2378 tur.
680 2323 735 2379 Si
763 2339 891 2392 ergo
908 2323 1045 2378 'czeci
1094 2321 1368 2377 calamitas
1401 2328 1484 2375 est
1514 2321 1693 2381 solem
1736 2320 1976 2389 aspicere
2017 2334 2121 2374 non

540 2431 715 2485 posse,
741 2424 935 2484 quanta
959 2413 1170 2468 tandem
1193 2423 1274 2467 est
1301 2411 1591 2466 Christiani
1618 2412 1717 2466 viri
1743 2411 1949 2480 jactura
1971 2452 1987 2477 ,
2015 2425 2119 2464 non

538 2506 753 2562 assidue
781 2506 946 2560 Deum
968 2504 1172 2575 precari
1199 2502 1504 2573 Christique
1533 2501 1875 2572 splendorem
1904 2501 1956 2554 in
2006 2500 2123 2554 ani-

539 2614 681 2652 mum
716 2597 958 2668 precibus
994 2596 1229 2651 inferre?
1257 2594 1372 2650 Jam
1423 2609 1549 2648 vero
1597 2593 1689 2648 Dei
1742 2592 2119 2660 benignitatem

536 2702 696 2761 atque
741 2690 1073 2744 clementiam
1110 2687 1232 2757 quis
1256 2702 1359 2741 non
1402 2686 1715 2749 admiretur,
1745 2685 1866 2754 quis
1890 2699 1997 2737 non
2025 2699 2117 2736 su-

534 2786 725 2855 spiciat
748 2825 764 2849 ,
809 2798 969 2854 quam
998 2781 1151 2836 nobis
1174 2781 1429 2844 ostendit,
1461 2794 1582 2835 eum
1629 2787 1830 2833 tantum
1862 2776 2117 2831 honorem

534 2877 841 2932 luminibus
868 2873 1095 2938 deferat,
1120 2881 1177 2928 ιιι
1202 2888 1295 2928 eos
1324 2872 1631 2942 precatione
1657 2884 1722 2925 ac
1747 2882 2116 2923 sua.consue-

533 2969 716 3023 tudine
741 2966 1027 3036 dignetur?
1058 2966 1261 3019 Etenim
1292 2978 1412 3018 cum
1443 2963 1554 3017 Deo
1569 2978 1629 3017 re
1646 2977 1770 3017 vera
1798 2958 2118 3029 precationis

536 3074 775 3129 tempore
806 3058 1177 3127 colloquimur,
1228 3071 1331 3127 qua
1353 3071 1473 3110 eum
1500 3054 1701 3125 angelis
1729 3068 1942 3123 quoque
1989 3066 2119 3105 con-

529 3154 821 3225 iungimur,
849 3166 951 3221 qua
973 3151 1129 3219 longe
1158 3164 1187 3203 a
1212 3148 1473 3220 pecudum
1504 3146 1763 3201 societate
1794 3144 2114 3200 recedimus.

533 3245 859 3316 Angelorum
889 3254 970 3299 est
991 3242 1131 3297 enim
1163 3240 1420 3310 precatio,
1448 3254 1567 3307 qua:
1588 3237 1669 3291 vel
1692 3252 1878 3292 eorum
1901 3245 2117 3304 superat

533 3337 869 3407 dignitatem,
914 3332 1198 3402 siquidem
1249 3346 1370 3385 cum
1422 3331 1532 3383 Deo
1578 3327 1722 3398 loqui
1780 3325 2116 3396 praestantius

531 3425 783 3494 quiddam
806 3434 907 3480 est.
937 3425 1112 3491 Atque
1144 3421 1196 3475 id
1219 3421 1316 3489 ipsi
1360 3434 1458 3473 nos
1486 3419 1718 3483 docent,
1776 3417 1866 3487 qui
1923 3430 2114 3485 magno

532 3520 722 3574 timore
752 3530 937 3586 preces
958 3512 1209 3575 ofierunt,
1238 3525 1442 3580 nosque
1467 3509 1775 3571 admonent,
1799 3505 1976 3569 nobis,
2022 3505 2112 3574 qui

530 3611 594 3665 ad
626 3611 786 3664 Deum
810 3606 1114 3665 accedimus
1134 3647 1148 3670 ,
1205 3605 1448 3658 timorem
1473 3616 1593 3656 esse
1613 3598 1769 3653 simul
1797 3610 1851 3654 et
1876 3599 2111 3653 laetitiam

527 3699 917 3757 adhibendam:
950 3697 1242 3754 timendum
1263 3696 1502 3767 quidem,
1526 3692 1859 3757 verentibus,
1900 3706 1967 3745 ne
1994 3706 2114 3761 prc-

528 3794 737 3849 catione
759 3792 955 3861 indigni
986 3805 1109 3846 esse
1136 3788 1452 3853 videamur;
1478 3786 1662 3841 laetitia
1691 3800 1787 3840 nos
1826 3792 2001 3838 tamen
2045 3798 2108 3836 ex

531 3887 747 3941 honoris
776 3883 1140 3955 magnitudine
1170 3879 1410 3952 perfundi
1452 3888 1723 3948 Oportere,
1771 3876 1913 3947 quod
1963 3881 2109 3928 tanta

526 3995 589 4032 ac
619 3977 709 4031 tali
737 3975 1063 4047 providentia
1089 3972 1313 4026 mortale
1340 3984 1504 4041 genus
1528 3968 1859 4032 honestetur,
1891 3974 1947 4019 ut
1972 3965 2110 4020 assi-

526 4070 632 4124 duo
666 4068 753 4122 Dei
770 4080 1059 4135 congressu
1086 4063 1409 4135 perfruatur,
1435 4078 1501 4116 ex
1528 4076 1636 4131 quo
1650 4069 1703 4113 et
1729 4076 1759 4113 a
1789 4057 2111 4112 mortalitate

530 4171 584 4215 et
612 4175 640 4213 a
672 4162 792 4214 vitae
818 4157 1085 4213 curriculo
1113 4156 1305 4225 exiguo
1328 4163 1566 4223 tempore
1586 4152 1988 4219 circumscripto
2026 4166 2111 4203 re-

528 4254 806 4309 cedimus:
835 4252 1031 4323 quippe
1058 4250 1147 4320 qui
1178 4249 1386 4303 tametsi
1416 4256 1601 4300 natura
1634 4244 1903 4305 mortales,
1930 4243 1999 4297 ob
2013 4241 2109 4296 Dei

530 4358 706 4398 tamen
729 4342 1173 4400 consuetudinem
1206 4339 1521 4395 familiarem
1545 4336 1611 4390 ad
1644 4337 1804 4388 vitam
1830 4333 2108 4404 progredi-

530 4454 649 4491 mur
674 4436 1053 4490 immortalem.
1081 4434 1287 4487 Etenim
1319 4428 1408 4501 qui
1459 4446 1577 4485 cum
1626 4430 1736 4484 Deo
1776 4427 2110 4482 familiariter

528 4537 790 4591 versatur,
825 4535 998 4581 morte
1027 4526 1177 4578 illum
1208 4522 1690 4593 omniqueinteritu
1716 4519 1977 4590 potiorem
1989 4534 2109 4573 esse

529 4635 747 4675 necesse
768 4626 869 4673 est.
902 4619 1094 4686 Atque,
1119 4624 1174 4669 ut
1199 4624 1281 4669 est
1308 4614 1525 4668 omnino
1554 4627 1794 4675 necesse,
1844 4611 1931 4681 qui
1979 4609 2110 4663 solis

529 4711 691 4766 radiis
722 4708 973 4779 potiatur,
1000 4722 1029 4760 a
1052 4706 1284 4761 tenebris
1307 4706 1487 4775 procul
1512 4704 1700 4758 abesse
1725 4719 1737 4754 :
1771 4704 1839 4755 ita
1862 4702 1951 4756 Dei
1982 4716 2111 4755 eon-

528 4803 813 4861 suetudine
868 4802 1128 4857 fruentem
1181 4815 1403 4856 necesse
1445 4808 1529 4855 est
1575 4814 1679 4851 non
1726 4797 1952 4866 amplius
1989 4811 2110 4851 esse

529 4896 808 4950 mortalem
839 4912 851 4947 :
882 4908 982 4947 nos
1002 4892 1143 4947 enim
1170 4891 1236 4945 ad
1268 4888 1725 4945 immortalitatem
1754 4886 1864 4955 ipsa
1888 4872 2106 4941 honoris

527 4985 834 5057 magnitudo
859 4985 1109 5040 traducit.
1132 4982 1264 5038 Nam
1301 4983 1383 5045 si,
1406 4982 1493 5051 qui
1522 4995 1699 5049 regem
1728 4980 2066 5049 alloquuntur
2088 5020 2104 5048 ,

527 5090 583 5149 et
645 5078 781 5148 apud
816 5078 960 5131 illum
998 5077 1169 5131 locum
1213 5073 1456 5128 obtinent
1509 5073 1800 5143 dignitatis,
1842 5074 1956 5138 fieri
2003 5088 2105 5126 non

532 5180 730 5240 potest,
755 5179 810 5223 ut
835 5168 1035 5238 .inopia
1076 5167 1337 5229 laborent,
1368 5166 1479 5219 fieri
1511 5164 1730 5219 omnino
1767 5166 1923 5234 longe
1969 5165 2109 5220 diffi-

523 5263 679 5317 cilius
703 5271 901 5333 potest,
924 5269 980 5312 ut
1006 5257 1096 5329 qui
1124 5255 1392 5325 supplices
1416 5255 1481 5310 ad
1508 5255 1670 5310 Deum
1715 5255 2010 5321 accedunt,
2055 5265 2109 5311 et

525 5371 645 5409 cum
674 5370 739 5409 eo
772 5353 1170 5419 colloquuntur,
1190 5348 1439 5403 mortales
1454 5348 1663 5402 animos
1690 5349 2061 5403 nanciscantur
2087 5362 2101 5400 :

526 5467 673 5505 mors
703 5449 844 5503 enim
874 5455 959 5499 est
984 5442 1145 5498 animi
1178 5440 1282 5497 vita
1310 5456 1338 5494 a
1362 5441 1560 5511 pietate
1585 5455 1648 5495 ac
1676 5440 1880 5510 legibus
1907 5440 2103 5494 aliena.

529 5539 779 5609 Ejusdem
802 5537 962 5606 igitur
978 5535 1141 5590 animi
1170 5534 1277 5588 vita
1303 5541 1579 5588 constatet
1608 5532 1865 5601 religione
1886 5573 1902 5597 ,
1930 5540 1985 5588 et
2012 5545 2104 5587 ac-

527 5633 762 5689 tionibus
792 5628 1034 5692 viveudt,
1087 5641 1205 5694 qua:
1254 5640 1375 5679 cum
1420 5624 1677 5695 religione
1723 5624 2103 5681 consentiant:

590 5727 663 5784 lc)
697 5723 872 5775 allata
892 5734 997 5771 cum
1015 5728 1102 5773 Ms.
1119 5719 1248 5770 Colb.
1291 5718 1423 5769 i030.

2240 758 2384 826 atqui
2435 760 2595 815 vitam
2635 776 2871 824 sanctam
2910 788 2972 827 ac
3009 774 3192 832 divino
3239 782 3401 838 cultui
3442 802 3814 861 congruentem

2239 866 2427 920 preces
2452 855 2697 923 afferunt,
2727 871 2782 917 et
2814 864 2865 917 in
2891 867 3098 923 animos
3115 882 3326 928 nostros
3345 855 3619 940 mirificam
3639 904 3814 944 rerum

2237 945 2474 1036 omnium
2531 952 2879 1017 pretiosarum
2925 961 3134 1030 copiam
3184 970 3499 1026 recondunt.
3528 975 3659 1031 Nam
3709 984 3820 1036 sive

2238 1034 2497 1131 quispiam
2528 1041 2878 1110 virginitatem
2907 1049 3185 1120 adamarit,
3218 1071 3330 1113 snve
3358 1065 3660 1131 nuptiarum
3685 1080 3819 1125 tem-

2234 1127 2529 1193 perantiam
2551 1132 2688 1186 colat
2711 1175 2725 1199 ,
2753 1138 2865 1192 sive
2904 1140 3232 1200 iracundiam
3259 1127 3548 1222 continere,
3585 1168 3643 1211 et
3670 1178 3820 1216 man-

2233 1226 2386 1272 suete
2410 1225 2728 1290 agere,siv_e
2750 1227 2945 1285 invidia
2975 1249 3164 1289 vacare
3204 1249 3296 1293 aut
3331 1242 3472 1297 aliud
3497 1249 3626 1316 quid
3654 1251 3816 1308 ofﬁcii

2234 1320 2489 1403 praestare
2517 1316 2734 1383 nitatur,
2767 1326 3073 1389 precatione
3096 1328 3249 1392 duce,
3292 1343 3345 1386 et
3360 1333 3664 1403 hujusmodi
3689 1345 3813 1399 vita:

2233 1401 2372 1455 viam
2398 1406 2690 1474 muniente,
2721 1413 3024 1481 expeditum
3056 1417 3272 1477 habebit
3293 1434 3347 1479 et
3368 1401 3573 1485 facilem
3604 1434 3817 1501 pietatis

2233 1506 2448 1596 curs-um
2472 1513 2609 1596 :non
2634 1502 2775 1555 enim
2794 1503 2907 1559 ﬁeri
2923 1507 3032 1561 ullo
3052 1511 3211 1566 modo
3224 1524 3418 1582 potest,
3435 1528 3491 1573 ut
3505 1524 3593 1591 qui
3610 1534 3814 1596 tempe-

2231 1585 2480 1652 rantiatn,
2488 1590 2765 1659 justitiam,
2781 1600 3256 1668 mansuetudinem,
3272 1585 3645 1679 benignitatem
3659 1632 3688 1670 a
3704 1585 3817 1675 lico

2234 1683 2434 1772 petunt,
2451 1694 2554 1733 non
2566 1684 2670 1736 voti
2682 1696 2955 1754 compotes
2969 1689 3639 1772 ﬁant.Petiteenim,inquit.
3655 1717 3699 1761 et
3715 1711 3815 1763 da-

2230 1765 2362 1819 bitur
2373 1769 2509 1869 uobis
2533 1770 2738 1869 (Matth.
2753 1774 2997 1848 7.7),etc.
3019 1780 3195 1839 Omnis
3210 1788 3341 1840 enim
3354 1765 3438 1860 qui
3451 1765 3590 1860 petit,
3606 1800 3812 1869 accipit,

2230 1867 2276 1953 et
2304 1861 2391 1953 qui
2404 1866 2623 1953 "quierit,
2647 1865 2850 1932 invenit,
2868 1880 2914 1922 et
2935 1874 3156 1940 pulsanti
3174 1879 3423 1945 aperietur
3438 1882 3573 1953 (Luc
3602 1861 3811 1952 11.1.0).

2230 1947 2297 2001 Et
2343 1950 2468 2005 alibi
2509 1970 2691 2010 rursus
2721 1972 2733 2011 :
2766 1958 2890 2026 Quis
2918 1971 3018 2027 est,
3047 1963 3235 2034 inquit,
3264 1985 3327 2021 ea:
3372 1947 3524 2036 vobis,
3552 1992 3589 2027 a
3632 1947 3753 2045 quo-
3770 1982 3816 2034 si

2230 2042 2424 2109 petierit
2447 2044 2584 2111 [ilius
2602 2063 2723 2100 suus
2747 2066 2926 2117 panem
2948 2093 2963 2118 ,
2992 2070 3112 2108 num
3138 2057 3357 2126 lapidem
3383 2063 3519 2117 dabit
3547 2068 3593 2119 ei
3608 2042 3652 2119 .9-
3670 2071 3749 2123 rel
3770 2074 3815 2124 si

2230 2134 2415 2199 piscem
2446 2138 2659 2204 petierit,
2706 2157 2826 2193 num
2851 2156 3123 2210 serpentem
3152 2150 3290 2202 dabit
3318 2154 3365 2204 ei
3374 2155 3399 2206 .9
3423 2154 3481 2208 Si
3522 2157 3677 2227 igitur
3700 2178 3814 2227 res,

2229 2239 2341 2321 cum
2362 2226 2484 2279 mali
2501 2227 2630 2293 sitis,
2659 2232 2816 2285 nostis
2831 2232 2958 2286 bona
2974 2236 3097 2290 dare
3109 2238 3231 2305 [iliis
3248 2244 3628 2314 vestris,quanto
3649 2254 3815 2321 magis

2229 2314 2385 2370 Pater
2395 2331 2550 2374 vester
2565 2322 2773 2377 caelestis
2793 2324 2928 2379 dabit
2946 2327 3192 2398 Spiritum
3204 2344 3430 2387 sanctum
3452 2314 3815 2407 petentibusvse

2228 2408 2385 2479 (Ibid.
2404 2429 2452 2466 υ.
2486 2414 2602 2468 H-i
2615 2417 2707 2485 3)?
2732 2417 2823 2472 His
2854 2421 3058 2486 verbis,
3086 2432 3137 2476 et
3170 2422 3271 2479 hac
3291 2443 3383 2497 spe
3416 2435 3681 2500 proposita
3703 2478 3718 2501 ,
3744 2439 3810 2491 ad

2226 2504 2588 2570 precationem
2607 2522 2705 2563 nos
2723 2524 2902 2564 rerum
2924 2513 3157 2568 omnium
3188 2516 3441 2574 Dominus
3460 2526 3776 2581 cohortatur
3796 2547 3809 2581 :

2226 2607 2324 2646 nos
2371 2611 2497 2649 vero
2540 2597 2694 2653 decet
2735 2600 3159 2674 obtemperantes
3201 2609 3328 2673 Deo,
3373 2614 3424 2667 in
3467 2616 3711 2671 laudibus
3745 2636 3813 2674 ac

2227 2686 2473 2753 precibus
2505 2699 2760 2757 perpetuo
2787 2693 2982 2760 vivere,
3020 2696 3091 2751 ita
3122 2706 3178 2751 ut
3200 2699 3291 2754 Dei
3317 2704 3477 2757 cultui
3506 2723 3665 2775 quam
3695 2712 3812 2765 ani-

2225 2778 2325 2832 mis
2351 2780 2549 2834 nostris
2571 2784 2769 2838 arctius
2798 2784 3096 2844 bzereamus
3121 2807 3134 2843 :
3166 2792 3238 2846 ita
3264 2794 3406 2849 enim
3451 2796 3633 2853 licebit
3656 2802 3813 2858 nobis

2224 2871 2383 2923 vitam
2440 2871 2741 2928 hominibus
2798 2876 3010 2948 dignam
3066 2896 3244 2951 agere.
3301 2885 3433 2940 Nam
3486 2890 3815 2962 quicumque

2227 2963 2392 3018 Deum
2432 2980 2535 3019 non
2581 2977 2843 3036 precatur,
2874 2986 3045 3041 neque
3087 2974 3274 3032 divino
3302 2979 3569 3051 colloquio
3593 2986 3812 3042 assidue

2222 3053 2323 3109 frui
2362 3058 2539 3126 cupit,
2586 3071 2827 3116 mortuus
2871 3074 2954 3118 est
2992 3077 3047 3119 et
3091 3068 3266 3122 anima
3321 3085 3592 3142 sensuque
3638 3088 3806 3132 caret.

2221 3146 2353 3201 Illud
2377 3157 2460 3203 est
2487 3151 2771 3206 maximum
2802 3155 3039 3210 stultitia:
3062 3171 3125 3211 ac
3152 3161 3383 3228 stuporis
3406 3176 3810 3232 argumentum,

2219 3238 2262 3291 si
2308 3238 2529 3295 honoris
2570 3240 2728 3312 hujus
2773 3248 3081 3315 magnitudo
3125 3251 3427 3325 ignoratur,
3471 3256 3514 3309 si
3568 3260 3809 3325 prec-ilio

2220 3347 2325 3386 non
2367 3345 2595 3400 amatur,
2637 3337 2681 3390 si
2730 3352 2833 3391 non
2878 3341 3070 3395 anima:
3101 3324 3247 3397 mors
3290 3361 3410 3400 esse
3448 3324 3806 3418 existimatur,

2220 3422 2385 3477 Deum
2425 3440 2530 3479 nou
2571 3426 2813 3483 adorare.
2847 3429 2917 3485 Ut
2949 3432 3090 3487 enim
3133 3448 3325 3506 corpus
3374 3439 3473 3492 hoc
3518 3453 3760 3495 nostrum
3786 3486 3805 3508 ,

2217 3531 2335 3571 cum
2382 3519 2594 3574 animus
2633 3521 2814 3586 abest,
2860 3532 3126 3579 mortuum
3165 3538 3247 3582 est
3296 3544 3362 3584 ac
3402 3531 3640 3587 foetidum
3675 3552 3691 3590 :
3734 3537 3805 3589 ita

2218 3609 2317 3662 nisi
2348 3624 2407 3665 se
2432 3612 2641 3667 animus
2685 3612 2751 3668 ad
2782 3617 3141 3683 precationem
3173 3622 3386 3685 excitat,
3426 3634 3663 3678 mortuus
3693 3637 3803 3687 est,

2218 3701 2399 3767 miser,
2428 3717 2491 3757 ac
2529 3702 2767 3759 foetidos.
2816 3708 2975 3773 Atqui
3013 3711 3198 3778 quavis
3235 3721 3406 3768 morte
3432 3716 3673 3770 acerbius
3704 3733 3808 3786 pn-

2218 3790 2432 3844 tandum
2476 3806 2597 3846 esse
2643 3797 2945 3862 precatione
2987 3799 3236 3867 spoliari,
3270 3817 3488 3872 magnus
3532 3805 3623 3860 ille
3674 3822 3806 3877 pro-

2217 3879 2371 3947 pheta
2402 3897 2500 3935 nos
2524 3882 2704 3939 Daniel
2730 3884 2907 3953 docet,
2929 3888 3017 3957 qui
3044 3892 3175 3943 mori
3207 3893 3411 3958 maluit,
3434 3910 3595 3962 quam
3626 3899 3802 3954 tribus

2214 3969 2403 4025 diebus
2425 3986 2453 4025 a
2497 3974 2745 4043 precibus
2771 3992 2958 4031 vacare
2991 3977 3152 4050 (Dan.
3179 3980 3232 4035 6.
3277 3980 3386 4053 10).
3431 3984 3616 4055 Neque
3654 3990 3799 4055 enim

2214 4073 2271 4116 ut
2300 4074 2481 4119 contra
2515 4067 2760 4135 pietatem
2805 4070 3000 4140 aliquid
3044 4071 3258 4139 iaceret,
3291 4052 3545 4144 prtecepit
3575 4052 3675 4131 rex.
3710 4080 3801 4134 ilic

2216 4157 2519 4225 Persarum,
2560 4161 2650 4212 sed
2682 4161 2808 4214 illud
2851 4162 3062 4232 agebat,
3092 4172 3149 4217 ut
3170 4166 3324 4218 trium
3365 4166 3572 4220 dierum
3613 4183 3804 4222 cessa-

2216 4248 2415 4302 tionem
2453 4252 2730 4318 reperiret.
2763 4252 2894 4306 Nam
2925 4254 3041 4308 sine
3064 4254 3243 4309 divino
3273 4267 3399 4309 nutu
3443 4259 3642 4312 bonum
3676 4261 3799 4312 ttul-

2215 4339 2321 4392 lum
2355 4341 2405 4393 iu
2451 4354 2663 4396 noszros
2700 4343 2907 4397 animos
2941 4348 3150 4399 venerit
3180 4364 3194 4399 :
3235 4356 3391 4401 nutus
3420 4364 3547 4401 vero
3584 4348 3803 4402 divinus

2214 4431 2422 4486 labores
2464 4433 2739 4488 nobiscum
2782 4436 3117 4504 aggreditur,
3152 4453 3348 4507 eosque
3391 4440 3644 4508 praeclare
3670 4442 3806 4495 sub-

2215 4521 2373 4587 levat,
2417 4524 2461 4575 si
2493 4539 2676 4592 preces
2709 4525 2886 4581 videat
2913 4543 2941 4581 a
2970 4528 3123 4582 nobis
3150 4529 3321 4599 diligi,
3353 4546 3557 4595 nostiue
3584 4532 3805 4586 assidue

2216 4611 2380 4665 Deum
2431 4628 2588 4668 orare
2632 4630 2696 4668 ac
2738 4630 2957 4684 sperare
2998 4627 3187 4672 cuncta
3242 4620 3366 4674 inde
3410 4621 3475 4675 ad
3527 4636 3626 4675 nos
3659 4622 3807 4678 bona

2212 4700 2547 4758 descensura.
2604 4705 2826 4773 Quando
2865 4707 3023 4777 igitur
3061 4711 3289 4785 aliquem
3335 4711 3493 4765 video
3535 4728 3565 4765 a
3614 4729 3807 4782 preca-

2215 4794 2372 4849 tionis
2400 4795 2577 4851 studio
2617 4797 2828 4864 abesse,
2875 4815 3048 4870 neque
3092 4801 3234 4857 illius
3273 4802 3476 4857 ardenti
3523 4820 3586 4859 ac
3631 4804 3805 4860 vehe-

2214 4885 2376 4940 menti
2407 4901 2591 4942 amore
2636 4889 2823 4953 teneri,
2865 4889 2973 4959 jam
3006 4892 3133 4945 mihi
3164 4893 3491 4961 exploratum
3523 4904 3626 4957 est,
3662 4897 3801 4949 nihil

2212 4979 2280 5033 ab
2304 4995 2369 5034 eo
2395 4981 2751 5049 magnificum,
2775 4983 2903 5036 nihil
2930 4984 3240 5053 pnuclarum
3266 4986 3544 5054 possideri.
3568 4988 3805 5055 Quando

2213 5088 2342 5127 vero
2393 5073 2620 5144 aliquem
2667 5090 2834 5130 cerno
2878 5076 2930 5130 in
2974 5077 3083 5131 Deo
3121 5079 3346 5133 colendo
3394 5080 3509 5133 sine
3553 5079 3811 5134 salit-tate

2216 5165 2521 5236 persistere,
2548 5168 2743 5237 quique
2769 5184 2875 5223 non
2904 5169 3109 5239 precari
3138 5170 3350 5225 assidue
3380 5172 3430 5224 in
3461 5173 3667 5241 magnis
3693 5188 3806 5224 nn-

2214 5264 2387 5311 meret
2429 5256 2799 5325 detrimentis,
2830 5261 3069 5315 omnium
3108 5261 3255 5315 illum
3296 5262 3548 5316 virtutum
3594 5264 3803 5316 acerri-

2214 5363 2359 5404 mum
2390 5348 2672 5409 cultorem.
2709 5350 2905 5422 Deique
2936 5352 3187 5421 templum
3216 5368 3335 5408 esse
3363 5353 3615 5422 conjicio.
3645 5353 3807 5420 Quod

2214 5439 2257 5493 si
2304 5440 2528 5495 amictus
2574 5440 2826 5509 hominis,
2862 5444 3053 5514 pedum
3099 5460 3346 5515 gressus,
3377 5456 3433 5501 et
3471 5447 3614 5500 risus
3673 5446 3808 5501 den:

2214 5532 2345 5588 tium
2371 5546 2491 5603 qua:
2532 5533 2585 5587 in
2626 5548 2691 5588 eo
2731 5543 2857 5589 sunt
2902 5537 3090 5605 retegit
3125 5536 3308 5607 (Eccli.
3344 5537 3429 5593 i9.
3459 5536 3576 5610 27),
3607 5553 3807 5593 secun-

2213 5620 2336 5675 dum
2384 5624 2675 5694 sapientem
2720 5624 3096 5689 Salomonem,
3145 5626 3314 5680 multo
3354 5629 3525 5697 magis
3566 5628 3805 5696 prcutit)

2220 5713 2415 5783 Deique
2442 5715 2614 5773 cultus
2645 5726 2724 5774 est
2746 5717 2964 5787 justitire
3018 5728 3410 5789 argumentum,
3446 5735 3566 5775 cum
3592 5718 3685 5776 illa
3712 5736 3799 5775 re»
