4092 6194
1689 208 1778 264 DE
1813 208 2032 265 PRECA
2044 208 2250 268 ΤΙΟΝΕ
2315 214 2358 271 1.

1187 481 1418 568 ΤΟΥ
1468 477 1848 607 ΑΥΤΟΥ
1896 482 2158 568 ΠΕΡΙ
2205 486 2905 576 ΠΡΟΣΕΥΧΗΣ.

1038 799 1228 868 Λόγος
1265 802 1337 851 α’.

461 880 823 954 Ἀμφοτέρων
850 882 1014 936 ἓνεκα
1053 882 1324 953 προσήκει
1365 878 1493 942 τοῦς
1517 877 1612 930 τοῦ
1644 878 1781 931 Θεοῦ
1809 879 1974 951 θερά-

388 981 590 1027 ποντας
633 965 962 1036 μακαρίζειν
992 967 1079 1019 καὶ
1134 963 1469 1032 θαυμάζεινο
1510 962 1594 1014 ὅτι
1655 961 1754 1032 τὴν
1787 963 1976 1017 ἐλπίδα

384 1051 486 1118 τῆς
530 1048 740 1101 ἑαυτῶν
776 1049 1049 1120 σωτηρίας
1091 1049 1148 1100 ὲν
1179 1049 1300 1109 ταῖς
1345 1045 1528 1112 ἁγίαις
1574 1040 1719 1116 εἶχον
1764 1047 1972 1117 εὐχαῖς,

387 1133 480 1185 καὶ
527 1132 608 1184 ὃτι
637 1135 822 1202 γραφῇ
855 1133 1189 1201 φυλάξαντες
1214 1131 1343 1192 τοὺς
1374 1128 1580 1198 ῦμνους
1623 1130 1719 1182 καὶ
1755 1129 1854 1193 τὰς
1891 1129 1977 1182 λα-

385 1216 573 1287 τρείας
593 1257 605 1279 ,
641 1216 706 1279 ἃς
740 1216 819 1288 τῷ
846 1217 963 1286 Θεῷ
992 1217 1090 1268 σὺν
1120 1217 1268 1287 χαρᾷ
1309 1215 1403 1268 καὶ
1432 1214 1583 1284 φόϐῳ
1612 1215 1971 1286 προσέφερον,

387 1300 479 1352 καὶ
514 1300 593 1363 είς
634 1300 781 1369 ἡμᾶς
821 1299 1081 1353 διέδωκαν
1119 1301 1210 1353 τὸν
1237 1310 1258 1340 ε
1311 1297 1519 1352 ἑαυτῶν
1554 1297 1844 1368 θησαυρὸν,
1887 1298 1973 1351 ἵνα

386 1382 526 1454 πρὸς
555 1382 646 1434 τὸν
682 1385 884 1436 οἰκεῖον
909 1381 1073 1450 ζῆλον
1103 1384 1211 1434 πᾶν
1242 1381 1302 1434 τὸ
1331 1381 1710 1451 ἐπιγινόμενον
1735 1383 1972 1435 ἐπισπά-

387 1453 583 1520 σασθαι
612 1453 935 1538 δυνηθῶσιν.
966 1465 1274 1520 Διαϐαίνειν
1311 1466 1418 1536 γὰρ
1452 1467 1719 1536 προσήκει
1742 1466 1831 1519 τὸν
1863 1466 1972 1521 τῶν

382 1549 718 1603 διδασκάλων
768 1551 860 1604 ἐπὶ
905 1551 1032 1612 τοὺς
1078 1549 1402 1620 ὁμιλοῦντας
1441 1551 1663 1620 τρόπον,
1704 1550 1796 1602 καὶ¹
1845 1549 1972 1613 τοὺς

383 1633 493 1687 τῶν
541 1634 836 1705 προφητῶν
874 1635 1150 1705 ἀκροατὰς
1192 1633 1435 1706 μιμητὰς
1481 1635 1748 1705 προσήκει
1784 1634 1972 1701 φαίνε-

388 1716 511 1770 σθαι
545 1717 644 1786 τῆς
680 1717 903 1770 ἐκείνων
937 1716 1314 1785 δικαιοσύνης,
1358 1717 1446 1769 ἵνα
1495 1717 1671 1770 πάντα
1711 1716 1805 1769 τὸν
1844 1717 1971 1786 χρό-

383 1818 473 1853 νον
517 1798 668 1870 [779]
699 1804 819 1862 ταῖς
858 1802 1188 1870 προσευχαῖς
1215 1801 1310 1852 καὶ
1336 1803 1404 1871 τῇ
1434 1798 1528 1851 τοῦ
1573 1798 1707 1851 Θεοῦ
1745 1799 1971 1871 λατρεία

385 1887 477 1938 καὶ
511 1883 713 1956 μελέτῃ
743 1883 1022 1954 συζῶμεν,
1053 1887 1212 1937 τοῦτο
1239 1883 1402 1955 ζωὴν,
1433 1883 1591 1937 τοῦτο
1625 1883 1836 1951 ὑγίειαν
1874 1885 1969 1937 καὶ

385 1968 632 2028 πλοῦτον,
680 1965 840 2020 τοῦτο
890 1967 1064 2038 πέρας
1095 1966 1318 2034 ἀγαθῶν
1350 1963 1492 2020 εἶναι
1522 1967 1835 2036 νομίζοντες
1855 2008 1869 2030 ,
1909 1969 1968 2021 τὸ

384 2050 782 2122 προσεύχεσθαι
813 2051 889 2122 τῷ
915 2050 1035 2120 Θεῷ
1069 2051 1206 2122 μετά
1237 2052 1486 2120 καθαρᾶς
1512 2053 1606 2104 καὶ
1638 2052 1967 2124 ἀδιαφθόρου

379 2136 583 2206 ψυχῆς.
614 2136 824 2206 ’Ὠσπερ
853 2133 962 2204 γὰρ
989 2133 1067 2203 τῷ
1095 2133 1306 2203 σώματι
1355 2134 1470 2203 φῶς
1515 2135 1685 2203 ἥλιος.
1730 2134 1873 2188 οὓτω
1899 2139 1965 2206 τῇ

381 2222 524 2290 ψυχῇ
560 2223 592 2290 ἡ
626 2221 925 2291 προσευχὴ.
969 2219 1033 2271 Εἰ
1064 2214 1157 2271 οὖν
1191 2217 1374 2288 τυφλῷ
1413 2219 1583 2290 ζημία
1630 2220 1688 2272 τὸ
1724 2219 1798 2291 μὴ
1836 2223 1969 2292 ὁρᾷν

380 2305 470 2356 τὸν
504 2304 688 2374 ἥλιον,
731 2303 870 2372 πόση
902 2301 1075 2371 ζημία
1108 2300 1421 2372 Χριστιανῷ
1452 2302 1514 2354 τὸ
1562 2303 1636 2373 μὴ
1669 2304 1968 2374 προσεύχε-

383 2387 507 2440 σθαι
540 2387 781 2457 συνεχῶς
811 2388 904 2440 καλ⁸
935 2385 1023 2440 διὰ
1051 2387 1148 2457 τῆς
1183 2385 1348 2455 εὐχῆς
1371 2385 1432 2440 τὸ
1456 2385 1550 2438 τοῦ
1587 2387 1824 2458 Χριστοῦ
1850 2388 1967 2458 φῶς

381 2472 462 2534 είς
493 2468 592 2541 τὴν
616 2469 792 2542 ψυχὴν
814 2469 1053 2537 εἰσάγειν
1079 2486 1092 2533 ;
1129 2468 1323 2522 Καίτοι
1342 2469 1426 2532 τίς
1447 2469 1547 2522 οὐκ
1574 2468 1640 2523 ἂν
1662 2471 1964 2543 ἐκπλαγείη

381 2554 476 2606 καὶ
522 2553 824 2624 θαυμάσειε
869 2554 970 2623 τὴν
1007 2551 1101 2605 τοῦ
1133 2551 1268 2605 Θεοῦ
1319 2552 1751 2623 φιλανθρωπίαν,
1787 2555 1852 2626 ἣν
1885 2557 1967 2620 εἰς

379 2639 528 2708 ημᾶς
557 2637 945 2702 ἐπιδείκνυται,
995 2636 1259 2708 τοσαύτην
1287 2634 1452 2706 τιμὴν
1478 2635 1786 2708 ἀνθρώποις
1813 2656 1967 2708 χαρι-

379 2720 627 2791 ζόμενος,
653 2722 728 2784 ὡς
757 2722 852 2776 καὶ
883 2723 1195 2791 προσευχῆς
1243 2719 1473 2784 ἀξιῶσαι
1502 2720 1596 2774 καὶ
1624 2720 1838 2790 ὁμιλίας
1865 2722 1966 2792 τῆς

357 2805 610 2869 ιὲαυτοῦς
647 2805 766 2875 Θεῷ
791 2805 900 2876 γὰρ
930 2805 1006 2868 ώς
1058 2803 1275 2875 ἀληθῶς
1321 2803 1587 2874 λαλοῦμεν
1612 2804 1641 2844 ι’
1680 2804 1758 2875 τῷ
1788 2805 1965 2878 καιρῷ

377 2889 477 2958 τῆς
518 2889 865 2959 προσευχῆς,
910 2889 980 2942 δι’
1009 2883 1078 2960 ἦς
1109 2888 1204 2941 καὶ
1249 2889 1362 2951 τοῖς
1395 2887 1648 2957 ἀγγέλοις
1696 2889 1966 2943 συναπτό-

383 2969 543 3039 μεθα,
575 2969 668 3023 καὶ
694 2970 794 3040 τὴν
826 2969 962 3041 πρὸς
992 2971 1058 3023 τὰ
1081 2969 1251 3036 ἄλογα
1301 2969 1584 3022 κοινωνίαν
1609 2968 1744 3021 πολὺ
1774 2970 1963 3037 φαινό·

383 3052 520 3120 μεθα
544 3051 949 3120 διαφεύγοντες.
969 3051 1242 3120 Ἀγγέλων
1269 3051 1380 3122 γὰρ
1409 3050 1569 3121 ἔργον
1599 3052 1632 3122 ἡ
1661 3051 1959 3122 προσευχὴ,

379 3135 754 3206 ὑπεραίρουσα
785 3137 880 3188 καὶ
911 3135 1010 3205 τὴν
1047 3134 1270 3188 ἐκείνων
1299 3134 1476 3200 ἀξίαν,
1526 3134 1686 3207 εἴπερ
1715 3135 1962 3206 κρεῖττόν

380 3221 496 3271 ὲστι
520 3219 618 3288 τῆς
648 3218 895 3286 ἀγγέλων
921 3219 1080 3283 ἀξίας
1106 3219 1167 3272 τὸ
1188 3218 1309 3288 Θεῷ
1339 3217 1706 3286 διαλέγεσθαι.
1739 3218 1847 3273 Καὶ
1878 3221 1961 3273 ὅτι

377 3319 441 3370 γε
479 3314 500 3341 ε
536 3302 780 3372 κρεῖττόν
829 3303 1011 3366 ἐστιν,
1052 3301 1205 3354 αὐτοὶ
1247 3301 1585 3356 διδάσκουσιν
1629 3303 1806 3373 ἡμᾶς.
1861 3302 1960 3356 σὺν

378 3381 559 3449 πολλῷ
592 3381 690 3452 μὲν
721 3379 870 3451 φόϐῳ
898 3380 998 3443 τὰς
1034 3380 1200 3452 εὐχὰς
1238 3380 1660 3451 προσφέροντες,
1693 3380 1960 3451 παρέχον-

374 3482 468 3527 τες
500 3463 555 3517 δὲ
594 3466 727 3534 ἡμῖν
769 3463 964 3516 εἰδέναι
991 3463 1084 3514 καὶ⁷
1117 3461 1429 3532 μανθάνειν,
1464 3463 1544 3516 δτι
1588 3467 1853 3533 προσήκει
1880 3461 1960 3532 τῷ

377 3546 500 3616 Θεῷ
548 3545 875 3616 προσιόντας
906 3546 1002 3598 σὺν
1036 3545 1180 3615 χαρᾷ
1213 3545 1308 3597 καὶ
1356 3543 1502 3614 φόϐῳ
1544 3543 1704 3596 τοῦτο
1749 3547 1957 3597 ποιεῖν·

378 3629 528 3700 φόϐῳ
557 3629 676 3698 μὲν,
702 3628 1008 3691 δεδοικότας
1053 3627 1126 3698 μὴ
1153 3627 1249 3697 τῆς
1277 3627 1587 3699 προσευχῆς
1617 3627 1826 3693 ἀνάξιοι
1857 3644 1961 3695 φα-

378 3714 579 3783 νῶμεν,
622 3715 795 3783 χαρᾶς
823 3711 878 3763 δὲ
915 3711 1146 3781 μεστοὺς
1169 3710 1487 3781 γινομένους
1519 3710 1612 3762 ἐπὶ
1637 3710 1716 3781 τῷ
1740 3709 1960 3781 μεγέθει

376 3797 476 3866 τῆς
503 3795 670 3865 τιμῆς
693 3837 708 3856 ,
739 3797 822 3848 ὅτι
854 3792 1127 3865 τοσαύτης
1166 3794 1262 3846 καὶ
1309 3793 1568 3863 τοιαύτης
1617 3792 1872 3863 προνοίας
1901 3792 1961 3844 τὸ

376 3879 571 3951 θνητδν
598 3878 806 3949 ἠξιώθη
829 3879 1003 3943 γένος,
1025 3877 1100 3940 ώς
1125 3877 1218 3930 καὶ
1247 3875 1397 3940 θείας
1425 3876 1720 3930 ἀπολαύειν
1744 3875 1962 3946 ὁμιλίας

379 3963 638 4034 συνεχῶς,
668 3963 735 4015 δι’
771 3957 838 4031 ἦς
863 3961 957 4014 καὶ
986 3961 1172 4031 θνητοὶ
1197 3953 1335 4012 εἶναι
1368 3960 1464 4013 καὶ
1491 3959 1815 4030 πρόσκαιροι
1841 3960 1960 4013 δια-

377 4043 674 4113 φεύγομεν,
711 4041 872 4109 φύσει
901 4040 999 4110 μὲν
1045 4039 1197 4102 ὄντες
1240 4039 1445 4108 θνητοὶ,
1476 4041 1543 4108 τῇ
1573 4037 1629 4091 δὲ
1653 4039 1789 4109 πρὸς
1829 4038 1961 4093 Θεὸν

377 4127 564 4197 ὁμιλίᾳ
590 4125 725 4196 πρὸς
757 4124 1020 4176 ἀθάνατον
1048 4122 1193 4191 ζωὴν
1231 4121 1666 4192 μεταϐαίνοντες.
1722 4122 1958 4194 Ἀνάγκη

377 4209 488 4280 γὰρ
511 4208 601 4261 τὸν
631 4207 920 4278 ὁμιλοῦντα
969 4204 1090 4275 Θεῷ
1129 4205 1224 4258 καὶ
1262 4205 1548 4274 κρείττονα
1577 4203 1830 4271 γενέσθαι
1873 4205 1961 4258 θα-

377 4292 538 4346 νάτου
569 4291 659 4343 καὶ
685 4291 862 4360 πάσης
887 4288 1204 4359 διαφθορᾶς.
1220 4287 1330 4340 Καὶ
1351 4286 1542 4357 ῶσπερ
1573 4286 1788 4356 ἀνάγκη
1811 4288 1962 4340 πᾶσα

377 4375 476 4444 τῆς
524 4372 757 4444 ἡλιακῆς
791 4375 1010 4434 ἀκτῖνος
1040 4372 1132 4424 τὸν
1165 4371 1511 4426 ἀπολαύοντα
1541 4370 1860 4439 διαφεύγειν
1899 4371 1960 4424 τὸ

380 4458 594 4520 σκότος,
623 4457 796 4520 οὕτως
825 4457 1038 4526 ἀνάγκη
1075 4457 1223 4508 πᾶσα
1256 4457 1348 4508 τὸν
1382 4455 1534 4517 θείας
1561 4453 1781 4522 ὁμιλίας
1823 4454 1960 4506 ἀπο-

377 4538 610 4591 λαύοντα
631 4539 827 4609 μηκέτι
859 4534 997 4590 εἶναι
1023 4536 1236 4606 θνητόν.
1269 4535 1412 4588 Αὐτὸ
1443 4534 1552 4604 γὰρ
1578 4534 1640 4587 τὸ
1669 4535 1766 4604 τῆς
1793 4535 1961 4604 τιμῆς

382 4619 610 4687 μέγεθος
649 4619 785 4689 πρὸς
815 4618 1112 4672 ἀθανασίαν
1155 4618 1305 4688 ἡμᾶς
1351 4616 1693 4686 μεθίστησιν.
1750 4616 1813 4670 ΕΞ
1849 4617 1959 4688 γὰρ

381 4703 504 4765 τοὺς
538 4702 746 4770 βασιλεῖ
792 4700 1243 4770 διαλεγομένους,
1292 4699 1387 4752 καὶ
1433 4699 1532 4769 τῆς
1575 4701 1704 4770 παρ’
1752 4699 1958 4752 ἐκείνου

376 4785 545 4852 τιμῆς
577 4784 970 4848 ἀπολαύοντας,
1005 4784 1286 4854 ἀμήχανον
1311 4779 1446 4834 εἶναι
1476 4781 1745 4852 πένητας,
1781 4781 1962 4852 πολλῷ

381 4867 581 4937 μᾶλλον
624 4868 884 4921 ἀδύνατον
921 4869 1046 4930 τοὺς
1085 4865 1163 4937 τῷ
1207 4863 1327 4936 Θεῷ
1359 4865 1828 4935 προσευχομένους
1865 4865 1960 4918 καὶ

378 4949 700 5018 ὁμιλοῦντας
729 4951 929 5020 θνητάς
959 4949 1102 5019 ἔχειν
1130 4948 1308 5018 ψυχάς
1329 4964 1342 4978 ο
1372 4949 1600 5010 θάνατος
1635 4948 1743 5018 γὰρ
1784 4946 1961 5017 ψυχῆς

379 5031 603 5087 ἀσέϐεια
645 5034 739 5086 καὶ
769 5033 882 5103 βίος
909 5033 1244 5104 παράνομος.
1282 5030 1491 5085 Οὐκοῦν
1518 5030 1613 5084 καὶ
1638 5030 1752 5102 ζωὴ
1780 5029 1960 5100 ψυχῆς

381 5116 414 5182 ή
443 5114 538 5168 τοῦ
569 5115 703 5168 Θεοῦ
738 5115 984 5186 λατρεία,
1025 5115 1116 5168 καὶ
1155 5114 1268 5184 βίος
1299 5115 1327 5167 ὁ
1355 5112 1530 5186 ταύτῃ
1561 5113 1817 5184 πρέπων·
1849 5113 1962 5182 βίον

379 5197 438 5251 δὲ
471 5198 616 5250 ὅσιον
643 5199 736 5251 καὶ
763 5201 828 5268 τῇ
861 5195 956 5250 τοῦ
991 5198 1125 5250 Θεοῦ
1165 5197 1392 5268 λατρεία
1422 5197 1699 5264 πρέποντα
1733 5212 1962 5267 προσευ-

379 5282 449 5352 χὴ
486 5281 729 5350 συνάγει,
759 5283 854 5335 καί¹
900 5280 1220 5353 θησαυρίζει
1251 5278 1582 5349 θαυμαστῶς
1614 5281 1734 5341 ταῖς
1762 5278 1961 5350 ἡμετέ-

381 5372 503 5439 ραις
529 5366 750 5438 ψυχαῖς.
787 5367 910 5420 Εῐτε
939 5368 1049 5438 γὰρ
1082 5364 1382 5436 παρθενίας
1411 5381 1496 5428 τις
1556 5364 1817 5434 ἐραστὴς,
1853 5363 1962 5417 εἴτε

441 5503 472 5568 _‘
495 5502 629 5568 ςοῖβ-
656 5505 722 5561 εὶς
742 5507 868 5568 ἡμεῖς
886 5504 1199 5568 παρέπεμψαν
1217 5501 1313 5551 τόν.

442 5562 474 5628 ι)
496 5563 634 5628 (pub.
662 5562 935 5628 ὁμιλοῦμεν.

446 5627 472 5659 ε
502 5625 586 5676 Sic
609 5624 759 5678 Saﬁl.
789 5624 956 5680 llbntf.
1004 5626 1132 5678 ’Δὶ-λ’
1155 5627 1283 5688 ὅμως
1305 5624 1377 5673 ὅτι
1400 5638 1466 5683 γι.

2079 798 2179 870 τὴν
2214 801 2271 852 ὲν
2302 802 2466 872 γάμῳ
2508 803 2864 873 σωφροσύνην
2912 807 3078 876 τιμᾷν
3121 808 3505 872 ἐσπουδακὼς,
3550 811 3661 864 εἴτε

2079 887 2301 954 κρατεῖν
2343 886 2510 956 ὀργῆς
2559 887 2653 938 καὶ
2727 887 2997 958 πραότητι
3063 889 3252 960 ωζῇν,
3305 891 3412 944 εἴτε
3466 893 3663 962 φθόνου

2078 964 2432 1033 καθαρεύειν,
2463 964 2574 1017 εἴτε
2610 965 2738 1018 ἄλλο
2778 984 2831 1019 τι
2881 967 2989 1020 τῶν
3039 971 3423 1040 προσηκόντων
3462 976 3659 1035 ποιεῖν,

2077 1049 2386 1117 προσευχῆς
2416 1048 2748 1119 ἡγουμένης,
2773 1051 3325 1124 καὶ,προλεαινούσης
3357 1057 3455 1126 τὴν
3480 1058 3632 1112 τοιαύ
3649 1089 3664 1100 ο

2075 1147 2173 1200 την
2197 1129 2313 1182 ὁδὸν
2341 1129 2432 1182 τοῦ
2471 1130 2607 1200 βίου,
2640 1133 2841 1204 εὐχερῆ
2872 1151 2928 1185 τε
2960 1136 3053 1187 καὶ
3086 1137 3269 1207 ῥᾴδιον
3304 1138 3415 1202 ἕξει
3441 1141 3530 1193 τὸν
3560 1143 3664 1211 τῆς

2075 1212 2357 1275 εὐσεϐείας
2383 1213 2603 1283 δρόμον.
2639 1216 2715 1266 0'3
2744 1216 2852 1285 γὰρ
2901 1215 3072 1279 ἐστιν,
3105 1220 3206 1271 οὐκ
3253 1219 3368 1272 1ἐστι
3412 1224 3536 1286 τοὺς
3577 1227 3663 1278 αί-

2073 1295 2299 1359 τοῦντας
2345 1298 2496 1366 παρὰ
2531 1298 2625 1350 τοῦ
2679 1299 2816 1351 Θεοῦ
2873 1301 3266 1373 σωφροσύνην,
3323 1305 3416 1356 καὶ
3464 1306 3666 1362 δικαιο-

2077 1379 2278 1448 σύνην,
2335 1382 2429 1433 καὶ
2481 1381 2785 1453 πραότητα,
2827 1383 2923 1435 καὶ
2971 1385 3353 1456 χρηστότητα,
3408 1389 3482 1459 μὴ
3527 1409 3661 1458 τυγ-

2073 1462 2260 1532 χάνειν
2311 1463 2408 1532 τῆς
2458 1465 2642 1534 εὐχῆς.
2685 1465 2913 1519 Αἰτεῖτε
2959 1468 3087 1539 γὰρ,
3134 1469 3290 1539 φησὶ,
3344 1473 3442 1524 καί
3489 1473 3665 1540 δορὴ-

2075 1561 2245 1599 σεται
2270 1546 2442 1615 ὑμῖν·
2483 1545 2733 1616 ζητεῖτε,
2777 1550 2868 1602 καὶ
2918 1551 3208 1621 εὑρήσετε·
3270 1554 3524 1624 κρούετε.
3570 1558 3665 1611 καὶ

2073 1629 2426 1700 ἀνοιγήσεται
2471 1631 2631 1698 ύμῖνο
2683 1629 2807 1697 Πᾶς
2857 1633 2968 1701 γὰρ
3012 1637 3044 1687 ό
3099 1633 3283 1689 αίτῶν
3335 1640 3659 1708 λαμϐάνει,

2075 1712 2176 1765 καὶ
2217 1715 2250 1766 ὁ
2300 1710 2487 1780 ζητῶν
2531 1715 2820 1782 εὑρίσκει,
2857 1715 2956 1768 καὶ
2993 1715 3072 1780 τῷ
3115 1721 3393 1786 κρούοντι
3431 1723 3666 1795 ἀνοιγή-

2071 1812 2258 1851 σεται.
2313 1796 2424 1848 Καὶ
2470 1796 2703 1867 ἀλλαχοῦ
2752 1797 2942 1851 πάλινο
3003 1800 3100 1866 Τίς
3145 1801 3312 1868 ἐστι,
3350 1808 3537 1875 φησὶν,
3591 1809 3664 1875 ἐξ

2038 1878 2257 1946 ηὑμῶν,
2307 1879 2380 1932 ὃν
2420 1879 2530 1933 ἐὰν
2567 1880 2787 1949 αἰτήσῃ
2841 1885 2872 1936 ό
2923 1882 3052 1950 υίὸς
3092 1887 3278 1941 αὑτοῦ
3325 1889 3526 1956 ἄρτον,
3573 1896 3662 1964 μὴ

2072 1965 2247 2017 λίθον
2261 1963 2539 2018 ἐπιδώσει
2561 1965 2756 2030 abab;
2780 1965 2818 2033 ἢ
2838 1965 2946 2018 ἐὰν
2960 1967 3134 2036 ἰχθὺν
3155 1967 3304 2042 [780]
3321 1975 3562 2043 αἰτήσῃ,
3574 1979 3661 2046 μὴ

2073 2046 2212 2116 ὅφιν
2237 2047 2516 2102 ἐπιδώσει
2565 2046 2758 2112 αὐτῷ;
2805 2051 2867 2103 El
2905 2049 3020 2102 οὖν
3056 2052 3242 2119 ὑμεῖς,
3276 2060 3526 2125 πονηροί
3560 2062 3662 2114 ὅν-

2068 2148 2188 2197 τες,
2225 2131 2426 2185 οἴδατε
2477 2131 2704 2200 δόματα
2758 2131 2947 2201 ἀγαθὰ
3005 2134 3232 2190 διδόναι
3254 2139 3370 2206 τοῖς
3428 2143 3666 2212 τέκνοις

2066 2213 2255 2282 ὑμῶν,
2288 2216 2459 2279 πόσῳ
2472 2213 2712 2282 μᾶλλον
2727 2217 2761 2269 ό
2783 2215 2984 2283 Πατὴρ
3003 2217 3170 2286 ὑμῶν
3185 2223 3219 2273 ό
3243 2222 3521 2291 οἰψάνιος
3549 2227 3661 2279 δώ-

2066 2315 2161 2352 σει
2184 2300 2427 2368 Πνεῦμα
2479 2299 2650 2367 ᾶτιον
2685 2300 2808 2366 τοῖς
2835 2302 3110 2356 αἰτοῦσιν
3125 2307 3349 2373 αὑτόν;
3389 2308 3662 2378 Τοιούτοις

2071 2384 2170 2454 μὲν
2194 2383 2373 2451 λόγοις
2394 2385 2489 2437 καὶ
2514 2385 2792 2450 τοιαύταις
2804 2386 3017 2439 ἐλπίσιν
3048 2389 3140 2440 ἐπὶ
3163 2395 3473 2463 προσευχὴν
3521 2415 3593 2449 πα
3604 2416 3664 2468 ρο

2065 2467 2326 2520 εκάλεσεν
2381 2469 2530 2537 ἡμᾶς
2562 2470 2590 2521 ὁ
2617 2468 2726 2521 τῶν
2777 2468 2914 2523 ὅλων
2946 2470 3182 2542 Κύριος
3207 2477 3356 2544 ἡμᾶς
3397 2478 3453 2530 δὲ
3494 2467 3662 2550 προά-

2065 2550 2188 2620 ήκει
2217 2549 2295 2620 τῷ
2316 2549 2433 2621 Θεῷ
2460 2550 2813 2622 πειθομένους
2839 2554 2928 2606 ἀεὶ
2955 2554 3054 2624 ζῇν
3086 2556 3143 2607 έν
3162 2555 3349 2626 ὕμνοις
3383 2562 3476 2613 καὶ
3497 2549 3664 2634 προσ-

2065 2635 2272 2703 ευχαῖς,
2320 2634 2712 2705 ἀκριϐέστερον
2763 2636 2861 2705 τῆς
2890 2636 2985 2690 τοῦ
3019 2638 3155 2690 Θεοῦ
3186 2639 3439 2712 λατρείας
3463 2648 3660 2716 ἐχομέ-

2063 2717 2265 2800 νους,ῆ
2299 2719 2396 2787 τῆς
2430 2718 2638 2800 ἑαυτῶν
2653 2718 2863 2789 ψυχῆς·
2902 2719 3046 2773 οὕτω
3075 2721 3184 2792 γὰρ
3217 2724 3347 2794 ἡμῖν
3397 2728 3660 2800 ὑπάρξειε

2065 2798 2165 2870 ζῇν
2194 2800 2279 2852 ἀεὶ
2306 2800 2403 2884 τῆν
2432 2799 2744 2869 πρέπουσαν
2779 2801 3086 2873 ἀνθρώποις
3131 2805 3297 2876 ζωήν.
3326 2798 3528 2874 Ὅστις
3551 2813 3662 2884 γὰρ

2063 2884 2122 2936 οὐ
2151 2882 2516 2954 προσεύχεται
2544 2884 2620 2954 τῷ
2642 2884 2781 2955 Θεῷ,
2811 2886 2931 2939 οὐδὲ
2951 2885 3100 2950 θείας
3130 2888 3344 2958 ὁμιλίας
3367 2882 3662 2949 ἀπολαύειν

2064 2968 2324 3038 ἐπιθυμεῖ
2377 2968 2635 3039 συνεχῶς.
2665 2969 2856 3041 νεκρός
2892 2971 3009 3024 ἐστι
3067 2973 3160 3025 καὶ
3189 2973 3412 3042 ἄψυχος,
3459 2979 3553 3031 καὶ
3596 2982 3660 3034 οὐ

2067 3050 2284 3120 μετέχει
2315 3049 2409 3103 τοῦ
2443 3055 2678 3122 φρονεῖν.
2713 3053 2854 3106 Λύτὸ
2877 3053 2985 3124 γὰρ
3017 3054 3176 3108 τοῦτο
3212 3057 3465 3125 μέγιστον
3490 3062 3662 3132 ἀφρο·

2065 3134 2230 3205 σύνης
2285 3137 2531 3205 σημεῖον,
2582 3136 2644 3188 τὸ
2697 3137 2771 3207 μὴ
2827 3137 3152 3191 ἐπίστασθαι
3199 3139 3258 3192 τὸ
3297 3141 3525 3210 μέγεθος
3561 3147 3662 3216 τῆς

2061 3219 2248 3289 τιμῆς,
2282 3219 2416 3289 μηδὲ
2437 3221 2566 3290 ὲρᾷν
2594 3220 2922 3290 προσευχῆς,
2969 3221 3102 3291 μηδὲ
3145 3221 3375 3278 θάνατον
3407 3229 3662 3296 ἡγεῖσθαι

2063 3301 2246 3373 ψυχῆς
2297 3302 2358 3355 τὺ
2409 3302 2484 3372 μὴ
2527 3306 2851 3373 προσκυνεῖν
2896 3302 2971 3374 τῷ
3022 3303 3160 3376 Θεῷ.
3195 3307 3407 3380 Ὠσπερ
3451 3311 3561 3383 γὰρ
3597 3314 3662 3367 τδ

2067 3387 2227 3458 σῶμα
2279 3386 2438 3440 τοῦτο
2470 3386 2532 3440 τὸ
2564 3386 2854 3458 ἡμέτερον,
2889 3387 3068 3459 ψυχῆς
3105 3389 3180 3461 μὴ
3233 3393 3536 3467 παρούσης,
3575 3416 3663 3450 νε-

2065 3470 2198 3541 κρόν
2253 3471 2370 3522 ἐστι
2429 3469 2522 3522 καὶ
2582 3469 2844 3533 δυσῶδες·
2899 3470 3041 3524 οὕτω
3099 3472 3266 3545 ψυχὴ,
3317 3476 3392 3548 μὴ
3435 3479 3662 3534 κινοῦσα

2065 3554 2264 3622 ἑαυτὴν
2298 3554 2379 3616 είς
2421 3553 2749 3625 προσευχὴν,
2798 3555 2968 3627 νεκρά
3018 3557 3156 3618 ἐστι,
3190 3560 3282 3612 καὶ
3331 3561 3512 3627 ἀθλία,
3565 3567 3662 3620 καὶ

2064 3636 2323 3707 δυσώδης.
2375 3636 2534 3720 Ἀλλὰ
2590 3637 2698 3707 μὴν
2754 3638 2835 3690 ὅτι
2883 3655 2946 3706 γε
2981 3638 3210 3694 θανάτου
3238 3645 3439 3708 παντὸς
3466 3649 3660 3720 πικρό-

2063 3739 2220 3791 τερον
2260 3719 2509 3791 ἡγεῖσθαι
2538 3721 2807 3791 προσήκει
2848 3722 3178 3794 στερηθῆναι
3219 3730 3546 3800 προσευχῆς,
3574 3719 3660 3784 δι-

2063 3805 2253 3858 δάσκει
2305 3802 2486 3866 καλῶς
2536 3804 2684 3874 ἡμᾶς
2737 3804 2957 3874 Δανιὴλ,
3016 3807 3044 3858 ὁ
3101 3807 3275 3876 μέγας
3331 3815 3656 3886 προφήτης,

2070 3886 2269 3959 μᾶλλον
2313 3886 2669 3966 δὲηὲλὸμενος
2713 3886 3024 3966 ἀποθανεῖν,
3134 3894 3284 3961 τρεῖς
3313 3894 3520 3964 ἡμέρας
3561 3900 3659 3966 μό-

2064 3984 2161 4030 νας
2196 3964 2522 4034 στερηθῆναι
2574 3965 2902 4034 προσευχῆς.
2940 3967 3014 4018 Ού
3053 3965 3163 4038 γάρ
3188 3969 3453 4041 ἀσεϐῆσαι
3483 3964 3659 4046 τούτῳ

2027 4048 2398 4128 ’προσέταξεν
2435 4049 2463 4099 ὁ
2513 4046 2620 4099 τῶν
2679 4048 2904 4118 Περσῶν
2977 4049 3259 4119 βασιλεὺς,
3319 4055 3454 4110 ἀλλὰ
3507 4063 3658 4129 τρεῖς

2064 4132 2280 4203 ἡμέρας
2343 4133 2503 4201 μόνον
2558 4130 2929 4202 σκοπούμενος
2971 4135 3169 4204 εὑρεῖν.
3195 4138 3358 4190 Ἄνευ
3415 4140 3522 4212 γὰρ
3556 4144 3656 4212 τῆς

2066 4217 2217 4279 θείας
2245 4215 2416 4287 ῥοπῆς
2440 4215 2539 4267 οὐκ
2577 4215 2641 4268 ἀν
2675 4232 2726 4267 τι
2760 4214 2868 4267 τῶν
2904 4217 3124 4284 ἀγαθῶν
3147 4219 3227 4282 είς
3250 4221 3348 4284 τὰς
3376 4223 3656 4295 ἡμετέρας

2066 4299 2208 4353 ἔλθοι
2234 4298 2411 4368 ψυχάς
2430 4314 2442 4327 ·
2482 4297 2618 4351 Θεοῦ
2644 4298 2700 4351 δὲ
2742 4299 2881 4370 ῥοπὴ
2911 4303 3310 4369 συνεφάπτεται
3329 4307 3437 4359 τῶν
3477 4310 3657 4364 πόνων

2065 4386 2217 4454 ἡμῖν,
2242 4383 2336 4435 καὶ
2363 4381 2584 4446 τούτους
2618 4383 2960 4452 ἐπικουφίζει
2994 4385 3206 4450 καλῶς,
3245 4388 3311 4442 ἂν
3352 4390 3437 4462 ἴδῃ
3487 4409 3655 4462 προσ-

2067 4465 2230 4537 ευχὴν
2262 4463 2612 4533 ἀγαπῶντας,
2639 4467 2733 4518 καὶ
2775 4468 3014 4536 συνεχῶς
3039 4469 3131 4521 τοῦ
3165 4470 3299 4524 Θεοῦ
3346 4471 3653 4544 δεομένους,

2067 4550 2163 4603 καὶ
2213 4548 2390 4601 πάντα
2447 4548 2761 4627 ὲκεῖθενῌτά
2817 4549 2996 4619 ἀγαθά
3026 4553 3431 4623 καταϐήσεσθαι
3480 4574 3652 4627 προσ-

2065 4629 2360 4691 δοκῶντας.
2399 4630 2566 4681 Ὅταν
2617 4624 2710 4684 οῦν
2765 4629 2860 4684 ίδω
2897 4631 3018 4685 τινὰ
3064 4633 3138 4703 μὴ
3183 4634 3437 4702 φιλοῦντα
3485 4624 3654 4708 11901-

2067 4711 2252 4782 ευχὴν,
2290 4711 2424 4781 μηδὲ
2455 4711 2655 4788 θερμὸν
2699 4711 2876 4783 ἔρωτα
2932 4714 3134 4786 ταύτης
3173 4716 3362 4786 ἔχοντα
3393 4720 3481 4772 καῖ
3521 4737 3652 4788 σφο-

2067 4795 2211 4866 δρὸν,
2269 4795 2370 4864 ἤδη
2429 4812 2516 4864 μοι
2561 4787 2715 4858 οὗτος
2741 4795 2900 4864 δῆλός
2935 4798 3081 4850 ἐστιν
3124 4793 3210 4861 ὡς
3233 4799 3385 4852 οὐδὲν
3411 4787 3653 4869 γενναῖον

2067 4877 2127 4929 ὲν
2174 4879 2240 4946 τῇ
2293 4877 2437 4947 ψυχῇ
2498 4877 2784 4948 κέκτηται.
2825 4880 2992 4931 Ὅταν
3032 4879 3088 4931 δὲ
3119 4880 3211 4932 ἴδω
3246 4887 3366 4936 τινα
3402 4883 3504 4953 τῆς
3558 4885 3654 4939 τοῦ

2066 4961 2200 5014 Θεοῦ
2251 4961 2506 5032 λατρείας
2527 4961 2838 5032 ἀκορέστως
2871 4963 3145 5033 ἐχόμενον,
3179 4966 3361 5019 καὶτὸ
3388 4968 3461 5037 μὴ
3495 4985 3654 5038 προσ·

2067 5043 2320 5113 εύχε-σθαι
2387 5044 2624 5114 συνεχῶς
2687 5045 2747 5097 ἐν
2811 5048 2932 5109 ταῖς
2982 5047 3269 5117 μεγίσταις
3317 5050 3654 5122 ἀριθμοῦντα

2069 5125 2312 5198 ζημίαις,
2377 5128 2746 5200 τεκμαίρομαι
2803 5130 2894 5183 τὸν
2941 5133 3178 5186 τοιοῦτον
3228 5136 3408 5204 πάσης
3451 5135 3654 5205 ἀρετῆς

2069 5213 2314 5284 ἀσκητὴν
2372 5208 2508 5266 εἶναι
2565 5214 2799 5283 βέϐαιον,
2851 5216 3075 5270 καὶτοῦ
3123 5217 3257 5271 Θεοῦ
3288 5219 3432 5271 ναόν.
3457 5219 3520 5272 Εἰ
3543 5216 3652 5288 γὰρ

2071 5297 2359 5367 στολισμὸς
2409 5297 2624 5370 ἀνδρὸς,
2673 5299 2766 5353 καὶ
2798 5297 2947 5370 βῆμα
2978 5301 3156 5364 ποδὸς,
3193 5301 3286 5352 καὶ
3312 5300 3484 5368 γέλως
3506 5300 3651 5353 ὁδόν-

2068 5397 2176 5434 των
2225 5381 2545 5450 ἀναγγέλλει
2611 5382 2680 5436 τά
2736 5383 2866 5453 περὶ
2914 5382 3106 5446 αὐτοῦ,
3159 5382 3300 5437 κατά
3350 5383 3440 5436 τὸν
3491 5383 3655 5451 σοφὸν

2070 5465 2430 5536 Σολομῶντα,
2493 5465 2673 5536 πολλῷ
2752 5465 2950 5535 μᾶλλον
3003 5466 3138 5538 εὐχὴ
3191 5465 3285 5521 καὶ
3339 5468 3374 5536 ἡ
3428 5466 3656 5538 λατρεία

2072 5545 2207 5598 Θεοῦ
2265 5545 2491 5615 σηιιεῖόν
2540 5546 2657 5600 ἐστι
2683 5543 3028 5615 δικαιοσύνης
3072 5547 3312 5618 ἀπάσης,
3365 5546 3528 5616 στολή
3575 5559 3665 5611 τις
