4092 6194
387 318 494 373 779

388 436 588 489 actione
631 429 846 501 (Coloss.
902 425 955 480 ι.
998 422 1092 490 2);
1122 429 1173 473 et
1216 415 1384 472 alibi:
1433 410 1558 466 Sine
1598 401 1968 501 intermissione

389 535 529 579 orate
552 565 566 586 ,
616 497 785 588 inquit
804 559 817 577 ,
848 518 903 570 in
943 512 1172 567 omnibus
1203 507 1392 579 gratias
1421 503 1584 574 agite,
1623 502 1716 552 hoc
1740 497 1873 551 enim
1898 500 1969 547 est

389 616 622 668 voluntas
668 609 759 663 Dei
789 608 865 673 (l.
903 604 1080 658 Thess.
1102 601 1155 654 5.
1188 596 1378 663 l7.l8)
1403 611 1419 657 ;
1448 602 1503 647 et
1552 590 1680 645 alibi
1737 600 1921 642 rursus
1951 602 1966 638 :

395 703 550 757 Orate
571 699 705 753 omni
738 708 957 764 tempore
980 692 1034 744 in
1072 688 1272 759 spiritu,
1297 695 1341 738 et
1371 686 1423 736 in
1458 683 1569 749 ipso
1612 678 1874 749 vigilantes
1916 675 1970 726 in

396 794 534 847 omni
580 788 863 850 instantia,
913 793 958 837 et
1000 782 1341 836 obsecratione
1370 773 1583 846 (Eplies.
1615 773 1669 827 6.
1719 768 1830 839 18).
1882 768 1972 823 Sic

398 882 638 954 plurimis
683 877 989 943 divinisque
1026 871 1245 925 vocibus
1283 867 1349 920 ad
1393 878 1576 935 preces
1616 877 1714 916 nos
1761 873 1973 954 semper

396 950 502 1030 dux
543 970 907 1041 apostolorum
953 967 1282 1019 cohortatur.
1326 960 1501 1026 Quare
1553 952 1859 1021 nobis,qui
1906 950 1973 1004 ab

396 1067 486 1121 illo
517 1062 859 1123 instituimur,
892 1059 995 1111 vita
1024 1066 1104 1110 est
1144 1056 1195 1108 in
1226 1052 1470 1122 precibus
1498 1045 1817 1101 traducenda
1837 1083 1853 1109 ,
1884 1042 1977 1096 iis-

391 1173 497 1227 que
556 1169 708 1208 mens
754 1160 1013 1221 perpetuo
1064 1144 1327 1216 irriganda
1361 1160 1374 1195 :
1404 1157 1509 1196 non
1566 1140 1707 1194 enim
1757 1137 1972 1199 minus,

391 1263 552 1317 quam
597 1246 816 1298 arbores
852 1241 1034 1310 aquis,
1076 1238 1183 1291 illis
1220 1250 1316 1289 nos
1364 1234 1663 1302 indigemus
1718 1227 1972 1284 universi.

395 1340 526 1395 Nam
557 1352 726 1406 neque
756 1335 858 1388 illa:
885 1339 1109 1401 possunt
1145 1342 1264 1383 esse
1291 1326 1576 1380 fructuosa:
1596 1362 1609 1383 ,
1641 1320 1739 1374 nisi
1787 1320 1976 1372 humo-

396 1444 508 1483 rem
533 1425 799 1481 radicibus
820 1423 1070 1484 ebibant;
1100 1433 1272 1487 neque
1302 1432 1398 1470 nos
1426 1412 1836 1483 pretiosissimas
1866 1410 1979 1478 pic-

397 1524 520 1577 tatis
554 1522 730 1588 iruges
764 1516 1003 1578 fundere,
1035 1512 1135 1566 nisi
1163 1510 1410 1580 precibus
1445 1508 1743 1575 irrigemur.
1775 1503 1978 1570 Quam~

396 1614 579 1666 obrem
622 1619 677 1663 et
733 1622 853 1661 cum
888 1604 1084 1659 lectulo
1111 1602 1399 1671 surgimus,
1427 1606 1761 1651 autevertere
1811 1594 1977 1646 solem

397 1710 609 1772 Oportet
662 1700 753 1754 Dei
782 1699 923 1752 cultu
946 1738 960 1759 ,
992 1705 1047 1751 et
1106 1709 1227 1749 cum
1274 1706 1472 1746 mensa:
1516 1688 1900 1752 accumbimus,
1928 1693 1981 1739 et

397 1811 519 1850 cum
546 1793 717 1847 somni
746 1805 903 1845 causa
928 1788 1184 1842 cubamus
1218 1803 1230 1838 :
1263 1787 1369 1838 imo
1412 1798 1539 1837 vero
1581 1780 1801 1849 singulis
1833 1779 1981 1831 horis

404 1886 639 1955 precatio
666 1892 747 1937 est
771 1880 835 1935 ad
863 1881 1023 1933 Deum
1047 1877 1369 1939 adhibenda,
1394 1884 1447 1929 et
1475 1876 1525 1928 in
1566 1888 1626 1927 ea
1656 1873 1760 1926 diei
1785 1883 1981 1924 cursus

398 1974 799 2037 conficiendos;
828 1973 1053 2030 hiberno
1087 1985 1214 2023 vero
1239 1972 1481 2036 tempore
1502 1965 1779 2035 plurimam
1811 1963 1983 2016 noctis

400 2078 603 2137 partem
651 2068 703 2121 in
746 2068 994 2137 precibus
1041 2063 1406 2124 traducamus,
1439 2070 1491 2115 et
1541 2072 1734 2126 magno
1762 2057 1881 2110 cbm
1914 2056 1982 2108 ti-

408 2176 555 2213 more
583 2174 754 2228 genua
787 2158 1083 2220 flectentes,
1113 2152 1402 2224 precationi
1434 2166 1650 2220 operam
1679 2149 1897 2212 demus,
1922 2162 1984 2201 ac

406 2251 731 2306 beatitudine
760 2265 856 2306 nos
878 2250 975 2320 ipsi
1007 2248 1196 2317 dignos
1227 2246 1391 2299 Deum
1414 2241 1641 2297 colendo
1669 2240 1979 2295 reddamus.

1097 305 1155 361 ε.
1189 297 1465 359 JOANNIS
1501 287 1877 350 CHRYSOST.
1920 280 2240 339 ARCIllEi’.
2272 272 2805 334 CONSTANTINOP.

3539 271 3643 324 780

2079 398 2191 466 Age
2212 409 2339 449 vero
2378 407 2484 463 quo
2519 389 2679 445 modo
2705 388 2869 444 solem
2918 387 3165 458 aspicies,
3198 402 3302 443 non
3341 387 3488 444 illum
3533 405 3659 447 ante

2078 496 2395 550 veneratus,
2429 484 2516 553 qui
2568 483 2737 538 oculis
2766 482 2869 535 tuis
2917 480 3087 535 lucem
3127 481 3255 535 solis
3294 481 3659 537 dulcissimam

2083 577 2327 650 profert?
2353 590 2581 646 quanam
2611 574 2814 628 ratione
2840 586 3022 627 mensa
3048 572 3247 640 perfrui
3276 573 3520 639 audebis,
3553 590 3659 627 non

2080 681 2205 725 ante
2231 678 2520 723 veneratus
2543 675 2810 719 tantorum
2840 664 3100 718 bonorum
3139 663 3337 719 fontem
3382 674 3438 719 et
3480 676 3664 721 aucto-

2080 778 2193 817 rem
2217 763 2241 815 ?
2265 776 2367 830 qua
2395 775 2490 828 spe
2515 758 2582 813 ad
2616 768 2853 827 tempora
2904 766 3159 810 nocturna
3192 758 3519 826 pervenies?
3544 775 3666 827 qua:

2082 856 2175 910 tibi
2204 855 2314 906 visa
2344 850 2634 906 secundum
2678 850 2913 918 quietem
2946 849 3211 917 objectum
3242 849 3303 902 iri
3333 849 3621 918 suspicaris
3647 892 3665 915 ,

2083 949 2126 1001 si
2159 946 2317 1000 nullis
2344 945 2590 1013 precibus
2619 943 2987 1012 przemtinitus,
3022 942 3168 995 nullo
3196 941 3442 1010 prmsidio
3478 953 3668 1011 septus

2082 1037 2246 1107 quieti
2280 1045 2330 1090 te
2356 1034 2566 1088 tradas?
2594 1032 2869 1088 Facillime
2897 1043 2948 1087 te
2974 1033 3350 1101 improbissimi
3383 1033 3664 1088 d:emones

2083 1134 2425 1184 eontemnent
2450 1137 2503 1180 et
2531 1124 2895 1192 implicabant,
2918 1124 3008 1193 qui
3041 1124 3293 1178 oberrant
3318 1124 3550 1183 assidue.
3576 1126 3668 1194 qui

2083 1219 2423 1273 occasionem
2456 1225 2691 1285 captant,
2719 1214 3066 1268 observantes
3090 1255 3103 1275 ,
3132 1223 3190 1267 ut
3217 1215 3259 1268 si
3289 1230 3446 1283 quem
3480 1230 3671 1282 preca-

2088 1312 2234 1364 tione
2262 1309 2570 1363 desuitutum
2616 1304 3101 1374 deprehenderint,
3140 1305 3254 1357 sine
3302 1320 3450 1359 mora
3497 1309 3670 1361 corri-

2085 1403 2252 1472 piant.
2293 1400 2490 1467 Quare,
2521 1398 2780 1467 siqnidcm
2808 1407 2987 1466 septos
3016 1412 3112 1450 nos
3140 1397 3382 1465 precibus
3416 1398 3668 1460 viderint,

2085 1493 2338 1547 continuo
2389 1502 2654 1557 tamquam
2695 1486 2840 1541 fures
2887 1503 2949 1541 ac
2991 1487 3200 1541 scelesti
3256 1487 3535 1554 resiliunt,
3576 1491 3667 1556 qui

2085 1586 2317 1657 gladium
2362 1583 2545 1638 militis
2589 1582 2745 1652 capiti
2791 1595 3082 1649 appensum
3137 1591 3381 1635 cernunt.
3418 1582 3570 1648 Quod
3625 1584 3670 1635 si

2087 1679 2370 1748 contigerit
2399 1686 2454 1730 ut
2483 1676 2674 1743 aliquis
2710 1674 2777 1727 sit
2807 1689 2836 1726 a
2871 1674 3116 1743 precibus
3163 1673 3357 1739 nudus,
3392 1673 3435 1726 is
3474 1692 3504 1727 a
3554 1674 3669 1727 da:-

2089 1771 2335 1827 mouibus
2371 1768 2649 1838 abripitur,
2681 1776 2734 1820 et
2774 1766 2824 1819 in
2877 1766 3104 1829 scelera,
3132 1766 3313 1828 exitia,
3343 1766 3671 1820 calamitates

2094 1863 2408 1933 impellitur.
2437 1860 2560 1913 Ιιεῐξο
2590 1859 2750 1927 igitur
2769 1867 3072 1911 metuentes
3099 1858 3345 1926 precibus
3385 1867 3543 1927 atque
3568 1857 3672 1929 hy-

2090 1960 2229 2013 mnis
2262 1968 2360 2009 nos
2384 1954 2531 2020 ipsos
2559 1960 2799 2025 tueantur
2823 1958 2877 2002 et
2908 1948 3207 2006 muniamus
3234 1962 3462 2021 oportet,
3498 1961 3550 2005 ut
3576 1965 3672 2004 sua

2092 2067 2189 2106 nos
2223 2051 2362 2105 Dens
2392 2049 2755 2104 misericordia
2776 2089 2790 2111 ,
2820 2056 2876 2101 ct
2921 2046 3172 2100 caelorum
3222 2059 3385 2114 regno
3427 2043 3675 2112 dignetur

2092 2159 2189 2214 per
2241 2143 2578 2213 Uuigcnitum
2624 2155 2800 2205 suurn,
2842 2138 2926 2193 cui
2978 2138 3144 2208 gloria
3192 2146 3246 2191 et
3292 2136 3568 2205 imperium
3622 2137 3675 2189 in

2092 2238 2285 2292 saecula
2316 2237 2653 2291 Sit-culorum.
2681 2236 2874 2288 Amen.

410 2378 3235 2410 ____________________________________

1551 2486 1710 2568 DE
1764 2477 2519 2565 PRECATIONE.

1840 2638 2245 2682 *σα-...-

1042 2773 1233 2816 ORATIO
1260 2774 1316 2812 ll.

488 2856 584 2921 Qui
613 2863 738 2919 orat,
769 2871 882 2908 cum
913 2852 1021 2906 Deo
1047 2851 1368 2922 colloquitur.
1387 2879 1458 2889 —
1479 2847 1843 2903 Precationem
1874 2858 1994 2899 esse

419 2949 653 3002 omnium
678 2948 935 2999 bonorum
963 2952 1120 3013 caput
1143 2955 1195 2997 et
1224 2943 1442 3003 fontem,
1469 2954 1531 2994 ac
1562 2937 1748 2991 salutis
1770 2936 1994 3004 vitzeque

425 3049 634 3094 aeterna:
659 3034 1074 3088 conciliatricem
1115 3033 1321 3102 ignorat
1356 3045 1547 3093 nemo;
1578 3028 1645 3083 de
1674 3042 1736 3082 ea
1776 3036 1952 3080 tamen
1975 3066 1991 3089 ,

420 3144 539 3199 qute
579 3128 757 3180 uestra
790 3125 922 3179 feret
949 3125 1168 3179 facultas
1188 3165 1201 3187 ,
1227 3122 1449 3177 dicenda
1479 3128 1623 3184 sunt,
1658 3128 1712 3173 ut
1739 3128 1793 3174 et
1823 3118 1882 3183 ii,
1910 3115 1997 3185 qui

422 3223 473 3271 in
503 3217 745 3286 precibus
765 3225 818 3270 et
842 3216 892 3269 in
928 3215 1016 3269 Dei
1043 3215 1185 3268 cultu
1209 3213 1368 3266 vitam
1390 3210 1673 3280 diligenter
1693 3224 1848 3278 agere
1873 3222 2002 3260 con-

426 3320 731 3373 sueverunt,
753 3308 1100 3362 Studiosiores
1116 3305 1426 3368 reddantur,
1459 3313 1513 3358 et
1541 3303 1632 3372 qui
1660 3303 1819 3355 vitam
1859 3299 2004 3369 abje-

418 3403 584 3453 ctiore
595 3401 771 3453 animo
788 3415 815 3450 a
835 3398 1185 3467 precibusque
1206 3405 1413 3450 remoto
1432 3396 2013 3460 traduxerunt,pra:ter-

422 3495 477 3547 ni
504 3492 755 3561 temporis
778 3492 1040 3562 jacturam
1063 3497 1371 3558 agnoscant,
1399 3488 1730 3554 salutemque
1750 3497 1898 3537 suam
1917 3496 2005 3536 re—

424 3586 567 3654 liquo
601 3585 722 3637 vine
759 3592 997 3649 tempore
1022 3581 1239 3634 minime
1265 3578 1530 3633 desertam
1567 3590 1687 3631 esse
1719 3574 2003 3643 patiantur.

427 3675 691 3745 Principio
722 3674 879 3745 igitur
905 3672 1028 3727 illud
1058 3672 1110 3726 in
1140 3671 1325 3741 primis
1356 3668 1423 3723 de
1455 3668 1758 3738 precatione
1784 3665 1888 3719 dici
1918 3678 2010 3734 po-

427 3777 547 3832 test,
576 3782 719 3829 eum,
745 3766 831 3835 qui
874 3774 1134 3834 precatur,
1165 3778 1284 3816 cum
1326 3761 1436 3815 Deo
1463 3759 1713 3828 colloqui.
1745 3757 2011 3825 Quantum

429 3874 555 3911 vero
595 3859 696 3920 sit,
748 3856 1020 3910 hominem
1068 3856 1118 3909 in
1147 3854 1383 3909 divinum
1428 3851 1746 3920 colloquium
1793 3847 2008 3914 venire,

435 3962 592 4001 uerno
640 3956 720 4000 est
769 3946 858 4015 qui
902 3946 1135 4010 nesciat;
1192 3944 1269 3997 rei
1317 3958 1444 3996 vero
1490 3941 1798 4010 dignitatem
1854 3951 2013 3992 nemo

431 4040 605 4093 verbis
645 4046 978 4107 assequatur.
1021 4037 1229 4091 Etenim
1278 4033 1579 4103 hujusmodi
1636 4032 1806 4085 honor
1850 4032 2010 4086 etiam

431 4131 737 4200 angelorum
771 4128 1173 4197 amplitudinem
1206 4125 1358 4180 facile
1385 4134 1598 4193 superat
1629 4141 1641 4176 :
1674 4122 1722 4176 id
1752 4122 1889 4191 quod
1936 4120 2009 4174 illi

431 4238 553 4276 cum
583 4222 747 4291 probe
789 4221 1106 4287 intelligant,
1145 4234 1336 4273 oiuues
1382 4217 1491 4272 fere
1516 4216 1652 4286 apud
1690 4215 2010 4285 prophetas,

433 4328 552 4367 cum
582 4312 764 4365 laudes
789 4321 843 4365 et
871 4312 1070 4364 cultura
1106 4310 1332 4364 Domino
1359 4308 1614 4373 alierum,
1660 4322 1867 4360 summo
1892 4321 2012 4359 cer-

436 4413 634 4458 nuotur
662 4404 852 4454 timore
871 4406 1127 4468 correpti,
1152 4399 1275 4453 dum
1308 4416 1400 4452 ora
1433 4397 1702 4468 pedesque
1725 4413 1832 4467 pra:
1856 4410 2017 4450 vene-

439 4494 643 4547 ratione
671 4501 869 4559 tegunt,
889 4490 1013 4544 dum
1042 4491 1218 4544 volatu
1242 4500 1493 4558 motuque
1516 4489 1730 4543 assiduo
1750 4502 2017 4543 summum

441 4595 640 4640 luctum
686 4600 796 4654 pra:
825 4599 884 4638 se
934 4586 1150 4638 ferunt:
1180 4583 1467 4652 quinetiam
1509 4599 1639 4649 nos,
1692 4593 1749 4637 ut
1792 4584 2016 4652 Opinor,

440 4685 679 4740 monent,
711 4683 766 4728 ut
804 4674 1052 4744 precandi
1084 4685 1320 4742 tempore
1363 4674 1605 4727 humana;
1648 4684 1849 4728 natura:
1879 4673 2017 4726 obli-

441 4769 727 4831 viscamur,
750 4777 909 4835 atque
928 4766 1273 4821 veneratione
1298 4781 1362 4821 ac
1389 4766 1578 4820 timore
1608 4765 1856 4835 perculsi,
1890 4763 2019 4817 nihil

442 4872 568 4913 ante
591 4860 771 4913 oculos
799 4859 1027 4929 positum
1063 4859 1401 4928 aspiciamus,
1434 4858 1526 4913 sed
1561 4860 1611 4911 in
1657 4857 1831 4911 medio
1861 4870 2024 4925 ange-

447 4951 619 5004 lorum
650 4949 814 5002 choro
841 4964 937 5002 nos
970 4964 1110 5013 esse,
1138 4957 1191 5002 et
1228 4948 1473 5003 eumdem
1505 4963 1661 5017 quem
1707 4947 1778 5000 illi
1824 4948 2021 5000 Cultura

450 5040 560 5094 Deo
580 5054 676 5092 nos
696 5038 998 5107 persolvere
1018 5039 1355 5093 arbitremur.
1384 5040 1589 5092 Etenim
1609 5048 1799 5092 cmtera
1823 5039 2021 5104 omnia,

448 5134 658 5189 illorum
689 5133 902 5202 inquam
932 5142 986 5187 et
1008 5143 1206 5198 nostra,
1240 5144 1291 5186 et
1321 5142 1528 5195 natura,
1559 5140 1610 5184 et
1631 5131 1838 5185 vivendi
1866 5132 2021 5196 ratio,

449 5236 506 5281 et
549 5226 839 5294 sapientia,
893 5234 949 5278 et
993 5224 1377 5293 intelligentia,
1433 5234 1487 5278 ct
1533 5223 1788 5293 quidquid
1832 5224 2027 5277 dixerit

450 5319 735 5387 quiSpiam,
779 5318 937 5387 longo
981 5317 1260 5371 intervallo
1304 5318 1442 5371 inter
1484 5332 1542 5372 se
1578 5318 1812 5382 distant;
1844 5332 2029 5387 preca-

452 5411 615 5464 tionis
649 5420 824 5463 autem
863 5408 1099 5464 officium
1139 5417 1222 5463 est
1263 5409 1564 5464 Ιιοιιιίιιίὺυε
1598 5425 1881 5464 commune
1905 5424 2027 5463 cum

454 5500 677 5569 angelis,
706 5514 878 5568 neque
907 5510 992 5555 est
1037 5499 1232 5569 aliquid
1253 5539 1267 5561 ,
1295 5500 1436 5566 quod
1472 5501 1539 5553 sit
1575 5500 1946 5553 intermedium
1977 5499 2031 5553 in

458 5591 545 5654 iis,
576 5607 692 5660 qum
737 5590 803 5645 ad
846 5590 1162 5659 precandum
1207 5591 1490 5667 pertinent.
1529 5591 1637 5645 llac
1675 5591 1972 5660 segregaris
2001 5605 2031 5644 a

457 5682 771 5751 pecudibus,
797 5680 908 5737 haec
937 5690 989 5736 te
1010 5681 1212 5752 angelis
1232 5681 1424 5753 jungit,
1456 5682 1553 5737 hac
1585 5681 1729 5736 brevi
1758 5695 1885 5734 sane
1916 5679 2031 5734 illo-

2102 2764 2220 2803 rum
2242 2749 2546 2819 reipublicaa
2564 2791 2581 2817 ,
2611 2749 2820 2806 illorum
2848 2750 2970 2807 vitae
2993 2753 3311 2824 vivendique
3338 2756 3563 2823 rationi,
3592 2758 3684 2813 di-

2101 2840 2309 2910 gnitati,
2331 2840 2616 2908 nobilitati,
2636 2842 2930 2911 sapientiae,
2962 2844 3322 2915 intelligentia:
3355 2847 3676 2919 adiungetur

2102 2933 2193 3003 qui
2214 2948 2426 2987 onmem
2452 2934 2552 2987 sibi
2575 2934 2735 2989 vitam
2761 2935 2815 2989 in
2836 2937 3082 3005 precibus
3108 2953 3172 2993 ac
3195 2940 3285 2993 Dei
3307 2942 3448 2994 cultu
3475 2957 3685 3011 ponen-

2103 3025 2227 3081 dum
2292 3026 2677 3098 putabit.Quid
2729 3028 2871 3082 enim
2910 3030 3144 3084 sanctius
3193 3032 3262 3086 iis
3305 3031 3394 3098 sit,
3452 3034 3541 3100 qui
3588 3034 3686 3089 Dei

2104 3119 2488 3174 consuetudine
2531 3118 2909 3189 perfruuntur?
2965 3121 3094 3192 quid
3133 3124 3361 3191 iustius,
3416 3127 3684 3192 ornatius,

2106 3210 2431 3280 sapientius?
2478 3210 2610 3267 Nam
2657 3212 2699 3265 si
2743 3211 2813 3277 ii,
2878 3214 2964 3283 qui
3008 3214 3335 3284 sapientibus
3383 3217 3690 3272 hominibus

2107 3299 2440 3357 familiariter
2482 3312 2701 3359 utuntur
2724 3345 2739 3369 ,
2780 3320 2846 3360 ex
2875 3306 3091 3361 assidua
3123 3309 3508 3364 consuetudine
3566 3310 3689 3363 ilio-

2110 3408 2226 3447 rum
2267 3395 2560 3463 prudentia:
2590 3397 2872 3467 participes
2912 3400 3157 3454 celeriter
3182 3401 3340 3465 fiunt,
3372 3402 3503 3471 quid
3528 3402 3596 3458 de
3626 3404 3691 3459 iis

2110 3482 2392 3538 dicendum
2442 3495 2567 3551 est,
2612 3487 2700 3556 qui
2746 3503 2866 3542 cum
2894 3489 3003 3543 Deo
3041 3490 3155 3558 ipso
3192 3492 3587 3561 colloquuntur,
3635 3504 3688 3549 et

2112 3575 2283 3646 ipsum
2325 3580 2645 3647 precantur?
2685 3590 2880 3651 quanta
2929 3582 3209 3651 sapientia,
3236 3595 3430 3652 quanta
3460 3585 3686 3654 virtute,

2116 3668 2415 3738 prudentia,
2447 3671 2729 3739 probitate,
2756 3672 3123 3729 moderatione
3151 3676 3324 3744 replet
3351 3677 3492 3746 ipsos
3517 3678 3694 3731 oratio

2112 3769 2167 3814 et
2190 3761 2527 3819 obsecratio?
2557 3762 2739 3833 Itaque
2757 3780 2861 3819 non
2902 3780 3030 3820 Sane
3070 3766 3115 3820 is
3143 3766 3375 3833 aberret,
3399 3770 3485 3837 qui
3515 3771 3697 3823 omnis

2116 3852 2323 3905 virtutis
2334 3852 2662 3924 iustitiaeque
2683 3865 2902 3910 matrem
2925 3871 3043 3911 esse
3061 3861 3417 3927 precationem
3440 3859 3694 3927 afﬁrmet,

2023 4004 2031 4015 ‘
2117 3957 2289 4011 neque
2332 3958 2489 4012 posse
2518 3960 2705 3999 eorum
2752 3947 2984 4016 aliquid,
3011 3964 3130 4018 quae
3155 3949 3221 4003 ad
3274 3951 3523 4018 pietatem
3567 3966 3700 4005 eon—

2116 4033 2336 4095 dncunt,
2364 4036 2669 4104 precatione
2703 4047 2756 4090 et
2801 4038 3169 4094 obsecratione
3214 4040 3411 4094 nudum
3459 4043 3698 4096 animum

2118 4136 2435 4195 penetrare;
2484 4143 2666 4180 verum
2709 4136 2766 4181 ut
2804 4128 2930 4183 urbs
2974 4130 3239 4185 mcenibus
3282 4132 3500 4186 minime
3546 4144 3699 4200 septa

2120 4217 2270 4271 facile
2298 4216 2349 4270 in
2380 4217 2608 4271 hostium
2636 4218 2949 4287 petestatem
2991 4222 3227 4285 venerit,
3255 4222 3397 4291 quod
3440 4224 3509 4275 ita
3540 4239 3703 4277 nemo

2121 4308 2240 4361 illos
2282 4310 2589 4377 propulsare
2633 4310 2797 4377 possit
2840 4310 2958 4364 :sie
2990 4312 3291 4380 precatione
3328 4314 3562 4366 animum
3593 4330 3704 4368 non

2120 4400 2504 4453 communitmn
2535 4400 2686 4457 facile
2711 4402 2952 4456 diabolus
2980 4403 3033 4456 in
3064 4417 3214 4457 suam
3242 4404 3431 4473 redigit
3460 4414 3702 4472 potesta-

2123 4497 2253 4553 tem,
2289 4490 2547 4558 facileque
2577 4493 2904 4547 contaminat
2928 4495 3165 4548 omnium
3197 4496 3521 4563 turpitudine
3552 4496 3705 4565 flagi-

2124 4581 2336 4634 tiorum.
2368 4581 2600 4635 Primum
2626 4584 2767 4637 enim
2807 4601 2927 4638 cum
2955 4586 3186 4639 animam
3225 4586 3469 4655 precibus
3509 4588 3704 4641 viderit

2123 4674 2551 4743 circumseptam,
2596 4676 2794 4729 veritus
2839 4674 3003 4730 robur
3040 4691 3104 4730 ac
3135 4678 3275 4740 vim,
3307 4694 3462 4747 quam
3510 4692 3704 4749 preces

2128 4764 2204 4817 illi
2255 4765 2627 4834 suppeditant,
2669 4781 2786 4834 quae
2815 4767 3048 4820 animum
3098 4764 3486 4837 magis‘alunt,
3538 4785 3703 4838 quant

2126 4857 2276 4911 cibus
2306 4872 2552 4926 corpora,
2582 4858 2801 4927 propius
2827 4873 2929 4911 non
2961 4858 3118 4912 audet
3148 4860 3403 4914 accedere
3434 4877 3449 4911 :
3474 4859 3701 4925 deinde,

2127 4949 2215 5017 qui
2248 4948 2391 5001 otnni
2413 4949 2571 5002 animi
2594 4964 2721 5003 cura
2751 4964 2935 5017 preces
2968 4950 3254 5015 adhibent,
3287 4968 3390 5004 non
3429 4954 3706 5022 patiuntttr

2128 5041 2323 5109 aliquid
2367 5044 2670 5110 precatione
2717 5041 2989 5112 indignum
3042 5044 3092 5097 in
3145 5058 3204 5098 se
3248 5043 3562 5111 admittere,
3608 5044 3704 5099 sed

2130 5130 2295 5184 Deum
2328 5133 2502 5196 veriti,
2542 5134 2755 5199 quicum
2800 5132 2960 5186 modo
3005 5133 3297 5202 colloquuti
3333 5144 3476 5199 sunt,
3516 5150 3707 5189 omnes

2130 5231 2350 5291 repente
2376 5223 2600 5292 improbi
2622 5223 2787 5278 hostis
2802 5233 3022 5278 conatus
3041 5225 3307 5293 repellunt
3336 5242 3349 5278 :
3378 5241 3499 5279 eum
3524 5240 3707 5280 secura

2134 5315 2235 5386 ipsi
2261 5315 2514 5383 cogitent,
2563 5316 2745 5384 quanti
2789 5316 3006 5370 sceleris
3044 5317 3113 5369 sit
3147 5331 3294 5383 eum,
3331 5319 3419 5385 qui
3462 5332 3631 5385 utiper
3656 5327 3710 5372 et

2135 5407 2226 5461 Dei
2256 5407 2521 5475 colloquio
2551 5405 2844 5465 fruebatur.
2878 5416 2933 5460 et
2972 5423 3067 5475 pro
3101 5407 3450 5476 temperantia
3485 5417 3542 5460 et
3580 5422 3711 5461 san-

2133 5501 2314 5552 ctitate
2336 5497 2663 5566 impetranda
2688 5497 2834 5551 illum
2861 5498 3195 5560 obsecrabat,
3226 5498 3291 5552 ad
3320 5498 3589 5552 diabolum
3622 5514 3710 5553 re-

2134 5597 2293 5659 pente
2324 5588 2654 5659 transfugere
2674 5631 2690 5656 ,
2730 5600 2786 5646 et
2810 5590 3090 5644 obscoenas
3121 5592 3419 5659 voluptates
3448 5590 3499 5644 in
3528 5604 3711 5644 atumo

2137 5683 2393 5750 recipere,
2427 5680 2586 5753 inque
2626 5692 2879 5749 tuentem,
2912 5697 3069 5752 quant
3112 5681 3248 5737 Deus
3278 5696 3444 5751 nuper
3492 5682 3703 5746 invisit,
