4092 6194
304 235 396 291 781
1509 226 1594 282 DE
1633 225 2077 282 PRECATIONE.
2117 227 2182 282 ll.

303 347 508 400 aditum
552 342 766 398 diabolo
799 340 1131 412 patefacere.
1176 344 1553 408 daemonesque
1601 337 1886 394 admittere

305 439 358 493 in
385 438 648 501 animum,
687 452 846 507 quem
875 433 1102 504 Spiritus
1137 433 1306 488 sancti
1346 434 1516 504 gratia
1566 433 1891 507 benignitate

305 544 517 584 summa
544 543 608 582 ac
646 527 979 597 providentia
1023 525 1380 580 decoraverit.
1418 524 1472 580 Id
1517 539 1643 577 vero
1680 538 1782 593 qua
1805 505 1890 576 Fa-

307 629 456 674 ttoue
487 619 595 682 fiat,
629 619 829 686 accipe.
860 616 1000 671 Fieri
1031 617 1178 671 nullo
1208 616 1366 670 modo
1408 625 1610 685 potest,
1648 625 1704 668 ut
1731 613 1890 667 homo

303 712 425 767 sine
445 711 610 766 divini
636 710 866 778 Spiritus
886 725 988 778 ope
1012 709 1246 764 divinam
1267 709 1400 762 ferat
1417 707 1888 771 consuetudinem;

305 822 494 860 verum
517 813 734 874 Oportet
760 804 860 858 hac
886 813 1170 873 praesente,
1198 812 1249 857 et
1280 813 1493 857 sanctos
1518 811 1742 856 conatus
1764 817 1889 870 pro-

305 905 586 964 sequente,
638 910 754 950 rem
801 895 1038 965 aggredi,
1083 909 1252 964 genua
1301 893 1547 957 ï¬‚ectere,
1583 894 1888 958 obsecrare,

305 989 534 1059 precari.
559 986 693 1041 Cum
737 987 884 1042 enim
925 1001 1014 1041 res
1059 987 1316 1040 humanas
1362 987 1518 1055 longe
1562 994 1778 1053 superet
1805 983 1890 1038 di-

308 1081 466 1134 vinus
492 1093 845 1148 congressus,
877 1078 1205 1148 ingrediente
1234 1078 1290 1131 in
1322 1092 1420 1130 nos
1447 1076 1678 1146 Spiritus
1721 1074 1890 1128 sancti

307 1172 499 1241 gratia,
530 1170 913 1225 confirmentur
933 1211 948 1233 ,
976 1169 1409 1235 corroboremur,
1441 1167 1661 1221 honoris
1689 1166 1893 1236 magni-

309 1263 548 1317 tudinem
571 1261 880 1326 doceatnur,
907 1275 1126 1315 necesse
1151 1269 1255 1314 est.
1285 1259 1465 1329 Itaque
1501 1274 1624 1314 cum
1649 1258 1742 1313 tibi
1770 1272 1894 1312 esse

305 1369 430 1408 cum
471 1353 583 1407 Deo
620 1367 929 1406 sermonem
979 1351 1336 1417 intellexeris,
1390 1361 1550 1419 teque
1586 1358 1891 1419 precantem

309 1446 481 1500 sancti
513 1445 746 1514 Spiritus
776 1459 932 1514 opem
957 1445 1226 1514 excipere,
1259 1458 1448 1496 omnes
1476 1444 1652 1497 aditus
1680 1441 1893 1495 diabolo

310 1539 362 1592 in
393 1539 629 1592 animum
655 1538 764 1606 jam
793 1555 822 1588 a
854 1536 1057 1606 Spiritu
1113 1538 1498 1591 sanctificatum
1543 1535 1889 1589 intercludes.

310 1628 378 1684 Ut
406 1631 548 1683 enim
579 1628 667 1698 qui
699 1636 824 1681 sunt
857 1642 977 1682 cum
1013 1642 1141 1695 rege
1175 1626 1467 1696 colloqnuti
1487 1667 1502 1692 ,
1532 1636 1588 1680 et
1620 1625 1762 1680 illius
1788 1625 1892 1678 hu-

310 1721 606 1784 manitatis,
651 1719 950 1785 facilitatis,
993 1717 1211 1772 honoris
1248 1719 1477 1774 fructum
1520 1728 1810 1788 ceperunt,
1860 1732 1892 1772 a

307 1813 676 1869 mendicorum
714 1811 1154 1881 abjectorumque
1180 1809 1454 1865 hominum
1483 1825 1774 1878 congressu
1798 1810 1893 1864 ab-

306 1906 531 1960 horrent
564 1922 578 1958 :
609 1906 680 1959 ita
707 1905 795 1972 qni
840 1904 1007 1958 Deum
1044 1903 1350 1972 alloquulus
1381 1911 1736 1971 precatusque
1775 1911 1890 1968 est,

307 1999 498 2053 adduci
535 2015 638 2052 non
667 1997 818 2052 facile
861 1997 1074 2067 poterit,
1104 2005 1162 2050 ut
1187 1997 1486 2064 improbum
1511 1996 1810 2051 daamonem
1838 2002 1893 2048 et

308 2091 531 2160 impiqu
579 2091 632 2142 in
679 2105 828 2142 suam
875 2089 1100 2158 recipiat
1152 2087 1624 2143 necessitudinem.
1676 2086 1890 2140 Etenim

307 2185 486 2252 quise
519 2183 879 2251 voluptatibus
906 2182 1197 2250 mancipat,
1240 2180 1284 2233 is
1321 2195 1507 2233 revera
1557 2178 1892 2232 dazmonibus

313 2274 650 2328 familiariter
673 2275 857 2338 utitur,
887 2287 1180 2340 eorumque
1207 2272 1468 2324 insaniam
1495 2270 1778 2324 aemulatur
1796 2309 1811 2333 ,
1836 2280 1892 2323 ut

305 2379 493 2419 contra
520 2367 585 2429 is,
611 2365 700 2434 qui
721 2363 1130 2434 temperantiam
1153 2372 1207 2417 et
1229 2363 1488 2432 justitiam
1513 2363 1664 2425 colit,
1685 2361 1892 2430 angelis

307 2456 587 2511 familiaris
608 2456 856 2517 efficitur,
879 2465 932 2509 et
957 2470 1143 2509 eorum
1159 2454 1562 2523 amplitudinem
1587 2454 1886 2507 mmulalur.

307 2550 461 2616 Quod
490 2550 534 2603 si
562 2550 679 2618 quis
705 2549 873 2602 animi
903 2561 1096 2602 nervos
1128 2561 1312 2615 preces
1339 2545 1719 2615 appellaverit,
1762 2545 1891 2598 mihi

310 2642 550 2712 profecto
591 2657 718 2696 vere
767 2642 951 2695 dicere
995 2639 1255 2694 videatur.
1303 2639 1512 2694 Etenim
1563 2647 1622 2692 ut
1656 2653 1891 2706 corpus,

306 2735 531 2803 opinor,
583 2750 865 2788 nervorum
917 2732 1179 2787 beneficio
1222 2741 1463 2798 constat,
1512 2733 1700 2797 currit,
1747 2726 1886 2797 stat,

307 2828 456 2888 vivit,
489 2837 934 2896 compactumque
961 2835 1079 2892 est,
1113 2827 1283 2895 iisque
1315 2825 1521 2890 incisis,
1555 2840 1745 2878 omnes
1767 2842 1890 2879 eor-

309 2919 454 2986 poris
507 2917 713 2972 nutneri
765 2917 1283 2972 dissolvuntur:sic
1319 2917 1482 2972 animi
1533 2934 1628 2987 per
1680 2929 1892 2971 sanctas

307 3027 497 3081 preces
524 3021 579 3065 et
606 3010 1060 3079 conglutinantur,
1081 3020 1135 3064 et
1163 3019 1430 3074 constant,
1453 3024 1775 3080 cursumque
1799 3012 1892 3064 ha-

307 3105 438 3158 bent
469 3103 680 3172 pietatis
706 3101 916 3157 facilem
945 3094 1008 3156 ac
1028 3100 1345 3156 secundum.
1374 3101 1529 3167 Quod
1559 3104 1603 3156 si
1633 3112 1684 3157 te
1715 3104 1888 3172 ipsum

309 3194 618 3262 precatione
662 3193 998 3261 spoliaveris,
1028 3192 1250 3261 perinde
1292 3191 1502 3258 feceris,
1533 3207 1593 3246 ac
1622 3193 1666 3246 si
1693 3195 1890 3262 piscem

305 3301 369 3339 ex
409 3285 563 3352 aquis
589 3285 920 3338 extraxeris:
957 3291 1013 3336 ut
1049 3285 1190 3337 enim
1237 3283 1324 3337 hic
1369 3299 1505 3354 aqua
1539 3285 1692 3350 vivit,
1720 3286 1797 3338 sic
1837 3299 1892 3339 tu

309 3376 724 3444 precationibus.
752 3374 852 3428 Per
879 3373 975 3428 has
1001 3383 1267 3443 tamquam
1296 3390 1390 3442 per
1415 3391 1607 3444 aquam
1639 3375 1851 3430 evolare
1872 3419 1888 3439 ,

307 3467 468 3520 orbes
493 3467 733 3519 caelestes
776 3479 1064 3533 superare,
1098 3466 1163 3517 ad
1199 3465 1360 3518 Deum
1389 3467 1605 3534 propius
1649 3467 1771 3520 licet
1798 3482 1888 3519 ac-

306 3557 520 3610 cedere.
549 3554 617 3610 Ut
660 3556 818 3625 igitur
843 3565 1041 3610 sanctse
1073 3556 1392 3624 precationis
1439 3555 1602 3608 robur
1639 3558 1889 3610 ostenda-

310 3659 422 3711 tur,
475 3650 558 3702 vel
597 3663 716 3718 qute
753 3646 984 3701 diximus
1025 3647 1154 3700 satis
1193 3656 1359 3715 sunt:
1402 3649 1677 3716 prmstabit
1713 3659 1890 3702 tamen

310 3742 560 3805 fortasse,
583 3749 642 3794 ut
666 3739 732 3794 ad
762 3748 942 3793 sancta
965 3740 1237 3794 volumina
1265 3739 1582 3794 accedentes
1601 3756 1666 3794 ex
1694 3740 1890 3795 Christi

309 3835 488 3889 verbis
517 3833 729 3888 divitias
767 3847 1150 3902 agnoscamus,
1183 3847 1312 3901 quas
1358 3847 1542 3901 preces
1583 3843 1893 3900 comparant

309 3927 394 3990 iis,
425 3927 514 3997 qui
562 3942 776 3980 omnem
821 3934 1030 3978 aetatem
1084 3925 1135 3978 in
1177 3924 1307 3993 ipsis
1348 3939 1545 3992 ponere
1583 3924 1766 3978 velint.
1799 3923 1893 3976 Di-

257 4027 268 4042 â€˜
308 4019 446 4072 cebat
472 4029 673 4082 autem,
701 4017 903 4085 inquit,
941 4027 986 4068 et
1019 4015 1313 4085 parabolam
1338 4015 1406 4066 ad
1431 4015 1575 4076 illos,
1608 4025 1660 4068 ut
1696 4032 1893 4086 sctnper

308 4111 619 4181 precandum
653 4125 761 4162 esse
810 4110 1191 4161 demonstraret.
1234 4104 1404 4158 Iudex
1445 4106 1649 4174 quidam
1697 4115 1800 4158 erat
1839 4107 1892 4160 in

307 4201 530 4272 quadam
570 4200 796 4266 civitate,
836 4201 922 4268 qui
954 4197 1115 4250 Deum
1158 4215 1257 4250 non
1287 4197 1518 4262 timebat,
1566 4209 1612 4251 et
1643 4199 1893 4252 hominem

308 4310 412 4347 non
451 4291 784 4346 reverebatur.
824 4289 990 4342 Vidua
1019 4299 1186 4341 autent
1218 4289 1448 4357 quardam
1477 4298 1584 4342 erat
1611 4290 1660 4340 in
1697 4290 1895 4342 civitate

307 4387 422 4452 illa,
451 4396 498 4440 et
523 4383 747 4439 ueniebat
785 4384 851 4435 ad
877 4398 989 4436 eum
1017 4381 1186 4434 dicens
1214 4397 1233 4434 :
1275 4378 1484 4432 lâ€™indica
1513 4397 1591 4432 me
1629 4381 1691 4432 de
1716 4380 1895 4433 adver-

307 4483 444 4534 sario
487 4495 634 4543 meo;
662 4486 706 4530 et
733 4476 930 4530 nolebat
983 4491 1072 4544 per
1121 4472 1331 4526 multant
1359 4483 1574 4542 tempus.
1621 4471 1746 4526 Post
1787 4474 1895 4528 haâ€˜c

309 4583 478 4627 autem
501 4572 628 4626 dixit
657 4571 791 4623 intra
829 4585 880 4622 se
909 4583 928 4622 :
961 4565 1070 4620 Etsi
1097 4565 1260 4618 Deum
1290 4582 1390 4618 non
1421 4566 1596 4631 timeo,
1622 4583 1710 4620 nec
1731 4567 1894 4620 homi-

312 4685 426 4722 ncnt
464 4683 690 4722 Î½ÎµÏ…ÏƒÏ„á½³Î¿Î½
706 4682 726 4729 Í¾
754 4675 919 4716 tamen
941 4663 1060 4732 quia
1089 4661 1297 4714 molesta
1325 4669 1396 4714 est
1423 4661 1546 4713 mihi
1573 4661 1678 4714 hazc
1705 4663 1854 4716 vidua
1871 4703 1890 4729 ,

310 4760 572 4813 vindicabo
593 4755 756 4821 illam,
775 4773 837 4808 ne
854 4757 906 4808 in
923 4754 1187 4807 novissimo
1205 4752 1422 4815 veniens,
1438 4753 1670 4822 suggillet
1689 4771 1784 4808 me.
1810 4757 1892 4808 Ait

307 4864 478 4907 autent
493 4852 762 4914 Dominus,
779 4848 983 4914 Audite,
996 4847 1118 4915 quid
1130 4849 1295 4917 judex
1307 4847 1582 4916 iniquitatis
1599 4848 1738 4911 dicit,
1756 4846 1894 4902 Deus

308 4958 474 5001 autem
497 4962 594 4999 non
613 4946 762 5018 faciet
784 4943 1052 4997 vindictam
1067 4941 1333 4995 electorum
1345 4958 1551 4995 suorum
1569 4942 1895 4994 clamantium

309 5042 378 5094 ad
403 5057 456 5093 se
480 5039 561 5091 die
604 5055 664 5090 ac
691 5047 860 5098 nocte,
891 5047 937 5088 et
984 5036 1274 5104 patientiam
1306 5033 1502 5087 habebit
1525 5035 1578 5088 in
1602 5035 1704 5088 illis
1721 5036 1746 5087 ?
1769 5034 1895 5088 Dico

308 5134 467 5197 vobis,
486 5133 602 5204 quia
623 5132 722 5185 cito
738 5131 884 5199 faciet
901 5129 1173 5182 vindictam
1192 5128 1393 5199 illorum
1414 5126 1564 5197 (Luc.
1582 5129 1668 5182 18.
1690 5128 1733 5180 1.
1746 5129 1898 5199 sqq.).

309 5229 419 5285 ï¬es
441 5244 593 5293 vero,
628 5229 838 5291 fratres,
870 5225 1100 5280 abditam
1130 5223 1442 5291 sapientiam
1476 5221 1527 5275 in
1557 5222 1896 5276 sermonibus

310 5325 544 5391 Spiritus
570 5321 909 5375 addiscamns
928 5361 941 5382 ,
969 5327 1023 5371 et
1052 5332 1148 5388 pro
1179 5315 1429 5369 facultate
1456 5323 1637 5368 nostra
1669 5314 1894 5367 investi-

309 5430 518 5485 gemus,
552 5429 656 5466 non
697 5420 950 5482 quantum
981 5409 1032 5461 in
1071 5409 1180 5477 ipsa
1209 5407 1310 5471 sit,
1339 5405 1432 5459 sed
1458 5414 1712 5473 quantum
1745 5404 1898 5458 nobis

311 5506 524 5574 as~equi
557 5506 732 5558 liceat.
778 5506 952 5571 Atque
979 5495 1052 5553 illi
1079 5499 1291 5570 quidem
1313 5539 1327 5561 ,
1357 5498 1444 5568 qui
1487 5497 1538 5550 in
1570 5496 1705 5550 tnari
1736 5497 1895 5549 vitam

311 5598 530 5665 degunt,
557 5596 608 5648 in
637 5595 808 5663 ipsum
826 5588 1147 5663 profundunt
1171 5604 1230 5643 se
1245 5588 1635 5657 dentcrgentes,
1657 5601 1896 5657 gemmas

312 5691 541 5743 afferunt
579 5687 646 5740 ad
684 5699 799 5751 eos,
843 5684 930 5754 qui
974 5691 1101 5738 sunt
1138 5681 1190 5736 in
1223 5681 1380 5736 terris
1411 5698 1424 5734 :
1455 5694 1553 5734 nos
1598 5696 1725 5735 vero
1755 5677 1894 5732 divi-

3481 239 3582 294 782

2001 355 2188 394 narunt
2227 338 2498 397 literarum
2537 346 2755 416 pelagus
2800 347 3184 416 perlustremus
3221 359 3274 404 et
3303 350 3364 404 ad
3408 354 3576 423 ipsum

1999 432 2318 502 profundum
2359 437 2652 506 Spiritualis
2689 440 3000 509 sapientiae,
3037 455 3291 512 quantum
3325 446 3376 500 in
3421 447 3576 502 nobis

1996 533 2102 590 est,
2131 527 2514 594 decurramus,
2547 539 2601 583 ut
2657 531 2809 586 vobis
2850 532 3160 588 thesaurum
3203 539 3582 604 j.tr:nstantissi-

2000 631 2143 670 mum
2170 618 2474 684 affet-auius,
2507 622 2597 690 qui
2628 624 2835 678 animos
2865 635 3022 680 ornet
3050 628 3241 682 melius
3260 669 3275 693 ,
3303 645 3461 698 quam
3487 645 3582 684 ca-

2000 707 2104 775 pita
2133 724 2314 777 regunt
2344 712 2762 778 praeclarissimis
2803 717 3031 784 gemmis
3057 718 3319 774 distinch
3347 735 3580 774 corome.

1998 797 2236 868 Namque
2273 799 2462 856 harum
2506 807 2808 872 prmstantia
2855 806 3016 875 hujus
3053 810 3175 863 vitze
3220 814 3450 866 termino
3478 813 3585 866 cir-

1999 892 2376 946 cumscribitur
2400 912 2413 948 :
2453 896 2544 963 qui
2572 911 2701 950 vero
2729 900 3066 953 sermonibus
3106 901 3336 969 Spiritus
3361 915 3585 956 coronat

1998 981 2257 1044 animum,
2289 983 2335 1037 is
2362 996 2416 1038 et
2448 985 2558 1053 jam
2603 1001 2827 1042 securus
2866 989 3014 1054 vivit,
3043 999 3099 1044 et
3139 992 3244 1045 vita
3286 991 3498 1047 functus
3524 995 3585 1046 ii-

1999 1071 2147 1126 denti
2173 1075 2352 1128 animo
2381 1076 2446 1129 ad
2472 1076 2671 1130 Christi
2702 1080 2933 1132 tribunal
2961 1083 3188 1145 accedit,
3222 1083 3450 1138 refertus
3478 1089 3584 1139 vir-

2001 1165 2222 1231 tutibus,
2275 1177 2328 1222 et
2373 1169 2440 1224 ab
2483 1170 2626 1224 omni
2657 1171 2775 1226 labe
2817 1173 3209 1243 integerrimus.
3246 1177 3384 1246 Ergo
3422 1193 3580 1246 quem

2000 1261 2214 1314 tandem
2247 1260 2558 1316 thesaurum
2587 1279 2616 1316 e
2646 1281 2920 1319 sacrorum
2954 1269 3281 1323 voluminum
3320 1271 3582 1339 profundo

2000 1352 2150 1405 vobis
2180 1353 2474 1421 efferimus,
2509 1371 2614 1410 non
2648 1358 2818 1426 ipsum
2851 1361 3126 1429 sapientia:
3153 1364 3474 1432 profundum
3505 1377 3582 1420 atâ€”

2001 1445 2282 1514 tingentes,
2315 1447 2410 1502 Sed
2439 1464 2502 1502 eo
2526 1449 2751 1520 delapsi,
2780 1469 2886 1520 quo
2915 1453 3080 1507 licet?
3109 1455 3190 1509 Ad
3223 1458 3583 1525 precationem

1999 1535 2246 1591 Christus
2291 1540 2534 1595 homines
2575 1559 2694 1596 cum
2731 1545 2886 1599 vellet
2928 1545 3165 1614 allicere,
3195 1559 3248 1603 et
3295 1549 3410 1620 ejus
3439 1567 3586 1606 cont~

1998 1629 2157 1682 moda
2193 1631 2392 1685 nostris
2432 1633 2700 1688 mentibus
2740 1649 3076 1706 proponere,
3101 1638 3336 1708 judicem
3381 1641 3582 1696 inducit

1997 1720 2282 1790 quemdam
2310 1723 2608 1792 improbum
2631 1767 2646 1790 ,
2675 1742 2898 1794 saevum,
2950 1730 3039 1800 qui
3071 1731 3330 1799 pudorem
3368 1748 3580 1789 omnem

1998 1811 2066 1864 ab
2087 1813 2579 1883 oculisâ€˜ahjccisset,
2608 1817 2698 1870 Dei
2721 1818 2965 1872 timorem
2989 1822 3279 1890 expulisset
3295 1840 3360 1878 ex
3381 1827 3581 1879 animo.

1998 1904 2160 1973 Atqui
2207 1907 2336 1960 satis
2381 1907 2482 1961 fuit
2520 1909 2647 1977 justi
2697 1918 2750 1964 et
2800 1912 3080 1966 clementis
3121 1915 3418 1984 cujuspiam
3465 1932 3582 1987 per-

1998 2010 2184 2050 sonam
2229 1998 2500 2064 inducere,
2535 2010 2592 2054 Î¹Î¹Î¹
2628 2001 2744 2070 ejus
2770 2003 2997 2069 jnstitia,
3037 2004 3082 2058 si
3109 2020 3230 2059 cum
3268 2007 3448 2062 divina
3476 2009 3584 2061 cle-

1998 2089 2194 2142 mentia
2221 2091 2575 2153 conferretur.
2606 2095 2710 2147 vim
2757 2096 3083 2162 precationis
3129 2099 3456 2154 ostenderet.
3492 2101 3582 2155 Et-

1997 2179 2140 2234 enim
2168 2181 2212 2234 si
2245 2182 2324 2235 vir
2353 2183 2525 2237 bonus
2553 2195 2607 2238 et
2635 2184 2779 2239 mitis
2805 2201 2899 2240 eos
2915 2186 3219 2244 humaniter
3245 2191 3461 2261 excipit,
3492 2193 3581 2262 qui

1997 2268 2063 2323 ad
2094 2285 2154 2324 se
2178 2273 2447 2342 supplices
2477 2276 2717 2338 veniunt,
2750 2289 2952 2343 quanto
2977 2280 3147 2348 magis
3166 2281 3400 2350 excipiet
3422 2284 3580 2346 Deus,

1997 2361 2150 2430 cujus
2180 2361 2522 2433 benignitatis
2553 2366 2864 2436 magnitudo
2894 2383 3001 2422 non
3040 2369 3198 2424 modo
3226 2382 3457 2426 mentem
3489 2388 3582 2427 no-

1999 2463 2167 2509 stram
2190 2495 2207 2520 ,
2251 2457 2346 2511 sed
2388 2457 2534 2526 ipsos
2574 2460 2797 2528 angelos
2815 2459 2985 2530 fugit?
3012 2461 3156 2516 Satis
3187 2463 3346 2532 igitur
3369 2463 3498 2530 fuit,
3530 2474 3585 2519 ut

2000 2547 2160 2602 modo
2177 2547 2443 2612 dicebam,
2461 2549 2589 2618 justi
2607 2550 2800 2620 judicis
2823 2566 3104 2620 personam
3129 2568 3454 2621 proponere;
3474 2556 3582 2624 jam

1998 2656 2127 2695 vero
2169 2641 2403 2712 judicent
2455 2643 2756 2708 crudelem,
2805 2645 3047 2713 impium,
3103 2644 3453 2700 inhumanum
3505 2650 3583 2700 in-

1993 2731 2164 2798 â€˜ducit,
2196 2734 2248 2786 in
2274 2734 2408 2787 alios
2435 2735 2649 2803 quidem
2680 2736 2962 2802 immitem,
2991 2735 3042 2790 in
3070 2737 3416 2794 obsecrantes
3438 2751 3583 2794 certe

2000 2822 2288 2892 benignum
2319 2839 2383 2879 ac
2413 2825 2621 2879 facilem
2651 2843 2664 2878 :
2697 2835 2752 2878 ut
2777 2826 3044 2896 intelligas
3065 2829 3312 2883 oratione
3336 2839 3578 2883 naturam

2004 2914 2088 2967 vel
2124 2914 2421 2983 improbam
2451 2915 2517 2970 ad
2549 2915 2822 2971 lenitatem
2871 2917 3318 2990 clementiamque
3356 2921 3579 2974 traduci.

1999 3005 2264 3074 Quorsum
2294 3008 2454 3077 igitur
2479 3007 2722 3063 Christus
2749 3009 2800 3063 id
2831 3010 2994 3063 fecit?
3013 3010 3083 3066 Ut
3114 3027 3273 3067 nemo
3301 3023 3444 3068 esset
3470 3031 3584 3068 om-

1999 3097 2167 3162 nium,
2198 3099 2290 3172 qui
2317 3099 2421 3151 vim
2465 3101 2790 3168 precationis
2818 3101 3110 3168 ignoraret.
3142 3103 3276 3157 Cum
3304 3115 3581 3174 propterea

1999 3189 2052 3242 in
2073 3173 2361 3258 conspectu
2385 3189 2580 3259 judicis
2607 3191 2936 3245 acerbissimi
2958 3193 3168 3246 viduam
3194 3195 3579 3253 constituiSsct.

1998 3280 2280 3350 ipsumque
2304 3291 2496 3350 praeter
2516 3282 2632 3350 ejus
2654 3291 2899 3336 naturam
2928 3282 3214 3338 humanum
3238 3286 3577 3347 ostendisset.

1997 3387 2030 3425 a
2056 3373 2284 3426 scelesto
2299 3372 2482 3441 judice
2508 3374 2572 3424 ad
2606 3373 2814 3428 Patrem
2847 3391 3002 3429 suum
3025 3377 3322 3432 orationem
3357 3381 3580 3433 tr:ulucit

1999 3465 2279 3532 Optimum,
2304 3466 2665 3530 mansuetum,
2696 3466 2901 3526 mitem,
2935 3465 3243 3530 humanum,
3267 3469 3470 3522 scelera
3495 3485 3580 3522 sn-

2001 3566 2300 3625 perantem,
2318 3556 2481 3609 multa
2504 3566 2718 3626 peccata
2739 3547 3154 3618 condonantem.
3176 3559 3513 3628 quotidianus
3528 3561 3578 3613 in

1997 3647 2434 3712 secontnmelias,
2453 3646 2754 3700 daemonum
2777 3646 3085 3711 honores,in
3105 3647 3290 3701 Filium
3306 3649 3579 3703 maledicta

1999 3749 2053 3794 et
2106 3747 2357 3818 sexcenta
2413 3736 2611 3792 nefaria
2657 3738 2893 3790 facinora
2950 3739 3349 3808 perferentem:
3385 3742 3582 3810 quique

1998 3847 2119 3886 cum
2148 3830 2306 3884 tantis
2335 3829 2672 3884 contumeliis
2709 3838 2990 3898 appetatur
3019 3871 3032 3891 ,
3061 3829 3126 3884 iis
3158 3833 3486 3900 perferendis
3510 3834 3580 3886 ita

1999 3937 2058 3976 se
2095 3922 2412 3976 clementem
2443 3935 2506 3974 ac
2533 3931 2864 3974 mansuetum
2895 3920 3094 3989 praebet
3125 3939 3137 3973 :
3172 3923 3217 3976 is
3244 3939 3391 3990 vero,
3413 3925 3458 3978 si
3485 3940 3581 3977 nos

2000 4013 2177 4069 debito
2209 4013 2396 4066 timore
2421 4011 2487 4065 ad
2515 4027 2574 4067 se
2602 4012 2918 4066 accedentes
2946 4012 3168 4076 viderit,
3202 4030 3379 4069 nonne
3404 4016 3580 4068 subita

2001 4105 2364 4159 misericordia
2391 4104 2670 4172 capietur?
2700 4104 2902 4168 Audite,
2936 4105 3138 4174 inquit,
3166 4106 3287 4174 quid
3305 4109 3580 4176 judexiui-

2000 4197 2203 4266 quitatis
2241 4193 2544 4247 dicat:Etsi
2590 4192 2757 4246 Deum
2812 4211 2911 4247 non
2960 4197 3142 4257 timeo,
3190 4213 3280 4248 nec
3334 4197 3581 4250 hominem

2001 4305 2227 4341 rerereor
2245 4328 2260 4352 ,
2289 4299 2452 4340 tamen
2478 4287 2595 4356 quia
2629 4287 2836 4339 molesta
2865 4298 2936 4340 est
2964 4289 3083 4340 mihi
3116 4289 3224 4342 hara
3255 4291 3402 4343 vidua
3428 4333 3442 4356 ,
3471 4292 3582 4344 vin-

2002 4382 2177 4434 dicabo
2220 4397 2350 4434 eam.
2400 4381 2534 4446 Quid
2581 4380 2753 4434 dicis?
2777 4380 2918 4450 quod
2958 4397 3062 4434 nou
3095 4383 3262 4450 potuit
3303 4385 3462 4438 timor
3487 4426 3500 4448 ,
3532 4386 3580 4439 id

2002 4472 2302 4528 obsecratio
2338 4471 2541 4540 potuit?
2585 4470 2700 4524 Non
2754 4473 2910 4525 mina:
2941 4514 2956 4538 ,
2990 4483 3100 4526 nonâ€˜
3139 4475 3383 4543 supplicii
3413 4487 3585 4531 metus

2003 4565 2275 4618 hominem
2310 4561 2376 4617 ad
2420 4563 2722 4632 {equitatem
2754 4562 3004 4617 deduxit:
3035 4575 3089 4617 at
3118 4567 3269 4620 vidua
3295 4609 3309 4630 ,
3341 4568 3428 4621 tibi
3456 4585 3582 4638 snp-

2005 4656 2123 4726 plex
2151 4655 2412 4719 accessit,
2454 4653 2724 4708 hominem
2752 4669 2816 4708 ex
2847 4657 3040 4724 agresti
3067 4664 3122 4710 et
3152 4657 3369 4711 immani
3403 4662 3584 4714 mitem

2001 4749 2232 4805 reddidit
2266 4764 2328 4803 ac
2355 4759 2710 4804 mansuetum.
2747 4749 2882 4816 Quid
2913 4750 3073 4819 igitur
3099 4751 3166 4806 de
3195 4751 3301 4806 Deo
3328 4755 3380 4806 in
3410 4754 3582 4809 honu-

2004 4859 2125 4896 uem
2179 4841 2560 4910 benigniSsitno
2597 4841 2919 4895 censendum
2945 4853 3025 4907 est
3057 4882 3072 4906 ,
3105 4857 3224 4897 cum
3254 4846 3407 4900 vidua
3438 4862 3496 4902 se
3521 4850 3585 4902 ad

2004 4935 2166 5006 pedes
2186 4935 2462 5003 abjiciens,
2493 4933 2661 4987 ferum
2685 4934 2952 4988 hominem
2983 4935 3195 4990 lcnierit
3220 4953 3282 4990 ac
3309 4939 3588 5010 mitigarit?

2003 5039 2259 5100 quantutn
2282 5028 2563 5088 bonitatis,
2593 5038 2845 5096 quantmn
2887 5028 3230 5099 benignitatis
3256 5043 3414 5101 atque
3434 5049 3586 5086 auto-

2005 5124 2079 5177 ris
2111 5124 2160 5176 in
2200 5136 2298 5175 nos
2330 5121 2610 5191 patefaciet
2641 5121 2786 5175 Deus
2809 5161 2823 5186 ,
2855 5123 2944 5190 qui
2986 5124 3154 5178 solum
3186 5125 3299 5179 vult
3332 5138 3588 5196 perpetuo

2004 5212 2243 5268 misereri
2269 5254 2283 5278 ,
2315 5214 2500 5281 punire
2539 5227 2822 5281 numquam
2851 5212 2874 5266 ?
2901 5215 2989 5283 qui
3029 5224 3083 5268 et
3132 5216 3384 5284 supplicia
3435 5215 3587 5269 nobis

2004 5308 2074 5360 ob
2106 5306 2355 5360 eximiam
2404 5304 2785 5359 humanitatem
2825 5308 3180 5360 comminatur
3215 5349 3230 5373 ,
3271 5318 3323 5360 et
3369 5325 3588 5378 magnos

2007 5401 2165 5455 habet
2206 5409 2418 5469 paratos
2465 5401 2695 5454 honores
2741 5439 2757 5465 ,
2809 5409 2866 5454 ut
2923 5415 3043 5454 cum
3077 5401 3276 5466 timor,
3306 5411 3415 5454 tum
3466 5417 3588 5471 spes

2007 5492 2228 5546 honoris
2273 5503 2416 5546 recta
2462 5506 2560 5545 nos
2601 5490 2935 5553 deduceret,
2982 5499 3036 5544 et
3081 5506 3206 5558 spes
3255 5491 3466 5562 quidem
3521 5493 3587 5546 ad

2005 5586 2254 5640 virtutem
2276 5586 2572 5648 excitaret,
2619 5593 2792 5636 metus
2837 5599 2964 5637 vero
3014 5599 3041 5635 a
3085 5585 3231 5640 vitiis
3258 5585 3588 5640 dctorreretl

2009 5676 2124 5732 Non
2154 5690 2289 5747 queo
2337 5675 2404 5731 ab
2429 5673 2720 5746 iniquitatis
2741 5671 2921 5740 judice
2941 5687 3168 5735 avocare
3187 5688 3438 5741 mentem,
3463 5674 3595 5727 dum
