4092 6194
457 295 564 350 785

455 409 509 461 in
540 404 683 459 illius
709 404 1131 467 mansuetudine,
1155 417 1272 468 qua:
1296 412 1487 469 praster
1510 409 1751 453 naturam
1780 404 1918 462 erat,
1952 396 2031 450 in-

453 496 822 566 explicabilem
868 496 961 549 Dei
1006 494 1385 548 humanitatem
1431 507 1557 561 erga
1610 490 1855 545 homines
1881 504 2034 543 amo-

456 604 676 658 remque
710 587 1061 656 contemplor.
1109 584 1240 641 Nam
1282 584 1326 639 si
1358 583 1401 637 is
1431 626 1445 647 ,
1479 583 1568 646 qui
1609 581 1742 636 nihil
1786 594 2036 649 umquam

462 679 585 735 boui
626 688 879 748 prmstare
921 677 1197 740 voluerat,
1237 676 1548 730 immutatus
1585 682 1839 742 repente,
1872 670 2036 732 illius.

460 786 580 839 qua:
617 768 865 839 rogabat,
911 765 1272 822 misericordia
1316 773 1616 819 commotus
1640 771 1756 825 est,
1784 769 2040 832 quantum

464 860 733 918 lelicitatis
771 876 801 913 e
838 859 970 916 cazlo
1011 858 1063 913 in
1104 873 1202 914 nos
1241 858 1486 929 precibus
1527 855 1880 911 redundabit?
1904 853 2043 909 San-

464 962 668 1005 clarum
706 950 866 1021 igitur
896 951 1258 1020 preeationum
1289 950 1454 1006 robur
1479 964 1542 1004 ac
1564 949 1670 1002 vim
1691 948 1863 1019 quivis
1889 946 2045 1002 facile

466 1050 670 1109 cernet,
700 1043 790 1112 qui
820 1051 1015 1112 quanta
1040 1042 1298 1097 bonorum
1326 1041 1479 1110 copia
1500 1040 1688 1095 diebus
1716 1047 1875 1110 atque
1900 1038 2047 1093 horis

467 1134 692 1204 singulis
728 1134 969 1189 fruantur
1013 1135 1044 1187 ii
1076 1174 1093 1200 ,
1142 1134 1229 1204 qui
1259 1149 1318 1188 se
1345 1148 1678 1203 quocumque
1717 1142 1954 1199 tempore
1980 1129 2047 1184 ad

474 1225 566 1280 Dei
591 1225 756 1294 pedes
776 1226 1051 1293 abjiciunt,
1080 1224 1515 1279 consideraverit.
1548 1223 1678 1292 Quis
1702 1224 1843 1278 enim
1874 1223 2047 1277 lucem

472 1316 621 1381 solis,
653 1316 789 1368 luna:
814 1356 827 1377 ,
866 1325 1023 1385 alque
1065 1315 1335 1371 stellarum
1370 1356 1385 1381 ,
1415 1314 1531 1368 czeli
1566 1313 2001 1383 temperationem
2032 1353 2049 1379 ,

473 1407 614 1459 varia
641 1406 878 1460 ciborum
902 1421 1095 1475 genera
1120 1448 1132 1468 ,
1164 1405 1404 1469 divitias,
1436 1406 1617 1466 vitam,
1650 1403 2049 1458 innumerabilia

478 1500 611 1555 bona
640 1500 885 1554 omnibus
908 1499 1229 1565 hominibus,
1252 1510 1306 1554 et
1336 1500 1514 1568 probis
1533 1507 1587 1552 et
1613 1494 1865 1567 improbis
1894 1512 1923 1550 a
1949 1494 2057 1550 Deo

481 1606 633 1662 a'que
653 1591 769 1644 dari
789 1601 844 1646 et
869 1590 1129 1660 impertiri
1162 1606 1266 1644 non
1297 1591 1473 1654 videt,
1506 1589 1663 1658 idque
1705 1600 1920 1657 propter
1940 1588 2057 1641 cxi-

482 1684 643 1737 miam
663 1698 811 1738 suam
840 1683 890 1737 in
919 1698 1017 1737 nos
1040 1683 1452 1753 benignitatem?
1477 1683 1629 1751 Quod
1656 1682 1700 1735 si
1728 1695 1821 1735 eos
1848 1681 1937 1750 qui
1961 1682 2058 1735 mi-

484 1774 628 1828 nime
656 1784 845 1843 rogant
869 1784 958 1828 aut
987 1782 1190 1842 petunt,
1224 1774 1292 1828 ita
1319 1774 1600 1828 miseratur
1621 1774 1672 1828 in
1702 1774 1817 1829 dies
1842 1790 1903 1829 ac
1932 1776 2058 1829 reli-

482 1864 555 1917 eit
578 1904 595 1930 ,
635 1864 846 1934 quantis
872 1863 1025 1918 bonis
1052 1878 1145 1919 eos
1167 1864 1265 1918 frui
1292 1879 1387 1935 par
1406 1876 1486 1918 est
1509 1905 1525 1930 ,
1552 1866 1638 1934 qui
1666 1864 1716 1918 in
1743 1863 1989 1934 precibus
2011 1873 2065 1919 et

485 1958 944 2013 obsecrationibus
972 1968 1181 2013 aetatem
1208 1967 1369 2028 agunt
1394 1958 1418 2011 ?
1458 1957 1573 2012 Jam
1599 1973 1726 2013 vero
1754 1966 1808 2013 et
1835 1967 2064 2028 quantus

483 2049 748 2120 iustorum
798 2050 1029 2104 virorum
1077 2050 1146 2104 sit
1192 2065 1443 2105 numerus
1470 2091 1485 2113 ,
1531 2051 1721 2120 quibus
1766 2050 1913 2105 licuit
1965 2051 2067 2120 piis

494 2141 738 2210 precibus
758 2151 962 2207 gentes,
990 2141 1171 2206 urbes,
1203 2150 1461 2196 terrarum
1493 2142 1673 2197 orbem
1701 2156 2019 2196 conservare
2048 2182 2064 2207 ,

490 2232 641 2287 vobis
688 2232 900 2288 tandem
946 2232 1266 2303 aperiamus.
1297 2234 1364 2287 Et
1399 2233 1609 2303 quidem
1657 2234 1723 2288 de
1768 2232 2071 2304 precatione

489 2341 612 2380 cum
634 2329 824 2395 agitur,
846 2326 913 2380 de
940 2327 1103 2381 Paulo
1117 2327 1343 2395 primum
1369 2325 1629 2397 agendum
1657 2337 1768 2391 est;
1791 2326 1859 2382 de
1883 2326 2069 2392 Paulo,

494 2416 706 2485 inquam
741 2458 756 2481 ,
790 2418 878 2471 illo
906 2458 920 2477 .
950 2418 1039 2486 qui
1071 2418 1120 2471 in
1156 2418 1263 2471 Deo
1293 2417 1517 2472 colendo
1543 2432 1605 2472 ac
1634 2416 1899 2486 precando
1921 2434 2072 2471 num-

496 2523 653 2576 quam
684 2506 1102 2576 dofatigabatur;
1146 2508 1411 2562 communi
1441 2518 1589 2577 patre
1614 2516 1668 2563 et
1696 2509 1931 2578 principe
1956 2523 2073 2562 ser-

496 2613 681 2651 vorum
726 2596 944 2651 Christi.
1000 2596 1089 2653 Ille
1144 2599 1301 2668 igitur
1346 2600 1576 2654 universi
1626 2609 1886 2655 terrarum
1933 2601 2078 2655 orbis

496 2697 678 2743 custos
715 2689 942 2743 assiduis
988 2690 1230 2759 precibus
1274 2706 1460 2745 omnes
1494 2700 1680 2761 gentes
1719 2700 1916 2746 tutatus
1953 2702 2033 2747 est
2059 2732 2077 2757 ,

502 2779 654 2835 nobis
683 2796 894 2851 semper
930 2781 1144 2836 dicens:
1177 2780 1454 2851 Propterea
1481 2784 1627 2853 flecto
1667 2800 1831 2855 genua
1869 2800 1980 2837 mea
2011 2783 2079 2837 ad

501 2870 709 2925 Patrem
730 2871 933 2926 Domini
976 2874 1135 2926 nostri
1156 2872 1280 2927 Iesu
1318 2873 1534 2939 Christi,
1563 2874 1697 2929 unde
1716 2875 1878 2929 omnis
1905 2884 2076 2943 pater-

500 2963 634 3017 nitas
674 2963 727 3015 in
767 2964 890 3017 cado
925 2975 970 3017 et
1009 2966 1060 3017 in
1103 2975 1236 3018 terra
1277 2967 1611 3030 nominatur;
1648 2976 1702 3020 ut
1737 2968 1817 3020 det
1846 2967 1979 3020 vobis
2001 2983 2084 3021 se-

504 3054 725 3106 cundum
752 3054 952 3108 divitias
980 3057 1158 3126 gratia:
1192 3072 1299 3109 sum
1331 3097 1345 3117 ,
1386 3065 1439 3109 ut
1481 3058 1659 3111 virtute
1690 3057 2081 3111 corroboremini

505 3161 593 3213 per
617 3145 864 3213 Spiritum
888 3150 998 3215 ejus
1024 3148 1077 3200 in
1098 3148 1321 3201 interiori
1356 3150 1557 3202 homine
1587 3190 1603 3214 ,
1649 3160 1700 3202 ut
1730 3148 1956 3205 Christus
1992 3166 2085 3219 per

507 3234 660 3301 [idem
691 3236 743 3289 in
783 3236 1017 3291 cordibus
1044 3240 1216 3291 uestris
1235 3239 1476 3294 inhabitet
1503 3239 1718 3315 (Ephes.
1747 3241 1800 3295 5.
1832 3242 1898 3296 14
1917 3271 1947 3282 -
1970 3241 2083 3310 17).

512 3324 671 3379 Vides
698 3327 872 3396 igitur.
897 3339 1148 3397 quantum
1173 3332 1360 3385 virium
1388 3330 1578 3387 habent
1602 3343 1762 3403 atque
1790 3348 2077 3388 nervorum

518 3419 757 3485 precatio
792 3430 845 3474 et
875 3420 1213 3475 obsecratio?
1240 3422 1458 3492 Templa
1502 3423 1700 3478 Christi
1739 3425 1981 3480 homines
2007 3425 2090 3479 ef-

515 3508 655 3563 ficit:
678 3519 836 3581 atque
861 3521 918 3565 ut
941 3527 1073 3566 auro
1096 3522 1149 3566 et
1173 3514 1429 3581 lapidibus
1447 3516 1916 3583 praistantissimis,
1947 3532 2087 3570 mar-

514 3601 853 3670 moribusque
879 3602 1070 3657 domus
1099 3606 1255 3674 regim
1280 3614 1545 3671 constant,
1574 3608 1651 3661 sic
1677 3608 1870 3677 templa
1894 3607 2089 3663 Christi

515 3695 924 3762 precationibus.
955 3695 1022 3751 Ut
1052 3698 1273 3765 habitet,
1307 3699 1495 3769 inquit,
1524 3699 1752 3755 Christus
1777 3700 1829 3754 in
1858 3701 2090 3756 cordibus

512 3787 703 3840 vestris.
732 3786 860 3852 Qua:
892 3790 1061 3858 major
1079 3792 1395 3859 precationis
1412 3792 1527 3847 laus
1552 3807 1670 3847 esse
1697 3792 1903 3862 possit,
1932 3809 2090 3863 quam

514 3876 655 3944 quod
704 3876 900 3933 Christi
951 3882 1145 3952 templa
1176 3897 1241 3937 ex
1277 3898 1340 3937 ea
1370 3881 1482 3938 fieri
1510 3883 1758 3938 soleant?
1785 3884 1951 3950 Quem
1985 3898 2088 3936 non

516 3970 732 4039 capiunt
756 3972 996 4029 caelestes
1021 3973 1175 4029 orbes
1205 4015 1219 4041 ,
1249 3975 1292 4029 is
1324 3976 1376 4030 in
1401 3976 1635 4029 animum
1662 4018 1675 4040 ,
1703 3977 1791 4046 qui
1825 3977 1876 4030 in
1905 3990 2091 4045 preca-

518 4064 662 4118 tione
691 4063 850 4118 vitam
874 4066 1061 4131 ducat,
1107 4067 1417 4135 ingreditur.
1445 4066 1636 4123 Cretum
1663 4080 1735 4122 est
1760 4069 1884 4121 mihi
1908 4067 2049 4121 sedes
2072 4107 2088 4134 ,

521 4154 707 4224 inquit,
738 4166 872 4211 terra
907 4172 1020 4212 vero
1058 4158 1329 4213 scabellum
1378 4158 1562 4231 pedum
1601 4176 1844 4214 meorum.
1880 4159 2093 4225 Qualem

519 4242 721 4296 domum
750 4246 1063 4315 redicabitis
1093 4250 1217 4302 mihi
1240 4291 1255 4313 ,
1285 4250 1356 4303 ait
1390 4251 1641 4305 Dominus
1668 4293 1684 4316 ,
1716 4250 1794 4304 vel
1816 4251 1927 4315 quis
1954 4251 2093 4303 locus

520 4338 1003 4389 commemorationis
1042 4343 1198 4403 metu
1226 4338 1355 4393 lsai.
1395 4340 1485 4394 66.
1526 4341 1547 4394 l
1677 4341 1833 4409 Atqui
1877 4340 2093 4394 domum

522 4420 717 4475 Paulus
749 4439 842 4492 per
881 4437 1093 4481 sanctas
1123 4444 1308 4499 preces
1332 4430 1558 4485 a-diticat
1588 4432 1627 4485 .
1662 4430 1867 4493 Flecte,
1895 4432 2093 4501 inquit,

522 4528 687 4580 genua
722 4530 832 4567 mea
875 4517 943 4569 ad
980 4517 1186 4572 Patrem
1216 4520 1421 4574 Domini
1444 4523 1604 4576 nostri
1635 4522 1759 4576 Jesu
1790 4523 2011 4591 Christi,
2044 4535 2098 4578 ut

527 4601 755 4660 Christus
782 4624 870 4676 per
894 4610 1046 4678 dem
1086 4612 1137 4665 in
1182 4614 1416 4667 cordibus
1436 4617 1611 4671 vestris
1638 4618 1897 4671 inhabitet.
1930 4622 2100 4689 Atque

527 4693 651 4749 hinc
683 4697 840 4752 etiam
885 4712 1186 4774 sanctarum
1218 4706 1574 4772 precationum
1603 4708 1707 4762 vim
1746 4710 1970 4779 quisque
2011 4725 2103 4765 co-

525 4788 766 4850 gnoverit
785 4808 798 4845 :
820 4810 938 4846 nam
965 4810 1084 4848 cum
1111 4796 1248 4850 idem
1277 4795 1470 4851 Paulus
1493 4815 1703 4852 omnem
1735 4810 1992 4856 terrarum
2014 4818 2103 4856 or-

529 4878 647 4933 bem
673 4925 687 4947 ,
712 4887 863 4952 quasi
905 4887 1136 4942 volueris
1164 4888 1338 4955 aliqua
1370 4930 1385 4951 ,
1423 4891 1755 4959 pervolaret,
1809 4893 1859 4946 in
1886 4908 2102 4950 carcere

526 4991 830 5034 versaretur
859 5021 875 5046 ,
909 4980 1108 5050 flagella
1141 4982 1437 5050 perferret,
1481 4992 1697 5038 catenas
1730 4996 2002 5054 gestaret,
2052 4988 2103 5041 in

527 5072 765 5127 cordibus
791 5089 853 5129 ac
893 5075 1143 5145 periculis
1172 5076 1411 5143 viveret,
1460 5075 1730 5131 dtemones
1765 5078 2058 5146 expelli-ret
2088 5120 2102 5139 ,

533 5164 776 5219 homines
826 5180 855 5218 a
910 5167 1131 5220 mortuis
1173 5169 1465 5233 excitaret,
1506 5168 1723 5223 morbos
1761 5181 2004 5223 curaret:
2038 5169 2104 5223 ad

534 5256 806 5312 hominum
839 5268 1014 5313 tamen
1044 5259 1265 5314 salutem
1295 5259 1480 5314 harum
1503 5276 1678 5315 rerum
1697 5261 1835 5315 nulla
1864 5261 2105 5316 confide-

537 5347 644 5413 bat,
677 5349 768 5405 sed
800 5352 1044 5419 precibus
1072 5362 1240 5405 terras
1268 5351 1663 5425 communiebat
1688 5395 1703 5415 ,
1735 5361 1789 5407 et
1817 5362 1933 5421 post
1959 5352 2105 5406 edita

539 5443 811 5508 miracula,
839 5445 1105 5515 vitamque
1129 5444 1351 5499 mortuis
1381 5445 1697 5508 restitutam,
1721 5445 1786 5500 ad
1818 5460 1999 5513 preces
2030 5460 2106 5498 re-

536 5532 799 5596 currehat,
822 5549 927 5588 non
948 5550 1103 5589 secus
1129 5542 1287 5604 atque
1307 5534 1499 5589 athleta
1530 5535 1595 5590 ad
1621 5536 1934 5603 palmstram,
1958 5544 2107 5603 parta

538 5625 778 5678 victoria.
809 5625 1015 5680 Etenim
1039 5628 1159 5692 vitae
1190 5630 1413 5681 mortuis
1439 5626 1781 5682 restituendae
1811 5667 1826 5691 ,
1857 5628 2106 5681 aliarum-

646 5716 725 5785 sic
746 5714 925 5785 legitur
943 5718 1157 5785 insaviL,
1173 5718 1377 5785 tn_ei_lito
1400 5725 1562 5785 autem
1584 5718 1655 5767 sic
1672 5732 1684 5766 :
1703 5714 1895 5777 Qualem
1913 5720 2107 5767 domum

537 5778 714 5828 Paulus
736 5778 909 5827 uinctis
929 5780 1149 5837 precibus
1166 5777 1378 5831 uidi/ictu
1402 5779 1429 5830 ?

1207 285 1263 339 S.
1304 285 1583 340 JOANNIS
1623 282 1996 340 CHllYSOST.
2037 280 2361 339 AllClllEP.
2402 276 2926 336 CUNSTANTINOP.

3628 261 3729 316 7M

2146 408 2253 463 que
2296 408 2473 446 rcrmn
2517 392 2752 446 omnium
2799 391 2905 444 vim
2952 388 3188 458 precatio
3245 401 3349 441 una
3389 386 3727 456 suppeditat:

2148 485 2340 538 merito
2378 483 2592 553 quidem
2626 500 2639 535 :
2683 497 2843 552 quam
2886 481 3029 534 enim
3062 480 3167 533 vim
3200 478 3253 532 in
3302 478 3583 533 arboribus
3632 476 3731 531 ha-

2150 574 2280 628 bent
2305 588 2457 642 aquze
2490 614 2505 639 ,
2533 571 2779 627 eamdem
2813 571 2868 625 in
2906 570 3006 624 hac
3027 569 3133 623 vita
3160 576 3467 623 sanctorqu
3500 568 3736 621 virorum

2151 665 2507 734 precationes.
2536 662 2710 718 Noctu
2738 678 2858 716 cum
2891 661 2973 715 his
2993 660 3228 714 animum
3258 658 3451 713 Paulus
3471 658 3736 726 irrigaret,

2153 754 2493 809 dilticultates
2523 753 2675 807 facile
2702 750 2991 821 superabat
3020 790 3036 815 ,
3079 760 3131 803 et
3156 749 3324 819 plagis
3352 748 3571 802 dorsum
3607 756 3745 801 tam-

2156 864 2315 916 quam
2342 856 2514 901 statua
2555 846 2844 916 praebebat.
3007 843 3059 897 in
3093 840 3400 896 Macedonia
3442 840 3744 894 custodiam

2157 938 2458 1003 concussit;
2498 938 2569 992 ita
2611 936 2821 990 vincula
2853 933 3098 1004 precibus
3126 930 3388 1001 confregit
3433 941 3488 985 ut
3526 931 3646 995 leo;
3675 931 3747 984 ita

2158 1030 2391 1085 carceris
2418 1026 2696 1082 custodem
2726 1026 2794 1080 ab
2820 1040 3010 1082 errore
3037 1024 3315 1088 liberavit;
3341 1023 3407 1076 ita
3442 1023 3749 1076 dzemonum

2163 1122 2497 1196 tyrannidem
2529 1119 2724 1175 delevit
2747 1129 2907 1188 atque
2926 1117 3168 1172 dissolvit
3189 1115 3207 1187 (
3231 1116 3344 1168 Act.
3363 1114 3429 1169 l6
3456 1113 3497 1185 ).
3530 1115 3593 1166 Et
3619 1128 3753 1167 sane

2168 1226 2292 1270 nota
2314 1223 2436 1268 sunt
2455 1230 2539 1277 ea,
2556 1228 2672 1282 qua!
2691 1210 2756 1265 ad
2776 1226 2961 1265 omnes
2977 1208 3219 1263 homines
3234 1208 3437 1271 scribit,
3461 1206 3540 1258 Ad
3559 1208 3755 1259 oratio-

2164 1323 2278 1360 nem
2318 1303 2590 1358 incumbite
2617 1344 2632 1368 ,
2674 1302 2938 1372 vigilantes
2986 1302 3039 1353 in
3086 1315 3145 1352 ea
3175 1339 3189 1363 ,
3240 1298 3295 1351 in
3338 1298 3620 1365 gratiarum
3668 1312 3756 1349 ac-

2165 1400 2342 1461 tione;
2392 1396 2544 1450 simul
2590 1399 2742 1449 etiam
2791 1411 2883 1464 pro
2943 1410 3020 1446 me
3071 1401 3249 1456 orate,
3306 1400 3362 1444 ut
3415 1390 3537 1442 mihi
3588 1406 3758 1443 sermo

2165 1490 2311 1542 detur
2336 1489 2389 1541 in
2416 1488 2671 1554 apertione
2698 1485 2911 1538 oris'mei
2925 1500 3039 1537 cum
3059 1480 3523 1551 ducia,utloquar
3536 1477 3760 1546 Euange-

2170 1580 2224 1634 lii
2246 1581 2533 1651 mysterium
2550 1578 2681 1649 (Col.
2700 1578 2811 1632 4.2.
2828 1578 2905 1647 5).
2921 1576 3057 1644 Quid
3074 1575 3175 1630 ais?
3197 1584 3396 1628 tantam
3422 1572 3576 1626 nobis
3595 1572 3760 1626 audao

2169 1674 2305 1726 ciam
2331 1687 2513 1742 preces
2543 1671 2797 1735 tribmmt,
2824 1678 2883 1723 ut
2913 1670 3021 1722 Deo
3034 1683 3128 1737 pro
3150 1666 3313 1721 Paulo
3337 1665 3640 1734 supplicare
3666 1678 3763 1717 au-

2172 1763 2423 1819 deamus?
2449 1763 2567 1832 quis
2597 1761 2747 1816 miles
2768 1776 2943 1830 regem
2969 1774 3064 1828 pro
3084 1772 3292 1813 summo
3306 1755 3441 1811 duce
3462 1755 3653 1808 audeat
3667 1752 3765 1807 ob.

2172 1855 2505 1911 secmrelAt
2538 1853 2715 1907 nullus
2739 1853 2891 1906 miles
2916 1850 3025 1919 regi
3055 1849 3125 1904 ita
3154 1864 3311 1903 carus
3336 1857 3393 1902 et
3414 1848 3615 1902 amicus
3642 1846 3760 1910 fuit,

2175 1958 2235 2002 ut
2262 1947 2455 2002 Paulus
2488 1946 2629 2010 Deo;
2663 1944 2756 1999 sed
2788 1953 2962 1998 tamen
2983 1957 3169 2013 preces
3196 1951 3399 1996 tantum
3434 1940 3588 1993 nobis
3630 1938 3762 1993 affe-

2177 2047 2301 2094 runt
2320 2038 2591 2108 dignitatis
2619 2045 2679 2091 ut
2706 2035 2941 2091 divinum
2981 2034 3233 2087 auxilium
3263 2032 3430 2087 Paulo
3478 2029 3766 2100 implorare

2180 2150 2286 2189 non
2314 2133 2637 2188 dubitemus.
2669 2129 2743 2183 lta
2770 2130 2958 2184 Petrus
2987 2127 3075 2181 ille
3112 2140 3377 2187 summus,
3405 2124 3537 2179 caelo
3583 2122 3767 2190 splen-

2179 2226 2388 2289 didior,
2420 2237 2689 2278 carcerem
2733 2219 2915 2289 effugit
2952 2218 3021 2272 ob
3060 2232 3211 2271 suam
3250 2216 3462 2286 quidem
3516 2216 3766 2268 virtutem

2181 2317 2603 2389 probitatemque
2621 2313 3029 2384 potissimum,et
3047 2312 3115 2366 ob
3135 2324 3471 2365 communem
3494 2307 3766 2362 hominum

2183 2410 2405 2463 salutem
2422 2423 2437 2472 ;
2460 2406 2651 2460 deinde
2668 2422 2794 2459 vero
2813 2403 3063 2458 Ecclesiae
3078 2401 3383 2471 deprecatio
3397 2399 3639 2455 celeriter
3658 2413 3717 2451 ea
3726 2414 3773 2450 r-

2185 2508 2323 2557 cerls
2362 2502 2499 2554 fores
2533 2499 2759 2570 aperuit.
2798 2497 2915 2552 Non
2948 2497 3089 2551 enim
3126 2504 3325 2549 temere
3358 2491 3569 2561 scripsit
3597 2491 3772 2545 Lucas

2188 2596 2322 2664 (Act.
2339 2592 2424 2647 12.
2441 2592 2495 2661 5)
2508 2632 2520 2655 ,
2536 2606 2721 2660 preces
2736 2604 2831 2657 pro
2844 2589 2999 2643 Petro
3010 2586 3252 2642 assiduas
3266 2586 3332 2640 ab
3350 2584 3585 2639 Ecclesia
3603 2584 3770 2645 fusas;

2187 2684 2281 2741 sed
2305 2694 2407 2738 uta
2427 2682 2579 2738 nobis
2596 2680 2997 2751 intelligeretur,
3014 2686 3261 2747 quantam
3283 2678 3387 2731 vim
3410 2676 3637 2731 habeant
3659 2690 3776 2744 pre-

2189 2776 2427 2831 cationes
2449 2776 2501 2829 in
2517 2774 2668 2838 c:elo,
2696 2782 2753 2827 ut
2775 2787 2804 2825 a
2826 2770 3071 2841 periculis
3091 2770 3303 2824 Petrum
3332 2778 3385 2824 et
3411 2768 3631 2823 Paulum
3664 2768 3774 2821 eri-

2194 2868 2359 2939 piant,
2388 2865 2642 2921 Ecclesia:
2671 2864 2964 2927 columnas,
2993 2861 3354 2931 apostolorum
3404 2859 3688 2928 principes,
3720 2859 3773 2911 in

2191 2963 2324 3018 caelo
2359 2958 2758 3021 celeberrimos,
2787 2966 3045 3011 terrarum
3075 2954 3219 3007 orbis
3244 2952 3461 3018 triennia,
3491 2966 3777 3006 commune

2195 3054 2356 3107 totius
2421 3059 2576 3104 terra:
2635 3047 2901 3115 marisque
2955 3044 3426 3115 pmpugnaculum.
3491 3043 3602 3109 Age
3646 3056 3778 3094 vero

2197 3145 2441 3201 lsraelem
2472 3141 2645 3196 Moses
2671 3139 2721 3193 in
2754 3138 2906 3192 bellis
2933 3151 3034 3206 qua
3063 3137 3267 3189 ratione
3298 3133 3571 3188 servavit?
3594 3146 3776 3185 nonne

2196 3250 2342 3290 arma
2385 3231 2631 3303 quidem,
2670 3237 2725 3284 et
2765 3226 3055 3282 exercitum
3099 3225 3356 3294 discipulo
3396 3222 3630 3286 tradidit,
3664 3222 3779 3289 ipse

2195 3345 2325 3385 vero
2365 3328 2599 3384 hostium
2636 3321 2955 3380 multitudini
3003 3319 3332 3391 precationes
3375 3314 3779 3385 opposuitYnos

2199 3432 2257 3475 ut
2284 3422 2519 3484 doceret,
2552 3417 2717 3471 multo
2756 3414 3009 3484 majorem
3039 3411 3091 3465 in
3121 3408 3366 3480 precibus
3404 3408 3668 3476 justorum
3697 3404 3779 3458 vi-

2199 3530 2404 3578 rorum,
2449 3527 2608 3582 quam
2637 3510 2688 3564 in
2715 3508 2897 3569 armis,
2937 3504 3194 3575 equitatu,
3226 3500 3437 3571 opibus,
3466 3498 3629 3567 copiis
3671 3496 3777 3549 vim

2200 3606 2394 3661 inesse.
2423 3603 2709 3671 Propterea
2749 3598 3026 3652 universus
3069 3594 3227 3649 etiam
3272 3589 3554 3651 exercitus,
3582 3588 3778 3641 multa-

2200 3712 2304 3766 que
2327 3690 2600 3749 hominum
2632 3692 2796 3745 millia
2825 3691 2878 3742 in
2909 3685 3181 3757 propheta:
3214 3682 3459 3754 precibus
3504 3694 3652 3749 spem
3684 3694 3780 3731 sa-

2202 3789 2324 3843 lutis
2352 3785 2632 3841 habebant.
2659 3782 2811 3845 Nam,
2845 3787 3094 3850 precante
3109 3774 3272 3837 Mose,
3299 3773 3467 3828 ,
3502 3769 3781 3823 victoriam

2203 3879 2541 3951 reportabant
2572 3874 2779 3947 (Exod.
2796 3874 2882 3928 .
2908 3872 2994 3927 10.
3022 3870 3133 3939 tl);
3156 3885 3185 3922 a
3208 3866 3452 3937 precibus
3466 3864 3780 3925 desiSIente,

2203 3984 2355 4030 erant
2387 3971 2625 4026 hostibus
2649 3967 2947 4022 inferiores.
2977 3962 3085 4018 Nos
3111 3974 3318 4030 quoque
3349 3958 3391 4012 si
3423 3970 3697 4011 versemur
3727 3954 3781 4005 in

2206 4068 2470 4139 precibus,
2503 4063 2654 4117 facile
2679 4059 2948 4114 diabolqu
2996 4053 3392 4123 superabimus;
3419 4059 3475 4103 at
3503 4048 3545 4103 si
3573 4048 3785 4116 segnio-

2206 4175 2293 4215 res
2321 4159 2505 4223 simus,
2539 4157 2589 4209 in
2618 4168 2714 4207 nos
2744 4152 2948 4206 hostem
2983 4146 3280 4216 improbum
3322 4155 3655 4197 exercemus.
3686 4142 3786 4193 At-

2205 4251 2293 4323 qui
2322 4249 2493 4304 Moses
2518 4245 2769 4316 populum
2797 4256 3005 4312 quoque
3046 4238 3203 4308 impia
3245 4243 3634 4304 perpetrantem
3681 4247 3787 4285 una

2210 4341 2513 4413 precatione
2551 4335 2802 4398 servavit,
2847 4330 3190 4398 divinumque
3229 4325 3533 4392 adspeetum
3555 4330 3611 4375 et
3634 4322 3790 4374 innu-

2209 4433 2475 4489 merabilia
2503 4431 2644 4485 bona
2688 4442 2782 4497 per
2821 4438 3003 4493 preces
3041 4429 3242 4476 tantum
3283 4422 3639 4483 consequutus
3686 4421 3790 4465 est.

2210 4528 2334 4582 llzec
2358 4525 2498 4578 enim
2523 4523 2595 4577 illi
2619 4522 2776 4573 vitam
2805 4530 3013 4587 quoque
3041 4510 3340 4567 conciliavit
3362 4506 3652 4561 incolarum
3675 4503 3793 4558 cadi

2212 4618 2553 4690 persimilem.
2581 4610 2826 4667 Prcctttio
2853 4607 2985 4677 ignis
3012 4605 3116 4656 vim
3143 4600 3429 4670 superavit,
3455 4597 3639 4650 leones
3659 4593 3794 4648 edo-

2209 4687 2342 4768 muit
2368 4727 2382 4774 ;
2414 4721 2637 4777 quorum
2668 4704 2891 4757 alterum
2920 4695 3145 4761 Danieli,
3181 4696 3405 4748 alterum
3430 4689 3599 4743 tribus
3614 4687 3795 4757 pueris

2210 4804 2428 4873 contigit
2461 4800 2619 4873 (Dan.
2642 4796 2694 4852 6.
2728 4796 2815 4849 M.
2842 4803 2955 4847 etc.
2981 4788 3056 4863 5).
3090 4788 3168 4842 Ex
3210 4786 3291 4840 his
3336 4784 3517 4853 igitur,
3550 4789 3607 4833 ut
3652 4779 3797 4832 arbi-

2214 4907 2345 4961 trur,
2386 4891 2631 4946 omnibus
2679 4895 2841 4956 patet,
2895 4895 3256 4952 quoscumque
3297 4878 3379 4931 illa
3429 4874 3799 4944 periclitantes

2212 4988 2512 5058 exceperit,
2563 4998 2657 5038 eos
2705 4980 2860 5035 facile
2915 4972 3340 5045 impendentibus
3393 4965 3799 5022 difficultatibus

2213 5056 2447 5134 liberari.
2490 5077 2730 5130 Precatio
2771 5068 2958 5124 salutis
3001 5074 3083 5121 est
3123 5063 3350 5123 occasio,
3381 5056 3800 5113 immortalitatis

2212 5173 2402 5228 animat
2430 5165 2777 5227 conciliatrix,
2805 5159 3053 5216 Ecclesia:
3090 5168 3271 5209 murus
3296 5150 3648 5207 firmissimus.
3676 5160 3803 5214 pro-

2215 5260 2564 5333 pugnaculum
2614 5258 3016 5313 inconcussum;
3059 5246 3247 5302 terrori
3297 5238 3652 5302 daemonibus,
3702 5237 3801 5305 piis

2217 5328 2368 5407 nobis
2395 5349 2570 5405 saluti.
2603 5346 2728 5400 ll.ec
2753 5350 2993 5397 sanctum
3020 5335 3333 5408 prophetam
3362 5331 3539 5401 genuit
3567 5328 3797 5383 Samue-
3860 5328 3883 5409 "

2215 5448 2318 5501 lem
2349 5445 2425 5515 (l.
2453 5442 2581 5510 Reg.
2613 5440 2667 5509 1)
2696 5455 2709 5489 :
2743 5450 2864 5490 nam
2896 5448 3016 5487 eum
3054 5429 3120 5485 ad
3143 5426 3379 5482 sobolem
3415 5434 3601 5477 natura
3644 5417 3800 5474 matri

2214 5540 2606 5596 adversaretur,
2639 5528 2869 5599 precatio
2895 5534 3078 5580 exorta
3110 5533 3311 5573 natura:
3356 5517 3539 5570 vitium
3582 5523 3800 5579 repente

2214 5629 2464 5684 correxit.
2503 5624 2646 5678 Talis
2676 5637 2740 5676 ex
2786 5617 3090 5687 precatione
3137 5614 3337 5667 fructus
3386 5608 3610 5670 exstitit,
3641 5606 3799 5658 talem

2216 5720 2519 5791 deprecatio
2559 5713 2868 5787 prophetam
2918 5706 3229 5781 procreavit.
3272 5705 3449 5773 itaque
3488 5698 3720 5756 Celebris
3749 5697 3801 5749 in
