4092 6194
295 312 398 368 785

296 433 422 488 στὸν
451 429 821 496 ἐπιδείξασθαι
849 429 1150 501 βουληθεὶς,
1178 428 1332 498 ἄφνω
1363 428 1748 499 μεταθέμενος,
1771 427 1870 500 τὴν

291 513 553 586 δεομένην
577 511 798 584 ἠλέησε,
835 512 1007 583 πόσην
1034 515 1166 585 ἡμῖν
1193 509 1254 576 ἐξ
1283 509 1513 583 οὐρανοῦ
1548 511 1873 583 κηδεμονίαν

290 604 346 655 αἱ
383 598 685 670 προσευχαὶ
720 597 1042 668 κομίσουσις
1078 598 1236 669 Γνοίη
1273 599 1318 652 δ’
1358 601 1424 657 ἄν
1464 616 1548 663 τις
1587 598 1684 669 τὴν
1719 595 1872 665 ἰσχὺν

291 681 386 740 καὶ
426 683 526 745 τὴν
555 680 784 750 δύναμιν
812 679 920 732 τῶν
953 681 1124 749 ἀγίων
1157 683 1496 755 προσευχῶν,
1530 678 1747 734 σκοπῶν
1776 677 1872 732 καὶ

294 764 518 834 θεωρῶν
539 765 679 817 ὅσων
709 763 929 830 ἀγαθῶν
961 762 1081 816 καθ’
1110 765 1347 836 ἑκάστην
1371 766 1582 837 ἡμέραν
1607 762 1699 816 καὶ
1722 761 1871 831 ὥραν

291 848 657 917 ἀπολαύουσιν
689 848 738 898 οί
768 845 998 898 πάντοτε
1027 845 1106 918 τῷ
1136 847 1253 918 Θεῷ
1288 848 1740 919 προσπίπτοντες.
1773 844 1870 908 Τίς

290 933 400 1007 γάρ
433 933 535 985 οὐκ
561 926 734 994 οἶδεν,
771 930 852 983 ὅτι
893 930 989 983 καὶ
1034 931 1126 984 τοῦ
1173 931 1324 1002 ήλίου
1374 934 1434 986 τὸ
1467 932 1601 1002 φῶς,
1640 929 1872 984 καὶτῶν

291 1016 559 1087 ἀστέρων,
606 1014 701 1066 καὶ
745 1015 845 1085 τῆς
878 1014 1129 1087 σελήνης,
1171 1017 1266 1069 καὶ
1319 1017 1496 1086 ἀέρων
1549 1016 1868 1086 εὐκρασίαν,

292 1099 389 1152 καὶ
411 1098 616 1169 τροφὰς
643 1097 922 1161 παντοίας,
954 1099 1048 1152 καὶ
1075 1098 1322 1164 πλοῦτον,
1355 1102 1448 1153 καὶ
1474 1100 1608 1170 βίον,
1641 1102 1734 1153 καὶ
1768 1118 1872 1170 μυ-

297 1183 385 1255 ρία
408 1181 588 1250 ἀγαθά
617 1183 782 1236 πᾶσιν
807 1182 1116 1253 ἀνθρώποις
1140 1184 1339 1253 ὁμοίως
1361 1185 1389 1236 6
1415 1184 1545 1247 Θεὸς
1565 1183 1868 1255 χαρίζεται,

292 1266 385 1318 καὶ
415 1265 643 1328 δικαίοις
677 1264 772 1318 καὶ
797 1265 1039 1329 ἀσεϐέσι,
1062 1265 1152 1318 διὰ
1182 1266 1281 1337 τὴν
1311 1266 1512 1336 πολλὴν
1545 1267 1711 1320 αὑτοῦ
1747 1266 1872 1336 φιλ-

293 1349 630 1420 ανθρωπίαν,
739 1349 1006 1418 κέχρηται
1067 1350 1204 1420 πρὸς
1239 1352 1420 1421 ήμᾶςς
1458 1351 1521 1403 Εἰ
1549 1350 1605 1402 δὲ
1638 1352 1764 1413 τοὺς
1797 1350 1870 1422 μὴ

291 1431 598 1502 δεομένους,
633 1432 766 1502 μηδὲ
799 1431 1104 1496 αἰτοῦντας,
1135 1433 1307 1496 οὕτως
1335 1433 1477 1486 ἐλεεῖ
1509 1433 1631 1486 καθ’
1661 1433 1872 1505 ἡμέραν

291 1514 387 1567 καὶ
445 1515 744 1578 ἀναπαύει,
785 1514 964 1568 πόσων
1007 1515 1152 1577 είκδς
1199 1515 1420 1583 ἀγαθῶν
1471 1517 1873 1569 ἀπολαύσεσθαι

294 1599 419 1659 τοὺς
447 1599 505 1650 ἐν
535 1598 723 1667 εὐχαῖς
764 1599 860 1652 καὶ
899 1599 1113 1671 δεήσεσι
1148 1599 1328 1652 πάντα
1360 1599 1450 1652 τὸν
1485 1599 1596 1670 βίον
1645 1599 1872 1670 ἐσχολά-

293 1681 490 1746 κότας;
530 1682 666 1752 Φέρε
699 1682 762 1754 δὴ
808 1685 901 1736 καὶ
939 1685 1082 1746 ὅσοις
1112 1683 1221 1736 τῶν
1267 1683 1492 1737 δικαίων
1539 1683 1746 1754 ὑπῆρξε
1785 1683 1876 1736 διὰ

293 1765 614 1835 προσευχῶν
655 1765 827 1819 σῶσαι
869 1767 963 1819 καὶ
993 1766 1142 1837 ἔθνη,
1173 1769 1267 1821 καὶ
1302 1768 1504 1833 πόλεις,
1534 1769 1630 1822 καὶ
1661 1769 1758 1839 τὴν
1793 1769 1870 1819 ol-

292 1848 566 1918 κουμέν“ην
591 1847 830 1913 ἅπασαν,
856 1850 1098 1919 εἴπωμεν
1125 1853 1260 1920 πρὸς
1281 1852 1446 1921 ὑμᾶς.
1484 1852 1572 1903 Ἐν
1597 1852 1654 1905 δὲ
1686 1854 1872 1923 μνήμῃ

293 1933 606 2002 προσευχῆς
645 1931 856 1995 Παῦλος
900 1933 1116 2004 πρῶτος
1145 1934 1293 1998 ἄξιος
1339 1937 1579 2007 μνήμης,
1609 1934 1821 1997 Παῦλος
1846 1937 1875 1987 6

291 2013 393 2083 τῆς
434 2015 527 2068 τοῦ
567 2014 700 2068 Θεοῦ
727 2015 984 2086 λατρείας
1018 2018 1347 2089 ἀκόρεστος,
1391 2019 1430 2081 6,
1465 2019 1642 2082 κοινὸς
1673 2019 1872 2090 πατὴρ,

294 2097 386 2149 καὶ
414 2096 674 2166 πρόγονος
703 2098 810 2151 τῶν
843 2099 1042 2153 δούλων
1070 2101 1169 2155 τοῦ
1198 2102 1458 2173 Χριστοῦ.
1507 2103 1740 2164 Ἐκεῖνος
1765 2103 1876 2155 τοί-

293 2194 388 2232 νυν
418 2181 448 2232 6
479 2178 652 2248 φύλαξ
671 2181 768 2251 τῆς
802 2183 1146 2254 οἰκουμένης,
1181 2184 1268 2237 διὰ
1297 2186 1623 2256 προσευχῆς,
1661 2188 1753 2239 καὶ
1779 2186 1875 2256 τῆς

296 2261 553 2332 συνεχοῦς
575 2262 809 2333 δεήσεως
842 2267 1019 2319 πάντα
1045 2267 1111 2318 τά
1140 2267 1266 2338 ἔθνη
1298 2267 1544 2332 διέσωσε,
1571 2268 1744 2335 λέγων
1787 2269 1875 2321 ἀεὶ

293 2342 430 2413 πρὸς
460 2345 629 2414 ἡμᾶς·
669 2347 888 2401 Τούτου
918 2348 1097 2416 χάριν
1124 2348 1368 2418 κάμπτω
1402 2351 1472 2405 τὰ
1507 2349 1728 2420 γόνατά
1754 2366 1874 2418 μου

293 2427 444 2495 πρὸς
478 2429 585 2481 τὸν
615 2432 847 2500 Πατέρα
873 2432 980 2487 τοῦ
1018 2433 1240 2500 Κυρίου
1282 2433 1454 2504 ἡμῶν
1499 2435 1694 2503 Ἰησοῦ
1743 2435 1875 2502 Χρι-

293 2509 468 2573 στοῦ,
495 2510 566 2576 ἐξ
594 2509 665 2567 οὗ
703 2512 872 2568 πᾶσα
903 2517 1120 2582 πατριὰ
1144 2516 1214 2569 ἐν
1241 2515 1474 2584 οὐρανῷ
1507 2517 1605 2571 καί
1630 2517 1729 2570 ἐπὶ
1763 2515 1878 2587 γῆς

293 2592 666 2663 ὀνομάζεταιο
703 2597 803 2651 ἵνα
823 2596 942 2665 δῴη
983 2599 1127 2667 ὑμῖν
1151 2599 1300 2653 κατὰ
1331 2599 1438 2654 τὸν
1470 2601 1740 2655 πλοῦτον
1770 2598 1878 2668 τῆς

293 2675 537 2745 χάριτος
576 2679 798 2744 αὐτοῦ,
843 2681 1092 2751 δυνάμει
1139 2682 1573 2752 κραταιωθῆναι
1618 2683 1719 2738 διὰ
1769 2683 1876 2738 τοῦ

293 2762 639 2830 Πνεύματος
671 2764 878 2829 αὐτοῦ,
906 2767 993 2830 εις
1031 2766 1140 2819 τὸν
1165 2769 1285 2821 ἔσω
1316 2767 1649 2836 ἄνθρωπον,
1681 2783 1876 2823 κατοι-

293 2844 482 2914 κῆσαι
506 2848 614 2901 τὸν
644 2849 901 2916 Χριστὸν
928 2849 1025 2902 διὰ
1059 2851 1319 2918 πίστεως
1347 2853 1416 2905 ἐν
1446 2852 1575 2919 ταῖς
1605 2853 1876 2922 καρδίαις

293 2928 482 2999 ὑμῶν.
541 2932 727 3003 Ὁρᾷς,
781 2932 904 2986 ὅσον
968 2935 1143 3005 ἰσχύει
1196 2937 1472 3008 προσευχὴ
1527 2939 1622 2991 καὶ
1661 2938 1873 3008 δέησις;

293 3012 477 3078 Ναοὺς
529 3016 769 3087 Χριστοῦ
821 3019 948 3082 τοὺς
1005 3018 1331 3090 ἀνθρώπους
1384 3021 1715 3091 ἐργάζεται·
1784 3023 1876 3074 καὶ

291 3094 484 3168 ὥσπερ
520 3101 742 3169 χρυσὸς,
773 3101 867 3154 καὶ
893 3101 1029 3156 λίθοι
1064 3104 1441 3174 πολυτίμητοι,
1483 3105 1578 3158 καὶ
1610 3105 1875 3176 μάρμαρα

293 3181 508 3234 ποιοῦσι
539 3185 665 3247 τοὺς
703 3185 886 3249 οἴκους
917 3186 1026 3240 τῶν
1073 3187 1370 3262 βασιλέων·
1414 3188 1558 3242 οὕτω
1598 3191 1874 3260 προσευχὴ

292 3267 455 3329 ναοὺς
481 3267 574 3320 τοῦ
608 3269 868 3340 Χριστοῦ.
900 3261 1283 3340 Κατοικῆοῖαι,
1310 3274 1461 3343 φησὶ,
1488 3275 1594 3327 τὸν
1618 3275 1877 3341 Χριστὸν

292 3349 362 3402 ἐν
387 3350 519 3417 ταῖς
546 3352 818 3420 καρδίαις
845 3354 1030 3423 ὑμῶν.
1058 3355 1124 3408 Τί
1170 3357 1354 3426 μεῖζον
1378 3357 1444 3409 ἂν
1473 3357 1681 3425 γένοιτο
1710 3375 1877 3428 προσ-

293 3435 460 3506 ευχῆς
506 3437 818 3507 ἐγκώμιον,
865 3439 895 3509 ἢ
947 3439 1029 3492 ὅτι
1065 3441 1228 3504 ναοὺς
1273 3441 1651 3512 ἀπεργάζεται
1704 3441 1874 3507 Θεοῦ;

301 3520 395 3571 Ὃν
419 3520 480 3571 ού
508 3520 776 3591 χωροῦσιν
805 3522 1045 3591 οὐρανοὶ,
1077 3517 1230 3586 οὗτος
1259 3525 1339 3587 εἰς
1369 3525 1546 3596 ψυχὴν
1571 3525 1877 3596 εἰσέρχεται

294 3602 479 3665 ζῶσαν
502 3606 560 3656 ἐν
586 3609 932 3676 προσευχαῖς.
967 3607 1019 3658 Ὁ
1042 3607 1298 3676 οὐρανός
1304 3626 1405 3677 μοι
1432 3611 1661 3676 θρόνος,
1691 3611 1875 3681 φησὶν,

295 3687 334 3751 ἡ
370 3687 437 3739 δὲ
472 3687 548 3755 γῆ
582 3689 916 3742 ὑποπόδιον
945 3688 1064 3743 τῶν
1103 3691 1306 3744 ποδῶν
1332 3711 1471 3760 μου.
1501 3692 1680 3746 Ποῖον
1710 3690 1880 3746 οἷκον

296 3769 727 3839 οἰκοδομήσετέ
747 3771 1054 3841 μοιςλέγει
1090 3773 1293 3844 Κύριος
1315 3792 1327 3805 ο
1365 3775 1402 3843 ἢ
1441 3777 1532 3841 τίς
1559 3777 1742 3842 τόπος
1772 3775 1880 3843 τῆς

298 3854 729 3919 καταπαύσεώς
757 3873 912 3924 μους
971 3856 1109 3909 Ἀλλ’
1149 3858 1298 3927 ὅμως
1341 3854 1486 3911 οἷκον
1512 3861 1539 3911 6
1571 3858 1778 3922 Παῦλος
1803 3863 1878 3911 οἰ-

302 3935 523 4006 κοδομεῖ
540 3937 626 3990 διὰ
643 3938 748 3990 τῶν
772 3939 941 4007 ἁγίων
968 3939 1142 4008 εὐχῶν
1156 3947 1203 3994 ⁸.
1220 3939 1268 3992 Κ
1273 3939 1501 4008 ιίμπτω,
1519 3941 1671 4011 φησὶ,
1688 3945 1758 3994 τὰ
1785 3943 1880 4011 rd-

299 4018 452 4072 νατὰ
492 4038 611 4089 μου
664 4021 815 4089 πρὸς
853 4022 960 4075 τὸν
1002 4022 1236 4090 Πατέρα
1282 4023 1390 4077 τοῦ
1438 4023 1658 4091 Κυρίου
1709 4023 1880 4093 ἡμῶν

311 4101 507 4168 Ἰησοῦ
529 4103 806 4172 Χριστοῦ,
831 4105 930 4158 ινα
952 4107 1282 4175 κατοικήσῃ
1314 4109 1346 4159 o'
1375 4107 1625 4175 Χριστὸς
1651 4107 1748 4160 διὰ
1769 4107 1880 4175 τῆς

298 4185 556 4252 πίστεως
579 4187 648 4239 ἐν
678 4186 809 4253 ταῖς
839 4188 1110 4256 καρδίαις
1129 4188 1316 4258 ὑμῶν.
1357 4192 1464 4243 Καὶ
1497 4192 1602 4262 μὴν
1629 4193 1880 4244 κάκεῖθεν

302 4266 401 4320 ῑδοι
438 4287 523 4332 τις
553 4271 618 4322 ἂν
647 4271 746 4341 τὴν
779 4271 1008 4342 δύναμιν
1039 4271 1148 4325 τῶν
1177 4273 1348 4341 ἁγίων
1377 4273 1572 4343 εὐχῶν,
1609 4273 1757 4346 [788]
1797 4275 1877 4330 ὅτι

300 4357 512 4422 Παῦλος
544 4361 572 4412 6
604 4360 693 4413 διὰ
723 4362 903 4432 πάσης
935 4361 1034 4431 τῆς
1066 4363 1394 4433 οἰκουμένης
1422 4363 1611 4435 ῶσπερ
1640 4365 1878 4418 ὑπόπτε-

299 4457 392 4512 ρος
422 4443 663 4512 τρέχων,
695 4444 789 4496 καὶ
832 4443 1204 4516 δεσμωτήριον
1232 4446 1426 4508 οἰκῶν,
1465 4448 1558 4499 καὶ
1608 4448 1879 4518 μάστιγας

299 4525 606 4596 ὑπομένων,
635 4529 728 4580 καὶ
757 4529 937 4598 φορῶν
962 4528 1172 4592 ἀλυσιν,
1209 4531 1303 4582 καὶ
1337 4530 1445 4596 ζῶν
1470 4533 1527 4585 ἐν
1556 4533 1748 4602 αἵματι
1785 4535 1879 4587 καὶ

297 4609 588 4677 κινδύνοις,
613 4611 708 4664 καὶ
739 4611 997 4682 δαίμονας
1032 4612 1300 4679 ἐλαύνων,
1347 4617 1442 4668 καὶ
1473 4619 1700 4688 νεκροὺς
1733 4619 1878 4685 ἐγεί-

302 4709 411 4763 ρων
435 4733 449 4756 ,
481 4695 571 4747 καὶ
605 4694 792 4748 παύων
819 4698 1245 4768 ἀρρωστήματα,
1278 4698 1450 4751 οὐδενὶ
1475 4700 1678 4753 τούτων
1711 4701 1876 4773 ἐθάρ-

298 4780 468 4849 ρησεν
494 4781 572 4842 είς
604 4779 876 4850 σωτηρίαν
906 4780 1012 4832 τῶν
1041 4781 1367 4852 ἀνθρώπων,
1399 4783 1533 4836 ἀλλά
1557 4789 1672 4849 ταῖς
1712 4803 1878 4856 προσ-

295 4863 487 4930 ευχαῖς
517 4862 748 4931 ἐτείχισε
781 4862 880 4933 τὴν
909 4864 1010 4933 γῆν
1046 4865 1096 4929 ι),
1142 4866 1237 4918 καὶ
1267 4866 1406 4935 μετά
1429 4866 1498 4920 τά
1538 4871 1738 4938 σημεῖα
1783 4871 1877 4923 καὶ

291 4947 396 5012 τὴν
420 4947 530 4999 τῶν
559 4947 768 5018 νεκρῶν
798 4948 1113 5011 ἀνάστασιν,
1148 4951 1238 5003 ἐπὶ
1260 4949 1357 5014 τὰς
1388 4954 1694 5022 προσευχάς
1727 4954 1876 5025 ἔτρε-

293 5047 419 5101 χεν,
474 5029 663 5101 ῶσπερ
699 5049 785 5097 τις
822 5033 1061 5104 ἀθλητὴς
1098 5035 1190 5087 ἐπὶ
1236 5034 1573 5106 παλαίστραν
1612 5038 1720 5091 ἀπὸ
1757 5057 1875 5092 στε-

295 5113 492 5180 φάνου.
520 5115 630 5166 Καὶ
653 5114 760 5184 γὰρ
791 5117 885 5168 καὶ
911 5117 1009 5187 τῆς
1038 5119 1387 5181 ἀναστάσεως
1409 5120 1516 5171 τῶν
1543 5121 1751 5190 νεκρῶν
1782 5123 1875 5176 καὶ

291 5195 405 5248 τῶν
436 5195 612 5250 ἄλλων
644 5200 901 5252 ἁπάντων
950 5203 980 5271 ή
1029 5200 1308 5271 προσευχὴ
1355 5203 1591 5274 χορηγός
1617 5222 1628 5234 ο
1658 5206 1752 5258 καὶ
1797 5208 1876 5259 εί-

294 5281 474 5343 κότως
517 5292 538 5320 ε
566 5299 578 5312 ο
617 5283 684 5354 ἢν
745 5283 856 5355 γὰρ
898 5285 992 5337 ἐπὶ⁵
1023 5285 1132 5338 τῶν
1177 5286 1413 5356 δένδρων
1455 5289 1608 5358 ἰσχὺν
1648 5290 1760 5361 εχει
1806 5293 1874 5346 τά

295 5364 490 5426 ὕδατα,
523 5365 728 5436 ταύτην
756 5369 848 5420 ἐπὶ
868 5369 960 5422 τοῦ
988 5369 1104 5440 βίου
1131 5370 1237 5423 τῶν
1270 5371 1439 5439 ἁγίων
1469 5375 1521 5425 αἱ
1549 5377 1870 5446 προσευχαί.

307 5449 404 5503 Ἐν
457 5451 523 5520 τῇ
578 5449 733 5502 νυκτὶ
780 5451 953 5524 ταύτῃ
1007 5453 1184 5525 ἄρδων
1217 5454 1314 5525 τὴν
1346 5455 1521 5526 ψυχὴν
1561 5463 1588 5510 ὁ
1639 5459 1870 5527 Παῦλος*

327 5649 340 5662 ν
358 5585 493 5660 ’.εἰς
507 5600 606 5664 ρος
623 5599 653 5635 e
672 5588 872 5648 Savilio,
899 5602 984 5652 pro
1005 5601 1067 5638 co
1087 5591 1217 5663 quad
1257 5591 1533 5653 legebatur,
1559 5593 1693 5641 ποῖον
1713 5595 1870 5645 οἶκ....

298 5649 480 5709 ὠχὼν;
507 5649 636 5698 Eon.

357 5710 387 5750 δ
406 5711 540 5774 Cp'b.
567 5713 738 5774 ψυχήν.

360 5775 385 5802 ⁸⁸
414 5773 527 5822 Haec
579 5773 743 5829 Verba,
767 5776 845 5820 καὶ
871 5775 1082 5829 εἰκότως,
1107 5787 1133 5822 o
1157 5777 1336 5824 SMiIiO
1363 5786 1580 5839 recopta.
1610 5779 1744 5832 Eon.

600 5870 870 5932 [Ἀτιιοι.
905 5875 1022 5934 Gn.
1064 5877 1128 5938 L.

1568 318 1654 373 DE
1692 316 2127 375 PRECATIONE
2165 316 2226 370 ll.

3446 317 3552 372 78$

1977 423 2156 480 πάντα
2187 426 2456 498 ὑπέμενεν
2485 429 2724 502 εὐχερῶς
2750 430 2816 483 τά
2840 427 3005 491 δεινὰ,
3032 428 3286 500 παρέχων
3315 429 3381 483 τὰ
3409 431 3557 484 νῶτα

1973 511 2096 572 ταῖς
2143 507 2378 580 πληγαῖς
2412 511 2600 584 ὥσπερ
2637 513 2876 584 ἀνδριάς.
2920 511 3108 575 Οὕτως
3141 515 3198 567 ὲν
3246 514 3553 585 Μακεδονίᾳ

1973 591 2033 645 τὸ
2069 592 2440 666 δεσμωτήριον
2478 594 2715 649 ἔσεισενο
2747 596 2891 650 οὕτω
2935 596 3002 649 τά
3049 596 3226 666 δεσμά
3273 597 3558 668 διέρρηξεν

1974 680 2163 752 ὥσπερ
2207 680 2344 735 λέων
2380 686 2501 747 ταῖς
2532 686 2860 755 προσευχαῖς
2886 701 2899 713 ·
2931 684 3073 737 οῦτω
3097 685 3188 738 τὸν
3215 685 3309 738 τοῦ
3345 686 3558 756 δεσμω-

1972 763 2162 834 τηρίου
2211 765 2428 833 φύλακα
2480 771 2584 838 τῆς·
2620 769 2828 838 πλάνης
2877 769 3222 840 ἐξήρπασεν·
3264 770 3407 823 οὓτω
3459 771 3560 838 τὴν

1971 848 2262 916 τυραννίδα
2294 849 2402 903 τῶν
2435 850 2704 920 δαιμόνων
2739 852 3018 906 κατέλυσε.
3054 853 3164 905 Καὶ
3201 853 3306 924 μὴν
3335 854 3561 907 κάκεῖνά

1973 946 2037 998 γε
2057 929 2235 1000 ἴσμεν,
2254 931 2289 985 ἀ
2307 933 2509 1003 γράφει
2533 934 2668 1005 πρὸς
2691 936 2896 997 πάντας
2913 935 3253 1006 ἀνθρώπους·
3281 935 3360 1004 Τῇ
3375 951 3561 1002 προσ-

1972 1011 2126 1082 ευχῇ
2184 1016 2708 1083 προσκαρτερεῖτε,
2770 1017 3205 1087 γρηγοροῦντες
3260 1020 3330 1071 ἐν
3371 1018 3555 1085 αὐτῇ,

1971 1095 2042 1148 ἐν
2067 1099 2435 1166 εὐχαριστίᾳ,
2460 1101 2936 1168 προσευχόμενοι
2963 1099 3082 1168 ἅμα
3109 1101 3206 1152 καὶ
3235 1101 3367 1169 περὶ
3388 1101 3556 1170 ἐμοῦ.

1972 1179 2073 1232 ἵνα
2098 1197 2203 1248 μοι
2237 1181 2386 1250 δοθῇ
2413 1184 2596 1251 λόγος
2623 1183 2692 1235 ἐν
2719 1183 2946 1246 ἀνοίξει
2977 1183 3082 1235 τοῦ
3123 1184 3420 1251 στόματός
3437 1201 3558 1252 μου

1972 1262 2043 1315 ἐν
2067 1265 2390 1333 παρρησίᾳ,
2427 1264 2696 1334 λαλῆσαι
2721 1265 2786 1318 τὸ
2801 1265 3141 1334 μυστήριον
3161 1265 3265 1320 τοῦ
3306 1269 3561 1335 Εὐάγγε-

1973 1346 2133 1401 λίου.
2166 1347 2230 1398 Τί
2259 1347 2466 1416 λέγειςς
2500 1349 2770 1419 τοσαύτην
2803 1350 2934 1418 ἡμῖν
2970 1348 3284 1419 παρρησίαν
3307 1349 3361 1400 αἱ
3393 1365 3559 1419 προσο

1975 1430 2131 1498 ευχαὶ
2165 1429 2432 1496 διδόασιν,
2465 1432 2541 1494 ώς
2588 1433 2728 1502 ὑπὲρ
2787 1431 3001 1484 Παύλου
3047 1431 3254 1502 τολμᾷν
3302 1431 3392 1483 τὸν
3426 1431 3558 1484 Θεὸν

1976 1514 2272 1580 ίκετεύειν;
2307 1516 2388 1579 τίς
2426 1517 2602 1586 τολμᾷ
2641 1514 2980 1588 στρατιώτης
3013 1515 3154 1585 ὑπὲρ
3185 1515 3279 1567 τοῦ
3323 1514 3558 1586 μεγάλου

1978 1591 2286 1669 στρατηγοῦ
2323 1600 2414 1652 τὸν
2461 1599 2684 1671 βασιλέα
2730 1599 3104 1671 παρακαλεῖν;
3142 1599 3330 1653 Καίτοι
3366 1616 3428 1664 γε
3469 1600 3559 1650 ού-

1974 1681 2085 1744 δεὶς
2110 1682 2250 1736 οὕτω
2277 1685 2580 1755 στρατηγὸς
2610 1684 2688 1755 τῷ
2713 1684 2921 1754 βασιλεί
2950 1685 3122 1754 φίλος,
3153 1684 3228 1746 ὼς
3252 1683 3459 1745 Παῦλος
3481 1683 3560 1752 τῷ

1975 1764 2123 1833 Θεῷο
2156 1766 2271 1819 ἀλλ’
2297 1769 2444 1837 ὅμως
2475 1770 2553 1830 εἰς
2581 1768 2851 1839 τοσαύτην
2874 1768 3099 1836 ἄγουσιν
3127 1769 3273 1838 ἡμᾶς
3303 1768 3358 1820 αἱ
3387 1784 3558 1837 προσ-

1976 1848 2133 1916 ευχαὶ
2173 1849 2354 1919 τιμὴν,
2384 1850 2458 1911 ώς
2504 1851 2640 1920 ὑπὲρ
2681 1851 2892 1904 Παύλου
2931 1851 3135 1922 τολμᾷν
3163 1850 3255 1903 τὸν
3282 1851 3413 1904 Θεὸν
3449 1852 3560 1903 ἱκε-

1974 1931 2172 1986 τεύειν.
2218 1932 2374 1986 Οῦτω
2417 1935 2512 1986 καὶ
2558 1935 2764 2007 Πέτρος
2795 1937 2823 1988 6
2868 1935 3060 2006 μέγας,
3104 1935 3132 1986 6
3177 1933 3271 1986 τοῦ
3325 1932 3556 2004 ούρανοῦ

1975 2012 2373 2086 λαμπρότερος,
2405 2016 2466 2068 τὸ
2504 2016 2876 2089 δεσμωτήριον
2905 2018 3149 2087 διέφυγε,
3194 2017 3424 2087 μάλιστα
3462 2017 3560 2086 μὲν

1974 2095 2062 2148 διὰ
2101 2097 2196 2168 τὴν
2228 2099 2434 2152 οἰκείαν
2465 2100 2687 2172 ἀρετὴν,
2728 2102 2822 2154 καὶ
2848 2101 2948 2171 τὴν
2982 2101 3168 2171 κοινὴν
3209 2099 3317 2152 τῶν
3349 2097 3560 2169 ἀνθρώο

1977 2199 2092 2234 πων
2135 2184 2429 2250 σωτηρίαν,
2465 2185 2656 2238 ἔπειτα
2705 2185 2888 2256 μέντοι
2936 2184 3030 2238 καὶ
3073 2187 3106 2256 ή
3144 2182 3420 2255 προσευχὴ
3463 2183 3561 2252 τῆς

1988 2263 2317 2334 Ἐκκλησίας
2349 2267 2743 2338 κεκλεισμένας
2784 2268 2879 2321 τοῦ
2911 2267 3291 2339 δεσμωτηρίου
3325 2266 3423 2330 τὰς
3467 2265 3561 2318 θύ-

1978 2363 2078 2416 ρας
2123 2349 2329 2419 ταχέως
2361 2351 2614 2420 ἀνέῳξεν.
2657 2353 2732 2406 Ού
2781 2352 2888 2424 γάρ
2935 2343 3058 2422 εἰκῆ
3100 2351 3480 2425 προσέγραψεν
3533 2351 3561 2401 6

1975 2432 2210 2494 Λουκᾶς,
2241 2434 2321 2485 ὅτι
2351 2435 2638 2506 Προσευχὴ
2670 2436 2726 2489 δὲ
2761 2431 2830 2506 ἦν
2867 2437 3093 2506 ἐκτενὴς
3131 2435 3262 2506 ὅλης
3292 2437 3392 2506 τῆς
3435 2434 3560 2488 Ἐκ-

1975 2512 2202 2585 κλησίας
2231 2515 2372 2586 ὑπὲρ
2401 2517 2494 2570 τοῦ
2531 2519 2761 2589 Πέτρου,
2801 2517 2916 2571 ἀλλ’
2953 2519 3040 2570 ἵνα
3086 2517 3347 2588 μάθωμεν
3377 2520 3558 2588 ἡμεῖς,

1973 2596 2107 2666 ὅσην
2148 2598 2303 2667 ἰσχὺν
2339 2600 2395 2650 ἐν
2427 2601 2677 2671 οὐρανοῖς
2724 2603 2778 2654 αί
2807 2601 3106 2673 προσευχαὶ
3137 2601 3454 2670 κέκτηνται,
3485 2601 3564 2663 ὡς

1976 2679 2185 2733 Παῦλον
2213 2681 2306 2735 καὶ
2340 2682 2544 2753 Πέτρον
2571 2683 2831 2738 κινδύνων
2862 2685 3247 2747 ἀπαλλάττειν,
3278 2686 3404 2748 τοὺς
3436 2684 3562 2737 στύ-

1973 2762 2098 2826 λους
2132 2764 2228 2834 τῆς
2272 2765 2598 2835 Ἐκκλησίας
2617 2807 2632 2831 ,
2663 2767 2788 2830 τοὺς
2819 2767 3152 2838 κορυφαίους
3183 2767 3290 2820 τῶν
3321 2767 3559 2820 ἀποστό-

1973 2846 2099 2910 λων,
2131 2850 2257 2912 τοὺς
2291 2850 2651 2921 περιϐοήτους
2692 2854 2748 2905 ἐν
2789 2852 3024 2923 οὐρανῷ,
3057 2851 3115 2913 τὸ
3147 2853 3326 2921 τεῖχος
3354 2851 3454 2919 τῆς
3483 2851 3562 2903 οξ-

1975 2931 2268 3005 κουμένης,
2296 2932 2355 2985 τὸ
2382 2934 2560 2986 κοινὸν
2591 2934 2961 3006 φυλακτήριον
2996 2935 3177 3003 πάσης
3206 2935 3309 3004 γῆς
3342 2934 3436 2986 καὶ
3464 2932 3560 2986 θα-

1973 3011 2192 3083 λάττης.
2228 3015 2360 3067 Εἰπέ
2399 3033 2511 3086 μοι,
2543 3017 2660 3081 πῶς
2699 3020 2727 3070 6
2760 3017 2961 3087 Μωσῆς
3000 3017 3094 3070 τὸν
3136 3017 3351 3089 Ἰσραὴλ
3377 3018 3434 3069 ἐν
3464 3034 3560 3070 πο·

1975 3094 2159 3165 λέμοις
2196 3096 2488 3164 διέσωσεν;
2524 3101 2584 3152 οὐ
2621 3100 2689 3153 τὰ
2723 3101 2818 3171 μὲν
2845 3100 2987 3154 ὅπλα
3020 3101 3112 3153 καὶ
3161 3099 3259 3171 τὴν
3301 3099 3560 3171 στρατιὰν

1975 3177 2052 3248 τῷ
2078 3179 2294 3252 μαθητῇ
2323 3183 2663 3254 παρέδωκεν,
2696 3186 2858 3248 αὐτὸς
2880 3183 2936 3236 δὲ
2956 3185 3054 3247 τὰς
3077 3183 3241 3254 εύχάς
3265 3184 3560 3252 ἀντέστησε

1975 3262 2054 3333 τῷ
2091 3263 2283 3334 πλήθει
2315 3266 2422 3319 τῶν
2453 3267 2796 3333 ἀντιπάλωνς
2836 3267 3102 3322 διδάσκων
3141 3269 3310 3338 ἡμᾶς,
3344 3268 3425 3320 ὅτι
3464 3268 3562 3320 καὶ

1977 3347 2177 3411 ὃπλων,
2205 3349 2298 3402 καὶ¹
2323 3349 2525 3417 ἵππων,
2558 3351 2651 3404 καὶ
2681 3351 2980 3422 χρημάτων
3002 3395 3016 3418 ,
3054 3351 3148 3403 καὶ
3184 3350 3562 3422 στρατοπέδων

1979 3432 2156 3504 πολλῴ
2186 3432 2410 3503 μείζονα
2433 3435 2662 3506 δύναμιν
2689 3438 2902 3506 ἔχουσιν
2929 3437 2986 3490 αί
3016 3438 3317 3508 προσευχαὶ
3346 3435 3454 3489 τῶν
3483 3437 3562 3489 διο

1978 3515 2165 3570 καίων.
2198 3517 2296 3570 Διά
2326 3518 2484 3571 τοῦτο
2519 3521 2610 3572 καὶ
2643 3521 2748 3582 πᾶς
2772 3521 2801 3572 6
2829 3522 3078 3590 στρατὸς,
3119 3521 3212 3572 καὶ
3240 3519 3430 3571 πολλαὶ
3461 3537 3564 3588 μυ-

1982 3598 2181 3668 ριάδες,
2215 3603 2273 3653 ἐν
2301 3604 2365 3672 τῇ
2392 3605 2667 3673 προσευχῇ
2693 3602 2786 3654 τοῦ
2818 3605 3097 3674 προφήτου
3120 3603 3219 3671 τὴν
3245 3601 3436 3653 ἐλπίδα
3462 3602 3560 3670 τῆς

1981 3684 2254 3754 σωτηρίας
2302 3681 2478 3754 εἶχον·
2516 3687 2952 3756 προσευχομένου
2997 3686 3095 3756 μὲν
3134 3687 3243 3756 γὰρ
3291 3685 3384 3738 τοῦ
3428 3686 3559 3738 Μω-

1981 3768 2137 3830 σέως,
2172 3768 2437 3838 ἐκράτουν
2479 3770 2758 3832 Ἰουδαῖοι,
2789 3769 3139 3838 πεπαυμένου
3181 3769 3236 3820 δέ
3261 3769 3357 3838 τῆς
3387 3785 3558 3839 προσ·

1980 3851 2166 3918 ευχῆς,
2211 3851 2428 3904 ἔλαττον
2466 3849 2610 3923 εἶχον
2645 3853 2754 3906 τῶν
2797 3853 3128 3906 ἀντιπάλων.
3169 3851 3325 3905 Οῦτω
3358 3852 3421 3923 δὴ
3467 3853 3561 3906 καὶ

1980 3935 2143 4003 ἡμεῖς
2174 3937 2594 4005 προσευχόμενοι
2635 3937 2752 4007 μὲν,
2783 3936 2982 4008 ραδίως
3019 3936 3111 3990 τοῦ
3149 3935 3393 3988 διαϐόλου
3426 3953 3562 4006 κραο

1980 4020 2239 4089 τήσομεν,
2262 4019 2628 4091 ῥᾳθυμοῦντες
2651 4020 2727 4085 δὲ,
2753 4020 2872 4073 καθ’
2898 4021 3104 4074 ἑαυτῶν
3125 4019 3401 4091 ἀσκοῦμεν
3417 4019 3443 4059 δ
3467 4021 3561 4074 τὸν

1982 4102 2244 4173 Πονηρόν.
2288 4104 2394 4155 Καὶ
2433 4103 2541 4174 μὴν
2588 4104 2682 4156 καὶ
2723 4103 2813 4156 τὸν
2855 4103 2984 4157 λαὸν
3038 4105 3418 4174 ἀσεϐήσαντα,
3473 4103 3560 4157 διὰ

1983 4196 2295 4265 προσευχῆς
2345 4195 2510 4267 μόνης
2557 4195 2780 4248 διέσωσε
2829 4196 3054 4265 Μωσῆς,
3101 4198 3194 4250 καὶ
3240 4196 3350 4249 τῶν
3396 4194 3559 4248 θείων

1981 4280 2156 4348 ὄψεων
2193 4279 2283 4332 καὶ
2320 4279 2528 4349 μυρίων
2557 4279 2776 4346 ἀγαθῶν
2803 4278 2888 4332 διὰ
2928 4279 3130 4348 ταύτης
3167 4279 3328 4348 ἔτυχε
3367 4279 3556 4350 μόνης.

1981 4361 2132 4432 Αὕτη
2184 4363 2292 4433 γὰρ
2345 4361 2494 4433 [789]
2545 4362 2692 4429 αὐτῷ
2739 4365 2833 4415 καὶ
2878 4362 2970 4415 τὸν
3011 4362 3124 4432 βίον
3178 4363 3560 4434 παραπλήσιον

1981 4447 2204 4515 εποίησε
2254 4449 2365 4508 τοῖς
2393 4445 2598 4498 οἰκοῦσι
2638 4445 2726 4498 τὸν
2760 4445 3008 4516 οὐρανόν.
3060 4446 3344 4518 Προσευχὴ
3387 4447 3559 4517 πυρὲς

1980 4529 2208 4599 δύναμιν
2255 4528 2470 4598 ἤλεγξε,
2509 4529 2603 4581 καὶ
2649 4528 2868 4591 λέοντας
2911 4529 3196 4600 ὴςιέρωσε·
3230 4529 3291 4581 τὸ
3333 4530 3432 4599 μὲν
3467 4531 3560 4582 ἐπὶ

1979 4611 2072 4664 τοῦ
2095 4611 2312 4683 Δανιὴλ,
2335 4612 2394 4662 τὸ
2419 4611 2474 4662 δὲ
2502 4613 2594 4664 ἐπὶ
2622 4611 2730 4664 τῶν
2757 4610 3296 4683 τριῶπῖέργασαμὲνη
3329 4611 3552 4666 παίδων.

1979 4698 2057 4748 Δι’
2090 4690 2182 4758 ὧν,
2219 4691 2392 4766 οἴμαι,
2425 4695 2518 4747 καὶ
2546 4694 2702 4764 δῆλον
2732 4696 3029 4766 πεποίηκεν
3060 4695 3283 4758 ἅπασιν,
3312 4696 3393 4748 ὅτι
3422 4696 3559 4748 πάν·-

1979 4799 2098 4844 τας.
2126 4782 2280 4843 ὅσους
2307 4779 2371 4832 ἀν
2411 4779 2549 4850 λάδῃ
2590 4778 3022 4846 κινδυνεύοντας,
3078 4779 3279 4851 ῥᾳδίως
3311 4779 3550 4850 ἐξαρπά-

1977 4863 2062 4929 ζει
2099 4863 2208 4916 τῶν
2263 4862 2660 4932 ἐπηρτημένων
2701 4861 2909 4916 δεινῶν.
2963 4862 3246 4934 Προσευχὴ
3283 4863 3554 4934 σωτηρίας,

1976 4949 2231 5019 ἀφορμὴ,
2265 4947 2562 5011 ἀθανασίας
2603 4945 2862 5020 πρόξενος
2893 4946 3072 5018 ψυχῆς
3094 4958 3140 5015 ο,
3173 4949 3273 5020 τῆς
3326 4947 3559 5020 Ἐκκλη.

1979 5033 2098 5095 σίας
2122 5034 2301 5101 τεῖχος
2328 5030 2587 5101 ἀρραγές,
2613 5029 2980 5099 φυλακτήριον
3019 5031 3290 5095 ἄσειστον,
3326 5031 3558 5101 φοϐερὸν

1977 5115 2078 5186 μὲν
2104 5118 2216 5178 τοῖς
2252 5114 2493 5186 δαίμοσι,
2531 5115 2798 5186 σωτήριον
2840 5114 2897 5167 δέ
2938 5117 3049 5178 τοῖς
3082 5115 3366 5168 εὐσεϐέσιν
3401 5118 3553 5185 ήμῖν.

1977 5197 2127 5267 Αὕτη
2161 5197 2252 5250 τὸν
2295 5199 2449 5266 ἀγιον
2489 5199 2773 5269 προφήτην
2807 5197 2898 5250 τὸν
2941 5198 3193 5270 Σαμουὴλ
3229 5199 3516 5268 ἐγέννησεν
3539 5216 3551 5228 ·

1977 5280 2164 5350 ἐπειδὴ
2201 5279 2308 5352 γὰρ
2358 5284 2392 5352 ἡ
2432 5281 2592 5350 φύσις
2629 5281 2946 5350 ⁴ήναντιοῦτο
2993 5285 3057 5353 τῇ
3105 5285 3270 5354 μητρὶ
3309 5282 3442 5353 πρὸς
3471 5299 3556 5348 γο-

1975 5367 2091 5430 νάς,
2122 5368 2156 5435 ἠ
2189 5365 2464 5437 προσευχὴ
2485 5369 2717 5434 φανεῖσα
2737 5367 2946 5437 ταχέως
2970 5365 3328 5435 ἐπανώρθωσε
3360 5365 3420 5417 τὸ
3451 5366 3552 5435 τῆς

1977 5449 2192 5519 φύσεως
2229 5449 2537 5518 ἐλάττωμα.
2572 5449 2829 5513 Τοιοῦτος
2873 5450 2974 5519 τῆς
3008 5449 3314 5519 προσευχῆς
3349 5450 3376 5500 6
3422 5467 3553 5520 καρ-

1977 5534 2097 5599 πὸς,
2136 5533 2371 5587 τοιοῦτον
2413 5535 2769 5604 ἐφύτευσενή
2807 5533 3081 5605 προσευχὴ
3124 5535 3422 5603 προφήτην.
3473 5534 3552 5587 Δι’

2038 5662 2064 5701 ει
2084 5661 2219 5711 Colb.
2241 5662 2343 5709 καθ’
2369 5664 2548 5712 ἑαυτῶν
2572 5662 2872 5724 διιγεὶρομεν.

2043 5727 2066 5753 °
2091 5725 2262 5785 Ψυχῆς
2281 5727 2424 5773 deest
2449 5725 2497 5774 in
2527 5723 2660 5775 (10le
2692 5723 2741 5771 ιιι
2768 5737 2815 5771 m
2839 5723 2989 5772 εστ-ει.
