4092 6194
333 326 397 380 78
405 332 436 380 .‘i

324 444 455 496 metu
483 442 697 497 Samuel
719 441 888 501 factus
911 454 1014 511 est,
1042 458 1162 499 cum
1191 446 1502 515 angelorum
1522 457 1765 502 naturam
1793 447 1917 503 inti—

326 537 490 592 tando
510 552 671 608 supra
693 539 954 593 humanas
971 541 1111 594 vires
1127 541 1473 610 expresserit.
1491 540 1734 612 Oportuit
1749 541 1915 610 enim,

322 629 536 698 Opinor,
569 640 627 682 ut
651 629 715 694 is,
740 638 1010 701 tamquam
1035 632 1179 700 spica
1207 632 1447 702 quaedam
1477 633 1798 702 precationis
1826 648 1921 688 ex-

325 720 564 786 sisteret,
593 720 803 774 eaateris
827 729 1022 776 Virtute
1067 738 1381 792 tuorumque
1427 723 1730 794 integritate
1778 738 1922 793 pra:-

321 812 581 877 stantior;
625 825 796 882 eoque
840 815 1042 869 sanctis
1084 814 1411 880 hominibus,
1443 818 1530 886 qui
1574 816 1720 870 illum
1765 827 1922 872 relate

325 915 737 972 praecesserant,
769 908 1020 976 superior
1057 898 1220 974 esset,
1253 925 1356 978 qtto
1385 909 1552 978 magis
1576 909 1626 962 in
1655 908 1923 979 segetibus

324 997 570 1066 quardam
601 997 883 1052 uberrima:
908 999 1068 1069 spica:
1099 1009 1256 1069 atque
1281 1000 1555 1054 altissima:
1581 1001 1756 1056 solent
1785 1001 1925 1056 inter

325 1099 552 1144 (τιυιυιιειδ
577 1091 834 1162 eminere.
866 1091 976 1146 Hac
1006 1093 1169 1148 David
1219 1099 1296 1148 tot
1339 1109 1402 1147 ac
1435 1103 1577 1148 tanta
1622 1094 1758 1150 bella
1800 1109 1925 1164 pro-

331 1180 580 1247 pulsavit,
609 1196 714 1233 non
742 1189 1012 1236 armorum
1039 1185 1295 1255 strepitu,
1329 1200 1433 1238 non
1473 1185 1744 1241 hastarum
1790 1202 1922 1242 eon-

329 1269 496 1337 tlictu,
528 1289 634 1328 non
679 1274 865 1330 stricto
903 1275 1100 1345 gladio,
1146 1278 1238 1332 sed
1279 1281 1645 1348 prceationum
1673 1280 1926 1348 praisidio

333 1367 687 1420 communitus
717 1385 733 1423 :
767 1367 864 1421 hac
912 1368 1166 1425 Ezechias
1211 1370 1490 1425 Persarum
1527 1371 1925 1427 multitudinem

333 1457 575 1510 celeriter
620 1467 778 1512 vertit
811 1459 865 1512 in
888 1457 1063 1530 fugam
1085 1461 1163 1529 (4.
1192 1459 1320 1528 Reg.
1349 1460 1460 1534 l8).
1491 1463 1557 1517 Et
1584 1462 1656 1517 illi
1703 1462 1917 1532 quidem
1978 1470 1987 1477 '

334 1546 400 1600 ad
430 1546 717 1601 evertenda
763 1549 960 1604 mmnia
986 1549 1260 1605 machinas
1287 1551 1632 1620 adhibebant,
1663 1552 1776 1624 ipse
1804 1568 1929 1608 vero

337 1641 585 1708 precibus
640 1643 837 1696 moenia
879 1643 1151 1698 muniebat
1197 1662 1211 1698 :
1259 1643 1436 1716 itaque
1483 1646 1803 1699 exstinctum
1845 1654 1928 1700 est

339 1731 536 1786 bellum
585 1733 911 1801 precatione,
937 1749 1040 1788 non
1082 1735 1266 1801 armis,
1313 1751 1419 1789 non
1469 1737 1608 1790 tuba:
1656 1736 1926 1806 clangore,

343 1825 578 1879 exercitu
624 1826 1058 1895 conquiescente,
1088 1837 1224 1882 terra
1272 1827 1529 1900 sanguine
1557 1844 1660 1882 non
1691 1843 1927 1898 aspersa,

341 1917 582 1972 hostibus
609 1933 710 1972 una
737 1919 1038 1988 precatione
1053 1921 1373 1988 perterritis.
1411 1922 1654 1976 Precatio
1669 1921 1932 1976 Ninivitas

340 2009 498 2063 etiam
542 2011 910 2074 conservavit,
938 2024 969 2064 e
997 2010 1130 2066 caelo
1175 2012 1493 2066 concitatam
1545 2014 1673 2066 iram
1713 2024 1933 2083 repente

341 2099 565 2164 sedavit,
605 2099 945 2168 depravatam
974 2103 1184 2158 vivendi
1229 2105 1490 2160 rationem
1531 2105 1706 2159 subito
1754 2120 1932 2160 corre-

343 2191 440 2246 xit.
492 2189 720 2246 Tantum
770 2193 912 2248 cnim
959 2196 1192 2262 precatio
1241 2198 1403 2262 valet,
1447 2205 1502 2249 ut
1525 2211 1643 2249 cum
1687 2197 1928 2265 turpissi-

373 2345 1062 2378 mm

1566 2442 2372 2690 SPUuIA.

1182 332 1248 389 IN
1285 334 1660 394 ORACULUM
1699 336 2069 396 ZACllARl/E
2111 343 2497 413 liEDDlTUM,
2539 347 2687 406 ETC.

3515 359 3616 410 7"!)

2029 470 2170 509 mam
2216 463 2270 511 et
2311 449 2757 527 improbissimatn
2805 463 2966 518 vitam
3006 463 3259 522 Ninivitm
3303 467 3616 536 dumssent,

2028 560 2092 601 ea
2131 557 2311 605 tamen
2356 552 2410 605 in
2445 552 2713 608 civitatem
2763 556 3000 628 ingressa
3032 564 3208 613 omnia
3231 564 3569 616 commutarit
3599 581 3610 616 :

2033 641 2437 709 temperantiam
2464 683 2480 711 ,
2518 643 2774 712 justitiam
2799 688 2813 714 ,
2862 648 3144 702 amicitiam
3171 690 3188 715 ,
3237 651 3578 706 concordiam
3602 693 3617 714 .

2029 747 2323 804 pauperum
2370 737 2778 806 providentiam,
2825 742 3109 812 omniaque
3155 743 3293 798 bona
3337 744 3494 798 simul
3537 761 3620 798 at-

2035 824 2232 879 tulerit.
2260 825 2393 882 Nam
2424 829 2869 898 quemadmodum
2907 833 3089 901 regina
3127 833 3386 903 qumpiam
3435 835 3620 890 urbem

2033 917 2268 986 ingressa
2293 959 2310 984 ,
2366 934 2553 976 omnes
2594 921 2645 975 in
2691 938 2806 978 eam
2848 923 3045 978 divitize
3086 925 3357 980 conﬂuant
3404 941 3625 980 ηορρ›εο

2035 1016 2117 1062 est
2158 1026 2171 1062 :
2217 1009 2297 1064 sic
2343 1011 2432 1065 ubi
2477 1015 2713 1082 precatio
2753 1015 2804 1067 in
2853 1015 3088 1069 animum
3149 1017 3314 1071 semel
3378 1016 3619 1077 intrarit,

2035 1099 2259 1156 virtutes
2304 1118 2421 1155 eam
2463 1118 2652 1159 omnes
2693 1107 3039 1159 comitantur.
3087 1106 3242 1173 Quod
3281 1107 3423 1161 enim
3461 1116 3543 1160 est
3573 1107 3622 1159 in

2036 1190 2226 1247 domus
2251 1193 2474 1248 aedilicio
2510 1193 2929 1260 fundamentum,
2957 1196 3007 1249 id
3030 1205 3112 1250 est
3138 1199 3187 1250 in
3212 1198 3392 1251 animo
3436 1212 3624 1265 prcca-

2037 1283 2130 1337 tio.
2166 1283 2344 1354 Itaque
2372 1300 2468 1339 nos
2494 1300 2682 1340 omnes
2712 1286 2809 1340 hac
2851 1287 3101 1355 primum,
3129 1295 3396 1358 tamquam
3424 1287 3539 1342 basi
3565 1302 3628 1339 ac

2039 1376 2398 1440 fundamento,
2430 1380 2480 1432 in
2507 1381 2686 1434 animo
2711 1382 2988 1447 collocata,
3010 1393 3230 1437 strenue
3257 1390 3472 1451 oportet
3495 1381 3628 1435 tedi-

2040 1471 2218 1537 licare,
2241 1474 2664 1541 temperantiam,
2686 1473 3165 1538 mansuetudinem,
3187 1473 3467 1543 justitiam,
3495 1488 3625 1541 pau-

2040 1576 2223 1630 perum
2274 1562 2683 1632 providentiam,
2715 1563 3017 1634 Christique
3053 1564 3198 1634 leges
3229 1565 3504 1617 universas
3532 1564 3630 1616 im-

2043 1668 2238 1723 ponere
2267 1655 2345 1724 (a)
2373 1654 2455 1728 [ut
2483 1664 2556 1722 et,
2596 1657 2745 1724 juxta
2769 1670 2860 1710 eas
2887 1657 3125 1709 moribus
3171 1656 3445 1719 institutis,
3491 1655 3629 1708 bona

2040 1746 2272 1800 cailestia
2321 1747 2676 1814 obtineamus,
2727 1749 2892 1818 gratia
2938 1756 2990 1802 et
3036 1748 3398 1803 nusericordia
3425 1747 3631 1800 Domini

2043 1839 2211 1892 nostri
2254 1838 2378 1894 Jesu
2419 1839 2680 1912 Christi],
2727 1855 2822 1909 per
2869 1844 3040 1909 quem
3066 1851 3121 1894 et
3179 1855 3301 1894 eum
3343 1856 3448 1909 quo
3490 1839 3631 1892 Patri

2041 1944 2161 1983 eum
2202 1940 2385 1985 sancto
2433 1931 2632 2000 Spiritu
2676 1932 2842 2001 gloria
2870 1939 2925 1987 et
2951 1931 3254 2002 imperium,
3303 1945 3398 2001 per
3440 1931 3633 1984 swcnla

2043 2023 2382 2077 sazculorum.
2412 2025 2602 2078 Amen.

2112 2202 2185 2266 (a)
2220 2212 2333 2262 oua:
2357 2204 2544 2253 uncinis
2565 2201 2854 2252 clauduntur
2877 2213 2905 2250 e
2925 2199 3095 2250 savilio
3109 2202 3335 2251 restituta
3354 2208 3484 2250 sunt.

1052 2756 1127 2830 ΙΝ
1179 2771 1590 2832 HOMlLIAM
1617 2771 1713 2831 DE
1735 2741 2118 2833 OllACULO
2149 2775 2573 2835 ZACHARL’E
2606 2778 2985 2838 REDDITO.

372 2869 739 2946 anAvoluerem
772 2870 1208 2946 'lmmpnnl'orma
1238 2873 1556 2946 plauditavn?
1579 2871 1665 2927 Ita
1704 2884 1916 2946 postea
1941 2875 2184 2940 loquutus
2222 2885 2297 2927 est
2342 2874 2543 2930 Ilomil.
2575 2877 2638 2931 de
2692 2877 2986 2932 Publicano
3013 2889 3061 2931 et
3115 2878 3408 2939 Pharisreo,
3437 2878 3622 2946 θηρίον

371 2939 857 3017 ἁνθρωπρμορερον.
887 2940 1039 3017 Quod
1066 2931 1402 3017 autem'dixit
1431 2945 1588 3017 paulo
1617 2931 1736 3017 ante
1769 2931 2306 3017 stet-ilem'_pepet'isse,
2325 2954 2388 3017 ut
2417 2949 2674 3017 peperisse
2692 2951 2832 3016 virgo
2867 2931 3138 3011 credatur,
3173 2931 3246 3003 sic
3269 2931 3468 3017 quoque
3494 2931 3624 3002 ’ἀι-ε-

374 3009 867 3082 goriusNyssenus
891 3012 1156 3080 eleganter
1183 3013 1396 3080 scripsit
1432 3009 1667 3066 Homilia
1695 3016 1751 3066 in
1793 3015 1929 3064 diem
1959 3009 2157 3066 Christi
2185 3009 2434 3077 natalem,
2480 3009 2586 3070 etc.
2620 3009 2792 3082 Qutth
2817 3030 2996 3072 autem
3050 3009 3132 3071 ait
3154 3020 3218 3072 de.
3273 3009 3624 3071 resat'cicndo

374 3081 494 3132 loco
520 3081 626 3160 illo.
645 3080 944 3160 ὰξροϐἁςην
981 3082 1187 3160 (Epopea
1213 3083 1702 3160 ἀνθρωπόμορφον,
1736 3102 1797 3160 εδ
1823 3100 1931 3136 uno

2057 3086 2130 3153 gio
2154 3084 2351 3160 Codice
2385 3080 2764 3148 continua—tur,
2787 3089 2879 3156 qui
2905 3091 3062 3142 habet
3091 3089 3394 3160 ἀεροϐάτην
3420 3088 3626 3160 δρομέα

373 3150 576 3229 πτηνὸν
604 3150 1091 3229 ἀνθρωπόμορῳῇ
1128 3150 1392 3229 llontilias
1433 3150 1737 3229 perroillas
1769 3155 1950 3207 Latina

2057 3150 2160 3223 iure
2195 3155 2378 3229 Grtcce
2419 3173 2524 3209 non
2569 3150 2818 3222 exstant,
2845 3175 3074 3226 quaeque
3100 3150 3476 3229 Chrysostomi
3522 3150 3626 3211 ito-

375 3235 497 3296 tuen
528 3221 641 3276 sive
674 3223 797 3292 jure
835 3224 950 3276 sive
993 3223 1190 3292 injuria
1219 3221 1634 3289 circumferunt,
1678 3225 1732 3279 in
1773 3221 2126 3294 sequentibus
2163 3228 2326 3279 tomis
2355 3241 2455 3280 suo
2493 3238 2757 3296 quantum
2787 3221 2876 3282 l'as'
2913 3221 3016 3282 erit
3063 3230 3179 3284 loco
3204 3221 3440 3284 édendas
3470 3244 3625 3281 cura-

374 3291 576 3343 bimus.

448 3360 830 3430 lutet-prolatio
867 3361 1056 3416 Latina
1097 3375 1178 3417 est
1212 3361 1501 3418 Frontonis
1526 3363 1729 3418 Duczei.

754 3625 815 3667 IN
861 3625 1201 3668 OltACULL‘M
1249 3626 1582 3669 ZACllARle
1628 3625 1984 3679 lti-IDDITL‘M,
2033 3625 2110 3666 ΕΤ
2155 3625 2216 3666 IN
2263 3623 2750 3667 CONCEPTIONEM
2799 3621 3101 3663 ELlSABET
3147 3601 3257 3681 (α).

433 3728 571 3781 Nihil
607 3729 898 3783 Dominicis
926 3729 1128 3798 legibus
1167 3744 1272 3782 non
1304 3692 1598 3796 subjdctum
1621 3737 1703 3782 est
1732 3746 1744 3781 :
1771 3729 1949 3781 omnia

361 3799 624 3867 siquidem
695 3798 883 3853 divino
967 3811 1234 3868 prmcepto
1309 3800 1504 3853 cedunt
1561 3808 1615 3853 et
1696 3801 1953 3851 serviunt.

365 3869 686 3940 I’t‘a’ceptum
723 3872 902 3940 enim,
960 3871 1149 3938 inquit,
1198 3871 1380 3940 posuit,
1439 3880 1485 3924 et
1536 3887 1636 3922 non
1688 3870 1959 3939 prieteribit

364 3939 551 4010 (Paul.
577 3942 696 3994 H8.
734 3939 790 4011 6)
825 3959 836 3994 :
870 3941 957 4010 qui
989 3943 1130 3994 enim
1166 3939 1426 4010 principio
1466 3942 1743 3994 constituit
1777 3941 1957 3993 omnia

366 4012 555 4075 verbo,
583 4019 758 4076 potest
782 4022 836 4065 et
863 4027 1054 4066 rursus
1092 4027 1251 4080 opera
1282 4012 1636 4080 ﬁgmentaque
1667 4027 1761 4064 sua
1793 4011 1960 4065 verbo

367 4090 750 4135 transmittare.
801 4083 941 4135 Dixit
968 4083 1093 4136 olim
1123 4092 1180 4136 ut
1224 4086 1376 4150 aquis
1405 4084 1615 4152 penitus
1641 4097 1832 4136 carens
1862 4097 1962 4151 pe-

369 4165 450 4206 tra
498 4152 696 4222 irrigua
743 4153 926 4217 ﬁeret;
957 4153 1046 4206 illa
1093 4168 1221 4207 vero
1264 4153 1440 4206 subito
1468 4152 1656 4206 fluvios
1697 4168 1958 4222 aquarum

367 4231 574 4276 eructat
607 4221 800 4293 (Exod.
836 4224 949 4287 l7).
985 4222 1240 4276 Percussit
1268 4224 1410 4277 enim
1450 4234 1664 4293 petram.
1707 4221 1760 4277 et
1797 4225 1964 4292 ﬂttxe-

367 4302 487 4346 runt
515 4309 677 4361 aqme,
720 4304 766 4346 et
792 4294 1008 4362 ﬂumina
1038 4295 1408 4347 inundaverant
1436 4292 1604 4361 (Psal.
1633 4294 1721 4348 77.
1748 4293 1880 4365 20);
1906 4303 1961 4346 et

369 4374 523 4432 petra
553 4380 674 4432 qua:
704 4365 851 4432 prius
890 4365 1036 4419 arida
1071 4374 1186 4419 erat
1219 4374 1273 4418 et
1301 4378 1496 4432 expers
1521 4379 1799 4430 aquarum,
1845 4364 1963 4418 fons

370 4434 652 4506 fluminum
703 4443 760 4487 ct
794 4450 1051 4506 aquarum
1080 4444 1250 4488 mater
1277 4443 1358 4506 est
1401 4436 1534 4488 facta
1563 4434 1712 4504 (lsai.
1745 4435 1834 4489 55.
1867 4433 1919 4506 7)
1947 4451 1961 4488 :

373 4505 507 4558 nihil
535 4506 734 4574 quippe
764 4504 1128 4570 infecundum,
1174 4522 1295 4561 cum
1339 4505 1712 4560 fecumlitatem
1741 4504 1967 4575 imperat

375 4575 574 4630 Deus‘.
608 4577 708 4643 Qui
741 4585 849 4630 tum
897 4578 1055 4645 igitur
1084 4576 1420 4632 infecundam
1454 4585 1657 4646 petram
1704 4577 1968 4630 convertit

375 4650 429 4700 in
459 4657 729 4715 stagnum,
776 4663 915 4701 nunc
941 4663 1152 4718 quoque
1199 4649 1438 4701 sterilem
1487 4647 1807 4718 Elisabetatn
1853 4661 1968 4714 pro-

373 4720 693 4771 creatricem
722 4716 1009 4771 liheroruiu
1039 4716 1265 4773 matrem
1295 4719 1407 4771 ﬁeri
1436 4719 1615 4786 jussit,
1645 4726 1698 4771 et
1725 4716 1969 4770 infecun—

375 4788 498 4840 dam
528 4787 763 4842 reddidit
793 4787 1098 4854 fecundam,
1121 4800 1174 4844 et
1201 4799 1476 4844 senectute
1498 4786 1792 4842 confectam
1817 4787 1970 4856 quasi

375 4873 572 4913 recens
600 4868 819 4928 nuptam
853 4860 1106 4925 puellam.
1155 4863 1270 4928 Quo
1303 4870 1544 4926 tempore
1572 4858 1637 4912 ad
1665 4859 1970 4927 sepulcrum

379 4929 694 4995 urgebatur,
733 4945 798 4982 eo
824 4939 1070 5000 tempore
1101 4932 1166 4985 ad
1206 4931 1518 5000 pariendum
1547 4929 1970 4997 diSponcbatur:

375 5015 486 5068 quo
515 5007 757 5070 tempore
793 5009 1070 5056 εεηεοῑιιιθ
1112 5016 1306 5070 corpus
1340 5009 1697 5065 cmarcucrat,
1745 5015 1810 5054 ΩΟ
1837 5008 1976 5053 tetu-

378 5085 511 5140 pore
551 5069 690 5123 Deus
716 5078 924 5124 uterum
950 5072 1068 5136 ejus
1094 5069 1371 5126 renovavit
1396 5088 1410 5126 :
1441 5073 1510 5124 ita
1539 5071 1678 5138 quod
1707 5071 1793 5124 illa
1829 5080 1972 5124 tem-

379 5141 528 5209 poris
559 5140 752 5210 injuria
783 5143 1056 5206 amiserat,
1105 5141 1366 5198 beneﬁcio
1395 5139 1700 5196 Conditoris
1729 5143 1931 5210 recepit
1960 5155 1977 5207 ;

376 5220 432 5264 et
460 5209 601 5279 quod
642 5213 898 5282 juventus
938 5213 1264 5280 perdiderat,
1298 5228 1326 5266 a
1376 5223 1652 5267 senectute
1697 5209 1980 5282 repeteba-

378 5289 469 5334 tur
499 5280 762 5352 :quando
783 5283 940 5336 tnorti
967 5282 1076 5352 jam
1103 5285 1277 5338 vicina
1306 5295 1440 5347 erat,
1473 5293 1600 5339 tune
1630 5280 1780 5352 pueri
1808 5293 1980 5337 mater

379 5351 790 5424 appellabatur;
820 5361 875 5407 et
903 5351 1022 5421 qua;
1049 5360 1182 5409 avia:
1227 5366 1435 5424 tempus
1463 5351 1804 5424 supergressa
1836 5361 1976 5416 erat,

383 5422 452 5475 ad
487 5431 788 5477 maternam
830 5424 1244 5479 sollicitudinem
1275 5422 1682 5480 devoluta'est:
1717 5423 1972 5479 infantem

379 5493 602 5566 in_u_lnis
630 5494 895 5566 gestabat.
925 5510 1043 5564 qua)
1073 5497 1310 5565 scipione
1348 5511 1459 5566 pne
1505 5497 1668 5550 nimia
1698 5502 1983 5552 senectute

380 5561 451 5615 ad
487 5561 757 5619 incessum
799 5561 1116 5636 indigebat:
1148 5561 1561 5639 primogenitum
1600 5581 1735 5621 anus
1781 5582 1977 5636 pueru-

451 5720 467 5751 ¹
487 5727 571 5794 γιιει
597 5727 714 5794 Reg.
741 5720 806 5772 At
828 5722 969 5794 ἱρὴ..
1004 5720 1130 5794 nihil
1147 5721 1274 5794 enim
1293 5721 1462 5775 inutile
1485 5730 1568 5775 aut
1596 5724 1907 5790 infecundum
1932 5722 1982 5774 in

383 5782 454 5831 cls
476 5793 583 5841 qm
606 5795 636 5832 a
667 5782 761 5834 beo
780 5785 1004 5837 Ordinum
1022 5793 1149 5841 sunt,
1179 5787 1337 5835 minus
1358 5795 1516 5838 recte.

452 5849 524 5904 (a)
559 5843 737 5894 collata
761 5860 870 5895 cum
895 5847 1034 5896 codd.
1055 5855 1205 5909 tzegg.
1236 5849 1352 5898 t852
1375 5857 1427 5900 et
1448 5850 1584 5900 ἐὸίό.

2061 3729 2168 3782 lum
2201 3728 2463 3783 tractabat
2501 3747 2514 3782 :
2545 3728 2846 3796 sterilisque
2875 3736 3069 3795 praeter
3107 3724 3413 3796 opinionem
3449 3739 3511 3778 ac
3543 3728 3644 3778 nti-

2064 3800 2305 3853 rabilitcr
2345 3799 2545 3867 genuit.
2577 3811 2635 3852 nt
2684 3795 2879 3868 prtrter
2916 3803 3159 3850 naturam
3191 3795 3469 3868 peperisse
3498 3796 3649 3864 virgo

2063 3865 2662 3936 ercdatuhUtrutnqne
2685 3865 2886 3922 'novum
2914 3877 2996 3920 est
3034 3875 3089 3919 et
3133 3865 3373 3920 mirabile
3401 3882 3414 3916 :
3449 3869 3647 3919 sterilis

2062 3943 2204 3996 enim
2235 3951 2290 3995 et
2312 3941 2461 4008 virgo
2484 3940 2858 4006 inexspectata)
2882 3949 3005 3991 sunt
3032 3946 3252 3992 matres.
3278 3936 3649 4008 llujusautent

2064 4022 2247 4081 partus
2278 4007 2541 4065 mirabilis
2572 4008 2848 4063 Zachariae
2875 4009 3216 4081 senigmissus
3250 4007 3528 4081 estinch
3561 4023 3648 4081 ar.

2062 4077 2353 4151 changclus
2387 4081 2602 4136 Gabriel
2629 4089 2726 4151 ζώει
2752 4090 2900 4134 stans
2927 4095 2955 4132 a
2986 4079 3190 4132 dextris
3217 4077 3399 4151 altaris
3427 4078 3649 4138 incensi,

2063 4149 2308 4222 apparuit
2357 4153 2427 4205 illi
2461 4169 2474 4203 :
2509 4151 2575 4205 Et
2619 4149 2918 4213 Zacharias,
2967 4150 3159 4222 inquit,
3194 4149 3421 4222 turbatus
3445 4151 3652 4222 estati-

2062 4218 2219 4287 dens;
2260 4234 2307 4276 et
2353 4225 2501 4276 timor
2543 4223 2691 4276 irruit
2736 4238 2886 4288 super
2929 4237 3045 4273 eum
3091 4218 3242 4284 (Luc.
3302 4220 3351 4272 1.
3401 4219 3486 4272 Η.
3539 4218 3650 4290 l2).

2061 4295 2206 4349 Vidit
2233 4310 2461 4364 namque
2483 4293 2623 4363 quod
2657 4307 2941 4364 numquam
2962 4290 3199 4364 viderat,
3225 4293 3401 4364 ignem
3432 4291 3652 4364 loquen-

2063 4375 2192 4429 tem,
2220 4362 2592 4433 incorporeum
2623 4363 2929 4427 hominem,
2961 4362 3350 4433 intractabilem
3382 4363 3613 4429 speciem
3639 4404 3653 4423 ,

2062 4431 2420 4506 spectaculum
2443 4435 2572 4488 nulli
2598 4433 3000 4497 conferendum,
3022 4431 3191 4506 visum
3215 4433 3653 4506 incomparabilc.

2065 4503 2160 4577 per
2187 4523 2364 4561 acrem
2409 4507 2745 4577 incedentem
2783 4518 3077 4577 cursorem,
3109 4503 3377 4577 volucrem
3429 4505 3657 4555 humana

2064 4572 2336 4647 prteditam
2381 4577 2578 4639 forma;
2618 4586 2671 4630 et
2703 4574 2958 4628 Turbatus
2986 4584 3058 4647 est
3083 4575 3274 4647 videns.
3315 4572 3452 4647 Cum
3480 4584 3658 4647 autem

2065 4644 2184 4702 eum
2230 4651 2491 4704 turbatum
2517 4647 2720 4702 videret
2750 4647 2989 4714 angelus,
3010 4645 3260 4712 jucuudis
3289 4644 3562 4711 promissis
3594 4647 3661 4694 ti-

2067 4735 2268 4774 morem
2296 4721 2437 4791 fugat
2469 4736 2482 4772 :
2514 4718 2598 4772 Ne
2623 4719 2819 4782 timeas,
2848 4716 3123 4791 lacuaria,
3156 4716 3395 4791 quoniam
3416 4716 3656 4791 exaudita

2067 4801 2138 4842 est
2164 4785 2449 4860 deprecatio
2481 4801 2566 4842 tua
2594 4805 2612 4842 :
2633 4799 2678 4842 et
2724 4805 2854 4860 uxor
2897 4797 2983 4860 tua
3026 4785 3251 4840 Elisabet
3281 4786 3440 4860 pariet
3482 4786 3571 4860 tibi
3598 4787 3659 4852 ﬁ-

2069 4855 2292 4924 lium,'et
2320 4862 2516 4916 vocabis
2547 4876 2727 4913 nomen
2767 4859 2879 4930 ejus
2898 4855 3152 4930 Joannem
3175 4875 3194 4912 ;
3221 4865 3268 4930 et
3298 4857 3392 4909 erit.
3417 4857 3659 4930 gaudium

2069 4932 2157 4985 tibi
2187 4942 2229 4985 et
2255 4931 2527 4986 exsultatio
2554 4943 2640 4985 :et
2666 4927 2812 4983 multi
2838 4931 2890 4982 in
2920 4929 3180 4982 nativitate
3213 4929 3324 4997 ejus
3352 4927 3664 4998 gaudebunt.

2075 5002 2156 5056 Ne
2173 5004 2364 5064 timeas.
2409 5003 2657 5058 Zacharia
2680 5000 2825 5073 (Luc.
2850 4999 3017 5073 1.,15.
3037 5000 3124 5070 14)
3154 5016 3295 5054 :non
3327 5010 3384 5052 ut
3413 4999 3660 5073 timorem

2075 5075 2326 5128 incutiam
2348 5077 2488 5136 veni,
2513 5075 2604 5130 sed
2623 5069 2798 5143 gaudii
2826 5070 2919 5143 ti_l_ti
2951 5069 3222 5143 nuntiatur
3252 5069 3479 5143 accessi.
3501 5069 3664 5136 (Injns

2074 5145 2287 5200 tandem
2316 5147 2531 5212 gaudii?
2564 5139 2706 5200 Uior
2737 5155 2824 5197 tua
2848 5141 3070 5196 Elisabet
3101 5143 3260 5212 pariet
3291 5139 3662 5212 tibiﬁliumqt

2073 5217 2274 5290 uocabis
2305 5208 2497 5290 nomen
2515 5219 2622 5290 ejus
2647 5214 2901 5290 Joannem
2926 5229 2946 5290 ς
2975 5213 3060 5267 hic
3093 5208 3356 5290 tamquam
3386 5208 3569 5263 lucifer
3598 5208 3662 5290 ii-

2077 5287 2314 5341 lueeseet
2341 5281 2559 5350 mundo',
2590 5297 2643 5342 et
2682 5285 2993 5353 ignorantiae
3021 5285 3267 5340 tenebras
3304 5291 3523 5353 evocato
3551 5281 3663 5330 sub:

2073 5358 2290 5427 justilite
2334 5359 2612 5428 dissipabit
2645 5377 2657 5411 :
2687 5351 2786 5424 Qui
2812 5357 2952 5410 enim
2997 5364 3108 5428 post
3146 5369 3225 5406 nte
3252 5351 3418 5428 venit,
3445 5360 3559 5402 ante
3588 5365 3664 5428 me

2078 5421 2241 5496 Tactus
2279 5439 2386 5495 est;
2418 5421 2564 5500 cujus
2592 5421 2825 5500 egoivttou
2867 5421 3005 5500 sum;
3029 5427 3207 5500 dignus
3245 5431 3301 5500 ut
3340 5421 3531 5476 solrum
3556 5424 3664 5500 ejus

2074 5491 2344 5573 corrigiam
2367 5491 2730 5573 VcalEeattte'utg
2749 5499 2824 5566 (.ll
2833 5511 2934 5573 are.
2975 5496 3024 5549 Ι.
3162 5495 3228 5573 t
3268 5495 3380 5573 ipse
3400 5491 3659 5573 .prtcceri‘rt

2077 5573 2132 5625 iu
2174 5563 2356 5639 spiritu
2380 5581 2426 5626 et
2465 5573 2646 5626 virtute
2685 5563 2818 5624 Elia!
2852 5567 2998 5635 (Lac.
3037 5563 3096 5622 ἐξ
3132 5567 3243 5636 ετ).
3273 5566 3502 5639 Spiritus
3542 5563 3664 5639 lilia:

2082 5631 2336 5698 habitavit
2366 5645 2523 5696 etiam
2553 5654 2605 5698 et
2628 5644 2677 5696 in
2708 5631 2948 5711 Joanne:
2979 5631 3414 5711 Spiritus'quippe
3436 5631 3664 5711 prophe—

2084 5723 2252 5768 tarum
2303 5716 2575 5783 prophetis
2625 5710 2855 5783 subjecti
2893 5702 3056 5783 sunt;
3113 5702 3278 5783 atque
3316 5702 3386 5783 in
3425 5702 3667 5783 euntibus

2082 5785 2249 5839 ferme
2275 5771 2535 5840 J'oan'uem
2570 5785 2694 5838 Elirc
2719 5771 2945 5834 similem
2971 5771 3298 5841 invenio-tus.
3333 5779 3423 5833 Ille
3450 5771 3666 5847 degebat

2085 5856 2134 5909 in
2183 5857 2470 5920 montibus,
2511 5857 2592 5911 hic
2641 5856 2692 5906 in
2723 5853 2932 5905 deserto
2962 5853 3281 5914 versabatur
3309 5873 3323 5909 ς
3350 5851 3495 5906 illurn
3527 5856 3669 5893 c.0th
