4092 6194
504 347 605 403 73-,
1710 400 1726 414 δ
1937 325 1948 331 ’
2019 340 2286 396 SPURIA.
3671 349 3778 404 788

505 461 736 519 alebant,
766 458 849 512 hic
899 458 1179 513 herbarum
1209 455 1571 514 summitates'
1600 455 1790 512 edebat
1816 474 1828 510 :
1853 453 1941 510 ille
1971 470 2086 510 me-

508 529 613 583 lete
645 530 980 591 vestiebatur,
1029 529 1114 582 hic
1151 528 1471 582 camelorum
1518 527 1636 596 pilis
1666 546 1679 582 :
1712 525 1800 581 ille
1841 537 2088 581 austerus

505 608 693 653 eratet
723 599 787 652 ad
813 599 1306 666 reprehendendum
1331 607 1504 664 aptus,
1533 607 1586 651 et
1612 598 1711 652 iste
1734 596 1934 664 pariter
1965 614 1976 649 :
2002 596 2089 667 ille
2107 651 2132 667 ,

506 667 818 737 Judzeorum
859 682 1033 736 regem
1073 667 1257 721 Achab
1296 669 1566 737 arguebat,
1619 677 1673 722 et
1715 667 1925 722 Jezabel
1973 666 2088 735 ejus

511 755 728 792 uxorem
765 736 882 790 :Tn
931 755 1003 799 es.
1037 737 1226 806 inquit,
1257 739 1342 805 qui
1365 736 1556 791 fevertt's
1598 737 1780 798 Israel,
1829 748 1875 790 et
1913 737 2091 790 domus

509 811 669 877 patris
685 809 759 860 tui
784 810 862 879 (5.
891 807 1019 879 Reg.
1059 809 1151 879 7178.
1186 808 1272 877 ιδ)
1306 825 1317 858 :
1354 808 1421 862 ita
1467 818 1519 861 et
1556 808 1793 879 Joannes
1823 807 2088 861 Herodem

509 888 560 932 et
605 878 1002 932 Herodiadent:
1047 878 1166 932 Non
1203 879 1316 932 licet
1354 879 1440 931 tibi
1478 878 1658 932 habere
1685 895 1890 933 uxorem
1919 879 2092 948 fratris

511 949 583 1020 tt_ti
605 949 788 1014 (Marc.
822 949 873 1002 6.
904 949 1016 1017 18).
1053 948 1114 1002 Et
1141 950 1248 1020 ipse
1282 948 1528 1016 prwcedet
1549 951 1600 1002 in
1632 950 1811 1020 spiritu
1838 959 1883 1002 et
1911 949 2092 1020 virtute

515 1016 662 1092 Elite,
698 1029 750 1072 ut
775 1016 1026 1092 convertat
1050 1016 1201 1072 corda
1233 1029 1433 1092 patrum
1467 1021 1520 1072 in
1555 1016 1688 1092 ﬁlios
1710 1017 1950 1092 ί.
1979 1019 2086 1088 l7).

511 1089 644 1160 Quid
671 1097 773 1153 est,
819 1087 887 1142 Ut
916 1100 1169 1144 convertat
1196 1087 1350 1160 corda
1386 1087 1587 1160 patrum
1617 1091 1670 1143 in
1707 1087 1884 1160 ﬁlios?
1910 1087 2092 1160 Patres

513 1159 837 1224 Judteorum,
883 1159 1171 1218 Abraham.
1222 1158 1460 1214 Isaac'et
1488 1159 1671 1222 Jacob,
1722 1169 1774 1214 et
1811 1158 2090 1213 duodecim

515 1230 846 1295 patriarchae,
889 1245 1178 1298 omnesque
1219 1230 1368 1298 justi,
1401 1245 1522 1283 cum
1559 1231 1801 1284 viderent
1841 1230 2091 1298 p0pulum

513 1299 584 1360 ad
620 1308 832 1368 peccata
862 1300 1144 1368 proclivem
1186 1310 1239 1354 et
1277 1299 1428 1354 facile
1461 1315 1582 1354 cum
1609 1301 1711 1354 diis
1746 1299 2092 1354 foruicantem

513 1370 722 1434 alienis,
766 1385 859 1423 eos
888 1380 942 1423 ut
974 1371 1102 1424 tales
1134 1370 1532 1425 aversabantur.
1564 1370 1640 1424 Ex
1672 1386 1779 1440 quo
1809 1385 1934 1424 vero
1957 1379 2094 1440 teme

514 1455 643 1508 pore
678 1441 1006 1508 paenitentia;
1051 1441 1366 1508 baptismum
1411 1439 1714 1509 przedicavit
1740 1440 1992 1502 Joannes,
2029 1439 2094 1492 ad

447 1581 460 1588 η
515 1509 681 1563 Deum
724 1511 872 1588 tmdti
899 1511 1141 1588 conversi
1179 1517 1320 1564 sunt.
1353 1509 1486 1564 Cum
1514 1525 1640 1580 ergo
1664 1519 1945 1565 cernerent
1975 1511 2093 1564 illos
2125 1543 2128 1546 ~

515 1590 691 1648 patres
724 1579 955 1648 ipsorum
973 1581 1037 1634 ad
1068 1582 1231 1634 Deum
1259 1595 1379 1635 sese
1407 1579 1740 1645 convertere,
1768 1596 1866 1635 sua
1888 1595 2096 1650 quoque

516 1651 612 1719 ipsi
636 1651 794 1704 corda
812 1660 1188 1705 converterunt
1204 1651 1268 1704 ad
1289 1651 1424 1717 illos,
1441 1654 1611 1706 ethoc
1633 1662 1732 1714 est,
1757 1650 1825 1704 Ut
1845 1661 2097 1704 convertat

514 1721 668 1772 corda
712 1732 910 1792 patrum
937 1721 990 1774 in
1021 1722 1174 1789 ﬁlios,
1223 1738 1403 1789 parare
1438 1719 1655 1776 Domino
1700 1721 1889 1791 plebem
1928 1723 2094 1792 perfe-

517 1739 668 1772 coraa
701 1739 910 1842 rutrum
937 1739 990 1774 ιη
1021 1739 1174 1789 pnas,
1223 1739 1403 1789 parare
1438 1739 1655 1776 uommo
1700 1739 1889 1791 pteoem
1928 1739 2094 1792 perle-

517 1800 648 1842 ctam
677 1792 692 1858 (
737 1790 886 1859 bid.),
933 1793 1381 1862 acceptabilem’;
1411 1792 1480 1846 de
1505 1807 1607 1862 qua
1637 1792 1799 1846 David
1840 1790 2096 1860 propheta

517 1862 906 1934 praenuntiavit,
949 1861 1329 1934 dicens,rlltec
1367 1872 1440 1934 est
1484 1861 1738 1934 generatio
1772 1862 2098 1934 qutcrentium

518 1933 696 2000 faciem
723 1931 824 2002 rDei
847 1930 1007 1986 Jacob
1029 1932 1199 2002 (Psal.
1227 1934 1316 1988 ‘25.
1351 1933 1429 2002 6).
1459 1930 1646 1988 Adhuc
1672 1933 1980 2002 Zachariam
2009 1947 2097 1986 se-

520 2017 642 2054 nem
670 2001 995 2057 admirabilis
1037 2001 1187 2073 pueri
1232 2001 1522 2073 conceptus
1567 2005 1845 2057 attonitum
1879 2001 2052 2056 reddit
2082 2019 2096 2054 :

517 2073 691 2126 adhuc
722 2072 1044 2127 inusitatum
1071 2075 1214 2128 illum
1257 2072 1465 2143 partum
1495 2074 1888 2144 indignabunde
1913 2072 2093 2144 audit;

519 2158 692 2211 neque
717 2144 984 2212 sapienter
1004 2145 1142 2213 apud
1188 2160 1246 2200 se
1280 2146 1556 2212 perpendit
1598 2145 1812 2213 figulum
1857 2143 2101 2197 condito-

521 2228 743 2282 remque
785 2215 984 2268 ventris
1041 2223 1246 2269 uterum
1287 2217 1439 2269 annis
1483 2215 1694 2269 elletutn
1738 2230 1893 2284 posse
1939 2229 2098 2268 reno-

518 2299 646 2338 vare
674 2301 688 2338 :
711 2293 868 2354 atque
886 2353 889 2354 7
909 2285 1106 2340 ideirco
1147 2287 1196 2339 in
1237 2285 1619 2341 incredulitatis
1646 2285 1991 2354 prtecipitium
2018 2293 2100 2338 est

518 2354 818 2408 devolutus.
847 2353 978 2408 Nam
1025 2371 1146 2408 cum
1190 2357 1386 2410 diceret
1426 2353 1668 2423 angelus,
1709 2353 1837 2409 Ecce
1879 2355 2100 2408 Elisabet

521 2440 649 2477 uxor
679 2435 764 2495 tua
793 2426 952 2493 pariet
979 2426 1066 2477 tibi
1093 2427 1276 2492 ﬁlium.
1309 2437 1353 2477 et
1376 2428 1570 2479 vocabis
1592 2443 1770 2479 nomen
1802 2427 1909 2495 ejus
1937 2423 2101 2477 Joan-

522 2511 656 2558 nem,
707 2494 989 2548 Zacharias
1032 2497 1206 2550 verbis
1251 2505 1528 2564 repugnat,
1571 2506 1624 2550 et
1668 2497 1783 2549 ait:
1821 2494 1968 2550 Unde
2009 2497 2103 2552 hoc

517 2565 714 2637 sciam?
751 2581 841 2635 ego
869 2566 1140 2637 enimsunt
1167 2582 1338 2630 senex,
1386 2575 1430 2619 et
1466 2583 1592 2619 uxor
1630 2583 1739 2620 mea
1779 2567 2020 2637 processit
2051 2571 2104 2622 in

520 2635 693 2689 diebus
735 2637 860 2689 suis.
906 2635 1076 2698 Unde,
1109 2636 1298 2704 inquit,
1347 2651 1565 2690 Securus
1607 2652 1667 2690 ac
1704 2635 1902 2695 certior
1947 2640 2104 2694 (iam?

518 2707 660 2782 quod
689 2705 900 2767 tandem
929 2706 1056 2765 mihi
1095 2707 1334 2783 pnrbere
1371 2707 1615 2783 prllllllfisl
1643 2706 1804 2781 hujus
1833 2720 1984 2781 potes
2020 2727 2106 2764 ar-

518 2784 869 2855 gumentum?
902 2783 1136 2840 Ostende
1165 2800 1307 2839 nunc
1335 2786 1493 2840 etiam
1541 2785 1669 2838 mihi
1709 2785 1932 2855 virgam,
1961 2797 2100 2850 qum,

520 2863 576 2907 ut
606 2854 866 2924 pontificis
893 2857 1118 2910 Aaronis
1145 2865 1323 2920 mtate,
1354 2855 1646 2910 el‘lluruerit
1674 2874 1687 2908 :
1718 2854 1827 2910 tum
1849 2868 1980 2908 vero
2004 2866 2102 2924 ego

522 2922 618 2979 tibi
658 2927 872 2980 credam
921 2935 1246 2980 senectutem
1285 2928 1443 2980 etiam
1490 2942 1644 2995 posse
1695 2925 1856 2980 fetum
1903 2922 2106 2994 pueruli

522 3010 827 3064 procreare.
858 2996 968 3065 Ego
995 2999 1127 3050 enim
1156 3014 1268 3049 sum
1294 3014 1461 3061 senex,
1493 3007 1538 3050 et
1569 3012 1699 3050 uxor
1729 3013 1838 3050 mea
1869 2995 2108 3065 processit

521 3070 576 3118 in
610 3065 782 3119 diebus
819 3067 923 3119 suis
952 3066 1101 3137 (Luc.
1129 3069 1179 3120 1.
1215 3069 1323 3138 18).
1358 3068 1502 3122 Bona
1542 3078 1664 3122 sunt
1693 3065 2109 3138 quidcmuverba

525 3145 611 3189 tua
643 3147 698 3190 et
730 3145 896 3204 grata,
938 3136 1030 3192 sed
1073 3136 1391 3205 promisSum
1419 3138 1632 3194 difficile
1657 3138 1883 3192 creditu.
1915 3136 2107 3190 Filiqu

527 3205 655 3260 mihi
675 3208 826 3277 quasi
857 3217 1149 3275 proxeneta
1183 3210 1465 3277 prmnittis,
1494 3224 1641 3276 Spem
1673 3219 1787 3277 post
1812 3223 1960 3277 spent
2000 3205 2108 3260 sci-

535 3277 658 3331 licet
698 3275 710 3329 ξ
750 3275 864 3349 ηοξ.
893 3279 1062 3349 aetatis
1102 3275 1237 3349 mea:
1284 3275 1575 3349 praeteriit:
1619 3275 1910 3346 juventuiis
1950 3292 2108 3332 omne

529 3357 736 3416 tempus
763 3348 906 3401 nullo
945 3348 1090 3403 edito
1131 3348 1304 3403 fructu
1347 3351 1657 3419 absumpsi:
1690 3349 1902 3419 quando
1941 3349 2108 3403 factus

595 3440 611 3469 ι
648 3445 774 3487 Unus
796 3445 932 3501 Beg.,
958 3437 1181 3501 locastas,
1201 3453 1305 3501 pro,
1330 3439 1590 3491 herbarum
1611 3439 1923 3490 summitates.

596 3501 614 3530 ³
651 3508 766 3556 Vox.
789 3498 1144 3563 acceptabilem,
1163 3498 1305 3551 deest
1321 3503 1369 3551 in
1390 3501 1500 3550 Cod.
1529 3509 1643 3561 tteg.

2190 468 2306 526 sum
2329 454 2478 526 quasi
2510 453 2707 522 lignum
2731 456 2960 520 aridum,
2990 464 3102 526 tum
3137 471 3225 510 me
3256 458 3547 526 producere
3572 457 3780 520 fructus

2190 523 2376 601 cegis?
2410 523 2632 601 lncnrvo
2674 539 2899 592 corpore
2952 539 3046 594 per
3074 523 3268 601 forum‘
3293 529 3502 598 incedo,
3543 548 3642 588 nec
3664 536 3778 601 jam

2191 595 2460 663 suSpicere
2505 595 2690 668 caelum
2738 608 2953 663 possum
2982 612 2998 668 ς
3026 596 3092 650 ad
3125 607 3404 668 cognatam
3447 595 3534 657 uie
3573 595 3770 660 terram
3805 664 3808 668 ,

2191 673 2438 720 senectus
2460 665 2710 728 attrahit;
2740 674 2879 719 terra
2905 665 3101 735 quippe
3133 665 3273 736 sum,
3303 680 3357 725 et
3383 671 3436 725 in
3459 680 3657 728 terram
3688 692 3775 731 re-

2191 745 2408 812 vertar:
2439 736 2524 790 vix
2551 736 2756 812 pedum
2779 737 3073 812 ingressum
3101 751 3409 812 promoveo,
3443 758 3616 812 neque
3649 747 3783 800 mihi

2192 805 2461 881 sufficiunt
2489 806 2563 881 ad
2607 805 2956 862 incedendum
2988 805 3320 881 duo'pedes;
3361 805 3656 881 scipionem
3685 825 3782 869 ter~

2195 877 2252 931 tii
2280 877 2429 946 pedis
2454 876 2621 930 vicem
2661 885 2812 947 gesto
2844 895 2858 930 :
2883 892 2988 932 non
3017 876 3159 934 enim
3184 880 3310 935 mihi
3357 876 3498 938 filius
3524 883 3784 939 hactenus

2193 947 2348 1020 datus
2379 955 2480 1011 est,
2509 961 2536 1020 ξι
2572 962 2678 1016 quo
2701 963 2859 1020 manu
2889 948 3114 1004 ducerer
3140 967 3152 1003 ε
3181 951 3482 1020 sepulcrum
3515 969 3632 1009 sum
3661 972 3784 1009 mo-

2195 1017 2318 1082 bile,
2353 1026 2406 1070 et
2433 1017 2662 1072 cadaver
2687 1018 3056 1095 obambulans.
3096 1017 3546 1095 Quomodo_ergo
3571 1041 3638 1079 ex
3680 1025 3786 1080 hoc

2197 1096 2437 1157 tempore
2465 1097 2666 1156 patrem
2703 1104 2789 1144 me
2830 1088 2969 1164 filius
2998 1092 3337 1164 nominabit?
3369 1088 3643 1164 Ego'enim
3671 1113 3785 1150 sum

2195 1175 2362 1230 senex,
2389 1167 2438 1211 et
2466 1174 2592 1211 uxor
2607 1176 2715 1212 mea
2741 1161 2980 1230 processit
3005 1161 3058 1214 in
3094 1161 3268 1217 diebus
3296 1161 3432 1218 suis:
3445 1165 3576 1219 Cum
3606 1182 3692 1221 me
3712 1167 3783 1220 ad

2196 1229 2456 1304 tumulum
2498 1229 3001 1304 senectusdeducit,
3052 1241 3178 1304 tum_
3206 1247 3306 1304 ego
3333 1235 3524 1289 lectum
3563 1237 3781 1304 nuptia-

2198 1299 2302 1353 lem
2333 1299 2639 1376 ascendam,
2669 1300 2913 1376 et‘tilium
2941 1299 3265 1376 procreabo.’
3286 1319 3406 1376 eum
3437 1305 3565 1360 mihi
3591 1299 3673 1361 sol
3696 1306 3786 1376 ju-

2197 1371 2428 1424 ventutis
2450 1369 2743 1441 occiderit?
2775 1371 2841 1424 Et
2865 1369 2964 1439 ego
2991 1387 3098 1441 prae
3123 1374 3279 1428 annis
3300 1375 3474 1430 multis
3505 1391 3622 1430 sum
3648 1369 3784 1431 cio-

2200 1441 2368 1503 letus,
2414 1449 2468 1495 et
2511 1440 2789 1494 Elisabctze
2816 1440 3000 1495 uterus
3038 1441 3227 1498 effetus
3265 1454 3347 1499 est
3389 1455 3443 1500 et
3477 1455 3776 1501 emortuus.

2201 1509 2353 1566 Unde
2383 1510 2542 1580 igitur
2568 1510 2666 1564 hoc
2695 1513 2904 1566 sciam?
2931 1512 3042 1582 Ego
3072 1515 3204 1567 enim
3231 1533 3344 1569 sunt
3374 1533 3544 1580 senex,
3575 1525 3620 1569 et
3651 1533 3787 1571 uxor

2199 1597 2309 1658 mea
2340 1583 2577 1658 processit
2623 1582 2675 1634 in
2720 1583 2894 1658 diebus
2923 1585 3046 1658 suis.
3097 1583 3166 1658 _Et
3216 1586 3540 1658 respondens
3569 1589 3787 1658 angelus

2199 1652 2328 1705 dicit
2371 1653 2437 1718 ei,
2472 1651 2584 1722 Ego
2627 1668 2738 1704 sunt
2785 1653 2988 1706 Gabriel
3029 1655 3116 1722 qui
3155 1651 3308 1709 adsto
3349 1666 3466 1710 ante
3507 1651 3665 1711 Deum
3691 1674 3710 1711 :
3735 1669 3788 1712 et

2201 1723 2381 1797 missus
2403 1739 2514 1776 sum
2542 1723 2678 1791 loqui
2695 1723 2762 1775 ad
2791 1734 2857 1787 te,
2884 1734 2931 1797 et
2957 1725 3062 1797 haec
3081 1725 3169 1797 tibi
3189 1727 3533 1797 euangelizare
3552 1744 3574 1791 ;
3607 1737 3655 1781 et
3674 1745 3791 1782 ecce

2201 1793 2298 1865 eris
2325 1801 2515 1858 tacens,
2548 1802 2593 1846 et
2619 1809 2732 1865 non
2747 1794 2931 1863 poteris
2968 1795 3107 1862 loqui
3133 1813 3288 1864 usque
3311 1793 3363 1850 in
3392 1797 3524 1850 diem
3545 1814 3643 1865 quo
3673 1799 3786 1852 lucc

2202 1863 2346 1937 ﬁant,
2383 1880 2474 1929 pro
2503 1879 2560 1937 eo
2599 1863 2733 1929 quod
2763 1880 2862 1917 non
2890 1865 3146 1937 credidisti
3178 1863 3338 1920 verbis
3365 1869 3506 1932 meis,
3547 1863 3659 1937 qua
3688 1870 3788 1922 im-

2203 1933 2472 2001 plebantur
2509 1933 2562 1985 in
2594 1944 2816 2000 tempore
2854 1950 2968 1988 suo.
2997 1933 3064 1987 Et
3103 1951 3213 1990 ecce
3242 1938 3339 1990 eris
3373 1933 3569 2003 tacens,
3593 1948 3640 1992 et
3683 1956 3790 1992 non

2204 2006 2390 2079 poteris
2418 2003 2553 2073 loqui
2582 2003 2745 2072 (Ibid.
2771 2020 2817 2057 υ.
2849 2005 2943 2079 19.⁸
2964 2004 3076 2079 29).
3112 2006 3244 2079 Volo
3273 2008 3541 2079 quidpiam
3572 2008 3783 2074 facere,

2203 2082 2257 2127 et
2283 2081 2336 2126 tu
2369 2073 2686 2146 interrogas,
2715 2073 3043 2146 quomodo?
3069 2073 3381 2132 miraculum
3404 2073 3572 2136 edere
3599 2081 3785 2146 statui,

2204 2154 2257 2197 tu
2289 2144 2550 2198 rationem
2573 2159 2635 2198 ac
2659 2146 2798 2198 viam
2821 2145 3060 2215 quaeris?
3083 2146 3313 2202 Omnino
3343 2158 3518 2205 autem
3545 2144 3788 2204 meorum

2203 2229 2424 2292 operum
2447 2215 2764 2292 principium
2785 2218 2994 2271 curiose
3020 2219 3299 2292 scrutaris.
3319 2219 3457 2292 Num
3472 2227 3565 2292 est
3589 2221 3790 2292 impos-

2203 2285 2359 2339 sibile
2386 2285 2524 2355 apud
2568 2285 2734 2340 Deum
2765 2301 2926 2344 omne
2966 2289 3185 2344 verbum
3208 2289 3232 2342 Ἰ
3275 2290 3367 2346 Dic
3392 2291 3522 2346 mihi
3549 2285 3687 2346 unde
3713 2291 3790 2346 sit

2207 2365 2358 2430 natus
2389 2355 2531 2414 Isaac
2551 2356 2575 2412 ἲ
2598 2371 2776 2430 nonne
2815 2359 2959 2414 illum
2986 2359 3252 2415 Abraham
3292 2375 3456 2417 senex
3485 2362 3789 2430 progenuit,

2205 2434 2261 2484 ct
2287 2425 2473 2502 Sa_ram
2500 2429 2727 2484 vetulam
2751 2440 2972 2502 matrem
2994 2431 3278 2500 appellavit
3306 2431 3456 2502 (Gen.
3480 2425 3608 2500 15)?
3637 2443 3692 2486 tu
3719 2431 3793 2486 ad

2207 2497 2450 2555 eamdem
2477 2501 2928 2570 exspectationem
2949 2497 3190 2564 vocatus,
3221 2497 3323 2556 cur
3339 2518 3442 2557 non
3472 2511 3531 2557 ut
3555 2497 3643 2558 ille
3667 2518 3791 2557 mea

2207 2572 2391 2644 verba
2415 2571 2714 2644 excepisti?
2743 2571 3076 2644 Quapropter
3103 2570 3450 2644 Erisgtacens,
3494 2581 3542 2628 et
3569 2591 3672 2628 non
3698 2589 3797 2644 po-

2210 2642 2326 2695 teris
2373 2641 2553 2713 loqui:
2581 2659 2674 2712 pro
2719 2659 2777 2697 eo
2815 2641 3092 2713 quodnon
3129 2642 3386 2698 credidisti
3423 2644 3581 2699 verbis
3623 2641 3750 2697 meis
3773 2660 3795 2697 :

2210 2721 2353 2766 tuam
2378 2727 2477 2782 ego
2511 2712 2744 2783 linguam
2768 2712 3032 2784 obligabo,
3062 2729 3182 2785 quas
3211 2729 3269 2771 se
3290 2714 3356 2770 ad
3385 2715 3795 2770 immoderatam

2210 2785 2611 2852 responsionem
2653 2785 2984 2856 commovit:
3015 2786 3065 2838 in
3109 2800 3215 2854 quo
3263 2786 3792 2856 peecatumipatrasti

2209 2868 2410 2924 organo
2448 2869 2512 2926 ac
2555 2853 2816 2916 membro,
2858 2854 2911 2909 in
2956 2854 3070 2924 ipso
3112 2853 3167 2910 et
3208 2853 3458 2925 plecteris
3487 2873 3502 2911 :
3533 2853 3638 2910 Per
3679 2872 3797 2926 qua

2211 2927 2344 2997 enim
2365 2926 2380 2956 ⁸
2407 2925 2519 2997 quis
2541 2935 2731 2992 peccat,
2754 2942 2844 2996 per
2871 2927 2978 2980 haec
3006 2935 3056 2980 et
3093 2936 3348 2995 torquetur
3373 2926 3528 2997 (Sap.
3563 2928 3652 2983 ii.
3679 2925 3793 2994 Π).

2212 2993 2566 3068 Ιάεἰτοολειήὶε
2590 2993 2777 3068 tacens,
2817 3005 2863 3050 et
2907 3012 3006 3068 non
3037 2993 3220 3068 poteris
3257 2993 3413 3068 loqui,
3448 2993 3540 3068 pro
3576 3014 3634 3052 eo
3659 2993 3798 3066 quod

2211 3081 2310 3138 non
2336 3061 2592 3138 credidisti
2621 3067 2780 3120 verbis
2823 3067 2946 3120 meis
2967 3084 2985 3121 :
3013 3061 3233 3138 loquens
3277 3061 3381 3123 non
3400 3061 3407 3064 ν
3426 3061 3695 3123 credidisti
3723 3069 3802 3120 di-

2211 3137 2311 3190 ctis
2330 3137 2470 3209 Ameis
2495 3153 2510 3202 ;
2538 3146 2718 3191 tacens
2744 3153 2859 3209 mea
2886 3138 3044 3193 verba
3070 3137 3337 3209 exspecta,
3370 3139 3499 3204 Qua:
3522 3139 3799 3209 impleban-

2213 3217 2293 3260 tur
2321 3207 2374 3260 in
2403 3217 2623 3279 tempore
2651 3224 2741 3262 suo
2767 3207 2919 3279 (Luc.
2951 3209 3003 3264 l.
3035 3207 3150 3276 21).
3174 3207 3304 3275 Qua:
3349 3211 3491 3264 enim
3527 3207 3666 3278 apud
3696 3210 3798 3262 ho-

2213 3279 2384 3351 tnines
2411 3277 2760 3351 impossibilia
2778 3277 2926 3344 sunt,
2960 3281 3227 3349 possibilia
3267 3290 3391 3334 sunt
3419 3277 3575 3351 apud
3601 3281 3794 3335 Deum.

2212 3348 2315 3420 Ipsi
2339 3348 2503 3419 gloria
2532 3349 2582 3402 in
2607 3350 2820 3404 stecula.
2857 3348 3044 3405 Amen.

2276 3443 2292 3473 ²
2329 3445 2458 3504 Unus
2480 3447 2617 3501 Beg.,
2657 3439 3094 3504 condemnationem
3129 3441 3298 3492 subeas
3320 3441 3380 3504 in
3421 3453 3514 3503 quo
3549 3447 3802 3504 peccatum

2211 3501 2415 3566 patrain
2435 3514 2614 3563 organo
2643 3515 2659 3551 :
2683 3515 2769 3566 per
2793 3515 2902 3565 qua:
2917 3502 3059 3553 enim.
3084 3510 3294 3566 Utraque
3317 3501 3461 3554 lectio
3482 3501 3702 3567 quadrat.

2390 3731 3760 3761 mni-mm

1975 3861 2356 3922 MONlTUM

611 3990 752 4045 Idem
785 3997 866 4044 est
894 3987 1056 4057 hujus
1086 3987 1325 4042 homilize
1354 3986 1594 4051 initium,
1635 3987 1776 4056 quod
1802 3986 1946 4043 illius
1986 4003 2149 4056 quam
2199 3985 2389 4040 habuit
2420 3983 2717 4053 Chrysos-to
2743 3999 2845 4037 nus
2890 3987 2942 4037 in
2979 3997 3228 4052 regressu
3262 3996 3325 4034 ex
3369 3979 3497 4032 Asia
3529 3978 3798 4032 Constan-

539 4078 850 4149 tinopolim,
891 4090 944 4131 et
970 4075 1157 4131 Latine
1196 4077 1373 4133 solum
1397 4084 1575 4133 exstat
1602 4077 1708 4131 hoc
1750 4077 1906 4131 initio
1941 4093 1954 4128 :
1992 4077 2198 4146 Moyses
2238 4092 2456 4146 magnus
2487 4074 2576 4128 ille
2604 4073 2696 4127 Dei
2731 4074 2988 4143 famulus,
3031 4083 3185 4140 caput
3210 4070 3606 4141 prophetarum,
3633 4069 3799 4120 maris

541 4172 728 4234 viator,
761 4169 900 4222 aeris
923 4168 1176 4237 agitator,
1205 4184 1396 4222 meum
1426 4177 1738 4237 apparator,
1761 4169 1900 4238 quia
1923 4170 2172 4239 genitrice
2198 4168 2459 4238 projectus
2491 4175 2587 4229 est,
2615 4176 2663 4218 et
2687 4166 2751 4218 ab
2788 4167 3172 4236 impugnatrice
3220 4163 3495 4225 salvatus;
3537 4175 3662 4230 qua:
3702 4159 3800 4212 bo.

542 4259 691 4312 milia
724 4261 974 4329 sequenti
1011 4270 1158 4316 tomo
1187 4259 1252 4313 Ill
1285 4259 1520 4314 dabitur.
1559 4258 1614 4312 lu
1649 4260 1750 4314 hae
1811 4276 1940 4315 vero
1979 4263 2045 4324 de
2105 4276 2210 4330 qua
2255 4276 2399 4314 nunc
2430 4260 2627 4328 agitur.
2665 4259 2911 4324 homilia,
2971 4257 3132 4328 paulo
3163 4263 3284 4328 post
3319 4253 3557 4312 initium,
3605 4250 3804 4308 omnia

542 4351 767 4419 puerilia
791 4361 938 4416 sunt,
975 4355 1144 4423 tropis
1177 4361 1232 4410 et
1276 4352 1769 4408 exclamationibus
1804 4354 2185 4408 redundantia.
2213 4351 2324 4408 Nec
2348 4351 2656 4422 quempiam
2711 4366 2928 4406 movere
2960 4349 3137 4414 debet,
3185 4346 3331 4418 quod
3375 4346 3443 4400 de
3490 4343 3631 4398 festo
3665 4341 3809 4398 Sce-

701 4632 766 4675 ΙΝ
810 4629 1068 4674 ιλυωευ
1113 4625 1555 4671 CONCEPTIONIS
1597 4626 1816 4670 SANCTI
1857 4625 2114 4670 JOANNIS
2155 4628 2502 4672 PROPHE'I’E
2549 4630 2981 4673 PIUECUBSORIS
3028 4631 3106 4672 ET
3150 4627 3468 4672 BAPTISTB
3513 4605 3627 4688 (α).

610 4777 660 4828 1.
693 4772 901 4844 Moyses
927 4811 942 4835 ,
963 4768 1050 4844 ille
1069 4780 1292 4844 magnus
1309 4764 1402 4844 Dei
1440 4763 1687 4844 famulus,
1716 4769 1872 4829 caput
1890 4759 2118 4830 prophe-

539 4855 733 4906 tarutn,
767 4835 853 4897 iile
883 4841 1044 4895 maris
1069 4835 1262 4902 viator,
1291 4836 1428 4889 aeris
1453 4835 1653 4902 auriga,
1687 4846 1883 4887 mensze
1914 4847 2120 4906 manum

539 4903 844 4984 apparator,
876 4911 967 4965 Dei
995 4909 1292 4984 legislator,
1318 4906 1407 4984 qui
1443 4906 1645 4960 tabulas
1668 4903 2119 4984 sacrasexcepit,

543 4974 630 5052 qui
675 4974 876 5052 primus
926 4997 1019 5052 ea,
1050 4974 1184 5052 'quzn
1212 4977 1293 5052 ad
1339 4974 1693 5052 vitantut‘eete
1745 4974 2120 5052 instituendam

543 5044 818 5124 spectant,
851 5044 1175 5124 introduxit,
1209 5050 1318 5124 hic.
1341 5047 1420 5124 vir
1448 5046 1568 5100 talis
1609 5054 1885 5124 ac_tantus
1930 5044 2127 5124 populo

548 5116 708 5180 Israel
741 5116 1141 5178 tabernaculum
1182 5117 1456 5181 condidit,
1497 5116 1788 5171 secundum
1825 5128 1941 5167 eam
1992 5117 2130 5181 ligu.

548 5213 694 5258 ram,
746 5209 902 5266 quam
946 5195 1205 5266 in__monte
1245 5189 1414 5244 fuerat
1463 5187 1740 5266 edoctusa
1789 5185 2128 5266 Deo..Atq.ue

548 5255 727 5320 munia
758 5255 970 5333 quidem
1002 5262 1091 5316 ille
1127 5271 1309 5333 sancta
1353 5274 1612 5327 sacraque
1657 5256 1855 5333 fecerat
1892 5255 2130 5322 singilla-

553 5340 684 5401 tim,
749 5327 866 5404 q'uze
936 5331 1175 5388 interiori
1246 5339 1398 5405 septo
1441 5327 1883 5405 comprehensa
1931 5340 2129 5405 erant;

553 5399 693 5477 quod
727 5399 854 5461 vero
887 5406 1128 5459 intimum
1172 5412 1323 5477 erat,
1371 5399 1484 5453 istis
1512 5400 1807 5477 inaeessum
1835 5404 1892 5448 et
1924 5399 2135 5477 imper—

558 5464 698 5531 vium
722 5487 872 5539 erat,
901 5477 1151 5531 Sanctum
1177 5473 1493 5526 Sanctorum
1530 5469 1871 5538 appellatum.
1901 5464 1990 5539 _Ad
2038 5465 2137 5517 hoc

561 5548 834 5615 exemplar
861 5537 1187 5616 tabernaculi
1242 5541 1494 5616 Salomon
1534 5537 1692 5616 etiam
1753 5537 2006 5616 templum
2047 5550 2142 5588 ex-

562 5611 882 5671 :t-dilieavit:
927 5614 1066 5683 quod
1113 5631 1216 5668 non
1240 5612 1397 5666 modo
1437 5611 1671 5664 materia:
1691 5611 1860 5677 pretio
1906 5611 2142 5673 artisque

626 5731 696 5794 (ιι)
729 5728 905 5778 collata
930 5741 1036 5777 eum
1059 5727 1152 5775 Cod
1198 5735 1311 5787 tzeg.
1338 5724 1477 5782 9545,
1497 5723 1575 5785 qui
1606 5733 1776 5783 paucas
1797 5717 2052 5769 admodum
2074 5716 2144 5767 ef-

571 5793 655 5844 fert
676 5793 951 5870 varietates.

2227 4764 2485 4820 varietate
2503 4807 2518 4832 ,
2542 4769 2634 4822 sed
2661 4777 2711 4820 et
2737 4767 2845 4835 ipsa
2871 4763 3046 4830 specie
3073 4768 3356 4835 strueturze
3387 4755 3582 4824 templa
3607 4753 3812 4813 omnia.

2226 4850 2346 4902 Quae
2371 4830 2663 4893 cernuntur
2703 4830 2770 4889 in'
2801 4836 2953 4889 terris
2973 4875 2986 4891 .
3021 4830 3338 4887 obscurabat
3366 4846 3378 4879 :
3423 4837 3480 4880 ut
3517 4839 3816 4904 numquam

2230 4897 2281 4958 in
2323 4921 2507 4979 eorum
2564 4925 2681 4979 quae
2731 4906 2868 4975 apud
2915 4897 3818 4979 [Egyptios_eranl.,_cupiditatem

2230 4966 2657 5048 exardescereitt.
2701 4966 2781 5030 Ae
2834 4966 3082 5048 templum
3131 4972 3346 5048 quidem
3395 4966 3802 5048 illud‘univers

2232 5043 2388 5117 hujus
2419 5051 2599 5104 mundi
2629 5049 2693 5103 ad
2724 5036 3003 5116 imagine-tn
3024 5036 3186 5105 ..ςιιιῖι
3216 5043 3331 5111 ejus
3354 5039 3444 5117 qui
3477 5036 3578 5117 sub
3597 5051 3820 5089 sensum

2229 5107 2405 5184 cadit,
2441 5131 2548 5173 tum
2591 5121 2728 5174 illius
2766 5107 2857 5186 qui
2907 5126 3083 5171 mente
3132 5107 3633 5186 comprehenditur,
3693 5120 3821 5157 cono

2237 5182 2409 5244 struit.
2429 5191 2559 5244 Nam
2580 5182 3021 5257 quemadmodum
3037 5197 3172 5240 terra
3193 5184 3276 5235 hic
3295 5191 3447 5236 estet
3472 5182 3822 5258 ρξειιιειιηιιιρῖ

2237 5243 2489 5330 diumque
2514 5243 2874 5325 interstitium,
2904 5259 3003 5312 hoc
3034 5259 3423 5330 firmamentum
3459 5266 3472 5301 :
3502 5248 3572 5330 ita
3598 5257 3654 5300 et
3688 5243 3822 5330 illud

2241 5331 2354 5385 fieri
2378 5317 2533 5398 jussit
2562 5333 2698 5383 Deus
2727 5349 2739 5384 :
2773 5317 3000 5397 eumque
3048 5327 3181 5401 duas
3212 5324 3263 5377 in
3311 5331 3486 5401 partes
3537 5317 3664 5401 hoe_
3687 5327 3824 5401 tem-

2243 5387 2395 5470 plum.
2423 5403 2723 5467 divisisset,
2782 5387 3064 5468 velumque
3102 5397 3169 5470 in
3219 5392 3392 5446 medio
3437 5387 3820 5470 θξβίυιδίδξςίγ

2245 5456 2370 5526 illud
2427 5456 2638 5542 quidem
2690 5456 2825 5540 quod
2854 5456 3003 5526 extra
3035 5468 3206 5542 velum
3264 5471 3422 5542 erat.
3453 5456 3823 5542 aUHOQlﬁ-‘ifus

2246 5545 2377 5597 adiri
2426 5527 2582 5614 posw‘e
2612 5527 2852 5614 periuisit
2901 5559 2912 5592 :
2955 5538 3094 5610 quod
3134 5545 3308 5590 autem
3340 5533 3475 5585 intra
3516 5527 3643 5608 illud
3677 5540 3821 5614 erat.

2250 5608 2576 5669 inaccessum
2615 5608 2876 5668 'omnibus
2920 5608 3082 5675 esse,
3137 5617 3295 5674 atque
3366 5617 3394 5654 a
3444 5614 3657 5681 nemine
3708 5608 3821 5681 eos};

2251 5687 2382 5757 spici
2429 5697 2780 5757 ιιικιιιιξιιιιιίιηι
2818 5701 2860 5757 _a
2917 5682 3034 5736 solo
3070 5670 3295 5757 summa
3338 5670 3827 5757 pontifice,“

2255 5739 2321 5815 ab
2350 5739 2549 5829 angelo
2604 5739 2771 5810 l'ticrat
2816 5755 3170 5824 imperatum,
3225 5739 3474 5815 loquente
3525 5739 3745 5809 Moyse,
3774 5743 3829 5788 ut
