4092 6194
310 189 415 245 789

309 301 431 354 ﬁliis
459 298 617 353 Israel
641 297 882 364 diceret,
908 296 973 351 In
1000 314 1166 351 mense
1190 296 1429 363 septimo,
1459 297 1513 352 in
1529 297 1722 351 decima
1744 314 1885 351 men-

306 372 411 433 sis,
444 370 710 423 Itumiliate
734 370 929 423 animus
958 379 1146 421 vestras
1186 367 1365 438 (Leuit.
1399 369 1485 422 16.
1512 368 1607 437 29)
1643 384 1657 421 :
1689 367 1790 422 hoc
1820 368 1889 423 de

304 439 640 508 Scenopegia
662 439 859 494 dictum
890 447 970 492 est
1003 455 1018 491 :
1048 449 1156 492 tum
1186 437 1328 493 enim
1358 438 1409 491 in
1452 438 1776 508 Scenopegia
1805 453 1891 492 se-

306 511 409 563 ...εει
439 510 489 564 in
522 524 664 562 anno
690 508 836 563 solus
861 509 1093 577 pontifex
1118 548 1134 570 ,
1180 517 1240 563 ut
1286 509 1559 563 incensum
1612 510 1883 574 adoleret,

304 581 356 634 in
401 586 582 633 sancta
630 588 934 648 sanctorum
981 579 1229 633 intrabat.
1261 577 1317 633 lu
1360 579 1456 633 hac
1481 592 1608 648 ergo
1631 579 1887 635 solemni-

307 660 415 703 tate
441 649 791 718 Scenopegiaa
818 647 1107 703 Zacharias
1130 650 1401 718 ingressus
1425 649 1573 704 estin
1602 649 1790 703 ordine
1812 649 1889 702 vi-

302 722 382 773 cis
411 733 552 780 suae,
600 726 658 788 ut
695 721 966 774 incensum
1024 730 1245 788 poneret
1292 736 1308 774 :
1351 719 1597 788 viditque
1642 719 1887 788 angelum

305 798 533 844 stantem
563 804 594 842 a
618 787 820 843 dextris
847 787 1035 845 altaris
1071 790 1306 854 incensi;
1339 787 1407 842 Et
1451 787 1732 843 Zacharias
1776 798 1888 842 tur-

307 860 451 912 batus
479 869 551 913 est
578 859 750 912 videns
782 874 800 912 :
827 868 874 915 et
902 860 1052 913 timor
1079 861 1225 912 irruit
1259 876 1409 927 super
1443 875 1576 912 eum.
1612 860 1692 911 Ait
1719 867 1888 912 autent

305 930 374 987 ad
399 946 509 982 cum
536 929 744 999 angelus
765 943 784 982 :
816 927 899 983 Ne
914 931 1089 984 timeas
1106 969 1121 994 ,
1144 929 1433 999 Zacharig;
1459 929 1698 999 quoniam
1727 945 1883 983 exau-

308 1001 414 1052 dita
441 1009 513 1052 est
550 997 836 1068 deprecatio
860 1009 947 1053 tua
973 1016 988 1053 :
1016 1010 1061 1054 et
1085 1016 1214 1053 umor
1239 1010 1327 1052 tua
1356 997 1580 1053 Elisabet
1603 999 1762 1068 pariet
1784 1000 1886 1053 .tibi

307 1070 508 1140 filium,
546 1078 591 1122 et
617 1069 816 1140 vocabis
844 1085 1025 1125 nomen
1062 1070 1171 1140 ejus
1212 1068 1463 1122 Joannem
1494 1084 1512 1123 :
1556 1079 1604 1123 et
1644 1071 1738 1122 erit
1762 1086 1888 1139 gau-

307 1141 448 1191 dium
473 1139 562 1192 tibi
580 1148 626 1192 et
653 1139 941 1202 exsultatio,
970 1149 1015 1193 et
1037 1139 1181 1193 multi
1206 1140 1257 1192 in
1284 1140 1540 1193 nativitale
1564 1140 1673 1208 ejus
1697 1140 1888 1209 gaude-

310 1212 431 1262 bunt
462 1224 482 1260 :
509 1209 603 1263 erit
621 1210 755 1263 enim
776 1226 988 1278 magnus
1008 1226 1177 1263 coram
1207 1209 1425 1263 Domino
1441 1225 1462 1271 ;
1483 1218 1529 1263 et
1559 1211 1729 1263 vinum
1753 1223 1798 1263 et
1819 1211 1890 1263 si-

304 1295 472 1334 ceram
499 1295 599 1331 non
625 1279 751 1333 bibet
773 1320 788 1343 ,
809 1280 1082 1349 etHSpiritu
1111 1289 1285 1334 sancto
1310 1280 1581 1349 replebitur
1608 1280 1775 1332 adhuc
1826 1297 1888 1334 ea:

306 1362 447 1419 utero
474 1350 650 1403 matris
680 1365 804 1403 suae.
840 1348 909 1405 Et
934 1353 1041 1419 ipse
1079 1350 1324 1418 praecedet
1355 1348 1407 1403 in
1427 1352 1608 1419 spiritu
1635 1359 1681 1402 et
1709 1352 1769 1403 vi:
1784 1359 1888 1404 tute

218 1464 225 1475 .
307 1418 470 1484 Elite,
494 1428 549 1490 ut
568 1429 819 1473 convertat
846 1418 1002 1474 corda
1026 1429 1225 1490 patrum
1254 1419 1497 1490 infitias,
1529 1430 1573 1473 et
1600 1420 1887 1476 incredulos

305 1492 373 1543 ad
414 1489 731 1561 prudentiam
760 1489 1264 1561 justorum.’nparare
1301 1489 1521 1544 Domino
1549 1489 1745 1561 plebem
1769 1508 1884 1560 per-

307 1563 489 1629 fectam
520 1558 671 1632 (Luc.
706 1558 993 1632 [(1247).
1028 1558 1213 1632 Vidisti
1266 1558 1582 1632 promissum
1612 1558 1884 1632 quodvir-

306 1639 473 1701 tutem
505 1630 874 1698 propheticum
892 1630 1135 1686 cxredit?
1159 1631 1282 1686 lltnc
1313 1631 1583 1701 prophetia
1616 1630 1886 1685 Zachariae

306 1699 536 1769 linguam
562 1703 726 1754 vinxit
765 1710 819 1755 et
845 1702 1001 1757 solvit
1029 1719 1041 1754 :
1075 1701 1242 1755 vinxit
1263 1699 1439 1768 enim,
1486 1718 1605 1756 cum
1652 1704 1887 1755 creditus

306 1786 415 1825 non
459 1779 602 1825 esset
632 1780 844 1841 partus;
892 1773 1053 1825 solvit
1081 1781 1255 1826 autem
1306 1772 1481 1835 illam,
1532 1788 1651 1825 cum
1709 1785 1888 1841 partus

305 1842 596 1895 evenisset.
635 1840 679 1895 Ο
727 1858 837 1896 rem
883 1841 1288 1897 admirabilem!
1344 1842 1576 1896 Joannes
1618 1858 1683 1896 ex
1714 1840 1886 1897 utero

304 1912 665 1977 ewngelista,
707 1926 773 1966 ex
821 1924 1006 1967 ventre
1052 1912 1424 1966 miraculorum
1468 1913 1656 1975 editor,
1690 1912 1885 1967 deserti

304 1982 573 2046 alumnus,
592 1991 646 2035 ct
668 1982 1390 2053 angelorumcontubernalis
1414 1999 1429 2045 ;
1452 1984 1539 2053 qui
1570 1994 1686 2051 post
1716 1983 1884 2051 legem

306 2068 447 2104 unus
472 2062 637 2107 estex
675 2054 942 2120 prophetis
968 2094 982 2117 ,
1007 2052 1271 2106 secundus
1299 2052 1477 2118 tilias,
1502 2062 1557 2107 et
1580 2053 1887 2107 verissimus

304 2137 520 2191 praeco;
549 2124 637 2191 qui
668 2124 897 2189 Spiritus
924 2124 1039 2176 zelo
1068 2138 1303 2193 errorem
1336 2123 1492 2193 longe
1515 2124 1678 2190 abigit
1704 2164 1718 2186 ,
1754 2139 1887 2191 prae-

306 2190 494 2264 cursor
519 2190 577 2245 et
601 2193 830 2262 Baptista
865 2211 877 2245 :
906 2194 994 2262 qui
1033 2193 1179 2255 dicit,
1197 2190 1568 2264 Paenitentiam
1591 2190 1764 2264 agites
1792 2210 1887 2260 ap-

307 2262 659 2333 propinquavit
686 2265 818 2316 enim
859 2279 1065 2330 regnum
1112 2262 1349 2316 ca’lorum
1406 2262 1639 2331 (Μαιώ.⁷
1664 2264 1715 2319 1.
1750 2262 1882 2333 5.);

305 2331 578 2388 Zacharia:
609 2334 775 2396 illius,
803 2343 856 2386 et
906 2333 1102 2387 sterilis
1144 2348 1492 2404 germen,rac
1540 2335 1716 2404 pepuli
1761 2331 1887 2402 pre-

305 2418 429 2456 cum
469 2417 603 2471 Opus
631 2403 919 2469 perfectum
954 2422 966 2456 :
997 2407 1258 2473 genuinus
1287 2403 1609 2472 ptenitentize
1648 2404 1884 2473 prounil-

305 2482 479 2541 gator,
511 2489 573 2526 ac
606 2473 838 2527 ﬁdelium
871 2474 1240 2543 ptenitentium
1259 2474 1685 2528 etconﬁteutium
1705 2483 1886 2543 patro-

305 2558 436 2617 nus;
468 2544 601 2617 legis
626 2544 926 2617 plenitudo,
950 2554 1005 2599 et
1028 2546 1209 2617 gratia:
1229 2545 1331 2599 dux
1351 2559 1414 2599 ac
1440 2545 1708 2617 princeps,
1726 2554 1888 2617 atque

306 2612 609 2667 ludatur-nm
632 2612 925 2682 impietatis
964 2615 1337 2682 reprehensor,
1369 2612 1657 2669 cielestium
1704 2612 1889 2670 decre-

310 2691 331 2735 t
367 2700 481 2736 rum
510 2689 761 2746 sancitur,
790 2695 844 2740 et
873 2684 1189 2740 delictorum
1239 2686 1413 2754 populi
1462 2686 1623 2754 judex
1651 2684 1883 2739 ineorruo

308 2764 463 2827 plus;
509 2756 594 2823 qui
625 2771 689 2809 ex
717 2756 885 2827 sterili
913 2756 1156 2827 et_elfeta
1204 2765 1397 2827 printer
1420 2770 1569 2825 spem
1612 2765 1764 2825 partu
1808 2766 1891 2812 est

307 2825 515 2895 editus,
544 2834 594 2878 et
622 2827 807 2894 grati-.e
834 2825 1091 2880 beneficio
1120 2825 1312 2882 Christi
1358 2827 1555 2893 ipsius,
1588 2828 1675 2895 qui
1696 2841 1884 2895 aquam

306 2894 490 2950 eduxit
515 2909 544 2948 e
572 2905 740 2964 petra,
769 2910 979 2964 sponsa:
1000 2895 1288 2959 deductor;
1313 2898 1403 2966 qui
1431 2894 1675 2951 Jordanis
1692 2894 1887 2952 ﬂuenta

304 2966 455 3039 quasi
502 2966 615 3019 lien
636 2985 652 3016 ι
682 2967 877 3039 injecto
906 2967 1075 3039 regit,
1107 2977 1161 3023 et
1197 2967 1524 3039 purgationis
1552 2975 1885 3035 peccatorum

308 3035 634 3109 moderator,
686 3035 1239 3109 incomprehensibilis
1283 3035 1519 3109 mysterii
1552 3039 1801 3105 [)l‘il‘St'lUS
1824 3053 1888 3092 ac

308 3107 695 3178 praenuntius,
720 3115 773 3160 et
797 3107 1056 3178 adventus
1082 3109 1225 3178 ejus,
1249 3107 1523 3177 quivideri
1556 3123 1659 3161 non
1692 3119 1884 3176 petest,

306 3180 567 3247 propheta
597 3192 610 3228 :
649 3176 735 3229 hic
760 3187 842 3231 est
866 3176 1121 3235 Joannes
1142 3179 1233 3233 ille
1260 3179 1348 3246 qui
1380 3177 1652 3232 Zachariae
1703 3183 1752 3230 in
1793 3195 1886 3232 ex-

309 3257 477 3300 trema
509 3255 780 3317 senectute
808 3249 1126 3317 constituto,
1163 3259 1316 3317 prout
1343 3247 1515 3303 fuerat
1543 3250 1882 3315 promissum,

305 3326 389 3369 est
410 3326 583 3369 natus.
613 3315 657 3371 Ο
684 3317 992 3388 miraculum
1015 3316 1029 3372 l
1060 3315 1184 3373 ecce
1204 3319 1344 3373 enim
1368 3318 1620 3388 operibus
1642 3319 1770 3386 ipsis
1795 3334 1891 3387 ai.-

344 3400 536 3440 aruere
566 3387 933 3458 comprobata
996 3404 1115 3457 quae
1155 3384 1555 3458 gestibus—suis
1616 3384 1889 3443 eisultaus

342 3470 539 3510 oannes
564 3456 614 3511 in
647 3469 797 3512 utero
821 3456 1189 3513 subindicavit.
1219 3459 1358 3513 \‘idit
1379 3457 1605 3513 mundus
1630 3458 1883 3522 lanitium,

307 3542 465 3593 quam
502 3526 551 3579 in
588 3526 761 3599 _vulva
808 3543 1105 3599 prurcnrsor
1133 3529 1355 3597 pedibus
1396 3529 1676 3599 expressit.
1718 3529 1886 3594 Quem

308 3611 436 3650 vero
465 3612 560 3649 nos
588 3596 843 3653 honorem
864 3598 1010 3664 justo
1040 3600 1117 3653 illi
1136 3596 1494 3666 rependentus
1514 3640 1528 3662 ,
1562 3599 1886 3655 admirandis

310 3666 427 3739 ejus
470 3677 612 3739 recte
657 3667 807 3721 factis
852 3668 1086 3737 undique
1130 3669 1503 3724 circumsessi?
1550 3669 1890 3739 Evangelizat

309 3736 452 3789 enim
478 3736 601 3790 dum
629 3745 780 3799 utero
817 3736 1089 3807 gestator;
1120 3739 1230 3792 edit
1270 3741 1520 3794 miracula
1559 3740 1681 3793 dum
1711 3736 1886 3793 uasei-

312 3813 433 3869 tur;
466 3822 777 3875 progressus
803 3809 926 3862 facit
954 3809 1078 3867 dum
1111 3810 1162 3864 in
1185 3811 1410 3864 desertis
1432 3809 1675 3879 religiose
1705 3807 1889 3865 vivens

310 3888 619 3946 exercetur;
656 3891 936 3945 provectus
982 3879 1181 3946 Spiritu
1223 3882 1490 3944 nutritur;
1520 3880 1723 3935 medius
1751 3879 1889 3935 inter

312 3945 480 4020 b'gem
522 3955 587 4020 et
631 3950 856 4020 gratiam
906 3945 1220 4020 intercedit;
1276 3951 1590 4019 baptismum
1638 3951 1890 4020 pra-dicat

310 4017 674 4090 pmtiiteutiie;
707 4017 983 4090 Dominum
1012 4017 1381 4075 advenientem
1410 4017 1675 4090 baptizat';
1709 4020 1886 4075 Trini«

312 4088 435 4159 tatis
484 4085 725 4159 gloriam
755 4088 896 4142 videt
950 4089 1258 4158 baptizans,
1313 4098 1367 4143 et
1413 4085 1596 4157 gratim
1651 4091 1889 4159 perhibet

311 4156 671 4230 testimonium
717 4158 769 4212 in
818 4156 1073 4230 veritate;
1127 4161 1361 4214 clamans
1408 4156 1553 4214 illum
1606 4156 1889 4230 a'prophe-

314 4227 384 4278 tis
418 4228 822 4299 prmnuntiatum
852 4229 1080 4295 iudicat,
1111 4241 1163 4284 et
1188 4232 1465 4285 Dominum
1498 4227 1675 4299 seipse
1702 4227 1888 4287 fortio-

308 4310 424 4371 rem
446 4311 507 4350 ac
534 4298 846 4371 validiorem
863 4299 1178 4371 conﬁtetur;
1209 4303 1308 4355 via:
1340 4300 1526 4355 ducem
1554 4298 1620 4355 iis
1652 4303 1741 4371 qui
1766 4315 1886 4357 cne-

308 4366 443 4439 dunt
479 4381 538 4439 se
566 4367 797 4435 prtebet,
826 4377 881 4439 ut
917 4369 983 4422 ad
1010 4385 1131 4424 eum
1178 4371 1521 4439 perveniant,
1553 4366 1684 4425 dum'
1709 4372 1887 4425 turbas

310 4436 457 4489 utilia
478 4436 639 4511 docet
664 4454 678 4501 ;
711 4438 1019 4511 publicanos
1046 4436 1206 4495 etiam
1241 4442 1328 4510 qui
1380 4443 1708 4511 baptizantur
1735 4456 1887 4496 eom-

310 4507 595 4581 mouefacit
613 4524 628 4571 ;
648 4509 996 4581 reprehendit
1019 4519 1073 4564 et
1094 4507 1269 4581 legem
1285 4507 1572 4567 violantem
1596 4510 1883 4579 Herodem,

308 4591 373 4629 ac
396 4577 608 4651 demum
640 4577 796 4651 linem
825 4582 1044 4634 sortitur
1071 4577 1177 4651 quo
1201 4583 1266 4638 ad
1308 4583 1682 4638 beatitudinem
1718 4577 1886 4651 ipsam

310 4647 638 4720 provehitur.
671 4650 872 4720 Quibus
901 4647 1102 4720 itaque'
1126 4651 1269 4706 illum
1317 4653 1653 4708 sermonibus
1694 4647 1888 4708 eti‘ere-

308 4718 579 4790 nius‘lpqua
600 4718 773 4790 lingua
795 4719 861 4775 ad
884 4718 1005 4776 hare
1012 4723 1188 4782 omnia
1206 4723 1624 4779 commendanda
1645 4727 1888 4779 utemur?

304 4787 655 4864 quidhorum
680 4787 1206 4864 praetermittemus?
1248 4804 1338 4848 aut
1374 4794 1500 4864 quid
1523 4794 1734 4848 tandem
1768 4810 1890 4862 pro-

307 4858 451 4934 loqui
472 4858 540 4914 de
561 4858 675 4914 istis
699 4858 1036 4917 valebimus?
1086 4863 1328 4934 Magnum
1380 4858 1523 4919 enim
1549 4858 1781 4918 laudum'
1806 4877 1888 4920 est

305 4931 554 5011 pelagus,
594 4947 781 5001 magna
826 4942 969 4988 recte
994 4931 1252 5011 factorum
1286 4935 1401 5006 ejus
1429 4934 1773 5011 amplitudo;
1805 4937 1887 4989 "Cl

302 5000 452 5076 ‘3‘.”"3
481 5000 594 5069 ipse
623 5000 801 5076 rerum
831 5014 1053 5060 conatus
1082 5000 1384 5061 laudatores
1413 5000 1587 5060 reddit
1613 5006 1883 5060 attonitos.

312 5069 508 5151 Verum
528 5071 768 5151 prodeat
787 5088 927 5128 nunc
955 5090 1165 5145 quoque
1186 5076 1470 5131 Zacharias
1492 5076 1619 5147 justi
1649 5088 1815 5151 pater,
1844 5078 1887 5130 is

343 5142 391 5192 u‘i
420 5151 475 5194 et
493 5142 709 5213 silentio
736 5142 1017 5199 damnatus
1037 5142 1151 5213 est,
1169 5156 1224 5202 et
1250 5162 1431 5202 vocem
1459 5142 1845 5202 rursus'emisit
1870 5165 1883 5201 :

302 5211 391 5286 ille
417 5211 569 5266 nobis
594 5229 681 5267 res
709 5228 833 5269 suas
861 5211 1197 5286 apertissime
1244 5217 1571 5283 declarabit,
1617 5215 1885 5286 quomodo

301 5281 552 5357 loquutus
602 5291 717 5357 est‘
749 5300 868 5339 cum
896 5281 1096 5355 ’lingua
1143 5299 1289 5343 esset
1333 5281 1565 5354 vincta,»
1615 5281 1885 5357 quomodo

298 5350 537 5429 Joannes
576 5354 831 5429 nascitur,
861 5365 915 5409 et
944 5350 1204 5412 sententia
1232 5357 1299 5412 ab
1324 5350 1532 5429 angelo
1565 5350 1765 5427 prolata
1796 5374 1881 5412 re—

298 5422 582 5495 scinditur;
599 5425 867 5494 quomodo
894 5441 1047 5495 pinna
1076 5422 1475 5494 removeturfct
1502 5422 1704 5484 curatio
1732 5430 1883 5485 adhi-

298 5490 736 5572 betur;__l£t_euim
791 5490 1115 5572 evangelista
1160 5490 1433 5554 Zacharile
1476 5508 1647 5572 atque
1689 5501 1881 5572 uxoris

296 5562 418 5641 eius
446 5562 726 5641 Elisabeta:
750 5562 1185 5641 compendiosum
1220 5562 1648 5640 praedicationem
1686 5570 1738 5625 in
1765 5586 1881 5627 me-

299 5633 447 5691 dium
491 5632 750 5707 efferens,
782 5632 1005 5731 primum
1050 5632 1235 5697 eorum
1278 5641 1490 5699 nomina
1532 5650 1587 5699 et
1631 5649 1871 5698 naturam

955 183 1021 241 lN
1059 184 1339 241 LAUDEM
1376 183 1864 243 CONCEPTIONIS
1902 187 1957 243 S.

1999 186 2277 244 JOANNlS
2319 185 2696 252 BAPTlSTrE,
2741 184 2889 240 ETC.
3467 188 3572 243 798

2000 315 2062 354 ac
2097 299 2401 366 dignitatem
2432 299 2691 367 signiﬁcat
2720 316 2733 352 :
2776 299 2966 354 deinde
3004 313 3133 354 vero
3159 302 3575 359 conversationis

1997 370 2510 429 commendationem
2538 384 2600 424 ac
2624 369 2842 436 iustitiae
2888 380 3143 440 tropaeum
3173 372 3454 440 proponit,
3493 373 3573 427 si-

1996 441 2208 507 mulque
2236 440 2431 495 silentii
2474 440 2866 495 damnationem
2917 438 3150 502 iudicat,
3199 450 3362 508 utque
3411 438 3573 496 fuerit

1996 510 2187 579 lingua:
2219 526 2342 565 usus
2377 511 2650 566 reatitutns
2678 509 2937 581 declarat.
2967 512 3033 567 At
3060 509 3431 581 exindeverba
3461 511 3572 581 ipsa

1995 581 2291 649 evangelica
2332 580 2487 634 velim
2517 581 2744 635 audias:
2791 580 2854 633 Et
2897 596 2997 635 non
3042 588 3148 639 erat
3191 580 3292 634 illis
3318 580 3572 647 ﬁlius,“

1993 651 2127 720 quod
2180 661 2304 705 esset
2351 649 2575 704 Elisabet
2599 651 2802 709 sterilis,
2835 660 2880 704 et
2933 651 3079 705 ambo
3119 651 3473 717 processissent
3520 651 3571 703 in

1995 720 2166 774 diebus
2188 722 2293 777 suis
2330 719 2479 789 (Luc.
2506 722 2556 775 1.
2594 722 2673 789 7).
2725 720 2842 775 lam
2886 736 3013 776 vero
3039 736 3144 775 non
3175 721 3383 775 illorum
3415 721 3573 774 modo

1994 792 2324 845 sterilitatem
2373 791 2660 846 liberorum
2703 792 2932 853 intueor,
2974 792 3067 845 sed
3115 800 3170 845 et
3218 792 3431 857 antiqua
3480 789 3568 844 illa

1992 865 2195 928 species
2240 860 2505 929 justorum
2552 862 2731 916 animo
2770 876 2891 915 meo
2924 860 3256 924 obversatur,
3301 861 3566 915 Abraham

1993 930 2207 1000 inquam
2240 940 2294 988 et
2321 932 2505 996 Sarm;
2536 932 2801 1000 simulque
2830 931 3118 1000 parientem
3150 930 3370 985 alteram
3413 932 3570 1000 steri-

1993 999 2190 1055 litate-tn
2241 1002 2635 1067 animadverto,
2664 1010 2717 1056 et
2742 999 2925 1072 gratiae
2959 1016 3061 1069 ope
3086 1015 3394 1072 concessam
3435 999 3566 1072 libe-

1995 1087 2173 1125 rorum
2224 1071 2599 1127 fecunditatem
2622 1111 2635 1131 .
2677 1069 2972 1124 ae'uaturae
3003 1071 3308 1123 inusitatum
3338 1069 3389 1122 in
3436 1070 3570 1122 tilio-

1993 1157 2108 1194 rum
2138 1142 2503 1209 procreatione
2546 1140 2854 1209 mysterium
2882 1157 2894 1191 :
2930 1140 3047 1193 talis
3094 1140 3234 1193 enim
3263 1148 3319 1193 et
3349 1141 3571 1206 promis-

1992 1211 2159 1266 sionis
2203 1210 2358 1277 hujus
2379 1218 2461 1265 est
2502 1210 2711 1263 modus.
2754 1209 3005 1277 Apparuit
3042 1219 3214 1278 autem
3246 1209 3328 1278 illi
3365 1209 3570 1278 angelus

1993 1281 2200 1335 Domini
2228 1276 2365 1335 stans
2408 1280 2648 1334 adextris
2685 1276 2864 1333 altaris
2915 1279 3121 1333 incensi.
3174 1277 3238 1330 Et
3285 1276 3564 1332 Zacharias

1994 1354 2220 1405 turbatus
2256 1360 2326 1403 cst
2352 1351 2522 1405 videns
2551 1365 2570 1403 :
2594 1361 2637 1401 ct
2669 1352 2817 1401 timor
2835 1350 2985 1401 irruit
3020 1364 3170 1418 super
3194 1364 3327 1400 eum.
3366 1347 3450 1399 Ait
3477 1366 3567 1400 au-

1993 1431 2090 1475 tem
2117 1423 2183 1474 ad
2217 1423 2360 1475 illum
2388 1420 2598 1489 angelus
2618 1460 2632 1483 ,
2676 1417 2758 1473 Ne
2790 1417 3295 1489 timeos,Zuclmria;
3334 1419 3577 1487 quoniam

1991 1493 2233 1546 exaudita
2260 1500 2331 1545 est
2357 1490 2643 1561 deprecatio
2673 1498 2779 1553 tua,
2810 1498 2854 1561 et
2894 1504 3021 1561 ungor
3054 1497 3141 1541 tua
3166 1488 3385 1561 Elisabrt
3411 1490 3571 1561 pariet

1993 1564 2079 1638 tibi
2102 1563 2295 1638 ﬁlium,
2308 1572 2353 1616 et
2375 1556 2571 1616 vocabis
2596 1575 2772 1638 nomen
2795 1560 2903 1638 eius
2928 1557 3181 1638 Joannem
3210 1556 3379 1638 (Ibid.
3401 1573 3446 1611 υ.
3481 1560 3575 1612 11-

1994 1629 2109 1701 15).
2136 1633 2390 1686 Praeclara
2434 1644 2564 1685 sane
2604 1629 2972 1701 promissionis
3003 1629 3268 1701 possessio
3319 1638 3414 1701 est
3453 1644 3568 1701 ma-

1991 1697 2154 1770 gnum
2182 1702 2404 1756 visionis
2448 1700 2680 1765 donum,
2724 1713 2849 1753 vere
2885 1698 3233 1770 Abrahamaza
3284 1697 3568 1770 gloriatio:

1992 1768 2053 1827 ut
2104 1773 2248 1827 enim
2278 1771 2354 1826 illi
2392 1771 2538 1826 Sara:
2581 1769 2892 1837 conceptio,
2937 1769 3015 1822 sic
3056 1777 3112 1823 et
3151 1769 3236 1823 isti
3288 1768 3571 1822 Elisabetae

1989 1842 2276 1912 graviditas
2320 1840 2669 1912 prmnuutiata
2699 1849 2800 1893 est.
2848 1837 3313 1912 Verutnmqualis
3353 1838 3569 1912 quidem

1990 1908 2194 1982 estipsa
2213 1908 2507 1982 praedictio,
2531 1919 2586 1966 at
2603 1925 2705 1982 non
2730 1912 2850 1963 item
2880 1908 3112 1982 conditio
3133 1923 3310 1982 rerum
3332 1908 3570 1982 aequalis.

1989 1978 2120 2051 Nam
2152 1978 2272 2038 eum
2303 1981 2611 2037 Abrahamo
2636 1981 2767 2034 nihil
2796 1996 2862 2034 ex
2891 1978 3292 2051 denuntiatione
3321 1978 3453 2051 mali
3466 1979 3567 2051 pob-

1990 2047 2230 2118 vcnerit,
2271 2052 2557 2108 Zacharias
2584 2060 2767 2106 contra
2810 2058 2988 2104 mutus
3014 2058 3133 2119 post
3182 2047 3392 2105 felicem
3425 2048 3571 2119 illum

1992 2125 2231 2178 nuntium
2261 2124 2546 2187 invenitur,
2572 2131 2755 2191 utpote
2774 2122 2861 2191 qui
2893 2120 2995 2174 iide
3016 2118 3178 2191 digno
3199 2119 3390 2191 angelo
3413 2118 3570 2172 ﬁdem

1994 2210 2096 2247 non
2133 2194 2394 2257 hahucrit,
2424 2202 2478 2246 et
2503 2189 2873 2247 taciturnitatis
2902 2190 3055 2246 fuerit
3082 2206 3234 2260 paena
3264 2189 3569 2260 iitulctalus,

1991 2263 2133 2317 Dixit
2162 2268 2301 2317 i-nim
2324 2305 2338 2327 ,
2363 2264 2563 2330 inquit,
2598 2261 2878 2316 Zacharias
2913 2261 2980 2313 ad
3005 2258 3270 2329 angelum,
3308 2258 3455 2314 Unde
3480 2260 3574 2311 lioc

1989 2334 2180 2388 scium?
2203 2350 2293 2403 ego
2318 2334 2450 2403 enim
2483 2349 2593 2387 sunt
2620 2348 2771 2386 senex
2789 2373 2802 2395 ,
2833 2340 2905 2403 et
2929 2347 3056 2384 uxor
3086 2347 3197 2384 mea
3238 2330 3499 2403 processit_
3519 2330 3571 2383 in

1993 2405 2167 2475 diebus
2189 2399 2292 2475 suis
2317 2402 2475 2475 (Ibid.
2513 2418 2558 2456 υ.
2591 2403 2713 2475 18)ἒ
2729 2400 2995 2475 Quiduboc
3017 2441 3031 2467 ,
3060 2415 3241 2475 qumso
3259 2440 3276 2465 ,
3304 2409 3431 2475 est,
3474 2399 3575 2453 Do-

1995 2474 2171 2528 mine?
2199 2471 2454 2543 dumch
2483 2471 2669 2541 preces
2690 2473 2799 2527 Deo
2816 2471 3017 2543 offero,
3046 2471 3172 2526 dum
3198 2471 3403 2543 veniam
3429 2479 3571 2543 pcto,

1993 2558 2047 2599 ut
2071 2546 2162 2598 t0ti
2186 2540 2478 2613 populo'sit
2508 2546 2694 2597 volens
2719 2557 2782 2597 ac
2812 2542 3103 2612 propitius,
3152 2540 3388 2613 tquihi
3455 2541 3574 2595 feli-

1991 2632 2105 2671 cem
2150 2611 2291 2670 hunc
2317 2616 2556 2669 nuntium
2583 2613 2770 2678 aﬂers,
2804 2611 2916 2666 fore
2950 2622 3004 2665 ut
3033 2612 3163 2665 mihi
3197 2611 3334 2665 [ilius
3381 2626 3571 2665 nasca-

1994 2686 2112 2740 tur't
2142 2686 2304 2753 Atqui
2335 2686 2436 2738 hoc
2464 2685 2573 2738 lieri
2605 2683 2751 2737 nullo
2783 2681 2957 2753 modo
2986 2690 3178 2753 potest.
3211 2681 3341 2735 Nam
3370 2691 3426 2736 et
3456 2696 3577 2735 mea

1991 2755 2106 2811 haec
2133 2751 2380 2810 senectus
2415 2754 2619 2808 inﬁrma
2645 2762 2760 2820 est,
2790 2761 2843 2807 et
2872 2751 3150 2806 imbecillis
3189 2761 3374 2805 natura
3399 2767 3415 2815 ;
3447 2767 3572 2806 con-

1986 2827 2079 2895 jux
2108 2836 2282 2880 autem
2315 2841 2431 2881 mea
2462 2824 2737 2879 infecunda
2760 2822 3120 2895 (ιιιειιιιμηιῄρξᾳ
3146 2835 3372 2877 cautes:
3407 2838 3572 2895 ccqua

1993 2892 2202 2951 tandem
2272 2898 2475 2951 ratione
2530 2896 2579 2948 id
2653 2892 3026 2963 lieri'queat?
3078 2892 3452 2947 Verinntamen
3490 2893 3567 2943 si-

1992 2968 2237 3036 quidem,
2272 2976 2329 3020 ut
2352 2967 2516 3028 dicis,
2547 2965 2685 3019 illius
2726 2964 2859 3036 inihi
2905 2971 3170 3036 nascetur,
3204 2980 3336 3036 κυρίη
3364 2963 3573 3016 tandrm

1991 3033 2055 3092 ex
2088 3039 2183 3099 illo,
2206 3033 2557 3092 Commoditas
2583 3034 2776 3105 populo
2813 3034 3219 3104 importabitirr?
3246 3033 3379 3087 Tum
3407 3049 3573 3099 auge-

1993 3109 2104 3165 lus:
2146 3109 2382 3176 Magnam
2427 3122 2554 3162 vero
2601 3107 2692 3160 ille
2734 3106 2935 3176 popqu
2973 3105 3283 3173 cunctisque
3329 3105 3575 3174 gentibus

1992 3180 2212 3243 salutent
2242 3178 2427 3241 all'erct
2459 3196 2472 3231 :
2517 3191 2705 3231 omnes
2727 3183 2867 3242 enim
2894 3175 2961 3229 ab
2988 3191 3170 3228 errore
3202 3176 3313 3243 ipse
3353 3189 3573 3229 revoca—

1992 3246 2101 3309 bit,
2130 3250 2420 3317 salutisque
2444 3252 2581 3300 viam
2626 3245 2975 3317 monstrabit,
3001 3254 3160 3317 atque
3189 3246 3448 3317 mediator
3483 3246 3571 3297 ltei

1994 3331 2047 3372 et
2073 3316 2349 3373 hominum
2378 3318 2500 3381 lict;
2529 3318 2727 3373 etenim
2750 3316 3009 3370 Prwcedi-t
3036 3316 3086 3368 in
3112 3316 3293 3385 spiritu
3314 3331 3375 3368 ac
3397 3316 3576 3368 rirtute

1994 3384 2159 3443 Helia:
2178 3429 2192 3454 ,
2219 3399 2267 3443 et
2302 3389 2549 3458 propheta
2576 3384 3147 3458 Altissimipocabitur
3184 3384 3344 3458 (Ibid.
3369 3402 3440 3458 hu.
3486 3385 3579 3439 Π.

1991 3471 2035 3528 et
2064 3462 2173 3528 76).
2228 3455 2330 3513 Iste
2382 3455 2645 3526 princedet
2674 3466 2797 3512 ante
2844 3456 3033 3512 facient
3085 3455 3314 3528 Domini,
3349 3455 3585 3528 dicens,

1992 3524 2310 3597 Ecccugnus
2334 3524 2461 3592 Dei,
2487 3529 2572 3596 qui
2604 3528 2734 3582 tollit
2757 3537 2963 3597 peccata
2994 3526 3169 3597 mundi
3189 3525 3364 3597 (Joan.
3394 3524 3572 3595 L29).

2060 3598 2115 3652 9..
2149 3596 2432 3653 Zacharias
2453 3608 2631 3653 autem
2660 3596 2843 3653 contra
2870 3596 3201 3665 reSpondens
3225 3596 3291 3649 ad
3321 3596 3589 3666 angelum.

1991 3669 2123 3723 dixit
2157 3688 2170 3723 :
2206 3668 2250 3724 U
2255 3669 2354 3723 nde
2378 3668 2471 3721 Itoc
2494 3667 2695 3722 sciam?
2719 3667 2851 3722 Tum
2878 3680 3002 3721 vero
3027 3665 3246 3735 angelus
3273 3682 3291 3720 ξ
3324 3665 3589 3735 Quando-—

1990 3739 2207 3808 quidem
2260 3750 2440 3807 partus
2482 3739 2690 3809 signum
2741 3747 2796 3793 et
2833 3736 3344 3809 iudiciutnqumris,
3401 3752 3576 3805 neque

1993 3807 2124 3864 meis
2148 3810 2324 3865 verbis
2348 3809 2506 3864 tidem
2536 3807 2790 3874 adhibes,
2819 3809 3000 3876 accipe
3047 3807 3235 3876 pignus
3278 3823 3525 3862 securum
3556 3824 3570 3861 :

1995 3878 2104 3950 Ego
2133 3897 2243 3950 sum
2272 3878 2475 3950 Gabriel
2495 3919 2510 3943 ,
2537 3879 2622 3950 qui
2642 3876 2789 3950 adsto
2818 3888 2934 3950 ante
2958 3876 3159 3950 Deum,
3179 3886 3222 3930 et
3251 3878 3431 3950 missus
3455 3894 3571 3933 sum

1991 3947 2128 4020 (oliui
2155 3949 2223 4015 ad
2264 3960 2313 4005 te
2335 3992 2349 4016 ,
2375 3948 2422 4020 et
2461 3947 2568 4004 han:
2597 3948 2683 4002 tibi
2710 3948 3071 4020 euangelizare.
3102 3947 3232 4020 Ecce
3250 3948 3349 4002 eris
3377 3959 3570 4011 tacens,

1992 4032 2038 4075 et
2054 4018 2170 4089 non
2194 4021 2378 4091 poteris
2397 4019 2533 4089 loqui
2556 4019 2787 4091 usquein
2816 4018 2946 4071 diem
2967 4034 3067 4090 quo
3088 4018 3193 4091 [nec
3213 4020 3340 4091 fiant
3363 4034 3382 4072 :
3402 4035 3495 4088 pro
3514 4035 3573 4091 eo

1989 4093 2123 4160 quod
2162 4089 2263 4145 non
2300 4090 2555 4144 credidisti
2594 4089 2767 4160 verbis
2793 4094 2948 4160 meis,
2978 4089 3091 4159 qua:
3133 4089 3469 4160 implebantur
3517 4090 3573 4142 in

1990 4158 2213 4233 tempore
2232 4177 2327 4233 suo
2358 4160 2509 4233 (Luc.
2540 4162 2594 4233 1.
2630 4159 2716 4215 19.
2744 4158 3354 4233 20)._Siue_remissiune
3398 4167 3454 4213 et
3488 4161 3575 4233 ri—

1989 4229 2107 4300 gida
2136 4241 2217 4287 est
2244 4232 2325 4295 ei,
2366 4229 2453 4302 qui
2483 4231 2808 4300 deliquerat,
2840 4230 2984 4302 illata
3018 4229 3144 4302 haec
3178 4230 3374 4302 inuicta
3418 4268 3435 4295 ,
3457 4229 3576 4302 sine

1990 4299 2244 4357 dilatione
2286 4299 2546 4356 acerbitas
2574 4299 2672 4354 ista
2711 4300 2972 4369 supplicii.
3017 4299 3134 4354 Non
3178 4300 3321 4354 enim
3351 4300 3571 4358 omnino

1991 4374 2273 4440 oportebat
2294 4372 2484 4441 angelo
2528 4371 2683 4425 [idem
2711 4386 2815 4425 non
2844 4370 3062 4437 haberi,
3087 4385 3192 4425 non
3236 4370 3405 4424 altare
3431 4384 3572 4441 con-

1994 4439 2281 4513 temptibile
2323 4439 2441 4500 duci
2468 4484 2483 4507 ,
2510 4456 2610 4497 nec
2654 4452 2861 4510 tempus
2909 4441 3109 4513 incensi
3149 4449 3357 4513 tempus
3394 4439 3573 4513 (dece-

1991 4511 2186 4583 ptionis
2214 4514 2460 4567 arbitrari
2492 4529 2505 4564 :
2542 4527 2662 4566 nam
2695 4513 2965 4566 incensum
2995 4511 3228 4565 adolenti
3252 4511 3474 4581 angelus
3497 4512 3573 4565 illi

1991 4585 2253 4653 apparuit.
2296 4584 2411 4638 Non
2433 4583 2742 4639 recordatus
2766 4592 2848 4636 est
2878 4583 3112 4637 historia:
3145 4583 3369 4637 Abrahae
3398 4598 3413 4635 :
3448 4598 3570 4653 nam

1992 4652 2102 4707 tum
2132 4669 2342 4725 quoque
2386 4653 2583 4725 sterilis
2608 4662 2665 4708 et
2700 4661 2948 4725 senectus
2994 4653 3191 4708 liberos
3235 4652 3569 4725 procreavit;

1991 4722 2335 4794 omnique—ex
2357 4733 2506 4795 parte
2534 4724 2617 4778 his
2636 4739 2754 4793 qua:
2777 4722 2914 4795 dicta
2928 4734 3122 4795 erant,
3146 4724 3431 4795 conciliata
3451 4732 3571 4777 erat

1993 4796 2157 4859 tides,
2188 4810 2308 4851 cum
2337 4794 2456 4850 talis
2497 4795 2771 4864 cujusdam
2805 4794 2968 4863 prolis
3011 4794 3370 4863 generationis
3402 4795 3571 4847 mira-

1989 4867 2165 4937 culum
2195 4866 2573 4937 praecemisset.
2602 4865 2956 4937 Quamobrem
2991 4865 3221 4937 angelus
3264 4864 3331 4919 ad
3363 4864 3530 4937 illum
3553 4907 3567 4928 ,

1992 4934 2129 5000 Eris,
2157 4934 2348 5006 inquit,
2373 4946 2561 5001 tacens,
2590 4948 2750 4989 etnon
2770 4935 2954 5003 poteris
2981 4934 3143 5006 loqui,
3171 4951 3331 5005 usque
3354 4935 3406 4988 in
3437 4936 3570 4989 diem

1989 5023 2087 5093 quo
2127 5002 2244 5093 Ιιαξιξ
2261 5008 2387 5089 [iant
2411 5022 2431 5093 ς
2456 5024 2547 5089 pro
2574 5023 2632 5060 eo
2661 5002 2793 5076 quod
2819 5021 2919 5093 non
2951 5002 3209 5088 credidisti
3239 5002 3397 5061 uerbis
3424 5008 3564 5086 meis.
3587 5030 3595 5093 ί

1990 5074 2374 5145 Osnppliciuin
2421 5074 2736 5146 benignum,
2780 5074 2921 5146 quod
2960 5076 3349 5131 correCtiouem
3397 5079 3571 5145 potius

1989 5149 2276 5225 operatur!
2306 5149 2493 5225 ipsam
2506 5149 2648 5203 enim
2667 5162 2864 5225 _\_oeem_
2885 5187 2899 5210 ,
2931 5163 3050 5216 quae
3087 5147 3415 5225 deliquerat,
3449 5160 3566 5199 IlIO-

1988 5215 2308 5273 deratiorem
2331 5215 2562 5289 “angelus
2589 5217 2782 5272 reddit.
2818 5215 3064 5287 Egressus
3093 5219 3235 5289 enim
3287 5232 3385 5281 non
3425 5226 3568 5289 pote-

1986 5299 2069 5343 rat
2089 5289 2229 5361 loqui
2264 5291 2332 5361 ad
2359 5286 2507 5355 illos,
2533 5298 2580 5344 et
2607 5297 2941 5361 cognouerunt
2966 5288 3109 5361 quod
3129 5287 3363 5340 visionem
3408 5286 3567 5361 vidis_~

1987 5370 2058 5414 set
2087 5356 2390 5431 in'lemplo:
2418 5370 2465 5414 ct
2490 5362 2598 5431 ipse
2636 5356 2742 5413 erat
2779 5356 2994 5431 itniuens
3034 5358 3163 5418 illis,
3212 5365 3256 5409 et
3287 5356 3565 5431 permansit

1987 5442 2152 5487 matus
2197 5425 2298 5499 (Ib.
2328 5447 2376 5486 υ.
2419 5425 2533 5502 θυι
2580 5430 2741 5484 Recte
2789 5427 3070 5502 siquidem
3103 5435 3156 5480 et
3188 5425 3564 5502 permansisse

1985 5496 2211 5572 scripsit
2229 5496 2581 5572 evangelista;
2621 5497 2947 5572 egispectavit
2987 5496 3130 5572 enim
3157 5498 3423 5552 silentium
3463 5511 3561 5548 vos

1984 5564 2282 5644 cem-parun
2325 5564 2618 5644 edendam,
2650 5564 2943 5644 Zacharias
2986 5564 3287 5644 Joannem,
3339 5581 3565 5634 puerum

1987 5636 2175 5701 δευρὶ.
2202 5644 2246 5700 0
2274 5659 2384 5699 rem
2413 5638 2807 5698 admirandam!
2836 5636 3057 5696 verbum
3087 5640 3365 5701 adventat,
3389 5645 3438 5689 ct
3466 5651 3571 5691 vox
