4092 6194
321 229 423 284 733

318 359 622 398 sermonem
663 346 888 400 contulit
922 361 1164 414 serpens.
1200 346 1264 400 In
1295 363 1493 410 mense,
1524 348 1731 413 inquit,
1763 357 1902 403 sexto

320 414 502 486 missus
527 425 602 486 est
624 416 832 486 angelus
859 406 1116 470 Gabriefa
1139 415 1244 470 Deo
1269 417 1338 469 ad
1361 406 1903 486 virgiiieiit'dcsponsa—

319 496 421 537 tam
444 485 548 537 viro
583 483 750 554 (Luc.
779 489 825 540 l.
852 487 924 540 26
946 486 984 554 ).
1017 486 1209 541 Missus
1240 495 1324 540 est
1364 483 1613 552 Gabriel,
1655 483 1724 540 ut'
1747 489 1906 542 totius

318 555 503 609 tnundi
549 555 772 610 salutem
815 557 1102 620 iudicaret;
1148 558 1342 612 missus
1399 567 1482 611 cst
1529 556 1764 622 Gabriel,
1813 559 1904 622 qui

318 625 532 696 Adamn
555 626 1002 696 subscriptionem
1037 628 1394 681 revocatiouis
1426 625 1665 692 ferebat;
1712 627 1906 682 missus

317 707 391 746 est
423 695 637 751 Gabriel
668 695 733 750 ad
759 695 1050 766 Virginem,
1079 709 1134 751 ut
1160 697 1436 766 muliebris
1455 713 1614 751 sexus
1636 696 1902 752 infamiam

319 768 368 819 in
389 769 644 820 honorem
667 763 1065 831 transniutarct;
1083 769 1276 821 missus
1290 777 1369 822 est
1386 763 1619 832 Gabriel,
1637 777 1692 820 ut
1707 782 1904 836 sponso

319 852 453 956 puro
480 837 699 904 dignum
729 837 1016 892 thalamum
1060 845 1414 906 praepararet,
1445 839 1639 892 missus
1684 848 1766 892 est
1801 838 1903 893 Gav

339 907 473 956 irit-l-
488 917 545 956 ιιι
560 908 797 956 Creatori
812 919 1106 956 creaturam
1119 907 1485 956 desnousaret:
1503 909 1695 956 missus
1711 917 1790 956 est
1803 909 1903 956 Ga-

339 907 474 968 irii-l,
488 917 545 959 ut
560 908 797 961 Creatori
812 919 1106 962 creaturam
1119 907 1485 976 deSponsaret;
1503 909 1695 960 missus
1711 917 1790 962 est
1803 909 1909 962 Ga-

321 975 537 1047 hrielad
567 977 857 1030 animatum
889 979 1030 1047 regis
1058 975 1367 1047 angelOrum
1395 979 1675 1046 palatium;
1712 979 1906 1034 missus

319 1044 633 1118 estGabrjel
664 1047 730 1102 ad
752 1044 1039 1118 Virginem,
1060 1044 1434 1116 desponsatam
1458 1047 1901 1118 quidemJoscph,

321 1116 417 1188 sed
433 1117 524 1171 Dei
542 1117 677 1171 Filio
693 1116 1037 1183 reservatam;
1059 1119 1249 1172 missus
1265 1129 1344 1170 est
1363 1120 1705 1188 incorporeus
1721 1116 1905 1172 servus

322 1186 388 1240 ad
435 1188 804 1242 intemeratum
847 1189 1152 1258 Virginem;
1204 1189 1397 1242 missus
1451 1186 1533 1242 est
1583 1191 1836 1244 immunis
1875 1206 1906 1244 a

325 1267 543 1326 peccato
570 1258 636 1312 ad
663 1275 780 1313 eam
810 1275 928 1328 qua:
955 1260 1311 1327 corruptionis
1337 1261 1511 1312 omnis
1540 1275 1730 1326 expers
1751 1271 1862 1312 erat
1887 1277 1902 1324 ;

325 1327 486 1383 missa
532 1340 614 1383 est
661 1327 876 1383 lucerna
927 1338 984 1383 ut
1043 1331 1206 1383 solem
1258 1329 1478 1398 justitite
1533 1329 1905 1393 denuntiaret;

327 1399 485 1453 missa
512 1409 594 1453 est
631 1415 820 1452 aurora
871 1411 1141 1469 tamquam
1175 1415 1473 1468 prwcursor
1512 1399 1643 1453 lucis
1669 1400 1902 1464 diurnae;

329 1469 522 1523 missus
559 1480 639 1523 est
685 1469 902 1524 Gabriel
931 1472 1021 1538 qui
1062 1471 1548 1538 signiticareteum,
1592 1471 1677 1538 qui
1722 1482 1804 1524 est
1853 1473 1903 1524 itt

327 1540 445 1610 sinu
471 1541 660 1601 Patris,
687 1542 821 1592 ulnis
851 1557 1060 1610 quoque
1092 1541 1345 1593 maternis
1362 1541 1590 1608 gestari;
1613 1541 1805 1594 missus
1826 1552 1908 1594 est

326 1609 540 1664 Gabriel
570 1612 656 1678 qui
689 1609 1112 1675 indicaret,eum
1139 1610 1228 1678 qui
1248 1610 1298 1662 itt
1325 1611 1516 1664 throno
1538 1611 1706 1674 sedet,
1742 1612 1905 1664 etiaut

329 1681 378 1732 in
407 1681 656 1748 spelunca
701 1681 910 1748 jacere;
943 1682 1134 1734 missus
1163 1693 1244 1735 est
1279 1681 1463 1744 miles,
1510 1681 1596 1747 qui
1642 1691 1906 1735 secretum

328 1754 471 1818 regis
499 1753 832 1819 propalaret;
863 1761 1127 1806 secretum
1162 1751 1302 1820 quod
1347 1751 1450 1805 lide
1493 1751 1721 1804 innotuit
1745 1792 1760 1817 ,
1802 1769 1905 1806 nott

330 1822 640 1874 cttriositate
672 1822 1082 1890 pervestigatum
1107 1833 1222 1885 est;
1252 1832 1516 1876 secretum
1544 1821 1902 1886 adorandum,

331 1907 436 1943 non
461 1902 658 1944 statera
678 1892 1014 1960 pendendum
1039 1910 1051 1954 ;
1075 1902 1340 1945 secretum
1370 1892 1509 1960 quod
1536 1892 1797 1960 theologia
1827 1909 1911 1945 rc-

329 1961 554 2024 vclatur,
579 1977 683 2015 non
712 1963 1088 2031 inrestigatur:
1112 1973 1374 2015 secretum
1395 1963 1533 2031 quod
1562 1965 1904 2025 coutitemur,

332 2047 436 2084 non
470 2033 740 2085 metimur.
792 2032 853 2085 In
884 2049 1049 2085 mense
1075 2044 1213 2086 sexto
1259 2034 1441 2085 missus
1480 2043 1552 2086 est
1594 2032 1796 2085 Gabriel
1842 2035 1909 2086 ad

331 2104 588 2172 virginem.
636 2103 806 2169 Quem
850 2104 1062 2156 tandem
1099 2111 1305 2156 sextum
1353 2118 1590 2157 mensem
1639 2103 1910 2156 dicit?Ex

329 2190 436 2241 quo
458 2175 660 2227 scilicet
687 2173 897 2228 felicem
941 2173 1086 2226 illum
1134 2174 1376 2227 nuntium
1419 2175 1654 2228 lilisabet
1682 2175 1906 2241 accepit,

331 2259 394 2313 es
427 2259 534 2312 quo
586 2243 845 2299 Joannem
883 2244 1144 2312 concepit.
1196 2243 1344 2298 Unde
1382 2244 1430 2298 id
1476 2260 1637 2313 porro
1667 2248 1910 2298 constat?

335 2312 712 2382 luterpretetur
734 2314 1226 2382 ipsearchangelus,
1241 2313 1328 2383 qui
1353 2315 1433 2367 ltis
1450 2312 1622 2368 verbis
1645 2315 1908 2383 Virginem

331 2385 691 2452 compellavit.
716 2384 864 2448 Ecce,
891 2384 1079 2453 inquit,
1112 2383 1333 2438 Elisabet
1359 2395 1570 2454 cognata
1600 2395 1705 2447 tua,
1738 2396 1782 2436 et
1801 2386 1912 2452 ipsa

330 2455 554 2522 concepit
571 2456 760 2525 ﬁlium,
789 2466 835 2508 et
851 2455 941 2525 γΙιὶσ
957 2457 1148 2525 mensis
1168 2463 1333 2507 sextus
1359 2466 1428 2508 est
1457 2456 1553 2517 illi,
1578 2471 1688 2525 qua:
1707 2466 1913 2508 vocatur

333 2526 513 2578 sterilis
534 2523 694 2592 (Ibid.
722 2543 768 2578 υ.
799 2524 911 2594 56).
943 2524 1117 2577 Mense
1145 2533 1302 2577 sexto.
1354 2525 1546 2579 Sextus
1589 2523 1790 2578 mensis
1829 2537 1912 2579 est

334 2597 700 2665 conceptiouis
743 2595 1003 2649 Joannis:
1035 2595 1268 2662 oportuit
1308 2595 1446 2649 enim
1493 2606 1548 2648 ιιι
1589 2595 1914 2664 βακκάρι-«ιι

334 2667 510 2733 miles,
540 2668 774 2732 oportuit
803 2676 861 2720 ut
898 2674 1256 2719 anteverteret
1303 2667 1538 2731 satelles,
1583 2668 1814 2734 oportuit
1858 2679 1912 2718 tit

335 2738 470 2789 viam
528 2735 858 2805 prtepararet
913 2735 1173 2790 Dominici
1234 2735 1494 2790 adventus
1549 2737 1907 2790 denuntiatur.

337 2805 512 2860 Mense
543 2817 682 2860 sexto
721 2809 900 2860 missus
939 2816 1013 2860 est
1063 2807 1270 2874 angelus
1305 2805 1522 2876 Gabriel
1567 2807 1632 2858 ad
1673 2808 1734 2858 vi:
1749 2809 1911 2876 ginem

334 2879 687 2949 desponsatam
714 2880 821 2931 viro
851 2878 1010 2949 (Ibid.
1039 2894 1085 2931 υ.
1109 2878 1199 2949 26.
1230 2875 1321 2948 27)
1345 2894 1358 2940 ;
1391 2875 1785 2944 deSpousatam,
1809 2893 1911 2931 non

333 2947 630 3012 copulatam
651 2966 664 3010 ;
694 2947 1066 3017 desponsatam
1079 2947 1312 3017 quidem,
1328 2962 1506 3002 vermu
1525 2963 1735 3001 conseri
1749 2959 1909 3002 atam.

334 3021 440 3070 (Zur
455 3034 582 3073 vero
607 3016 1025 3087 desponsatam?
1047 3017 1122 3072 Ne
1150 3016 1286 3071 forte
1315 3018 1470 3071 citius
1505 3018 1737 3072 disceret
1777 3020 1913 3071 latro

336 3090 666 3158 mysterium.
716 3089 948 3143 Noverat
985 3088 1180 3157 quippe
1209 3088 1379 3142 malus
1411 3090 1497 3142 ille
1528 3104 1620 3157 per
1657 3089 1910 3157 virginem

338 3168 612 3212 venturum
644 3174 820 3228 regem
854 3181 866 3215 :
897 3176 1018 3213 nam
1045 3169 1098 3212 et
1138 3160 1252 3228 ipse
1282 3159 1428 3212 Isaiae
1455 3175 1611 3212 voces
1633 3161 1871 3213 audierat
1898 3177 1909 3212 :

339 3228 467 3281 lc'cce
488 3231 623 3299 virgo
643 3231 908 3300 concipiet,
938 3240 985 3283 et
1012 3230 1171 3300 pariet
1201 3229 1362 3297 ﬁlium
1397 3229 1413 3298 (
1441 3229 1567 3282 Isai.
1598 3231 1650 3281 7.
1685 3231 1748 3283 14
1776 3234 1826 3296 );
1859 3241 1914 3284 et

335 3301 538 3368 singula
572 3301 796 3355 fortasse
822 3300 1161 3364 observabat,
1185 3316 1302 3369 qure
1329 3300 1395 3355 de
1425 3302 1627 3368 virgine
1664 3301 1912 3367 pratdicta

335 3373 511 3435 erant,
537 3380 592 3424 ut
620 3385 741 3425 cum
765 3373 1042 3440 adimpleri
1071 3371 1382 3440 mysterium
1429 3370 1798 3435 intellexisset,
1830 3371 1913 3423 in-

337 3450 567 3494 strueret
614 3443 1026 3495 accusationem.
1091 3440 1375 3509 Propterea
1421 3441 1672 3503 Dominus
1695 3456 1789 3508 per
1817 3440 1912 3495 de-

337 3520 643 3580 sponSatam
676 3514 817 3565 venit
843 3527 856 3566 :
889 3527 1006 3581 qua:
1027 3511 1168 3566 enim
1199 3511 1310 3578 dest
1332 3520 1640 3575 onsatalest,
1664 3511 1914 3581 deinceps

337 3583 680 3651 oppignurata
702 3593 804 3637 est.
832 3580 1004 3634 Mense
1027 3592 1166 3635 sexto
1189 3582 1366 3633 missus
1391 3592 1460 3633 est
1488 3581 1694 3650 angelus
1717 3580 1918 3634 Gabriel

341 3653 406 3702 ad
434 3654 673 3721 virginem
697 3655 1049 3717 desponsatam
1073 3654 1200 3716 viro,
1227 3652 1522 3722 cuinomen
1544 3652 1733 3722 Joscp/t
1761 3651 1910 3722 (Luc.

343 3725 391 3775 1.
423 3720 516 3774 9.6.
543 3723 657 3793 27).
691 3724 827 3777 Attdi
857 3723 1008 3793 quid
1055 3723 1134 3793 de
1174 3723 1288 3775 viro
1317 3720 1439 3787 hoc,
1493 3720 1674 3790 deque
1715 3720 1918 3790 virgine

340 3793 596 3862 propheta
622 3789 769 3862 dicat
801 3814 814 3848 :
845 3789 1058 3845 Dabitur
1103 3789 1226 3845 liber
1261 3793 1549 3861 obsignatas
1585 3789 1693 3844 uiro
1743 3789 1919 3847 scienti

339 3861 509 3914 literas
535 3867 550 3931 (
582 3861 711 3916 Isai.
741 3863 831 3917 29.
858 3864 916 3916 ll
951 3864 993 3932 ).
1025 3863 1156 3930 Quis
1182 3865 1280 3916 iste
1307 3863 1440 3915 liber
1477 3863 1786 3930 obsignatas
1818 3863 1916 3917 nisi

337 3933 559 3985 omnino
588 3935 924 3987 innuaculata
963 3935 1144 4003 virgo?
1181 3950 1210 3987 a
1251 3933 1444 4003 quibus
1479 3932 1731 4003 dabitur?
1756 3933 1800 3986 A
1827 3948 1912 3986 sa-

339 4003 645 4056 cerdolibus
676 4005 895 4059 scilicet.
923 4002 1142 4057 Guiuam
1178 4005 1346 4058 vero?
1385 4002 1584 4071 Joscph
1626 4002 1794 4057 fabro.
1821 4003 1918 4059 llic

337 4082 420 4125 est
449 4072 537 4126 ille
565 4073 784 4142 Joseph,
819 4076 904 4143 qui
944 4073 1179 4129 honestis
1220 4083 1344 4127 ante
1372 4075 1566 4141 nuptiis
1604 4074 1918 4141 conjuncttts

337 4143 531 4206 fuerat,
559 4144 858 4213 libero~que
908 4155 1238 4212 Susceperat,
1286 4159 1506 4198 uxorem
1554 4145 1834 4209 amiserat,
1865 4154 1918 4199 et

341 4229 407 4265 ex
436 4213 526 4266 illo
556 4224 793 4282 tempore
823 4231 941 4269 cum
974 4230 1162 4283 magna
1194 4216 1456 4270 castitatis
1506 4216 1659 4268 laude
1691 4218 1914 4280 vixerat,

341 4283 392 4336 itt
420 4283 701 4353 disciplina
733 4294 787 4338 et
814 4285 1152 4355 correptione
1202 4286 1408 4339 Domini
1453 4285 1649 4338 liberos
1687 4286 1918 4339 cdttCans

338 4355 703 4427 etinstituens
736 4355 829 4425 (α).
860 4355 1085 4424 Ideoque
1141 4372 1365 4427 pergens
1413 4357 1685 4427 apostolus
1729 4355 1918 4427 Paulus

339 4423 760 4495 utEvangeliunt
779 4423 1105 4492 praedicaret,
1135 4423 1326 4481 etcum
1362 4423 1520 4479 unum
1543 4442 1604 4479 ex
1636 4426 1716 4478 his
1740 4425 1919 4478 liberis

338 4495 670 4562 offendisset,
699 4497 911 4565 scripsit
956 4499 1140 4553 dicens
1169 4512 1182 4546 :
1213 4497 1383 4551 Alium
1425 4514 1539 4550 vero
1577 4500 1920 4563 apostolorum

341 4567 442 4638 uidi
467 4567 736 4629 neminem,
769 4569 863 4619 nisi
905 4567 1152 4638 Jacobnm
1197 4573 1402 4638 fratrem
1447 4567 1652 4638 Domini
1681 4577 1695 4631 t
1720 4565 1835 4621 Gul.
1865 4568 1914 4619 1.

341 4634 454 4702 19),
489 4653 593 4708 non
622 4647 676 4691 ut
705 4653 768 4690 ex
798 4637 1000 4708 virgine
1027 4634 1210 4704 Maria,
1241 4639 1332 4693 sed
1357 4655 1422 4693 ex
1443 4637 1638 4706 Joseph
1661 4640 1918 4706 genitum.

339 4709 474 4758 tlunt
508 4707 664 4778 igitur
706 4707 1012 4763 sacerdotes
1039 4723 1158 4762 cum
1206 4708 1440 4778 JOSCpho
1462 4750 1476 4772 ,
1524 4719 1580 4760 ut
1618 4722 1738 4778 cum
1772 4718 1921 4760 easto

340 4778 477 4840 viro,
510 4777 725 4830 Mariam
750 4779 1173 4846 conjunxissent,
1198 4795 1313 4832 eam
1339 4777 1416 4832 illi
1444 4777 1917 4839 commendarunt,

340 4856 717 4914 exspectantes
746 4865 1025 4918 quousque
1055 4853 1356 4918 nuptiarum
1383 4860 1586 4916 tempus
1607 4848 1881 4902 adveniret
1905 4865 1919 4913 ;

341 4921 508 4985 ipsam
541 4929 716 4972 autem
751 4919 835 4990 ille
861 4920 1124 4990 accipiens
1152 4921 1399 4975 intactam
1429 4919 1920 4990 virgineum-cnser-

341 5000 559 5059 vaturus
587 4997 718 5042 erat.
751 4987 804 5042 Id
836 4987 986 5058 quod
1007 4989 1171 5043 multo
1200 5000 1323 5044 ante
1354 4987 1606 5059 propheta
1641 4989 1919 5057 praedixit:

341 5055 558 5135 [inbitur
590 5060 714 5135 liber
741 5055 1030 5135 obsignatas
1055 5061 1158 5112 tiro
1187 5055 1568 5135 scientiliteras,
1599 5055 1696 5112 hoc
1712 5069 1811 5135 est.
1836 5059 1924 5127 qui

336 5131 447 5194 ⁸ῇτιιιι
475 5131 673 5197 nuptiis
688 5132 964 5198 capulatus
989 5132 1076 5196 sit,
1109 5131 1335 5193 ctdicet,
1355 5131 1468 5188 Non
1496 5144 1708 5199 possom
1729 5131 1922 5198 lugere.

342 5205 519 5261 Quare
542 5215 668 5254 vero
698 5217 801 5254 non
835 5211 1007 5268 potes,
1035 5201 1275 5269 Joseph?
1305 5201 1414 5254 Non
1451 5217 1664 5267 possunt
1686 5241 1700 5263 ,
1733 5200 1922 5268 ittquit,

345 5269 523 5337 legere
553 5287 567 5322 :
599 5271 905 5340 obsignatas
949 5275 1088 5327 enim
1135 5281 1214 5326 est
1253 5272 1404 5326 liber.
1439 5271 1532 5326 Cui
1581 5270 1928 5325 reservatur?

346 5340 590 5395 thuuium
630 5358 810 5396 rerum
847 5343 1022 5412 cpitiei
1059 5342 1411 5398 habitaculum
1451 5352 1774 5412 reservatur.
1824 5341 1927 5394 Sed

346 5412 410 5462 ad
445 5426 556 5484 rem
579 5411 1065 5484 redeamus.’Sezto
1100 5431 1272 5484 mense,
1303 5415 1480 5468 missus
1519 5420 1590 5467 est
1620 5411 1824 5484 Gabriel
1863 5411 1930 5463 ad

349 5482 589 5555 virginem
613 5500 632 5537 :
657 5483 797 5538 haud
845 5485 1062 5541 dubium
1091 5482 1217 5555 quin
1265 5483 1344 5541 his
1375 5485 1606 5554 acceptis
1644 5483 1925 5555 mandatis.

348 5554 571 5620 Adesto,
619 5559 810 5627 inquit,
859 5573 891 5611 o
937 5553 1161 5627 angele,
1215 5553 1564 5610 formidabilis
1619 5553 1932 5608 administer

401 5646 484 5712 .(a)
517 5655 668 5706 Putat,
689 5657 741 5700 ut
765 5650 918 5708 vides,
938 5651 1016 5702 hic
1034 5651 1339 5702 concionator
1374 5647 1636 5711 Josepltum
1658 5645 1840 5699 liberos
1865 5659 1930 5696 ex

349 5708 442 5765 alia,
455 5713 724 5774 suscepisse
751 5726 922 5764 uxore.

1424 231 1486 287 IN
1525 233 2128 292 ANNUNTIATlONEM
2168 235 2226 288 Β.
2275 233 2588 291 VlliGlNlS.

3481 240 3631 319 79i_

2015 357 2132 403 esto
2155 349 2423 418 mysterii;
2451 357 2660 404 secreto
2680 347 2938 406 miraculo
2963 346 3222 404 famulare
3240 392 3256 413 ,
3284 356 3341 406 ut
3365 349 3434 407 ad
3472 365 3588 418 per-

2015 419 2417 487 vcstigatiouem
2463 420 2674 484 Adami,
2711 420 2800 489 qui
2851 420 3138 486 aberravit,
3185 422 3527 487 descendant,
3557 440 3587 479 δ

2013 491 2148 561 meis
2172 490 2462 561 qotnpcllor
2486 490 2932 561 miserationibus.
2962 491 3240 550 Peccatum
3270 493 3414 548 enim
3442 509 3586 561 eunt,

2012 558 2099 621 qui
2147 559 2209 611 ad
2252 558 2533 627 imaginem
2583 575 2754 614 meam
2811 560 3120 616 etl'ormatus
3158 572 3290 626 erat,
3319 558 3588 619 exoletum

2013 628 2262 700 reddidit,
2312 644 2658 700 mearumque
2704 645 2957 700 manuum
3011 633 3278 700 opiﬁcium
3325 633 3589 700 putridmn

2012 697 2092 770 cili
2115 699 2204 760 cit,
2231 697 2588 753 ittohscuravii
2611 697 3061 767 pulchritudinem
3094 718 3250 770 quam
3278 697 3548 756 elTormavi
3571 719 3586 769 ;

2013 767 2168 839 lupus
2195 785 2366 822 meum
2398 785 2559 838 pecus
2586 770 2889 839 depascitur
2910 813 2926 837 ,
2958 767 3225 826 desertum
3255 784 3338 826 est
3361 767 3590 826 domici-

2013 838 2140 909 lium
2165 839 2410 908 paradisi.
2439 838 2668 908 Liguutn
2695 842 2815 894 vita:
2855 857 2883 894 a
2926 841 3102 909 gladio
3141 845 3388 896 tlatntueo
3410 853 3591 896 custo-

2011 907 2180 970 ditur,
2221 918 2275 964 et
2319 909 2469 965 locus
2493 907 2801 965 deliciarum
2838 907 3080 968 occlusus
3111 922 3210 965 cst.
3257 913 3468 966 Miseret
3507 929 3593 969 me

2013 977 2171 1050 illius,
2199 981 2285 1047 qui
2307 990 2658 1049 oppugnatur,
2696 993 2749 1035 et
2780 982 2984 1036 hostem
3006 983 3456 1050 comprehendere
3481 995 3588 1037 sta-

2013 1049 2109 1100 tui.
2138 1049 2226 1102 Sic
2251 1058 2427 1102 tamen
2458 1051 2507 1104 id
2544 1051 2756 1116 faciant,
2785 1062 2842 1104 ut
2865 1065 3049 1107 omnes
3074 1049 3324 1106 caelorum
3370 1055 3590 1106 virtutes

2013 1117 2205 1182 lateat;
2233 1120 2322 1172 tibi
2348 1121 2435 1172 ttni
2469 1121 2570 1174 hoc
2604 1121 2767 1174 credo
2794 1132 3059 1176 secretum
3095 1140 3107 1174 :
3141 1121 3474 1189 proﬁciscere
3520 1124 3584 1176 ad

2010 1189 2293 1258 virginem,
2323 1189 2407 1259 abi
2455 1191 2521 1243 ad
2565 1190 2850 1246 animatum
2893 1191 3180 1251 civitatem.
3215 1192 3282 1246 de
3326 1208 3426 1259 qua
3453 1193 3586 1245 dixit

2012 1261 2268 1328 propheta
2304 1278 2317 1312 :
2352 1258 2584 1313 Gloriosa
2612 1261 2744 1314 dicta
2769 1270 2883 1314 sunt
2912 1261 2975 1315 de
3003 1271 3070 1325 te,
3098 1262 3270 1314 civitas
3293 1258 3384 1314 Dei
3414 1261 3586 1328 (Ριυπι.

2011 1329 2098 1382 86.
2128 1333 2204 1397 5).
2235 1330 2332 1382 Abi
2360 1330 2426 1383 ad
2465 1331 2766 1398 paradisum
2814 1346 2991 1385 meum
3034 1331 3240 1385 ratione
3291 1332 3588 1397 przeditmn,

2011 1399 2094 1452 abi
2120 1402 2183 1453 ad
2226 1409 2431 1469 portam
2461 1401 2809 1463 orientalem;
2837 1401 2919 1454 abi
2951 1401 3015 1454 ad
3033 1402 3399 1454 habitaculum
3421 1400 3592 1456 Verbo

2012 1485 2134 1524 meo
2176 1471 2533 1539 diguum;ahi
2568 1471 2632 1524 ad
2666 1471 2893 1524 alterum
2942 1472 2992 1523 in
3053 1473 3206 1524 terris
3258 1471 3465 1533 caelum,
3507 1471 3592 1525 alii

2012 1539 2078 1592 ad
2125 1541 2317 1594 nubem
2370 1542 2579 1601 levem,
2636 1542 2846 1608 tneique
2908 1541 3166 1594 adventus
3225 1541 3448 1594 imbrem
3518 1541 3590 1594 illi

2013 1611 2266 1678 signiﬁca.
2314 1611 2479 1680 Perge
2515 1611 2578 1663 ad
2625 1611 2982 1664 sanctuarium
3028 1611 3154 1664 mihi
3200 1622 3589 1680 praeparatum;

2017 1696 2174 1750 perge
2217 1681 2281 1733 ad
2331 1682 2704 1734 incarnationis
2755 1696 2888 1734 mete
2931 1682 3254 1745 thalamum;
3309 1697 3467 1750 perge
3521 1682 3588 1734 ad

2014 1752 2249 1820 nuptiale
2287 1752 2587 1805 eubiculmn
2619 1767 2749 1804 mea?
2775 1751 3065 1804 secundum
3109 1766 3322 1804 carnem
3348 1752 3593 1804 nativita-

2018 1823 2083 1874 tis
2134 1838 2146 1873 :
2205 1821 2424 1884 loquere
2467 1822 2532 1875 ad
2581 1837 2738 1874 aures
2801 1822 3069 1874 rationalis
3118 1837 3294 1879 arere.
3354 1837 3589 1890 pra-para

2015 1892 2140 1944 tuihi
2192 1892 2401 1960 auditus
2452 1892 2785 1959 ingressum;
2818 1891 2910 1944 sed
2954 1906 3168 1947 cavene
3212 1892 3430 1960 virginis
3479 1893 3594 1945 ani-

2016 1976 2157 2014 mum
2223 1963 2514 2029 perculeris
2569 1973 2660 2015 aut
2712 1961 3106 2031 perturbavcris
3151 1979 3165 2015 :
3226 1962 3463 2016 modeste
3517 1963 3590 2014 illi

2017 2032 2318 2085 santtuario
2372 2041 2423 2086 te
2493 2033 2656 2096 siste,
2736 2031 2960 2100 primam
3023 2031 3097 2083 illi
3150 2047 3332 2085 vocem
3399 2033 3594 2086 laetitia:

2017 2101 2209 2165 funde;
2263 2113 2314 2155 tu
2362 2102 2525 2156 dicito
2573 2102 2747 2154 Maria:
2777 2121 2786 2152 :
2817 2103 2916 2154 Ave
2955 2102 3114 2170 gratia
3157 2102 3304 2170 plena
3345 2100 3509 2170 (Luc.
3541 2106 3588 2156 i.

2014 2172 2106 2244 28)
2127 2214 2142 2235 ,
2173 2181 2230 2244 ut
2275 2189 2374 2242 ego
2403 2174 2656 2244 miserear
2683 2173 2828 2235 Evzu,
2860 2172 3201 2244 rerutnnisiac
3229 2173 3379 2225 malis
3405 2187 3592 2244 cunm-

2017 2242 2155 2295 latze.
2192 2243 2314 2296 llaec
2344 2242 2464 2297 cuni
2494 2243 2778 2296 audivisset
2810 2243 3047 2312 angelus,
3098 2243 3194 2305 sic,
3229 2253 3284 2295 ut
3327 2243 3593 2312 conjicere

2017 2322 2117 2378 cst,
2141 2313 2276 2381 apud
2308 2329 2365 2366 se
2397 2314 2804 2367 ratiocinabatur
2829 2331 2840 2364 ι
2871 2311 2993 2365 Mira
3019 2327 3146 2365 sane
3172 2328 3256 2366 res
3284 2313 3378 2365 ista
3403 2311 3437 2370 ,⁷
3474 2329 3591 2364 ver-

2017 2384 2140 2436 lium
2167 2385 2266 2436 hoc
2293 2393 2526 2436 mentem
2553 2383 2785 2452 cujusvis
2815 2383 3022 2436 excedit
3046 2399 3058 2433 :
3090 2382 3176 2450 qui
3206 2382 3490 2436 Cltertthim
3511 2392 3593 2434 est

2019 2453 2144 2520 ipsis
2174 2455 2542 2518 formidabilis,
2568 2470 2722 2522 quem
2752 2452 3030 2521 Seraphin)
3058 2454 3296 2505 contueri
3340 2468 3442 2504 nott
3474 2467 3594 2519 pos-

2018 2533 2160 2588 sunt,
2180 2541 2336 2594 quem
2363 2539 2550 2578 omnes
2574 2524 2826 2594 angelica!
2876 2522 3594 2594 virtutescomprehendere

2019 2593 2322 2663 nequeunt,
2373 2595 2582 2664 qualem
2629 2593 2972 2664 congressum
3024 2593 3343 2664 pollicetur?
3382 2593 3590 2664 ,l‘urlla:

2017 2679 2127 2718 sua:
2154 2666 2317 2734 ipsius
2347 2663 2586 2734 personae
2615 2669 2945 2733 prwseutiam
2992 2663 3284 2726 denuntiat,
3314 2663 3396 2734 vel
3420 2664 3591 2734 potius

2019 2733 2313 2804 ittgresisum
2339 2733 2680 2803 perattditttm
2732 2735 2803 2788 illi
2850 2735 3148 2803 promittit:
3179 2744 3230 2788 et
3270 2733 3365 2804 qui
3421 2733 3587 2785 livaut

2017 2803 2414 2871 condemnavit,
2445 2806 2508 2858 ad
2540 2807 2655 2873 ejus
2701 2806 2872 2858 tiliam.
2918 2803 3367 2857 CultoIIEstaltdztttt
3421 2818 3587 2870 usque

2017 2876 2152 2928 adeo
2180 2878 2452 2930 incitatur.
2483 2877 2747 2944 l’ratpara,
2779 2875 2968 2943 inqttit,
3017 2874 3142 2926 tuihi
3171 2875 3464 2944 ingressum
3497 2889 3592 2924 att-

2019 2946 2187 3009 ditus;
2219 2947 2315 3002 sed
2369 2943 2622 3014 numquid
2653 2957 2836 3000 venter
2867 2943 3452 3012 incomprehensihilcnt
3499 2958 3592 3011 po-

2021 3026 2122 3070 test
2141 3015 2627 3086 comprehendere?
2677 3017 2809 3070 Vere
2859 3015 3188 3086 tretnendttm
3244 3015 3351 3086 hoc
3399 3026 3593 3084 myste-

2020 3086 2178 3142 rium.
2205 3089 2326 3140 |la:c
2352 3102 2468 3140 cum
2498 3085 2634 3154 apud
2666 3102 2724 3138 se.
2751 3086 3009 3156 cogitaret
3035 3085 3254 3154 angelus
3279 3126 3292 3148 ,
3333 3085 3591 3156 Donnnus

2019 3158 2084 3210 ad
2118 3161 2284 3224 ipsum
2307 3160 2378 3210 ait
2404 3175 2416 3210 ε
2446 3152 2580 3223 Quid
2611 3152 2852 3226 percellet
2869 3155 2912 3209 is
2941 3171 3006 3209 ac
3049 3152 3392 3226 perturbatis,
3425 3169 3457 3207 0
3486 3152 3591 3208 Ga-

2019 3228 2187 3284 briel?
2218 3243 2390 3282 nonne
2421 3228 2556 3280 haud
2586 3225 2657 3279 ita
2679 3226 2933 3296 pridenta
2956 3242 3040 3279 me
3066 3226 3131 3278 ad
3163 3225 3473 3280 Zachariam
3501 3241 3588 3276 sa-

2020 3299 2291 3352 cerdotem
2318 3297 2509 3352 missus
2536 3313 2592 3352 es
2613 3297 2636 3349 Ἰ
2663 3295 2838 3350 nonne
2868 3295 2942 3349 illi
2975 3295 3178 3349 felicem
3206 3296 3444 3348 nuntium
3496 3309 3590 3348 na-

2021 3369 2238 3423 tivitatis
2265 3367 2484 3423 Joannis
2504 3368 2758 3421 attulisti?
2790 3382 2966 3420 nonne
2991 3367 3253 3420 sacerdoti
3297 3366 3452 3419 [idem
3499 3364 3591 3418 lia-

2023 3439 2146 3492 hcrc
2175 3438 2437 3502 recusanti
2455 3437 2648 3492 silentii
2677 3452 2884 3505 pcenatn
2910 3435 3145 3490 iuflixisti
3165 3435 3188 3490 ’ἶ
3215 3451 3390 3490 nonne
3409 3451 3590 3488 senem

2021 3510 2165 3564 vocis
2197 3511 2488 3578 privatione
2529 3506 2829 3562 damnasti?
2881 3523 3058 3560 nonne
3090 3515 3153 3578 tu,
3192 3505 3543 3578 pronuntiasti
3575 3544 3591 3569 ,

2023 3579 2132 3649 Ego
2161 3577 2288 3634 vero
2317 3578 2668 3634 confirmavi?
2712 3591 2888 3631 nonne
2938 3577 3396 3649 annuntiationetn
3449 3585 3590 3628 tttatn

2021 3646 2154 3719 opus
2177 3651 2345 3717 ipsum
2373 3650 2624 3702 continuo
2646 3654 3029 3719 consequutum
3055 3646 3186 3719 est?
3241 3660 3416 3719 nonne
3438 3715 3447 3719 _
3467 3660 3594 3719 eou-

2023 3715 2163 3789 cepit
2183 3715 2420 3773 sterilis?
2449 3733 2624 3772 nonne
2652 3715 2834 3789 uterus
2858 3716 3130 3772 obeditit?
3156 3731 3330 3770 nonne
3362 3715 3585 3768 inﬁrmi-

2025 3787 2105 3844 tas
2135 3790 2426 3844 sterilitatis
2477 3787 2775 3842 abscessit?
2821 3803 3008 3844 nonne.
3038 3795 3240 3842 natura:
3281 3796 3459 3844 torpor
3499 3801 3591 3839 au-

2024 3859 2186 3930 fugit?
2212 3875 2389 3914 nonue
2406 3859 2672 3930 segetibus
2693 3874 2752 3930 ea
2779 3873 2922 3930 nunc
2941 3858 3193 3930 abundat,
3220 3873 3337 3930 qua:
3359 3855 3595 3930 frugibus

2024 3926 2232 4000 penitus
2273 3939 2431 3984 antea
2475 3926 2732 3983 carebat?
2778 3927 3286 4000 Num_itupossibile
3326 3926 3464 4000 apud
3509 3943 3595 4000 me

2023 3996 2329 4056 Creatorem
2354 4009 2434 4053 est
2455 4014 2613 4053 omne
2635 4000 2853 4053 verbum
2883 3997 2991 4067 (1h.
3034 3996 3084 4053 ὗ.
3141 3997 3274 4066 37)?
3318 3996 3596 4064 Quomodo

2023 4087 2151 4141 ergo
2175 4081 2226 4125 te
2253 4070 2508 4124 dubitatio
2532 4067 2925 4141 invasit?Qui_d
2974 4084 3100 4138 ergo
3147 4083 3328 4120 rursus
3376 4068 3596 4135 angelus

2023 4139 2269 4195 adilta-c?
2299 4141 2539 4205 Domine,
2568 4140 2758 4210 inquit,
2808 4139 3046 4210 defectus
3101 4149 3312 4210 natur;
3351 4153 3540 4210 sanare
3572 4177 3586 4201 ,

2025 4215 2332 4266 tnorborum
2410 4207 2776 4280 tempestatem
2852 4209 3081 4272 sudare,
3141 4207 3594 4280 lttortilicatitmetlt

2025 4281 2384 4335 membrorum
2403 4283 2467 4333 ad
2489 4277 2696 4340 vitalem
2717 4295 2966 4334 revocare
2986 4281 3252 4335 virtutem.
3272 4280 3376 4331 vim
3404 4277 3600 4333 liberos

2027 4353 2264 4421 pariendi
2293 4352 2556 4420 imperare
2609 4357 2830 4415 naturae,
2861 4350 3191 4402 sterilitatem
3245 4349 3296 4402 in
3334 4347 3603 4421 membris

2022 4418 2132 4491 jam
2159 4418 2384 4477 exoletis
2408 4422 2615 4486 tollere,
2643 4421 2895 4488 stipulam
2917 4429 3190 4473 senccmte
3222 4418 3600 4491 conlecturum

2026 4487 2250 4547 formant
2277 4492 2676 4546 herbescentem
2706 4487 3064 4552 transmittare
3088 4530 3103 4554 ,
3166 4489 3408 4558 tellurem
3460 4487 3599 4540 infe-

2026 4565 2251 4618 cundam
2285 4564 2458 4616 statim
2485 4563 2709 4616 reddere
2761 4560 3148 4630 manipulorum
3195 4561 3445 4630 feracem,
3469 4572 3602 4626 opus

2027 4646 2110 4688 est
2161 4650 2193 4688 a
2236 4646 2321 4687 tua
2356 4633 2588 4702 potentia
2641 4631 2708 4685 de
2752 4627 2920 4685 more
2951 4629 3258 4702 perfectum.
3309 4627 3480 4701 Testis
3525 4637 3608 4681 est

2029 4705 2209 4770 Sarra,
2238 4715 2292 4759 et
2319 4701 2438 4771 past
2466 4719 2582 4756 cant
2605 4702 2864 4764 Rebecca,
2889 4711 2943 4756 et
2973 4714 3155 4754 rursus
3173 4701 3320 4751 Anna
3343 4713 3470 4771 qua;
3491 4715 3606 4771 uio.

2031 4777 2168 4830 lesto
2196 4769 2490 4830 sterilitatis
2520 4775 2708 4827 morbo
2737 4772 3064 4835 laborarunt,
3099 4779 3153 4825 et
3184 4787 3210 4820 :t
3241 4784 3290 4822 te
3320 4778 3441 4820 sunt
3463 4769 3512 4821 iu
3539 4769 3604 4819 li-

2029 4847 2289 4900 bertatem
2319 4842 2615 4896 vindicatae.
2666 4843 2931 4911 Virginem
2961 4857 3086 4896 vero
3128 4841 3273 4912 nullo
3320 4837 3414 4912 viri
3457 4855 3606 4894 usam

2031 4932 2317 4983 congreSsu
2341 4914 2651 4983 peperisse,
2698 4913 2901 4983 legibus
2930 4923 3140 4983 natura:
3182 4911 3465 4983 sublimius
3504 4918 3608 4963 est.

2032 4988 2099 5040 At
2126 4977 2284 5038 ctiam
2318 4977 2460 5038 tituin
2495 4982 2685 5052 puella:
2711 4977 2992 5036 adventum
3023 4982 3309 5050 polliceris.
3346 4977 3471 5036 Caeli
3500 4992 3607 5036 ter-

2015 5073 2214 5124 .ra'qne
2240 5065 2288 5108 te
2313 5056 2442 5108 lines
2471 5071 2575 5108 non
2607 5053 2858 5124 capiunt:
2887 5068 2992 5124 quo
3020 5064 3167 5123 pacto
3192 5070 3319 5121 ergo
3352 5061 3402 5104 te
3432 5063 3613 5124 uterus

2034 5120 2206 5196 capiet
2231 5125 2539 5193 virgineus?
2569 5120 2703 5196 Tum
2733 5123 2799 5179 ad
2826 5120 2944 5196 cunt
2981 5120 3233 5178 Dominus
3263 5120 3282 5196 ἑ»
3310 5120 3610 5196 Qttotuodo,

2038 5191 2226 5266 inquit,
2259 5191 2342 5250 nte
2369 5197 2509 5268 cepit
2539 5195 2806 5268 Abraham
2842 5195 3236 5268 tabernacuituti
3335 5191 3429 5268 Gui
3461 5207 3613 5268 ange-

2036 5261 2452 5335 lus'respouditi
2486 5267 2691 5334 Quippe
2718 5263 2859 5335 quod
2889 5266 3103 5335 pelagus
3133 5265 3312 5317 habuit
3343 5261 3613 5328 hospitali-

2039 5341 2180 5393 tatis.
2220 5332 2416 5392 Deinde
2447 5332 2754 5398 considcra,
2775 5332 3016 5401 Domine,
3051 5332 3155 5386 illic
3187 5337 3327 5386 visus
3377 5348 3436 5384 es
3461 5346 3488 5381 a
3523 5345 3612 5397 pa-

2041 5409 2267 5465 triarcha
2293 5410 2342 5462 in
2369 5410 2706 5462 tabernaculo
2728 5407 2877 5476 juxta
2904 5406 3039 5478 viam
3067 5403 3258 5473 posito,
3280 5414 3328 5478 et
3355 5413 3615 5478 pertrans-

2040 5481 2124 5536 isti
2159 5479 2266 5551 qui
2291 5480 2468 5551 omnia
2487 5471 2746 5551 comples:
2773 5471 3051 5544 Quomodo
3068 5471 3263 5551 autem
3297 5471 3440 5551 teret.
3454 5471 3618 5551 alat-ia

2041 5539 2213 5622 ignem
2241 5549 2565 5622 divinitatis?
2609 5539 2858 5604 Thraciis
2911 5557 3030 5622 tuu‘s
3076 5543 3375 5622 incendam:
3417 5539 3623 5622 fulgure

2041 5608 2413 5692 ξοιιυειηιιιιδ,
2437 5635 2487 5676 et
2520 5618 2735 5692 ferrete
2761 5616 2950 5692 poterit
2978 5609 3211 5692 flammis
3232 5616 3392 5671 illaesa
3421 5608 3620 5692 Virgo

2045 5689 2181 5750 Sane
2213 5677 2485 5762 quidemsi
2509 5689 2642 5744 hesit
2669 5677 2804 5757 ignis
2828 5683 3018 5742 rubum
3067 5687 3130 5748 in
3171 5689 3380 5750 deserto
3404 5722 3417 5748 ,
3467 5677 3626 5733 lazdet
