4092 6194
50 2120 51 2139 γ

42 2436 51 2541 ἐ

42 2694 53 2757 i

42 2794 51 2815 i

38 3366 51 3405 τ

38 3426 51 3457 Ι

38 3464 49 3489 t

34 3766 49 3811 ἰ

32 4102 49 4169 ,t

34 4158 49 4323 ὲ

499 200 606 263 ’ῑξὶδ
2016 209 2083 264 SF

2195 209 2283 264 1A.
3659 222 3761 278 796

505 325 724 408 omnino
740 326 1031 408 etMariam
1057 325 1489 408 adventusmeus
1507 325 1697 408 (Eeod.
1728 327 1781 380 3.
1800 326 1973 408 init.)_:
1996 327 2078 379 sin

508 405 684 448 autem
706 396 842 465 ignis
874 398 979 462 ille,
1004 396 1093 465 qui
1120 396 1284 450 divini
1314 395 1481 464 ipsius
1510 395 1646 465 ignis
1675 411 1706 450 e
1726 398 1855 450 caelo
1882 395 2081 451 adven-

513 473 621 517 tum
642 464 1031 535 adumbrabat,
1051 466 1239 519 rubum
1269 466 1479 534 quidem
1499 464 1722 535 rigabat,
1743 468 1958 520 minime
1983 481 2080 520 au-

513 545 615 587 tem
640 533 971 598 incendebat,
999 536 1124 604 quid
1147 533 1420 589 existimas
1439 536 1507 591 de
1533 533 1752 591 veritate
1772 538 2078 600 dicendum,

513 618 629 670 qute
654 618 759 675 non
790 605 848 675 in
890 605 1098 657 ﬂamma
1125 606 1280 675 ignis,
1327 605 1420 659 sed
1453 606 1501 660 in
1529 608 1706 675 specie
1750 607 1940 675 pluviae
1987 608 2083 662 tle-

513 674 760 747 scendit?
788 674 1074 747 Tum_vero
1100 674 1281 747 postea
1301 691 1412 729 rem
1438 674 1969 747 imperatam’peregit
1989 693 2083 731 an-

511 743 660 815 gelus
679 782 693 805 ,
726 752 779 796 et
802 744 867 797 ad
900 743 1165 813 Virginem
1196 744 1466 815 ingressus
1496 743 1612 800 eam
1641 747 1723 800 his
1749 743 1923 801 verbis
1938 764 2083 802 com-

510 812 733 932 pellavit
762 829 775 863 :
806 814 908 894 .Ave
934 812 1099 895 gratio
1130 812 1296 896 pleno,
1332 814 1577 869 Dominus
1619 828 1777 869 tecum
1824 820 1839 884 (
1868 818 1994 871 Luc.
2028 821 2080 901 i.

549 881 628 932 8i.
660 881 773 932 Non
805 898 907 932 tam
934 884 1162 932 amplius
1183 885 1426 932 diabolus
1468 898 1649 932 contra
1701 896 1789 932 te:
1822 904 1941 932 nam
1993 890 2077 932 nln

549 881 628 949 8).
660 881 773 935 Non
798 883 907 951 jam
934 881 1162 951 amplius
1183 885 1426 940 diabolus
1468 898 1650 940 contra
1701 896 1751 942 te
1777 904 1789 939 :
1821 881 1941 941 nam
1993 890 2079 943 ubi

513 953 739 1018 primum
770 953 937 1007 hostis
965 955 1154 1007 vulnus
1176 954 1383 1019 inﬂixit,
1414 956 1482 1009 ibi
1507 956 1947 1012 medicamentum
1969 975 2082 1012 mc-

512 1020 663 1101 dicus
689 1025 906 1101 apponit
935 1040 949 1074 :
979 1024 1119 1078 unde
1146 1025 1350 1078 initium
1370 1042 1622 1101 egressus
1651 1043 1798 1101 mors
1849 1028 2031 1082 habuit
2060 1070 2074 1091 ,

512 1090 635 1145 inde
682 1094 789 1144 vita
857 1093 1152 1162 ingressum
1204 1090 1436 1163 paravit:
1472 1096 1573 1150 Per
1618 1098 1891 1151 mulierem
1944 1090 2078 1152 mala

513 1162 777 1238 oriuntur,
807 1177 937 1238 __per
963 1162 1235 1238 mulierem
1278 1165 1411 1219 bona
1451 1168 1763 1221 scaturiunt.
1792 1169 1893 1221 Ave
1919 1172 2082 1238 gratia

515 1231 664 1353 plena
689 1246 707 1284 :
736 1231 840 1284 noli
872 1234 1185 1288 erubescere
1213 1245 1476 1303 tamquam
1499 1238 1852 1292 damnationis
1877 1231 2032 1294 causa
2062 1256 2074 1290 :

544 1300 678 1353 later
707 1302 847 1353 enim
877 1303 994 1353 eius
1020 1304 1108 1353 aui
1137 1304 1427 1353 damnavit-
1457 1322 1547 1353 ner
1568 1308 1788 1353 gratiam
1816 1309 2071 1353 rmltlm-ie-

544 1300 678 1354 later
707 1302 847 1355 enim
877 1303 994 1372 ejus
1020 1304 1108 1373 qui
1137 1300 1428 1371 damnavit,
1456 1322 1547 1375 per
1568 1308 1790 1377 gratiam
1816 1309 2072 1364 redderis.

2192 321 2295 374 Ave
2316 323 2477 401 gratia
2503 323 2690 391 plena:
2724 324 2868 401 salve
2891 339 3010 401 quae
3039 324 3238 401 mundo
3288 326 3341 380 in
3374 327 3638 401 viduitate
3682 330 3761 401 ja-

2188 394 2328 468 centi
2356 407 2607 468 sponsum
2636 394 2776 462 paris
2803 395 3097 468 impolluta.
3131 395 3234 468 Ave
3252 398 3416 465 gratia
3444 398 3613 465 plena.
3642 394 3762 468 qua:

2189 461 2239 513 in
2259 469 2417 535 utero
2446 461 2880 535 matris’mortem
2906 461 3361 534 submergisfave
3389 461 3636 535 templum
3662 461 3760 523 'Dei

2186 531 2473 605 animatum
2492 548 2515 605 ;_
2540 547 2635 586 ave
2655 534 2790 605 caelo
2817 548 2879 587 ac
2906 542 3061 605 terrm
3089 531 3185 605 par
3212 531 3571 590 habitaculum
3599 554 3612 598 ;
3668 555 3765 593 ave

2189 600 3055 676 spatiosumincomprehensibilis
3090 600 3304 676 'naturte
3348 609 3759 676 receptaculum.

2186 672 2313 735 Qum
2340 685 2458 743 cum
2487 672 2559 725 ita
2581 674 2707 737 sint,
2734 674 3111 741 aegrotantibus
3137 674 3372 728 medicus
3405 672 3497 743 per
3522 693 3637 729 cam
3674 679 3766 729 ad-

2187 742 2350 805 venit,
2403 742 2453 794 in
2487 743 2719 814 tenebris
2747 743 3059 797 sedentibus
3097 744 3316 811 iustitiae
3361 742 3438 798 sel
3483 750 3763 814 apparuit,

2190 819 2503 883 tempestate
2528 811 2742 880 jactatis
2780 816 3014 883 anchora
3066 823 3351 882 portusque
3407 811 3722 883 tranquillus
3746 856 3765 883 ,

2186 882 2353 959 servis
2381 881 2695 959 implacabili
2724 882 3144 959 odiodisjunctis
3165 881 3368 953 legatus
3395 894 3475 959 est
3503 881 3661 959 natus
3712 881 3767 939 et

2188 950 2333 1021 pacis
2358 950 2648 1021 vinculum,
2679 955 2901 1021 captivis
2923 950 3469 1021 redemptor'appulit,
3507 956 3651 1008 bello
3680 970 3767 1008 ve-

2189 1019 2323 1092 xatis
2355 1019 2561 1092 firnmm
2588 1019 2869 1077 ineﬂabilis
2897 1023 3071 1092 gaudii
3110 1019 3175 1075 et
3204 1019 3442 1076 caritatis
3473 1026 3762 1078 umbracu-

2187 1087 2314 1165 lum.
2347 1088 2467 1165 Ipse
2492 1092 2627 1165 enini
2650 1101 2720 1144 est
2750 1109 2851 1161 pax
2876 1087 3044 1145 nostra
3072 1092 3286 1161 (Ephes.
3332 1092 3385 1145 2.
3436 1095 3548 1165 Η),
3588 1105 3640 1147 ιιι
3694 1097 3769 1147 ait

2186 1157 2867 1232 divinusApostolus:qua
2898 1157 3096 1215 utinam
3148 1157 3404 1216 aeternum
3458 1164 3554 1216 frui
3601 1166 3769 1232 possi-

2186 1242 2325 1307 mus,
2357 1228 2678 1307 benignitate
2734 1228 2898 1307 ipsius
2937 1232 3129 1307 Christi
3189 1233 3384 1302 Deique
3428 1228 3633 1307 nostri,
3682 1234 3770 1287 cui

2185 1298 2347 1366 gloria
2396 1298 2447 1351 iu
2500 1300 2693 1354 saecula
2724 1298 3061 1356 sieoulorum.
3103 1304 3290 1356 Amen.

528 1507 3668 1545 mm

1954 1744 2332 1807 MONITUM

2987 1846 3001 1875 \

585 1903 703 1959 Non
726 1905 866 1960 lectu
901 1905 1118 1976 indigna
1152 1915 1235 1961 est
1260 1907 1372 1962 haec
1400 1904 1646 1971 humilia,
1691 1906 1815 1962 licet
1842 1909 1911 1963 ab
1939 1909 2163 1975 Savilio,
2203 1909 2476 1965 Frontone
2511 1909 2729 1978 Ducazo,
2762 1911 3131 1979 'l‘illemontio,
3165 1915 3362 1983 quibus
3390 1929 3488 1970 nos
3513 1916 3761 1988 adstipu-

518 2020 713 2081 lamur,
739 2018 1128 2089 Chrysostomo
1157 2020 1514 2091 ahjudieanda
1543 2031 1845 2076 censeatur.
1877 2023 2060 2095 Stylus
2100 2040 2205 2079 non
2235 2025 2603 2079 inventionem
2626 2026 2844 2096 quidem
2886 2026 3033 2080 illam
3075 2028 3449 2098 Chrysostomi
3484 2029 3757 2099 praeferet,

518 2150 623 2189 non
664 2135 1013 2205 proﬂuentem
1036 2135 1227 2190 orandi
1254 2136 1495 2200 modum,
1522 2150 1630 2191 non
1666 2136 2081 2192 similitudinum
2119 2138 2495 2209 frequentiam,
2525 2154 2631 2194 non
2658 2140 2975 2210 popularem
3008 2142 3309 2196 doctrinam
3350 2160 3362 2195 :
3398 2143 3531 2196 nihil
3570 2152 3753 2197 tamen

518 2251 605 2304 hic
643 2250 869 2303 habetur
895 2264 923 2303 a
951 2250 1129 2319 sagaci
1159 2250 1423 2318 scriptore
1454 2250 1717 2306 alienum.
1766 2251 1915 2305 Licet
1946 2262 2127 2306 autem
2188 2251 2472 2321 inscriptio
2494 2268 2714 2308 censum
2757 2262 2811 2307 et
2839 2253 3258 2322 descriptionem
3293 2254 3534 2326 Deiparae
3561 2259 3753 2327 praefe-

1625 2590 2088 2663 HOMILIA
2140 2590 2250 2661 IN
2298 2546 2634 2674 ILLUD,

657 2732 831 2774 sxm
873 2735 1154 2778 EDICTUM
1201 2740 1237 2779 Α
1282 2737 1531 2779 cassam:
1578 2738 1859 2780 AUGUSTO
1899 2722 1915 2799 (
1949 2723 2094 2780 Luc.
2123 2722 2162 2779 2

2169 2723 2239 2781 ,1
2282 2723 2349 2799 );
2397 2740 2475 2780 ετ
2521 2740 2582 2780 IN
2629 2739 3130 2789 DESCRIPTIONEM
3176 2740 3462 2781 nmmum
3512 2724 3621 2801 (τι).

1925 2853 2343 2895 mea..—

586 2943 636 2996 1.
677 2940 807 2995 Cum
846 2942 1139 2993 communis
1160 2941 1391 2993 omnium
1420 2950 1658 2995 nostrum
1693 2941 1947 2995 Servator
1987 2956 2082 2994 na-

512 3013 741 3067 sciturus
770 3022 870 3074 est,
903 3011 1246 3068 dilectissimi.
1280 3027 1309 3064 a
1340 3010 1546 3065 Caesare
1572 3012 1809 3080 Augusto
1835 3012 1885 3065 in
1913 3021 2078 3066 totmn

508 3083 692 3136 orbem
739 3091 996 3134 terrarmn
1039 3082 1333 3135 universale
1358 3083 1465 3136 exit
1494 3080 1745 3136 edictum.
1780 3081 1908 3135 Nam
1954 3096 2085 3150 quo-

514 3152 654 3205 niam
685 3152 993 3204 universalis
1018 3152 1183 3220 gratia
1214 3151 1451 3219 qumdam
1482 3152 1572 3205 toti
1604 3151 1804 3206 mundo
1832 3151 2080 3205 aﬂ'ulsura

512 3230 648 3285 erat,
694 3238 754 3273 ea
783 3236 899 3288 qua:
926 3231 1047 3273 sunt
1072 3222 1373 3291 reipublica:
1400 3236 1517 3275 cum
1546 3221 1799 3291 religione
1824 3224 2082 3291 quodam-

515 3291 674 3345 modo
700 3298 1102 3353 connectuntur,
1125 3302 1178 3345 et
1208 3290 1260 3343 in
1288 3292 1588 3344 universum
1619 3290 1801 3345 orbem
1834 3290 1890 3344 (it
1920 3306 2080 3345 unum

512 3362 786 3441 decretum
817 3359 1099 3441 Servatore
1123 3369 1392 3441 qasceiite.
1428 3362 1566 3441 Exiit
1594 3361 1753 3441 igitur
1794 3360 2083 3441 edictuma

513 3432 723 3486 Czesare
755 3431 1013 3500 Augusto,
1037 3439 1093 3483 ut
1120 3430 1512 3485 describeretur
1538 3430 1815 3491 universus
1845 3431 2009 3500 orbis,
2031 3430 2083 3485 in

512 3499 951 3571 prmparationem
999 3500 1307 3571 concordia:
1352 3509 1745 3569 concentusque
1771 3499 2041 3570 religionis
2063 3541 2081 3567 ,

512 3570 847 3641 utEvangelii
877 3570 1232 3640 przedicationi
1265 3570 1344 3623 via
1371 3578 1717 3635 sterneretur,
1757 3580 1812 3624 ut
1841 3571 1940 3624 iter
1980 3571 2079 3625 do-

515 3651 700 3696 ctrina:
728 3650 1130 3711 prtepararetur.
1160 3641 1313 3694 Prius
1340 3641 1552 3711 quidem
1591 3641 1741 3695 multi
1764 3651 1913 3695 erant
1935 3644 2084 3710 prin-

513 3709 749 3780 cipatns,
781 3710 994 3779 quando
1020 3709 1245 3764 C:esaris
1290 3709 1393 3765 non
1424 3722 1538 3766 erat
1568 3711 1796 3765 edictum
1828 3709 2083 3779 praeconii
2124 3742 2125 3745 η

518 3782 754 3851 ejusdem
786 3781 1133 3845 universalis;
1167 3789 1445 3851 postquam
1476 3791 1651 3836 autem
1671 3797 1764 3849 per
1781 3783 2082 3836 universum

513 3850 770 3905 terrarum
797 3852 977 3905 orbem
1005 3850 1509 3921 coinmuniquodam
1534 3852 1797 3921 prteconio
1819 3852 2084 3921 religionis

520 3921 649 3976 ﬁdes
670 3920 1004 3992 propaganda
1036 3920 1151 3986 luit,
1184 3920 1616 3992 tum’univcrs’usi
1646 3922 1790 3975 orbis
1837 3920 1936 3976 sub
1980 3938 2081 3975 uua

517 3991 716 4046 tessera
745 3992 1020 4059 copulatur
1045 4007 1059 4044 :
1093 4005 1263 4059 neque
1285 4000 1482 4045 tantum
1505 3991 1651 4045 orbis
1680 4002 1963 4055 terrarum,
1988 3992 2082 4045 sed

513 4071 569 4114 et
596 4062 895 4116 caelestibus
921 4071 1131 4114 terrena
1156 4060 1471 4130 junguntur,
1503 4070 1557 4115 et
1586 4077 1775 4131 magno
1806 4060 2081 4115 hominum

518 4132 798 4211 commodo
821 4132 987 4211 pietas
1012 4131 1189 4211 ac_Dei
1217 4133 1390 4211 cultus
1421 4132 1734 4211 publicator,
1787 4140 1844 4211 ut
1886 4132 2082 4186 nemini

518 4200 697 4253 divina
724 4200 919 4272 veritas
944 4200 1259 4272 occultetur.
1294 4202 1523 4271 hnperat
1547 4200 1726 4255 Cmsar
1777 4205 2042 4272 Augustus
2065 4243 2080 4267 ,

521 4280 577 4341 e_t
602 4280 751 4340 paret
775 4270 995 4340 Joseph,
1045 4286 1106 4325 ac
1144 4270 1401 4341 virginem
1444 4286 1621 4341 secum
1664 4270 1903 4325 assumit.
1950 4271 2083 4326 Cum

515 4339 755 4394 Graecum
784 4354 847 4393 ac
877 4339 1124 4408 gentilem
1146 4339 1394 4409 aliquem,
1451 4340 1535 4395 vel
1578 4342 1746 4410 ipsum
1789 4343 1946 4395 etiam
1992 4342 2085 4396 Ju-

514 4410 690 4463 dmum
746 4410 1187 4478 interrogaveris,
1221 4412 1564 4479 quamobrem
1604 4413 1838 4480 Augusto
1880 4419 2081 4464 tantum

520 4480 735 4534 honoris
765 4480 1032 4548 obtigerit,
1066 4490 1119 4532 ut
1146 4482 1311 4533 multo
1339 4490 1577 4550 tempore
1616 4482 1851 4549 regnarit
1882 4482 2085 4550 (annos

515 4552 655 4604 enim
677 4564 769 4605 sex
796 4558 849 4604 et
872 4550 1249 4619 quinquaginta
1280 4565 1594 4619 mensesque
1640 4560 1864 4619 quatuor
1916 4551 2084 4619 impe-

517 4618 725 4691 ravit),
762 4618 985 4675 nihil’illi
1003 4618 1213 4689 quidem
1245 4618 1600 4691 respondent;
1649 4618 1746 4688 ipsi
1775 4635 1903 4674 vero
1942 4618 2085 4675 sorte

514 4690 688 4759 aliqua
716 4690 1079 4761 longissimum
1106 4691 1360 4759 temporis
1390 4690 1614 4759 spatium
1641 4691 1920 4745 obvenisse
1945 4691 2086 4744 arbi-

517 4769 743 4824 trantur,
775 4760 942 4830 neque
970 4778 1147 4817 rerum
1174 4775 1361 4815 causas
1391 4760 1717 4830 intelligunt,
1767 4775 1957 4831 neque
1991 4760 2083 4815 Dei

514 4831 697 4897 gratia:
740 4832 980 4885 credunt.
1038 4832 1164 4898 Ejus
1208 4831 1349 4884 enim
1397 4839 1551 4885 :etate
1596 4839 1749 4884 natus
1799 4842 1879 4885 est
1930 4830 2084 4885 Iesus

513 4900 774 4954 Christus.
804 4902 859 4956 Si
888 4902 1044 4971 igitur
1084 4902 1439 4955 Romanorum
1492 4901 1780 4970 imperator
1821 4902 2086 4971 Augustus

513 4983 565 5024 et
593 4972 814 5038 primus,
869 4987 935 5025 eo
965 4972 1257 5041 imperante
1294 4972 1502 5035 solum,
1551 4971 1795 5025 Salvator
1842 4972 2085 5026 Christus

513 5042 707 5111 merito
752 5040 803 5094 in
860 5041 971 5110 ipsa
1014 5040 1411 5111 constitutione
1466 5042 1672 5111 imperii
1724 5041 2125 5096 Romanorum-

512 5110 967 5179 dispensationem
1009 5110 1060 5164 in
1087 5126 1246 5166 carne
1288 5110 1553 5181 suscepit.
1589 5112 1715 5166 Erat
1742 5114 1935 5181 quippe
1990 5113 2085 5166 imo

516 5182 771 5236 mittenda
820 5182 963 5251 virga
1014 5181 1227 5253 ferrea,_
1262 5181 1328 5235 de
1377 5198 1478 5253 qua
1523 5181 1654 5235 dixit
1698 5183 1879 5239 David.
1926 5182 2085 5251 Reges

511 5270 596 5306 eos
624 5253 676 5305 in
704 5253 842 5324 virga
870 5254 1053 5324 ferreo,
1082 5262 1157 5317 et,
1192 5251 1448 5305 Postula‘a
1476 5269 1555 5306 me
1576 5295 1589 5317 ,
1610 5265 1658 5305 et
1684 5253 1812 5307 dabo
1842 5253 1929 5305 tibi
1959 5269 2086 5322 gen-

518 5333 589 5376 tes
636 5324 958 5377 hereditatem
1016 5333 1151 5376 tuam
1176 5365 1189 5379 .
1241 5332 1285 5375 et
1334 5324 1689 5389 possessionem
1736 5334 1871 5375 tuam
1914 5324 2084 5375 termi-

516 5410 607 5465 nos
655 5393 1009 5465 terrwi(Psat.
1050 5392 1106 5446 2.
1157 5393 1210 5447 9.
1265 5393 1361 5465 8);
1390 5394 1539 5462 quasi
1588 5393 1733 5465 solus
1784 5407 1905 5445 cum
1953 5392 2086 5446 Filio

518 5463 671 5518 Pater
742 5462 1128 5534 colloqueretur
1199 5477 1262 5517 ac
1307 5462 1556 5534 diceret,
1625 5462 1863 5534 Regnum
1940 5472 2083 5516 tuum

515 5535 781 5602 aspernati
820 5533 942 5588 sunt
979 5534 1143 5589 Judaei
1174 5543 1497 5602 “tuumque
1548 5533 1827 5599 imperium
1880 5534 2086 5601 probris

513 5605 837 5667 aﬂ'ecerunl;
883 5602 1708 5674 contemptibilisnatioesthaec,
1756 5603 1905 5674 pauci
1939 5612 2083 5670 sunt,

582 5693 654 5757 (ο)
687 5694 860 5747 collata
882 5705 989 5744 cum
1011 5700 1121 5746 cod.
1141 5701 1255 5757 Reg.
1276 5696 1336 5745 25
1347 5695 1417 5745 ιδ.

2191 2944 2277 3010 qui
2305 2943 2534 2995 aversati
2559 2951 2716 2996 sunt:
2746 2941 2957 2995 Postulo
3003 2959 3035 2995 a
3073 2960 3168 3009 me,
3219 2953 3265 2995 et
3309 2943 3435 2997 dabo
3486 2946 3575 2997 tibi
3598 2956 3766 3013 genta

2190 3014 2519 3065 hereditatem
2550 3021 2704 3074 tuam,
2735 3023 2781 3081 et
2794 3015 3154 3081 possessionem
3173 3022 3309 3065 tuan:
3324 3015 3721 3068 terminosterra:
3746 3033 3766 3069 :

2191 3098 2295 3136 non
2322 3082 2568 3149 angulum
2600 3083 2909 3146 l’alzestiure,
2958 3098 3130 3150 neque
3177 3084 3541 3137 circumcisam
3588 3086 3765 3137 natio-

2190 3168 2333 3214 nem,
2361 3168 2547 3206 vanam
2575 3162 2626 3205 et
2660 3156 2832 3205 anima
2860 3153 3072 3207 vecordi
3116 3153 3387 3221 praeditam
3410 3193 3424 3214 .
3476 3155 3569 3207 sed
3617 3154 3763 3208 Dabo

2191 3222 2279 3275 tibi
2298 3234 2463 3292 gentes
2490 3221 2814 3293 hereditatem
2842 3232 2998 3285 tuam,
3023 3234 3068 3276 et
3096 3224 3454 3293 possessionem
3482 3234 3623 3275 tuam
3661 3234 3765 3276 ter-

2189 3295 2353 3363 minos
2415 3304 2578 3346 terrar.
2622 3292 2817 3363 Reges
2887 3302 3063 3347 autem
3142 3307 3291 3363 eos,
3337 3293 3763 3363 quandoquidem

2191 3362 2478 3433 Evangelia
2501 3361 2720 3417 obedire
2759 3363 3063 3428 noluerunt,
3120 3361 3762 3432 quandoquidem'min-

2188 3433 2322 3486 eulis
2347 3432 2565 3488 Credere
2591 3433 2892 3499 noluerunt,
2924 3448 3075 3502 reges
3102 3446 3194 3486 eos
3216 3447 3317 3485 non
3346 3448 3594 3486 sermone
3618 3475 3633 3497 ,
3662 3433 3761 3487 sed

2193 3517 2355 3577 opere
2375 3512 2429 3577 et
2471 3503 2863 3577 virgajerrea,
2889 3502 3125 3577 imperio
3177 3502 3414 3557 Romano
3435 3521 3452 3577 ί
3485 3512 3760 3577 propterea

2189 3574 2349 3642 virga:
2376 3574 2597 3642 imperio
2622 3572 2745 3627 Sunt
2786 3573 3026 3641 subjecti.
3077 3572 3206 3625 Nam
3260 3588 3382 3627 cum
3427 3572 3757 3641 Jerosolyma

2188 3644 2421 3697 venisset
2442 3643 2617 3707 Jesus,
2665 3652 2719 3697 et
2742 3644 2792 3696 in
2826 3644 3022 3712 templo
3049 3652 3337 3697 mercatum
3360 3656 3420 3695 ac
3447 3643 3761 3712 negotiatio-

2190 3728 2311 3766 nem
2346 3714 2482 3781 turpi
2514 3713 2664 3767 lucro
2691 3711 3076 3767 redundantem
3108 3713 3473 3781 canspexisset
3495 3751 3509 3776 ,
3560 3711 3765 3765 vende-

2188 3783 2316 3837 bant
2340 3785 2532 3853 quippe
2561 3785 2722 3845 intus.
2749 3792 2801 3837 et
2822 3783 3090 3847 emebant,
3120 3792 3173 3836 et
3195 3782 3473 3836 occasione
3500 3796 3561 3834 ac
3586 3783 3764 3850 specie

2189 3852 2570 3906 sacriﬁciorum
2604 3855 2735 3906 intra
2764 3852 2937 3905 fanum
2969 3854 3136 3920 ipsum
3165 3862 3509 3905 mercaturam
3538 3867 3766 3904 exerce-

2190 3922 2318 3976 bant
2347 3940 2359 3975 :
2394 3940 2511 3976 cum
2545 3939 2670 3993 ergo
2712 3925 2909 3991 virgam
2936 3932 2988 3976 et
3019 3922 3375 3993 ﬂagelluurde
3407 3922 3652 3973 funiculis
3681 3920 3762 3993 fe-

2189 3994 2370 4056 cisset,
2404 3996 2557 4060 ejecit
2584 3989 2674 4046 eos
2703 3989 3001 4062 det'emplo,
3023 3989 3203 4046 dicens
3227 4031 3242 4055 ,
3280 3989 3451 4062 Nolite
3477 3996 3645 4062 facere
3671 3991 3767 4062 do-

2170 4072 2325 4115 "mum
2358 4062 2524 4116 Putris
2551 4064 2644 4116 mei
2671 4064 2874 4115 domum
2897 4059 3264 4132 negotiationis
3318 4061 3336 4131 (
3361 4059 3517 4112 loan.
3546 4061 3600 4113 2.
3632 4060 3699 4132 i6
3719 4060 3763 4127 ).

2189 4134 2338 4198 Quod
2396 4135 2437 4186 si
2513 4134 2708 4201 virgam
2771 4133 2909 4185 illam
2980 4129 3338 4201 'tolerasseut,
3404 4145 3508 4183 non
3581 4129 3766 4201 utique

2189 4219 2282 4255 eos
2329 4204 2377 4256 in
2410 4204 2553 4271 virga
2605 4202 2771 4255 ferrea
2822 4203 3043 4255 rexisset
3084 4220 3096 4254 :
3152 4200 3360 4269 quando
3406 4209 3581 4271 autem
3618 4200 3768 4271 salu-

2192 4282 2357 4328 tarem
2385 4268 2582 4340 virgam
2630 4273 2976 4341 ignominiose
3003 4268 3333 4339 rejecerunt,
3372 4284 3492 4341 non
3548 4268 3764 4341 ﬂagello

2189 4344 2409 4412 subjecti
2435 4337 2577 4406 sunt,
2610 4337 2781 4410 neque
2809 4337 3080 4403 sermoni,
3112 4341 3200 4409 qui
3258 4340 3473 4412 minime
3518 4337 3766 4412 stupidos

2189 4407 2401 4482 acrique
2432 4407 2865 4490 prmditossensu
2902 4407 3157 4490 castigati;
3190 4410 3281 4464 sed
3311 4410 3470 4490 virgae
3520 4407 3709 4462 ferrese
3744 4425 3762 4490 ξ

2188 4498 2249 4537 ac
2280 4477 2647 4551 smpeitttitiero
2675 4482 2817 4534 illam
2872 4477 3188 4535 submovere
3241 4477 3414 4533 conati
3454 4487 3615 4551 sunt,
3658 4477 3763 4551 sed

2188 4547 2591 4621 comprehendit
2620 4566 2712 4606 eos
2739 4552 2885 4620 virga
2908 4551 3077 4604 ferrea
3104 4592 3118 4615 ,
3149 4563 3413 4621 _qu:ninon
3445 4547 3765 4615 simpliciter

2189 4619 2433 4692 percutit,
2490 4622 2583 4676 sed
2632 4637 2661 4676 e
2702 4619 2878 4675 medio
2927 4621 3079 4692 tollit.
3133 4619 3248 4686 Quo
3293 4620 3492 4692 itaque
3522 4627 3769 4685 tempore

2188 4688 2330 4763 virga
2353 4693 2521 4747 ferrea
2539 4692 2745 4763 initium
2754 4692 2903 4763 cepit
2946 4691 3252 4760 imperantis
3279 4688 3515 4763 augusti
3546 4695 3703 4763 πως
3725 4726 3745 4751 ,

2190 4756 2314 4818 ιυιῖο
2343 4764 2590 4817 nimirum
2630 4771 2684 4815 et
2708 4756 2947 4813 Christus
2976 4756 3058 4813 est
3087 4771 3258 4813 natus.
3290 4757 3607 4825 Principium
3654 4756 3770 4809 Ro-

2188 4849 2467 4888 manorum
2489 4832 2803 4901 principium
2829 4830 3216 4901 praedicationis
3236 4870 3253 4901 ,
3285 4836 3527 4896 quartum
3555 4836 3766 4901 tempo-

2188 4920 2304 4959 rum
2328 4897 2570 4975 regnum.
2601 4897 2723 4975 ligi-c
2773 4897 2913 4975 enim
2941 4900 3076 4975 apud
3102 4899 3384 4975 prophetas
3438 4898 3661 4968 mystice
3707 4897 3764 4975 in

2189 4969 2420 5029 futurum
2446 4973 2713 5027 recondita
2740 4971 2922 5024 videre
2944 4971 3061 5024 licet
3086 4985 3099 5021 :
3124 4969 3253 5023 nihil
3279 4970 3483 5037 quippe,
3505 4982 3607 5019 non
3628 4969 3760 5037 seri~

2190 5054 2335 5115 ptum
2364 5041 2926 5115 reperitur__neque_in
2952 5040 3117 5103 Novo,
3148 5034 3319 5107 neque
3363 5034 3423 5115 iii
3450 5036 3639 5115 Veteri
3660 5034 3765 5087 Te-

2189 5104 2480 5176 stamento;
2512 5114 2602 5167 sed
2634 5104 2799 5165 Vetus
2828 5110 3029 5163 Novum
3054 5104 3439 5177 prmoceupavit
3458 5149 3472 5168 ,
3501 5104 3767 5177 et_Vctus

2191 5175 2591 5254 interpretatum
2620 5190 2702 5254 est
2730 5180 2955 5233 Novum.
2984 5175 3220 5254 Acistepe
3264 5178 3370 5232 dixi
3422 5178 3528 5230 duo
3572 5175 3764 5228 Testa-

2190 5250 2366 5311 menta
2394 5270 2511 5309 esse
2540 5264 2592 5308 et
2613 5252 2743 5306 duas
2785 5258 3004 5325 anetttas
3050 5250 3285 5317 duasque
3316 5262 3540 5325 sorores
3564 5286 3578 5309 ,
3641 5260 3766 5325 qua:

2192 5328 2470 5381 Dominum
2493 5338 2653 5377 unum
2671 5321 2956 5376 satellitum
2972 5320 3021 5373 in
3039 5315 3240 5373 morem
3264 5318 3477 5385 Stipant.
3504 5315 3766 5385 Dominus

2190 5398 2327 5465 apud
2354 5396 2638 5465 prophetas
2658 5392 3018 5455 annuntiatur,
3048 5389 3294 5465 Christus
3392 5388 3537 5465 ﬁovo
3569 5384 3766 5451 prmdi-

2191 5457 2381 5523 catur':
2414 5457 2515 5519 non
2536 5478 2670 5517 nova
2697 5470 2819 5514 sunt
2846 5476 3004 5523 nova,
3026 5470 3205 5513 vetera
3235 5457 3495 5524 siquidem
3528 5469 3761 5523 prmces-

2192 5547 2405 5591 serunt:
2425 5550 2527 5589 non
2547 5534 2804 5587 exstincta
2826 5539 2948 5608 sunt
2972 5538 3173 5608 vetera,
3188 5528 3382 5608 quippe
3400 5542 3519 5608 quso
3542 5527 3591 5578 in
3614 5524 3765 5608 aliive

2192 5608 2531 5662 Testamento
2555 5612 2679 5658 sunt
2702 5602 2961 5671 exposita.
2992 5594 3574 5671 Enimvero’Danie‘lem
3615 5594 3763 5647 illum

2189 5680 2381 5737 intueri
2412 5685 2581 5749 potes,
2599 5666 2849 5745 juvenem
2880 5670 3094 5742 quidem
3122 5674 3299 5739 aetate,
3331 5666 3610 5739 prophetia
3632 5678 3762 5719 vero
