4092 6194
381 362 478 417 797

379 472 486 540 jam
516 483 731 536 canum,
761 467 1116 540 iniBabylone
1147 467 1579 540 pliophetantcm.
1613 466 1804 540 Quare
1835 483 1961 521 vero

380 538 432 595 in
462 539 772 612 Babylone?
793 539 995 612 Fuerat
1015 539 1208 612 quippe
1241 541 1292 592 in
1317 539 1674 612 captivitatem
1707 538 1965 612 abductus

381 608 608 681 populus
635 611 686 664 in
716 610 1057 680 Babylonem,
1083 608 1297 681 jamque
1339 609 1391 662 in
1440 610 1596 662 terris
1625 610 1964 681 ASsyriorum

381 679 714 762 septuaginta
741 679 911 734 annos
940 690 1210 748 exegerat.
1240 679 1310 762 lbi
1340 695 1465 746 ergo
1491 679 1962 762 nasciturDaniel,

383 748 460 805 ibi
475 748 733 804 educatur
760 768 772 801 :
803 765 976 818 neque
1008 759 1183 802 tamen
1214 751 1372 802 ullam
1427 765 1493 803 ex
1547 748 1966 817 alienigenarum

384 823 600 890 regione
629 821 798 874 labem
821 819 1106 872 contrahit.
1137 820 1260 872 Erat
1286 819 1427 872 enim
1452 835 1519 890 eo
1555 833 1714 890 sensu
1755 833 1817 872 ac
1858 834 1969 872 ma-

384 888 660 958 gn'itudine
690 891 852 943 animi
883 890 1154 958 pratditus,
1186 906 1303 958 qua:
1326 889 1564 956 patribus
1591 888 1746 956 digna
1777 899 1918 942 esset
1949 931 1964 955 ,

384 962 526 1015 etab
553 961 661 1029 ipsa
683 961 958 1028 juventute
1005 961 1062 1014 lit
1111 961 1366 1028 propheta
1393 1000 1409 1025 ,
1441 967 1780 1026 mentemque
1829 959 1969 1013 illius

385 1031 613 1101 Spiritus
651 1040 868 1084 sanctus
887 1030 1084 1101 amavit
1104 1046 1117 1094 ;
1142 1043 1366 1101 cumque
1387 1030 1574 1101 decem
1591 1041 1644 1082 et
1661 1039 1780 1082 octo
1797 1044 1969 1082 anno-

388 1099 505 1155 rum
534 1110 696 1164 esset,
750 1100 1080 1169 prophetiam
1133 1114 1282 1153 suam
1337 1099 1622 1152 inchoavit.
1682 1101 1758 1152 Ac
1805 1101 1970 1152 multa

388 1172 600 1241 quidem
629 1179 755 1224 sunt
780 1186 842 1224 ea
870 1183 988 1241 quae
1023 1169 1264 1236 praedixit
1293 1187 1304 1220 :
1358 1170 1740 1241 interpretatur
1793 1178 1970 1241 autem

388 1238 442 1296 et
465 1256 621 1309 regna
653 1238 904 1309 quatuor.
949 1240 1084 1311 Vidit
1110 1241 1250 1291 enim
1277 1240 1612 1311 Assyriorum
1641 1253 1749 1311 (rex
1791 1238 1971 1292 Nabu-

393 1312 734 1366 chodonosor
761 1319 988 1378 quatuor
1017 1310 1067 1362 in
1115 1311 1341 1374 imagine
1383 1309 1749 1371 ‘diﬂ‘erentias,
1808 1325 1970 1362 unum

390 1382 605 1452 quidem
651 1396 867 1450 corpus,
894 1389 1121 1452 quatuor
1160 1395 1288 1452 vero
1317 1381 1525 1434 colores
1575 1397 1588 1433 :
1647 1395 1767 1431 nam
1817 1389 1975 1446 caput.

391 1449 605 1521 quidem
634 1449 856 1521 aureum
884 1459 998 1503 erat
1023 1449 1258 1521 imagini,
1294 1458 1824 1521 pectusargeuteum,
1848 1465 1976 1503 ven-

393 1519 476 1576 ter
505 1536 698 1584 terens,
750 1519 912 1590 pedes
941 1520 1098 1590 ferrei
1131 1537 1144 1571 :
1176 1530 1230 1573 et
1255 1535 1317 1573 cx
1349 1519 1680 1589 quadruplici
1712 1528 1830 1574 erat
1859 1535 1970 1571 ma-

393 1593 527 1647 te'ria
561 1589 786 1645 conﬂata
815 1589 974 1660 (Dan.
999 1589 1053 1642 2.
1085 1591 1171 1643 51.
1200 1600 1246 1642 et
1273 1591 1429 1660 sqq.).
1456 1590 1741 1660 Etvﬁiderat
1761 1590 1973 1660 quidem

396 1663 614 1730 rex;’qui
631 1674 761 1714 vero
793 1659 1252 1729 it’iterpretaretur,
1277 1677 1379 1712 non
1402 1668 1537 1714 erat.
1562 1659 1765 1714 Venere
1796 1659 1931 1728 magi
1956 1700 1970 1725 ,

395 1747 594 1787 venere
607 1731 863 1796 Chaldrei,
885 1730 1123 1800 producti
1138 1739 1260 1783 sunt
1277 1740 1442 1794 vates;
1458 1730 1545 1799 qui
1565 1730 1978 1800 regem_scduce-

399 1804 549 1866 bant,
569 1802 738 1856 vocati
759 1798 918 1853 Suut':
946 1801 1069 1866 quid
1091 1816 1213 1853 vero
1231 1801 1302 1852 illi
1323 1798 1685 1868 respondent?
1728 1798 1821 1852 Dic
1839 1799 1979 1852 nobis

397 1875 670 1939 somnium,
698 1882 742 1925 et
769 1873 1153 1940 interpretamur
1177 1869 1334 1939 (Ibid.
1358 1869 1518 1940 v.4).
1558 1871 1698 1925 Deus
1715 1870 1980 1939 sapienter

399 1943 687 2013 providens
709 1984 724 2006 ,
773 1942 848 2013 uti
895 1957 960 1996 ne
1001 1943 1067 1994 ab
1111 1941 1212 2013 illis
1244 1955 1392 1994 more
1420 1943 1576 1995 solito
1606 1941 1976 2013 deciperetur,

397 2011 613 2066 omnem
636 2012 919 2080 imaginem
950 2012 1140 2065 somnii
1179 2027 1244 2066 ex
1277 2012 1415 2078 regis
1442 2011 1699 2064 memoria
1728 2012 1931 2080 delevit
1963 2050 1977 2074 ,

401 2085 717 2151 dicebatqtte
744 2079 836 2136 rex
863 2082 969 2135 illis
994 2100 1007 2134 :
1044 2082 1205 2134 Dicite
1222 2083 1346 2133 milii
1362 2082 1610 2134 somnium
1626 2097 1787 2134 nteant
1816 2079 1980 2149 (Ibid.

401 2172 450 2208 υ.
492 2156 566 2224 9).
601 2154 730 2208 Cum
756 2161 930 2206 autem
958 2153 1032 2206 illi
1060 2167 1120 2206 se
1151 2167 1266 2224 non
1283 2165 1442 2221 posse
1471 2152 1690 2224 alterius
1714 2153 1980 2224 somnium

407 2222 624 2278 narrare
653 2225 823 2292 palam
841 2225 1154 2288 faterentur,
1177 2222 1271 2276 sed
1304 2231 1530 2286 tantum,
1583 2223 1672 2276 ubi
1721 2222 1849 2274 illud
1885 2235 1981 2275 au-

403 2297 685 2360 divissent,
715 2295 1075 2361 interpretari,
1106 2294 1396 2348 accersitur
1433 2293 1654 2356 Daniel,
1700 2302 1979 2360 postquam

406 2366 690 2419 indicatum
717 2372 800 2417 est
823 2378 944 2418 eum
969 2364 1034 2416 ad
1076 2363 1189 2417 haec
1216 2364 1514 2432 praastanda
1545 2364 1792 2416 idoneum
1816 2377 1934 2416 esse
1969 2380 1980 2414 :

404 2446 562 2504 atque
581 2435 644 2488 ad
673 2449 848 2503 regem
871 2433 1360 2494 Nabuchodonosor
1377 2433 1750 2498 introducitur,
1790 2433 1984 2486 somnii

405 2507 632 2560 alii-rens
659 2505 1039 2559 revelationem
1068 2504 1311 2572 aSpiritu
1333 2513 1518 2558 sancto
1553 2512 1856 2557 manantem
1888 2521 1899 2561 :
1933 2512 1986 2557 et

407 2578 490 2630 his
535 2575 712 2630 verbis
748 2590 928 2645 regem
956 2577 1275 2643 compellat:
1306 2575 1428 2630 llaec
1469 2584 1522 2630 et
1564 2574 1662 2627 ista
1709 2576 1904 2639 vidisti,
1954 2591 1987 2627 o

405 2662 524 2702 rex.
556 2646 688 2699 Tum
717 2647 874 2699 simul
901 2655 1060 2714 atque
1089 2646 1201 2700 hmc
1223 2646 1380 2700 verba
1427 2647 1681 2715 propheta
1731 2646 1984 2714 protulit,

407 2718 462 2771 in
489 2717 749 2770 audientis
768 2717 907 2785 regis
937 2717 1247 2770 memoriam
1279 2719 1543 2770 somnium
1575 2715 1729 2768 rediit
1758 2757 1772 2778 ,
1818 2726 1864 2768 et
1919 2731 1986 2767 ex

410 2787 681 2841 auditione
703 2787 999 2840 recordatio
1024 2796 1144 2840 nata
1188 2795 1270 2841 est
1313 2787 1550 2841 visionis.
1611 2787 1990 2854 Intrprctatnr

337 2915 340 2920 _
409 2858 585 2926 itaque
613 2858 737 2911 illud
767 2859 1023 2928 prepheta
1055 2875 1067 2909 :
1098 2858 1205 2927 jam
1251 2858 1390 2910 enim
1445 2874 1508 2910 ex
1569 2857 1676 2926 ipsa
1709 2857 1989 2928 dt‘ttltttlia~

410 2932 553 2983 tione
574 2927 776 2982 somnii
797 2929 952 2983 (idem
978 2929 1076 2982 sibi
1103 2928 1411 2982 conciliarat
1436 2929 1697 2995 interpres
1722 2967 1736 2992 ,
1793 2940 1845 2980 et
1875 2927 1949 2978 ait
1973 2943 1986 2978 :

411 2998 585 3066 Imago
612 3014 769 3067 quam
813 2999 1029 3064 vidisti,
1090 3013 1250 3068 regna
1297 3007 1422 3052 sunt
1467 3009 1732 3068 quatuor:
1763 3007 1992 3066 quatuor

407 3070 550 3124 enim
585 3085 745 3138 regna
773 3081 1092 3138 consurgent
1123 3067 1172 3122 in
1208 3071 1362 3123 terris
1407 3067 1591 3138 (:Ibid.
1628 3084 1677 3120 υ.
1711 3069 1799 3122 37.
1830 3069 1986 3137 ειη).

407 3142 582 3209 Atque
612 3142 698 3192 illa
725 3141 936 3208 quidem
981 3145 1154 3208 imago
1183 3141 1384 3210 integra
1416 3150 1551 3205 erat,
1605 3155 1765 3192 llllllm
1797 3151 1991 3206 corpus

408 3211 752 3265 consistebat.
791 3210 975 3264 Vidisti
1008 3226 1152 3273 vero,
1187 3209 1308 3274 rex,
1349 3211 1644 3264 abscissum
1692 3224 1809 3264 esse
1862 3209 1992 3277 lapi-

409 3283 531 3336 dem
557 3282 673 3335 sine
694 3281 954 3345 manibus,
984 3290 1037 3334 et
1068 3282 1346 3350 imaginem
1375 3283 1689 3334 contriviSse
1714 3293 1737 3341 ,'
1766 3295 1826 3332 ac
1856 3279 1990 3348 lapi-

408 3352 535 3406 dem
564 3366 855 3419 occupasse
883 3351 1042 3419 atque
1070 3353 1371 3420 implevisse
1417 3361 1610 3406 terram
1667 3351 1987 3420 universam.

411 3423 525 3476 Hoc
558 3422 684 3475 illud
710 3431 792 3475 est
813 3425 950 3490 quod
977 3419 1192 3478 vidisti:
1224 3433 1451 3491 quatuor
1481 3437 1640 3491 regna
1667 3423 1861 3473 vidisti.
1915 3419 1993 3472 Tu

409 3512 460 3546 es
487 3503 638 3560 caput
660 3493 903 3562 aureum(
927 3491 1009 3546 Ib.
1034 3509 1081 3546 υ.
1110 3493 1221 3564 58).
1257 3493 1413 3547 Primi
1433 3495 1573 3547 enim
1595 3503 1812 3564 regnant
1833 3495 1995 3560 Assy-

410 3565 498 3627 rii,
524 3565 711 3632 opibus
737 3564 1019 3616 admodum
1050 3573 1291 3632 potentes
1310 3573 1365 3617 et
1392 3565 1667 3617 clarissimi
1694 3604 1709 3628 ,
1755 3563 1993 3616 deliciis-

412 3650 518 3701 que
543 3649 604 3688 ac
625 3633 845 3687 mollitie
874 3635 1234 3703 perditissimi.
1261 3635 1327 3688 Et
1353 3635 1428 3687 ait
1454 3635 1524 3687 illi
1553 3650 1566 3686 :
1621 3633 1700 3686 Tu
1743 3649 1796 3684 es
1840 3642 1992 3700 caput

412 3722 642 3770 aureum,
675 3714 854 3772 etpost
904 3716 952 3760 te
989 3715 1253 3775 consurget
1297 3721 1504 3775 regnum
1549 3704 1690 3756 aliud
1712 3703 1898 3775 dminus
1949 3713 1996 3755 te

419 3776 522 3842 (Ib.
557 3787 603 3828 et
633 3792 679 3827 υ.
709 3777 824 3843 59).
855 3775 984 3828 Nam
1015 3788 1135 3844 post
1165 3774 1414 3845 Assyrius
1441 3784 1662 3843 regnant
1707 3774 1885 3845 Persae
1931 3788 1994 3827 ac

415 3847 592 3908 Medi;
644 3847 855 3900 fuerunt
903 3843 1080 3901 autem
1132 3859 1185 3900 et
1233 3843 1316 3900 isti
1363 3845 1724 3899 illustrissimi.
1765 3843 1992 3896 Tertium

413 3929 681 3988 consurget
704 3934 910 3987 regnum
940 3933 1125 3970 (ereum
1151 3959 1166 3983 ,
1223 3917 1526 3988 Graecorum
1559 3931 1620 3988 ac
1644 3915 1992 3988 Macedonum

416 4003 657 4056 regnum,
691 3989 1138 4057 quamloqnidem,
1181 4004 1299 4040 cmn
1331 3989 1380 4040 in
1413 3987 1615 4042 Cra-cia
1664 3995 1807 4057 esset
1828 3987 1991 4039 Alex-

413 4055 782 4124 ander,mo’tis
821 4055 1089 4113 castrisin
1117 4059 1387 4112 Persidem
1441 4060 1692 4126 impetum
1739 4055 1884 4120 fecit,
1940 4063 1997 4110 et

417 4129 576 4181 Dario
606 4139 855 4197 superato
883 4145 1102 4198 regnum
1133 4130 1249 4198 ejus
1289 4129 1388 4184 sub
1417 4127 1696 4196 imperium
1723 4142 1877 4181 suum
1909 4127 1992 4198 dif

419 4200 723 4267 tioncmque
741 4197 1030 4268 snbjunSiI.
1062 4197 1410 4269 Comparatus
1433 4208 1654 4268 estergo
1680 4199 1813 4269 teri,
1851 4197 1994 4267 quod

415 4285 608 4322 sonora
634 4271 684 4323 in
715 4267 992 4338 colldquiis
1015 4287 1143 4325 voce
1174 4267 1410 4324 uteretur
1441 4286 1454 4321 :
1487 4267 1658 4325 Graici
1711 4267 1854 4322 enim
1903 4269 1994 4338 qui

412 4341 518 4392 sub
544 4341 846 4395 AleXandro
875 4345 1168 4405 merebant,
1202 4352 1331 4396 utet
1359 4339 1662 4395 Alexander
1709 4341 1842 4408 ipse,
1871 4354 1992 4393 cum

419 4410 642 4464 laetanda
664 4420 716 4465 et
738 4412 985 4480 expedita
1016 4413 1065 4466 in
1089 4427 1376 4481 congressu
1407 4413 1581 4481 lingua
1613 4411 1719 4463 sint
1750 4409 1954 4478 praediti
1975 4449 1990 4472 ,

415 4497 538 4533 cum
563 4497 667 4536 avre
697 4484 871 4536 collati
901 4493 1044 4536 sunt.
1075 4483 1283 4537 Eteuun
1310 4482 1644 4549 Splendidqu
1673 4481 1885 4549 quidem
1913 4490 1994 4534 est

417 4567 627 4616 aurum,
651 4562 703 4605 at
730 4554 904 4607 utilius
929 4569 1177 4608 sonorum
1205 4570 1218 4616 ;
1255 4557 1554 4622 pariterque
1573 4563 1847 4620 argentum
1879 4569 1890 4604 :
1921 4565 1994 4604 res

419 4638 546 4675 κει-υ
569 4623 784 4676 materia
815 4624 1026 4692 quidem
1054 4640 1117 4678 ac
1146 4627 1285 4678 mole
1309 4624 1483 4678 :IIIIIIIS
1507 4665 1521 4689 ,
1585 4625 1679 4676 sed
1733 4637 1992 4676 sonorum

417 4703 521 4754 est,
547 4708 681 4764 cum
733 4695 987 4762 pulsatur.
1020 4695 1104 4749 Ait
1147 4709 1275 4764 ergo
1301 4696 1510 4748 tertium
1564 4708 1785 4762 regnum
1829 4707 1947 4746 esse
1976 4733 1990 4755 ,

416 4763 560 4831 quod
584 4780 680 4832 per
703 4780 777 4818 tes
819 4767 1180 4835 signiﬁcatur;
1219 4763 1480 4835 ’quartum
1512 4779 1646 4835 vero
1667 4779 1888 4833 regnum
1943 4770 1998 4816 et

420 4783 560 4831 quoa
584 4783 680 4832 per
703 4783 777 4818 tes
819 4783 1180 4835 stgmucatur;
1233 4783 1480 4888 quartum
1512 4783 1640 4819 vero
1667 4783 1888 4833 regnum
1943 4783 1996 4816 et

420 4844 748 4906 postremum
798 4848 879 4890 est
933 4838 1160 4890 ferreum
1211 4835 1230 4906 (
1269 4837 1318 4888 b.
1362 4851 1412 4890 st.
1451 4833 1563 4904 40).
1614 4833 1772 4904 Reges
1819 4835 1996 4902 itaque

419 4905 536 4958 illos
564 4911 615 4958 in
638 4909 779 4978 uirga
808 4910 970 4975 ferrea
1003 4907 1171 4977 (Psal.
1207 4905 1260 4958 2.
1294 4907 1372 4978 9).
1411 4906 1539 4960 Vide
1569 4914 1918 4978 concentum
1941 4915 1995 4958 et

412 4975 756 5048 concordiam
787 4975 1078 5046 prophetia:
1106 4996 1121 5032 :
1152 4978 1282 5048 vidit
1325 4975 1521 5048 quippe
1561 4975 1834 5045 quomodo
1878 4976 1996 5048 sine

425 5047 666 5101 inanibus
693 5045 826 5116 lapis
847 5045 915 5103 de
938 5058 1118 5103 monte
1133 5045 1509 5103 sitabsc'iss'us.
1538 5049 1654 5114 Quo
1702 5056 1858 5116 pacto
1897 5045 1996 5100 ab-

421 5119 622 5170 scissus
651 5126 734 5172 est
755 5122 776 5168 1’
801 5117 918 5173 Non
968 5119 1112 5173 ferro
1142 5161 1156 5184 ,
1203 5119 1296 5172 sed
1342 5121 1459 5172 sine
1501 5117 1776 5182 manibus;
1809 5126 1997 5185 sponte

421 5189 563 5240 enin
591 5197 644 5242 ct
667 5190 870 5259 absque
895 5190 1069 5244 aliena
1097 5204 1200 5260 0pc
1235 5190 1391 5260 Virgo
1421 5189 1560 5260 parit
1587 5205 1601 5241 :
1635 5188 1765 5257 lapis
1818 5198 1994 5241 autem

421 5263 684 5326 penus-sit
711 5261 1013 5330 imaginem,
1036 5270 1088 5314 et
1109 5263 1274 5316 lactus
1297 5271 1377 5315 est
1400 5262 1453 5314 in
1474 5270 1707 5330 montem
1726 5274 1991 5330 magnum,

421 5339 476 5382 ct
506 5328 1070 5397 impletittuiiversum
1099 5333 1284 5385 orbem
1326 5342 1607 5385 terrarum.
1661 5328 1810 5384 Unus
1863 5329 1997 5398 lapis

423 5409 618 5453 terra!!!
647 5402 828 5466 implet
847 5417 1060 5457 omnem
1088 5419 1101 5455 :
1130 5401 1231 5456 Ille
1255 5403 1453 5472 quidem
1483 5402 1613 5472 lapis
1635 5399 1882 5454 abscissus
1927 5410 2000 5454 est

421 5472 531 5522 sine
554 5472 876 5536 manibus,et
906 5479 1071 5543 factus
1091 5483 1162 5527 est
1188 5474 1241 5526 in
1267 5484 1483 5528 montem
1505 5480 1851 5543 magnumst
1903 5472 1999 5523 im-

425 5491 531 5522 stne
554 5491 876 5536 manibus,“
906 5491 1071 5543 jactus
1091 5491 1162 5527 est
1188 5491 1241 5526 in
1267 5491 1483 5528 utentem
1505 5491 1586 5525 ma
1623 5491 1762 5534 num,
1804 5491 1850 5522 ει

425 5543 576 5616 plerit
594 5547 889 5616 uniuersum
917 5544 1085 5597 orbem
1112 5555 1361 5616 terrarum
1384 5544 1542 5616 (Dan.
1661 5542 1888 5616 54155).

496 5611 550 5662 2.
583 5609 766 5678 Qualis
795 5615 1004 5668 tandem
1033 5630 1114 5668 εει
1143 5615 1272 5684 lapis
1305 5609 1446 5668 istc?
1489 5614 1624 5668 Audi
1672 5613 1854 5684 Isaiam
1911 5614 1993 5666 di-

423 5691 675 5735 centem:
726 5684 854 5737 Ecce
895 5702 985 5756 ego
1025 5701 1156 5756 pono
1187 5681 1239 5738 in
1289 5687 1414 5739 Sion
1445 5687 1665 5754 lapidem
1709 5681 1998 5749 offensionis

427 5762 473 5826 et
495 5762 688 5819 petram
735 5755 961 5809 scandali
989 5758 1004 5825 (
1039 5755 1163 5808 lsai.
1197 5757 1248 5809 8.
1287 5758 1349 5809 14
1379 5757 1419 5825 ).
1443 5769 1486 5810 et
1517 5757 1692 5826 (omnis
1714 5756 1799 5826 qui
1841 5759 1998 5809 credit

432 5823 655 5889 incum,
684 5843 779 5878 non
806 5823 1146 5895 confundetur
1171 5827 1188 5895 (
1220 5823 1448 5881 limini).
1477 5825 1608 5896 '55).
1651 5823 1829 5898 Neque
1870 5843 1996 5882 vero

1410 357 1473 411 IN
1515 356 1740 422 ILLUD,
1783 355 1967 411 ΕΧΙΙΤ
1998 356 2323 424 EDICTUM,
2355 357 2507 412 ETC.

3537 364 3640 422 198

2075 467 2222 548 solus
2256 467 2420 548 Isaias
2441 468 2506 548 de
2539 467 2712 536 lapide
2741 470 2898 526 verba
2927 461 3085 548 facit,
3110 472 3204 528 sed
3228 482 3283 548 et
3316 474 3479 548 David
3513 493 3648 548 prae-

2074 538 2201 612 dicit
2232 581 2246 603 ,
2288 538 2538 612 Lapidem
2579 555 2724 608 quem
2767 538 3156 608 reprobaverunt
3191 538 3539 612 a'dtﬁcantes'.
3570 552 3648 606 hic

2074 609 2239 678 factus
2287 620 2356 684 est
2385 611 2619 684 ineaput
2662 613 2856 684 anguli.
2887 611 2930 663 Α
2973 612 3189 684 Domino
3231 609 3364 684 facta
3391 629 3463 671 est
3494 619 3600 674 Itan:
3626 636 3646 678 :

2075 689 2120 760 et
2149 688 2226 760 est
2251 679 2492 760 mirabilis
2536 680 2586 731 in
2632 682 2789 760 oculis
2820 684 3036 760 ηοω-ξς(
3065 679 3350 760 ΡδᾳΙέΗῖ
3392 688 3479 741 22.
3507 689 3578 743 25
3607 694 3650 760 ).

2075 748 2258 828 Qualis
2309 749 2518 828 tandem
2555 748 3170 828 _angulus_est_factus_?
3198 755 3382 810 Omnis
3424 748 3649 828 anguhis

2074 821 2207 892 duos
2233 819 2462 892 parietes
2492 820 2668 892 seipse
2697 822 3006 890 conjungit;
3040 825 3314 892 conjunxit
3346 819 3523 882 autem
3567 831 3650 884 hic

2075 887 2207 957 lapis
2237 887 2454 968 Novum
2501 887 2755 968 acivetus
2791 887 3190 968 Testamentum
3223 936 3236 956 ,
3268 897 3400 951 duos
3432 901 3654 968 populos

2076 974 2137 1037 ex
2168 960 2409 1028 gentibus
2450 969 2505 1037 et
2534 961 2852 1037 arundinis.
2884 963 3057 1037 Quare
3085 967 3123 1016 Λ
3159 965 3372 1021 Domino
3411 960 3546 1037 fttcla
3584 981 3654 1023 est

2076 1029 2204 1093 Ita'c,
2241 1039 2285 1081 et
2315 1038 2386 1082 est
2422 1031 2665 1084 mirabilis
2699 1033 2750 1083 in
2795 1035 2954 1085 oculis
3004 1038 3187 1088 nostris
3211 1053 3229 1090 .'
3266 1053 3368 1090 non
3402 1029 3452 1092 in
3484 1042 3653 1094 oculis

2077 1099 2333 1172 nomium,
2367 1099 2465 1172 sed
2511 1101 2562 1152 in
2605 1103 2771 1172 oculis
2823 1104 3038 1168 nostris,
3070 1107 3156 1172 qui
3193 1107 3478 1162 credimus.
3516 1111 3652 1164 Cum

2076 1167 2235 1240 igitur
2265 1167 2554 1222 Ecclesiam
2585 1169 2778 1240 vidrris
2807 1188 2896 1238 per
2927 1167 3150 1240 lapidem
3184 1192 3342 1230 unum
3365 1192 3428 1232 ex
3456 1179 3653 1233 Iuda-is

2077 1239 2427 1308 gentibusque
2471 1237 2751 1292 conﬂatam
2781 1237 2936 1303 ,tnm
2969 1237 3196 1298 maxime
3253 1247 3347 1299 tibi
3383 1251 3557 1303 veniat
3604 1253 3655 1304 iu

2078 1318 2310 1362 mentem
2359 1308 2496 1378 quod
2537 1310 2645 1378 jam
2708 1311 2922 1365 dicitur.
2991 1313 3182 1366 Verum
3238 1316 3380 1369 dicet
3435 1319 3659 1374 fortasse

2078 1380 2360 1448 quispiam.
2385 1377 2482 1456 Ubi
2507 1377 2840 1456 q'umsosunt
2863 1382 3000 1456 inter
3031 1399 3126 1438 nos
3148 1386 3309 1456 aliqui
3335 1404 3399 1440 ex
3420 1387 3658 1444 ludatis?

2079 1464 2203 1528 nam
2229 1467 2288 1528 c._v
2315 1449 2556 1528 gentibus
2587 1451 2800 1528 quidem
2818 1451 3122 1528 plerosque
3136 1449 3398 1528 videmus;
3421 1459 3509 1528 qui
3533 1475 3660 1514 vero

2080 1534 2145 1572 ex
2179 1519 2398 1583 Iuda-is,
2428 1521 2514 1570 ubi
2546 1523 2716 1572 sunt?
2760 1521 2912 1575 Unde
2939 1519 3055 1575 erat
3090 1524 3284 1579 Paulus
3310 1527 3333 1579 Ἰ
3374 1519 3511 1584 unde
3548 1541 3663 1584 erat

2083 1588 2270 1642 Petrus
2298 1589 2320 1640 ?
2347 1590 2484 1642 unde
2518 1606 2675 1658 porro
2702 1593 2941 1644 Andreas
2969 1593 2992 1645 ?
3024 1595 3161 1648 unde
3212 1598 3338 1650 item
3379 1598 3610 1654 Joannes
3637 1601 3662 1654 'I

2082 1660 2435 1739 undendenum
2467 1660 2693 1739 millium
2727 1661 2959 1739 Ecclesia
2997 1663 3081 1739 _in‘
3107 1664 3400 1739 Jerusalem
3433 1684 3663 1739 congre-

2081 1732 2244 1797 gata?
2298 1731 2532 1782 Primum
2575 1747 2638 1782 ex
2669 1731 2893 1794 Judmis,
2927 1733 3117 1787 deinde
3158 1752 3220 1788 ex
3277 1736 3498 1792 Graecis.
3528 1731 3662 1795 Cum

2083 1800 2222 1878 enim
2251 1801 2282 1852 ii
2303 1801 2433 1878 ,__q_ui
2466 1801 2602 1867 apud
2633 1801 2772 1868 ipsos
2802 1812 2982 1878 era_nt._
2996 1820 3152 1878 spem
3183 1807 3439 1864 habentes
3485 1811 3652 1878 pieta-

2085 1869 2174 1946 tis,
2202 1869 2545 1946 crcdiderunt
2570 1887 2584 1934 ;
2642 1881 2749 1924 tum
2781 1874 2924 1926 venit
2953 1869 3047 1926 illa
3066 1877 3209 1946 virga
3233 1878 3424 1944 ferrea,
3447 1869 3498 1933 ci
3528 1897 3622 1935 eos
3647 1923 3662 1946 ,

2084 1943 2171 2021 qui
2205 1941 2254 1992 in
2295 1940 2666 2022 incredulitate
2693 1956 3120 2010 permanserunt,
3150 1940 3452 2016 dissipavit.
3498 1940 3660 2022 Reges

2083 2010 2224 2089 enim
2253 2027 2335 2064 eos
2363 2011 2431 2089 in.
2453 2012 2592 2089 virga
2643 2012 2802 2089 ferrea
2825 2052 2841 2078 ,
2872 2025 2917 2089 e_t
2953 2023 3206 2084 tamquam
3251 2010 3336 2070 viis
3375 2021 3519 2089 ﬁguli
3547 2010 3664 2075 con-

2087 2081 2280 2159 [ringes
2311 2081 2433 2159 eos(
2467 2079 2610 2159 Psal.
2632 2079 2697 2159 _‘2.
2723 2083 2754 2136 9
2871 2083 3045 2159 Quare
3069 2079 3236 2159 ’νει-ογ
3273 2079 3540 2159 tamquam
3569 2109 3661 2144 vas

2088 2150 2281 2222 liguli?
2328 2150 2384 2206 Si
2415 2151 2671 2205 ceciderit
2716 2150 2929 2220 quidem
2960 2156 3162 2222 lutum,
3209 2158 3333 2212 dum
3385 2150 3559 2216 adhuc
3587 2173 3669 2217 est

2090 2221 2389 2294 humidum,
2416 2223 2466 2275 in
2492 2221 2770 2292 pristinum
2803 2234 2995 2278 statum
3018 2221 3315 2282 restituitur
3338 2246 3352 2294 ;
3377 2232 3458 2284 sin
3489 2244 3664 2286 autem

2083 2290 2322 2367 jam__va_s
2353 2290 2748 2357 Iueriil'actum,
2782 2296 2995 2364 ignique
3024 2299 3192 2352 semel
3222 2290 3514 2367 admotum,
3539 2306 3666 2358 etin

2090 2361 2444 2440 aridissimam
2478 2370 2667 2416 testam
2695 2361 3013 2440 conversum
3064 2368 3139 2440 sit
3158 2411 3174 2434 ,
3208 2380 3484 2440 postquam
3503 2361 3670 2428 luerit

2090 2434 2448 2513 contractum,
2498 2447 2604 2487 non
2623 2436 2859 2513 amplius
2900 2439 3142 2513 resarciri
3175 2434 3370 2513 potest-7.
3403 2441 3562 2513 Reges
3584 2464 3667 2498 eos

2089 2503 2141 2582 in
2165 2503 2305 2572 virga
2336 2504 2500 2582 ferrea
2549 2518 2566 2556 :
2599 2512 2870 2582 jamquam
2911 2521 3031 2582 uasa
3065 2503 3525 2582 ﬁguliiconfringEs
3567 2532 3672 2569 eos.

2092 2573 2146 2626 In
2179 2589 2343 2642 regno
2374 2574 2550 2642 itaque
2595 2572 2769 2628 ferreo
2813 2572 3364 2634 Christustiascitur':
3397 2572 3668 2639 abscissus

2090 2654 2172 2698 est
2216 2645 2346 2713 lapis
2369 2645 2482 2698 sine
2509 2645 2774 2700 "nauibus.
2810 2645 2940 2702 Vide
2972 2647 3106 2703 facta
3137 2666 3369 2706 consona
3415 2663 3470 2708 et
3508 2658 3670 2710 verba

2093 2715 2282 2768 similia
2333 2731 2356 2795 :A
2401 2715 2668 2783 percussit
2717 2715 3032 2795 imaginem,
3087 2721 3365 2795 et-ell‘ecit
3408 2733 3464 2777 ut
3511 2741 3674 2795 regna

2092 2793 2385 2850 cess:irent,
2413 2801 2533 2853 qua)
2555 2798 2702 2838 erant
2739 2787 2788 2838 in
2822 2795 2960 2841 terra
2995 2804 3008 2841 :
3039 2799 3093 2844 et
3127 2789 3294 2845 factus
3323 2802 3405 2847 est
3443 2795 3494 2848 in
3523 2787 3676 2848 mim-

2096 2863 2203 2935 [ειη
2230 2869 2503 2935 magnurii,
2526 2871 2596 2935 ac_
2619 2865 2780 2910 totatn
2808 2867 3001 2935 tetram
3031 2860 3265 2935 implevit
3287 2862 3306 2935 (
3332 2864 3470 2918 Dan.
3503 2866 3558 2919 2.
3582 2869 3673 2921 54.

2264 2925 2377 2980 Hoc
2426 2926 2688 2980 somnium
2739 2924 3381 3004 rexuNabuchodonosor
3433 2937 3674 3004 viderat;

2094 2996 2291 3050 oblitus
2321 3006 2497 3073 autem
2531 3005 2645 3073 erat
2686 2999 2912 3073 somnii,
2933 3009 2988 3052 ut
3025 3018 3091 3056 ne
3121 3003 3247 3057 illud
3290 3006 3458 3073 magis
3485 2996 3673 3061 narra-'-

2095 3076 2196 3144 ret3
2229 3066 2373 3144 et_ah
2405 3067 2508 3120 illis
2537 3067 2602 3144 de
2631 3083 2779 3120 more
2812 3069 3120 3144 falleretur,
3148 3073 3272 3127 dum
3303 3066 3406 3129 alia
3437 3091 3532 3144 pro
3555 3079 3674 3133 aliis

2095 3137 2200 3213 ipsi
2221 3136 2504 3213 referrent.
2550 3137 2675 3190 Post
2707 3140 2918 3213 paulum
2949 3157 3078 3195 vero
3112 3147 3364 3213 temporis
3407 3136 3544 3201 idem
3578 3149 3678 3200 Da-

2095 3207 2202 3260 niel
2250 3207 2352 3284 alia
2399 3208 2603 3262 ratione
2635 3211 2916 3284 _soutu_ium
2952 3213 3134 3276 videt;
3167 3207 3340 3284 neque
3387 3233 3516 3271 vero
3547 3219 3674 3273 illud

2096 3277 2359 3330 somnium
2387 3286 2521 3340 erat,
2556 3277 2649 3332 sed
2678 3280 2930 3333 revelatio
2956 3284 3192 3338 visionis.
3219 3277 3505 3341 Videbatur
3529 3292 3671 3343 enim

2097 3347 2161 3400 ad
2189 3363 2334 3424 mare
2351 3349 2676 3424 consistere:
2709 3350 2884 3424 aitque
2911 3351 3087 3407 Daniel
3119 3355 3472 3424 (pedetentim
3490 3369 3674 3414 autem

2097 3431 2159 3498 ac
2188 3419 2385 3499 sensim
2412 3417 2704 3499 prOphetia}
2731 3422 2950 3489 ﬁguram
2973 3417 3397 3499 prosequantur),
3418 3428 3670 3495 Quatuor,

2097 3488 2290 3564 inquit,
2322 3489 2490 3542 bestia:
2537 3490 2753 3564 grandes
2777 3488 3127 3564 ascendebant
3148 3488 3237 3548 'de
3272 3488 3401 3552 mari
3427 3488 3458 3564 ξ
3472 3488 3682 3555 diremti

2097 3559 2229 3634 inter
2261 3576 2314 3613 se
2346 3575 2364 3611 :
2395 3569 2453 3634 ct:
2476 3562 2640 3634 multa
2667 3602 2681 3624 ,
2728 3562 2932 3634 inquit,
2960 3574 3073 3617 erat
3122 3566 3170 3618 in
3219 3567 3346 3634 ipsis
3371 3559 3677 3625 diversitas.

2098 3627 2281 3709 frium
2307 3630 2453 3709 quasi
2483 3631 2661 3709 (fama,
2685 3640 2732 3709 et
2761 3627 2869 3684 alas
2891 3633 3102 3709 habebat
3123 3627 3268 3709 quasi
3297 3641 3484 3706 tiqui/tv
3508 3641 3672 3709 (Dan.

2099 3700 2150 3752 7.
2183 3701 2233 3754 5.
2255 3717 2364 3770 sqq.
2397 3701 2434 3768 ).
2495 3699 2606 3753 Illic
2637 3700 2799 3754 habes
2842 3717 3049 3766 aurum,
3086 3699 3170 3758 hic
3214 3699 3434 3762 leictiatn
3470 3726 3482 3762 :
3513 3699 3681 3770 auare

2099 3770 2199 3850 hic.
2243 3769 2469 3850 leaenam
2497 3811 2512 3836 ,
2566 3771 2776 3850 et_ill_ic
2811 3777 3046 3850 aurum?
3087 3774 3201 3850 Illic
3245 3792 3432 3832 aurum
3464 3769 3683 3850 propter

2097 3839 2318 3894 delicias
2340 3851 2391 3894 et
2416 3855 2568 3910 opcs.
2603 3841 2689 3895 hic
2719 3842 2943 3897 leaenam
2973 3845 3042 3897 ob
3082 3847 3367 3902 femineum
3410 3839 3596 3906 sexum
3627 3864 3683 3908 et

2097 3910 2410 3964 muliebrem
2464 3911 2775 3976 mollitiem;
2830 3915 2923 3967 sed
2980 3924 3155 3970 tamen
3202 3917 3449 3973 bestiam.
3500 3921 3680 3977 Prima

2098 3983 2244 4058 quasi
2271 3983 2449 4034 lacuna.
2477 3982 2773 4058 Secundam
2796 3983 3016 4038 bestiam
3047 3987 3175 4058 vidit
3203 3993 3356 4058 quasi
3391 4008 3595 4057 ursum,
3629 4005 3683 4049 et

2099 4051 2154 4132 in
2182 4063 2329 4120 parte
2365 4067 2468 4132 una
2494 4053 2783 4132 stetitJ-llie
2813 4057 3204 4132 argenti_mi,l_iic
3221 4051 3353 4132 vero
3377 4077 3531 4117 ursus
3551 4051 3677 4132 pro-

2101 4123 2568 4200 pterasperitatem
2586 4138 2647 4176 ac
2667 4141 2683 4171 κ
2700 4123 3682 4200 iolentiam.Tertiam,inquit,besiiam

2099 4192 2205 4274 vidi
2227 4193 2374 4274 quasi
2394 4192 2638 4274 pardum,
2656 4194 3050 4274 velocissimam
3075 4192 3683 4274 belluam.Duandoqui-

2097 4262 2220 4317 dem
2244 4263 2579 4317 velocissimo
2599 4264 2812 4318 incursu
2831 4265 3176 4322 Macedonum
3205 4285 3298 4324 rex
3313 4262 3616 4329 Alexander
3631 4279 3683 4331 in

2097 4334 2369 4411 Orientem
2401 4335 2654 4402 impetum
2685 4335 2842 4402 fecit,
2876 4351 3212 4411 comparatus
3244 4352 3325 4395 est
3354 4344 3541 4411 pardo.
3574 4346 3687 4401 Illic

2098 4418 2172 4457 res
2199 4404 2268 4479 ob
2309 4418 2561 4479 sonorum
2599 4419 2900 4479 sermonem
2926 4449 2941 4474 ,
2974 4404 3079 4478 quo
3103 4409 3279 4479 ,Grarci
3317 4404 3566 4479 uiuntur,
3601 4418 3687 4473 hic

2097 4475 2296 4543 pardus
2325 4476 2394 4528 ob
2421 4475 2736 4530 incursionis
2760 4486 2814 4530 et
2831 4475 3077 4532 accessus
3099 4478 3304 4535 hostilis
3326 4475 3682 4542 velocitaiem.

2097 4545 2347 4611 Quartam
2369 4559 2528 4616 porro
2541 4545 2762 4624 bestiam
2776 4549 3106 4624 appellatille
3123 4552 3332 4620 quidem
3351 4572 3363 4608 :
3379 4556 3494 4624 ejus
3509 4567 3686 4614 uniten

2099 4631 2292 4698 nomen
2329 4631 2434 4670 non
2466 4619 2754 4698 exprimit,‘
2768 4619 3181 4698 sed_ter_rib_ile_m
3212 4637 3327 4677 eam
3349 4619 3498 4698 dicit,
3528 4640 3690 4698 atque

2099 4685 2236 4740 adeo
2263 4701 2433 4768 supra
2470 4687 2683 4770 modum
2729 4687 3279 4770 formidolosisshuam
3315 4712 3328 4748 :
3357 4685 3545 4752 dentes
3571 4685 3690 4770 ejus

2098 4757 2305 4832 magni;
2325 4773 2480 4826 supra
2497 4758 2709 4832 modum
2727 4759 3010 4832 comedens
3026 4772 3134 4816 erat
3153 4772 3308 4832 atque
3321 4757 3689 4826 comminueus

2099 4837 2154 4906 ες
2195 4829 2394 4906 reliqua
2436 4828 2656 4906 pedibus
2704 4831 2825 4906 suis
2849 4833 3190 4906 concutetbat
3220 4828 3238 4885 Ξ
3264 4845 3317 4889 ct
3357 4837 3468 4906 ipsa
3505 4851 3687 4896 autem

2101 4897 2323 4973 diversa
2343 4898 2498 4950 nimis
2524 4899 2908 4973 _pr:eomnibus
2940 4902 3143 4973 bestiis,
3175 4920 3294 4973 qua:
3322 4897 3446 4964 ante
3471 4925 3609 4973 eam,
3638 4937 3649 4962 ι
3673 4923 3690 4967 ι

2103 4967 2356 5054 terribilis
2383 4977 2496 5022 erat
2524 4968 2913 5054 bestianneque
2942 4971 3071 5026 dixit
3101 4967 3296 5030 nomen
3328 4980 3494 5054 ipsius
3524 4967 3685 5054 (Ibid.

2102 5053 2150 5117 _tt.
2185 5038 2259 5102 7).
2285 5036 2418 5091 Nam
2444 5041 2691 5107 quoniam
2723 5036 2954 5117 l'utﬁu'rum
2990 5056 3104 5097 erat
3133 5055 3188 5100 ut
3217 5036 3512 5117 prophetia:
3528 5036 3692 5108 ‘locus

2102 5111 2478 5191 innotesceret,
2514 5120 2752 5191 tempore
2783 5111 3142 5191 Romanorum
3184 5111 3352 5191 ip~um
3392 5124 3686 5190 proferens.

2102 5194 2170 5252 ne
2209 5194 2374 5252 regno
2417 5181 2719 5252 ignominiaa
2758 5192 2883 5236 nota
2911 5184 3171 5252 inuratur,
3197 5181 3315 5243 sine
3341 5181 3554 5245 nomine
3596 5181 3689 5248 be;

2103 5250 2640 5329 stiam_derelinquit,
2677 5267 2744 5329 ne
2785 5253 2999 5329 nomine
3034 5250 3290 5329 expresso
3325 5260 3522 5329 aliquid
3552 5262 3689 5315 infa-

2103 5321 2235 5398 miae
2267 5320 2318 5374 in
2360 5336 2580 5391 regnum
2625 5322 2906 5398 redundet.
2943 5325 3072 5379 Cum
3105 5320 3297 5396 igitur,
3344 5320 3538 5398 inquit,
3581 5333 3686 5385 vidi

2102 5390 2324 5445 bestiam
2351 5390 2591 5462 quartam
2613 5435 2628 5458 ,
2661 5395 2807 5448 timui
2835 5403 2889 5450 et
2913 5390 3229 5450 contreniui.
3260 5390 3389 5452 Erat
3413 5390 3553 5454 enim
3583 5412 3689 5455 ter-

2105 5462 2274 5534 ribilis
2299 5462 2625 5527 admodum;
2658 5465 2836 5518 omnia
2871 5466 3210 5521 conrulcabat
3235 5509 3250 5534 ,
3287 5471 3464 5523 oumia
3500 5485 3687 5526 conte-

2104 5532 2287 5593 rebat.
2317 5534 2494 5612 omnia
2523 5535 2848 5612 devorabat,
2877 5537 3128 5612 omnibus
3138 5532 3536 5612 dominabatur
3560 5559 3690 5612 quo-

2105 5619 2329 5678 cumque
2355 5605 2665 5678 pergitabat,
2688 5607 2863 5678 omnia
2891 5605 2988 5659 sibi
3015 5607 3350 5677 subjiciebat.
3375 5611 3507 5676 Quid
3534 5605 3694 5678 porro

2105 5674 2215 5751 ait?
2242 5673 2488 5751 Continuo
2527 5677 2716 5751 ﬂumen
2759 5677 2902 5751 ignis
2931 5673 3323 5751 enlist/nonus
3350 5673 3420 5733 esi
3454 5673 3641 5751 positus.
3674 5694 3690 5731 :

2105 5745 2339 5812 antiquus
2369 5747 2561 5799 dierum
2590 5746 2716 5799 sedit
2744 5760 2762 5796 :
2791 5746 2929 5799 mille
2966 5748 3128 5800 millia
3167 5745 3498 5813 (“serviebant
3529 5753 3574 5800 ei
3608 5767 3622 5802 :
3654 5759 3698 5799 τι

2109 5814 2239 5867 dena
2265 5815 2424 5868 millia
2453 5817 2635 5871 denum
2668 5815 2878 5867 millium
2915 5819 3234 5886 assistebant
3260 5827 3303 5884 σί
3330 5818 3497 5890 (Ibid.
3529 5833 3576 5870 υ.
3621 5825 3700 5873 tt).
