4092 6194
449 302 552 358 73'9

448 413 539 484 9);
570 411 788 483 antiquo
821 411 1022 468 scilicet
1046 411 1274 484 dierum.
1304 411 1442 484 Libri
1471 409 1631 484 aperti
1665 419 1780 464 sunt
1806 425 1825 463 :
1849 417 1896 461 et
1923 423 2033 484 ecce

449 477 502 539 iri
526 477 735 539 nubibus
757 484 871 538 celi
895 483 1038 552 quasi
1068 481 1202 550 filius
1229 482 1445 552 hominis
1463 477 1704 552 ueniens;
1722 490 1771 552 et
1792 494 1948 552 usque
1965 477 2034 552 ad

450 557 710 622 antiquum
735 546 930 607 dierum
976 546 1197 623 peruenit,
1218 553 1237 622 (
1258 551 1393 623 Dan.
1421 553 1474 623 7.
1515 551 1600 607 10.
1634 549 1759 623 157).
1804 546 1872 604 Et
1907 546 2034 617 quid

448 621 642 680 deinde
670 625 863 679 factum
895 624 1016 677 est?
1040 621 1154 676 Non
1181 621 1290 692 jam
1321 621 1504 675 bestiae.
1523 663 1538 687 ,
1570 637 1675 675 non
1702 621 1810 688 jam
1848 633 1996 692 mare
2015 657 2032 684 ,

451 713 555 750 non
581 696 688 762 jam
728 695 1014 749 bestiarmn
1044 690 1247 759 terror;
1282 693 1376 748 sed
1411 692 1756 763 principatum
1796 690 2031 763 accepit,

451 777 502 821 et
536 767 906 820 dominabatur
934 764 1046 834 ipse
1079 780 1092 819 :
1124 763 1352 833 Regnum
1392 764 1499 834 ejus
1531 762 1753 834 regnum,
1776 762 2035 831 sempiter-

449 853 571 891 num
591 878 606 897 .
637 836 772 905 quod
798 852 897 888 non
924 833 1202 905 evertetur;
1230 843 1275 887 et
1306 833 1568 905 irruperium
1593 833 1705 902 ejus
1740 833 1792 886 in
1821 847 2033 905 genera-

449 901 1034 976 tionem'generationum
1066 904 1172 974 (Ib.
1206 920 1253 958 υ.
1453 901 1800 976 Ηυοίιιειιιιεξ,
1831 901 2033 970 inquit,

448 973 714 1031 sermonis
760 975 1016 1030 terminus
1050 973 1165 1030 :ac
1207 973 1462 1044 propheta
1503 974 1713 1044 quidem
1760 973 1829 1026 ita
1873 985 2033 1044 regna

448 1057 674 1114 quatuor
702 1046 842 1101 videt
869 1044 1026 1112 (Ibid.
1057 1060 1104 1098 ιι.
1137 1045 1225 1116 l5.
1257 1042 1428 1116 sua);
1461 1042 1536 1116 sic
1565 1044 1707 1116 enim
1733 1059 1854 1098 eum
1879 1042 2036 1096 dece-

451 1117 558 1182 bat,
589 1117 709 1186 quia
740 1131 769 1169 a
799 1117 958 1170 rebus
988 1114 1663 1186 sarcularibusabstinebat
1691 1131 1702 1165 :
1737 1131 1826 1186 rex
1857 1121 2035 1167 autem

449 1184 615 1258 prout
642 1187 740 1258 ipsi
769 1187 1140 1264 conveniebat,
1173 1185 1244 1240 ita
1273 1185 1416 1240 videt
1445 1194 1711 1264 tamquam
1741 1184 1793 1264 in
1823 1199 1952 1237 auro
1982 1191 2036 1264 et

448 1255 675 1329 argento
695 1266 750 1312 et
775 1272 883 1312 mre
903 1267 962 1329 et
987 1257 1127 1310 ferro
1153 1271 1314 1329 regna
1341 1255 1584 1329 quatuor.
1611 1255 1664 1329 Si
1693 1255 1833 1329 enim
1862 1268 1953 1329 rex
1981 1255 2036 1306 in

449 1324 738 1384 beluarum
769 1328 946 1394 specie
983 1342 1141 1394 regna
1169 1324 1418 1388 vidisset,
1450 1326 1606 1396 eique
1633 1325 1828 1396 deinde
1867 1324 2035 1396 inte_r-

451 1407 692 1468 pretatus
722 1392 1092 1458 Daniel'esset,
1120 1396 1424 1468 absurdum,
1442 1392 1627 1451 fuisset
1653 1396 1701 1450 ei
1729 1392 2037 1468 dieereJ‘u

449 1465 509 1524 es
555 1470 721 1538 prima
768 1468 933 1522 bestia
967 1485 981 1522 :
1012 1468 1219 1537 probris
1257 1466 1516 1535 siquidem
1552 1481 1675 1521 cum
1704 1480 1860 1536 quem
1899 1465 2036 1517 allo-

449 1542 736 1609 quebatnr,
771 1539 1036 1592 incessere
1073 1539 1218 1609 visus
1244 1547 1425 1609 esset:
1458 1551 1643 1592 verum
1682 1538 1918 1609 intuetur
1945 1549 2039 1609 rex

450 1605 839 1686 tainquam__rex
855 1619 958 1686 _,_et
981 1607 1150 1686 cernit
1170 1607 1437 1686 propheta
1466 1616 1740 1686 tamquam
1763 1607 1814 1660 in
1835 1607 1944 1686 alia
1974 1605 2038 1686 li-

447 1677 592 1748 gnra
609 1680 818 1734 similia.
855 1678 977 1734 ll-.rc
1000 1693 1030 1730 a
1061 1678 1214 1733 nobis
1243 1687 1455 1733 narrata
1484 1689 1642 1744 sunt,
1671 1677 2036 1741 dilectissimi,

451 1767 554 1804 non
584 1751 698 1804 sine
726 1765 916 1812 causa,
948 1765 1119 1818 neque
1149 1758 1350 1804 temere
1375 1757 1610 1804 veterem
1644 1749 1917 1802 bistoria‘m
1949 1762 2039 1818 re-

450 1821 714 1875 texnimus
741 1837 755 1884 ;
789 1819 880 1874 sed
922 1829 980 1874 ut
1007 1816 1102 1873 vos
1129 1819 1384 1874 certiores
1410 1819 1763 1875 redderemini
1784 1859 1800 1883 ,
1832 1816 1995 1887 gloria
2020 1855 2037 1880 ,

453 1891 655 1946 honore
684 1907 746 1946 ac
775 1890 928 1944 laude
951 1891 1274 1944 cumulatum
1303 1899 1359 1945 et
1386 1890 1701 1945 illustratum
1734 1889 1894 1943 fniSSe
1928 1890 2038 1940 Au-

449 1961 588 2030 gusti
617 1962 914 2032 iinperium.
945 1976 1008 2015 ac
1037 1961 1203 2014 multo
1233 1972 1472 2028 tempore
1495 1961 1736 2026 durasse,
1763 1967 2040 2032 propterea

451 2029 594 2101 quod
625 2029 1014 2099 eo‘imperante
1045 2045 1198 2085 natus
1227 2041 1307 2087 est
1344 2031 1624 2096 Christus;
1659 2041 1909 2099 tantoque
1947 2029 2041 2101 bo—

454 2099 586 2157 nore
614 2102 898 2156 decoratus
923 2111 1005 2158 est
1033 2102 1112 2156 vir
1145 2102 1232 2156 ille
1256 2143 1270 2167 ,
1304 2109 1363 2157 ut
1399 2111 1453 2158 et
1495 2118 1689 2158 nomen
1718 2102 1832 2170 ejus
1861 2099 2043 2153 titulus

451 2173 607 2228 ﬁeret
632 2173 922 2242 dignitatis.
953 2174 1161 2227 Etenim
1190 2187 1368 2241 opera:
1410 2173 1634 2241 pretium
1662 2183 1744 2226 est
1777 2171 2039 2238 intelliga-

455 2245 522 2297 tis
565 2261 686 2299 eum
730 2258 900 2298 annos
942 2257 1038 2298 sex
1081 2253 1135 2298 ct
1171 2244 1550 2313 quinquaginta
1596 2258 1846 2313 regnasse
1878 2255 2040 2313 :Acum

450 2329 580 2368 vero
618 2314 754 2386 duos
786 2325 838 2368 et
873 2311 1224 2386 quadraginta
1255 2311 1430 2386 annos
1439 2311 1862 2386 complevisset,
1891 2311 2043 2386 Chrif

451 2392 569 2438 stus
592 2384 825 2454 nascitur
851 2402 864 2436 :
895 2385 1069 2453 itaque
1091 2381 1265 2453 spatio
1287 2381 1592 2454 quindecim
1611 2400 1871 2438 annorum
1894 2381 2044 2454 regni

453 2455 570 2521 ejus
597 2453 842 2508 Christus
865 2452 1140 2508 educatur.
1173 2452 1441 2509 Successit
1469 2465 1645 2509 autem
1683 2459 1921 2518 Augusto
1949 2452 2042 2507 Ti-

455 2525 673 2591 berius,
714 2533 764 2579 et
804 2525 858 2596 in
895 2523 1104 2578 decimo
1147 2535 1334 2580 octavo
1376 2541 1517 2579 anno
1555 2527 1702 2596 regni
1742 2524 1945 2596 Tiberii
1977 2521 2044 2577 ad

453 2609 666 2650 crucem
697 2595 877 2660 venit,
909 2603 963 2650 et
998 2596 1222 2664 patitur.
1261 2604 1316 2651 et
1360 2595 1633 2665 resurgit,
1665 2606 1717 2649 et
1764 2596 1816 2650 in
1856 2595 2045 2665 caelum

453 2666 694 2738 ascendit
723 2682 735 2719 :
766 2669 843 2720 sic
871 2677 926 2720 ut
959 2666 1066 2738 sint
1093 2666 1314 2738 Augusti
1341 2664 1555 2738 quidem
1583 2665 1881 2738 quindecim
1903 2707 1918 2731 ,
1951 2664 2044 2718 Ti-

454 2736 586 2790 berii
616 2747 793 2791 autem
818 2736 1142 2802 octodecim;
1172 2736 1328 2792 Iesus
1354 2752 1481 2792 vero
1507 2736 1722 2793 Tiberio
1750 2737 2046 2805 imperante

455 2821 576 2877 cum
622 2823 880 2861 annorum
925 2808 1135 2877 triginta
1173 2816 1346 2874 esset,
1387 2824 1536 2863 suam
1576 2808 1715 2876 apud
1757 2806 2046 2875 discipulos

453 2876 783 2932 divinitatem
830 2876 1150 2940 declaravit.
1194 2893 1258 2932 ac
1303 2895 1396 2948 per
1441 2888 1551 2934 tres
1589 2879 1839 2947 deinceps
1875 2892 2046 2943 annos

457 2949 760 3017 pra-dicavit
789 2965 803 3001 :
835 2948 1032 3017 ubique
1068 2949 1328 3018 siquidem
1357 2950 1673 3004 venerabilis
1697 2949 1930 3004 Trinitas
1955 2964 2045 3003 oc-

456 3020 621 3090 currit
653 3035 668 3071 :
697 3019 1042 3090 quamobrem
1069 3034 1189 3074 cum
1220 3034 1389 3074 annos
1418 3029 1527 3075 tres
1565 3020 1926 3090 praedicasset,
1955 3019 2048 3074 de-

455 3089 597 3142 cimo
625 3099 813 3143 octavo
852 3089 1049 3143 Tiberii
1088 3104 1230 3144 anno
1268 3090 1332 3144 ad
1375 3091 1680 3146 Passiouem
1713 3091 1890 3157 venit,
1923 3106 2046 3146 cum

456 3160 906 3228 dispensationem
937 3161 986 3213 in
1017 3175 1186 3216 carne
1207 3160 1534 3230 perfecisset.

527 3231 581 3285 5.
610 3229 803 3283 Accidit
833 3230 987 3300 igitur
1009 3231 1061 3283 in
1087 3232 1190 3284 illis
1212 3229 1411 3294 diebus,
1444 3232 1583 3287 utad
1614 3232 1893 3288 lectionem
1922 3230 2047 3286 red-

455 3315 663 3360 eamus.
693 3301 812 3353 exiit
839 3301 1109 3372 edictuma
1133 3300 1331 3356 Caesare
1353 3302 1581 3372 Augusto
1603 3344 1619 3370 ,
1671 3314 1725 3356 ut
1749 3303 2050 3357 describere-

459 3380 541 3422 tur
584 3372 842 3444 universus
877 3372 1019 3444 orbis
1045 3370 1205 3444 (Luc.
1241 3372 1296 3426 ‘2.
1335 3370 1582 3444 1)._Hazc
1608 3374 1894 3444 descriptio
1933 3373 2048 3442 ipsa

458 3456 636 3495 rerum
663 3452 743 3494 est
769 3441 1081 3512 deelaratio,
1110 3443 1277 3512 prima
1303 3441 1390 3498 est
1407 3445 1644 3499 veritatis
1669 3441 2044 3508 man’ifestatio,

459 3521 516 3565 ιιι
551 3527 617 3565 ne
645 3527 812 3580 genus
842 3510 1133 3582 humanum
1161 3528 1349 3582 vagum
1377 3522 1520 3568 erret
1548 3532 1560 3567 :
1592 3514 1706 3568 ba-c
1743 3523 1824 3567 est
1852 3514 2052 3569 descri-

459 3584 569 3650 ptio
597 3585 784 3651 prima.
817 3581 952 3654 Nunt
986 3583 1080 3652 ipsi
1115 3582 1214 3637 hoc
1235 3581 1571 3654 reticuerunt
1605 3585 1920 3654 prophetat?
1947 3585 2053 3640 Re-

459 3667 737 3706 curramus
780 3652 844 3705 ad
896 3652 1294 3708 Testamentum
1330 3653 1490 3711 Vetus
1516 3697 1531 3721 ,
1574 3652 1632 3710 et
1678 3652 1764 3710 res
1803 3655 2050 3712 Iudaicas

460 3723 717 3795 adversus
767 3723 1072 3795 Iudaeorum
1135 3725 1552 3780 incredulitatem
1611 3727 2048 3795 pervestigemus.

461 3793 672 3867 Testem
717 3793 846 3867 mihi
892 3794 1110 3867 advoco
1137 3795 1306 3867 virum
1349 3795 1454 3850 ﬁde
1492 3793 1706 3867 dignum
1755 3793 2004 3851 Davidem
2031 3837 2048 3864 ,

458 3863 659 3935 Iudwis
683 3864 896 3933 quidem
926 3864 1007 3918 vel
1035 3865 1146 3919 sola
1171 3865 1287 3935 ejus
1314 3863 1583 3922 mentione
1614 3867 1748 3922 facta
1775 3863 2052 3922 venerabi-

460 3933 587 4008 lem,
613 3935 867 4008 Ecclesiae
893 3950 1019 3990 vero
1046 3935 1151 4008 (ide
1175 3933 1411 4006 dignum.
1437 3938 1572 4006 Quid
1599 3953 1726 4007 ergo
1757 3938 1925 4008 inquit
1952 3939 2054 3992 Da-

462 4004 587 4080 vid?
617 4003 864 4080 Dominus
891 4005 1117 4080 narrabit
1138 4003 1481 4080 inscripturd
1502 4003 1806 4080 populorum
1831 4003 2052 4080 etpriu-

458 4077 628 4150 eiqu
652 4073 1140 4150 horuur(Psal._86.
1165 4073 1401 4150 6).“Hiec
1419 4073 1543 4133 sunt
1567 4073 1727 4133 verba
1752 4073 2050 4150 propheta',

463 4145 577 4219 haec
589 4145 1002 4219 Evangelii_sunt
1016 4145 1155 4219 facta
1179 4145 1346 4204 {ch
1369 4149 1640 4219 descriptio
1660 4145 2056 4219 primafAsccn-

462 4217 537 4270 dit
573 4215 815 4288 autemet
841 4215 1066 4287 Ioseph,
1101 4219 1299 4288 inquit,
1327 4236 1358 4272 α
1385 4215 1600 4274 Galiliea
1626 4215 1690 4274 ea:
1713 4221 1910 4275 ciuitate
1935 4219 2054 4274 Na-

459 4287 725 4364 aaretlriu
768 4285 1023 4364 Iudaeam
1056 4289 1108 4342 in
1155 4285 1403 4364 ciuitatem
1452 4290 1622 4344 David
1640 4307 1810 4364 ,__qui§
1849 4301 2056 4364 vocatur

462 4355 772 4432 lict/delicia,
801 4359 1023 4432 eo__quod
1049 4369 1172 4432 esset
1199 4359 1263 4432 de
1290 4361 1438 4432 domo
1465 4371 1510 4415 et
1539 4355 1736 4432 familia
1763 4360 1931 4415 David
1959 4377 1977 4415 :
2001 4370 2055 4416 ut

464 4427 828 4503 describeretur
850 4429 954 4503 illic
966 4445 1089 4503 eum
1115 4427 1284 4503 Maria
1310 4427 1612 4503 desponsata
1631 4432 1727 4486 sibi
1743 4450 1902 4487 uxore
1922 4448 2055 4503 pra:-

462 4507 648 4567 guante
672 4496 839 4573 (Luc.
867 4497 923 4573 2.
960 4497 1098 4573 2.-4.
1130 4511 1174 4553 et
1199 4501 1231 4555 7
1250 4503 1288 4571 ).
1319 4496 1450 4556 Nam
1483 4503 1536 4556 in
1565 4503 1692 4558 solis
1717 4496 2056 4573 sponsalibus

462 4569 741 4640 conceptio
771 4567 969 4640 evenit.
1004 4568 1221 4624 Factum
1250 4567 1321 4625 est
1349 4582 1516 4626 autem
1545 4589 1660 4626 cum
1688 4567 1848 4628 essent
1881 4574 1977 4640 ibi,
2009 4584 2056 4629 et

461 4638 662 4714 impleti
677 4649 793 4692 sunt
823 4639 949 4704 dies,
982 4650 1278 4714 utpareret,
1303 4652 1349 4696 et
1379 4645 1567 4714 peperit
1596 4645 1758 4712 ﬁlium
1783 4661 1927 4699 suum
1950 4638 2057 4713 pri-

463 4709 798 4786 inogenitum,
829 4719 875 4763 et
903 4711 1086 4786 pannis
1110 4712 1342 4786 involvit,
1375 4709 1420 4767 et
1440 4709 1616 4786 posuit
1641 4717 1834 4786 euntiin
1867 4709 2055 4786 praese-

464 4780 548 4853 pio
572 4782 865 4853 ,quiunon
895 4781 1107 4853 aratris
1147 4780 1285 4836 locus
1323 4785 1374 4837 in
1413 4780 1684 4839 diversorio
1715 4785 1733 4853 (
1752 4780 1886 4839 Ibid.
1917 4803 1966 4840 υ.
1998 4786 2051 4842 6.

463 4851 540 4928 7).
573 4850 712 4928 Nihil
744 4850 842 4905 bac
872 4868 928 4904 re
959 4851 1135 4928 gilius.
1167 4853 1299 4928 nihil
1327 4853 1523 4908 Christi
1561 4850 1833 4911 nativi'tate
1863 4871 2059 4928 paupe-

462 4919 593 4974 rius.
631 4919 786 4997 Iesus
818 4921 1131 4997 mendicum
1148 4923 1340 4994 agebat
1375 4935 1590 4997 propter
1630 4943 1726 4981 nos
1747 4969 1760 4992 ,
1790 4919 1879 4997 qui
1907 4919 2058 4982 dives

463 5000 612 5056 erat;
640 4991 980 5063 inpratscpio
1005 4993 1165 5047 Maria
1186 4991 1724 5062 piisuit'Salt'atoreiti
1751 4991 1765 5063 ς
1792 4991 1922 5052 nihil
1944 5008 2060 5053 erat

462 5063 602 5138 quod
634 5062 1081 5138 substerneretnr,
1116 5065 1247 5138 nihil
1273 5078 1675 5138 quotegerelur
1699 5086 1712 5122 :
1739 5062 1858 5122 nam
1887 5085 2059 5138 neque

463 5135 721 5208 obsequio
743 5132 1046 5208 hujusmodi
1073 5132 1597 5208 cultuve'indigEDat,
1624 5155 1796 5208 neque
1815 5132 2057 5195 smeulari

463 5203 566 5258 isto
591 5214 846 5274 apparatu
875 5204 946 5258 illi
975 5218 1110 5274 Opus
1147 5206 1244 5259 fuit
1273 5223 1287 5260 :
1317 5203 1762 5277 quemadmodum
1794 5226 1967 5280 neque
1991 5226 2057 5265 ex

1931 293 2196 355 SPURIA.

1737 5397 2604 5513 MONITUM

3619 303 3721 358 890

2139 416 2341 483 natura:
2365 407 2574 483 iegibus
2598 418 2682 483 est
2708 417 3017 480 conceptus.
3046 409 3355 483 Sufﬁciebat
3393 410 3719 483 enimgvirgio

2141 477 2222 554 r_i_is
2250 477 2601 554 ministerium
2626 480 2784 554 ;_ipse
2812 477 2938 536 vero
2962 482 3513 554 cuncta._disponebat.
3541 477 3719 554 Itaq'ue

2140 545 2319 620 Posuit
2347 565 2492 614 eum,
2521 545 2718 620 inquit,
2751 551 2803 604 in
2842 552 3105 620 praesepio.
3142 550 3207 605 Et
3247 545 3472 618 pastores
3500 545 3716 607 erant-in

2139 617 2340 687 regione
2355 617 2850 693 eademeacubantcs
2866 617 3080 693 (ιιι-σθ..
3099 623 3173 692 7).
3208 617 3488 676 Mattbmus
3511 626 3718 693 quidem

2141 702 2324 762 magos
2369 689 2910 762 advenisseuarrat,
2956 689 3341 746 Lucas'autem
3390 689 3630 762 pastoies
3667 696 3717 748 iu

2138 756 2324 833 eadem
2363 756 2524 833 fuisse
2567 760 2785 833 regione
2817 778 2828 813 :
2864 761 2970 816 illic
3007 764 3174 833 magi,
3215 763 3298 816 hic
3327 756 3590 833 pastores.
3624 766 3722 817 Ve-

2139 827 2329 902 aitque
2348 830 2568 902 angelus
2603 827 2670 902 ad
2707 845 2800 885 eos
2838 847 3023 897 magna
3066 827 3431 902 proclamans,
3476 832 3720 902 Magnum

2138 898 2275 971 v_ob_is
2312 901 2459 953 hodie
2493 899 2736 971 gaudium
2775 898 3092 971 evangelizo',
3120 903 3236 970 quia
3265 913 3410 956 natus
3435 913 3506 957 est
3534 898 3724 957 niundo

2141 967 2379 1042 Salvator
2419 967 2709 1042 incivitate
2754 967 2919 1025 David
2949 970 3108 1042 (Ibid.
3134 967 3198 1026 ὐ.
3245 972 3331 1028 10.
3362 974 3453 1040 ll)
3485 991 3498 1026 :
3529 985 3583 1028 et
3617 990 3726 1028 uno

2140 1040 2536 1113 angeloverba
2588 1043 2849 1113 faciente,
2895 1040 3063 1111 aperti
3115 1053 3240 1096 sunt
3281 1045 3429 1106 czeli;
3479 1060 3724 1113 unusque

2141 1110 2731 1184 apparuitcanentium
2783 1110 3009 1184 hymnos
3061 1122 3348 1168 concentus
3373 1157 3387 1176 ,
3430 1130 3495 1170 ac
3534 1110 3726 1169 dicen-

2141 1181 2317 1254 tium:
2353 1179 2528 1254 Gloria
2555 1183 2608 1254 in
2636 1179 2894 1254 altixsimis
2921 1181 3047 1254 Deo,
3078 1195 3122 1236 et
3147 1183 3198 1237 in
3231 1194 3362 1237 terra
3395 1202 3515 1254 pax,
3545 1186 3598 1238 in
3628 1186 3726 1238 lio-

2141 1250 2357 1324 miuibus
2393 1252 2759 1324 beneplacitum
2785 1252 2957 1324 (Ibid.
2989 1270 3036 1306 υ.
3075 1255 3199 1322 14).
3236 1250 3422 1308 (luinia
3463 1255 3725 1324 siquidem

2141 1320 2694 1390 conjungenda'sunt,
2729 1320 2917 1378 cadum
2951 1332 3006 1378 ct
3039 1320 3176 1378 terra
3213 1320 3572 1380 eonnectenda
3599 1338 3728 1380 sunt

2143 1390 2194 1444 in
2219 1407 2433 1465 unum,
2462 1403 2544 1465 ἰιι
2575 1401 2783 1465 terrena
2826 1394 2955 1465 [iant
2995 1393 3258 1458 caelestia,
3299 1403 3356 1449 ut
3391 1396 3479 1450 ﬁat
3520 1411 3618 1465 pax
3659 1397 3727 1449 iis

2142 1461 2232 1536 qui
2273 1462 2426 1531 longe
2462 1460 2734 1536 habitant,
2762 1473 2816 1536 et
2855 1464 2918 1518 iis
2958 1465 3047 1534 qui
3087 1480 3270 1534 prope.
3313 1460 3555 1520 Pastores
3591 1481 3726 1536 ergo

2145 1531 2349 1606 felicem
2392 1533 2635 1606 nuntium
2678 1535 2938 1599 audiunt;
2976 1531 3144 1605 quain
3184 1531 3254 1591 ob
3290 1551 3502 1591 causam
3540 1531 3728 1606 pasto-

2143 1602 2436 1675 res?AQuia
2485 1604 2731 1675 nimirum
2781 1602 3046 1675 tamquam
3088 1620 3214 1660 oves
3251 1602 3724 1673 aberravcratuus,

2144 1672 2344 1726 mundo
2373 1683 2553 1742 pastor
2578 1674 2790 1730 advenit
2816 1672 2975 1730 Iesus
2998 1675 3261 1743 Christus,
3294 1677 3538 1731 Salvator
3573 1678 3722 1732 orbis

2145 1749 2512 1818 terraruinpet
2544 1755 2785 1818 pastores
2802 1746 2892 1818 ‘ob
2942 1755 3205 1818 pastorem
3242 1749 3678 1818 cvangelizantur
3711 1763 3725 1799 :

2146 1823 2201 1867 ct
2229 1812 2406 1868 Gloria
2434 1815 2485 1867 in
2511 1812 2767 1869 altissimis
2792 1815 2896 1870 Deo
2925 1812 2954 1870 τ’
2969 1816 3201 1872 futurum
3228 1818 3369 1872 enim
3382 1812 3515 1873 'erat
3542 1828 3600 1872 ut
3628 1817 3728 1871 ho-

2147 1883 2316 1958 mines
2346 1885 2724 1954 glorilicarent,
2770 1896 2824 1940 et
2851 1889 3050 1958 gratias
3075 1898 3296 1958 agerent
3321 1889 3394 1953 ei,
3425 1889 3514 1958 qui
3541 1905 3730 1958 pacem

2146 1954 2198 2008 in
2231 1964 2422 2009 terram
2451 1958 2688 2023 miserat,
2715 1973 2780 2011 eo
2805 1954 2944 2026 quod
2972 1954 3262 2013 inimicitiis
3284 1961 3336 2014 in
3362 1954 3525 2013 Deum
3543 1954 3728 2013 homi-

2147 2040 2242 2079 nes
2267 2026 2476 2099 liberati
2505 2037 2677 2082 erant.
2724 2026 2790 2081 In
2833 2028 3115 2084 hominibus
3142 2028 3506 2099 beneplacitum
3536 2045 3556 2082 :
3585 2029 3732 2084 futu-

2146 2111 2265 2168 rum
2292 2097 2431 2151 enim
2459 2107 2575 2152 erat
2601 2108 2657 2152 ιιι
2693 2114 2756 2153 ea
2792 2115 2910 2166 «pta:
2947 2108 3075 2154 sunt
3116 2097 3346 2168 pietatis,
3398 2101 3636 2155 homines
3672 2110 3731 2156 ut

2148 2165 2294 2241 bona
2317 2168 2530 2233 vellent,
2555 2178 2608 2223 et
2631 2169 2767 2224 bona
2789 2165 3092 2241 eenserent.
3117 2165 3365 2226 Pastores
3391 2171 3568 2241 itaque
3591 2172 3732 2227 felici

2149 2239 2334 2312 nuntio
2363 2248 2602 2312 accepto,
2631 2250 2691 2312 et
2723 2243 2823 2294 hoc
2861 2240 3044 2295 audito
3089 2257 3357 2308 sermone,
3402 2239 3515 2296 rem
3561 2243 3730 2312 ipsam

2147 2308 2413 2374 viderunt,
2449 2311 2499 2363 in
2530 2311 2840 2378 speluncam
2871 2321 3127 2366 venerunt
3152 2330 3166 2367 :
3196 2328 3303 2367 non
3323 2323 3547 2366 stratum
3579 2308 3728 2369 vide-

2141 2389 2290 2455 erunt,
2325 2398 2428 2433 non
2467 2381 2956 2455 lecttunvideruut,
2999 2397 3104 2437 non
3141 2398 3378 2455 mensam
3421 2393 3729 2455 apparatum

2149 2449 2412 2524 viderunt,
2443 2451 2773 2524 sedlilariam
2805 2453 3077 2508 sedentem
3105 2463 3157 2509 et
3180 2454 3400 2524 Ioseph,
3426 2449 3727 2522 c't'puerum

2147 2521 2481 2594 reclinatum.
2530 2521 2648 2594 Non
2698 2533 3084 2579 commemorat
3131 2521 3327 2594 primo'
3357 2524 3474 2579 loco
3504 2521 3731 2594 patrem

2149 2592 2496 2665 evangelista,
2535 2592 2630 2647 sed
2673 2594 2888 2649 Mariam
2917 2592 3145 2665 primum
3184 2592 3566 2650 commemorat
3596 2613 3608 2648 :
3641 2595 3734 2650 illa

2148 2663 2344 2734 quippe
2371 2679 2496 2718 vere
2537 2672 2620 2718 est
2661 2675 2832 2719 mater
2879 2663 3048 2720 {imo
3083 2681 3210 2720 vero
3243 2682 3342 2720 nec
3385 2667 3494 2734 ipsa
3534 2676 3732 2731 mater,

2149 2733 2577 2806 quandoquidem
2607 2737 3050 2806 noitnaturalitcr
3073 2738 3299 2806 peperit,
3343 2733 3438 2790 sed
3474 2751 3734 2804 superna-

2150 2803 2393 2876 turaliter
2419 2806 2682 2874 concepit.
2713 2805 2828 2860 Non
2860 2809 3000 2860 enim
3029 2803 3255 2873 sciebat,
3285 2807 3410 2876 quid
3436 2803 3610 2870 ﬁeret,
3635 2807 3734 2861 sed

2148 2872 2367 2947 artificis
2405 2872 2814 2932 instrimtentum
2860 2886 2993 2931 erat.
3038 2872 3479 2947 Viderunt'igitur
3514 2877 3735 2934 Matium

2153 2954 2206 2998 et
2236 2944 2433 3016 Ioseph
2466 2955 2520 3000 et
2546 2962 2806 3016 puerum:
2839 2949 3036 3003 auditis
3075 2948 3252 3002 verbis
3293 2944 3380 3002 res
3422 2949 3563 3017 ipsas
3593 2949 3740 3002 vide-

2149 3019 2512 3089 runt;imirati
2544 3026 2688 3085 sunt,
2718 3019 2943 3074 salutem
2988 3019 3126 3072 nacti
3169 3029 3314 3073 sunt.
3359 3017 3579 3073 Iacebat
3605 3035 3736 3089 ergo

2152 3088 2408 3159 puerulus
2439 3089 2530 3142 illo
2567 3089 2778 3144 interim
2820 3091 2913 3142 vili
2956 3091 3196 3159 corporis
3239 3089 3380 3143 cultu
3429 3088 3736 3156 contentus,

2150 3157 2497 3230 ejusdemque
2515 3161 2898 3215 incrementum
2925 3157 3238 3230 exspectans
3269 3177 3282 3211 :
3311 3169 3364 3213 et
3390 3162 3740 3229 quemadmo-

2151 3227 2278 3282 dum
2305 3227 2492 3300 artil'ex
2510 3231 2724 3300 quidam
2754 3227 3116 3299 exspectabat,
3135 3241 3293 3300 atque
3322 3227 3588 3286 ofﬁcinam
3609 3247 3740 3286 cou-

2152 3299 2411 3363 struebat.
2437 3310 2493 3354 ut
2515 3299 2781 3371 tamquam
2803 3302 3129 3356 cithartedus
3150 3299 3363 3371 quidam
3390 3303 3593 3356 cithara
3614 3313 3733 3356 ute-

2153 3379 2320 3435 retur,
2351 3381 2406 3425 et
2429 3380 2488 3426 ut
2515 3373 2820 3442 sagittarius
2848 3373 2914 3427 ad
2957 3374 3029 3434 id,
3062 3373 3202 3440 quod
3230 3385 3364 3441 Opus
3392 3372 3602 3435 fuisset.
3633 3375 3739 3426 telo

2153 3448 2208 3512 et
2233 3445 2422 3512 sagitta
2450 3452 2687 3498 uteretur
2714 3461 2728 3497 :
2757 3443 2828 3498 ita
2855 3452 2910 3498 et
2937 3443 3094 3498 Iesus
3135 3443 3536 3497 communicans
3561 3445 3738 3498 omni-

2153 3511 2254 3566 bus
2283 3511 2534 3582 paulatim
2561 3525 2807 3584 augetur.
2838 3515 2944 3569 Cur
2970 3531 3086 3568 non.
3104 3513 3262 3582 igitur
3287 3514 3613 3568 cenfertim?
3645 3531 3739 3568 cur

2155 3597 2261 3655 non
2309 3584 2488 3640 adulta
2537 3586 2694 3639 simul
2741 3593 2899 3639 :mate
2947 3587 3321 3655 perfectasque
3365 3588 3446 3639 vir
3486 3585 3736 3640 advenit?

2161 3653 2311 3708 Venit
2341 3664 2398 3709 ut
2427 3668 2670 3710 namram
2702 3653 3288 3718 neStramimitaretur,
3315 3663 3374 3709 ut
3395 3671 3615 3709 massam
3639 3671 3738 3723 per

2154 3723 2531 3780 delibationem
2559 3727 2940 3781 sanctilicaret.
2981 3727 3267 3780 Enimvero
3292 3727 3336 3779 si
3377 3730 3481 3794 jam
3520 3726 3738 3779 adultus

2156 3803 2313 3866 uitale
2339 3799 2591 3864 veniSset,
2623 3808 2678 3854 et
2707 3800 2786 3852 vir
2817 3797 3102 3866 perlectus,
3134 3797 3186 3851 in
3223 3799 3500 3861 mundum,
3543 3797 3741 3851 dicturi

2157 3864 2383 3922 fuissent
2431 3870 2668 3924 haeretici
2717 3864 2972 3938 virginem
3011 3882 3134 3922 eum
3184 3868 3402 3921 minime
3444 3868 3740 3938 peperisse,

2158 3953 2331 4008 neque
2352 3956 2416 3993 ex
2438 3955 2633 4010 genere
2660 3937 2845 3993 nostro
2871 3953 3100 3992 massam
3131 3938 3423 4006 accepisse.
3454 3937 3621 3993 Natus
3660 3949 3744 3992 est

2157 4023 2284 4078 ergo
2312 4026 2376 4065 ex
2409 4011 2632 4080 virgine,
2664 4026 2784 4064 cum
2813 4027 2879 4064 ex
2906 4012 3175 4064 communi
3217 4023 3391 4063 massa
3424 4011 3740 4078 accepisset,

2159 4090 2216 4134 ut
2242 4081 2506 4136 Adamum
2537 4092 2840 4136 creaturam
2873 4091 2929 4136 et
2968 4082 3275 4150 ﬁgmentum
3300 4094 3464 4150 suum
3508 4081 3753 4134 sanctiﬁ-

2159 4163 2328 4222 caret,
2355 4150 2580 4222 ideoque
2609 4153 2858 4222 paulatim
2886 4149 3081 4222 crescit
3105 4167 3118 4202 :
3149 4167 3269 4205 cum
3296 4149 3601 4205 hominibus
3628 4152 3750 4220 qui-

2159 4221 2661 4276 deurconversatur
2691 4233 2748 4276 ut
2778 4223 2958 4286 homo,
2989 4221 3082 4276 sed
3108 4236 3228 4276 cum
3247 4222 3315 4274 sit
3342 4234 3547 4275 natura:
3569 4223 3752 4275 Domi-

2159 4309 2278 4357 nus,
2310 4295 2427 4350 sine
2451 4304 2667 4363 peccato
2692 4297 2850 4348 vitam
2879 4292 3125 4348 traducit.
3150 4293 3284 4347 Cum
3308 4307 3436 4361 ergo
3463 4293 3750 4362 puerulum

2162 4365 2335 4436 ipsum
2364 4365 2619 4430 audieris,
2648 4375 2838 4436 repete
2859 4364 2985 4417 mihi
3016 4363 3350 4434 prophetiam
3395 4363 3540 4436 illam
3573 4363 3748 4424 Isaize,

2159 4433 2319 4506 quam
2354 4437 2482 4490 olim
2523 4433 2754 4498 dicebat,
2805 4433 3056 4506 Parvulas
3086 4444 3233 4488 natus
3279 4442 3352 4506 est
3392 4434 3558 4506 nobis,
3599 4435 3752 4503 cujus

2162 4503 2475 4588 principatus
2499 4510 2664 4588 factus
2707 4515 2780 4561 est
2802 4523 2971 4588 super
3001 4505 3274 4588 frumenti",
3290 4504 3406 4588 ςίυρ
3419 4503 3755 4588 ἱΛυξῖίείοβ

2161 4572 2247 4645 tis,
2278 4572 2512 4647 princeps
2539 4579 2698 4644 pacis,
2724 4587 2864 4647 pater
2881 4572 3036 4641 futuri
3062 4574 3237 4631 saeculi
3257 4572 3408 4642 (Isai.
3431 4573 3486 4629 9.
3511 4575 3601 4647 6).
3615 4572 3753 4647 Cum

2163 4645 2739 4719 parvulumaudieris,
2779 4647 2888 4702 noli
2927 4662 3127 4719 nomen
3171 4647 3471 4719 aspernari,
3511 4645 3606 4700 sed
3661 4646 3756 4700 Dei

2161 4716 2499 4775 clementiam
2542 4729 2598 4774 et
2632 4721 2858 4773 salutem
2906 4717 3322 4786 dispensationis
3357 4716 3650 4780 admirare,
3698 4726 3760 4771 ut

2146 4791 2354 4862 [dignus
2386 4790 2500 4854 llas,
2527 4790 2616 4860 qui
2639 4789 2944 4862 evangelica
2971 4788 3130 4842 verba
3161 4786 3437 4862 exaudias.
3465 4802 3565 4857 per
3592 4788 3758 4862 fidem

2164 4859 2513 4932 prosequens.
2547 4859 2643 4931 per
2671 4861 2978 4930 patientiam
3021 4860 3367 4932 exercitatus,
3399 4874 3494 4928 per
3535 4859 3760 4926 religio-

2165 4927 2289 4988 nem
2318 4927 2622 4995 «lacertans,
2649 4927 2744 5000 per
2785 4927 3411 5000 Caritatemiperiectus,’
3436 4943 3534 4998 per
3574 4931 3760 4983 omnia

2165 5004 2370 5072 integer
2395 5003 2561 5058 factus
2589 5003 2639 5056 in
2665 5002 2882 5057 Christo
2921 5001 3046 5056 Iesu
3075 4999 3306 5072 Domino
3336 5011 3523 5072 nostro
3571 5017 3588 5057 :
3634 5017 3764 5054 cum

2164 5071 2442 5144 quo’l’atri
2471 5074 2631 5127 simul
2658 5087 2779 5127 cum
2809 5073 3012 5144 Spiritu
3045 5080 3233 5144 sancto
3257 5071 3451 5141 gloria,
3496 5082 3768 5140 potestas,

2168 5143 2338 5200 honor
2367 5154 2421 5199 ct
2443 5145 2686 5199 adoratio
2712 5145 2764 5198 in
2791 5143 2984 5198 sazcula
3003 5143 3343 5197 saeculorum.
3366 5143 3562 5196 Amen.

2057 5303 3682 5319 “:ngm“
3707 5309 3712 5312 '
3741 5316 3768 5319 Ᾱ

2493 5303 2616 5314 ..-υ-ν,

1211 5547 1321 5612 ΔΙ)
1361 5544 1780 5610 HOMILIAM
1821 5547 1905 5609 IN
1944 5545 2322 5610 IOANNEM
2364 5543 2994 5610 PBJECURSOREM.

540 5651 712 5709 Probe
735 5650 976 5708 iecerunt
1001 5649 1236 5707 Savilius
1259 5659 1314 5704 et
1338 5646 1541 5704 Fronto
1565 5647 1789 5702 Dircaeus
1809 5648 1898 5718 qui
1921 5648 2061 5703 hanc

470 5723 743 5780 humilium
807 5725 858 5778 in
912 5721 1104 5789 Spuria
1146 5722 1488 5791 ablegarunt.
1537 5718 1703 5791 Nihil
1736 5719 1821 5791 hic
1865 5720 2061 5789 quippe

469 5794 856 5866 Chrysostonio
884 5792 1103 5864 dignum
1137 5812 1150 5849 :
1195 5789 1374 5848 enniia
1405 5791 1572 5864 tropis
1612 5789 1931 5857 redundant,
1967 5807 2058 5845 an-

2171 5647 2480 5713 tithesibus,
2505 5647 2736 5718 aliisque
2763 5645 2968 5720 ﬁguris,
3004 5663 3124 5720 qua:
3157 5649 3333 5704 minus
3379 5649 3611 5719 peritum
3651 5663 3783 5705 ora-

2173 5729 2343 5774 torem
2378 5735 2406 5771 3
2415 5729 2628 5788 rgttunt.

2246 5789 2616 5862 Interpretatio
2644 5788 2827 5846 Latina
2853 5798 2935 5848 est
2965 5789 3251 5847 Frontonis
3282 5791 3476 5846 Duca:i.
