4092 6194
387 218 492 290 Si?»

389 331 554 386 hodie
603 330 912 386 voluntaria
952 337 1190 397 suscepit
1239 329 1528 394 mandata,
1573 332 1731 385 hodie
1767 333 1969 389 excidit

387 402 671 472 paradiso.
706 401 867 455 hodie
896 417 1087 454 rursus
1112 402 1458 455 introductus
1488 413 1592 456 est.
1622 403 1666 455 0
1695 405 1836 456 diem
1871 405 1969 457 va-

385 475 526 526 rium
549 475 561 527 !
593 489 626 527 ο
650 473 959 526 luctuosum
979 483 1030 524 et
1051 473 1198 526 luctu
1225 487 1454 525 vacuum
1479 475 1490 526 !
1515 490 1548 523 o
1571 490 1729 527 mane
1750 474 1967 542 quidem

385 545 666 598 tristitiam
695 542 1007 597 alTerenuuu
1026 582 1040 603 ,
1068 557 1292 608 vespere
1315 553 1494 597 autem
1517 544 1912 598 evbilarantcm
1949 563 1964 600 :

385 615 467 668 vel
487 614 692 684 potius,
711 629 743 667 ο
764 613 1037 681 quiquam
1059 615 1223 666 nmlta
1245 613 1475 684 sanavit!
1499 613 1692 682 Magno
1707 629 1826 668 uteo
1842 631 1966 671 cum

381 683 576 738 dolore
599 683 773 738 fateor
795 684 966 745 vobis,
984 698 1106 737 cum
1129 683 1260 736 mihi
1283 695 1488 738 veteres
1509 696 1805 738 occurrunt
1823 686 1969 740 cala-

384 757 601 810 mitates
633 773 645 810 :
674 754 940 808 Adamum
973 753 1200 808 audiens
1227 762 1451 822 paterna
1477 754 1643 808 domo
1673 757 1964 822 excidisse,

383 826 658 879 hominem
676 825 912 896 paradisi
929 824 1100 896 civem
1121 825 1328 896 absque
1343 825 1675 893 agricultura
1699 827 1966 882 nutritum

383 896 576 958 fuisse,
594 895 800 964 absque
822 895 1000 964 pluvia
1019 895 1071 948 in
1090 895 1300 949 deliciis
1325 905 1623 956 versato-tn,
1639 896 1777 948 nihil
1802 897 1969 952 sudo-

383 967 558 1028 ribus,
589 975 683 1020 aut
711 967 889 1036 ligone.
913 976 1008 1019 aut
1033 965 1311 1036 laboribus
1339 975 1432 1036 aut
1459 965 1874 1028 {alligationibus
1897 967 1964 1022 ad

380 1039 546 1091 vitam
569 1033 985 1091 sustentandam
1017 1050 1156 1103 Opus
1184 1036 1256 1088 illi
1287 1033 1482 1105 luisse,
1513 1037 1808 1091 arboribus
1835 1053 1967 1105 gau-

379 1109 596 1161 deutem
626 1123 842 1175 seuquar
866 1107 1207 1168 ﬂorentibus,
1229 1121 1258 1158 a
1276 1104 1502 1160 ﬂoribus
1527 1107 1578 1158 iu
1600 1105 1761 1163 liores
1781 1104 1967 1164 trattso

378 1186 620 1243 euntem,
651 1193 681 1230 a
713 1177 984 1231 l‘ructilms
1015 1178 1080 1229 ad
1111 1176 1326 1230 iunctus
1360 1176 1772 1242 transilientem,
1801 1194 1964 1234 usum

382 1247 639 1304 habuisse
657 1247 1051 1317 cupiditatibus
1073 1249 1484 1315 obsequentem,
1506 1262 1646 1316 saepe
1663 1259 1843 1302 autem
1867 1266 1966 1302 ne-

380 1319 607 1374 seivisse
623 1320 708 1372 cui
733 1318 1078 1387 potissimum
1098 1333 1299 1371 manus
1319 1317 1564 1385 injiceret
1586 1334 1694 1385 prae
1719 1319 1964 1387 pulchri-

380 1392 570 1443 tudine
612 1404 802 1443 eorum
843 1405 964 1458 qua:
1003 1403 1124 1441 sese
1173 1389 1474 1442 oues-ebant
1519 1407 1532 1442 :
1585 1403 1966 1456 saepenumero

378 1471 584 1516 tantam
616 1460 928 1514 felicitatem
947 1458 1161 1523 deﬂevi,
1183 1475 1306 1512 cum
1329 1474 1453 1511 cum
1480 1468 1560 1513 tot
1584 1459 1742 1513 bonis
1772 1475 1966 1514 cerne-

381 1549 492 1585 rem
525 1531 826 1586 excidisse:
855 1531 1164 1584 couununis
1193 1529 1394 1599 quippe
1423 1541 1536 1586 erat
1570 1531 1882 1599 calamitas,
1910 1538 1966 1584 ct

379 1619 500 1670 qua:
537 1611 706 1656 totum
748 1617 924 1669 genus
957 1598 1562 1669 npstrutn'attingebat.
1602 1598 1798 1654 Postea
1835 1615 1965 1654 vero

380 1688 546 1741 quam
573 1672 626 1725 in
655 1672 942 1740 Evangelia
973 1671 1158 1732 incidi.
1185 1682 1239 1724 et
1261 1671 1400 1725 hanc
1419 1671 1548 1724 mihi
1578 1670 1719 1741 diem
1751 1672 1965 1740 Specia~

385 1740 480 1798 tim
517 1742 700 1814 delegi
723 1743 738 1810 (
765 1751 916 1814 sexta
951 1741 1094 1794 enim
1129 1748 1246 1795 erat
1275 1750 1328 1793 et
1361 1742 1486 1814 illa,
1508 1749 1564 1794 et
1598 1740 1758 1814 luce)
1793 1759 1807 1794 :
1846 1751 1962 1796 tum

380 1828 598 1868 otnncat
621 1811 794 1883 a'bjeci,
808 1813 1110 1883 tristitiam,
1127 1820 1181 1866 et
1202 1826 1454 1868 sermone
1479 1811 1722 1883 betitiam
1747 1827 1859 1880 pra‘
1878 1827 1966 1883 me

385 1886 480 1938 tuli
505 1901 523 1948 ;
548 1883 629 1938 sic
658 1882 800 1950 apud
828 1900 912 1937 nte
934 1882 1362 1953 cogitarecuapi,
1387 1893 1438 1936 et
1465 1882 1608 1951 apud
1635 1897 1732 1936 vos
1758 1882 1909 1936 elfari
1942 1900 1960 1937 :

379 1954 497 2009 lam
524 1955 680 2013 dolor
700 1953 985 2008 abscessit.
1010 1951 1252 2014 tristitia,
1270 1955 1505 2022 gemitus
1531 1959 1753 2022 ;_vetera
1778 1961 1812 2006 ιι
1827 1969 1962 2007 ans-

382 2027 585 2086 ierunt,
620 2040 746 2078 ecce
781 2040 917 2077 nova
957 2024 1095 2078 facta
1132 2020 1496 2078 suut‘oumia.
1530 2020 1664 2076 Nam
1696 2024 1968 2093 quemaulq

382 2097 602 2150 modum
635 2095 830 2148 medici
860 2096 1082 2148 vulnera
1106 2112 1135 2146 a
1167 2094 1513 2162 ενι-ροιιιίιιιις
1539 2094 1709 2152 illata.
1736 2109 1801 2148 ex
1829 2094 1964 2162 ipsis

381 2167 611 2220 mutuati
630 2165 891 2227 remedia,
911 2181 1106 2218 sanare
1126 2165 1341 2227 solentp
1363 2167 1513 2232 tipsa
1537 2163 1711 2218 morbi
1733 2165 1964 2221 materia

379 2239 445 2289 ad
469 2239 717 2290 morbum
739 2235 1130 2306 proﬂigandam
1148 2245 1374 2306 utuntur
1395 2235 1495 2306 :ita
1512 2234 1760 2288 Salvator
1779 2244 1966 2290 uoster

380 2308 637 2361 Omnibus
665 2303 932 2360 utalorutit
959 2305 1340 2359 occasionibus
1366 2303 1431 2357 ad
1461 2307 1660 2358 bonum
1696 2321 1827 2358 usus
1853 2316 1960 2368 est,

376 2392 624 2434 amarum
657 2377 710 2430 ιιι
742 2377 903 2431 dulce
939 2378 1228 2442 convertit,
1264 2376 1480 2430 l'elletuu
1512 2379 1579 2429 ad
1614 2377 1959 2429 curationem

379 2449 647 2525 traduxit,
678 2447 1182 2525 mortis_stitnulunt
1215 2447 1478 2525 adversus
1513 2447 1684 2525 ipsnm
1715 2445 1958 2525 retorsit,

380 2519 506 2580 ligni
531 2534 726 2573 nosam
747 2523 800 2570 itt
823 2517 1052 2572 salutem
1074 2518 1471 2574 transmutavit.
1493 2516 1634 2571 diem
1659 2516 1965 2584 assumpsit

376 2603 500 2657 qua:
530 2588 789 2642 mundum
819 2592 1142 2657 perculerat,
1176 2596 1227 2640 et
1257 2603 1361 2657 pro
1396 2588 1485 2640 illa
1517 2588 1660 2641 diem
1695 2587 1954 2657 reddidit,

375 2655 498 2727 qua:
537 2655 1174 2712 mundumicxltilat'avit.
1220 2655 1348 2711 Mtlti
1389 2671 1514 2710 vero
1547 2658 1653 2710 noli
1708 2656 1965 2721 credere,

373 2730 466 2780 sed
483 2729 656 2782 oculis
679 2729 782 2782 tuis
806 2747 819 2781 :
842 2728 986 2781 hunc
1005 2729 1214 2781 intuere
1234 2739 1584 2788 conventum,
1604 2736 1657 2781 ct
1676 2732 1964 2781 nobiscum

373 2800 706 2866 contendere
730 2798 941 2853 desine.
963 2797 1200 2866 Diescst
1217 2800 1398 2866 crucis
1419 2837 1434 2863 ,
1456 2807 1508 2851 et
1529 2798 1965 2866 gaudetnusont-

389 2879 508 2936 nes,
531 2874 583 2918 et
606 2865 909 2936 jejunatnus
933 2880 961 2918 a
985 2865 1160 2936 malis,
1186 2873 1239 2936 et
1269 2863 1595 2936 purifumus
1616 2863 1970 2936 inomnibus,

391 2935 444 2988 in
474 2934 849 2996 interioribus.
881 2935 933 2988 in
974 2935 1345 2989 exterioribus.
1392 2934 1516 2988 llaec
1553 2942 1636 2988 est
1670 2934 1968 2988 festivitatis

392 3007 557 3072 ratio,
594 3007 679 3060 hic
707 3007 905 3061 lautitia:
935 3006 1144 3061 modus.
1179 3005 1344 3062 Parva
1385 3007 1506 3058 dico
1546 3005 1754 3058 virtutis
1795 3004 1972 3059 crucis

391 3077 646 3132 miracula
698 3095 712 3132 :
767 3079 973 3132 intuere
1019 3087 1185 3132 totum
1236 3078 1421 3131 urbem
1468 3085 1761 3138 terrarum,
1809 3089 1970 3144 quam

390 3147 541 3202 mulli
569 3148 685 3219 pagi
711 3190 726 3212 ,
757 3164 914 3216 quam
959 3149 1140 3202 multaa
1180 3147 1338 3202 urbes
1362 3189 1378 3214 ,
1411 3161 1570 3219 quam
1612 3144 1788 3219 multa'
1812 3146 1926 3200 loca
1952 3186 1970 3211 ,

389 3234 548 3286 quant
570 3217 762 3273 inultm
792 3221 1036 3274 nationes
1059 3259 1075 3283 ,
1108 3234 1265 3288 quam
1316 3217 1498 3273 multa:
1540 3217 1764 3288 insulae,
1809 3231 1968 3288 quam

390 3291 554 3343 undta
590 3289 840 3354 ﬂumina,
870 3305 1027 3359 quam
1052 3286 1220 3342 utnlta
1249 3289 1433 3350 litora.
1465 3303 1624 3359 quam
1654 3286 1835 3341 multa:
1865 3286 1973 3341 sint

389 3373 576 3428 gentes
619 3371 673 3415 et
701 3361 944 3427 latniliae,
972 3370 1025 3414 et
1055 3361 1247 3430 lingua:
1277 3361 1622 3414 barbarorum
1659 3376 1672 3411 :
1705 3359 1758 3411 ni
1784 3374 1972 3414 omnes

389 3442 610 3500 propter
651 3447 864 3486 crucem
905 3429 1181 3500 jejunum,
1215 3432 1331 3498 ejus
1373 3431 1564 3485 virtute
1593 3445 1721 3484 suos
1749 3429 1973 3484 alfectus

389 3503 785 3572 crucitigeutes,
816 3506 1102 3572 multisque
1134 3519 1236 3558 nox
1259 3502 1570 3564 absolvitur,
1595 3515 1768 3570 neque
1795 3511 1971 3555 tamen

384 3573 570 3641 jejuuii
595 3574 742 3627 labor
767 3572 1076 3626 absolvitur.
1104 3573 1255 3627 Nunc
1281 3573 1440 3626 etiam
1469 3572 1594 3641 quid
1623 3572 1974 3628 convenimus

386 3646 452 3697 ad
481 3645 805 3699 audiendum
837 3643 1034 3713 aliquid
1065 3645 1132 3699 de
1158 3658 1350 3708 crure,
1383 3652 1431 3696 ct
1466 3642 1746 3697 ecclesiam
1778 3641 1969 3711 imple-

387 3731 526 3778 tnus,
559 3729 762 3784 nOSque
794 3715 1018 3769 itmcctn
1049 3715 1328 3776 trudimus,
1350 3713 1623 3778 sudantes,
1644 3714 1968 3784 laborantes,

384 3795 438 3838 et
463 3782 687 3853 quidem
701 3800 880 3842 coram
907 3784 1174 3855 judicibus
1203 3800 1346 3853 saepe
1375 3785 1424 3837 in
1457 3784 1621 3852 pritna
1651 3783 1780 3837 sede
1807 3782 1972 3855 collo?

385 3857 489 3909 cati
518 3899 532 3918 ,
563 3872 743 3910 coram
785 3853 922 3911 Jesu
959 3871 1085 3911 vero
1131 3857 1361 3911 libenter
1405 3858 1564 3908 etiam
1593 3863 1796 3907 stantes
1818 3895 1832 3916 .
1867 3853 1970 3908 nisi

385 3927 528 3995 quod
559 3929 805 3982 Christus
847 3926 992 3980 stetit
1036 3938 1251 3996 prepter
1278 3941 1408 3988 nos,
1443 3933 1499 3979 ut
1530 3925 1744 3979 malitia:
1772 3923 1967 3996 ﬂuenta

385 3999 637 4052 sisteret?
664 3998 799 4065 Quid
829 3999 988 4068 igitur
1017 3995 1177 4052 hodie
1212 3999 1404 4052 iactum
1435 3996 1549 4051 est?
1580 4012 1685 4050 non
1716 3997 1856 4068 enim
1889 3995 1970 4050 fas

386 4080 467 4122 est
496 4085 592 4121 tttts'
618 4084 748 4123 aure
772 4067 932 4123 surda
961 4069 1116 4138 hujus
1137 4069 1242 4122 diei
1263 4068 1514 4122 miracula
1541 4067 1831 4136 praaterire.
1856 4069 1969 4120 Lux

385 4149 502 4192 erat
529 4140 812 4209 deinceps,
843 4143 1122 4210 ipsumque
1159 4140 1452 4193 diluculum
1479 4179 1493 4202 ,
1526 4147 1580 4192 et
1616 4138 1970 4210 introdUeitur

390 4212 584 4263 vinctis
629 4209 876 4267 omnibus
911 4213 963 4265 in
997 4211 1302 4279 prattoriutn
1338 4210 1511 4264 Ptlati.
1553 4209 1755 4273 Quibus
1796 4210 1968 4279 mani-

389 4281 519 4332 bus?
540 4281 668 4347 Quae
684 4298 856 4336 C'JBCOS
875 4278 1156 4348 sanabant,
1184 4281 1404 4335 claudos
1426 4282 1703 4334 curabant.
1733 4279 1798 4332 Et
1815 4278 1966 4349 digiti

388 4351 613 4404 vinculis
637 4352 1124 4422 obstringebantur,
1151 4352 1239 4421 qui
1271 4351 1552 4419 palpebras
1573 4350 1923 4406 ell'ormaruut
1950 4371 1963 4404 :

385 4433 440 4475 et
469 4423 557 4491 qui
591 4433 830 4476 naturam
876 4423 1126 4484 curabat,
1167 4423 1548 4492 colligabatur,
1589 4437 1655 4476 ue
1694 4425 1967 4492 proprium

385 4509 581 4546 munus
607 4498 822 4563 exsequi
857 4503 1053 4563 posset.
1082 4494 1206 4547 llaec
1235 4491 1444 4563 merces
1478 4493 1719 4547 Domino.
1749 4491 1967 4561 Ligams

384 4575 467 4618 est
492 4566 580 4632 qui
605 4565 730 4632 ligat
753 4561 926 4635 'aquas
955 4564 1006 4620 in
1035 4564 1267 4619 nubibus
1297 4561 1417 4634 (Job
1439 4563 1543 4635 26.
1566 4565 1657 4630 8),
1687 4567 1776 4632 qui
1809 4565 1969 4619 solvit

387 4636 594 4688 vinctos
621 4636 671 4688 in
703 4633 1031 4698 fortitudine,
1061 4635 1150 4704 qui
1171 4633 1392 4704 captivis
1419 4633 1784 4688 dimissionem
1809 4635 1968 4705 largi-

389 4715 474 4758 tur
503 4705 672 4776 (l’sal.
697 4707 786 4759 67.
810 4707 864 4770 7;
889 4705 1018 4760 Isai.
1043 4706 1132 4761 Gl.
1165 4707 1242 4775 i);
1275 4706 1464 4775 ligatus
1486 4715 1570 4758 est
1592 4705 1680 4773 qui
1712 4705 1964 4759 Lazarum

381 4776 545 4831 solvit
567 4793 596 4829 a
621 4778 846 4831 vinculis
874 4779 1058 4831 mortis
1085 4795 1098 4832 :
1123 4786 1420 4845 pertractus
1439 4776 1607 4829 estad
1635 4777 1963 4844 μιωιυτιιιιιι,

383 4863 546 4917 quetn
587 4848 730 4902 inille
759 4849 932 4918 angeli
976 4859 1241 4916 tamquam
1287 4848 1571 4918 stipatores
1608 4861 1671 4900 ac
1709 4848 1968 4901 satellites

383 4929 702 4986 sequuntur.
737 4917 955 4973 Adstitit
980 4933 1160 4973 coram
1193 4918 1360 4973 Pilato
1385 4917 1430 4972 is
1459 4917 1611 4985 cujus
1635 4919 1860 4970 thronus
1885 4928 1970 4971 eSt

383 4993 580 5042 ccelum
613 5007 626 5042 :
665 5000 718 5043 et
763 4999 940 5044 tentus
987 4990 1294 5044 trahebatur
1337 5003 1368 5042 a
1415 4989 1674 5042 creaturis
1712 4998 1925 5041 creator
1949 5027 1964 5052 ,

385 5063 561 5128 eptch
590 5060 658 5113 ab
685 5061 920 5130 opiticio,
942 5073 1128 5114 auctor
1155 5061 1222 5114 ab
1243 5075 1431 5129 Opere.
1461 5058 1597 5125 Quid
1624 5072 1761 5130 ergo?
1781 5066 1964 5126 postea

384 5132 583 5186 factum
611 5129 731 5184 est?
766 5131 832 5184 1ιί
865 5133 962 5202 ipsi
1007 5149 1107 5185 non
1149 5133 1447 5184 introierunt
1476 5131 1528 5202 in
1560 5129 1849 5198 prwtorium
1871 5168 1887 5193 ,
1916 5139 1968 5182 ut

378 5212 482 5250 nou
551 5203 1049 5266 contaminarentur,
1104 5203 1192 5256 scd
1242 5213 1296 5255 ut
1341 5201 1704 5254 manducarent
1757 5203 1966 5267 pascha.

381 5271 567 5340 (Joan.
601 5273 687 5327 18.
711 5273 824 5343 23).
859 5272 904 5329 0
937 5276 1203 5344 ingentem
1243 5273 1606 5342 iuiquttatam!
1638 5269 1843 5344 caedem
1888 5271 1969 5323 in-

378 5344 599 5413 iustitia:
623 5341 961 5414 perpetrant,
984 5341 1110 5399 etin
1135 5341 1444 5414 prtetorium
1470 5341 1672 5413 ingredi
1697 5352 1965 5406 recusant,

382 5425 639 5468 caventes
683 5433 749 5468 ne
793 5418 1264 5481 contaminemur,
1317 5416 1406 5483 qui
1455 5414 1564 5483 jam
1620 5414 1968 5466 contaminati

381 5493 541 5548 sunt,
581 5499 736 5542 ovem
775 5501 876 5542 ove
917 5487 1263 5541 redinn-ntcs.
1308 5486 1573 5542 iudicium
1604 5485 1781 5552 itaque
1806 5485 1970 5538 subiit

382 5562 555 5611 totius
579 5557 725 5611 orbis
756 5568 1015 5612 terrarum
1054 5558 1212 5626 judcs
1254 5577 1265 5612 :
1311 5557 1585 5626 espositus
1619 5555 1716 5626 fuit
1749 5556 1969 5610 testibus

382 5630 474 5688 qui
505 5629 802 5698 animarum
832 5630 982 5684 testis
1010 5625 1090 5682 es't
1118 5647 1130 5682 :
1158 5641 1209 5682 et
1240 5630 1326 5698 qui
1355 5625 1591 5681 cundidit
1610 5667 1625 5692 ,
1652 5625 1919 5695 judicatur
1951 5643 1964 5680 :

378 5704 544 5764 atque
565 5697 809 5755 homines
831 5700 1046 5770 quidem
1062 5697 1321 5768 judicium
1345 5711 1662 5756 exercentes
1685 5698 1963 5753 sedebant.

1399 203 1470 258 IN
1501 203 1774 261 .SANCTA
1829 206 1914 272 ΕΤ
1952 207 2189 264 ΜΑϐΝᾹ
2233 202 2655 268 PARASCEV'E.

3554 215 3659 271 ειι

2091 319 2228 396 Deus
2248 331 2424 377 autem
2453 325 2648 389 stabat,
2680 334 2733 380 et
2757 335 2903 378 stans
2933 326 3140 390 silebat,
3169 327 3318 396 juxta
3342 329 3662 384 vestibulum

2085 391 2358 466 hominum
2415 396 2670 458 adstans,
2713 398 3004 449 (:zelestium
3055 391 3307 450 lloniinus
3355 398 3660 466 ja-nuarutu.

2086 463 2446 538 lttte‘maogabat
2480 467 2716 538 Pilatus,
2758 465 2896 520 ictae
2937 469 3217 521 humanior
3245 463 3404 538 quam
3443 470 3614 524 διειιωί
3646 489 3661 522 τ

2081 535 2206 600 quid
2239 535 2374 590 forte
2399 535 2556 590 dico?
2584 537 2689 590 Res
2719 549 2882 604 tresue
2917 539 2966 591 id
2999 555 3180 592 verum
3209 535 3655 607 comprobalnmt.

2083 608 2246 668 Quam
2295 608 2664 660 accusationem
2713 607 2904 672 alfcrtis
2949 611 3188 662 adversus
3236 611 3486 663 hominem
3528 613 3664 665 hunc

2079 675 2259 748 (loau.
2292 677 2378 731 l8.
2417 676 2550 745 29)?
2590 679 2705 747 quis
2758 679 2922 732 Deum
2970 690 3142 747 potest
3179 682 3470 735 accasare?
3495 698 3665 748 cogor

2079 745 2339 821 siquidem
2384 765 2446 802 ex
2492 745 2648 804 Pilati
2690 765 2912 817 persona
2944 745 3086 820 loqui
3119 768 3132 805 :
3159 751 3315 806 Jesus
3342 753 3540 821 quippe
3567 745 3659 805 vta-

2083 817 2268 882 cebat.
2298 834 2403 891 non
2437 825 2581 886 quod
2613 821 2804 891 verbis
2847 817 3108 891 indigeret
3149 817 3412 886 Verbum,
3441 817 3548 877 sed
3589 840 3662 878 ne

2080 889 2432 955 responsione
2477 889 2655 943 crucis
2701 889 2978 945 coronam
3009 893 3342 946 diSsolveret.
3407 896 3483 946 Au
3531 909 3663 948 vero

2085 961 2447 1030 uissessiones
2483 961 2822 1030 oliucupivit.
2901 963 2952 1014 ui
2999 963 3126 1016 nihil
3169 963 3440 1032 possidet?
3471 965 3662 1018 domos

2085 1028 2314 1084 Jiit'llilS.
2356 1032 2444 1084 uui
2483 1046 2772 1084 nuntuuam
2813 978 2992 1084 ltziituit
3023 1034 3111 1084 ubi
3149 1043 3308 1084 caput
3338 1034 3660 1084 reclinaret!

2082 1028 2314 1102 alienas,
2356 1032 2444 1098 qui
2483 1028 2772 1102 numquam
2813 1028 2992 1086 habuit
3023 1034 3111 1086 ubi
3149 1028 3308 1102 ctutut
3338 1034 3660 1090 reclinaret?

2081 1101 2368 1174 pecunias,
2395 1101 2505 1174 ‘qui
2553 1102 2801 1174 proprios
2839 1102 3126 1171 discipulos
3162 1101 3329 1174 usque
3367 1105 3432 1158 ad
3469 1121 3658 1158 limam

2082 1170 2342 1223 nudavit?
2386 1168 2518 1223 Cum
2568 1187 2672 1225 non
2721 1171 2939 1226 haberet
2977 1168 3191 1227 'asinum
3219 1168 3512 1231 [alienum
3557 1177 3656 1230 sibi

2080 1242 2444 1306 comparavit,
2477 1249 2532 1294 ut
2581 1242 2771 1296 vestris
2812 1243 2993 1296 liberis
3036 1245 3393 1298 benediceret.
3432 1247 3658 1298 (laesam

2019 1337 2024 1339 -
2078 1307 2264 1384 afferte
2287 1353 2309 1384 ,_
2335 1311 2548 1384 ﬁngite,
2573 1311 2718 1380 justo
2753 1327 2784 1366 e
2822 1313 2998 1384 medio
3041 1315 3224 1367 tollite.
3256 1315 3661 1384 Responderunt

2082 1381 2184 1455 ipsi
2213 1380 2383 1435 Judaei
2430 1401 2442 1436 :
2473 1383 2534 1436 Si
2555 1398 2664 1455 non
2687 1393 2812 1437 esset
2836 1383 3236 1455 Iticrutalcfactor
3256 1425 3271 1450 ,
3303 1380 3404 1439 nou
3441 1384 3530 1437 tibi
3557 1396 3662 1438 tra—

2079 1451 2378 1524 didisseutus
2403 1469 2515 1506 eum
2543 1452 2724 1521 (Joau.
2756 1455 2841 1508 18.
2875 1454 2985 1522 50).
3012 1451 3195 1524 Magna
3221 1471 3401 1509 rertun
3434 1456 3661 1510 demen-

2078 1523 2306 1596 Stratio,
2345 1524 2615 1579 inclelinita
2653 1523 2945 1596 declaratio
2973 1543 2989 1578 :
3022 1523 3114 1580 dici
3149 1525 3403 1593 ﬂagitium
3425 1567 3439 1586 ,
3485 1542 3660 1596 neque

2081 1607 2174 1661 per
2197 1594 2448 1663 ambages
2475 1595 2728 1663 protrahe
2767 1595 3087 1651 auditorem.
3129 1597 3271 1650 Dixit
3306 1598 3384 1651 eis
3409 1594 3610 1650 Pilatus
3642 1617 3656 1652 :

2078 1663 2306 1738 Accipite
2330 1682 2593 1738 cumcosl
2619 1674 2665 1717 et
2689 1667 2968 1738 secundum
2997 1669 3157 1738 legem
3193 1677 3405 1721 vestram
3428 1667 3662 1736 judicate

2078 1731 2252 1858 SIbid.
2285 1751 2336 1788 ν.
2365 1735 2426 1790 31
2449 1734 2488 1806 ).
2528 1735 2734 1805 Equus
2756 1735 2918 1805 judex
2957 1731 3230 1805 rcjicicbat
3255 1754 3396 1792 ututs
3421 1731 3472 1791 iu
3500 1751 3661 1805 caput

2113 1804 2383 1858 mimorum
2418 1825 2430 1858 :
2464 1823 2556 1858 vos
2580 1806 2804 1858 accipite
2841 1808 3058 1858 sceleris
3098 1809 3434 1858 nartieiuem.
3467 1809 3659 1858 Dicunt

2113 1804 2383 1879 mimorum
2415 1804 2556 1879 suos
2580 1804 2804 1876 accipite
2841 1804 3058 1862 sceleris
3098 1809 3434 1879 participem.
3467 1804 3659 1862 Dicunt

2077 1875 2125 1928 ei
2155 1874 2323 1950 .ludtci
2353 1894 2367 1930 :
2405 1875 2567 1950 Nobis
2592 1874 2709 1950 noui
2732 1879 2843 1932 licet
2861 1874 3150 1950 inter/iecit:
3173 1874 3488 1950 quemquam.
3517 1882 3662 1944 Quo—

2077 1946 2238 2000 modo
2264 1963 2392 2020 ergo
2413 1947 2602 2006 lsaiam
2631 1949 3008 2003 interfecistis?
3029 1946 3297 2020 (μιοιιιιιιιιι
3319 1946 3655 2012 Zachariam,

2077 2017 2346 2090 qttonodo
2397 2034 2830 2090 unumque-mque
2874 2034 2942 2077 es
2995 2017 3314 2090 prophetis?
3371 2022 3659 2074 Enimvero

2079 2103 2184 2162 non
2219 2087 2341 2143 licet
2369 2089 2518 2144 vobis
2543 2087 2847 2162 interﬁcere
2866 2131 2881 2149 .
2916 2087 3021 2145 non
3040 2087 3169 2162 quia
3201 2107 3305 2145 non
3342 2091 3499 2144 vultis
3521 2133 3533 2154 .
3563 2093 3656 2145 sed

2076 2159 2196 2231 quia
2230 2175 2334 2212 non
2364 2161 2585 2229 potestis
2632 2179 2646 2215 :
2682 2161 2792 2229 jam
2829 2162 2971 2216 enim
3009 2159 3167 2217 erant
3210 2163 3300 2216 tali
3340 2170 3598 2231 potestate
3627 2181 3657 2214 a

2075 2227 2334 2301 Romanis
2357 2227 2567 2299 privati.
2596 2227 2699 2287 Les
2726 2247 2854 2301 ergo
2872 2233 2980 2299 jam
3001 2235 3174 2288 soluta
3196 2241 3300 2295 est,
3321 2227 3376 2285 in
3405 2233 3657 2301 operibus-

2077 2299 2288 2366 quidem
2316 2304 2485 2355 otiosa
2509 2342 2528 2366 ,
2559 2302 2609 2354 in
2638 2299 2936 2357 atruneuto
2961 2313 3138 2358 autem
3170 2299 3470 2357 consistens
3501 2321 3511 2354 :
3537 2319 3654 2356 eam

2075 2385 2206 2441 vero
2244 2372 2403 2426 solvit
2447 2373 2533 2441 qui
2579 2374 2857 2441 colligatus
2894 2383 2976 2428 est
3009 2373 3186 2428 lusus.
3231 2374 3363 2427 Tum
3397 2373 3597 2426 Pilatus
3642 2391 3654 2425 :

2080 2440 2191 2511 Ego
2221 2442 2413 2495 nullout
2447 2440 2644 2496 invenio
2683 2440 2734 2496 iu
2763 2460 2822 2497 eo
2842 2461 3046 2496 causam
3077 2443 3249 2514 (Jouu.
3284 2445 3366 2498 18.
3405 2445 3517 2512 58).
3543 2444 3658 2496 an

2079 2521 2132 2564 ιιι
2159 2522 2382 2577 tantum,
2415 2514 2600 2580 l’ilau‘,
2629 2517 2720 2568 sed
2756 2529 2926 2584 neque
2961 2515 3150 2579 Judzci,
3182 2531 3352 2582 neque
3378 2517 3529 2570 cwci.
3558 2533 3658 2568 uc-

2076 2599 2179 2650 que
2202 2585 2430 2649 mortui,
2463 2599 2635 2653 neque
2657 2586 2737 2639 sui
2759 2626 2775 2646 ,
2808 2602 2978 2654 neque
3009 2586 3159 2650 luna,
3196 2586 3614 2654 nequennutdus
3642 2627 3654 2644 ,

2077 2669 2248 2727 neque
2289 2656 2419 2722 justi
2453 2671 2654 2727 ornues
2689 2655 2965 2725 propheta:
2987 2697 3002 2719 ,
3035 2663 3089 2710 ct
3133 2665 3396 2727 tmrtyres
3421 2697 3435 2719 ,
3483 2672 3657 2724 neque

2079 2724 2333 2796 ptoplteta
2376 2726 2462 2796 qui
2493 2725 2620 2779 dicit
2659 2743 2674 2778 :
2719 2724 2816 2792 Qui
2859 2739 3114 2794 peccatum
3160 2724 3458 2796 m'u'fecit,
3503 2742 3659 2791 neque

2076 2795 2302 2866 iuremus
2327 2806 2398 2849 est
2427 2795 2577 2849 dolus
2605 2796 2658 2848 in
2688 2813 2776 2850 ore
2799 2798 2908 2866 ejus
2933 2796 3088 2861 (lsui.
3115 2798 3204 2852 55.
3233 2795 3311 2866 9).
3340 2796 3538 2850 (hiutcs
3563 2795 3622 2848 1³4
3641 2829 3654 2836 -

2078 2864 2185 2918 1.ιι‹)
2224 2867 2676 2935 sull'ragauturjn
2726 2864 2868 2935 justa
2917 2866 3179 2922 sententia
3225 2864 3438 2922 ferenda
3490 2885 3505 2919 :
3557 2868 3655 2918 soli

2075 2938 2424 2990 adversantur
2451 2937 2641 3001 1Ιιιί1ιιιί,
2669 2953 2788 2992 cum
2812 2939 3044 2992 cLamorc
3070 2950 3399 2999 accusantes.
3433 2945 3488 2990 ct
3514 2939 3657 2990 vrri-

2077 3015 2238 3060 tatcm
2301 3008 2643 3062 inobscurarc
2708 3009 2935 3063 tumultu
2991 3009 3360 3072 conti-mlunt,
3421 3008 3657 3076 illudque

2079 3076 2454 3151 lsaizcdictum
2483 3080 2800 3133 conﬁrmant
2832 3097 2846 3135 :
2873 3079 3174 3151 Exspcctari
3195 3091 3246 3132 ut
3276 3084 3458 3150 faceret
3487 3094 3654 3151 auaui,

2075 3158 2120 3201 et
2152 3149 2266 3219 fecit
2295 3151 2471 3214 spinas
2489 3167 2508 3212 ;
2535 3160 2582 3204 et
2619 3167 2720 3203 uon
2755 3147 3042 3218 justitiam,
3086 3151 3174 3204 scd
3208 3147 3478 3203 clamorem
3504 3147 3654 3219 (lstti.

2076 3220 2128 3276 5.
2153 3224 2208 3274 2.
2241 3233 2296 3275 et
2324 3221 2402 3289 7).
2437 3221 2568 3274 υιιιιι
2595 3229 2910 3290 gererentur
2940 3222 3038 3276 ista
3060 3263 3075 3287 ,
3123 3221 3324 3274 Pilatus
3365 3235 3538 3288 neque
3578 3219 3658 3273 di-

2075 3306 2198 3346 cere
2230 3306 2402 3360 neque
2431 3291 2616 3345 audire
2644 3291 2714 3346 ob
2756 3291 3035 3345 confusum
3082 3293 3363 3346 tunniltum
3406 3302 3610 3360 poterat
3638 3332 3655 3354 ,

2077 3377 2266 3431 resque
2297 3363 2362 3416 ad
2393 3362 2714 3416 seditionem
2745 3363 3015 3431 vergebat.
3051 3364 3191 3417 Misit
3218 3361 3357 3416 enim
3387 3361 3452 3414 ad
3483 3361 3655 3430 ipsum

2078 3448 2210 3486 uxor
2239 3435 2355 3501 ejus
2373 3475 2387 3495 ,
2419 3433 2628 3504 egregia
2657 3433 2954 3504 auxiliatrix
2977 3475 2992 3500 ,
3019 3451 3140 3504 qua:
3171 3435 3342 3488 virum
3368 3447 3658 3504 protei-an-

2079 3514 2182 3558 tem
2214 3502 2487 3568 retineret,
2520 3502 2704 3559 dicens
2735 3521 2746 3556 :
2774 3503 2867 3557 Nil
2888 3505 2977 3557 tibi
3004 3502 3051 3558 ct
3070 3507 3213 3574 justo
3232 3504 3309 3556 illi
3330 3503 3541 3572 (Matth.
3562 3502 3652 3556 27.

2077 3574 2166 3645 19)
2211 3593 2224 3628 :
2267 3575 2310 3629 si
2355 3577 2567 3643 quidem
2601 3575 2772 3643 possis
2800 3620 2818 3641 ,
2854 3577 3056 3630 salvum
3100 3577 3183 3629 {ac
3228 3574 3412 3636 illum;
3444 3575 3501 3645 si_
3528 3589 3658 3626 vero

2021 3662 2030 3664 “
2076 3643 2309 3712 nequeas
2334 3687 2346 3706 ,
2379 3647 2526 3699 salva
2569 3646 2908 3714 temetipsqu
2943 3663 2955 3700 :
2990 3654 3190 3698 tantum
3235 3660 3338 3697 non
3383 3643 3656 3712 proferens

2076 3717 2206 3770 illud
2238 3716 2452 3770 Davidis
2476 3713 2805 3785 eloquium:
2838 3713 2923 3769 Ne
2961 3717 3142 3784 perdas
3171 3732 3287 3768 cum
3327 3714 3496 3782 iutpiis
3521 3715 3654 3785 _aui-

2075 3803 2210 3839 utaut
2238 3797 2410 3849 tuom,
2441 3795 2488 3840 et
2515 3783 2625 3839 cum
2652 3787 2771 3840 viris
2808 3783 3114 3856 anguinum
3141 3789 3291 3840 vitam
3319 3797 3458 3838 tuum
3481 3783 3653 3854 (Poet.

2073 3857 2163 3912 25.
2186 3859 2265 3922 9).
2304 3856 2452 3912 Nihil
2489 3857 2578 3910 tibi
2615 3866 2662 3910 et
2677 3858 2821 3927 justo
2849 3859 2924 3911 illi
2966 3873 2986 3911 :
3023 3859 3183 3911 multa
3209 3857 3339 3909 enim
3369 3872 3518 3927 passa
3543 3872 3656 3907 sum

2075 3929 2224 3982 hodie
2254 3946 2340 3993 per
2368 3929 2618 3982 somnium
2645 3926 2849 3997 propter
2869 3944 2980 3982 eum
3005 3927 3215 3999 (Matth.
3239 3927 3330 3980 27.
3359 3926 3473 3999 19).
3507 3927 3656 3979 Alter

2073 3999 2308 4068 .loseph,
2353 4015 2447 4068 per
2486 3999 2747 4052 insomnia
2798 3997 3075 4054 vericttettt
3115 4000 3319 4062 cernit,
3347 3997 3653 4052 Judaiorum

2073 4072 2396 4128 clamoribus
2437 4071 2800 4125 testimonium
2827 4085 2982 4125 suum
3001 4071 3224 4139 opponit
3261 4087 3274 4122 :
3305 4068 3658 4122 conveniebat

2073 4141 2216 4196 enim
2241 4183 2257 4206 ,
2300 4151 2356 4195 ut
2397 4141 2495 4210 ipsi
2523 4156 2550 4192 a
2579 4139 2896 4195 mulieribus
2931 4149 3334 4210 superarentur.
3383 4140 3517 4191 Vicit
3561 4152 3656 4192 eos

2075 4213 2262 4266 ltahab
2301 4212 2559 4267 meretrix
2610 4229 2623 4264 :
2675 4211 2799 4266 vicit
2837 4225 2935 4266 eos
2974 4227 3096 4280 qtae
3141 4210 3414 4279 sanguinis
3453 4210 3652 4262 tinnitu

2074 4283 2373 4352 patiebatur
2408 4301 2421 4335 :
2451 4284 2575 4336 vicit
2603 4281 2903 4337 Chananzca
2929 4323 2944 4344 ,
2984 4292 3039 4336 et
3069 4296 3209 4336 nunc
3251 4296 3434 4335 rursus
3463 4280 3657 4352 mulier

2071 4351 2260 4410 contra
2293 4355 2433 4410 illos.
2465 4355 2522 4409 in
2551 4353 2826 4422 angustias
2856 4352 3168 4421 rediguntur
3197 4371 3210 4405 :
3236 4352 3560 4419 reSpoudent
3581 4351 3655 4403 illi

2067 4425 2242 4480 .lttdari
2262 4443 2274 4476 :
2296 4423 2410 4478 Nos
2427 4423 2587 4494 legem
2612 4423 2870 4487 habemus,
2889 4433 2934 4476 et
2954 4423 3226 4477 sectmdum
3251 4425 3408 4492 legem
3435 4432 3658 4494 nostram

2072 4498 2214 4550 debet
2243 4497 2367 4549 mori
2401 4493 2576 4568 (tam.
2598 4495 2693 4568 19.
2737 4496 2815 4568 7),
2839 4496 3008 4568 Quam
3051 4510 3181 4568 vero
3223 4494 3434 4568 legenti
3468 4493 3659 4568 quibus

2072 4563 2762 4623 dictionibus'staltilitam?
2789 4581 2856 4620 an
2888 4565 3025 4621 forte
3066 4565 3130 4620 iis
3159 4582 3275 4635 qute
3313 4563 3472 4618 hodie
3507 4565 3658 4635 lecta:

2071 4639 2240 4694 sunt?
2269 4637 2550 4707 Tamquam
2573 4637 2677 4690 ovis
2698 4637 2764 4688 ad
2784 4638 3085 4690 occisionem
3112 4634 3292 4689 ductus
3322 4644 3392 4688 est
3420 4651 3438 4688 :
3458 4644 3504 4686 et
3529 4634 3658 4707 sicut

2071 4727 2232 4780 agnus
2261 4705 2431 4762 coram
2462 4709 2697 4780 tondente
2719 4724 2773 4761 se
2799 4708 3162 4780 obmutescens.
3184 4707 3258 4761 sic
3287 4722 3384 4759 uou
3408 4705 3568 4780 aperit
3601 4721 3658 4755 os

2071 4776 2217 4834 suum
2252 4796 2272 4833 :
2303 4781 2364 4833 ab
2395 4779 2738 4848 iniquitatibus
2777 4781 2954 4848 papuli
2985 4781 3079 4833 mei
3105 4777 3284 4830 ductus
3327 4786 3396 4848 est
3426 4776 3492 4828 ad
3519 4791 3657 4828 utor-

2073 4862 2167 4904 tem
2197 4850 2351 4920 (Isui.
2381 4847 2548 4905 55.7.
2571 4851 2649 4919 8).
2681 4847 2785 4904 llas
2809 4864 2908 4920 ego
2930 4850 3138 4918 reperio
3163 4863 3320 4902 voces
3349 4847 3449 4900 illis
3481 4848 3656 4907 utiles,

2072 4925 2193 4992 alibi
2239 4936 2568 4992 nequaquam
2595 4964 2610 4986 ,
2662 4920 2800 4975 unde
2842 4928 3052 4974 constet
3087 4920 3209 4992 jure
3252 4920 3490 4973 occisum
3538 4933 3657 4992 esse

2073 4991 2280 5046 Jesum.
2325 4987 2606 5060 ingressus
2649 5001 2732 5044 est
2773 4987 3325 5058 przetorium‘Pilatus
3371 4987 3658 5044 iracundia:

2072 5063 2268 5117 cedens
2293 5061 2622 5125 Judaeurum,
2654 5063 2996 5130 exstinguere
3024 5061 3356 5115 contendens
3393 5061 3657 5130 "annuam

2075 5134 2468 5187 iuexstinctam.
2502 5131 2779 5201 l..gressus
2799 5129 2882 5187 est
2903 5173 2917 5195 ,
2949 5141 3004 5186 ct
3031 5147 3279 5200 egressus
3306 5141 3387 5184 est
3407 5171 3424 5197 ,
3456 5129 3535 5201 vel
3567 5145 3645 5197 po-

2076 5205 2178 5259 tius
2207 5204 2380 5274 ignem
2405 5199 2664 5274 accendit.
2699 5203 2845 5257 Exiit
2867 5205 3010 5257 enim
3039 5199 3220 5257 secum
3249 5202 3448 5274 habens
3475 5199 3660 5274 Jestnu

2074 5271 2386 5330 coronatum
2413 5291 2426 5326 :
2458 5273 2598 5340 quod
2627 5273 2986 5342 Spectaculum
3018 5284 3212 5342 praeter
3233 5272 3440 5324 illorum
3469 5271 3653 5322 volun-

2074 5355 2233 5400 tatem
2275 5345 2522 5414 apparuit
2570 5362 2582 5398 :
2623 5345 2748 5398 dum
2799 5343 2902 5397 illis
2946 5343 3155 5398 hostem
3194 5343 3303 5410 jatu
3341 5353 3657 5414 coronatimt

2074 5413 2448 5486 ostendit,jam
2476 5415 2753 5478 victorem,
2774 5414 2883 5484 jam
2907 5416 3055 5484 regio
3080 5416 3259 5468 habitu
3282 5413 3656 5486 convesliltttu.

2074 5488 2205 5542 Nam
2229 5483 2356 5542 illud
2377 5486 2592 5558 quidem
2621 5483 2924 5558 ignominiaa
2953 5483 3109 5539 causa
3141 5486 3320 5549 liebat,
3345 5485 3436 5558 sed
3462 5483 3660 5558 nativse

2077 5569 2252 5613 tamen
2286 5555 2443 5628 regile
2479 5555 2751 5627 dignitatis
2794 5558 3178 5611 subobscurutn
3225 5567 3340 5628 erat
3386 5555 3658 5608 indicium.

2078 5631 2145 5686 Ut
2174 5626 2630 5685 autenividerimt
2668 5644 2813 5692 eum,
2843 5644 3000 5698 quem
3033 5643 3176 5696 saepe
3204 5626 3466 5687 \idcrant,
3498 5641 3656 5696 quem

2075 5717 2365 5774 numquam
2412 5701 2689 5769 viderant,
2733 5716 2887 5771 quem
2925 5716 3139 5771 sentiet
3183 5699 3425 5754 videntes
3459 5699 3656 5751 intlam-
