4092 6194
329 306 430 361 817

327 420 525 477 ctenim
551 423 784 471 vestrum
810 412 1087 468 Dominum
1112 411 1239 465 estis
1261 411 1468 464 imitati.
1502 409 1698 464 Nautas
1723 407 1904 476 appel-

330 489 492 542 labo?
519 489 654 541 tales
683 487 823 539 enim
853 486 978 538 estis
997 525 1011 548 ,
1040 498 1160 537 cum
1202 483 1568 550 experimento
1615 481 1730 549 ipso
1777 494 1903 550 pro:

326 559 517 612 cellam
546 558 796 610 llnetuntn
828 553 1150 609 sustinentis.
1176 548 1576 606 Gubernatores
1593 548 1686 603 vos
1707 548 1908 603 dicam?

329 630 527 681 etenim
567 627 715 680 estis.
755 626 903 679 Sicut
943 624 1294 692 peritissimus
1331 623 1674 691 gubernator,
1705 621 1795 690 qui
1840 618 1906 672 ad

329 701 538 751 clavum
587 697 779 750 sedens
826 695 956 747 artis
1003 694 1187 760 peritia
1226 702 1597 762 tempestatem
1625 693 1824 753 evitat,
1855 696 1910 742 et

331 770 649 821 incolumem
690 773 954 820 servatam
996 779 1181 816 navem
1226 763 1290 816 ad
1331 763 1667 831 tranquillum
1701 769 1907 829 portum

330 838 545 892 deducit
572 856 585 890 :
617 837 694 889 sic
718 846 772 890 et
800 850 893 887 vos
922 835 1071 888 estis.
1103 833 1209 888 Sed
1250 842 1301 887 et
1341 832 1635 899 discipulos
1679 846 1774 883 vos
1800 845 1894 881 vo-

329 908 506 964 cabo?
534 907 698 977 parati
724 906 864 960 enim
901 906 1030 977 estis
1051 904 1115 957 ad
1142 903 1516 977 obedientiam.
1542 905 1609 955 At
1629 901 1911 977 magistros

333 994 428 1032 vos
457 971 667 1032 dicam?
701 977 903 1030 liurStts
946 975 1137 1038 dicam,
1174 974 1348 1028 Esais:
1381 974 1543 1026 totius
1584 972 1725 1025 enim
1769 971 1912 1024 orbis

335 1048 571 1119 magistri
603 1048 796 1119 fuistis.
829 1047 964 1111 Quid
990 1061 1116 1114 Cl'gt)
1145 1042 1421 1119 dicemus?
1452 1042 1615 1096 ilodie
1637 1041 1788 1096 vobis
1816 1056 1910 1108 ap-

336 1115 534 1188 ponere
560 1117 888 1187 spiritualem
922 1130 1157 1188 mensam
1203 1115 1326 1167 volo
1349 1152 1377 1188 ,_
1406 1130 1524 1180 qua:
1575 1127 1680 1166 non
1720 1124 1912 1178 corpus

337 1185 528 1253 reiicit,
574 1185 667 1244 sed
716 1189 958 1256 spiritum
1004 1185 1286 1239 confirmat
1318 1200 1331 1235 :
1368 1185 1650 1256 itno_vcro,
1693 1198 1814 1256 quae
1861 1191 1915 1234 et

335 1274 529 1328 corpus
572 1253 803 1328 reiicit,
829 1265 883 1310 et
931 1256 1159 1328 animam
1185 1264 1419 1328 purgat.
1463 1253 1606 1308 Talis
1649 1253 1790 1307 enim
1833 1261 1915 1306 est

339 1325 519 1383 mensa
549 1327 858 1398 spiritualis,
890 1341 995 1380 non
1027 1325 1159 1398 sicut
1184 1325 1271 1378 illa
1297 1326 1601 1398 gulosorum
1622 1363 1638 1388 ,
1666 1339 1784 1398 quae
1823 1338 1878 1373 sa
1897 1350 1911 1358 -

338 1393 761 1468 tietatem'parit.
787 1397 976 1470 Sermo
1002 1395 1524 1470 quippe_spiritnali_s
1558 1401 1666 1457 est,
1718 1393 1912 1470 bonum

337 1471 588 1525 etnittens
608 1463 869 1538 odorem?
901 1485 913 1520 :
947 1463 1103 1538 quem
1135 1465 1222 1538 qui
1257 1476 1470 1518 revocat
1496 1465 1547 1518 in
1579 1463 1913 1538 memoriam,

339 1541 629 1594 nonaliter
661 1548 821 1607 atque
858 1537 902 1589 is
957 1533 1044 1604 qui
1099 1533 1420 1605 unguentum
1463 1535 1729 1607 comedit,
1782 1533 1914 1607 Olli):

338 1626 451 1665 rem
493 1601 768 1664 suavitatis
810 1601 1051 1671 eructat,
1099 1601 1303 1659 ct'non
1347 1607 1517 1658 solum
1563 1605 1727 1658 odore
1770 1601 1916 1656 sumi

339 1683 572 1750 scipsum
593 1689 821 1750 recreat,
843 1677 932 1730 sed
957 1687 1010 1730 et
1037 1677 1306 1750 proximos
1327 1677 1424 1750 sibi
1447 1673 1804 1750 suaveolentia
1829 1689 1918 1750 rc—

339 1744 466 1820 ple't.
493 1749 782 1811 Attendite,
815 1762 996 1818 quaeso
1021 1764 1035 1801 :
1057 1746 1282 1820 verbum
1309 1747 1449 1799 enim
1484 1745 1725 1820 proferre
1757 1744 1913 1820 volo;

341 1815 462 1875 ham
493 1829 616 1874 sunt
649 1815 860 1888 quidam
894 1833 956 1871 ex
989 1816 1372 1888 ttriuatoribus,
1411 1817 1500 1885 qui
1545 1830 1603 1869 se
1641 1831 1671 1869 e
1710 1816 1827 1868 navi
1867 1815 1916 1866 in

341 1907 488 1952 mare
514 1885 802 1959 dejici'tmt,
834 1899 889 1941 ut
915 1885 1232 1956 profundum
1278 1895 1616 1959 percurrunt,
1649 1896 1702 1939 et
1738 1895 1919 1938 extra-

342 1961 471 2016 hant
501 1957 842 2030 margaritam
876 1972 1016 2030 :rnos
1047 1972 1173 2010 vero
1205 1957 1355 2010 navis
1381 1957 1499 2030 loco
1535 1965 1687 2030 vetus
1727 1970 1788 2008 ac
1826 1970 1922 2007 no—

341 2047 461 2085 vum
481 2026 876 2085 Testamentum
902 2028 1176 2090 habentes,
1199 2043 1292 2095 pro
1307 2026 1664 2094 gubernaculo
1685 2039 1917 2086 crucem,

343 2117 439 2170 pro
466 2101 823 2170 gubernatore
853 2099 1142 2161 Christum,
1175 2097 1290 2150 loco
1319 2106 1542 2170 proreta:
1571 2097 1802 2170 Patrem,
1828 2110 1921 2164 pro

341 2167 591 2252 iephtyrq
617 2171 868 2252 Spiritum
919 2178 1330 2252 sanctummpro
1375 2168 1490 2252 velo
1533 2167 1755 2236 gratiam
1772 2205 1801 2248 ε.
1826 2181 1922 2247 pro

342 2237 519 2296 nautis
540 2237 846 2310 discipulos,
884 2254 977 2307 pro
1006 2237 1310 2310 vectoribus
1338 2237 1643 2306 prophetas,
1673 2237 1920 2310 projicia-

342 2327 460 2368 mus
499 2308 707 2366 nosmet
737 2311 880 2378 ipsos
909 2310 976 2363 de
1014 2308 1130 2360 navi
1165 2309 1214 2359 in
1248 2310 1460 2375 pelagus
1501 2309 1918 2371 sententiarum,

343 2399 447 2435 non
477 2393 533 2435 ut
564 2384 900 2452 margaritam
922 2421 935 2441 ,
967 2379 1061 2452 sed
1089 2387 1144 2430 ttt
1173 2379 1311 2452 qur-d
1359 2379 1636 2444 margarita
1675 2387 1758 2432 est
1800 2392 1921 2446 pre-

343 2453 564 2516 tiosius,
599 2449 959 2505 extrahamns.
997 2449 1183 2504 Parate
1203 2451 1410 2501 animos
1441 2461 1645 2501 vestros
1665 2489 1679 2511 ,
1709 2463 1919 2517 qmeso,

342 2531 396 2576 et
423 2534 527 2576 tota
559 2523 848 2575 intentione
871 2522 1080 2582 mentis,
1107 2535 1224 2587 qua:
1251 2517 1516 2582 dicuntur,
1541 2519 1718 2572 audite
1746 2535 1758 2569 :
1788 2518 1924 2571 sicut

342 2595 486 2646 enim
514 2603 635 2646 ante
665 2592 794 2657 dixi,
825 2592 1104 2660 margarita
1136 2589 1417 2657 pretiosius
1441 2589 1691 2660 quiddam
1714 2604 1776 2642 ex
1802 2603 1924 2656 pro-

345 2663 510 2717 fundo
528 2663 905 2716 sententiarum
928 2659 1042 2714 sum
1066 2668 1416 2713 extracturos.
1445 2659 1518 2713 Ne
1545 2660 1700 2728 igitur
1721 2668 1926 2711 vosmet

345 2735 643 2803 ncgligatis,
675 2748 780 2803 nec,
804 2732 1076 2803 Drttturttm
1106 2730 1272 2783 instar
1296 2744 1386 2803 vos
1413 2733 1642 2798 geratis:
1668 2729 1922 2799 scriptum

344 2800 593 2878 csticnim
626 2802 847 2878 :__Nolite
889 2802 1078 2878 mittere
1111 2800 1423 2878 .iiiat'garitas
1470 2811 1612 2878 ante“
1631 2816 1808 2878 palm;
1834 2841 1848 2864 ,
1879 2808 1926 2851 ει

345 2876 498 2928 nolite
528 2875 771 2942 projicere
797 2868 981 2925 sancti
1007 2870 1212 2942 canibus
1241 2869 1452 2936 (Matth.
1482 2872 1528 2924 7.
1565 2871 1640 2942 ti).
1672 2868 1804 2942 Cum
1831 2885 1922 2922 au-

346 2956 451 2998 tem
485 2940 674 3013 porcus
699 2943 876 3006 audis,
907 2959 1012 2996 non
1044 2941 1108 3013 de
1140 2941 1307 2994 brutis
1351 2940 1666 3013 animalibus
1688 2941 1927 3013 aestimes

345 3017 447 3069 dici
472 3011 498 3078 ς’
531 3024 585 3068 et
629 3029 789 3071 canes
829 3028 948 3066 cum
982 3012 1167 3075 audis,
1199 3027 1304 3064 non
1332 3011 1398 3064 de
1425 3013 1644 3065 canibus
1687 3011 1800 3064 isus
1823 3011 1926 3064 dici

347 3096 519 3154 putes.
556 3085 754 3139 Porcos
782 3084 933 3154 enim
953 3092 1102 3136 vocat
1140 3097 1232 3154 eos
1271 3083 1364 3154 qui
1405 3082 1682 3154 luxuriose
1709 3082 1888 3154 vivunt
1910 3095 1924 3154 ξ

346 3150 507 3210 canes
530 3164 680 3208 vocat
706 3171 817 3215 eos,
849 3153 937 3222 qui
965 3163 1165 3206 temere
1191 3153 1241 3204 in
1269 3150 1544 3222 Dominum
1575 3151 1720 3206 rabie
1743 3150 1926 3220 perciti

348 3229 765 3282 insurrexerunt.
799 3221 976 3278 Facite
1016 3238 1142 3291 ergo
1183 3237 1274 3274 vos
1315 3221 1502 3285 dignos
1540 3223 1604 3275 ad
1635 3222 1932 3289 suscipien-

347 3299 469 3350 dam
515 3298 849 3363 margaritam
889 3310 1048 3362 quam
1098 3294 1245 3346 vobis
1293 3291 1448 3350 hodie
1490 3307 1604 3345 sum
1635 3291 1926 3363 oblaturus.

347 3366 620 3435 Siquidem
635 3361 1040 3435 'agricolze’nou
1074 3365 1336 3435 incassum
1366 3363 1794 3435 seminantpnisi
1838 3361 1933 3415 bo-

349 3431 445 3490 ves
473 3437 619 3506 prius
642 3431 929 3503 junxerunt,
961 3445 1014 3488 et
1039 3443 1270 3506 aratrum
1301 3433 1577 3506 duxerint,
1609 3431 1790 3499 Spinas
1815 3446 1933 3506 cra-

348 3502 612 3567 dicariut,
645 3502 829 3561 sulcos
871 3505 1252 3572 proscidcrint;
1297 3516 1348 3557 ιιι
1386 3503 1462 3555 sic
1488 3504 1701 3558 demum
1731 3502 1931 3554 semina

354 3589 512 3631 terra:
556 3579 924 3637 committunt,
973 3586 1026 3627 et
1071 3591 1190 3630 cum
1243 3573 1580 3628 descenderit
1623 3573 1831 3642 pluvia,
1880 3573 1930 3625 in

355 3659 510 3702 terra:
556 3647 758 3700 viscera
792 3662 854 3701 ea
899 3647 1136 3707 delerat;
1186 3653 1238 3696 et
1283 3659 1402 3696 mox
1436 3654 1574 3696 terra
1605 3643 1667 3696 iis
1696 3643 1934 3711 exceptis

352 3719 552 3785 spicam
597 3718 855 3785 producit.
891 3715 1262 3768 Verumtamen
1311 3714 1396 3765 illa
1441 3713 1642 3785 semina
1688 3712 1931 3785 hyemem

355 3782 687 3857 exspectant,
717 3797 770 3839 et
797 3795 1035 3842 avstatctn
1065 3797 1120 3840 et
1147 3785 1370 3857 imbrem
1399 3784 1666 3857 ca-lcstem
1685 3821 1698 3843 ,
1729 3782 1780 3835 et
1803 3782 1936 3836 Solis

357 3853 551 3929 radios,
582 3869 634 3911 et
667 3858 855 3911 messis
886 3867 1125 3929 terttptts,
1158 3864 1211 3909 et
1237 3856 1320 3907 illa
1354 3863 1480 3907 tunc
1505 3854 1557 3905 in
1588 3853 1779 3907 horrea
1807 3869 1936 3905 cott-

358 3928 594 3986 vchnnt;
622 3937 675 3980 at
701 3943 799 3997 ego
826 3944 928 3980 non
959 3927 1202 3997 lty0tttettt
1224 3965 1240 3986 ,
1271 3939 1373 3977 non
1405 3934 1641 3997 testatetu
1665 3963 1679 3985 ,
1714 3938 1808 3997 nec
1849 3937 1935 3975 ra-

354 3999 475 4052 dios
502 3999 630 4052 solis
653 3992 924 4066 exspecto,
951 3992 1054 4051 neu
1084 3995 1302 4066 imbrem
1327 4010 1341 4055 ;
1371 4009 1540 4063 neque
1567 3993 1657 4066 bo;
1671 4009 1728 4049 es
1748 3992 1934 4061 jnugo,

358 4083 529 4138 neque
554 4064 786 4122 aratrum
812 4067 948 4122 duco
968 4108 982 4126 ,
1011 4082 1182 4138 neque
1210 4065 1386 4138 sulcos
1412 4064 1729 4138 proscinde,
1766 4078 1938 4132 neque

359 4135 540 4206 spinas
582 4138 752 4192 evelle
775 4157 789 4194 :
813 4139 1072 4207 siquidem
1103 4135 1274 4191 hodie
1316 4137 1556 4197 semino,
1586 4135 1743 4188 hodie
1773 4143 1935 4207 meto.

359 4207 474 4262 Non
506 4212 647 4262 enim
691 4206 886 4263 excolo
909 4207 1126 4262 rationis
1160 4216 1432 4275 expertem
1465 4215 1658 4259 terram
1685 4244 1698 4267 ,
1728 4206 1820 4257 sed
1850 4219 1937 4256 ra-

363 4281 506 4332 tione
555 4279 828 4348 pranlitam
872 4290 1100 4341 terram;
1134 4295 1237 4332 noti
1277 4293 1465 4332 sensus
1509 4285 1817 4348 expertem,
1845 4275 1938 4329 sed

360 4363 522 4403 sensu
555 4345 864 4416 praultam;
912 4366 1015 4403 non
1060 4349 1235 4403 anima
1281 4345 1588 4406 carentem.
1615 4347 1706 4400 sed
1735 4345 1940 4398 anima-

363 4428 491 4472 tam.
528 4419 589 4472 Et
619 4420 737 4473 felix
767 4435 867 4489 ego
896 4420 1034 4489 quod
1072 4419 1188 4472 talis
1216 4429 1372 4472 terra:
1403 4432 1521 4470 smn
1553 4417 1780 4489 agricola
1810 4429 1942 4470 cou-

362 4491 578 4544 stitutus
603 4507 616 4542 :
648 4499 770 4542 tunc
799 4487 938 4544 enim
967 4491 1152 4545 beatus
1178 4505 1317 4552 sutn,
1345 4504 1464 4541 cum
1497 4490 1547 4542 in
1573 4503 1730 4548 aures
1758 4487 1943 4554 loquor

362 4575 547 4614 eorum
588 4560 675 4628 qui
734 4559 974 4614 audiunt.
1027 4561 1094 4614 Et
1147 4559 1335 4614 iterum
1379 4559 1508 4628 dicit
1547 4574 1560 4610 :
1597 4555 1943 4616 Inobedicntia

362 4639 573 4683 mortem
600 4627 835 4696 operatur
860 4628 1045 4700 (Ecclt.
1077 4629 1164 4683 25.
1194 4629 1282 4699 12)
1306 4631 1405 4697 (a).
1431 4627 1620 4700 Beatus
1643 4629 1799 4700 igitur
1819 4641 1938 4700 ego,

366 4700 504 4753 beati
531 4709 587 4754 et
612 4714 725 4752 vos.
756 4698 884 4753 Nam
910 4700 1067 4755 Jesus
1092 4702 1142 4753 in
1165 4698 1454 4768 Evangelia
1471 4698 1598 4751 dicit
1623 4699 1687 4750 ad
1715 4698 1945 4768 discipu-

366 4770 446 4823 los
471 4785 596 4824 suos
623 4788 636 4822 :
660 4770 804 4822 Beati
829 4771 975 4835 estis,
1021 4772 1067 4828 si
1106 4766 1383 4823 sermonem
1424 4784 1586 4823 meum
1634 4766 1946 4820 servaret-itis

364 4841 546 4902 (Joan.
569 4841 621 4894 8.
650 4841 738 4895 50.
763 4840 877 4906 51).
909 4839 1181 4898 Attendite
1222 4839 1406 4907 igitur,
1454 4847 1508 4890 et
1547 4837 1768 4907 arrectis
1800 4837 1941 4888 auri-

368 4910 486 4973 bus,
519 4926 637 4978 quae
663 4911 931 4974 dicuntur,
963 4911 1209 4978 excipite.
1240 4906 1368 4963 Volo
1389 4907 1530 4978 enim
1552 4906 1778 4978 quadam
1800 4920 1946 4958 com-

369 4976 641 5048 paratione
667 4981 818 5034 vobis
840 5022 853 5044 ,
885 4981 1008 5048 quid
1052 4976 1121 5034 sit
1154 4981 1290 5033 Deus
1333 4977 1633 5048 ostendere.
1663 4976 1948 5043 Fingamus

366 5045 510 5103 enim
544 5051 706 5104 Deum
736 5053 882 5118 quasi
905 5045 1182 5104 hominem
1213 5051 1264 5104 in
1295 5050 1514 5117 scopulo
1543 5045 1853 5106 sedentem,
1896 5055 1950 5118 ct

367 5121 560 5174 exinde
590 5116 998 5189 prospicientem
1025 5123 1074 5183 in
1105 5116 1407 5174 universum
1440 5132 1604 5180 mare,
1635 5126 1690 5170 ct
1711 5130 1872 5189 naves
1899 5116 1948 5166 ιιι

367 5206 434 5243 eo
466 5186 822 5252 transeuntes,
853 5191 993 5258 quod
1021 5192 1090 5243 ob
1120 5201 1394 5243 ventorum
1425 5189 1726 5241 violentiam
1763 5186 1953 5258 [luctus

368 5260 567 5314 excitet
595 5276 656 5312 ac
685 5254 944 5328 procellas
969 5278 980 5312 :
1014 5261 1107 5315 sed
1137 5258 1488 5328 peritissimus
1513 5254 1955 5328 gubernatorali-

369 5345 490 5398 quis
516 5324 843 5385 contendens
871 5346 992 5386 cum
1025 5324 1292 5397 ﬂuctibus,
1320 5329 1492 5383 navim
1519 5324 1584 5381 ad
1615 5324 1952 5394 tranquillum

391 5583 402 5636 ι
439 5528 454 5555 ν
494 5525 678 5636 ιιειιᾱιιο
703 5527 854 5588 uegit.
890 5533 938 5575 tn
985 5525 1120 5576 ωηο
1149 5526 1276 5587 hac,
1299 5524 1471 5576 bonum
1502 5520 1718 5572 eminens
1739 5520 1956 5580 odorem,

405 5600 556 5636 eet-an
584 5625 595 5635 .

371 5600 595 5638 deerant.

421 5643 514 5757 se)
545 5655 676 5696 ttnnc
721 5647 879 5698 locum
903 5661 998 5698 nou
1023 5650 1207 5711 reperi.
1236 5655 1404 5698 locum
1431 5647 1596 5698 videas
1619 5645 1732 5704 huic
1751 5644 1870 5695 satis
1892 5644 1958 5694 si-

421 5723 439 5756 ll
465 5723 563 5757 cm.
585 5711 632 5757 in
658 5718 798 5757 Deut.
823 5713 871 5757 8.
897 5711 978 5757 ΞΟ.

373 5711 563 5769 milcm,
585 5711 632 5758 in
658 5718 798 5761 Deut.
823 5713 871 5760 8.
897 5711 978 5759 ΞΟ.

1361 296 1426 352 IN
1468 289 1956 350 VENERABILEM
1997 288 2276 350 CBUCEM
2317 294 2574 353 SERMO.

3505 311 3605 364 Sis

2019 419 2227 490 portum
2251 409 2518 490 deducere
2541 411 2739 490 studet,
2770 413 2906 490 quod
2937 417 3228 490 serotinum
3273 429 3480 490 tempus
3511 443 3607 481 eos

2018 489 2222 556 urgeat,
2250 482 2438 535 timens
2463 499 2528 535 ne
2552 484 2686 536 forte
2709 485 2969 550 navigium
2999 487 3153 539 undis
3174 482 3447 556 obruatur,
3483 509 3609 548 cum

2182 567 2344 605 naves
2391 568 2648 629 prospero
2693 569 2851 629 cursu
2911 563 3106 608 rectam
3159 559 3295 613 viam
3353 551 3608 629 teneant,

2017 623 2135 675 alite
2180 631 2455 694 ventorum
2483 624 2703 694 impetu
2747 626 3156 694 snlnnergantnr
3200 639 3252 683 et
3303 623 3608 689 dissnlvau;

2019 701 2140 771 tur,
2190 692 2316 746 dum
2366 693 2580 771 quidam
2638 692 2986 754 moriuntur,
3023 699 3236 771 quidam
3293 705 3609 771 superstites

2021 761 2149 834 lium
2175 804 2188 827 ,
2223 761 2503 834 etimisero
2531 773 2742 818 temone
2783 761 3284 834 correpto—evadunt
3314 813 3328 834 ,
3359 761 3608 830 lluctibas

2021 831 2332 913 decumanis
2374 834 2423 886 in
2457 843 2648 913 terram
2679 836 2830 903 ejecti
2856 877 2870 896 ,
2900 831 2954 890 et
2985 837 3212 913 _a_liormn
3237 831 3457 911 corpora
3496 845 3606 913 jam

2023 911 2350 982 mortuorum
2382 903 2610 972 projecta
2643 907 3106 982 cernuntur._ll;ec
3132 921 3306 963 autem
3333 903 3424 982 qui
3456 903 3607 972 sedet

2025 972 2077 1044 in
2096 974 2316 1044 scapulo
2334 985 2654 1044 contuetur:
2690 975 2773 1030 hic
2803 993 2930 1031 vero
2961 977 3100 1032 Deus
3132 990 3209 1032 est
3231 1022 3245 1044 ,
3277 972 3368 1042 et:
3401 995 3450 1036 ut
3481 997 3607 1040 ante

2021 1043 2150 1115 dixi,
2182 1043 2293 1115 ltzec
2328 1043 2379 1096 in
2429 1045 2672 1099 oratione
2711 1047 2827 1100 ﬁcta
2871 1063 3123 1115 propono.
3175 1043 3398 1115 Quando
3424 1067 3602 1113 autem

2021 1112 2204 1167 dixero
2238 1114 2400 1167 Dettm
2427 1115 2700 1168 sedentem
2734 1117 2784 1169 in
2812 1112 3057 1177 excelsis.
3101 1112 3532 1178 nolicxistimare
3554 1112 3605 1180 in

2020 1184 2248 1264 excelsis
2274 1191 2474 1237 tantum
2489 1200 2615 1264 esse
2645 1187 2788 1264 illum
2813 1227 2827 1250 ,
2860 1187 2952 1240 sed
2982 1189 3140 1241 etiam
3175 1190 3401 1259 ubique:
3435 1210 3609 1264 neque

2021 1255 2164 1328 enim
2205 1254 2441 1328 locorum
2469 1255 2714 1328 distantia
2737 1266 3022 1328 separatur
3048 1299 3063 1320 ,
3111 1274 3228 1312 cum
3273 1254 3382 1328 ipse
3410 1254 3610 1318 sibi-sit

2024 1323 2192 1402 Locus,
2225 1331 2280 1402 et
2310 1325 2420 1402 ipse
2441 1326 2615 1378 omnia
2633 1326 2840 1394 capiat,
2873 1326 3000 1380 nihil
3030 1338 3203 1381 autem
3234 1323 3380 1383 illum
3414 1336 3606 1402 capiat.

2023 1393 2157 1459 Quid
2186 1395 2324 1448 enim
2359 1393 2722 1469 incorpoream
2755 1405 3000 1469 naturam
3026 1412 3224 1469 capere
3268 1410 3442 1469 potest.
3465 1393 3609 1466 [ex-

2025 1473 2226 1532 pertem
2248 1465 2489 1538 materia:
2511 1465 2945 1538 ,interminatam
2977 1509 2990 1528 ,
3023 1465 3439 1538 ittVtestigaltilettt
3465 1465 3480 1537 ,
3511 1490 3608 1526 ex~

2026 1545 2226 1606 pertem
2246 1536 2508 1600 interitus,
2533 1537 2882 1590 immortalem
2909 1546 2963 1590 et
2992 1536 3610 1606 incotnprehensibilem?

2024 1602 2112 1657 Sic
2141 1606 2282 1659 enim
2329 1605 2465 1674 apud
2517 1606 2630 1673 pios
2672 1607 2953 1676 concipere
2993 1602 3200 1676 Oportet
3251 1612 3435 1664 Dettztt.
3487 1614 3611 1668 llzee

2024 1676 2164 1728 enim
2193 1684 2273 1728 est
2301 1691 2424 1744 spes
2447 1685 2647 1742 nostra,
2679 1676 2817 1731 sicut
2844 1678 3096 1746 scriptum
3120 1688 3232 1732 est:
3270 1679 3392 1734 Hcce
3417 1693 3488 1736 est
3511 1686 3610 1736 vita

2023 1755 2211 1821 (eterna
2243 1785 2267 1821 ι
2287 1755 2338 1798 ιιι
2373 1758 2673 1821 cognoscant
2702 1747 2954 1821 (escium
2973 1764 3148 1821 ruerunt
3169 1749 3362 1821 Deum,
3392 1762 3437 1804 et
3465 1770 3611 1821 quem

2025 1815 2205 1867 misisti
2230 1813 2693 1889 haunit/tristitia
2727 1817 2900 1889 (Joan.
2936 1820 3020 1871 l7.
3051 1817 3128 1889 5).
3164 1820 3216 1873 In
3248 1813 3356 1874 hoc
3376 1813 3608 1888 capitulo

2026 1900 2122 1938 nos
2142 1886 2537 1962 reprehendunt
2564 1886 2822 1962 haeretici,
2854 1898 2908 1943 et
2935 1898 2990 1942 ut
3020 1886 3246 1958 imperiti
3267 1901 3410 1962 sunt,
3429 1886 3611 1962 legunt

2027 1964 2080 2026 et
2108 1970 2211 2008 non
2246 1955 2563 2026 intelligunt.
2597 1956 2867 2011 Christum
2898 1973 3024 2012 vero
3044 1955 3163 2012 cum
3192 1959 3364 2025 andzs,
3400 1955 3508 2016 non
3523 1981 3609 2017 so-

2027 2023 2301 2098 lutumodo
2330 2023 2492 2098 Deum
2523 2037 2674 2095 putes
2697 2068 2711 2090 ,
2755 2043 2926 2098 neque
2950 2030 3116 2082 solam
3160 2023 3608 2098 dismnsationcut

2027 2095 2080 2166 in
2109 2111 2291 2160 carne,
2320 2097 2411 2150 sed
2447 2105 2731 2166 utrumque
2759 2095 2915 2152 simul
2947 2141 2962 2163 ,
3006 2108 3061 2152 et
3086 2099 3248 2153 Deum
3292 2095 3613 2157 Verinnnct

2027 2165 2478 2233 dispensationem
2499 2169 2548 2220 in
2567 2165 2746 2222 carne.
2779 2169 3051 2237 Siquidem
3075 2170 3327 2224 esuriisse
3342 2169 3610 2227 Chrismm

2026 2237 2178 2309 scio,
2212 2246 2266 2291 et
2290 2237 2402 2291 scio
2433 2237 2696 2292 Christum
2719 2239 2793 2309 de
2809 2240 3039 2308 quinque
3067 2240 3290 2309 panibus
3315 2249 3368 2294 et
3405 2241 3613 2299 duobus

2029 2306 2259 2428 piscibus
2286 2309 2507 2363 satiasse
2527 2309 2758 2377 quinque
2782 2306 3052 2362 hominum
3067 2306 3265 2378 'tnillia,
3281 2321 3476 2380 pneter
3498 2328 3616 2367 mu-

2051 2377 2190 2428 ieres
2218 2387 2271 2428 ct
2293 2379 2569 2428 parvulos:
2599 2381 2711 2428 seio
2739 2379 3007 2428 Christum
3035 2378 3176 2428 sitim
3209 2395 3420 2428 nassum
3451 2398 3570 2428 esse
3597 2426 3607 2428 _

2051 2377 2190 2430 iores
2218 2387 2271 2430 et
2293 2379 2569 2445 parvulos:
2599 2381 2711 2432 scio
2739 2379 3007 2432 Christum
3035 2378 3176 2432 sitim
3209 2377 3420 2448 passum
3451 2398 3570 2437 eSsc
3595 2426 3610 2447 ,

2028 2455 2080 2501 et
2102 2447 2213 2501 scio
2244 2448 2511 2503 Christum
2540 2464 2729 2517 aquam
2752 2449 2802 2502 in
2827 2449 3006 2502 vinunt
3035 2447 3300 2505 mutasse:
3329 2456 3440 2505 scio
3463 2452 3618 2506 Chri-

2028 2526 2168 2602 stum
2195 2519 2497 2602 navigasse,
2524 2529 2580 2574 et-
2605 2520 2716 2574 scio
2745 2518 3012 2574 Christum
3044 2535 3205 2588 super
3229 2535 3403 2602 aquas
3424 2524 3582 2602 anthu
3607 2557 3611 2561 -

2030 2587 2168 2642 lasse
2192 2605 2204 2642 :
2237 2589 2349 2642 scio
2376 2589 2642 2644 Christum
2671 2604 2790 2645 esse
2819 2598 3084 2644 mortuum
3104 2587 3122 2652 ζ
3143 2600 3196 2643 et
3215 2587 3326 2644 scio
3348 2592 3613 2651 Christum

2030 2667 2270 2727 mortuos
2297 2662 2582 2714 suscitasse
2609 2678 2622 2713 :
2651 2661 2763 2714 scio
2791 2660 3062 2713 Christum
3109 2660 3278 2714 Pilato
3300 2663 3570 2716 adstitisse
3596 2705 3614 2727 ,

2030 2738 2086 2782 et
2111 2729 2222 2782 scio
2244 2726 2513 2783 Christum
2541 2732 2606 2784 ad
2629 2731 2799 2784 Patris
2830 2731 3105 2784 dexteram
3129 2733 3436 2786 consedisse
3462 2751 3475 2786 :
3504 2726 3615 2788 scio

2030 2799 2298 2871 Christum
2327 2815 2355 2852 a
2380 2800 2578 2856 Judaeis
2607 2801 2777 2870 sputis
2806 2799 2971 2855 fuisse
2999 2814 3346 2871 conspersum
3379 2844 3394 2868 ,
3423 2814 3477 2856 et
3503 2805 3616 2857 scio

2029 2869 2300 2941 Christum
2326 2872 2393 2926 ab
2422 2872 2622 2940 angelis
2641 2869 2857 2925 adorari
2881 2887 2893 2924 :
2922 2880 2976 2924 et
2995 2871 3094 2924 hoc
3114 2869 3326 2941 quidem
3357 2873 3422 2927 ad
3446 2873 3615 2927 deita-

2033 2949 2137 2994 tem
2166 2939 2342 2994 refero
2362 2982 2377 3005 ,
2420 2939 2546 2995 illud
2575 2957 2700 2996 vero
2725 2944 2942 3011 asigno
2967 2939 3299 2996 humanitati.
3331 2943 3615 3011 Propterea

2034 3027 2261 3081 namque
2291 3024 2572 3081 utrumque
2613 3012 2842 3065 diximus
2868 3053 2880 3074 ,
2911 3013 3159 3080 quoniam
3194 3013 3306 3066 scio
3345 3012 3617 3068 Christum

2031 3082 2098 3136 de
2129 3080 2284 3151 Maria
2309 3080 2510 3147 natum,
2538 3095 2592 3136 et
2615 3082 2728 3136 scio
2757 3082 3045 3144 Christum,
3076 3082 3164 3151 qui
3193 3091 3276 3136 est
3300 3092 3422 3138 ante
3452 3101 3621 3139 secu-

2036 3153 2102 3206 la.
2137 3150 2506 3206 Glorilicemtts
2533 3169 2660 3222 ergo
2694 3152 2962 3206 Christum
2991 3150 3172 3207 Jesum
3221 3169 3430 3209 murmn
3475 3155 3624 3210 inex-

2038 3222 2395 3292 pugnabilem,
2430 3223 2853 3289 fundamentum,
2882 3224 3022 3292 quod
3057 3238 3214 3293 supra
3246 3235 3446 3293 petram
3495 3225 3617 3278 l‘nn-

2033 3294 2214 3348 datttm
2255 3301 2356 3347 est.
2408 3293 2541 3347 Dicit
2576 3293 2913 3364 ipsePetro,
2954 3293 3028 3348 Tu
3066 3309 3117 3346 es
3148 3292 3332 3349 Petrus
3353 3336 3368 3361 ,
3399 3305 3444 3348 et
3472 3313 3624 3364 sitpcr

2036 3365 2165 3417 hanc
2187 3370 2375 3436 petram
2389 3364 2664 3436 iwdiﬁcabo
2687 3362 2974 3436 Ecclesium
2995 3381 3176 3436 meam,
3209 3373 3255 3418 et
3276 3374 3440 3436 parte,
3464 3362 3617 3434 inferi

2035 3451 2135 3488 non
2165 3433 2502 3502 prtevalebuut
2529 3436 2768 3487 adversus
2786 3450 2910 3504 eant
2927 3435 3136 3504 (Matth.
3170 3436 3255 3489 16.
3277 3433 3399 3502 18).
3425 3433 3623 3490 Simili:

2039 3515 2120 3560 ter
2143 3514 2320 3558 autem
2348 3514 2403 3558 et
2437 3505 2627 3559 Paulus
2654 3504 2819 3567 dicit,
2867 3503 3280 3559 Fundamentum
3304 3507 3449 3560 aliud
3473 3522 3618 3565 aetna

2039 3585 2198 3644 potest
2221 3591 2430 3642 ponere,
2464 3587 2644 3644 praeter
2669 3575 2724 3628 id
2746 3576 2882 3646 quod
2909 3578 3124 3643 positum
3153 3586 3246 3644 est,
3278 3576 3414 3643 quod
3433 3585 3504 3630 est
3529 3577 3621 3637 le-

2037 3664 2122 3700 sus
2140 3646 2369 3700 Christus
2397 3647 2414 3714 (
2450 3648 2499 3700 Ι.
2535 3646 2650 3700 Cor.
2685 3647 2735 3698 5.
2781 3647 2835 3699 ll
2876 3648 2912 3713 ).
2956 3647 3102 3714 Rogo
3131 3661 3260 3714 ergo
3290 3661 3384 3699 vos
3415 3656 3472 3700 ut
3499 3661 3619 3706 cum

2038 3664 2122 3700 sus
2140 3662 2369 3700 orti-tatus
2397 3662 2412 3714 ι
2450 3662 2499 3700 ι.
2535 3662 2650 3700 ων.
2685 3663 2735 3698 a.
2781 3662 2835 3699 ιι
2876 3662 2912 3713 ι.
2956 3662 3102 3714 nugo
3131 3662 3161 3699 e
3227 3662 3260 3698 o
3290 3662 3384 3699 vos
3415 3662 3472 3700 ut
3499 3662 3619 3706 cum

2038 3718 2181 3770 mimi
2210 3717 2616 3770 mansuetudine
2647 3715 2800 3768 nobis
2829 3725 3013 3770 nmtno
3041 3662 3390 3778 aucti-gamus.
3415 3715 3546 3770 Nam
3571 3719 3622 3770 in

2041 3787 2138 3840 hac
2167 3787 2380 3854 quidem
2406 3786 2511 3839 vita
2543 3800 2662 3839 esca
2702 3794 2755 3837 et
2778 3795 2901 3854 potu
2931 3827 2945 3848 ,
2993 3796 3047 3839 et
3081 3787 3238 3850 variis
3266 3787 3624 3855 voluptatibus

2042 3856 2458 3928 inescamur:in
2502 3855 2674 3928 futura
2717 3871 2847 3928 vero
2877 3856 3132 3928 judicium
3178 3867 3232 3910 et
3259 3857 3617 3928 supplicium.

2040 3927 2116 3981 Ne
2146 3926 2300 3995 igitur
2324 3926 2497 3979 locum
2533 3926 2722 3980 demus
2747 3925 2977 3984 diabolo.
3022 3925 3143 3986 Non
3188 3927 3322 3980 enim
3345 3925 3433 3980 'est
3481 3929 3623 3982 nobis

2040 3997 2327 4052 colluctatio
2355 3998 2593 4051 adversus
2620 4013 2822 4058 carnem
2847 4006 2892 4048 et
2919 3997 3238 4068 sanguinem,
3263 3998 3353 4052 sed
3378 3997 3621 4052 adversus

2042 4069 2372 4138 principatus,
2408 4069 2644 4125 adversus
2670 4076 2936 4138 potestates
2955 4109 2970 4132 ,
3001 4070 3240 4122 adversus
3267 4069 3442 4121 mundi
3461 4078 3624 4121 recto-

2044 4135 2128 4195 res
2153 4135 2466 4192 tenebrarum
2487 4139 2660 4192 sa‘culi
2676 4138 2828 4205 hujus
2845 4135 3058 4208 (Ephes.
3091 4138 3279 4208 6.12).
3311 4139 3628 4193 Studeamus

2044 4211 2202 4280 igitur
2231 4218 2483 4263 :eternam
2525 4223 2734 4277 pretium
2781 4208 3036 4280 eﬁ'ngere.
3066 4208 3180 4263 Non
3224 4208 3365 4280 enim
3413 4222 3624 4278 poenam

2043 4278 2490 4344 constituitDeus,
2517 4290 2572 4332 ut
2605 4280 2656 4332 in
2685 4293 2801 4332 eam
2825 4279 3126 4341 mittamur;
3161 4278 3254 4333 sed
3279 4287 3335 4341 ut
3364 4288 3413 4335 te
3434 4280 3485 4332 in
3507 4294 3626 4333 eam

2042 4352 2350 4420 prolapsum
2389 4351 2610 4419 eripiat:
2637 4349 2794 4403 talem
2824 4347 2964 4420 enim
3001 4349 3319 4420 clementem
3366 4349 3628 4404 habemus

2048 4418 2213 4477 Denui
2245 4461 2260 4488 ,
2308 4437 2370 4476 ac
2401 4418 2820 4476 tniSericordem.
2852 4418 3188 4482 Testilicatur
3209 4435 3437 4490 namque
3463 4420 3629 4476 David

2046 4493 2250 4552 dicens,
2288 4492 2422 4545 Deus
2440 4492 2605 4560 judra:
2623 4492 2816 4561 justus,
2845 4490 3095 4561 ctIortis,
3132 4499 3178 4543 et
3200 4491 3394 4561 patiens
3412 4531 3428 4556 ,
3455 4501 3501 4544 et
3527 4509 3629 4545 non

2047 4567 2196 4634 infert
2225 4563 2353 4614 iram
2379 4559 2466 4634 per
2490 4559 2713 4634 singulos
2733 4561 2858 4614 dies.
2895 4559 3012 4622 Nisi
3031 4559 3256 4634 conversi
3283 4562 3495 4631 fueritis.
3519 4561 3632 4634 glo-

2048 4631 2185 4689 dium
2210 4649 2356 4692 suum
2382 4631 2642 4685 'vibrabit:
2669 4648 2845 4684 arcum
2877 4647 3024 4685 suum
3057 4631 3264 4686 tetendit
3292 4672 3308 4697 ,
3350 4641 3397 4683 et
3436 4633 3632 4700 parauit

2050 4706 2215 4770 illum,
2246 4714 2290 4757 et
2310 4706 2362 4756 in
2386 4719 2442 4755 eo
2473 4703 2665 4770 paravit
2686 4717 2804 4756 vasa
2833 4704 3010 4756 mortis
3039 4701 3065 4772 (ν
3087 4701 3231 4756 Psal.
3258 4703 3308 4754 7.
3341 4701 3406 4756 12
3435 4705 3475 4772 ).
3504 4701 3628 4755 lla:c

2049 4776 2172 4829 dicit
2206 4777 2361 4838 Deus,
2397 4789 2500 4825 non
2532 4782 2703 4826 utnos
2727 4772 2952 4840 iudicet,
2979 4771 3072 4827 sed
3101 4786 3166 4825 ne
3196 4772 3408 4826 desides
3434 4771 3621 4824 simus.

2051 4846 2106 4901 Si
2124 4845 2264 4903 enim
2293 4860 2388 4898 nos
2418 4843 2643 4912 perdere
2676 4843 2927 4912 voluisset
2956 4881 2978 4912 ,ί
3009 4858 3114 4899 non
3148 4843 3327 4908 utique
3351 4843 3621 4911 proprium

2054 4931 2149 4984 pro
2178 4915 2327 4968 nobis
2355 4911 2666 4984 sanguinem
2700 4911 2937 4966 fudisset.
2969 4911 3190 4984 Mortem
3221 4913 3376 4980 igitur
3399 4911 3548 4975 obiit,
3580 4921 3637 4964 ut

2055 4983 2107 5040 te
2138 4983 2534 5041 immortalitate
2558 4984 2820 5042 donaret:
2849 4983 3054 5047 esuriit,
3088 4991 3147 5038 ut
3173 4992 3222 5035 te
3241 4997 3336 5036 sua
3358 4995 3519 5036 carne
3548 4999 3635 5037 sa-

2057 5056 2207 5108 tiaret
2239 5071 2253 5109 :
2283 5055 2445 5108 sitivit
2467 5093 2481 5116 ,
2516 5062 2572 5106 nt
2601 5065 2651 5106 te
2674 5053 2887 5120 proprio
2907 5052 3163 5121 sanguine
3193 5061 3430 5120 potaret:
3461 5053 3513 5121 in
3539 5069 3635 5104 na-
3714 5049 3725 5067 ‘

2054 5127 2103 5178 vi
2131 5123 2392 5186 consedit,
2422 5133 2478 5177 ut
2505 5133 2556 5175 te
2581 5137 2739 5190 supra
2773 5119 3060 5176 Cherubiin
3084 5119 3408 5178 collocaret:
3459 5119 3638 5190 bapti-

2056 5201 2392 5259 zatusest,ot
2424 5203 2473 5246 te
2495 5192 2852 5246 illutninaret:
2882 5193 3050 5260 alapis
3070 5207 3240 5247 caesus
3261 5202 3344 5247 est
3365 5233 3381 5257 ,
3409 5202 3465 5244 ιιι
3496 5201 3546 5244 te
3577 5193 3629 5242 io

2033 5267 2360 5321 .libertatem
2407 5261 2702 5317 vindicaret
2729 5276 2743 5314 :
2777 5262 2944 5315 viator
2985 5263 3153 5316 factus
3183 5273 3299 5323 est,
3333 5274 3386 5316 ιιι
3415 5269 3468 5315 ιθ
3492 5260 3641 5317 multi

2061 5338 2242 5389 labore
2271 5335 2558 5388 liberaret:
2585 5333 2870 5402 navigavit,
2903 5343 2957 5385 ιιι
2988 5333 3079 5385 tibi
3109 5344 3309 5386 metum
3343 5332 3638 5386 eximeret:

2059 5406 2326 5466 dormivit,
2358 5414 2414 5457 ut
2439 5419 2651 5457 onmem
2675 5418 2702 5455 a
2735 5414 2786 5458 te
2810 5417 2992 5456 curam
3021 5403 3287 5472 abigeret:
3322 5417 3389 5457 ex
3412 5405 3634 5472 muliere

2062 5477 2275 5547 prodiit,
2307 5484 2361 5529 ιιι
2389 5473 2825 5547 transgressionis
2852 5473 2974 5527 Eva:
3004 5475 3053 5528 in
3087 5471 3330 5547 paradiso
3355 5471 3641 5547 miserere-

2064 5540 2148 5603 tur
2173 5563 2188 5600 :
2219 5540 2378 5601 homo
2405 5540 2700 5615 appellatus
2729 5552 2811 5598 est
2838 5583 2854 5609 ,
2898 5554 2954 5597 ut
2982 5554 3031 5597 te
3073 5546 3226 5615 deum
3260 5553 3470 5615 vocaret
3496 5540 3632 5615 :_Fi_-..

2067 5619 2166 5672 lins
2195 5616 2424 5672 hominis
2443 5610 2623 5671 dictus
2649 5623 2752 5680 est,
2784 5623 2842 5668 ut
2869 5623 2919 5668 te
2947 5615 2997 5668 in
3026 5614 3187 5667 tilium
3212 5613 3490 5676 adoptaret
3518 5610 3639 5674 Dei;

2070 5690 2273 5765 accepit
2303 5702 2421 5767 qua:
2453 5695 2632 5744 nostra
2655 5694 2827 5756 erant,
2861 5694 2912 5741 et
2949 5685 3094 5746 dedit
3137 5686 3286 5748 nobis
3309 5700 3404 5740 sua
3425 5699 3442 5743 ;
3467 5683 3640 5747 oravit
