4130 6468
589 500 692 556 με)

583 610 940 667 mevitabilem
986 607 1301 664 sententiam
1339 623 1353 660 :
1383 606 1427 660 is
1465 602 1636 657 modis
1666 600 1912 655 euntibus
1946 596 2169 652 conabi-

582 714 690 767 tur,
721 712 777 756 ut
820 699 1032 755 studeat
1061 695 1421 767 temperantiae
1464 702 1521 749 et
1566 690 1801 762 a‘qnitati
1845 698 2005 759 atque
2053 686 2173 741 aliis

582 792 887 858 virtutibus,
918 798 973 846 et
1016 790 1232 859 effugiat
1277 784 1759 854 intemperantiam,
1821 779 2170 835 temeritatem

584 884 867 952 omniaque
912 881 1015 935 alia
1058 880 1225 934 vitia:
1259 877 1449 945 hieme
1499 873 1693 945 poterit
1742 886 1929 941 magna
1976 870 2174 924 virtute

584 975 845 1046 repellere
874 988 988 1040 eos,
1039 972 1127 1041 qui
1175 969 1410 1024 divinam
1455 964 1843 1020 calumniantur
1889 961 2173 1032 provideo-

585 1068 733 1122 tiam.

664 1155 989 1210 Providentia
1010 1152 1105 1207 Dei
1125 1152 1431 1229 defenditur.
1491 1178 1560 1188 —-
1614 1144 1821 1201 Etenim
1874 1158 2001 1197 vero
2052 1157 2178 1196 sum

586 1247 851 1313 nonnulli,
881 1246 969 1317 qui
997 1244 1086 1299 ubi
1114 1243 1348 1298 viderint
1384 1248 1661 1293 mansuete
1687 1245 1740 1291 et
1769 1245 1913 1291 caste
1940 1243 1993 1287 et
2033 1233 2176 1301 juste

585 1345 825 1395 viventes
854 1337 1131 1393 modestiis
1171 1344 1224 1390 et
1270 1331 1552 1390 calumniis
1601 1329 1790 1400 premi,
1821 1328 1904 1381 vix
1929 1339 2176 1379 necessa-

585 1435 721 1485 rium
771 1431 965 1485 victum
1017 1427 1250 1493 habere,
1282 1438 1426 1495 saepe
1467 1424 1624 1478 etiam
1680 1421 1866 1474 morbo
1915 1418 2073 1487 longo
2125 1424 2179 1470 et

586 1525 732 1593 gravi
757 1522 1062 1577 valetudine
1087 1517 1369 1582 macerari,
1398 1523 1453 1571 et
1479 1516 1530 1569 in
1559 1528 1797 1576 summa,
1823 1510 1967 1564 omni
1995 1523 2179 1563 carere

586 1616 861 1679 subsidio;
906 1624 961 1669 et
999 1629 1030 1668 e
1070 1612 1285 1667 diverso
1311 1610 1580 1665 maleficos
1600 1616 1653 1662 et
1685 1606 1913 1676 pollutos
1938 1603 2181 1656 homines

537 1739 550 1748 -
580 1708 853 1778 planeque
874 1704 1166 1775 ﬂagitiosos
1193 1702 1417 1757 afﬂuere
1453 1700 1649 1755 divitiis
1669 1739 1683 1765 ,
1716 1696 1975 1763 deliciari,
2001 1692 2183 1749 nitidis

585 1800 828 1855 vestibus
857 1798 1084 1864 amiciri,
1113 1794 1529 1851 domesticorum
1554 1807 1743 1862 agmen
1780 1799 1897 1859 post
1917 1803 1974 1842 se
2002 1786 2182 1841 trahe-

502 1898 503 1901 “
588 1893 744 1961 re,iu
769 1890 1118 1947 admiratione
1145 1904 1286 1955 esse,
1330 1887 1666 1958 magistratus
1709 1898 1929 1955 gerere,
1963 1880 2182 1934 muham

597 1985 737 2054 apud
790 1983 1169 2052 Imperatorem
1220 1978 1465 2032 fiduciam
1514 1976 1733 2039 habere,
1784 1989 1906 2027 mox
1950 1969 2181 2025 divinam

593 2083 822 2146 arguunt
846 2072 1254 2143 providentiam,
1289 2079 1342 2124 et
1372 2069 1555 2133 dicunt
1590 2085 1601 2119 :
1636 2065 1862 2123 Ubinam
1892 2063 2184 2133 providen-

584 2166 665 2221 tia
691 2166 815 2221 illa?
840 2173 929 2217 aut
960 2162 1049 2218 ubi
1066 2162 1268 2232 justum
1293 2159 1551 2230 judicium
1573 2158 1595 2210 ?
1617 2157 1827 2211 sobrius
1853 2167 1908 2210 et
1931 2156 2185 2208 innocens

593 2255 734 2312 male
766 2256 946 2323 habet,
978 2255 1341 2323 intemperans
1370 2260 1423 2304 et
1466 2259 1747 2319 corruptus
1785 2246 2009 2302 feliciter
2032 2248 2141 2315 ath
2168 2261 2182 2296 :

591 2359 646 2403 et
672 2348 760 2402 hic
788 2346 1000 2418 quidem
1015 2342 1364 2400 admirationi
1385 2350 1488 2407 est,
1520 2341 1605 2396 ille
1632 2356 1760 2395 vero
1793 2338 2021 2393 ludibrio
2056 2355 2067 2389 :
2099 2335 2188 2389 hic

586 2442 751 2497 variis
776 2440 969 2495 fruitur
992 2438 1198 2493 deliciis
1219 2479 1233 2504 ,
1264 2437 1352 2491 ille
1379 2445 1557 2489 autem
1588 2434 1744 2503 inops
1782 2431 2037 2486 extremis
2070 2444 2188 2499 pes-

595 2530 876 2586 sumdatur
902 2527 1275 2583 incommodis.
1315 2525 1450 2580 Tum
1496 2525 1653 2595 igitur
1680 2525 1722 2577 is
1744 2564 1757 2587 ,
1790 2521 1879 2591 qui
1908 2520 1973 2575 de
2003 2519 2188 2573 futuris

591 2622 817 2682 dubitat,
866 2620 1309 2675 conticescet:at
1351 2618 1441 2686 qui
1497 2616 1566 2671 de
1620 2614 2014 2670 resurrectione
2044 2612 2189 2690 ,bepe

592 2712 858 2778 senserit,
884 2720 939 2764 et
971 2708 1241 2779 sapienter
1265 2708 1536 2776 disputare
1564 2707 1810 2774 noverit,
1840 2704 1993 2760 facile
2037 2702 2191 2774 quid-

593 2804 720 2873 quid
751 2803 800 2857 id
837 2812 920 2856 est
947 2800 1292 2869 blasphemia:
1317 2799 1514 2864 diluet,
1538 2807 1592 2854 et
1626 2798 1731 2852 illis
1752 2808 1860 2852 tam
1886 2794 2190 2852 stomacha-

594 2895 774 2950 bunde
801 2893 1192 2964 disputantibus
1219 2892 1360 2948 dicet
1391 2909 1407 2946 :
1441 2891 1773 2961 Compescite
1815 2892 2048 2960 linguam
2093 2904 2188 2945 ve-

595 2998 784 3053 stram,
835 2994 890 3040 et
938 2985 1194 3040 adversus
1250 2983 1439 3052 Deum,
1492 2985 1582 3054 qui
1627 2999 1726 3039 vos
1777 2984 1920 3049 fecit,
1965 2997 2084 3037 eam
2122 2996 2191 3037 ne

590 3080 940 3135 exacueritis.
982 3077 1098 3132 Non
1141 3076 1285 3133 enim
1330 3092 1418 3131 res
1446 3086 1643 3131 nostra:
1669 3076 1720 3130 iu
1752 3076 1853 3130 hac
1881 3074 2051 3129 solum
2084 3074 2190 3128 vita

596 3174 815 3238 durant,
844 3172 936 3228 sed
960 3171 1277 3227 festinamus
1304 3170 1371 3225 ad
1402 3169 1561 3225 vitam
1601 3169 1761 3223 aliam
1792 3168 1961 3223 multo
1988 3169 2191 3237 longio-

596 3283 734 3334 rem,
782 3267 889 3321 imo
928 3267 1090 3321 finem
1140 3265 1359 3320 minime
1404 3263 1717 3327 habentem;
1758 3272 1814 3318 et
1851 3261 1920 3316 ibi
1975 3262 2193 3316 omnino

593 3377 799 3430 pauper
822 3361 951 3426 iste,
978 3359 1065 3430 qui
1091 3358 1235 3429 juste
1268 3357 1423 3422 vivit,
1453 3355 1693 3410 laborum
1742 3368 1959 3409 suorum
1988 3368 2197 3408 merce-

597 3454 719 3508 dem
748 3461 1063 3523 accepturus
1084 3461 1165 3507 est
1193 3467 1206 3504 :
1236 3452 1601 3519 intemperans
1629 3456 1807 3503 autem
1835 3457 1890 3502 et
1918 3446 2197 3502 maleficus

597 3543 817 3599 malitia:
843 3557 957 3599 sua:
985 3542 1289 3611 illicitteque
1313 3539 1598 3609 voluptatis
1624 3538 1844 3593 daturus
1874 3548 1958 3593 est
1981 3553 2190 3609 pinnas.

593 3635 843 3703 Proinde‘
859 3651 965 3691 non
983 3650 1015 3689 a
1038 3634 1393 3706 praesentibus
1421 3632 1594 3688 solum
1621 3631 1690 3686 de
1708 3631 1886 3686 divina
1902 3631 2192 3701 providen-

600 3729 671 3781 tia
694 3726 1014 3782 seutentiam
1045 3725 1299 3791 feramus,
1332 3722 1428 3779 sed
1452 3724 1661 3778 etiama
1691 3721 1883 3777 futuris
1916 3736 1930 3774 :
1960 3735 2208 3791 praesen—

600 3818 670 3872 tia
695 3824 967 3873 certamen
997 3816 1264 3887 quoddam
1296 3825 1441 3881 sunt,
1491 3823 1545 3869 et
1583 3815 1815 3879 labores,
1846 3820 1900 3868 et
1927 3813 2192 3878 stadium;

602 3908 778 3961 futura
804 3922 932 3962 vero
981 3907 1223 3978 prmmia,
1270 3921 1503 3972 coruum,
1550 3913 1605 3961 et
1644 3904 1844 3959 bravia.
1884 3905 2034 3959 Sicut
2068 3919 2195 3973 ergo

599 3982 815 4053 athleta:
844 3998 895 4053 in
923 3998 1153 4065 theatro,
1182 4005 1238 4053 et
1271 4000 1322 4051 iu
1350 3995 1581 4073 sudore,
1618 4006 1672 4050 et
1702 3997 1951 4066 pulvere,
1983 4005 2036 4050 et
2063 4005 2195 4049 aestu

586 4090 788 4156 .multo,
821 4099 875 4144 et
904 4088 1183 4144 laboribus
1224 4097 1277 4145 et
1307 4080 1561 4142 asrumnis
1600 4087 1939 4158 pugnandum
1970 4096 2052 4142 est
2085 4103 2099 4138 :
2127 4086 2195 4140 ita

600 4189 657 4237 et
673 4180 877 4251 iustum
904 4179 997 4235 hic
1024 4178 1484 4235 multasustiaere
1509 4186 1739 4247 oportet,
1765 4185 1823 4231 et
1846 4176 1987 4231 ferre
2016 4176 2194 4231 omnia

601 4273 850 4340 viriliter,
876 4271 1135 4342 siquidem
1162 4266 1449 4342 prazclaras
1470 4269 1579 4324 illic
1598 4278 1913 4337 accepturus
1943 4277 2023 4324 est
2043 4282 2200 4329 coro.

604 4379 724 4420 nas.
768 4364 834 4437 Et
881 4363 924 4417 si
947 4371 1073 4417 sunt
1101 4361 1363 4427 nonnulli,
1402 4376 1536 4431 quos
1586 4360 1861 4430 perturbat
1912 4359 2195 4437 impiorum

605 4456 831 4511 felicitas
854 4497 870 4522 ,
904 4454 956 4508 hi
989 4469 1167 4521 secum
1193 4456 1547 4525 perpendam,
1577 4452 1719 4522 quod
1747 4452 2198 4525 quemadmodum

604 4557 660 4603 et
678 4546 935 4613 latrones,
983 4554 1038 4600 et
1069 4544 1435 4615 sepulcrorum
1481 4543 1786 4611 cli‘ossorcs,
1811 4551 1862 4598 et
1892 4540 2195 4615 homicidii,

597 4649 658 4693 et
681 4640 865 4708 pirata:
894 4639 1197 4708 priusquam
1220 4635 1284 4690 ad
1306 4634 1539 4706 judieem
1567 4635 1842 4690 trahantur
1860 4677 1874 4698 ,
1907 4635 2085 4689 multis
2106 4636 2201 4689 de-

606 4730 743 4785 liciis
766 4729 1019 4784 fruuntur
1045 4770 1060 4796 ,
1092 4738 1147 4783 et
1174 4728 1445 4784 eraliena
1475 4727 1779 4782 calamitate
1818 4742 1968 4781 suam
1992 4727 2200 4781 consti-

604 4827 820 4876 tuentes
839 4820 1217 4876 abundantiam
1240 4861 1257 4886 ,
1288 4818 1606 4888 injustisque
1632 4817 1828 4888 opibus
1846 4817 2162 4887 locupletati
2180 4859 2198 4885 ,

606 4911 847 4982 quotidie
872 4911 1237 4977 iuebriantur;
1271 4909 1359 4967 ubi
1403 4919 1588 4966 autem
1631 4909 1827 4980 iudicis
1877 4912 2199 4978 sententiam

604 5004 892 5083 subibunt,
922 5005 1159 5073 omnium
1202 5003 1413 5075 illorum
1454 5005 1613 5071 luent
1665 5020 1879 5085 pomata
1909 5020 1923 5060 :
1951 5005 2020 5066 ita
2048 5016 2101 5060 et
2129 5005 2203 5060 illi

605 5096 698 5167 qui
715 5104 889 5150 scorta
912 5105 1240 5169 mercantur,
1263 5105 1317 5150 et
1337 5095 1887 5169 Sybariticasinensas
1912 5098 2200 5165 instruunt,

610 5197 668 5243 et
691 5185 974 5256 supercilia
1001 5187 1294 5263 surriguut,
1323 5198 1375 5243 et
1400 5186 1538 5242 fastu
1566 5189 1615 5265 in
1643 5186 1760 5242 foro
1778 5188 1918 5258 pleni
1943 5190 2229 5265 pauperes'

608 5266 962 5353 Opprimunt;
991 5274 1203 5351 quando
1223 5268 1527 5352 unigenitus
1554 5282 1647 5335 Dei
1674 5280 1842 5336 Filius
1888 5266 2061 5337 aderit
2083 5297 2204 5336 cum

611 5374 815 5445 angelis
838 5374 985 5439 suis,
1006 5360 1077 5427 et"
1102 5360 1298 5428 sedens
1331 5389 1494 5442 super
1524 5373 1771 5427 thronum
1801 5374 1947 5428 illum
1968 5415 1983 5441 ,
2022 5373 2205 5428 orbein

615 5476 881 5520 terrarum
912 5465 974 5520 ~in
1020 5463 1259 5521 medium
1309 5464 1593 5520 adduxerit
1628 5483 1640 5519 :
1676 5475 1801 5520 tunc
1826 5465 1952 5521 undi
1981 5476 2035 5521 et
2062 5467 2209 5520 omni

616 5573 714 5613 suo
737 5559 1024 5627 splendore
1044 5558 1291 5615 destituti
1316 5558 1668 5627 adducentur,
1698 5569 1753 5613 et
1778 5559 1981 5613 nullum
2010 5559 2091 5614 vel
2117 5558 2211 5613 ad.

614 5660 860 5731 vocatum
883 5690 898 5714 ,
932 5651 1016 5706 vel
1057 5660 1339 5721 patronum
1382 5650 1640 5721 habentes
1668 5693 1682 5715 ,
1715 5651 1918 5721 absque
1961 5652 2113 5705 venia
2157 5651 2210 5705 in

608 5742 805 5813 igneos
825 5740 1012 5798 fluvios
1028 5744 1395 5814 projicientur.
1422 5745 1757 5815 Quapropter
1778 5761 1950 5815 neque
1967 5745 2064 5800 bus
2088 5747 2214 5801 bea-

614 5846 704 5894 tos
731 5834 935 5891 dixeris
961 5837 1028 5891 ob
1058 5846 1348 5908 praesentes
1376 5836 1595 5891 delicias
1616 5880 1629 5903 ,
1663 5837 1755 5892 sed
1790 5839 1964 5908 potius
1993 5839 2131 5894 delle
2161 5848 2216 5893 et

611 5927 840 5997 deplora
867 5927 935 5982 ob
964 5926 1139 5984 futura
1162 5926 1474 6000 supplicia;
1506 5945 1675 5999 neque
1697 5928 1903 6000 justum
1933 5930 2079 5986 ilhtm
2112 5931 2211 5986 mi-

1339 493 1397 549 S.
1438 487 1713 548 JOANNiG
1737 481 2213 542 (ιιιιιῐδθδτολιι
2253 480 2572 537 ΑιιιλιιιΕικ
2615 476 3154 541 COSSTANTINOP.

3765 475 3875 534 ιῖῡ

2283 608 2461 649 serum
2492 592 2876 648 existimaveris
2901 592 2971 649 ob
2997 599 3311 663 praesentem
3340 599 3705 661 paupertatem
3730 634 3748 658 ,
3778 598 3872 648 sed

2276 701 2376 758 pro
2408 687 2561 741 beato
2592 685 2728 740 habe
2753 685 2823 738 ob
2851 686 3238 753 subsequentes
3265 684 3528 740 bonorum
3557 684 3790 753 divitias,
3816 699 3874 743 et

2278 778 2331 832 in
2358 787 2451 832 tuo
2475 778 2654 831 animo
2675 791 2973 831 sermonem
2998 776 3138 830 liune
3159 775 3227 832 de
3248 778 3639 832 resurrectione
3660 778 3869 832 radices

2278 884 2437 937 agere
2463 884 2589 923 cura
2621 886 2634 921 :
2665 878 2721 922 ut
2750 868 2793 922 si
2825 868 2995 922 bonus
3021 867 3187 923 fueris
3216 878 3272 922 et
3311 869 3570 935 teuteris,
3603 869 3877 938 probatior

2279 961 2492 1024 evadas,
2520 960 2883 1030 maioremque
2914 959 3242 1017 alacritatem
3269 976 3365 1031 per
3391 975 3540 1033 spem
3570 961 3875 1015 futurorum
3916 998 3927 999 κ

2278 1055 2509 1123 accipias
2535 1073 2546 1107 :
2572 1056 2653 1107 sin
2680 1054 2850 1107 maius
2874 1096 2888 1120 ,
2923 1068 2952 1108 a
2983 1054 3184 1108 malitia
3210 1053 3439 1109 desistas
3462 1095 3478 1121 ,
3506 1062 3564 1109 et
3590 1054 3876 1109 contineri-

2281 1146 2383 1199 tior
2409 1145 2505 1200 fias
2532 1145 2600 1200 ob
2627 1146 2871 1201 timorem
2900 1144 3059 1205 futuri
3085 1145 3351 1217 supplicii.

2350 1238 2407 1291 2.
2440 1237 2641 1293 Idcirco
2667 1249 2718 1293 et
2751 1238 2946 1294 Paulus
2970 1238 3038 1293 de
3064 1239 3455 1294 resurrectione
3477 1239 3629 1293 nobis
3648 1238 3882 1295 subinde

2281 1328 2443 1383 verba
2472 1328 2617 1395 facit,
2646 1328 3097 1398 quemadmodum
3127 1338 3181 1385 et
3212 1330 3373 1385 hodie
3400 1330 3675 1385 audivistis
3701 1331 3878 1400 ipsum

2280 1421 2634 1487 clamantem,
2667 1429 2720 1476 et
2745 1419 3009 1476 dicentem
3042 1440 3054 1475 :
3085 1420 3286 1477 Scimus
3312 1422 3443 1475 enim
3471 1421 3612 1490 quod.
3639 1423 3684 1475 si
3724 1432 3883 1476 terre-

2281 1523 2383 1571 stre
2415 1523 2641 1569 nostrum
2677 1513 2988 1567 domicilium
3021 1514 3333 1568 tabernaculi
3359 1515 3512 1582 huius
3547 1513 3878 1579 dissolvatur,

2284 1604 2488 1672 domum
2514 1621 2575 1659 ea:
2600 1600 2707 1659 Deo
2729 1605 2968 1659 habemus
3003 1621 3104 1658 non
3133 1608 3478 1676 manufactam
3496 1648 3510 1671 ,
3539 1604 3799 1669 cateruam,
3828 1606 3884 1658 in

2283 1699 2419 1753 aclis
2444 1696 2519 1768 (2.
2544 1697 2660 1751 Cor.
2684 1696 2737 1751 5.
2762 1697 2838 1767 l).
2872 1695 2982 1750 Imo
3009 1696 3167 1751 altius
3193 1711 3496 1751 sermonem
3524 1690 3801 1762 ducamus,
3826 1706 3885 1751 et

2285 1789 2562 1844 videamus
2606 1788 2874 1858 quomodo
2924 1780 2975 1843 in
3022 1802 3325 1843 sermonem
3370 1788 3440 1843 de
3487 1790 3887 1845 resurrectione

2286 1880 2552 1936 inciderit.
2579 1879 2760 1950 Neque
2787 1879 2927 1934 enim
2960 1879 3272 1948 simpliciter
3301 1896 3471 1947 neque
3500 1880 3716 1936 lortuito
3743 1881 3888 1937 hanc

2287 1972 2440 2026 nobis
2469 1970 2664 2025 afferre
2694 1970 2831 2025 solet
2855 1970 3151 2025 doctrinam
3187 1989 3200 2024 :
3230 1970 3322 2025 sed
3353 1970 3475 2040 quia
3505 1970 3661 2024 simul
3688 1952 3889 2026 docere

2286 2066 2399 2123 vult
2426 2081 2545 2135 qua:
2562 2065 2742 2125 .l'ntura
2784 2073 2912 2121 sunt
2943 2106 2957 2131 ,
2991 2073 3046 2120 et
3068 2063 3300 2131 amictus
3324 2065 3538 2134 pietatis
3562 2063 3887 2118 confirmaro

2289 2157 2484 2212 studet.
2514 2156 2664 2210 Nunc
2692 2155 2902 2226 quidem
2934 2156 3101 2226 gratia
3132 2154 3227 2225 Dei
3256 2156 3418 2209 multa
3452 2170 3584 2225 pace
3613 2154 3841 2209 fruimur
3869 2172 3881 2205 :

2288 2252 2486 2307 etenim
2536 2252 2888 2321 huperatores
2933 2253 3069 2320 piam
3114 2250 3423 2321 religionem
3473 2259 3787 2313 sectantur,
3830 2259 3890 2303 et

2293 2344 2561 2413 principes
2580 2344 2850 2398 veritatem
2871 2352 3218 2413 agnoverunt,
3243 2353 3295 2398 et
3320 2342 3519 2412 populi,
3542 2352 3596 2396 et
3618 2342 3889 2405 civitates,

2291 2449 2339 2494 et
2363 2451 2549 2511 gentes
2572 2438 2841 2492 erroribus
2862 2437 3093 2501 liberati,
3115 2435 3387 2492 Christum
3408 2451 3597 2490 omnes
3616 2437 3841 2489 adorant
3867 2452 3886 2487 :

2294 2541 2419 2586 tunc
2459 2539 2637 2585 autem
2686 2530 2740 2583 in
2780 2529 3040 2599 principio
3080 2529 3474 2598 przedicationis
3500 2570 3514 2593 ,
3552 2544 3672 2582 cum
3716 2543 3895 2596 nuper

2286 2623 2501 2705 pietatis
2540 2622 2742 2676 semina
2779 2621 2919 2691 jaeta
2960 2628 3138 2675 essent
3163 2662 3176 2685 ,
3210 2634 3457 2690 magnum
3498 2620 3741 2689 praelium
3772 2630 3895 2674 erat

2293 2716 2676 2787 multiplexque
2716 2730 2779 2770 ac
2817 2715 3045 2768 varium.
3097 2714 3227 2768 Nam
3256 2713 3524 2784 principes
3552 2724 3606 2767 et
3643 2728 3796 2783 reges
3832 2723 3896 2768 et

2292 2807 2569 2862 domestici
2601 2818 2653 2862 et
2697 2808 2908 2878 Cognati
2940 2817 2990 2862 et
3022 2821 3208 2861 omnes
3244 2806 3622 2877 impugnabant
3653 2807 3835 2862 fideles
3870 2826 3892 2860 :

2294 2910 2349 2954 et
2374 2908 2704 2970 repugnante
2749 2909 2935 2953 natura
2988 2898 3101 2969 ipsa
3146 2897 3343 2953 bellum
3385 2897 3674 2952 oriebatur.
3729 2897 3891 2951 l’ater

2293 2995 2438 3049 enim
2469 2994 2632 3047 lilium
2662 2993 2905 3048 tradebat
2924 3006 3086 3061 saepe,
3112 2999 3165 3046 et
3195 2991 3355 3045 tiliam
3382 3000 3570 3052 mater,
3596 3000 3648 3044 et
3672 3005 3886 3043 servum

2295 3085 2479 3141 herus.
2528 3084 2883 3159 Neque‘enim
2924 3084 3165 3139 civitates
3199 3083 3326 3137 solae
3351 3124 3364 3147 ,
3398 3098 3571 3155 neque
3602 3082 3847 3152 regiones
3874 3126 3889 3144 .

2290 3175 2390 3232 sed
2425 3186 2478 3230 et
2513 3175 2704 3251 domus
2735 3189 3129 3245 nonnumquam
3164 3174 3217 3227 in
3249 3173 3450 3243 seipsas
3489 3182 3647 3227 secta:
3688 3186 3841 3228 erant
3874 3216 3893 3237 ,

2291 3278 2519 3341 eratque
2550 3270 2804 3326 tumultus
2824 3312 2838 3335 ,
2867 3269 2956 3341 qui
2993 3278 3116 3323 tunc
3154 3266 3407 3321 saeviebat
3432 3309 3447 3330 ,
3474 3267 3707 3322 atrocior
3730 3282 3897 3336 quam

2295 3363 2605 3418 intestinum
2632 3362 2857 3433 quodvis
2887 3361 3106 3416 bellum.
3137 3358 3267 3413 Nam
3298 3357 3576 3413 facultates
3602 3358 3894 3428 rapieban-

2299 3465 2404 3521 tur,
2434 3454 2650 3509 libertas
2675 3452 3013 3509 auferebatur
3033 3492 3047 3516 ,
3079 3459 3134 3507 et
3157 3451 3277 3505 vita:
3304 3448 3600 3519 periculum
3640 3448 3898 3504 immine-

2298 3549 2385 3603 bat
2411 3589 2427 3613 ,
2461 3563 2564 3600 non
2593 3546 2733 3615 quod
2759 3545 2971 3601 barbari
3004 3544 3055 3597 in
3089 3560 3185 3598 nos
3218 3543 3574 3596 incursionem
3605 3540 3843 3596 facerent
3875 3583 3893 3604 ,

2299 3639 2392 3692 sed
2432 3640 2520 3707 qui
2552 3637 2866 3690 videbantur
2890 3635 3045 3690 nobis
3074 3650 3302 3703 pra'esse
3327 3645 3378 3688 et
3408 3634 3706 3698 dominari,
3740 3632 3902 3703 pejus

2298 3743 2423 3797 erga
2468 3726 2710 3780 subditos
2734 3767 2749 3792 ,
2781 3741 2939 3796 quam
2980 3725 3265 3779 bellatores
3305 3739 3492 3780 omnes
3517 3724 3686 3779 affecti
3717 3739 3895 3779 erant.

2300 3821 2367 3874 Et
2395 3819 2495 3872 hoc
2525 3817 2760 3872 declarat
2783 3818 2998 3883 Paulus,
3029 3832 3094 3871 ac
3118 3816 3283 3871 dicit:
3309 3814 3473 3869 Grave
3498 3825 3749 3869 certamen
3777 3832 3901 3884 pas-

2305 3913 2504 3964 sianum
2548 3909 2853 3964 sustinuistis
2893 3924 2913 3962 :
2938 3919 2987 3977 et
3028 3909 3079 3962 in
3107 3909 3266 3961 altera
3304 3907 3503 3973 quidem
3533 3906 3815 3976 opprobriis
3850 3918 3902 3960 et

2303 4002 2706 4056 tribulationibus
2741 4001 3083 4070 spectaculum
3109 4000 3231 4069 [acti
3256 4016 3273 4052 :
3294 4002 3345 4052 in
3374 4000 3533 4051 altera
3572 4007 3736 4052 autent
3771 4001 3903 4052 socii

2307 4094 2476 4148 taliter
2502 4094 2901 4149 conversantium
2932 4092 3113 4160 effecti.
3149 4092 3287 4146 Nam
3308 4103 3353 4146 et
3377 4093 3588 4146 vinculis
3614 4093 3734 4145 meis
3760 4107 3904 4143 com-

2305 4186 2698 4257 patiebamini,ct
2712 4186 3039 4256 direptionem
3058 4185 3358 4254 facultath
3369 4193 3642 4237 vestrarum
3653 4198 3767 4235 cum
3779 4198 3905 4252 gutt-

2305 4279 2391 4333 tlio
2416 4277 2599 4333 tulistis
2618 4276 2806 4349 (Hebr.
2831 4277 2918 4332 IO.
2941 4276 3157 4346 52-54).
3186 4276 3266 4331 Ad
3291 4274 3508 4332 Galatas
3531 4283 3705 4329 autem
3720 4274 3861 4333 dicit
3887 4292 3901 4327 :

2311 4368 2475 4425 Tanta
2502 4370 2638 4439 passi
2663 4371 2782 4424 estis
2809 4373 3018 4439 frustra,
3041 4370 3084 4422 si
3110 4369 3263 4421 modo
3288 4377 3330 4420 et
3357 4371 3547 4437 {rustra
3575 4364 3715 4438 (Gul.
3740 4366 3792 4420 5.
3814 4367 3903 4432 Li.

2306 4460 2873 4521 'l'hessalonicensibus
2901 4475 3112 4530 qumque
3138 4500 3151 4520 ,
3180 4470 3234 4514 et
3263 4457 3693 4527 Philippeusibus
3716 4499 3731 4525 ,
3764 4466 3816 4515 et
3848 4460 3906 4525 in

2305 4568 2503 4624 genere
2527 4555 2793 4620 omnibus,
2820 4554 3014 4611 Paulus
3039 4552 3301 4616 scribens,
3330 4550 3495 4604 multa
3524 4548 3784 4621 ejusmodi
3815 4561 3904 4604 le-

2307 4656 2496 4702 statur.
2541 4648 2725 4717 Neque
2756 4647 2858 4700 hoc
2888 4646 3060 4700 solum
3092 4652 3207 4699 erat
3234 4658 3394 4714 grave
3416 4683 3431 4706 ,
3461 4641 3600 4711 quod
3628 4640 3755 4695 foris
3793 4638 3907 4695 fre-

2307 4755 2476 4810 quens
2517 4740 2711 4793 bellum
2743 4737 3027 4807 gerebatur
3053 4778 3066 4803 ,
3098 4745 3149 4791 ct
3178 4734 3485 4789 continuum
3512 4749 3527 4799 ;
3556 4731 3649 4788 sed
3678 4731 3816 4802 quod
3851 4743 3910 4787 et

2308 4833 2449 4887 inter
2490 4830 2673 4887 fideles
2703 4830 3059 4899 ipsasexorta
3097 4828 3309 4881 fuerunt
3338 4825 3590 4880 nonnulla
3620 4822 3870 4877 scandala
3891 4864 3909 4888 ,

2307 4932 2364 4979 et
2391 4923 2530 4988 lites,
2557 4929 2613 4977 et
2635 4919 3024 4981 contentiones,
3054 4928 3108 4973 et
3133 4917 3501 4971 a~mulationes
3530 4935 3548 4968 :
3570 4931 3687 4984 qua:
3711 4925 3764 4969 et
3791 4914 3909 4982 ipsa

2309 5012 2616 5070 ntattilestat
2640 5013 2835 5085 Paulus
2862 5011 3046 5066 dicens
3075 5027 3086 5063 :
3123 5009 3272 5064 Foris
3294 5024 3497 5080 pugme,
3531 5008 3666 5060 intus
3704 5006 3911 5065 timores

2305 5107 2388 5176 ,(9..
2414 5105 2529 5159 Cor.
2559 5105 2608 5158 7.
2637 5103 2716 5177 5).
2750 5102 2944 5159 Verum
2976 5102 3115 5156 istud
3140 5101 3317 5170 ipsum
3353 5099 3551 5159 bellum
3578 5097 3745 5155 multo
3763 5105 3912 5150 atro-

2310 5201 2429 5269 cius
2459 5210 2569 5261 erat
2601 5208 2655 5263 et
2693 5195 2918 5253 subditis
2949 5207 3001 5251 et
3022 5193 3448 5265 prmeeptoribus
3482 5209 3494 5245 :
3530 5190 3767 5260 profecto
3801 5204 3911 5259 non

2314 5300 2520 5347 tantum
2545 5289 2878 5353 inimicorum
2906 5286 3126 5349 insidias
3148 5282 3465 5358 formidabat
3488 5281 3712 5347 Paulus,
3736 5295 3913 5351 quan-

2318 5392 2430 5437 tutn
2454 5380 2795 5446 domesticas,
2817 5387 2871 5455 et
2890 5394 3007 5451 qua:
3030 5377 3165 5431 intra
3190 5375 3485 5430 Ecclesiam
3506 5370 3913 5441 contingebant,

2318 5475 2500 5530 ruinas
2530 5484 2584 5529 et
2613 5471 3084 5544 transgressiones.
3129 5469 3261 5524 Nam
3288 5484 3408 5523 eum
3440 5458 3579 5537 apud
3610 5463 3918 5521 Cor'nthios

2319 5577 2581 5626 scortatus
2606 5579 2750 5622 esset
2774 5565 2991 5636 quidam
3021 5565 3095 5632 (Ι.
3119 5563 3239 5619 Cor.
3268 5563 3322 5618 5.
3352 5572 3396 5616 et
3418 5562 3475 5615 2.
3504 5560 3618 5616 Cor.
3647 5557 3703 5630 2)
3721 5598 3734 5622 ,
3766 5560 3917 5611 omni

2323 5673 2564 5733 tempore
2594 5662 2742 5716 illum
2769 5661 2958 5730 lugens
2982 5657 3376 5730 perseverabat,
3407 5656 3479 5711 ita
3501 5665 3559 5710 ut
3589 5655 3791 5707 viscera
3818 5666 3916 5706 sua

2286 5817 2293 5823 ,
2330 5755 2701 5824 iisrumperet,
2731 5764 2786 5809 et
2813 5768 2994 5807 amare
3019 5752 3260 5822 ejularet.

2394 5846 2698 5900 Christiana:
2725 5845 2839 5899 vita
2863 5843 3124 5915 perfectio.
3142 5872 3214 5882 —
3240 5841 3371 5896 Erat
3414 5848 3469 5895 et
3505 5838 3717 5894 tertium
3749 5852 3920 5905 genus

2329 5936 2596 6007 quoddam
2628 5952 2733 5992 non
2763 5936 2940 5990 minus
2965 5928 3331 5990 molestiarum
3351 5973 3366 5999 ,
3394 5946 3551 6001 quam
3582 5930 3782 5985 dictum
3812 5938 3920 5991 est,
