4130 6438
327 348 422 403 εςμ
482 310 493 323 ’
1391 347 1479 403 DE
1518 338 2088 401 aesoniuscrtoxe
2128 340 2581 400 ttonrtzottun.

321 463 566 516 ﬁdelibus
580 463 833 528 atterens,
850 460 961 531 ipsa
986 460 1189 518 scilicet
1210 477 1394 516 rerum
1410 471 1627 527 natura,
1653 478 1771 531 quae
1802 458 1912 513 fre-

318 564 544 624 quentes
565 554 777 609 labores
794 563 849 609 et
863 553 1085 609 sudores
1102 553 1364 624 exigebat.
1384 554 1562 624 Neque
1584 554 1725 608 enim
1746 552 1914 609 facilis

323 656 380 700 rt
435 646 567 702 levis
620 654 740 701 erat
788 646 902 713 via,
958 645 1024 700 ad
1071 661 1229 714 quam
1296 646 1417 715 illos
1466 645 1732 700 ducebant
1782 659 1915 713 apo-

317 737 442 790 stoli
474 755 488 792 :
516 736 610 791 sed
640 751 829 809 aspera
856 748 910 793 ct
939 736 1242 809 inexpedita
1270 777 1286 802 ,
1319 752 1437 807 qure
1465 737 1702 791 animam
1731 737 1912 807 requi-

318 830 469 885 rebat
508 831 777 895 sobriam,
823 840 881 886 et
919 832 1130 902 vigilem
1154 871 1169 895 ,
1209 840 1264 886 et
1302 832 1536 901 undique
1578 831 1911 902 diligentem.

318 916 610 992 Propterea
639 932 694 979 et
720 922 965 978 Christus
990 933 1270 993 augustam
1301 933 1356 979 et
1377 933 1582 980 arctam
1616 926 1785 996 ipsam
1816 940 1914 980 vo-

315 1006 480 1070 cavit.
511 1014 694 1085 Neque
721 1017 863 1069 enim
895 1016 1075 1071 vivere
1107 1017 1331 1072 licenter
1359 1027 1414 1073 et
1436 1018 1639 1087 absque
1663 1028 1805 1073 metu
1837 1017 1916 1073 fas

315 1117 436 1161 erat
453 1148 472 1173 ,
493 1108 629 1162 sicut
650 1107 789 1177 apud
815 1116 1003 1178 gentes
1029 1109 1081 1162 in
1110 1109 1442 1178 turpitudine
1456 1120 1505 1165 et
1533 1111 1793 1167 ebrietate
1815 1154 1831 1175 ,
1861 1121 1916 1166 et

320 1198 683 1268 hclluatione,
711 1209 766 1255 et
786 1200 1020 1261 deliciis,
1049 1206 1104 1256 et
1134 1200 1260 1256 luxu
1287 1219 1300 1259 :
1325 1201 1420 1257 sed
1450 1203 1730 1271 oportebat
1751 1203 1911 1258 etiam

319 1292 534 1346 frenare
560 1291 884 1346 iracundiam
904 1334 926 1357 τ
945 1301 1002 1346 et
1022 1292 1284 1362 imperare
1315 1293 1513 1349 illicitae
1530 1294 1917 1363 concupiscen-

319 1386 406 1438 tim
430 1425 449 1448 ς
471 1393 526 1438 et
549 1382 829 1452 despicere
844 1400 976 1452 opes
999 1426 1018 1450 ,
1045 1392 1097 1438 et
1120 1386 1434 1440 conculcare
1451 1387 1675 1456 gloriam
1695 1428 1722 1453 τ
1743 1395 1797 1440 et
1821 1401 1912 1440 su-

318 1480 581 1544 periorem
611 1491 728 1530 esse
760 1475 953 1529 invidia
984 1484 1038 1531 et
1057 1475 1241 1531 livore.
1274 1476 1404 1543 Qua:
1435 1477 1644 1547 qualem
1674 1477 1911 1533 laborem

321 1568 630 1636 requirunt,
672 1567 854 1622 sciunt
892 1567 958 1633 ii,
990 1567 1077 1637 qui
1114 1583 1236 1622 eum
1269 1569 1372 1623 illis
1411 1568 1649 1639 quotidie
1684 1578 1910 1638 certant.

315 1659 453 1726 Quid
482 1659 623 1712 enim
644 1701 658 1725 ,
688 1658 797 1727 die,
828 1673 944 1718 oro.
975 1658 1215 1715 infestius
1250 1659 1427 1714 illicita
1455 1661 1910 1731 concupiscentia,

315 1767 437 1817 qua:
466 1749 626 1803 veluti
660 1749 875 1804 rabidus
913 1751 1061 1805 canis
1099 1751 1150 1803 in
1192 1764 1290 1804 nos
1333 1751 1588 1805 continuo
1615 1752 1812 1817 insilit,
1858 1762 1912 1808 et

315 1842 555 1912 quotidie
584 1858 682 1896 nos
707 1842 989 1908 obturbat,
1016 1850 1176 1911 atque
1202 1841 1338 1897 adeo
1363 1858 1499 1911 opus
1527 1843 1685 1898 habet
1714 1859 1905 1914 perpe¢

317 1945 409 1988 tuo
437 1933 669 2003 vigilanti
696 1933 914 1987 anima?
957 1932 1073 1988 Jatn
1101 1932 1227 2004 quid
1256 1935 1492 1989 amarius
1522 1933 1640 1988 ira?
1666 1934 1794 1988 Nam
1821 1935 1910 2004 ju-

316 2026 553 2078 cundum
579 2023 795 2094 quidem
818 2032 902 2078 est
931 2023 1110 2080 ulcisci
1140 2038 1260 2077 eum
1280 2064 1297 2088 ,
1326 2024 1414 2093 qui
1442 2040 1539 2078 uos
1568 2024 1754 2094 injuria
1784 2023 1913 2080 affe-

318 2116 426 2182 cit,
460 2126 513 2170 at
544 2116 644 2171 hoc
674 2129 780 2170 non
810 2115 1023 2169 licebat.
1055 2115 1191 2183 Quid
1228 2115 1381 2181 dico,
1427 2130 1531 2170 non
1574 2116 1789 2171 licuisse
1834 2117 1912 2172 ul-

314 2206 484 2261 cisci?
531 2205 639 2260 imo
665 2205 949 2277 oportebat
975 2214 1031 2262 et
1071 2206 1512 2262 contristantibus
1551 2206 1907 2274 benefacere,

313 2307 372 2353 et
398 2298 709 2353 scommatis
739 2313 837 2353 nos
865 2297 1253 2352 incessentibus
1271 2297 1589 2353 benedicere
1607 2339 1623 2365 ,
1654 2307 1709 2353 et
1737 2314 1805 2355 ne
1831 2300 1914 2354 ul-

316 2390 428 2445 lum
453 2389 669 2461 quidem
702 2380 952 2461 umquam
974 2405 1214 2444 amarum
1236 2390 1455 2446 verbum
1487 2389 1747 2462 proferre.
1772 2392 1912 2460 Quin

316 2491 373 2539 et
400 2481 781 2537 continentiam
813 2497 919 2536 non
943 2481 997 2536 in
1025 2481 1155 2536 solis
1175 2482 1425 2551 operibus
1446 2523 1460 2546 ,
1496 2481 1590 2537 sed
1622 2492 1675 2537 et
1704 2483 1910 2554 cogita-

319 2577 464 2630 tione
487 2574 602 2644 ipsa
631 2582 933 2629 monstrare
954 2582 1185 2643 oportet.
1211 2573 1328 2628 Non
1354 2574 1496 2629 enim
1526 2574 1697 2628 solum
1727 2574 1794 2630 ab
1825 2575 1908 2629 in-

314 2666 660 2721 continentiae
689 2680 886 2735 opere,
918 2666 1011 2721 sed
1042 2674 1097 2721 et
1116 2682 1145 2720 a
1178 2666 1265 2721 tali
1289 2675 1504 2736 aspectu
1534 2667 1908 2723 abstinendum

313 2769 398 2815 est
420 2800 437 2825 ,
461 2776 631 2830 neque
656 2775 721 2814 ex
749 2759 983 2815 formoso
1004 2760 1285 2815 mulierum
1308 2771 1529 2830 aspectu
1550 2762 1793 2833 voluptas
1818 2777 1912 2819 ae-

314 2853 559 2924 cipienda
588 2871 603 2909 :
632 2868 756 2907 nam
784 2864 837 2908 et
878 2854 948 2908 ob
979 2852 1135 2909 talem
1180 2853 1685 2922 contemplationem
1725 2864 1907 2910 extre.

314 2960 461 2999 mum
490 2945 806 3014 supplicium
836 2944 1120 3017 irrogatur.
1145 2941 1278 2999 Cum
1308 2945 1465 3015 igitur
1486 2956 1539 3000 et
1560 2955 1765 3000 tantum
1795 2944 1909 3002 bel-

318 3037 428 3089 lum
459 3036 526 3090 ab
557 3036 654 3103 iis,
699 3050 818 3106 qua:
847 3034 1015 3106 foris,
1055 3046 1109 3091 et
1149 3045 1331 3091 tantus
1373 3037 1531 3090 timor
1558 3038 1624 3091 ab
1653 3038 1749 3104 iis,
1789 3052 1909 3106 qua:

315 3127 458 3182 intus
481 3144 493 3181 :
520 3141 747 3196 magnus
768 3140 979 3201 quoque
1004 3135 1120 3183 erat
1142 3126 1293 3183 labor
1323 3128 1373 3182 in
1396 3126 1710 3183 exercendis
1740 3129 1911 3183 virtu-

315 3220 476 3274 tibus.
510 3219 729 3275 Accedit
745 3230 926 3274 autem
954 3230 1006 3274 et
1026 3230 1294 3290 quartum.
1318 3219 1449 3275 Nam
1473 3221 1731 3290 inexperti
1754 3231 1909 3277 erant

314 3312 625 3365 certaminis
654 3312 819 3375 tanti,
849 3311 990 3381 quod
1017 3311 1329 3366 certandum
1355 3321 1471 3367 erat
1500 3330 1514 3368 :
1547 3328 1722 3383 neque
1763 3314 1907 3368 enim

312 3404 696 3473 apostolicos,
731 3407 821 3475 qui
860 3420 889 3458 a
921 3405 1350 3476 progenitoribus
1389 3405 1498 3459 suis
1532 3407 1783 3474 pietatem
1810 3421 1907 3461 ex-

214 3490 227 3503 ’
312 3505 601 3567 ceperant,
646 3496 971 3551 erudiendos
1008 3496 1181 3551 sortiti
1224 3504 1379 3563 sttnt,
1428 3494 1522 3550 sed
1562 3495 1814 3551 educatos
1855 3497 1906 3550 in

312 3589 539 3643 mollitie
560 3600 613 3643 et
636 3588 873 3653 deliciis.
917 3598 972 3644 et
1007 3587 1303 3655 ebrietate,
1347 3598 1403 3645 et
1444 3588 1810 3658 turpitudine,
1853 3599 1910 3644 et

313 3679 741 3747 intemperantia.
775 3677 955 3748 Neque
982 3677 1085 3732 hoc
1108 3679 1252 3748 parvi
1276 3680 1533 3733 momenti
1562 3688 1699 3747 erat,
1722 3689 1776 3734 ιιι
1799 3678 1904 3735 dif-

313 3769 508 3823 ﬁcilius
537 3769 849 3824 redderetur
870 3780 1141 3825 certamen
1161 3812 1176 3836 ,
1202 3770 1344 3840 quod
1365 3786 1484 3825 eam
1512 3771 1904 3841 philosophiam

312 3875 490 3930 neque
510 3861 785 3930 superiora
808 3870 1066 3930 tempora,
1094 3876 1269 3931 neque
1295 3872 1545 3931 parentes
1568 3862 1902 3920 docuerant:

312 3951 411 4006 sed
458 3962 580 4006 tunc
617 3954 848 4022 primum
888 3953 955 4006 ad
1000 3952 1303 4023 hujusmodi
1341 3955 1634 4009 certamina
1678 3955 1910 4011 instrue-

311 4043 532 4096 bantur.

392 4156 447 4210 5.
476 4155 605 4209 Cum
638 4153 799 4225 igitur
828 4165 969 4211 tanta
999 4164 1126 4212 tunc
1151 4167 1291 4214 esset
1317 4159 1555 4215 certandi
1589 4161 1911 4230 difficultas,

310 4249 540 4315 Paulus,
573 4261 629 4304 ut
655 4250 920 4305 solaretur
943 4253 1259 4306 certantium
1293 4253 1526 4308 laborem
1549 4296 1564 4318 ,
1591 4255 1818 4310 subinde
1840 4256 1908 4311 de

309 4343 707 4396 resurrectidue
734 4358 1037 4398 sermonem
1069 4345 1317 4399 movebat
1346 4363 1358 4397 :
1392 4354 1445 4400 ct
1472 4362 1576 4400 non
1607 4346 1705 4399 hac
1732 4348 1905 4402 solum

309 4433 694 4488 adhortabatur
746 4435 1021 4501 athletas,
1081 4436 1176 4491 sed
1222 4446 1277 4490 et
1324 4452 1540 4492 suarum
1597 4440 1905 4508 passionum

308 4527 654 4582 enarratione
688 4546 702 4583 :
729 4543 900 4599 caque
925 4530 992 4584 de
1020 4545 1178 4584 causa
1205 4539 1488 4601 antequam
1519 4532 1569 4586 in
1601 4547 1903 4587 sermonem

318 4616 392 4670 de
420 4619 805 4673 resurrectione
835 4620 1066 4684 incidat,
1095 4636 1218 4675 suas
1247 4623 1525 4691 passiones
1555 4625 1801 4692 exponit,
1829 4624 1907 4679 sic

308 4707 537 4762 dicens:
572 4706 639 4762 In
679 4710 906 4765 omnibus
951 4712 1244 4780 premimur,
1290 4723 1346 4766 at
1397 4730 1497 4767 non
1542 4716 1684 4768 anxii
1733 4716 1906 4769 reddi-

307 4816 427 4851 mur
450 4816 471 4854 :
498 4799 785 4856 labormnus
803 4844 818 4870 ,
847 4812 901 4855 at
943 4819 1042 4857 non
1071 4805 1388 4859 destituimur
1419 4821 1438 4858 :
1467 4812 1906 4877 persequutionem

305 4891 566 4962 patimur,
599 4902 649 4946 at
684 4910 783 4947 non
821 4895 875 4948 in
915 4911 974 4950 ea
998 4896 1277 4950 deserimur
1305 4913 1324 4951 :
1355 4900 1653 4969 deficimur,
1703 4910 1755 4953 αι
1802 4917 1904 4954 non

307 4986 533 5053 perimus
556 4985 572 5017 ¹
605 4986 664 5055 (2
687 4984 806 5042 Cor.
836 4988 888 5042 4.
915 4992 965 5043 8.
994 4988 1072 5061 9).
1114 4991 1317 5058 Quibus
1343 4993 1522 5047 verbis
1567 4993 1904 5062 quotidianas

305 5088 510 5132 mortes
538 5077 815 5149 designat,
840 5096 912 5137 eo
940 5082 1079 5152 quod
1116 5084 1269 5154 quasi
1304 5086 1520 5138 animati
1552 5086 1743 5139 mortui
1772 5103 1906 5157 quo-
1929 5097 1947 5110 ‘

303 5169 438 5224 tidic
462 5170 528 5224 ad
559 5182 785 5227 mortem
826 5175 1171 5230 tradebantur
1198 5193 1213 5230 :
1241 5191 1361 5230 cum
1389 5192 1519 5247 ergo
1552 5176 1666 5233 hinc
1701 5177 1906 5249 inﬂige-

305 5273 533 5326 rcntur,
576 5262 703 5317 hinc
739 5278 1043 5319 sermonem
1079 5265 1221 5319 hunc
1255 5266 1323 5320 de
1353 5268 1745 5322 resurrectione
1790 5283 1906 5322 mo-

303 5362 403 5407 vrt.
434 5354 698 5408 Credimus
727 5357 861 5409 enim
881 5398 898 5423 ,
930 5357 1037 5422 ait,
1070 5359 1207 5425 quod
1240 5358 1283 5412 is
1309 5360 1396 5428 qui
1425 5360 1684 5413 suscitavit
1719 5360 1900 5414 Domi-

304 5463 431 5501 num
459 5455 687 5500 nostrum
715 5446 895 5502 Jcsum
920 5450 1209 5516 Christum,
1233 5461 1278 5505 et
1303 5467 1393 5505 nos
1425 5468 1514 5521 per
1535 5451 1710 5504 Jesum
1737 5453 1903 5506 susci-

307 5536 430 5592 tabit
451 5578 468 5602 ,
491 5547 537 5592 et
566 5538 819 5594 vobiscum
841 5541 1108 5594 constituet
1137 5555 1157 5594 :
1184 5549 1449 5611 propterea
1478 5543 1625 5596 malis
1652 5558 1751 5596 non
1781 5559 1900 5597 suc-

361 5717 385 5825 ;
419 5714 571 5821 Solo,
606 5727 820 5781 premor,
856 5726 909 5769 et
941 5720 1014 5770 sic
1032 5720 1181 5770 totius
1201 5721 1459 5784 sequentia
1483 5720 1717 5789 phrascos
1740 5720 1787 5769 in
1801 5720 1901 5771 sin-

387 5792 408 5824 3
444 5792 477 5825 ι.

289 5790 408 5840 gum
420 5790 477 5827 rt.

3507 346 3610 399 422

2027 458 2308 512 cumbimus
2329 501 2347 522 ,
2393 460 2664 512 maximam
2695 460 2743 513 in
2778 458 3130 513 certaminibus
3156 446 3279 529 ipsis
3308 459 3610 513 consoiutio-

2028 563 2142 600 ncm
2155 546 2418 616 habentes,
2432 567 2571 619 spem
2589 550 2891 620 futurorum
2903 551 2959 621 (9.
2972 551 3096 608 Cor.
3110 553 3263 608 4.14.
3288 555 3396 626 l6).
3416 555 3479 610 Et
3493 572 3599 612 non

2026 637 2163 693 dixit
2187 639 2253 693 ad
2292 641 2436 711 ipsos
2463 642 2689 712 Propter
2715 644 2859 713 quod
2893 658 2961 699 ne
2987 645 3356 701 succumbatis
3394 649 3554 703 malis
3584 666 3600 704 :

2020 734 2114 789 sed
2141 733 2268 805 quid
2305 734 2414 790 ait?
2449 732 2668 807 Propter
2707 736 2844 807 quod
2884 754 2987 793 non
3027 740 3401 796 succumbimus
3438 744 3608 799 malis.

2024 824 2267 881 Declarat
2288 840 2346 880 se
2365 842 2576 898 quoque
2598 828 2650 882 in
2677 828 2944 885 continuis
2964 829 3448 888 conﬂictationibus
3469 849 3606 889 esse.

2022 916 2312 973 Enimvero
2333 920 2384 974 in
2408 919 2697 992 Olympicis
2722 922 3099 979 certaminibus
3119 924 3318 980 athleta
3348 927 3487 987 intra
3505 939 3606 981 sta.

2020 1007 2166 1062 dium
2196 1018 2401 1076 certat,
2450 1011 2702 1082 magister
2740 1022 2918 1068 autem
2965 1013 3074 1069 ludi
3122 1014 3251 1072 foris
3288 1018 3614 1082 considens.

2020 1100 2359 1155 sermonibus
2402 1100 2559 1156 affert
2603 1103 2892 1172 auxilium,
2939 1115 3269 1178 eatenusque
3317 1118 3613 1167 certantem

2022 1189 2298 1246 dumtaxat
2322 1192 2471 1261 juvat
2492 1234 2507 1260 ,
2538 1202 2799 1263 quatenus
2832 1196 3306 1256 acclamationibus
3345 1217 3613 1259 sermoni-

2020 1282 2225 1353 busque
2251 1284 2390 1339 valet
2416 1303 2429 1340 :
2458 1300 2632 1356 neque
2652 1288 2791 1342 cuitu
2816 1287 2919 1343 ulla
2939 1289 2989 1344 ei
3009 1291 3123 1361 lege
3144 1280 3469 1363 permittitur
3487 1311 3613 1368 pro-

2020 1377 2140 1446 pius
2167 1378 2421 1433 assistere
2441 1387 2493 1433 et
2514 1379 2757 1436 manibus
2783 1381 2930 1436 illum
2956 1381 3227 1453 adjuvare.
3254 1389 3321 1441 At
3346 1394 3500 1443 Secus
3524 1405 3612 1445 res

1985 1469 2218 1524 .halsent
2259 1471 2310 1524 in
2353 1473 2563 1541 pietatis
2601 1475 3003 1530 certaminibus.
3055 1476 3196 1533 Idem
3244 1481 3385 1535 enim
3434 1491 3517 1538 est
3561 1493 3615 1540 et

2020 1561 2218 1616 athleta
2259 1573 2312 1617 et
2356 1566 2613 1634 magister
2648 1566 2756 1621 ludi
2789 1585 2802 1621 :
2832 1577 2887 1622 et
2929 1567 3128 1625 idcirco
3158 1587 3263 1626 non
3303 1582 3451 1628 extra
3498 1585 3612 1631 sta-

2019 1650 2166 1706 dium
2204 1654 2356 1709 sedet
2387 1671 2399 1707 :
2431 1656 2524 1710 sed
2552 1656 2821 1728 ingressus
2848 1660 2915 1714 ad
2939 1662 3232 1717 certamina
3258 1663 3370 1734 ipsa
3394 1706 3408 1730 ,
3436 1666 3614 1722 firmat

2018 1745 2347 1815 compugilcs
2371 1787 2386 1813 ,
2417 1747 2601 1802 dicens
2631 1767 2643 1802 :
2679 1747 2899 1820 Propter
2920 1753 3057 1825 quod
3083 1754 3231 1809 malis
3258 1772 3357 1810 non
3383 1773 3615 1811 succum-

2022 1836 2207 1892 bimus.
2243 1839 2308 1893 Et
2339 1856 2445 1894 non
2486 1841 2666 1909 dixit,
2713 1843 2940 1916 Propter
2973 1847 3115 1916 quod
3156 1848 3313 1904 malis
3354 1865 3458 1905 non
3487 1830 3610 1908 suc-

2018 1928 2244 1994 cumbo,
2294 1930 2387 1985 sed
2408 1973 2425 2000 ,
2468 1930 2624 1987 Malis
2663 1951 2765 1989 non
2797 1937 3165 1994 succumbimus
3200 1940 3444 1997 laudibus
3471 1942 3615 2013 ipsos

2017 2020 2224 2088 erigere
2254 2021 2462 2079 Voleus.
2490 2024 2843 2097 Sedquamvis
2869 2030 3019 2085 homo
3050 2042 3219 2088 noster
3247 2045 3480 2091 externus
3505 2055 3616 2093 cor-

2018 2122 2287 2181 rumpatur
2310 2155 2325 2177 ,
2368 2123 2534 2169 tamen
2573 2117 2804 2173 internus
2842 2132 3114 2177 renovatur
3152 2124 3205 2179 in
3247 2126 3354 2182 dies
3390 2129 3616 2200 singulos

2020 2200 2245 2275 (Ibid.).
2299 2204 2431 2261 Vide
2484 2219 2683 2278 quanta
2748 2211 2817 2266 sit
2859 2211 3102 2282 A’postoli
3166 2217 3468 2287 prudentia.
3502 2222 3617 2277 Ad-

2017 2295 2223 2350 monuit
2258 2296 2487 2366 primum
2532 2314 2626 2354 eos
2651 2300 2719 2355 ab
2745 2300 3124 2361 afflictionibus
3154 2324 3286 2378 quas
3326 2309 3568 2366 femhant
3597 2356 3613 2381 ,

2016 2382 2201 2441 dicens
2233 2403 2247 2440 :
2279 2384 2346 2442 In
2374 2388 2607 2445 omnibus
2631 2393 2907 2462 premimur
2931 2437 2945 2463 ,
2975 2406 3026 2449 at
3051 2414 3152 2451 non
3181 2401 3324 2454 anxii
3348 2402 3611 2458 reddimur

2016 2474 2124 2547 (Ib.
2145 2493 2174 2531 υ
2193 2478 2290 2551 .8),
2313 2480 2600 2538 Admonuit
2618 2484 2743 2539 item
2765 2502 2794 2539 a
2821 2489 3214 2546 resurrectiOue
3240 2491 3388 2560 Jesu,
3406 2494 3613 2563 dicens,

2018 2565 2159 2622 Nam
2181 2571 2271 2641 qui
2292 2573 2548 2628 suscitavit
2570 2573 2749 2631 Iesum
2769 2620 2784 2645 ,
2808 2586 2855 2632 et
2885 2596 2977 2634 nos
3001 2582 3260 2637 suscitabit
3284 2582 3388 2655 (Ib.
3423 2602 3472 2642 υ.
3498 2588 3612 2659 ﬂ).

2089 2660 2263 2718 Etiam
2299 2665 2354 2720 in
2378 2666 2475 2721 hac
2502 2669 2603 2722 vita
2629 2686 2816 2725 merces
2847 2671 3091 2727 bonorum
3116 2691 3325 2745 operum
3352 2678 3612 2740 tribuitur,

2014 2782 2088 2795 —
2110 2753 2264 2810 Nunc
2303 2757 2460 2812 aliam
2495 2759 2779 2830 quamdam
2823 2762 3142 2821 adhortandi
3176 2768 3436 2825 rationem
3466 2770 3615 2825 indu.

2015 2846 2108 2902 cit.
2156 2846 2598 2921 Quandoquidem
2645 2854 2787 2909 enim
2841 2857 3087 2912 homines
3134 2860 3374 2931 plerique
3423 2864 3614 2933 pusilla

2015 2939 2195 2993 animo
2221 2950 2380 3007 sunt,
2412 2951 2465 2997 et
2492 2942 2718 3009 infirmi,
2752 2961 2817 3001 ac
2857 2948 3077 3017 miseri,
3111 2966 3173 3006 ac
3219 2952 3342 3007 licet
3368 2969 3606 3012 resurre-

2013 3030 2248 3087 ctionem
2280 3033 2420 3088 docti
2456 3037 2782 3107 negligentes
2809 3041 2953 3108 soni,
2979 3051 3033 3096 et
3056 3042 3126 3096 ob
3158 3046 3416 3115 temporis
3442 3047 3608 3119 longi-

1960 3136 1967 3143 '
2017 3124 2253 3180 tudinem
2281 3127 2531 3182 vacillant
2566 3144 2630 3184 ac
2673 3132 2956 3187 recidunt:
2986 3132 3107 3189 ideo
3136 3135 3295 3190 aliam
3336 3137 3440 3192 illis
3482 3150 3608 3197 ante

2014 3219 2459 3274 resurrectionem
2479 3223 2755 3276 constituit
2777 3225 3079 3281 mercedem
3099 3241 3163 3282 ac
3185 3230 3611 3288 retributionem.

2013 3307 2084 3365 Et
2107 3328 2352 3381 qumnam
2380 3314 2499 3368 illa?
2523 3313 2745 3371 Tametsi
2768 3327 3002 3374 externus
3023 3321 3172 3375 homo
3194 3332 3361 3377 noster
3382 3340 3612 3379 corrum-

2016 3403 2187 3471 pitur,
2214 3404 2440 3460 internns
2467 3416 2630 3461 tamen
2658 3408 2926 3463 iuuaretur
2953 3411 3006 3464 in
3027 3412 3134 3467 dies
3158 3414 3386 3485 singulos
3420 3416 3525 3488 (Ib.
3556 3436 3607 3473 νη.

2017 3486 2128 3557 16).
2160 3488 2450 3543 Externum
2478 3490 2747 3546 hominem
2777 3506 2970 3563 corpus
2989 3536 3013 3561 ,ι
3041 3496 3307 3551 internum
3326 3541 3344 3565 ,
3374 3486 3606 3557 animum

2016 3588 2193 3634 vocat.
2236 3579 2384 3648 Quod
2424 3591 2602 3637 autem
2643 3582 2774 3639 dicit
2813 3586 3115 3653 hujusmodi
3157 3597 3241 3643 cst
3273 3606 3297 3642 :.
3323 3600 3610 3661 antequam

2015 3684 2395 3742 resurgamus,
2442 3682 2498 3727 et
2543 3682 2827 3745 antequam
2879 3674 3120 3733 fruamur
3168 3680 3333 3751 gloria
3390 3682 3605 3749 futura.

2015 3761 2175 3815 etiam
2224 3778 2328 3817 non
2376 3779 2543 3833 parva
2582 3765 2667 3820 hic
2709 3766 2951 3821 laborum
3001 3772 3362 3826 remuneratio
3406 3774 3607 3843 datur,

2013 3865 2135 3908 cum
2165 3854 2306 3909 inter
2335 3855 2609 3925 angustias
2652 3857 2793 3926 ipsas
2831 3858 3009 3912 anima
3054 3871 3234 3915 nostra
3277 3863 3490 3932 junior,
3521 3881 3611 3920 sa-

2014 3946 2245 4015 pientior
2271 3955 2326 4001 et
2345 3948 2515 4017 magis
2544 3948 2627 4018 pia
2659 3950 2870 4017 evadit,
2902 3951 3106 4022 majore
3136 3954 3302 4022 pollet
3331 3957 3607 4025 patientia,

2014 4049 2070 4095 et
2111 4039 2300 4094 fortior
2338 4051 2497 4111 atque
2541 4044 2876 4098 constantior
2903 4047 3159 4115 persistit.
3189 4047 3329 4124 Nam
3358 4049 3495 4106 sicut
3531 4051 3608 4117 ii,

2012 4133 2101 4204 qui
2132 4134 2183 4188 in
2212 4135 2476 4205 corporali
2506 4138 2799 4192 certamine
2825 4148 3093 4209 pugnant,
3118 4150 3243 4197 ante
3267 4158 3521 4199 coronam
3554 4154 3610 4200 ct

2014 4225 2253 4281 bravium
2303 4229 2352 4279 iu
2403 4229 2790 4285 exercitatione
2836 4240 2888 4285 et
2928 4233 3173 4302 palmstra
3219 4234 3330 4304 ip<a
3362 4252 3638 4307 magnam;

2016 4320 2288 4390 accipiunt
2317 4322 2619 4377 mercedem
2643 4363 2659 4388 ,
2702 4340 2766 4377 eo
2796 4324 2937 4394 quod
2979 4340 3203 4396 corpora
3245 4342 3336 4381 sua
3372 4327 3606 4384 firmiora

2014 4423 2068 4468 et
2117 4413 2381 4472 ,validiora
2433 4415 2781 4469 exercitando
2839 4417 3080 4483 faciunt,
3131 4427 3187 4473 et
3242 4419 3604 4477 infirmitatem

2014 4519 2229 4559 omnem
2276 4504 2537 4575 ell'ugiuut
2571 4507 2685 4580 λίπα
2713 4517 2765 4561 ct
2809 4524 2907 4561 nos
2934 4509 3149 4566 virtutis
3187 4521 3459 4566 certamen
3493 4529 3610 4568 cer-

2016 4603 2227 4661 tantes,
2276 4570 2898 4667 priusquam‘aperiatur
2922 4601 3109 4655 cazlum
3133 4642 3149 4667 ,
3179 4602 3485 4672 priusquam
3522 4603 3610 4659 Fi-

2013 4684 2115 4739 lius
2144 4686 2235 4740 Dei
2262 4686 2418 4750 adsit,
2456 4686 2760 4757 priusquam
2793 4690 3171 4745 retributiones
3208 4692 3362 4746 nobis
3389 4693 3607 4759 dentur,

2015 4794 2258 4849 magnam
2292 4779 2593 4835 mercedem
2639 4781 2968 4850 accipimus.
3016 4799 3082 4837 eo
3124 4784 3265 4855 quod
3301 4787 3478 4843 anima
3524 4806 3611 4844 sa.-

2014 4871 2229 4939 pientize
2262 4870 2353 4924 fiat
2380 4872 2667 4925 amantior.
2700 4873 2907 4929 Etenim
2945 4875 3035 4945 qui
3067 4890 3214 4931 mare
3252 4874 3565 4949 navi’garunt
3592 4923 3607 4946 ,

2011 4975 2065 5018 et
2087 4964 2394 5020 innumeras
2422 4965 2685 5034 prcellas
2716 4968 2978 5031 tulerunt,
3007 4977 3062 5024 et
3086 4969 3281 5027 multas
3313 4981 3605 5043 tempesta-

2014 5041 2094 5109 tes
2124 5056 2363 5126 perpessi
2408 5066 2569 5123 sunt,
2606 5069 2665 5112 ct
2693 5075 2812 5113 cum
2854 5060 3035 5115 multis
3064 5061 3249 5118 bestiis
3287 5041 3563 5120 certarunt
3589 5109 3603 5128 ,

2011 5155 2135 5201 ante
2149 5162 2377 5203 mercem
2399 5149 2565 5218 ipsam
2585 5166 2688 5204 non
2713 5167 2931 5221 parvum
2948 5170 2978 5211 c
3000 5169 3161 5223 parva
3179 5158 3606 5227 peregrinatione

2013 5240 2111 5295 ista
2166 5252 2441 5312 reportant
2493 5242 2734 5311 lucrum,
2782 5245 3056 5302 confidrre
3096 5249 3305 5304 scilicet
3362 5260 3415 5304 et
3458 5268 3606 5307 utare

2013 5339 2274 5398 temnere,
2305 5348 2367 5387 ac
2391 5333 2673 5404 intrepide,
2709 5336 2816 5389 imo
2841 5351 2963 5391 cum
2990 5338 3263 5408 voluptate
3291 5345 3605 5395 transmario

2011 5441 2108 5479 uas
2147 5426 2267 5480 illas
2295 5442 2453 5497 agere
2494 5429 2994 5497 peregrinationes:
3031 5430 3100 5484 ita
3141 5441 3193 5485 et
3238 5432 3325 5498 qui
3370 5421 3420 5484 in
3461 5448 3600 5501 prm-

2009 5518 2147 5572 seuti
2188 5517 2291 5571 vita
2323 5528 2538 5586 prapter
2566 5517 2836 5574 Christum
2880 5519 3073 5574 multas
3114 5520 3214 5573 fert
3241 5521 3557 5579 alllictionm
3582 5567 3598 5590 ,

2010 5611 2283 5681 multaque
2308 5611 2484 5679 gravia
2515 5612 2730 5680 patitur,
2763 5612 2922 5666 etiam
2950 5618 3075 5664 ante
3106 5627 3322 5682 regnum
3346 5614 3598 5671 mulorum

2008 5716 2254 5773 magnam
2284 5701 2427 5756 illam
2458 5701 2865 5756 retributionem
2888 5702 3189 5771 assequitur
3219 5721 3233 5757 :
3260 5701 3385 5756 dum
3409 5703 3600 5775 inagna

2014 5796 2103 5852 hic
2128 5797 2328 5867 petitur
2357 5794 2570 5863 ﬁducia,
2603 5795 2943 5865 animamque
2963 5809 3113 5851 suam
3142 5797 3209 5851 ita
3233 5796 3499 5852 excelsam
3530 5798 3599 5853 eL
