4130 6458
560 389 669 446 425

557 502 669 558 tieit
689 541 706 568 ,
737 507 790 556 ut
819 496 1040 570 posthac
1081 497 1255 568 gravia
1286 497 1462 551 omnia
1490 494 1638 566 quasi
1677 513 1706 548 e
1735 491 1946 547 sublimi
1988 490 2134 546 deri-

557 589 699 650 deat.

628 681 787 737 Pauli
812 677 1134 737 merces'a'nte
1159 675 1582 735 resurrectionem.
1606 705 1680 718 --
1701 675 1774 734 Ut
1794 677 1972 732 autem
1993 675 2136 747 quod

555 773 804 839 dicimus,
833 754 1007 829 adhuc
1051 771 1382 826 manifestius
1431 777 1654 840 pateat,
1714 770 1962 839 exemplo
2007 768 2138 824 illud

557 868 832 923 declarare
857 865 1121 920 volumus.
1157 858 1350 920 Paulus
1377 863 1483 927 ille,
1515 863 1800 918 cxantlatis
1841 863 2139 918 innumeris

559 959 732 1024 matis,
763 971 941 1011 nonne
971 956 1202 1025 insignes
1229 954 1606 1009 retributiones
1631 954 1835 1023 accepit
1864 968 1983 1008 cum
2010 953 2137 1007 πνῖ-

555 1049 708 1103 deret
755 1057 1025 1119 tyrannos,
1070 1061 1192 1099 cum
1246 1043 1557 1100 furibundos
1601 1044 1822 1114 populos
1872 1043 2136 1108 incitaret,

557 1159 677 1198 cum
723 1156 911 1197 omnes
956 1155 1140 1211 poenas
1184 1147 1574 1203 contemneret,
1632 1139 2034 1210 impavidusque
2084 1148 2138 1194 et

559 1233 909 1303 imperculsus
942 1238 1182 1286 maneret
1220 1239 1407 1286 contra
1452 1231 1671 1296 bestias,
1701 1242 1884 1285 contra
1913 1233 2133 1298 ferrum,

557 1317 607 1380 in
635 1325 790 1390 mari,
815 1325 866 1378 in
897 1323 1221 1393 prtecipitiis,
1247 1323 1297 1376 in
1324 1321 1690 1389 seditionibus,
1720 1323 1771 1376 in
1794 1322 2017 1386 lnSldllS,
2045 1323 2138 1376 de—

558 1417 715 1487 nique
745 1415 798 1469 in
827 1415 980 1468 malis
1013 1412 1302 1468 omnibus?
1330 1412 1466 1480 Quid
1499 1413 1620 1466 huic
1647 1411 1878 1467 conferri
1929 1413 2139 1482 potest?

555 1508 844 1568 Enimvero
893 1507 1160 1563 hominem
1203 1521 1310 1562 non
1352 1507 1716 1572 exercitatum,
1749 1515 1802 1561 et
1843 1505 1972 1560 nihil
2015 1506 2140 1560 mali

557 1599 834 1672 expertum
864 1601 948 1655 vel
973 1600 1109 1656 levia
1148 1615 1371 1670 qumque
1403 1600 1613 1656 turbare
1655 1600 1864 1654 solent:
1894 1599 2002 1654 imo
2031 1615 2136 1655 non

559 1694 731 1748 s‘olum
760 1707 848 1748 res
884 1693 1034 1762 ἱρείη,
1065 1689 1158 1746 sed
1185 1699 1240 1745 et
1269 1691 1412 1746 leves
1449 1690 1892 1760 exspectationes,
1931 1699 1984 1745 et
2010 1691 2136 1760 quid

558 1784 678 1839 dico
705 1782 850 1838 leves
877 1782 1336 1852 exspectationes?
1363 1783 1523 1837 etiam
1546 1797 1722 1836 rerum
1754 1783 1954 1836 umbra:
1985 1784 2136 1852 pavi-

559 1875 685 1929 dum
714 1874 944 1930 reddunt
969 1883 1023 1929 et
1044 1883 1366 1944 perterrent.
1397 1871 1595 1928 Verum
1622 1873 1711 1944 qui
1737 1873 2059 1931 exercitatus
2086 1875 2136 1928 in

556 1975 828 2022 certamen
860 1965 1170 2035 ingreditur,
1215 1979 1279 2020 ac
1326 1963 1490 2019 multa
1531 1972 1656 2020 ante
1685 1965 1822 2020 mala
1854 1979 2138 2034 perpessus

561 2069 664 2125 est,
694 2059 740 2114 is
768 2059 1015 2114 omnibus
1041 2065 1224 2129 postea
1254 2058 1498 2128 superior
1524 2057 1684 2123 ﬁt,et,
1717 2069 1988 2126 tamquam
2013 2071 2137 2126 gra-

560 2154 705 2208 culos
730 2153 1068 2219 crocitantes,
1112 2165 1207 2206 eos
1231 2151 1320 2221 qui
1350 2151 1635 2216 minantur,
1675 2149 1988 2205 contemnit.
2020 2148 2137 2203 Non

556 2245 720 2313 parva
756 2252 936 2298 autem
966 2253 1048 2297 est
1078 2242 1194 2297 hate
1222 2256 1441 2308 corona,
1485 2256 1658 2311 neque
1683 2242 1876 2311 exigua
1907 2256 2132 2305 merces,

554 2335 696 2405 quod
726 2335 872 2390 illum
900 2333 1030 2390 nihil
1067 2334 1418 2388 humanarum
1458 2350 1637 2389 rerum
1681 2349 1896 2388 movere
1927 2335 2088 2404 possit
2121 2352 2134 2387 :

555 2440 678 2478 nam
706 2439 823 2494 quae
853 2424 970 2478 aliis
1013 2425 1237 2480 multum
1286 2424 1614 2478 formidanda
1647 2424 1910 2490 videntur,
1943 2425 2010 2479 ab
2039 2425 2139 2479 hoc

553 2515 705 2570 facile
736 2525 1151 2569 contemnuntur
1176 2532 1190 2569 :
1224 2526 1277 2568 et
1307 2527 1524 2586 propter
1551 2532 1668 2586 qua:
1708 2517 1796 2570 alii
1824 2525 2056 2570 tremunt
2085 2526 2139 2571 et

552 2613 699 2660 metu
739 2605 1140 2675 obstupescunt,
1183 2621 1244 2661 ea
1284 2607 1504 2660 multum
1546 2607 1684 2661 ridet
1720 2608 1853 2677 ipse,
1898 2607 2016 2677 quia
2047 2624 2138 2677 per

553 2695 904 2752 excellentem
943 2697 1248 2766 patientiam
1288 2699 1648 2767 angelicarum
1676 2699 1928 2752 virtutum
1961 2699 2136 2768 philo-

518 2853 521 2856 _
553 2789 796 2858 sopbiam
825 2802 907 2843 est
945 2789 1190 2860 adeptus.
1237 2789 1292 2846 Si
1333 2791 1474 2845 enim
1513 2806 1706 2861 corpus
1749 2801 1893 2846 recte
1923 2791 2134 2845 beatum

553 2879 799 2946 dicimus,
848 2881 988 2950 quod
1019 2889 1194 2950 potest
1230 2883 1431 2951 absque
1471 2881 1670 2936 offensa
1703 2883 1840 2937 ferre
1869 2883 2052 2953 frigus,
2083 2891 2138 2938 et
2177 2957 2180 2964 Ι

552 2969 806 3037 calorem,
841 2980 896 3025 et
925 2973 1137 3038 famem,
1179 2984 1232 3026 et
1278 2973 1532 3042 inopiam,
1563 2983 1616 3027 et
1647 2974 1744 3028 viae
1771 2973 2130 3041 difﬁcultates,

552 3075 924 3130 terumnasque
974 3062 1106 3116 alias

550 3159 764 3219 Oportet
815 3152 1046 3206 animam
1102 3169 1220 3222 qua:
1286 3155 1507 3209 viriliter
1559 3170 1622 3209 ac
1678 3154 1884 3210 fortiter
1946 3171 2135 3212 omnes

551 3241 786 3294 omnium
829 3240 1192 3301 molestiarum
1241 3239 1378 3298 ferre
1416 3244 1680 3309 incursus,
1735 3255 1788 3299 et
1829 3261 1921 3314 per
1959 3248 2136 3302 omnia

550 3341 772 3389 scrvare
812 3351 907 3389 cor
943 3351 1096 3390 suum
1141 3336 1271 3390 nulli
1300 3338 1541 3392 servituti
1589 3339 1876 3393 obnoxium
1922 3339 2136 3409 potest?

554 3423 712 3483 Plane
758 3425 846 3480 hic
885 3428 1053 3497 magis
1100 3443 1193 3482 rex
1231 3438 1332 3494 est,
1379 3443 1538 3498 quam
1579 3429 1677 3499 ipsi
1720 3445 1889 3500 reges.
1934 3431 2132 3501 Regem

547 3517 690 3569 enim
718 3515 998 3583 satellites,
1027 3517 1241 3579 milites,
1292 3520 1447 3572 amici
1488 3527 1543 3573 et
1573 3520 1771 3574 inimici
1819 3537 1960 3576 nunc
2005 3522 2135 3577 insi-

547 3609 767 3674 diando,
797 3625 935 3663 nunc
961 3618 1146 3679 aperte
1172 3611 1276 3664 vim
1305 3610 1546 3666 faciendo
1573 3612 1843 3667 olfendcre
1871 3626 2089 3682 possunt
2115 3635 2130 3670 :

548 3700 674 3754 huic
716 3709 917 3766 autem,
962 3701 1048 3754 cui
1090 3701 1301 3757 animus
1341 3703 1552 3772 qualem
1597 3719 1738 3758 nunc
1783 3705 1912 3770 dixi,
1960 3721 2133 3775 neque

549 3805 662 3856 rex,
697 3805 869 3862 neque
898 3792 1142 3862 stipator,
1176 3809 1348 3863 neque
1380 3794 1674 3862 familiaris,
1704 3810 1875 3867 neque
1905 3797 2125 3863 amicus,

548 3877 725 3953 neque
764 3885 1032 3950 inimicus,
1059 3901 1229 3956 neque
1257 3887 1502 3942 diabolus
1537 3888 1650 3958 ipse
1675 3889 1849 3958 aliqua
1892 3906 1954 3945 ex
1981 3900 2132 3960 parte

549 3977 742 4044 peterit
768 3991 981 4032 nocere.
1008 3977 1110 4044 Qui
1153 3979 1294 4033 enim
1321 3989 1520 4049 posset,
1552 3997 1674 4035 cum
1708 3982 1751 4035 is
1781 3983 1924 4036 omni
1953 3985 2131 4038 studio

547 4070 601 4122 in
633 4069 735 4123 hoc
764 4070 1052 4134 incumbat,
1086 4087 1152 4125 ne
1182 4071 1319 4125 inter
1344 4072 1479 4128 mala
1509 4081 1798 4142 computet,
1827 4089 1946 4146 quae
1972 4075 2130 4145 vulgo

546 4161 683 4219 mala
712 4160 901 4215 haberi
926 4163 1134 4217 solent?

618 4252 670 4304 4.
715 4251 858 4305 Talis
889 4261 1002 4306 erat
1031 4253 1216 4307 beatus
1245 4251 1460 4321 Paulus,
1488 4264 1648 4325 atque
1672 4267 1950 4326 propterea
1979 4258 2124 4314 dice-

545 4340 636 4394 bat
666 4360 678 4394 :
707 4340 833 4406 Quis
876 4359 966 4396 nos
1001 4344 1250 4412 separabit
1275 4362 1308 4396 a
1345 4348 1553 4399 caritate
1590 4344 1815 4401 Christi?
1849 4349 2124 4415 tribulatio,

543 4431 622 4485 vel
650 4433 903 4503 angustia,
936 4433 1012 4486 vel
1033 4435 1369 4503 persequutio,
1400 4438 1479 4489 uel
1502 4439 1679 4506 fontes,
1705 4436 1783 4492 vel
1807 4439 2027 4504 auditas,
2052 4440 2130 4494 vel

542 4523 763 4595 gladius,
805 4523 878 4577 vel
909 4525 1227 4592 periculum?
1253 4525 1397 4580 Sicut
1421 4527 1663 4598 scriptum
1705 4538 1778 4582 est
1800 4546 1818 4582 :
1843 4528 1976 4595 Quia
2001 4548 2125 4602 pro-

543 4623 652 4682 pter
690 4624 736 4667 te
777 4625 935 4667 morte
975 4615 1271 4684 conficiatur
1314 4627 1419 4670 tota
1463 4618 1563 4682 die,
1612 4621 1830 4688 reputati
1865 4638 2038 4675 sumus
2072 4630 2127 4674 ut

543 4722 654 4759 etuzs
683 4709 1036 4762 mactationis:
1061 4709 1148 4762 sed
1198 4711 1250 4762 in
1281 4709 1383 4763 illis
1408 4711 1636 4765 omnibus
1662 4716 1854 4784 egregie
1881 4716 2124 4769 vincimus

541 4806 746 4866 propter
767 4814 896 4861 eum,
923 4799 1010 4870 qui
1037 4817 1128 4854 nos
1157 4801 1330 4854 dilexit
1361 4801 1533 4872 (Rom.
1563 4804 1617 4858 8.
1648 4805 1738 4858 55.
1762 4805 1946 4871 56.57;
1975 4805 2120 4862 Psal.

538 4885 748 4956 45,22).
768 4889 909 4943 lstud
929 4891 1087 4945 etiam
1108 4892 1208 4946 hoc
1229 4893 1346 4946 loco
1365 4893 1638 4947 insinuans
1654 4895 1863 4951 dicebat
1881 4897 2129 4952 :Tametsi-

538 4987 772 5032 externus
800 4980 950 5034 homo
978 4993 1144 5036 noster
1181 4975 1540 5054 corrumpitur,
1588 4987 1814 5042 internus
1846 4999 2012 5045 tamen
2043 5008 2124 5045 re-

537 5077 749 5122 novatur
776 5071 828 5123 in
858 5071 962 5124 dies
1001 5072 1226 5142 singulos
1263 5073 1342 5146 (9.
1377 5075 1494 5129 Cor.
1523 5078 1576 5131 4.
1605 5077 1719 5148 16).
1750 5077 2020 5135 lnlirmum
2064 5084 2122 5136 fit

537 5174 751 5230 corpus,
778 5161 872 5224 ait,
901 5162 998 5218 sed
1023 5165 1249 5220 validior
1274 5175 1329 5222 et
1356 5170 1620 5237 potentior
1647 5172 1880 5237 animus,
1909 5173 2038 5244 quin
2068 5183 2122 5229 et

538 5252 709 5305 multo
737 5252 964 5308 alacrior
992 5262 1047 5309 et
1083 5255 1290 5325 agilior.
1329 5258 1396 5312 Et
1432 5260 1572 5315 sicut
1608 5263 1785 5330 miles,
1828 5265 1871 5319 si
1901 5267 2120 5334 gestarit

536 5357 680 5396 arma
703 5358 824 5399 sese
850 5345 1146 5414 gravantia,
1170 5346 1298 5403 licet
1319 5349 1604 5406 admodum
1630 5363 1880 5410 strenuus
1899 5357 1965 5410 sit
1986 5367 2038 5410 et
2065 5360 2114 5412 in

539 5435 720 5488 militia
775 5436 1126 5504 exercitatus,
1180 5454 1287 5494 non
1343 5451 1426 5496 est
1473 5445 1667 5498 terrori
1711 5444 1971 5508 hostibus,
2028 5448 2116 5517 qui

540 5526 708 5580 sciunt
735 5538 1022 5584 armatura:
1047 5531 1358 5601 gravitatem
1387 5535 1580 5604 pedum
1604 5538 1872 5593 velocitati
1915 5549 1970 5593 et
1997 5541 2114 5595 bel-

541 5618 676 5671 .andi
701 5619 816 5672 usui
857 5620 1084 5676 obesse:
1113 5623 1201 5681 sit).
1241 5625 1374 5679 levia
1423 5630 1690 5697 acceperit
1714 5640 1767 5684 et
1796 5632 2113 5697 tractabilia,

542 5711 668 5765 sicut
692 5711 805 5765 avis
831 5713 1000 5781 aliqua
1033 5714 1249 5770 obvium
1279 5731 1338 5772 se
1366 5719 1498 5773 feret
1527 5719 1789 5775 hostibus.
1825 5722 1912 5777 Sic
1943 5731 1994 5777 et
2023 5725 2112 5792 qui

539 5811 745 5860 samem
785 5817 938 5864 suam
964 5821 1068 5866 non
1095 5808 1353 5868 ebrietate
1385 5827 1557 5880 neque
1589 5814 1912 5885 indulgentia
1943 5833 2112 5887 neque

1258 385 1314 443 s.
1354 382 1627 442 JOANXlS
1663 378 2136 438 cxmvsos'wm
2173 365 2488 435 ARCtttEP.
2527 377 3062 436 coasrmnxor.

1153 3077 1168 3116 :
1212 3073 1411 3132 quanto
1459 3064 1626 3132 magis
1675 3062 1884 3119 beatam
1939 3078 2134 3121 vocare
2187 3129 2198 3138 ν

3710 380 3814 436 ιὲὶ

2247 489 2455 544 deliciis
2483 490 2811 556 incrassarit,
2857 490 3208 560 sedjejuniis,
3256 499 3310 546 et
3351 492 3597 561 precibus
3623 493 3826 551 diutor.

2245 595 2420 653 naque
2447 581 2792 637 alﬂlctionum
2825 583 3103 638 tolerantia
3132 583 3384 638 leviorem
3433 595 3486 639 et
3531 589 3826 644 tenuiorem

2246 672 2484 727 effecerit
2513 689 2524 724 :
2581 672 2719 728 sicut
2742 673 2970 727 volucris
2995 672 3170 743 aliqua
3199 689 3430 742 superne
3456 675 3728 744 devolans,
3755 684 3828 734 ita

2244 765 2422 820 valido
2464 765 2664 834 impetu
2693 766 2747 820 in
2773 767 3062 836 phalanges
3092 768 3394 821 dmmonum
3441 765 3614 834 irruit,
3649 781 3702 826 et
3732 773 3830 826 ad-

2245 858 2508 912 versarius
2552 859 2772 912 virtutes
2818 858 2970 914 facile
3009 861 3209 914 invadit
3250 863 3459 932 sibique
3497 864 3727 934 subjicit.
3772 868 3833 924 la

2243 967 2387 1006 nunc
2417 951 2630 1006 modum
2676 961 2731 1008 et
2770 941 2965 1008 Paulus
2993 955 3178 1008 multis
3214 955 3441 1010 alTeCtus
3478 955 3664 1026 plagis,
3699 972 3748 1013 et
3777 962 3833 1014 in

2245 1043 2452 1100 vincula
2495 1045 2790 1115 conjectus,
2859 1055 2914 1102 et
2965 1047 3152 1116 ligneis
3204 1049 3414 1103 vinctus
3459 1053 3830 1121 compedibus.

2244 1153 2438 1209 Corpus
2463 1141 2676 1211 quidem
2719 1141 2904 1197 habuit
2941 1142 3094 1197 valde
3133 1142 3420 1208 inﬁrmum,
3456 1145 3834 1217 laboribuSquo

2243 1239 2622 1298 emaceratum,
2647 1233 2877 1286 animam
2903 1248 3032 1288 vero
3061 1234 3251 1291 fortem
3277 1243 3331 1289 et
3353 1235 3600 1290 invictam
3632 1255 3644 1290 :
3673 1249 3834 1308 atque

2244 1320 2378 1373 adeo
2411 1321 2561 1376 fortis
2588 1333 2703 1377 erat
2722 1325 2954 1391 vinctus,
2981 1334 3036 1379 ut
3063 1324 3128 1378 ad
3159 1327 3324 1378 solam
3351 1325 3468 1395 ejus
3496 1343 3679 1382 vocem
3713 1331 3832 1384 fun-

2244 1415 2489 1468 damenta
2517 1416 2750 1470 carceris
2777 1426 3260 1482 commoverentur,
3311 1428 3365 1473 et
3393 1418 3625 1474 solutum
3652 1437 3835 1477 carcea

2244 1506 2318 1560 ris
2344 1507 2618 1562 custodem
2646 1509 2878 1562 vinctum
2909 1508 2974 1563 ad
3000 1509 3164 1580 pedes
3207 1525 3330 1564 suos
3367 1511 3673 1580 adduceret,
3709 1530 3834 1584 ape.

2245 1596 2582 1667 rirenturque
2605 1599 2784 1668 janua:
2811 1599 3026 1654 clausaz.
3057 1601 3235 1670 Itaque
3260 1600 3402 1655 haud
3434 1617 3651 1671 parvam
3679 1606 3836 1660 nobis

2243 1691 2662 1746 consolationem
2696 1692 2890 1748 Paulus
2934 1693 3198 1756 exhibuit,
3240 1707 3466 1763 eamque
3503 1697 3662 1749 etiam
3708 1708 3837 1752 ante

2245 1782 2713 1849 resurrectionem,
2749 1797 2938 1852 nempe
2976 1782 3117 1853 quod
3162 1784 3543 1839 tentationibus
3584 1786 3833 1843 meliores

2243 1881 2298 1926 et
2349 1873 2703 1942 sapientiores
2757 1873 3045 1928 reddantur
3085 1892 3100 1927 :
3147 1873 3347 1928 idcirco
3396 1873 3526 1929 dicit
3563 1891 3576 1927 :
3619 1876 3832 1946 Aﬁlictio

2245 1964 2535 2032 patientiam
2561 1973 2819 2033 operatur,
2852 1964 3094 2034 patientia
3124 1964 3487 2034 probationem,
3523 1973 3568 2018 et
3605 1966 3834 2036 probatio

2243 2071 2404 2126 spem,
2426 2073 2538 2123 spes
2563 2072 2678 2110 vero
2703 2073 2802 2109 non
2834 2055 3102 2126 confundit
3153 2055 3328 2125 (Rom.
3361 2056 3414 2110 5.
3444 2056 3497 2110 4.
3529 2057 3606 2126 5).
3651 2057 3714 2111 Et
3738 2058 3835 2113 ite-

2243 2163 2360 2202 rum
2409 2149 2544 2202 alius
2600 2149 2812 2216 quidam
2839 2149 2965 2204 dicit
2998 2167 3010 2202 :
3049 2147 3138 2201 Vir
3181 2149 3266 2217 qui
3314 2165 3414 2202 non
3458 2159 3698 2217 tentatur,
3731 2167 3836 2205 non

2244 2246 2315 2292 est
2345 2241 2586 2307 probatus
2613 2255 2631 2293 :
2661 2248 2706 2292 et
2731 2240 2816 2310 qui
2841 2256 2942 2293 non
2987 2249 3058 2293 est
3080 2241 3336 2309 probatus,
3367 2241 3557 2294 nullius
3590 2236 3730 2312 pensi
3762 2259 3837 2296 est

2248 2326 2434 2400 (Ereti.
2481 2330 2569 2383 54.
2614 2328 2720 2400 ll).
2773 2329 2842 2383 Et
2877 2332 2946 2384 ita
2988 2345 3093 2384 non
3131 2345 3315 2400 parutn
3360 2332 3512 2386 nobis
3552 2332 3833 2388 conferunt

2243 2420 2561 2476 afflictioncs
2586 2433 2710 2477 ante
2738 2423 3206 2487 resurrccuonem,
3236 2440 3356 2478 cum
3380 2425 3552 2477 anima
3583 2425 3834 2480 reddatur

2244 2513 2517 2580 probatior
2542 2514 2817 2583 patientia,
2846 2525 2900 2570 et
2945 2515 3288 2586 intelligentia
3314 2517 3648 2585 prrcstantior
3684 2527 3736 2571 et
3766 2520 3834 2573 ab

2243 2604 2389 2658 omni
2430 2605 2596 2662 libera
2647 2606 2949 2662 formidine.
3003 2606 3071 2661 Et
3125 2607 3324 2661 idcirco
3371 2608 3496 2662 dicit
3529 2607 3739 2662 :Etiam
3787 2613 3836 2666 si

2243 2705 2478 2750 externus
2505 2707 2672 2751 noster
2701 2699 2849 2752 homo
2889 2709 3261 2768 corrumpatur,
3298 2699 3523 2752 internus
3555 2711 3718 2754 tamen
3746 2720 3832 2756 re-

2243 2797 2458 2841 novatur
2499 2788 2553 2842 in
2597 2789 2704 2845 dies
2744 2790 2969 2859 singulos
3013 2790 3088 2861 (2.
3137 2789 3257 2844 Cor.
3301 2791 3355 2844 4.
3391 2789 3498 2861 l6).
3555 2789 3834 2858 Quomodo

2242 2893 2444 2948 qumso,
2472 2881 2800 2937 renovatur?
2825 2881 3096 2951 Effugatur
3115 2882 3257 2936 enim
3286 2883 3459 2935 omnis
3484 2882 3836 2952 effeminatio,

2242 2971 2656 3041 exstinguuntur
2694 2972 3140 3042 concupiscentia:
3189 2971 3455 3039 absurdae,
3502 2981 3554 3028 et
3587 2975 3831 3040 avaritia,

2242 3069 2295 3115 et
2343 3062 2514 3116 inanis
2547 3063 2734 3133 gloria,
2784 3073 2838 3118 et
2881 3064 2934 3118 in
2979 3077 3184 3117 summa
3226 3062 3604 3117 interimuntur
3641 3080 3832 3122 omnes

2243 3154 2360 3207 alia!
2400 3155 2552 3208 malae
2585 3170 2955 3224 perversaque
2999 3154 3369 3223 cogitationes.
3400 3154 3467 3211 Ut
3494 3171 3620 3224 ergo
3648 3157 3830 3212 anima

2242 3247 2464 3317 ignavia:
2491 3248 2856 3318 socordiaeque
2887 3247 3060 3301 dedita
3084 3246 3238 3301 facile
3261 3247 3559 3316 hujusmodi
3581 3247 3828 3303 atlectio-

2239 3340 2397 3395 nibus
2421 3348 2504 3393 est
2532 3339 2760 3393 obnoxia
2789 3357 2803 3391 :
2837 3339 2907 3392 ita
2937 3337 2980 3391 si
3011 3337 3280 3392 continuis
3309 3347 3391 3391 est
3433 3338 3686 3406 implicita
3731 3354 3830 3408 pro

2239 3435 2434 3504 pietate
2471 3433 2869 3497 certaminibus,
2922 3448 3027 3485 non
3061 3441 3262 3484 tantum
3309 3430 3472 3484 habet
3509 3431 3624 3496 otii,
3671 3441 3728 3485 ut
3758 3432 3838 3488 de

2239 3525 2324 3579 his
2355 3524 2438 3578 vel
2485 3525 2684 3594 cogitet
2733 3522 3040 3593 aliquando,
3098 3521 3241 3577 curis
3268 3521 3514 3576 videlicet
3561 3523 3728 3591 ipsam
3761 3524 3835 3580 ab

2238 3615 2322 3670 his
2360 3614 2608 3669 omnibus
2641 3614 2708 3669 ad
2754 3615 3018 3684 palaestrze
3060 3613 3234 3668 studia
3277 3614 3642 3668 avocantibus.
3697 3613 3830 3669 Pro-

2237 3714 2421 3774 pterea
2451 3705 2681 3770 dicebat,
2717 3703 3001 3758 lnnovatur
3043 3706 3094 3758 in
3136 3703 3242 3756 dies
3271 3704 3516 3774 singulos.
3551 3703 3737 3757 Postea
3769 3716 3832 3761 ut

2237 3795 2414 3851 denuo
2456 3797 2660 3854 soletur
2684 3793 2889 3853 animas
2915 3797 3157 3852 dolentes
3186 3797 3237 3851 in
3281 3797 3439 3850 malis
3470 3797 3661 3866 quibus
3689 3797 3828 3852 affli-

2237 3897 2467 3958 guntur,
2523 3896 2576 3942 et
2624 3887 2988 3958 phil050phari
3034 3887 3338 3942 nescientes
3378 3902 3474 3956 spe
3524 3887 3828 3942 futurorum

2236 3979 2424 4048 erigat,
2449 3981 2525 4033 sic
2549 3980 2677 4035 dicit
2709 3999 2722 4034 :
2757 3980 2882 4047 Quae
2907 3981 3038 4033 enim
3068 3995 3200 4032 nunc
3219 3978 3337 4032 levis
3359 3988 3430 4032 est
3457 3975 3676 4048 afﬂictio,
3701 3981 3830 4034 mire

2235 4088 2390 4140 supra
2439 4072 2644 4124 modum
2701 4083 2942 4125 aeternum
2993 4071 3170 4140 gloria:
3223 4077 3422 4137 pondus
3484 4079 3721 4139 Operatur
3770 4071 3825 4124 in

2235 4162 2396 4229 nobis,
2427 4162 2545 4217 dum
2566 4181 2670 4217 non
2691 4172 2973 4232 spectamus
2998 4178 3056 4214 ea
3075 4177 3186 4228 qua:
3211 4160 3454 4226 uidentur,
3481 4160 3569 4214 sed
3593 4176 3704 4228 quae
3720 4177 3824 4216 non

2233 4255 2488 4310 uidentur.
2545 4254 2686 4308 Nam
2724 4270 2837 4324 qua:
2874 4253 3126 4314 videntur,
3179 4251 3479 4322 temporalia
3522 4261 3685 4305 sunt:
3707 4268 3826 4323 quas

2232 4361 2348 4401 vero
2385 4363 2487 4400 non
2526 4347 2776 4409 uidentur,
2821 4357 3009 4399 (eterna
3054 4343 3130 4417 (2.
3159 4342 3277 4398 Cor.
3302 4344 3364 4397 4.
3397 4343 3622 4408 17.18).
3655 4341 3819 4407 Quasi

2233 4437 2439 4492 diceret
2463 4455 2477 4492 :
2505 4438 2736 4492 Plurima
2768 4437 2926 4506 igitur
2959 4445 3014 4490 et
3041 4437 3090 4488 in
3136 4434 3234 4488 hac
3273 4435 3380 4486 vita
3415 4431 3632 4486 afﬂictio
3664 4433 3822 4487 nobis

2230 4527 2369 4582 bona
2398 4527 2626 4594 confert,
2657 4542 2850 4596 nempe
2870 4525 3009 4597 quod
3037 4525 3273 4579 animam
3320 4531 3553 4577 nostram
3593 4523 3816 4591 sapien-

2232 4620 2420 4673 tiorem
2447 4618 2950 4688 prudentioremqne
2988 4617 3163 4677 faciat,
3213 4616 3488 4668 innumera
3519 4628 3732 4682 quoque
3759 4621 3817 4666 et

2229 4711 2403 4766 futura
2457 4710 2596 4764 bona
2644 4709 2894 4764 conciliat
2933 4726 2948 4761 :
2983 4724 3086 4762 non
3134 4722 3196 4761 ea
3249 4721 3369 4776 qua:
3426 4705 3694 4758 laboribus
3745 4718 3816 4766 cx

2229 4816 2383 4872 aequo
2430 4801 2816 4872 rependuntur,
2869 4801 2963 4854 sed
3008 4799 3265 4868 ampliora
3315 4796 3693 4852 certaminibus
3719 4795 3815 4849 de-

2227 4894 2422 4951 bentur
2463 4903 2572 4949 tam
2619 4892 2914 4949 secundum
2941 4891 3274 4960 qualitatem,
3310 4905 3468 4959 quam
3518 4887 3816 4946 secundum

2227 4987 2598 5058 quantitatem.
2643 4987 2710 5040 Et
2747 4985 2906 5040 ambo
2932 4985 3030 5038 ista
3060 4982 3361 5045 declarans,
3389 4997 3510 5035 cum
3541 4981 3812 5048 magnituo

2225 5079 2350 5134 dine
2381 5078 2734 5149 periculorum
2774 5075 3142 5132 excellentiam
3187 5073 3525 5143 praemiorum
3575 5070 3807 5132 confert,

2229 5183 2278 5229 et
2329 5173 2552 5242 opponit
2594 5171 2911 5226 brevitatem
2964 5166 3270 5231 mternitati,
3318 5163 3518 5219 levitati
3577 5162 3808 5233 pondus,

2223 5265 2498 5319 afﬂictioni
2539 5263 2782 5335 gloriam.
2829 5260 3060 5316 Afﬂictio
3106 5259 3288 5325 enim,
3343 5257 3446 5324 ait,
3499 5254 3810 5324 temporalis

2224 5366 2304 5412 est
2347 5365 2403 5410 et
2443 5357 2608 5419 levis;
2641 5355 2924 5410 delectatio
2965 5364 3162 5416 autem,
3198 5353 3438 5406 imonon
3467 5348 3620 5414 dixit,
3664 5346 3809 5400 dele-

2221 5452 2405 5518 ctatio,
2441 5449 2534 5505 sed
2560 5450 2746 5520 gloria,
2779 5449 2895 5518 quin
2923 5447 3280 5502 delectatione
3305 5443 3471 5498 multo
3502 5449 3586 5496 est
3613 5439 3804 5507 major,

2220 5553 2439 5607 aeterna,
2468 5551 2522 5596 et
2564 5541 2814 5594 continua
2837 5579 2860 5605 ,,
2885 5547 2940 5593 et
2986 5552 3173 5606 magna
3205 5553 3218 5590 :
3252 5533 3461 5605 pondus
3498 5542 3673 5586 autem
3720 5529 3805 5585 hic

2225 5653 2330 5691 non
2379 5649 2740 5690 aerumnosum
2785 5643 2838 5687 et
2883 5644 3190 5694 onerosum,
3233 5627 3326 5684 sed
3370 5625 3705 5696 magnificum
3750 5632 3799 5675 et

2222 5727 2512 5798 pretiosum
2559 5723 2759 5792 aliqttid
2810 5731 2964 5777 vocat
3007 5720 3210 5790 vulgari
3249 5715 3659 5781 consuetudine,
3701 5723 3802 5782 qua

2223 5817 2453 5890 pretiosa
2475 5814 2731 5887 gravioris
2757 5828 2874 5869 esse
2901 5812 3149 5883 ponderis
3178 5811 3356 5867 dicere
3387 5807 3642 5867 solemus.
3672 5805 3808 5863 Cum
