4130 6434
388 358 498 420 ιὲΰ

387 481 516 553 ἢδη,
544 480 639 535 καὶ
679 477 1018 552 ὑψηλοτέραν
1059 478 1160 551 τὴν
1198 476 1393 531 ἑαυτοῦ
1431 475 1853 540 κατασκευάσας
1878 474 1980 545 ᾠδ-

381 565 515 639 οχὴν,
547 565 625 626 ὡς
650 563 906 617 ἁπάντων
940 563 1124 617 λοιπὸν
1155 562 1467 634 καταγελᾷν
1494 560 1605 615 τῶν
1623 559 1837 615 δεινῶν.

376 640 383 643 ’
468 650 587 704 Ἵνα
609 648 666 702 δὲ
688 646 787 701 καὶ
813 646 1148 720 σαφέστερον
1177 648 1404 720 γένηται
1441 646 1505 702 τὸ
1529 645 1849 718 λεγόμενον,
1888 641 1982 696 ἐπὶ

392 731 851 806 παραδείγματος
886 732 1019 785 αὑτὸ
1040 731 1304 804 βούλομαι
1331 732 1559 802 ποιῆσαι
1586 729 1844 802 φανερόν.
1876 727 1984 781 Αὑ-

385 904 450 956 06
480 901 684 975 μικρὰς
720 900 816 957 καὶ
851 898 1099 956 ἐντεῦθεν
1127 900 1288 954 ἔλαϐε
1319 900 1418 965 τὰς
1453 896 1708 971 ἀμοιϐὰς,
1745 911 1984 968 καταγε-

385 985 497 1042 λῶν
525 987 824 1060 τυράννων,
844 986 1369 1057 κατεξανιστάμενος
1392 983 1734 1055 μαινομένων
1768 980 1832 1052 δή
1842 997 1980 1052 μων,

384 1071 568 1155 πάσης
589 1072 875 1144 ὑπερορῶν
896 1069 1189 1144 τιμωρίας,
1214 1071 1308 1123 καὶ
1338 1069 1474 1155 πρὸς
1505 1068 1690 1140 θηρία,
1718 1064 1813 1155 καὶ
1845 1062 2000 1155 πρὸςι

388 1148 630 1226 σίδηρον,
664 1158 756 1211 καὶ
801 1158 938 1230 πρὸς
971 1158 1206 1229 πελάγη,
1240 1155 1334 1211 καὶ
1370 1153 1508 1226 πρὸς
1538 1152 1844 1224 κρημνοὺς,
1886 1146 1983 1202 καὶ

387 1239 527 1310 πρὸς
564 1232 987 1308 ἐπαναστάσεις,
1024 1242 1282 1316 καὶπρὸς
1316 1236 1659 1316 ἐπιϐουλὰςνί
1695 1235 1789 1289 καὶ
1842 1231 1981 1304 πρὸς

388 1314 609 1399 ἄπαντα
633 1327 701 1381 τὰ
738 1326 890 1381 δεινά
915 1314 1340 1398 ἀκατάπληκτος
1375 1323 1573 1398 μένων,
1603 1315 1664 1376 οῦ
1693 1320 1747 1373 τί
1780 1318 1979 1389 γένοιτ’

388 1402 456 1467 ἅν
484 1409 629 1476 ῖσον;
660 1410 764 1463 Τὸν
799 1404 898 1481 μὲν
920 1411 1028 1482 γὰρ
1056 1410 1409 1482 ἀγύμναστον
1442 1409 1536 1464 καὶ
1571 1404 1749 1480 μηδὲν.
1776 1401 1980 1456 παθόν-

383 1511 458 1551 τα
483 1494 654 1548 δεινὸν
688 1492 783 1548 καὶ
818 1494 889 1548 τὰ
913 1495 1146 1565 τυχόντα
1178 1493 1432 1566 θορυϐεῖν
1461 1493 1623 1547 εῐωθε
1643 1510 1656 1524 ·
1690 1485 1892 1563 μᾶλλον
1920 1483 1979 1538 δὲ

385 1580 488 1633 οὑκ
517 1581 656 1634 αὑτά
691 1580 760 1635 τὰ
793 1581 1097 1654 πράγματα
1134 1579 1316 1653 μόνον,
1349 1579 1487 1634 ἀλλά
1524 1579 1621 1633 καὶ
1651 1574 1975 1650 προσδοκίαι

384 1663 563 1739 ψιλαί·
601 1663 695 1719 καὶ
746 1665 801 1720 τί
855 1666 1001 1736 λέγω
1047 1664 1367 1739 προσδοκίαι
1391 1662 1579 1734 ψιλαί;
1609 1663 1665 1716 αἱ
1694 1658 1846 1714 σκιαὶ
1875 1674 1975 1727 φο-

386 1738 541 1802 ϐοῦσι
571 1748 668 1802 καὶ
694 1746 990 1802 δεδίττουσι
1036 1738 1129 1804 τὸν
1166 1747 1439 1806 τοιοῦτονο
1473 1747 1502 1799 6
1537 1746 1596 1799 δὲ
1635 1741 1978 1812 ἀποδυσάμε-

386 1838 481 1903 νος
524 1831 725 1896 πάντα,
766 1834 862 1887 καὶ
910 1834 992 1897 εἰς
1026 1832 1155 1897 τοὺς
1194 1831 1414 1901 ἀγῶνας
1450 1826 1645 1903 ἐμϐὰς,
1681 1827 1777 1881 καὶ
1806 1824 1975 1897 μυρία

383 1900 534 1969 ξεινά
560 1912 772 1981 παθὼν,
794 1914 1050 1971 ἁπάντων
1076 1900 1265 1969 λοιπόν
1288 1917 1439 1968 ἐστιν
1467 1900 1759 1983 ἀνώτερος,
1784 1908 1976 1980 ὥσπερ

386 2000 614 2058 κολοιῶν
642 2001 979 2075 κραζόντων,
1002 1999 1147 2056 οὕτω
1187 2000 1294 2054 τῶν
1328 1998 1699 2054 ἀπειλούντων
1734 2012 1975 2064 καταγε-

384 2082 514 2139 λῶν.
553 2085 630 2139 Οὐ
668 2086 866 2158 μικρὸς
898 2085 955 2139 δὲ
981 2077 1140 2148 οὗτος
1182 2087 1211 2139 ὁ
1254 2083 1540 2154 στέφανος,
1576 2080 1696 2135 οὐδὲ
1728 2081 1757 2133 6
1792 2077 1974 2148 τυχὼν

388 2168 601 2240 μισθὸς,
629 2171 759 2224 ὅταν
796 2171 966 2244 μηδὲν
994 2171 1158 2225 αὑτὸν
1187 2170 1295 2223 τῶν
1331 2166 1693 2240 ἀνθρωπίνων
1736 2163 1974 2236 δυνήση-

384 2268 474 2307 ται
499 2252 712 2320 λυπεῖν,
751 2256 884 2309 ὅταν
915 2255 985 2309 τά
1015 2257 1129 2319 τοῖς
1160 2253 1343 2317 ἄλλοις
1375 2249 1583 2323 φοϐερά
1602 2248 1779 2318 τούτῳ
1804 2247 1972 2301 εὑκα-

382 2337 704 2409 ταφρόνητα
750 2339 991 2411 γίνηται,
1025 2339 1156 2393 ὃταν
1187 2337 1328 2409 ὑπὲρ
1366 2328 1443 2390 ὧν
1495 2333 1647 2390 ἄλλοι
1687 2332 1974 2405 φρίττουσι

382 2420 481 2473 καὶ
511 2421 845 2488 ἐξίστανται,
880 2424 1024 2495 ὑπὲρ
1058 2421 1265 2477 τούτων
1295 2419 1463 2493 μέλλῃ
1498 2417 1666 2489 γελᾷν
1690 2415 1873 2480 αὐτὸς,
1904 2417 1970 2486 τῇ

380 2503 485 2575 τῆς
504 2505 785 2577 ὑπομονῆς
816 2506 1091 2579 ὑπερϐολῇ
1120 2508 1202 2570 εἰς
1232 2504 1458 2576 τὴντῶν
1483 2499 1795 2572 ἀγγελικῶν
1820 2498 1977 2553 δυνά-

384 2602 537 2659 μεων
565 2589 888 2661 φιλοσοφίαν
919 2592 1115 2646 ἑαυτὸν
1142 2592 1521 2663 μεταστήσας.
1549 2582 1615 2643 EI
1646 2587 1759 2660 γὰρ
1780 2585 1845 2659 δὴ
1867 2583 1974 2639 σῶ-

386 2690 466 2746 μα
495 2675 879 2748 μακαρίζομεν
913 2676 975 2731 16
997 2675 1298 2747 δυνάμενον
1328 2676 1424 2730 καὶ
1451 2674 1624 2745 ψῦχος
1660 2675 1755 2727 καὶ
1778 2672 1973 2743 καῦμα

380 2756 607 2822 ἀλύπως
643 2759 855 2831 φέρειν,
889 2760 984 2815 καὶ
1021 2760 1201 2832 λιμὸν,
1234 2759 1331 2814 καὶ
1373 2747 1602 2824 ἐύδειαν,
1639 2758 1733 2812 καὶ
1757 2756 1973 2811 ὁδοιπο-

383 2840 530 2912 ρίαν,
554 2844 649 2896 καὶ
674 2843 1052 2921 ταλαιπωρίας
1086 2844 1281 2915 ἑτέρας
1304 2861 1319 2876 ⁸
1356 2842 1539 2914 πολλῷ
1566 2841 1766 2913 μᾶλλον
1792 2841 1973 2914 ψυχὴν

384 2925 713 2998 μακαρίζειν
734 2929 818 2982 δεῖ
834 2929 932 3005 τὴν
957 2929 1264 3001 δυναμένην
1287 2927 1573 3002 καρτερῶς
1593 2928 1687 2981 καὶ⁸
1710 2926 1976 2997 γενναίως

381 3010 602 3075 ἁπάσας
632 3012 743 3089 τῷν
770 3013 960 3069 δεινῶν
990 3015 1177 3086 φέρειν
1204 3017 1303 3079 τὰς
1325 3013 1654 3088 προσϐολάς,
1675 3014 1770 3068 καὶ
1795 3014 1976 3085 διατη-

382 3096 499 3165 ρεῖν
542 3095 841 3153 ἀδούλωτον
880 3098 1050 3169 αὑτῆς
1085 3098 1173 3154 διὰ
1224 3099 1445 3156 πάντων
1484 3097 1546 3151 τὸ
1591 3096 1869 3170 φρόνημα.
1914 3096 1975 3150 '0

379 3178 624 3246 τοιοῦτος
656 3181 767 3235 τῶν
811 3181 1081 3255 βασιλέων
1117 3184 1298 3238 αὑτῶν
1358 3185 1476 3243 ἐστι
1522 3182 1970 3255 βασιλικώτερος.

394 3263 635 3318 Ἐκεῖνον
658 3264 759 3337 μὲν
789 3266 900 3340 γὰρ
928 3267 1025 3321 καὶ
1053 3266 1343 3340 δορυφόροι
1365 3268 1460 3321 καὶ
1496 3268 1639 3337 φίλοι
1666 3267 1761 3322 καὶ
1783 3268 1975 3339 ἐχθροὶ

382 3347 557 3402 πολλὰ
586 3349 824 3406 δύναιντ’
843 3350 910 3406 ἂν
938 3352 1194 3423 ἀδικῆσαι
1221 3351 1667 3414 ἐπιϐουλεύοντες
1711 3352 1806 3405 καὶ
1833 3369 1974 3407 κακ-

380 3432 744 3505 ουργοῦντες
790 3436 881 3489 τὸν
923 3436 982 3489 δὲ
1041 3437 1301 3508 τοιαύτην
1355 3435 1550 3508 ἔχοντα
1594 3435 1800 3508 ψυχὴν,
1857 3436 1975 3490 οἵαν

383 3512 538 3571 εἷπον
567 3516 685 3585 νῦν,
720 3519 782 3573 οὑ
819 3518 1098 3590 βασιλεὺς,
1128 3521 1190 3574 οὑ
1236 3521 1559 3592 δορυφόρος,
1585 3520 1687 3573 οὑκ
1731 3518 1975 3590 οίκέτης,

382 3602 448 3654 οὑ
486 3602 658 3672 φίλος,
695 3605 796 3658 οὐκ
841 3605 1055 3678 ἐχθρὸς,
1101 3607 1202 3660 οὐκ
1246 3605 1410 3670 αὐτὸς
1445 3608 1473 3657 6
1503 3603 1750 3668 διάϐολος
1795 3620 1978 3675 παρα-

384 3685 591 3756 ϐλάψαι
609 3688 925 3760 δυνήσεται.
958 3689 1086 3754 Πῶς
1112 3690 1245 3762 γὰρ.
1268 3689 1363 3743 τὸν
1397 3687 1777 3760 μελετήσαντα
1806 3686 1976 3760 μηδὲν

382 3770 495 3827 τῶν
523 3772 896 3846 νομιζομένων
925 3771 1067 3831 εἶναι
1085 3775 1276 3830 δεινῶν
1305 3773 1561 3847 ἡγεῖσθαι
1589 3773 1795 3839 δεινόν;

456 3855 780 3924 δ’.Τοιοῦτος
799 3855 867 3932 ἦν
888 3861 917 3915 ὁ
941 3861 1209 3933 μακάριος
1232 3858 1464 3924 Παῦλος
1497 3857 1586 3913 διὰ
1610 3859 1770 3913 τοῦτο
1797 3858 1973 3929 ἐλεγε’

389 3941 491 4008 Τίς
513 3940 675 4013 ἡμᾶς
698 3945 943 4014 χωρίσει
969 3944 1088 4000 ἀπὸ
1125 3944 1241 4015 τῆς
1266 3944 1508 4015 ἀγάπης
1536 3945 1645 3999 τοῦ
1674 3944 1937 4014 Χριστοῦ
1953 3958 1975 4009 ;

384 4025 614 4095 θλῒψις,
644 4027 683 4096 ἣ
715 4031 1108 4098 στενοχωρία,
1147 4030 1188 4098 ἢ
1223 4028 1498 4099 διωγμὸς,
1518 4028 1558 4097 ἢ
1588 4031 1785 4099 λιμὸς,
1806 4028 1848 4097 ἣ
1871 4046 1977 4099 τυ-

383 4110 633 4179 μνότης,
651 4110 691 4181 ἢ
708 4110 1018 4179 κίνδυνος,
1034 4113 1072 4183 ἢ
1087 4111 1389 4183 μάχαιρα;
1406 4112 1602 4180 καθὼς
1626 4113 1972 4182 γέγραπται,

383 4193 475 4247 ὅτι
508 4192 721 4249 ἕνεκεν
750 4196 871 4251 σοῦ
911 4198 1323 4267 θανατούμεθα
1369 4196 1527 4265 ὅλην
1574 4195 1691 4263 τὴν
1719 4193 1973 4265 ἡμέραν,

380 4277 792 4349 ἐλογίσθημεν
822 4281 904 4347 ὡς
951 4282 1220 4349 πρόϐατα
1259 4279 1539 4351 σφαγῆςο
1570 4279 1711 4334 ἀλλ’
1737 4279 1804 4333 ἐν
1839 4279 1977 4334 τού-

384 4379 502 4429 τοις
541 4363 735 4418 πᾶσιν
777 4364 1195 4433 ὑπερνικῶμεν
1253 4364 1352 4420 διὰ
1391 4364 1501 4418 τοῦ
1537 4362 1974 4434 ἀγαπήσαντος

381 4444 566 4515 ⁴ἡμᾶς.
608 4447 780 4502 Τοῦτο
808 4447 872 4519 δὴ
909 4449 1007 4504 καὶ.
1057 4447 1292 4503 ἐνταῦθα
1337 4448 1709 4520 αἰνιττόμενος
1763 4448 1973 4519 ἔλεγεν,

378 4531 468 4584 ὃτι
505 4532 577 4585 El
608 4530 712 4587 καὶ
764 4535 798 4587 ὁ
833 4532 950 4598 ἔξω
998 4532 1171 4602 ἡμῶν
1191 4532 1505 4601 ἄνθρωπος
1548 4533 1972 4603 διαφθείρεται,

381 4614 522 4672 ἀλλ’
548 4617 581 4668 ό
608 4614 729 4669 ἔσω
750 4616 1182 4675 ἀνακαινοῦται
1213 4615 1405 4687 ἡμέρᾳ
1436 4615 1536 4670 καὶ
1567 4614 1720 4689 [428]
1749 4616 1971 4686 ἡμέρᾳ·

379 4697 770 4771 ἀσθενέστερον
786 4699 848 4754 τὸ
881 4700 1041 4771 σῶμα
1063 4700 1296 4770 γίνεται,
1320 4701 1506 4771 φησὶν,
1524 4700 1660 4755 ἀλλά
1675 4700 1976 4755 δυνατωτέ-

385 4797 456 4850 ρα
476 4783 509 4852 ἡ
532 4780 679 4854 ψυχὴ
709 4783 802 4838 καὶ
817 4783 1166 4856 ἰσχυροτέρα,
1190 4785 1285 4843 καὶ
1299 4784 1594 4857 πτεροῦται
1613 4785 1834 4856 μᾶλλον.
1865 4786 1976 4840 Καὶ

382 4866 637 4938 καθάπερ
666 4867 1011 4940 στρατιώτης
1036 4868 1339 4938 βαρύνοντα
1379 4868 1479 4940 μὲν
1503 4869 1642 4940 έχων
1670 4868 1834 4933 ὅπλα,
1871 4869 1974 4925 κᾶν

382 4950 594 5023 σφόδρα
645 4948 957 5029 γενναῖοςῇ
993 4956 1089 5007 καὶ
1128 4954 1463 5026 πολεμικὸς,
1506 4956 1609 5008 οὐκ
1650 4955 1717 5009 ἂν
1759 4956 1973 5025 γένοιτο

378 5037 496 5100 τοῖς
542 5036 827 5107 πολεμίοις
859 5037 1109 5114 φοϐερὸς,
1143 5039 1242 5111 τῆς
1286 5040 1397 5094 τῶν
1442 5040 1623 5095 ὅπλων
1669 5040 1976 5114 βαρύτητος

380 5123 449 5192 τῇ
486 5120 595 5176 τῶν
628 5122 803 5178 ποδῶν
837 5113 1107 5195 ταχύτητι
1142 5126 1238 5180 καὶ
1278 5128 1343 5197 τῇ
1393 5125 1505 5184 τῶν
1537 5113 1852 5197 πολεμικῶν
1878 5133 1979 5202 ἐμ-

370 5209 575 5281 πειρίᾳ
608 5209 1011 5282 λυμαινομένης
1033 5228 1044 5239 ·
1073 5212 1122 5264 εί
1150 5211 1208 5264 δὲ
1227 5210 1406 5282 κοῦφα
1433 5211 1588 5267 λάϐοι
1620 5213 1712 5267 καὶ
1739 5215 1970 5285 εὐμετα-

382 5291 655 5371 χείριστα,
688 5296 894 5367 πτηνοῦ
936 5296 1138 5360 παντὸς
1160 5296 1315 5367 δίκην
1341 5299 1638 5371 ἐπέρχεται
1679 5303 1794 5365 τοῖς
1823 5303 1979 5356 ἐναν-

380 5379 550 5444 τίοις·
585 5378 727 5434 οὕτω
778 5380 875 5435 καὶ
912 5383 940 5435 ὁ
971 5380 1071 5453 τὴν
1103 5380 1284 5455 σάρκα
1325 5380 1424 5454 τὴν
1458 5382 1652 5437 ἑαυτοῦ
1695 5383 1771 5456 μὴ
1812 5385 1974 5460 μέθῃ,

382 5466 524 5538 μηδὲ
539 5466 726 5520 ἀνέσει
752 5469 846 5522 καὶ
872 5470 1051 5540 τρυφῇ
1076 5466 1504 5535 καταλιπαίνων,
1529 5469 1666 5523 ἀλλά
1693 5471 1977 5540 νηστείαις

1417 355 1508 411 DE
1551 347 2138 411 RESUR‘RECTIONE
2176 352 2642 413 MORTUORUM.

3566 366 3668 420 ιε.»

2082 491 2171 540 τις
2198 476 2509 550 ὑπόπτερος
2531 470 2737 536 ἀνωθεν
2759 482 3126 551 καταϐαίνων,
3141 484 3283 541 οὕτω
3304 489 3442 559 μετά
3470 492 3669 567 πολλῆς

2078 566 2181 638 τῆς
2214 567 2397 640 ῥύμης
2418 571 2497 634 εἰς
2518 570 2618 635 τὰς
2630 571 2742 626 τῶν
2757 573 2843 627 δαι
2850 575 3028 644 μόνων
3051 578 3338 649 ἐμπίπτων
3360 566 3668 655 φάλαγγας,

2082 656 2386 727 καταφέρει
2438 659 2640 730 ῥᾳδίως
2683 660 2784 725 τὰς
2824 656 3208 734 ἀντικειμένας
3245 669 3525 743 δυνάμεις,
3572 664 3668 729 καὶ

1890 743 1984 828 ἓν·
2015 804 2029 826 ;
2082 743 2432 817 ὑποχειρίους
2458 752 2621 801 ποιεῖ.
2650 748 2807 804 Οῦτω
2835 754 2930 806 καὶ
2962 754 2990 806 ὁ
3016 754 3229 821 Παῦλος
3256 757 3437 813 λαϐὼν
3462 762 3666 828 πολλὰς

385 814 481 881 τὸς
505 813 615 887 γὰρ
641 808 796 879 οὗτος
822 816 850 867 ὁ
880 815 1095 880 Παῦλος
1131 816 1341 887 μυρίων
1371 813 1743 885 ἀνασχόμενος
1765 809 1980 875 δεινῶν,

2085 830 2324 920 πληγὰς,
2357 833 2453 887 καὶ
2479 837 2559 899 είς
2578 836 2640 889 τὸ
2664 838 3041 913 δεσμωτήριον
3079 845 3358 914 ἐμπεσὼν,
3391 848 3484 902 καὶ
3506 850 3563 904 ἐν
3588 851 3667 920 τῷ

2092 919 2236 993 ξύλῳ
2262 920 2460 988 δεθεὶς,
2490 923 2551 977 16
2593 925 2693 997 μὲν
2726 927 2887 998 σῶμα
2915 930 3308 1006 ἀσθενέστερον
3339 932 3453 1006 εἶχε
3482 919 3668 1003 πόνοις

2020 1030 2055 1051 ο
2082 1010 2561 1092 κατατεινόμενον,
2598 1014 2698 1084 τὴν
2723 1014 2779 1068 δὲ
2805 1015 2985 1089 ψυχὴν
3029 1019 3256 1092 ίσχυράν
3282 1023 3379 1077 καὶ⁹
3413 1023 3629 1081 εὔτονον
3646 1045 3660 1059 ’

2081 1090 2173 1152 καὶ
2204 1098 2376 1187 οὕτως
2405 1095 2474 1172 ἦν
2511 1102 2731 1174 ἰσχυρὸς
2757 1107 2784 1158 6
2813 1090 3117 1177 δεδεμένος,
3151 1090 3225 1173 ῶς
3243 1110 3334 1165 διὰ
3364 1114 3550 1184 φωνῆς
3568 1117 3665 1187 μό-

2080 1201 2181 1258 νης
2212 1184 2476 1243 σαλεῦσαι
2519 1186 2589 1243 τά
2638 1189 2868 1260 θεμέλια
2899 1193 2993 1248 τοῦ
3017 1195 3417 1270 δεσμωτηρίου,
3438 1202 3535 1255 καὶ
3570 1184 3668 1257 τὸν

2078 1273 2374 1347 λελυμένον
2401 1276 2788 1349 δεσμοφύλακα
2815 1280 3036 1353 δέσμιον
3073 1285 3154 1349 εἰς
3186 1288 3315 1350 τοὺς
3338 1289 3506 1354 πόδας
3526 1293 3667 1360 ἀγα-

2079 1367 2197 1435 γεῖν
2244 1368 2372 1431 τοὺς
2411 1366 2631 1435 ἑαυτοῦ,
2661 1369 2757 1422 καὶ
2795 1368 2897 1433 τὰς
2936 1371 3109 1443 θύρας
3153 1375 3665 1451 ἀποκεκλεισμένας

2078 1455 2309 1521 ἀνοῖξαι.
2346 1459 2422 1513 Οὑ
2463 1462 2671 1532 μικράν
2702 1458 2797 1517 οὖν
2833 1463 2964 1534 ἡμῖν
3012 1466 3369 1538 παραμυθίαν
3404 1468 3604 1524 ἔδωκεν
3634 1472 3665 1524 ὁ

2078 1545 2296 1611 Παῦλος
2330 1548 2541 1622 ταύτην
2564 1554 2659 1607 καὶ
2677 1553 2784 1625 πρὸ
2810 1556 2911 1626 τῆς
2937 1554 3311 1623 ἀναστάσεως,
3336 1556 3396 1611 16
3419 1556 3663 1629 βελτίους

2075 1637 2231 1711 ἡμᾶς
2267 1639 2516 1706 γίνεσθαι
2545 1642 2639 1696 καὶ
2674 1644 3147 1717 φιλοσοφωτέρους
3173 1650 3284 1712 τοῖς
3308 1653 3660 1721 πειρασμοῖς.

2073 1728 2174 1783 Διά
2200 1729 2355 1785 τοῦτό
2391 1746 2557 1796 φησιν
2579 1747 2593 1762 ο
2648 1732 2708 1786 Ἡ
2734 1732 2942 1802 θλῖψις
2974 1734 3295 1805 ὑπομονὴν
3319 1734 3664 1806 κατεργάζε-

2071 1835 2190 1884 ται,
2218 1820 2257 1888 ἡ
2286 1821 2354 1874 δὲ
2387 1820 2664 1893 ὑπομονῂ
2693 1820 2970 1892 δοκιμὴν,
3010 1824 3049 1893 ἡ
3075 1824 3144 1878 δὲ
3174 1823 3390 1895 δοκιμὴ
3419 1828 3663 1892 ἐλπίδα,

2070 1908 2111 1977 ἠ
2155 1907 2225 1963 δὲ
2267 1910 2444 1977 ἐλπὶς
2479 1914 2551 1966 οὐ
2596 1912 2998 1984 καταισχύνει.
3050 1913 3162 1966 Καὶ
3202 1912 3366 1969 πάλιν
3395 1913 3555 1979 ἄλλος
3579 1915 3661 1979 τίς

2073 1992 2240 2067 φησιν
2256 2014 2269 2030 ο
2310 1998 2481 2069 Ἀνὴρ
2507 1992 2871 2072 das/pactae
2896 2002 3203 2072 ἀδόκιμος,
3231 2005 3265 2057 ό
3285 2002 3356 2056 δὲ
3379 2003 3666 2074 ἀδόκιμος

2071 2085 2323 2153 οὐδενὸς
2351 2086 2518 2155 ἄξιος
2544 2090 2754 2159 λόγου.
2790 2092 2953 2146 Ὥστε
2984 2094 3043 2146 οὑ
3076 2090 3251 2165 μικρά
3277 2091 3386 2145 ἀπὸ
3416 2095 3517 2164 τῆς
3553 2093 3663 2147 θλί-

2070 2179 2218 2250 ψεως
2247 2181 2613 2254 καρπούμεθα
2642 2185 2736 2239 καὶ
2777 2187 2886 2257 πρὸ
2912 2187 3014 2258 τῆς
3043 2184 3415 2252 ἀναστάσεως,
3460 2186 3523 2240 16
3562 2188 3663 2258 τὴν

2069 2271 2248 2345 ψυχὴν
2286 2274 2431 2347 ἐχειν
2466 2276 2848 2353 δοκιμωτέραν
2888 2281 2984 2336 καὶ
3019 2283 3338 2354 σοφωτέραν
3401 2281 3497 2338 καὶ
3534 2297 3663 2335 συν-

2070 2368 2364 2441 ετωτέραν,
2400 2370 2496 2425 καὶ
2530 2371 2713 2445 πάσης
2743 2374 3091 2446 ἀπηλλάχθαι
3115 2377 3340 2443 δειλίας.
3371 2380 3471 2433 Διά
3499 2379 3665 2434 τοῦτό.

2070 2476 2268 2532 φησιν·
2294 2463 2365 2516 Εἰ
2391 2462 2489 2516 καὶ
2514 2466 2548 2518 ό
2566 2463 2682 2529 ἔξω
2707 2464 2876 2535 ἡμῶν
2896 2466 3207 2540 ἄνθρωπος
3237 2452 3661 2542 διαφθείρεται,

2068 2553 2208 2611 ἀλλ’
2242 2556 2276 2609 ό
2316 2554 2439 2609 ἔσω
2477 2557 2907 2615 ἀνακαινοῦται
2946 2560 3137 2633 θήμέρᾳ
3162 2564 3261 2619 καὶ
3284 2567 3493 2637 ἡμέρᾳ.
3535 2567 3665 2633 Πῶς

2068 2646 2480 2714 ἀνακαινοῦται,
2511 2651 2672 2719 εἶπές
2715 2653 3031 2726 Ἀνανδρίας
3064 2656 3491 2732 εξελαυνομένης
3518 2661 3665 2716 ἀπάη

2071 2759 2194 2815 σης,
2225 2743 2526 2817 ἐπιθυμίας
2555 2745 2927 2819 σϐεννυμένης
2955 2748 3178 2814 ἀτόπου,
3199 2738 3666 2825 φιλοχρηματίας,

2069 2836 2413 2904 κενοδοξίας,
2462 2836 2573 2892 τῶν
2628 2837 2807 2893 ἄλλων
2849 2840 3039 2906 ἁπλῶς
3095 2842 3205 2897 τῶν
3244 2843 3669 2916 διεφθαρμένων,

2069 2928 2350 3002 λογισμῶν
2380 2931 2800 3005 ἀναιρουμένων
2832 2934 3111 2990 ἁπάντων.
3139 2937 3354 3010 Ὥσπερ
3382 2932 3475 2992 οῦν
3498 2940 3531 3010 ἡ
3560 2939 3662 3009 ἀρ-

2070 3021 2194 3094 γίας
2222 3023 2320 3077 καὶ
2366 3023 2556 3088 ἀδείας
2589 3024 2940 3080 ἀπολαύουσα
2968 3025 3114 3101 ψυχὴ
3143 3029 3384 3094 εὐκόλως
3414 3030 3519 3085 ὑπὸ
3551 3030 3669 3084 τῶν.

2069 3116 2265 3174 παθῶν
2311 3116 2597 3173 ἁλίσκεται
2641 3117 2883 3173 τούτων’
2923 3118 3100 3184 οὕτως
3148 3122 3181 3192 ἡ
3232 3122 3496 3192 διηνεκῶς
3547 3124 3665 3187 τοῖς

2068 3208 2249 3278 ἀγῶσι
2300 3213 2416 3275 τοῖς
2467 3210 2610 3283 ὑπὲρ
2646 3212 2748 3283 τῆς
2786 3211 3072 3276 εὐσεϐείας
3124 3213 3474 3285 ἐσχολακυῖα,
3536 3213 3665 3267 οὐδὲ

2072 3301 2268 3373 σχολὴν
2297 3302 2423 3371 ἄγει
2450 3302 2628 3361 ταῦτα
2666 3302 2919 3373 ἐννοῆσαί
2951 3321 3106 3369 ποτε,
3142 3305 3244 3376 τῆς
3283 3305 3414 3375 περὶ
3454 3305 3522 3359 τά
3551 3323 3666 3359 πα-.

2071 3393 2352 3462 λαίσματα
2390 3393 2661 3465 μερίμνης
2696 3393 2916 3448 πάντων
2944 3395 3115 3466 αὑτὴν
3163 3395 3486 3465 άπαγούσης
3513 3395 3667 3449 ἐκεί-.

2071 3499 2205 3539 νων.
2251 3482 2353 3538 Διά
2401 3483 2562 3536 τοῦτο
2592 3482 2780 3552 ἔλεγεν
2799 3501 2814 3516 ο
2864 3485 3310 3540 Ἀνακαινοῦται
3341 3488 3532 3555 ἡμέρᾳ
3558 3489 3659 3542 καὶ

2071 3578 2282 3651 ἡμέρᾳ.
2315 3575 2452 3635 Εἶτα
2487 3580 2650 3635 πάλιν
2700 3581 3202 3653 παραμυθούμενος
3229 3584 3329 3647 τὰς
3356 3582 3536 3654 ψυχὰς
3559 3582 3671 3648 τάς-

2071 3673 2415 3746 δδυνωμένας
2464 3674 2559 3728 ἐπὶ
2596 3664 2713 3737 τοῖς
2751 3672 2942 3738 δεινοῖς
2988 3676 3101 3738 τοῖς
3148 3675 3532 3747 ἐπαγομένοις,
3563 3676 3671 3735 καὶ,

2072 3767 2172 3821 οὑκ
2195 3765 2400 3830 εἰδυίας
2440 3764 2776 3836 φιλοσοφεῖν,
2804 3764 2893 3818 διὰ
2920 3767 3020 3832 τῆς
3044 3764 3260 3831 ἐλπίδος
3298 3766 3409 3820 τῶν
3441 3765 3661 3837 μελλόν-

2070 3876 2180 3913 των
2208 3857 2379 3922 αὐτὰς
2412 3857 2715 3928 ἀνίστησιν,
2744 3857 2888 3912 οὑτω
2917 3856 3093 3928 λέγων
3112 3876 3126 3890 ·
3170 3860 3240 3913 Τὸ
3294 3860 3405 3930 γὰρ
3434 3875 3661 3931 παραυ-

2072 3952 2210 4005 τίκα
2249 3950 2518 4021 ἐλαφρὸν
2543 3950 2657 4020 τῆς
2687 3951 2973 4020 θλίψεως,
3001 3951 3132 4007 καθ’
3173 3951 3522 4021 ὑπερϐολὴν
3573 3954 3663 4019 είς

2070 4041 2422 4112 ὑπερϐολὴν
2462 4041 2705 4099 αἰώνιον
2759 4040 2956 4111 βάρος
3003 4042 3190 4111 δόξης
3248 4042 3663 4113 κατεργάζεται

2075 4136 2243 4207 ἡμῖν,
2267 4135 2356 4206 μὴ
2385 4136 2788 4190 σκοπούντων
2813 4132 2986 4205 ἡμῶν
3011 4135 3085 4192 τὰ
3101 4137 3474 4207 βλεπόμενα,
3500 4138 3664 4194 ἀλλὰ

2072 4228 2147 4285 τὰ
2168 4228 2256 4299 μὴ
2276 4228 2657 4298 βλεπόμενα.
2682 4226 2759 4283 Τὰ
2775 4226 2886 4298 γὰρ
2902 4228 3282 4298 βλεπόμενα,
3304 4233 3661 4301 πρόσκαιρα,

2070 4326 2146 4383 τὰ
2173 4323 2243 4378 δὲ
2270 4323 2357 4395 μὴ
2381 4323 2752 4394 βλεπόμενα,
2787 4322 3016 4378 αἰώνια.
3062 4323 3128 4378 ’Ὀ
3155 4323 3214 4378 δὲ
3243 4323 3391 4393 λέγει
3420 4325 3664 4383 τοιοῦτόν

2071 4410 2221 4495 ἐστι’
2247 4418 2506 4474 Μάλιστα
2539 4416 2639 4488 μὲν
2667 4411 2762 4471 οὗν
2787 4417 2881 4471 καὶ
2903 4416 3141 4473 ἐνταῦθα
3179 4418 3330 4488 ἡμᾶς
3357 4418 3597 4490 ὀνίνησιν
3626 4421 3661 4490 ἡ

2073 4511 2273 4583 θλῖψις,
2299 4509 2614 4582 σοφωτέραν
2645 4510 2805 4583 ἡμῶν
2844 4508 3073 4563 ποιοῦσα
3103 4509 3202 4581 τὴν
3236 4508 3414 4581 ψυχὴν
3447 4510 3545 4564 καὶ
3573 4528 3664 4581 φις
3738 4516 3749 4527 ’

2070 4604 2487 4677 λοσοφιιντέραν·
2519 4603 2659 4674 μετά
2697 4602 2755 4656 δὲ
2800 4602 2960 4657 τοῦτο
2982 4602 3078 4656 καὶ
3110 4603 3280 4675 μυρία
3301 4604 3433 4674 ἡμῖν
3461 4602 3662 4675 προξεε

2074 4702 2159 4755 νεῖ
2184 4697 2330 4753 κατά
2358 4696 2422 4750 16
2467 4695 2670 4766 μέλλον
2698 4693 2903 4764 ἀγαθὰ,
2936 4696 3039 4749 οὐκ
3075 4694 3381 4768 ἀντίῤῥοπα
3414 4695 3525 4751 τῶν
3571 4698 3671 4750 πόα

2075 4808 2205 4855 νων,
2250 4788 2391 4846 ἀλλά
2428 4786 2611 4859 πολλῷ
2647 4786 2796 4862 [499]
2846 4786 3071 4860 μείζονα
3110 4787 3219 4842 τῶν
3262 4788 3664 4861 παλαισμάτων

2073 4885 2170 4941 καὶ
2191 4884 2336 4939 κατά
2356 4882 2454 4955 τὴν
2471 4882 2748 4953 ποσότητα
2773 4881 2869 4936 καὶ
2883 4880 3026 4935 κατὰ
3042 4879 3141 4952 τὴν
3166 4881 3453 4953 ποιότητα.
3476 4880 3665 4939 Ταῦτα

2072 4978 2382 5052 ἀμφότερα,
2408 4977 2574 5045 λέγω,
2605 4973 2782 5047 δηλῶν
2813 4976 2841 5027 ὁ
2871 4971 3107 5039 Παῦλος,
3130 4973 3225 5027 καὶ
3255 4972 3356 5046 τὴν
3387 4974 3664 5046 ὑπεροχὴν

2071 5072 2184 5128 τῶν
2219 5069 2506 5132 κινδύνων,
2542 5066 2772 5122 καὶτῶν
2808 5065 2987 5122 ἄθλων
3026 5068 3265 5119 ποιεῖται
3291 5065 3391 5137 τὴν
3432 5065 3662 5138 σύγκρι-

2075 5181 2182 5231 σιν,
2215 5162 2312 5217 καὶ
2343 5159 2650 5232 ἀντιτίθησι
2691 5157 2770 5229 τῷ
2818 5157 3137 5229 παραυτίκα
3177 5154 3241 5210 16
3301 5156 3541 5221 αἰώνιον,
3580 5156 3666 5228 τῷ

2075 5257 2297 5330 ἐλαφρῷ
2331 5256 2394 5310 τὸ
2426 5254 2616 5326 βάρος.
2654 5254 2720 5324 τῇ
2759 5251 2937 5322 θλίψει
2974 5249 3073 5323 τὴν
3118 5250 3296 5314 δόξαν.
3339 5251 3402 5304 Ἦ
3431 5249 3666 5321 μὲνγὰρ

2075 5354 2254 5425 θλῖφις
2297 5350 2653 5423 πρόσκαιρος,
2698 5345 2854 5416 φησὶ.
2906 5334 3001 5398 καὶ
3040 5344 3241 5414 κούφη,
3289 5344 3323 5415 ἠ
3370 5343 3427 5397 δὲ
3473 5341 3661 5408 ἄνεσις

2074 5446 2303 5521 (μᾶλλον
2324 5443 2382 5497 δὲ
2412 5441 2515 5496 οὑκ
2563 5436 2742 5505 εἶπεν,
2784 5438 2992 5500 ἄνεσις,
3030 5435 3189 5499 ἀλλά,
3227 5433 3377 5500 δόξα,
3408 5434 3437 5489 6
3478 5434 3667 5507 πολλῷ

505 5551 712 5622 εὐχαῖς,
743 5554 837 5606 καὶ
967 5522 1137 5625 πόλλῇ
1164 5553 1276 5608 τῶν
1303 5522 1540 5624 θλίψεων
1565 5522 1814 5628 ὑπομονῇ
2006 5567 2049 5602 υ
2074 5536 2271 5628 ,ιίεῖξονΔ
2302 5535 2400 5606 τῆς
2414 5530 2692 5628 ξνέσεωξλ
2708 5528 2935 5628 “ﬁnitos
2959 5522 3459 5628 ’ςαὶιδιηνεκὴς-καὶ
3489 5524 3666 5628 μεγάη

381 5636 625 5709 φοτέραν
671 5638 768 5691 καὶ
799 5637 1174 5710 λεπτοτέρανι
1211 5638 1642 5703 κατασκευάζων
1661 5678 1676 5705 ,
1720 5639 1978 5712 καθάπερ

379 5770 473 5885 ml“
672 5770 1030 5834 χαλεπωτέραν,
1055 5768 1197 5821 Golb.
1238 5769 1544 5834 λεπτοτέραν,
1571 5773 1723 5833 atque
1759 5770 1827 5820 ita
1849 5770 1977 5835 legit

456 5844 486 5884 e

456 5844 486 5884 ε

2072 5628 2162 5698 λη.
2203 5626 2380 5698 Βάρος
2407 5624 2466 5678 δὲ
2499 5620 2756 5681 ἐνταῦθα,
2790 5620 2854 5674 οὐ
2886 5618 2948 5674 τὸ
2976 5619 3235 5672 ἐπίπονον
3276 5619 3373 5673 καὶ
3403 5617 3667 5691 φορτικὸν
3776 5624 3779 5627 ’

2072 5715 2249 5783 εἶπεν,
2277 5716 2415 5771 ἀλλὰ
2446 5715 2509 5768 τὸ
2543 5709 2835 5775 πολυτελὲς
2878 5709 2975 5763 καὶ
3003 5708 3247 5781 ἔντιμον,
3275 5709 3421 5764 κατά
3450 5709 3512 5766 16
3548 5707 3663 5764 τῶν

2076 5813 2291 5871 πολλῶν
2321 5810 2464 5876 ἔθος,
2493 5809 2542 5863 οἳ
2581 5807 2651 5863 τὰ
2676 5804 2953 5877 πολύτιμα
2973 5801 3113 5861 οὕτω
3145 5807 3241 5863 καὶ
3276 5804 3554 5879 βαρύτιμα
3573 5820 3669 5858 καει
