4130 6466
481 362 585 419 ιεξ

477 477 589 532 λεῖν
618 471 893 528 εἰώθασιν.
929 472 1097 525 Ὅταν
1128 468 1222 527 οὖν
1260 473 1388 545 ετπῃ
1433 473 1597 546 βάρος
1618 474 1800 542 δόξης,
1836 472 2065 544 μέγεθος

478 551 637 633 δόξης
666 559 834 626 λέγει.
868 558 958 629 Μὴ
991 558 1173 611 τοίνυν
1200 558 1361 612 τοῦτο
1399 559 1559 628 μόνον
1591 559 1833 627 λογίζου,
1867 558 2056 628 φησὶν,

478 642 560 698 ὃτι
604 642 842 714 μαστίζῃ
881 642 976 693 καὶ
1023 640 1244 713 ἐλαύνῃ.
1280 641 1417 696 ἀλλά
1458 642 1551 695 καὶ
1598 643 1724 704 τούς
1761 640 2062 709 στεφάνους

479 727 573 780 καὶ
607 725 708 789 τὰς
752 724 1009 795 ἀμοιϐὰς,
1042 724 1128 777 ὅτι
1160 723 1338 793 πολλῷ
1374 724 1594 802 μείζους
1627 723 1723 777 καὶ
1750 723 2066 794 λαμπρότε-

482 830 574 884 ραι
618 810 729 865 τῶν
776 809 1064 879 παρόντων
1118 810 1348 871 ἐκεῖναι,
1385 809 1480 862 καὶ
1521 808 1675 870 τέλος
1702 809 1803 862 οὐκ
1830 808 2064 877 ἔχουσιν,

478 895 603 948 οὐδέ
636 894 831 964 πέρας.
876 891 1037 945 Ἀλλά
1061 890 1254 956 ταῦτα,
1284 892 1470 960 φησὶν,
1497 892 1554 943 ἐν
1578 891 1767 961 πείρα,
1804 892 1988 944 ἐκεῖνα
2010 889 2067 942 δὲ

480 978 537 1031 ἐν
563 977 781 1030 ἐλπίσι·
812 975 1097 1028 καὶταῦτα
1130 975 1227 1043 μὲν
1254 974 1486 1044 φανερά,
1516 976 1699 1027 ἐκεῖνα
1721 972 1776 1024 δὲ
1794 972 1854 1025 οὐ
1885 972 2070 1041 φαίνε-

480 1054 712 1126 ται,ἀλλ⁴
730 1061 892 1132 ἐκκρε
900 1059 972 1130 μῆ
992 1060 1083 1112 καὶ
1105 1058 1355 1129 μετέωρά
1377 1060 1534 1112 εἰσιν·
1551 1056 1667 1111 ἀλλ’
1684 1058 1733 1109 εί
1752 1056 1845 1109 καὶ
1862 1056 2066 1126 ἀφανῆ,

482 1144 620 1198 ἀλλά
637 1143 743 1197 τῶν
765 1142 1104 1213 φαινομένων
1142 1142 1259 1195 ἐστὶ
1297 1141 1675 1215 φανερώτερα.
1708 1140 1772 1192 Τί
1792 1139 1935 1209 λέγω
1963 1157 2071 1207 φα-

481 1226 790 1300 νερώτερα;
822 1227 1034 1279 Ἐκεῖνα
1044 1226 1270 1280 δύνασαι
1292 1226 1492 1296 μᾶλλον
1510 1227 1661 1297 όρᾷν,
1684 1224 1920 1296 ἦταῦτα.
1934 1223 2073 1277 Ταῦ-

480 1328 551 1364 τα
574 1312 671 1381 μὲν
686 1310 795 1382 γὰρ
823 1311 1175 1381 παρέρχεται,
1209 1311 1392 1363 ἐκεῖνα
1415 1309 1471 1362 δὲ
1490 1310 1661 1380 μένει.
1690 1308 1781 1361 Διὸ
1802 1309 2069 1378 ἐπήγαγε,

482 1395 659 1463 λόγων
678 1411 692 1425 ο
709 1398 766 1449 Μ
770 1394 806 1462 ὴ
827 1395 1219 1448 σκοπούντων
1237 1392 1408 1462 ’ἡμῶν
1416 1393 1489 1446 τὰ
1506 1393 1880 1461 βλεπόμενα,
1911 1392 2073 1446 ἀλλὰ

422 1536 445 1563 ε
482 1479 555 1563 τά
584 1479 671 1563 μὴ
698 1479 1053 1563 ,βλεπόμενα
1075 1496 1086 1510 ·
1112 1476 1185 1531 τὰ
1205 1478 1315 1563 γὰρ
1335 1479 1689 1549 βλεπόμενα
1714 1478 2068 1546 πρόσκαιρα,

482 1560 556 1615 τὰ
575 1561 1098 1633 δὲμὴβλεπόμενα
1123 1560 1348 1616 ultima.

553 1708 615 1759 ε’.
650 1700 713 1755 Εἰ
740 1702 797 1754 δὲ
817 1701 1013 1770 λέγοις·
1038 1698 1147 1755 Καὶ
1175 1698 1287 1764 πῶς
1312 1700 1610 1773 δυνήσομαι
1642 1701 1707 1755 τὰ
1744 1701 1925 1772 ἀφανῆ
1954 1700 2074 1772 βλὲ-

484 1802 629 1851 πειν,
659 1784 729 1837 τὰ
758 1778 817 1839 δέ
845 1784 1090 1857 παρόντα
1121 1782 1198 1856 μὴ
1233 1784 1489 1856 βλέπειν;
1524 1784 1633 1839 ἀπὸ
1661 1786 1769 1840 τῶν
1803 1782 2074 1856 βιωτικῶν

486 1881 547 1923 σε
576 1870 656 1933 είς
685 1865 886 1939 ταύτην
912 1870 1201 1937 ἐναγαγεῖν
1230 1869 1562 1940 πειράσομαι
1588 1867 1686 1940 τὴν
1713 1870 1911 1922 πίστιν.
1936 1866 2073 1922 Οὐδέ

486 1953 596 2024 γάρ
633 1953 743 2005 τῶν
778 1956 835 2005 ἐν
885 1952 963 2023 τῷ
997 1952 1188 2022 κόσμῳ
1247 1954 1591 2023 πραγμάτων
1637 1952 1746 2006 τῶν
1794 1953 2074 2024 ἐπικήρων

486 2036 695 2090 τούτων
725 2036 923 2104 ἅψαιτό
942 2054 1026 2099 τις
1057 2035 1123 2088 ἂν
1157 2036 1377 2107 ῥαδίως,
1417 2036 1491 2107 μὴ
1519 2036 1587 2089 τὰ
1617 2037 1799 2107 ἀφανῆ
1828 2037 1931 2107 πρὸ
1965 2036 2074 2089 τῶν

487 2121 738 2190 φανερῶν
767 2121 911 2174 ίδὼν.
936 2116 1062 2173 Οἷόν
1085 2138 1139 2173 τι
1160 2120 1651 2192 λέγωνὈἕμπορος
1683 2121 1943 2191 ὑπομένει
1976 2121 2074 2190 μὲν

485 2204 762 2275 χειμῶνας
810 2204 1039 2268 πολλοὺς
1082 2205 1176 2256 καὶ
1222 2204 1481 2273 κυμάτων
1527 2205 1932 2267 ἐπαναστάσεις
1979 2204 2075 2256 καὶ

487 2289 725 2358 ναυάγια
740 2289 838 2341 καὶ
869 2288 1073 2359 μυρίας
1096 2287 1404 2350 δυσκολίας,
1427 2285 1689 2339 ἀπολαύει
1713 2287 1767 2339 δὲ
1783 2286 1878 2339 καὶ
1907 2287 2073 2339 πλού-

485 2387 580 2425 του
632 2371 773 2443 μετά
808 2373 935 2433 τοὺς
977 2369 1275 2441 χειμῶνας,
1311 2372 1377 2422 τὰ
1421 2370 1619 2441 φορτία
1672 2369 2071 2438 διατιθέμενος,

486 2457 583 2510 καὶ
611 2455 811 2527 πολλὴν
849 2455 1220 2526 ἐργαζόμενος
1250 2455 1657 2525 πραγματείαν.
1712 2455 1851 2507 Ἀλλ’
1887 2456 1934 2507 οἱ
1978 2455 2075 2525 μὲν

485 2537 755 2610 χειμῶνες
787 2539 1063 2610 πρότεροι,
1084 2538 1151 2591 τὰ
1179 2538 1235 2590 δὲ
1266 2539 1460 2608 φορτία
1490 2537 1720 2608 ὕστερα·
1752 2539 1843 2591 καὶ
1874 2537 1942 2591 τὰ
1974 2538 2074 2608 μὲν

488 2621 700 2693 πελάγη
735 2623 831 2675 καὶ
868 2620 934 2674 τὰ
958 2620 1189 2691 κύματα
1204 2620 1452 2690 φαίνεται
1487 2621 1759 2687 ἐξελθόντι
1787 2618 1879 2673 τοῦ
1914 2621 2072 2691 λιμέ-

488 2722 598 2770 νος,
637 2708 671 2777 ἡ
707 2704 948 2776 ἐμπορία
971 2704 1027 2757 δὲ
1057 2705 1117 2757 οὐ
1151 2705 1435 2773 φαίνεται·
1474 2707 1531 2758 ἐν
1575 2701 1755 2758 ἐλπίσι
1789 2703 1899 2776 γάρ
1928 2707 2075 2758 ἐστιν

489 2788 591 2843 ἔτι.
639 2788 778 2841 Ἀλλ’
809 2788 958 2858 ὅμως
984 2787 1049 2841 ἂν
1086 2789 1160 2858 μὴ
1193 2787 1328 2858 πρὸς
1374 2788 1587 2859 ἐκείνην
1619 2786 1703 2861 ίδῃ
1740 2788 1952 2858 πρῶτον
1975 2788 2076 2859 τὴν

488 2871 672 2942 ἀφανῆ
705 2872 802 2924 καὶ
833 2871 908 2941 μὴ
941 2870 1240 2942 παροῦσαν,
1282 2870 1415 2941 μηδέ
1445 2871 1505 2922 ἐν
1533 2870 1721 2941 χερσὶν
1748 2867 1932 2933 οὖσαν,
1961 2863 2075 2925 ἀλλ⁴

491 2959 550 3009 ἐν
585 2956 818 3019 ἐλπίσιν,
852 2955 951 3008 οὐκ
982 2954 1048 3008 ἂν
1078 2954 1278 3024 ἅψαιτο
1303 2954 1508 3008 τούτων
1542 2955 1652 3007 τῶν
1680 2956 1963 3025 παρόντων
1984 2955 2079 3008 καὶ

491 3039 853 3109 φαινομένων.
891 3037 1048 3091 Οὕτω
1077 3038 1173 3091 καὶ
1223 3038 1469 3110 γεωργὸς
1497 3038 1752 3106 ζεύγνυσι
1801 3037 1950 3108 βόας.
1983 3040 2080 3092 καὶ

490 3122 723 3194 ἄροτρον
762 3122 932 3187 ⁹ἐλκει,
983 3122 1079 3176 καὶ
1122 3121 1342 3191 βαθεῖαν
1374 3119 1597 3175 αὔλακα
1637 3122 1953 3192 ἀνατέμνει,
1985 3122 2079 3175 καὶ

492 3205 787 3276 σπέρματα
819 3204 1170 3267 καταϐάλλει,
1208 3205 1303 3258 καὶ
1333 3204 1402 3258 τά
1442 3204 1571 3258 ὅντα
1600 3203 1814 3259 ἅπαντα
1841 3204 2076 3275 δαπανᾷ,

492 3289 588 3343 καὶ
618 3289 828 3360 κρυμὸν
853 3291 948 3344 καὶ
975 3288 1150 3357 πάγον
1181 3288 1272 3342 καὶ
1296 3288 1535 3361 ὄμϐρους
1560 3289 1651 3342 καὶ
1676 3289 1869 3359 ἐτέρας
1890 3290 2079 3360 ἀνέχεο

492 3390 582 3425 ται
624 3372 1000 3443 ταλαιπωρίας
1037 3371 1259 3436 πολλὰς.
1292 3373 1387 3425 καὶ⁵
1411 3373 1551 3443 μετὰ
1582 3373 1673 3426 τὸν
1702 3373 1863 3426 πόνον
1890 3372 2081 3427 τοῦτον

493 3456 766 3527 προσδοκᾷ
801 3455 1059 3526 κομῶντα
1101 3452 1327 3526 δψεσθαι
1356 3457 1423 3509 τά
1465 3454 1609 3527 λήῖα,
1657 3456 1752 3509 καὶ
1783 3455 2078 3529 πεπληρω-

499 3538 668 3609 μένην
698 3539 797 3608 τὴν
824 3532 1023 3593 ἅλωνα.
1068 3538 1231 3610 Ὁρᾷς
1270 3538 1388 3601 πῶς
1432 3540 1527 3592 καὶ
1549 3537 1786 3593 ἐνταῦθα
1815 3540 2080 3613 πρότερος

493 3625 522 3675 ὁ
556 3624 738 3685 πόνος,
758 3623 852 3675 καὶ
879 3621 1016 3692 μετά
1045 3620 1217 3674 ταῦτα
1251 3624 1281 3674 6
1314 3620 1504 3691 μισθός
1525 3638 1539 3651 ·
1575 3621 1670 3674 καὶ
1693 3623 1722 3673 6
1755 3623 1853 3691 μὲν
1890 3623 2082 3693 μισθὸς

493 3705 708 3774 ἄδηλος,
748 3706 776 3757 6
799 3704 855 3757 δὲ
890 3704 1052 3766 πόνος
1074 3703 1233 3774 δῆλος
1269 3705 1369 3757 καὶ
1410 3705 1641 3774 φανερός
1660 3720 1674 3734 ·
1703 3706 1955 3768 κάκεῖνος
1981 3705 2082 3775 μὲν

493 3791 553 3842 ἐν
579 3787 815 3851 ἐλπίσιν,
841 3781 995 3851 οὗτος
1021 3788 1079 3841 δέ
1105 3789 1161 3840 ἐν
1182 3789 1400 3859 χερσίν;
1446 3788 1587 3841 Ἀλλ’
1621 3789 1772 3858 ὅμως
1803 3790 1898 3842 καὶ
1925 3782 2081 3855 οὗτος

494 3872 561 3925 ἂν
596 3872 673 3941 μὴ
697 3871 960 3942 πρότερον
986 3871 1123 3941 πρὸς
1145 3872 1350 3924 ἐκεῖνον
1379 3871 1463 3943 ἴδῃ
1490 3872 1582 3924 τὸν
1606 3872 1800 3943 ἀδηλον
1820 3870 1910 3925 καὶ
1935 3874 2082 3943 ἀφα-

495 3958 560 4027 νῆ
609 3960 701 4009 καὶ
751 3956 825 4026 μὴ
876 3955 1205 4026 βλεπόμενον
1234 3958 1347 4018 τοῖς
1371 3955 1668 4026 ὀφθαλμοῖς
1701 3956 1794 4009 τοῦ
1831 3956 2104 4027 σώματος

500 4040 712 4110 μισθὸν,
738 4038 796 4091 οὐ
827 4039 985 4109 μόνον
1008 4039 1068 4091 οὐ
1108 4037 1287 4102 ζεύξει
1314 4037 1463 4107 βόας,
1499 4039 1622 4092 οὐδὲ
1651 4040 1879 4112 ἄροτρον
1915 4039 2081 4106 ἕλξει,

498 4123 616 4178 οὐδὲ
676 4122 968 4194 σπέρματα
1016 4122 1345 4187 καταϐαλεῖ,
1381 4123 1496 4176 ἀλλ’
1549 4124 1672 4177 οὐδὲ
1726 4124 2082 4196 κινηθήσεται

500 4207 711 4261 ο””κοθεν
758 4207 895 4279 πρὸς
942 4208 1041 4279 τὴν
1092 4208 1356 4280 ἐργασίαν
1409 4207 1614 4278 ταύτην
1654 4209 1803 4262 ποτέ.
1834 4208 1959 4273 Πῶς
1989 4208 2083 4263 03v

499 4290 697 4345 ἄτοπον
730 4293 824 4345 ἐπὶ
872 4292 970 4362 μὲν
1000 4291 1107 4345 τῶν
1148 4292 1420 4362 βιωτικῶν
1464 4291 1813 4363 πραγμάτων
1843 4292 1949 4365 πρὸ
1976 4293 2083 4347 τῶν

500 4376 654 4447 ζόόθ]
702 4375 953 4447 φανερῶν
984 4375 1053 4428 τά
1080 4375 1265 4445 ἀφανῆ
1306 4374 1545 4445 βλέπειν,
1588 4377 1682 4429 καὶ
1712 4376 1816 4447 πρδ
1856 4377 1963 4430 τῶν
1995 4394 2085 4447 μι-

501 4457 646 4510 σθῶν
674 4457 969 4525 ὑπομένειν
997 4458 1124 4521 τοὺς
1155 4457 1369 4519 πόνους,
1393 4457 1487 4510 καὶ
1519 4457 1785 4527 πρότερον
1807 4457 1876 4510 τά
1896 4458 2086 4528 δυσχε-

500 4543 571 4614 ρῆ
605 4543 782 4599 πάντα
811 4541 1098 4612 φέροντας,
1125 4542 1246 4594 τότε
1263 4540 1407 4604 τάἐξ
1437 4541 1616 4593 αὐτῶν
1637 4542 1926 4611 ἀναμένειν
1946 4554 2083 4615 χρη-

500 4630 627 4699 στὰ,
647 4630 742 4682 καὶ
770 4631 891 4693 ταῖς
907 4628 1016 4681 τῶν
1048 4627 1270 4697 ἀφανῶν
1297 4628 1479 4680 ἐλπίσι
1504 4629 1979 4700 προτρεπομένους
1994 4629 2087 4682 οὖ-

497 4729 606 4775 τως
624 4712 891 4765 ἅπτεσθαι
906 4712 1015 4765 τῶν
1042 4712 1291 4783 φανερῶν
1305 4722 1322 4742 ⁸
1355 4714 1447 4766 ἐπὶ
1467 4712 1525 4766 δὲ
1544 4712 1635 4766 τοῦ
1656 4712 1791 4766 Θεοῦ
1816 4714 2086 4779 διστάζειν

501 4797 598 4849 καὶ
641 4794 1029 4864 ἀμφιϐάλλειν,
1060 4795 1157 4848 καὶ
1202 4794 1310 4865 πρὸ
1357 4794 1466 4848 τῶν
1494 4796 1670 4850 πόνων
1701 4796 1958 4850 ἀπαιτεῖν
1987 4796 2088 4859 τὰς

501 4878 757 4948 ἀμοιϐὰς,
795 4880 892 4931 καὶ
917 4878 1180 4948 γεωργῶν
1211 4878 1308 4930 καὶ
1337 4878 1554 4931 ναυτῶν
1588 4880 2087 4951 μικροψυχοτέρους

503 4960 829 5031 φαίνεσθαι;
865 4962 938 5014 Οὐ
972 4962 1081 5032 γὰρ
1121 4961 1184 5026 δὴ
1224 4960 1384 5031 μόνον
1426 4960 1570 5014 κατά
1593 4961 1753 5015 τοῦτο
1783 4962 1962 5017 αὐτῶν
1984 4980 2089 5033 φας

503 5045 741 5114 νούμεθα
782 5045 1016 5115 χείρους,
1047 5044 1408 5114 ἀσχάλλοντες
1441 5045 1577 5117 πρὸς
1613 5044 1672 5097 τὸ
1708 5045 1920 5115 μέλλον,
1952 5046 2090 5100 ἀλλὰ

504 5132 598 5184 καὶ
623 5131 744 5183 καθ’
775 5129 961 5201 ἓτερον
978 5130 1078 5182 οὐκ
1106 5129 1326 5183 ἔλαττον
1352 5128 1568 5184 τούτου.
1628 5130 1785 5183 Ποῖον
1806 5130 1869 5201 δὴ
1896 5132 2086 5196 τοῦτος

506 5215 627 5268 Ὀτι
659 5216 856 5268 ἐκεῖνοι
886 5213 985 5285 μὲν
1019 5212 1139 5266 οὐδέ
1180 5215 1311 5285 περὶ
1341 5213 1433 5266 τοῦ
1468 5214 1654 5276 τέλους
1686 5214 1909 5286 θαρρεῖν
1943 5216 2091 5287 ἔχον-

504 5314 595 5361 τες
624 5298 865 5361 πάντως,
895 5296 1017 5350 οὐδέ
1042 5296 1184 5349 οὕτω
1205 5297 1313 5350 τῶν
1341 5299 1517 5351 πόνων
1543 5299 1870 5367 ἀφίστανται
1896 5318 1909 5331 ο
1945 5306 2007 5354 σύ
2032 5302 2089 5356 δὲ

505 5383 819 5448 ἀξιόπιστον
850 5380 959 5434 τῶν
990 5380 1271 5450 στεφάνων
1306 5380 1443 5450 ἔχων
1472 5383 1769 5454 ἐγγυητὴν,
1799 5382 1920 5437 οὐδέ
1949 5385 2092 5439 οὕτω

513 5467 650 5535 μιμῇ
684 5466 782 5537 τὴν
826 5465 1050 5519 ἐκείνων
1090 5464 1409 5535 κιρτερίαν.
1470 5465 1529 5518 Ὁ
1575 5468 1673 5536 μὲν
1715 5468 1824 5539 γὰρ
1845 5470 2093 5538 γεωργὸς

511 5547 771 5610 πολλάκις
803 5549 940 5617 μετά
967 5548 1029 5601 τὸ
1054 5549 1124 5602 τὰ
1156 5549 1443 5620 σπέρματα
1480 5551 1830 5616 καταϐαλεῖν,
1868 5555 1961 5606 καὶ
1999 5554 2090 5607 θε-

513 5628 783 5701 ραπεῦσαι
825 5631 925 5700 τὴν
964 5631 1086 5700 γῆν,
1129 5632 1222 5685 καὶ
1271 5631 1528 5701 κομῶντα
1575 5635 1644 5686 τά
1680 5633 1806 5704 λήῖα
1858 5636 2004 5701 ἰδεῖν,
2056 5637 2089 5709 ἢ

512 5711 777 5784 χαλάζης,
806 5712 839 5781 ἢ
874 5713 1150 5783 ἐρυσίϐης,
1185 5715 1220 5785 ἢ
1258 5715 1503 5786 ἀκρίδος,
1536 5716 1570 5785 ἢ
1619 5718 1785 5787 ἄλλης
1813 5720 1957 5785 τινὸς
1983 5739 2095 5774 τοι·

510 5795 686 5865 δύτης
719 5793 1103 5864 ἐπενεχθείσης
1133 5797 1367 5868 πληγῆς,
1398 5798 1618 5863 ἐξέπεσε
1651 5801 1749 5870 τῆς
1781 5803 1888 5856 τῶν
1918 5805 2094 5860 πόνων

1189 362 1246 413 S.
1285 358 1574 414 JOANNIS
1604 355 2097 414 CHRYSOSTOMI
2135 358 2454 417 ARCIHEP.
2496 360 3043 421 CONS'I'ANTINOP.
3644 364 3721 424 θ

2172 474 2431 545 ἀμοιϐῆς,
2492 478 2586 531 καὶ
2639 476 2779 547 μετά
2834 477 2961 538 τοὺς
3014 474 3238 538 πολλοὺς
3285 475 3512 547 ἱδρῶτας
3566 482 3749 541 κεναῖς

2172 564 2353 617 οἴκαδε
2393 565 2723 635 ὑποστρέφει
2751 565 2927 637 χερσί.
2975 566 3085 618 Καὶ
3112 566 3142 617 6
3181 565 3419 635 ἔμπορος
3455 566 3513 619 δέ
3564 568 3757 629 πάλιν,
3798 608 3803 611 ν

2177 654 2314 723 μετά
2357 654 2419 707 τὸ
2470 654 2783 725 διαδραμεῖν
2839 654 2973 707 πολὺ
3020 653 3254 720 πέλαγος
3312 655 3751 726 πεπληρωμένην

2173 740 2321 809 ἄγων
2354 742 2452 812 τὴν
2478 741 2700 806 ὁλκάδα,
2732 742 2868 813 πρὸς
2896 739 3028 796 αὐτὸ
3053 742 3313 807 πολλάκις
3354 744 3415 796 τὸ
3454 745 3628 814 στόμα
3654 744 3747 798 τοῦ

2173 829 2393 900 λιμένος
2424 830 2774 901 ἐμπεσόντων
2802 829 3017 900 ἀνέμων
3042 830 3291 900 σκοπέλῳ
3331 833 3439 884 τινὶ
3473 831 3752 903 προσαράδ

2175 916 2291 983 ξας.
2327 917 2479 988 μόλις
2522 917 2711 987 ἐξῆλθε
2756 916 2818 970 16
2866 917 3026 986 σῶμα
3066 916 3335 981 διασώσας
3365 918 3589 989 γυμνός.
3641 920 3751 974 Καὶ

2177 1006 2267 1058 ἐπί
2311 1004 2530 1058 πάντων
2577 1004 2762 1069 ἀπλῶς
2791 1005 2901 1058 τῶν
2949 1005 3216 1074 βιωτικῶν
3257 1005 3456 1069 πολλάς
3493 1005 3758 1070 πολλάκις

2176 1093 2315 1160 πρὸς
2345 1091 2423 1163 τῷ
2449 1092 2593 1146 τέλει
2629 1092 2915 1164 συμφορὰς
2940 1092 3194 1156 τοιαύτας
3227 1092 3544 1164 συμϐαίνειν
3570 1093 3738 1157 εἰκός,

2189 1180 2312 1233 Ἐπὶ
2339 1181 2395 1234 δὲ
2423 1180 2532 1233 τῶν
2560 1179 2785 1248 ἀγώνων
2818 1180 2925 1234 τῶν
2957 1180 3065 1233 σῶν
3097 1180 3198 1234 οὐκ
3230 1180 3345 1234 ἐστι
3391 1179 3580 1234 τοῦτο’
3620 1180 3753 1236 ἀλλά

2177 1268 2389 1339 ἀνάγκη
2415 1268 2631 1332 πάντως
2650 1268 2740 1322 τὸν
2764 1269 3195 1339 ἀγωνισάμενον,
3220 1269 3310 1321 τὸν
3336 1268 3634 1340 σπείραντα
3655 1269 3754 1338 τὴν

2177 1354 2485 1418 εὐσέϐειαν,
2518 1356 2614 1409 καὶ
2640 1355 2866 1419 πολλοὺς
2897 1354 3191 1424 ἐνεγκόντα
3224 1355 3437 1419 πόνους,
3479 1357 3755 1427 ἐπιτυχεῖν

2177 1446 2271 1500 τοῦ
2295 1446 2499 1509 τέλους.
2535 1446 2611 1500 Οὐ
2638 1446 2746 1517 γὰρ
2776 1445 2952 1516 ἀέρων
2982 1444 3337 1516 ἀνωμαλίαις,
3364 1444 3484 1498 οὐδὲ
3509 1448 3753 1517 πνευμά-

2178 1552 2283 1588 των
2316 1536 2519 1605 ρύμαις
2551 1533 2657 1587 τῶν
2699 1533 2876 1587 πόνων
2903 1533 3105 1587 τούτων
3134 1534 3227 1597 τὰς
3257 1533 3490 1605 ἀμοιϐὰς
3533 1534 3760 1606 ἐπέτρε-

2177 1619 2277 1690 ψεν
2305 1623 2334 1674 6
2371 1620 2528 1684 Θεός·
2565 1619 2680 1673 ἀλλ’
2706 1622 2763 1673 ἐν
2784 1622 2894 1684 τοῖς
2920 1620 3169 1691 οὐρανοῖς
3200 1621 3539 1685 ἀπόκεινται,
3570 1623 3625 1677 ἐν
3646 1625 3758 1687 τοῖς

2179 1708 2398 1773 ἀσύλοις
2428 1707 2740 1780 θησαυροῖς.
2772 1707 2870 1761 Διά
2905 1708 3065 1761 τοῦτο
3097 1709 3189 1761 καὶ
3215 1710 3243 1761 ὁ
3285 1706 3491 1774 Παῦλος
3531 1710 3716 1779 ἔλεγεν
3740 1727 3755 1740 ·

2192 1797 2260 1852 Ἢ
2286 1798 2492 1865 θλῖιερις
2513 1794 2831 1865 ὑπομονὴν
2868 1794 3294 1866 κατεργάζεται.
3324 1799 3367 1866 ἠ
3391 1798 3460 1851 δὲ
3483 1799 3756 1869 ὑπομονὴ

2180 1885 2456 1955 δοκιμὴν,
2510 1887 2547 1954 ἠ
2590 1885 2658 1939 δὲ
2686 1882 2901 1955 δοκιμὴ
2960 1884 3199 1948 ἐλπίδα,
3252 1885 3291 1953 ἡ
3342 1885 3411 1939 δὲ
3456 1887 3634 1953 ἐλπίς
3686 1890 3765 1942 οὐ

2180 1975 2586 2043 καταισχύνει.
2636 1973 2728 2046 Μὴ
2775 1972 2956 2026 τοίνυν
2994 1973 3153 2045 εἴπῃς
3191 1974 3273 2027 ὅτι
3317 1975 3497 2046 ἀφανῆ
3524 1975 3591 2030 τὰ
3635 1977 3764 2047 μέλ·-

2179 2064 2370 2117 λοντα·
2411 2065 2461 2116 εἰ
2493 2065 2600 2134 γὰρ
2631 2062 2950 2133 βουληθείης
2986 2063 3123 2131 μετά
3155 2062 3442 2132 ἀκριϐείας
3486 2063 3763 2130 ἐξετάσαι,

2179 2150 2288 2204 τῶν
2339 2152 2398 2203 ἐν
2443 2151 2630 2221 χερσίν
2671 2154 2788 2204 ἐστι
2833 2153 2966 2207 πολύ
3017 2152 3393 2221 φανερώτερα.
3440 2153 3552 2204 Καὶ
3607 2151 3769 2205 τοῦτο

2180 2238 2313 2292 αὐτὸ
2367 2239 2528 2292 πάλιν
2577 2238 2983 2307 ἐνδεικνύμενος
3027 2241 3159 2310 ἡμῖν
3201 2238 3486 2303 όΠαῦλος,
3542 2238 3618 2294 Τὰ
3645 2240 3770 2307 μὲν

2180 2324 2386 2380 αἰώνια
2421 2325 2594 2389 καλεῖ,
2631 2326 2702 2380 τὰ
2739 2326 2808 2378 δὲ
2835 2325 3188 2394 πρόσκαιρα,
3220 2325 3299 2396 τῷ
3336 2326 3655 2398 προσκαίρῳ
3703 2327 3769 2379 τὸ

2182 2413 2420 2485 φθαρτὸν
2451 2412 2632 2466 αὐτῶν
2669 2412 2862 2484 δηλῶν.
2889 2414 3023 2484 Πρὶν
3049 2414 3082 2485 ἢ
3124 2414 3231 2485 γὰρ
3261 2414 3496 2485 φανῆναι
3528 2415 3768 2483 ἀφίπτα-

2179 2520 2301 2565 ται,
2362 2503 2458 2557 καὶ
2512 2502 2805 2574 ἀποτρέχει
2833 2503 2970 2574 πρὶν
3006 2503 3317 2573 ἐπιστῆναι,
3352 2503 3446 2555 καὶ
3472 2499 3774 2573 ὀξύρροπος

2185 2591 2283 2663 μὲν
2336 2590 2513 2645 αὐτῶν
2567 2593 2622 2645 αἱ
2685 2591 3002 2663 μεταϐολαὶ,
3071 2593 3298 2655 ἄπιστος
3344 2591 3402 2644 δὲ
3459 2592 3493 2660 ἠ
3549 2591 3771 2661 κτῆσις.

2182 2680 2353 2736 Τοῦτο
2381 2683 2475 2736 καὶ
2510 2682 2600 2736 ἐπὶ
2630 2681 2859 2736 πλούτου
2882 2684 2980 2736 καί
3007 2682 3165 2754 δόξης
3186 2684 3279 2736 καὶ
3301 2682 3643 2743 δυναστείας,
3669 2683 3771 2735 καὶ

2182 2770 2277 2823 ἐπὶ
2323 2770 2419 2841 τῆς
2470 2770 2580 2823 τῶν
2629 2769 2901 2839 σωμάτων
2952 2770 3285 2841 εὐμορφίας,
3326 2768 3483 2823 τοῦτο
3540 2770 3631 2823 καὶ¹
3675 2769 3773 2822 ἐπὶ

2186 2859 2378 2933 ρώμης
2405 2860 2499 2914 καὶ
2520 2861 2611 2914 ἐπὶ
2636 2861 2743 2914 τῶν
2768 2860 2943 2915 ἀλλων
2978 2860 3165 2924 ἁπλῶς
3197 2860 3305 2913 τῶν
3337 2859 3604 2930 βιωτικῶν
3630 2877 3694 2911 συ
3702 2876 3771 2928 μ-

2184 2949 2367 3001 ϐαῖνον
2404 2948 2502 3002 ίδοι
2533 2964 2614 3012 τις
2646 2950 2732 3002 ἄν.
2774 2951 2873 3001 Διά
2904 2947 3064 3002 τοῦτο
3094 2949 3188 3002 καὶ
3231 2950 3259 3001 ό
3287 2948 3571 3020 προφήτης
3617 2963 3771 3016 κωμ-

2183 3037 2336 3109 ῳδῶν
2363 3038 2489 3101 τούς
2521 3037 2843 3109 τρυφῶντας
2864 3037 2957 3091 καὶ
2984 3038 3109 3108 περὶ
3128 3037 3384 3109 χρήματα
3413 3035 3771 3106 μαινομένους

2185 3126 2278 3177 καὶ
2316 3125 2413 3196 τὴν
2442 3124 2607 3198 ἀλλην
2635 3126 2852 3179 ἅπασαν
2887 3125 3211 3195 φαντασίαν,
3247 3125 3340 3191 Ὠς
3377 3123 3627 3188 ἑστῶτα,
3666 3140 3772 3194 φη-

2187 3213 2698 3284 σὶν,.ἑλογίσαντο
2746 3214 2954 3278 ταῦτα,
3007 3214 3106 3267 καί
3157 3216 3270 3281 οὺχ
3318 3213 3396 3279 ὡς
3445 3214 3766 3283 φεύγοντα.

2188 3302 2397 3373 Ὥσπερ
2447 3302 2558 3373 γάρ
2606 3304 2765 3366 σκιᾶς
2817 3302 2918 3355 οὐκ
2969 3301 3118 3355 ἐστιν
3169 3299 3543 3364 ἐπιλαϐέσθαι,
3598 3299 3770 3362 οὕτως

2185 3389 2305 3443 οὐδὲ
2354 3390 2462 3465 τῶν
2519 3390 2791 3461 βιωτικῶν
2840 3391 3214 3462 πραγμάτων·
3251 3388 3385 3443 ἀλλά
3436 3388 3506 3442 τὰ
3558 3390 3655 3460 μὲν

2184 3478 2410 3550 τελευτῇ
2468 3478 2820 3541 καταλύεται,
2857 3479 2925 3532 τά
2978 3479 3034 3532 δὲ
3081 3479 3175 3531 καὶ
3219 3476 3324 3549 πρὸ
3363 3476 3462 3548 τῆς
3512 3476 3771 3545 τελευτῆς

2187 3567 2492 3638 χειμάρρου
2531 3567 2729 3630 παντὸς
2767 3565 3231 3638 ὀξυρρεπέστερον
3268 3567 3562 3637 παραρρεῖ.
3600 3564 3681 3617 Td:
3712 3563 3769 3617 δέ

2190 3653 2453 3724 μέλλοντα
2498 3655 2559 3707 οὐ
2593 3653 2849 3707 τοιαῦτα·
2902 3654 3003 3706 οὐκ
3040 3648 3147 3706 οἶδε
3197 3653 3306 3724 γὰρ
3353 3650 3673 3722 μεταϐολὴν,
3706 3653 3770 3704 οὐ

2186 3740 2650 3813 δέχεταιτροπὴν,
2689 3740 2790 3794 οὐκ
2824 3740 3113 3794 ἐπίσταται
3143 3741 3340 3812 γῆρας,
3372 3741 3469 3794 οὐκ
3506 3740 3617 3810 ἔχει
3645 3740 3773 3792 τινα

2189 3829 2493 3894 ἀλλοίωσιν,
2526 3829 2640 3883 ἀλλ’
2664 3830 2903 3901 ἀκμάζει
2928 3829 3214 3900 διηνεκῶς,
3244 3829 3336 3882 καὶ
3366 3830 3457 3881 ἐπὶ
3478 3828 3573 3898 τῆς
3600 3828 3770 3896 αὐτῆς

2187 3917 2523 3990 εὐπρεπείας
2575 3919 2746 3989 μένει.
2803 3918 2964 3971 Ὥστε
3012 3920 3063 3970 εί
3106 3917 3187 3970 δεῖ
3232 3916 3412 3986 ἀφανῆ
3457 3918 3553 3969 καὶ
3599 3915 3771 3985 ἄδηλα

2189 4010 2364 4062 εἰπεῖν
2394 4010 2489 4061 καὶ⁵
2518 4008 2740 4072 ἄπιστα,
2766 4007 2835 4061 τά
2860 4008 3103 4080 παρόντα
3131 4008 3212 4060 δεῖ
3235 4007 3415 4075 λέγειν
3443 4007 3771 4078 πράγματα,

2189 4095 2283 4150 καὶ
2319 4094 2393 4167 μὴ
2427 4086 2812 4167 παραμένοντα
2851 4099 2964 4160 τοῖς
3023 4095 3399 4165 κεκτημένοις,
3458 4094 3607 4167 [451]
3655 4094 3768 4147 ἀλλ’

2188 4184 2486 4254 ἀμείϐοντα
2518 4186 2643 4248 τοὺς
2682 4185 2969 4251 δεσπότας,
2999 4185 3095 4237 καὶ
3134 4183 3257 4237 καθ’
3290 4185 3528 4253 ἑκάστην
3558 4185 3770 4255 ἡμέραν

2189 4272 2299 4326 ἀπὸ
2342 4272 2534 4325 τούτου
2585 4272 2721 4343 πρὸς
2771 4272 2958 4342 ἓτερον
3013 4271 3425 4343 μεταπηδῶντα,
3476 4273 3570 4325 καὶ
3611 4272 3708 4326 πά)
3725 4289 3771 4324 ιν

2190 4361 2283 4414 ἀπ’
2334 4359 2544 4414 ἐκείνου
2581 4360 2718 4430 πρὸς
2749 4359 2926 4414 ἀλλον.
2985 4359 3169 4413 Ταῦτα
3207 4360 3272 4431 δὴ
3309 4357 3485 4413 πάντα
3528 4359 3774 4430 δηλώσας

2190 4450 2321 4519 ἡμῖν
2372 4449 2402 4500 6
2448 4447 2679 4512 Παῦλος,
2733 4447 2828 4501 καὶ⁵
2881 4447 2972 4500 διὰ
3032 4446 3191 4501 τοῦτο
3239 4445 3310 4500 τὰ
3379 4448 3477 4518 μὲν
3531 4447 3773 4521 παρόντα

2193 4538 2525 4609 πρόσκαιρα,
2545 4537 2614 4591 τά
2645 4540 2702 4590 δὲ
2739 4537 2999 4608 μέλλοντα
3022 4538 3213 4591 αἰώνια
3246 4536 3500 4601 καλέσας,
3526 4537 3617 4590 τὸν
3647 4540 3771 4608 περὶ

2189 4630 2286 4698 τῆς
2337 4629 2684 4692 ἀναστάσεως
2725 4630 2865 4681 κινεῖ
2899 4627 3075 4697 λόγον,
3105 4627 3247 4681 οὕτω
3275 4627 3449 4697 λέγων
3471 4644 3485 4658 ·
3516 4626 3773 4697 Οἴδαμεν

2190 4718 2302 4785 τὰρ
2341 4716 2429 4769 ὅτι
2463 4716 2572 4770 ἐὰν
2607 4718 2645 4784 ἠ
2677 4716 2939 4786 ἐπίγειος
2968 4717 3136 4783 ἡμῶν
3164 4716 3323 4769 οἰκία
3355 4714 3460 4768 τοῦ
3500 4716 3775 4784 σκήνους

2192 4803 2523 4871 καταλυθῇ,
2548 4804 2744 4857 οὶκίαν
2774 4806 2843 4858 ἐκ
2878 4804 3025 4858 Θεοῦ
3048 4803 3269 4873 ἔχομεν
3297 4802 3771 4873 ἀχειροποίητον,

2193 4891 2436 4946 αἰώνιον
2458 4892 2528 4944 ἐν
2556 4891 2679 4957 τοῖς
2713 4891 3009 4960 οἰιοανοῖς.

2267 5059 2497 5129 ς’.”ορα
2521 5056 2682 5110 πάλιν
2707 5055 2800 5108 καὶ
2819 5052 3051 5107 ἐνταῦθα
3073 5052 3189 5114 πῶς
3210 5054 3327 5116 ταῖς
3349 5051 3557 5117 λέξεσιν
3581 5051 3776 5122 κέχρη·

2193 5157 2282 5196 ται
2310 5143 2532 5213 κυρίως,
2551 5140 2621 5193 δι’
2642 5139 2823 5192 αὐτῶν
2849 5138 2958 5192 τῶν
2986 5137 3265 5207 ὀνομάτων
3293 5137 3393 5207 τὴν
3420 5136 3648 5206 δύναμιν
3674 5139 3767 5205 ἐμ-

2197 5228 2403 5296 φαίνων
2421 5224 2529 5279 τῶν
2545 5225 2851 5295 νοημάτων.
2879 5224 2953 5277 Οὐ
2974 5223 3084 5294 γάρ
3108 5222 3295 5285 ἁπλῶς
3317 5221 3512 5291 σκῆνος
3530 5222 3590 5274 τὸ
3618 5220 3773 5291 σῶμα

2194 5309 2471 5371 ἐκάλεσεν,
2502 5308 2637 5361 ἀλλά
2668 5308 2729 5360 τὸ
2776 5308 3112 5378 πρόσκαιρον
3153 5306 3253 5375 τῆς
3299 5304 3581 5375 παρούσης
3629 5303 3773 5373 ζωῆς

2196 5395 2325 5463 ἡμῖν
2361 5390 2786 5462 ἐνδεικνύμενος,
2813 5393 2908 5444 καὶ
2935 5391 3033 5461 τὴν
3079 5390 3172 5443 ἐπὶ
3200 5388 3262 5441 τὸ
3300 5387 3506 5459 βέλτιον
3545 5386 3776 5456 μεταϐο-

2194 5475 2292 5547 λὴν
2321 5475 2524 5545 δηλῶν,
2564 5476 2846 5545 μονονουχὶ
2893 5474 3068 5541 λέγων
3088 5490 3099 5503 ⁸
3131 5470 3196 5524 Τί
3241 5468 3520 5533 στενάζεις
3552 5470 3646 5523 καὶ
3679 5468 3773 5522 δα-

2196 5558 2413 5626 κρύεις,
2462 5558 2747 5627 άγαπητὲ,
2795 5558 2875 5610 ὃτι
2923 5557 3105 5627 τύπτῃ
3159 5555 3254 5608 καὶ
3304 5552 3504 5626 ἐλαύνῃ
3559 5553 3653 5605 καὶ
3696 5554 3776 5616 είς

2200 5643 2571 5714 δεσμωτήριον
2600 5641 2931 5712 ἐμπίπτεις;
2980 5641 3032 5695 τί
3060 5639 3279 5711 θρηνεῖς
3313 5638 3413 5702 τάς
3436 5638 3577 5690 κατὰ
3613 5636 3775 5708 μέρος

2197 5726 2402 5788 ταύτας
2434 5723 2728 5788 κακώσεις,
2759 5723 2991 5792 ὀφείλων
3038 5724 3139 5793 τὴν
3191 5723 3483 5792 ὀλόκληρον
3520 5718 3772 5788 δέξασθαι

2199 5809 2495 5865 κατάλυσιν
2542 5807 2636 5862 τοῦ
2687 5806 2937 5878 σώματος
2957 5823 2970 5836 ’
3005 5806 3205 5879 μᾶλλον
3232 5806 3287 5860 δὲ
3318 5806 3415 5876 οὐχ
3460 5804 3645 5867 ἁπλῶς
3678 5802 3769 5859 τοῦ
