4130 6440
494 480 656 549 igitur
685 476 834 543 dicit,
867 474 1074 547 pondus
1098 473 1307 546 εισι-επ,
1336 471 1755 543 magnitudinem
1779 467 1968 541 gloriae
2000 466 2084 522 di-

493 571 587 624 cit.
616 568 697 624 Ne
719 568 823 623 hoc
858 577 1094 636 reputes,
1126 566 1317 636 inquit,
1347 563 1489 636 quod
1518 560 1805 633 llagellaris
1825 567 1880 615 et
1902 560 2087 629 expel-

494 659 643 723 leris,
669 658 766 714 sed
797 658 972 729 potius
991 658 1162 727 cogita
1190 671 1417 712 coronas
1440 666 1489 711 ct
1515 654 1917 719 retributiones,
1943 653 2086 723 quod

495 753 602 807 illa:
630 753 919 824 longiores,
952 753 1183 820 majores
1206 762 1262 806 et
1289 752 1548 805 clariores
1572 749 1682 804 sint
1707 745 2083 816 prmsentibus,

494 845 806 915 nullumque
844 844 1002 900 linem
1048 844 1296 906 habeant,
1330 851 1422 897 aut
1462 841 1768 896 terminum.
1801 842 1872 893 At
1916 838 2082 904 enim,

497 938 688 1007 inquit,
726 935 841 990 haec
863 936 971 1005 jam
1002 934 1326 1007 experimur,
1359 933 1446 987 illa
1474 947 1601 986 vero
1628 930 1681 984 in
1719 945 1816 998 spe
1841 939 1964 984 sunt
1992 944 2085 998 po-

495 1033 597 1082 sita
628 1046 641 1083 :
673 1036 729 1082 et
755 1026 873 1081 lucc
906 1025 1119 1097 quidem
1151 1033 1428 1094 apparent,
1472 1022 1559 1076 illa
1590 1036 1719 1076 vero
1765 1036 1870 1074 non
1913 1034 2083 1088 appa-

494 1130 636 1186 rent,
679 1119 773 1175 sed
817 1120 1032 1174 excelsa
1070 1117 1424 1186 sublimiaque
1467 1122 1610 1168 sunt.
1645 1113 1758 1167 lmo
1798 1110 2081 1166 invisibilia

500 1211 671 1265 multo
696 1211 863 1280 magis
891 1196 1169 1281 apparent,
1206 1222 1363 1277 quam
1388 1205 1633 1269 visibilia,
1666 1204 1966 1273 poterisque
1994 1203 2084 1257 illa

494 1302 665 1373 magis
689 1302 892 1369 videre,
919 1315 1075 1371 quam
1121 1299 1277 1354 ltmc:
1324 1297 1439 1352 luce
1483 1311 1629 1352 entm
1668 1302 1963 1359 transeunt,
1996 1293 2080 1347 illa

491 1402 671 1448 autem
719 1400 1056 1463 permanent.
1103 1392 1397 1461 Eapropter
1438 1387 1585 1443 addit
1622 1385 1803 1441 :Dum
1842 1402 1936 1440 nos
1982 1401 2085 1439 non

490 1494 779 1554 spectamus
802 1501 861 1538 ea
885 1498 999 1555 quae
1011 1483 1264 1546 videntur,
1294 1481 1382 1535 sed
1401 1495 1517 1550 qute
1543 1495 1644 1533 non
1672 1478 1904 1532 uidentur
1925 1493 1945 1533 :
1971 1492 2084 1549 quae

491 1579 629 1631 enim
675 1576 925 1639 videmur,
964 1575 1262 1644 temporalia
1288 1589 1307 1628 :
1329 1589 1443 1646 qua:
1479 1588 1581 1626 non
1616 1572 1864 1635 ridentur,
1894 1581 2084 1625 (uena

490 1678 609 1723 sunt
634 1669 709 1739 (2.
739 1668 856 1723 Cor.
885 1670 939 1724 4.
972 1666 1086 1741 18).

565 1761 627 1821 5.~
660 1762 730 1814 At
755 1761 799 1815 si
839 1759 1064 1824 dixeris,
1096 1757 1376 1827 Quomodo
1420 1772 1637 1827 possum
1667 1754 1848 1810 videre
1875 1769 1937 1809 ea
1963 1770 2083 1825 qua:

493 1866 601 1905 non
633 1851 896 1918 videntur,
924 1858 981 1908 et
1005 1866 1068 1905 ea
1099 1865 1218 1921 qua:
1249 1850 1528 1919 praesentia
1555 1856 1698 1915 sunt,
1726 1863 1831 1904 non
1865 1848 2083 1903 videre?

490 1960 521 1995 ιι
550 1943 893 1997 saecularibus
919 1941 1147 2011 negotiis
1188 1952 1237 1995 te
1262 1941 1328 1995 ad
1356 1941 1493 1995 hanc
1522 1941 1679 1996 tidem
1709 1940 1964 1995 inducere
1991 1955 2080 1994 sa-

492 2044 688 2105 tagam.
724 2034 856 2088 Nam
887 2034 940 2088 in
982 2034 1142 2089 rebus
1173 2032 1329 2102 hujus
1365 2030 1546 2086 mundi
1590 2047 1748 2086 nemo
1774 2032 1954 2085 statim
1981 2031 2082 2084 ali-

492 2124 622 2195 quid
660 2125 788 2195 agit,
836 2125 939 2179 nisi
997 2125 1300 2194 priusquam
1352 2124 1528 2178 videat
1576 2123 1823 2187 visibilia,
1879 2130 2082 2191 spectet

494 2214 801 2270 invistbilia.
830 2216 1012 2270 Dicam
1050 2224 1226 2269 autem
1253 2216 1554 2285 exemplum
1582 2233 1597 2270 ε
1625 2215 1922 2285 negotiator
1943 2215 2082 2269 mul-

495 2319 579 2363 tas
623 2307 728 2364 fert
774 2316 1142 2379 tempestates,
1189 2306 1443 2363 fluctuum
1492 2307 1740 2372 insultus,
1786 2307 2078 2378 naufragia,

494 2401 764 2469 multaque
789 2400 891 2454 alia
923 2399 1259 2455 incommoda
1288 2416 1301 2453 :
1337 2382 1523 2455 veruin
1567 2415 1673 2454 non
1705 2399 1806 2453 nisi
1835 2415 1955 2454 cum
1984 2414 2081 2454 ne-

491 2494 839 2564 gotiationem
869 2494 1197 2565 aliquamdiu
1225 2494 1547 2560 exercuerit,
1584 2502 1641 2549 et
1664 2509 1873 2550 merces
1899 2494 2084 2549 vendi-

492 2585 653 2651 derit,
701 2584 901 2640 divitiis
945 2585 1112 2656 partis
1158 2584 1368 2640 fruitur.
1422 2587 1487 2640 Et
1528 2585 1838 2656 praecedunt
1865 2586 2080 2657 quidem

495 2687 854 2748 tempestates,
898 2688 1195 2749 sequuntur
1219 2687 1396 2733 autem
1428 2693 1638 2733 merces
1672 2697 1685 2732 :
1717 2686 1772 2734 et
1802 2678 1944 2733 videt
1968 2680 2085 2748 qui-

490 2769 612 2823 dem
642 2769 862 2840 pelagus
901 2784 965 2824 ac
998 2769 1210 2837 ﬂuctus,
1252 2785 1373 2824 cum
1420 2786 1451 2825 e
1477 2771 1630 2826 litore
1664 2771 1843 2838 solvit,
1876 2786 2084 2827 merces

491 2870 668 2915 autem
686 2876 790 2915 non
813 2861 1079 2926 videntur,
1114 2870 1318 2916 tantum
1342 2871 1520 2916 autem
1550 2872 1855 2932 sperantur.
1884 2865 1951 2916 At
1982 2861 2083 2916 nisi

491 2951 557 3006 ad
586 2966 704 3006 eam
735 2953 1006 3022 respiciat,
1038 2970 1157 3023 quae
1186 2969 1313 3007 non-
1336 2961 1557 3024 apparet
1582 2963 1638 3008 et
1669 2954 1863 3008 absens
1893 2962 1995 3019 est,
2028 2961 2084 3008 et

492 3056 597 3096 non
627 3043 678 3096 in
707 3058 890 3109 manu,
916 3044 1008 3100 sed
1037 3044 1090 3097 in
1121 3060 1237 3113 spe,
1267 3060 1553 3114 numquam
1593 3046 1754 3100 etiam
1797 3045 2081 3115 praesentia

490 3141 546 3186 et
571 3148 689 3203 qua:
724 3143 982 3204 apparent
1007 3134 1307 3190 attentabit.
1340 3133 1602 3191 Similiter
1623 3144 1679 3191 et
1701 3136 1932 3206 agricola
1949 3136 2081 3206 jun-

488 3224 569 3294 git
616 3224 799 3289 boves,
852 3227 1013 3280 trahit
1040 3226 1316 3292 ‘aratrum,
1367 3227 1658 3298 profundos
1706 3229 1834 3284 facit
1878 3230 2079 3296 sulcos,

489 3319 797 3388 seminaque
826 3320 1046 3389 spargit,
1071 3329 1125 3374 et
1156 3322 1358 3385 omnia,
1385 3337 1506 3391 qua:
1534 3321 1634 3376 sibi
1659 3331 1804 3388 sunt,
1836 3323 2090 3391 insumit,‘

488 3417 544 3461 et
565 3406 780 3478 frigora,
813 3418 868 3464 et
893 3410 1107 3480 glacies,
1136 3421 1190 3466 et
1214 3411 1431 3476 imbres,
1454 3422 1507 3467 et
1531 3413 1663 3467 alias
1687 3412 1790 3469 fert
1812 3428 2081 3470 terumnas

494 3501 683 3555 multas
712 3516 725 3555 :
757 3502 1076 3573 tandemque
1112 3515 1230 3573 post
1258 3504 1471 3558 labores
1494 3513 1789 3575 exspectat,
1820 3515 1877 3560 ut
1904 3506 2083 3561 videat

490 3607 708 3662 campos
734 3594 966 3650 virentes
986 3604 1043 3649 et
1074 3596 1283 3665 plenam
1308 3611 1510 3651 aream.
1534 3597 1612 3651 En
1634 3608 1688 3652 et
1710 3597 1797 3652 hic
1826 3598 1973 3669 prior
1996 3609 2080 3654 est

498 3686 665 3753 labor,
730 3690 998 3757 posterior
1037 3706 1165 3746 vero
1212 3706 1461 3746 merces:
1498 3701 1550 3746 et
1596 3707 1806 3747 merces
1853 3692 2076 3760 incerta,

494 3778 646 3834 labor
677 3797 805 3836 vero
830 3791 1008 3838 certus
1043 3792 1096 3840 et
1125 3785 1436 3840 manifestus
1464 3803 1478 3841 :
1510 3793 1566 3841 et
1591 3786 1679 3840 illa
1708 3786 1925 3857 quidem
1957 3796 2076 3840 tan-

489 3874 673 3928 tumin
708 3890 823 3945 spe,
848 3876 1001 3932 labor
1024 3886 1200 3933 autem
1229 3879 1281 3933 in
1304 3880 1581 3935 ’manibus.
1608 3878 1988 3936 Verumtamen
2025 3889 2078 3936 et

492 3963 607 4033 ipse
653 3965 753 4021 nisi
786 3967 1012 4035 primum
1054 3970 1190 4023 hanc
1232 3978 1456 4041 spgctet,
1484 3986 1623 4041 ,quzc
1666 3971 1825 4026 dubia
1869 3980 1925 4026 et
1970 3987 2075 4027 non

490 4073 770 4127 apparens,
798 4070 852 4115 et
871 4062 1144 4131 corporeis
1170 4063 1339 4117 oculis
1363 4064 1730 4134 inconspicua,
1763 4080 1869 4120 non
1897 4065 2074 4120 solum

488 4165 597 4203 non
619 4150 805 4222 junget
828 4153 1012 4217 boves,
1060 4170 1233 4224 neque
1274 4167 1509 4211 aratrum
1560 4157 1753 4225 trahet,
1786 4174 1960 4230 neque
1985 4175 2077 4216 sc-

490 4242 633 4295 mina
672 4252 904 4313 sparget,
954 4244 1046 4299 sed
1079 4260 1251 4316 neque
1292 4261 1542 4317 umquam
1584 4247 1650 4303 ad
1700 4249 1751 4303 id
1778 4249 1957 4318 operis
1991 4250 2077 4305 vel

492 4334 653 4388 domo
704 4337 1029 4406 egredietur.
1085 4328 1366 4404 Quomodo
1418 4341 1579 4411 igitur
1633 4342 1920 4397 absurdum
1967 4359 2074 4398 non

491 4425 652 4479 fuerit
706 4427 757 4480 itt
807 4428 970 4482 rebus
1021 4431 1364 4486 saecularibus
1416 4448 1523 4487 non
1575 4444 1861 4504 conspecta
1907 4437 2070 4504 prius,

488 4531 645 4583 quam
676 4529 960 4588 conspecta
1004 4536 1116 4590 prae
1155 4522 1326 4577 oculis
1354 4524 1576 4591 habere,
1623 4535 1676 4580 et
1707 4535 1832 4581 ante
1871 4542 2077 4582 merce-

489 4606 608 4661 dem
654 4612 915 4666 sustinere
968 4612 1199 4678 labores,
1250 4622 1303 4670 et
1349 4625 1471 4684 post
1517 4618 1820 4673 exantlatos
1866 4618 2075 4674 labores

490 4700 623 4754 bona
651 4717 715 4756 ex
747 4703 809 4756 iis
839 4706 1103 4759 manantia
1126 4716 1458 4776 exspectare,
1477 4718 1635 4778 atque
1658 4725 1752 4778 spe
1779 4724 1883 4764 non
1911 4726 2075 4781 appa-

491 4793 715 4846 f't'ltlillfll
743 4810 804 4848 ea
842 4811 961 4865 qua:
986 4797 1235 4851 videntur
1275 4799 1520 4869 aggredi;
1564 4801 1617 4855 in
1657 4801 1724 4855 iis
1750 4813 1927 4857 autem
1954 4818 2073 4873 qua:

489 4886 553 4937 ad
604 4885 774 4941 Deum
826 4896 1072 4956 spectant
1116 4889 1381 4955 dubitare,
1434 4892 1703 4957 luesitare,
1757 4902 1812 4948 et
1850 4909 2074 4963 poscere

489 4978 787 5033 mercedem
828 4989 954 5034 ante
994 4980 1229 5049 labores,
1277 4998 1505 5053 esseque
1549 4986 1712 5039 animi
1744 4986 2067 5057 abjecttoris.

485 5084 643 5135 quam
674 5070 781 5124 sint
809 5072 1057 5140 agricola:
1083 5082 1137 5126 et
1170 5076 1383 5129 nauta)?
1420 5075 1534 5130 Non
1576 5076 1719 5130 enim
1748 5079 1798 5131 in
1828 5079 1928 5133 hoc
1956 5058 2116 5133 SO‘Ir.‘

486 5159 614 5226 ipsis
642 5161 887 5215 videmur
912 5177 1033 5217 esse
1058 5163 1375 5230 deteriores,
1418 5168 1558 5238 quod
1588 5186 1729 5240 :rgre
1773 5171 1940 5225 futura
1971 5188 2070 5227 ex-

484 5258 807 5317 spectamus,
853 5253 946 5307 scd
993 5255 1152 5309 etiam
1201 5257 1253 5310 in
1296 5258 1402 5311 alio
1441 5260 1672 5328 quodam
1718 5277 1825 5316 non
1865 5264 2073 5320 minore

489 5341 610 5394 illis.
654 5343 721 5397 Et
753 5344 1019 5413 quodnam
1046 5356 1128 5401 est
1155 5347 1301 5402 hoc?
1326 5349 1403 5403 llli
1432 5352 1573 5406 enim
1606 5369 1710 5407 non
1750 5356 1881 5409 satis
1908 5356 2072 5411 fidere

491 5441 712 5497 possunt
742 5433 832 5487 lini
860 5449 989 5496 suo;
1031 5446 1266 5494 attamen
1309 5456 1406 5494 nec
1431 5442 1508 5496 sic
1536 5459 1565 5496 a
1596 5444 1868 5499 laboribus
1896 5445 2076 5501 deter-

488 5533 672 5578 rentur
702 5544 716 5579 :
744 5538 797 5581 at
831 5537 885 5583 ttt
917 5529 1281 5599 fidcjnssorem
1311 5548 1626 5589 coronarum
1670 5535 1834 5592 habes
1864 5538 1969 5593 lide
1992 5538 2080 5592 di-

481 5616 794 5682 gnissiumm
824 5634 837 5670 :
863 5628 918 5673 et
959 5636 1136 5691 neque
1177 5624 1255 5678 sic
1303 5625 1526 5682 imitaris
1567 5628 1775 5682 illorum
1818 5645 2079 5698 perseve-

486 5707 734 5761 rantiam.
790 5708 998 5763 Etenim
1056 5728 1453 5784 nonnumquam
1502 5717 1730 5789 agricola
1791 5730 2077 5790 postquam.

480 5811 777 5857 sementem
807 5801 1013 5873 iecerit,
1051 5821 1235 5877 agrum
1275 5808 1519 5877 coluerit,
1547 5813 1658 5884 jam
1705 5824 1939 5884 segetem
1986 5817 2073 5872 in-

1549 356 1639 415 ΒΕ
1679 348 2251 412 RESURREC'HONE
2290 348 2741 409 MORTUORUM.

3319 328 3328 353 ⁸
3678 356 3781 413 tea

2195 478 2436 520 crescere
2472 465 2685 531 viderit,
2720 480 2816 536 spe
2858 473 3033 522 tamen
3062 482 3127 525 ae
3151 468 3499 526 retributione
3540 472 3779 527 laborum

2193 554 2409 620 excidit,
2432 556 2477 611 si
2501 556 2584 611 vel
2613 557 2837 627 grando,
2867 559 2950 614 vel
2971 574 3165 626 eruca},
3200 561 3283 616 vel
3307 562 3544 627 locustar,
3575 569 3656 617 vel
3679 568 3778 618 alia

2192 647 2435 716 qumdam
2468 649 2589 702 talia
2619 650 2928 715 acciderint,
2979 661 3034 707 et
3071 662 3193 724 post
3223 650 3418 710 multos
3444 656 3668 726 sudores
3692 672 3781 708 va-

2193 739 2308 790 cuis
2347 739 2590 794 manibus
2633 739 2850 795 domum
2901 744 3221 812 regreditur.
3270 745 3534 801 Mercator
3568 763 3780 818 quoque

2111 833 2120 839 '
2192 835 2314 896 post
2360 827 2569 898 longam
2623 832 3011 902 navigationem
3051 834 3254 889 ducens
3288 847 3561 892 oneratam
3604 841 3777 893 navim

2190 932 2334 985 azepe
2370 919 2425 973 in
2453 920 2567 988 ipso
2598 931 2781 990 portus
2811 925 2972 989 ostio,
3006 925 3330 980 irruentibus
3359 928 3551 995 ventis,
3588 929 3780 1000 impin-

2189 1008 2265 1076 git
2304 1008 2354 1062 in
2395 1011 2693 1079 scopulum,
2723 1023 2779 1067 et
2826 1014 2912 1068 vix
2946 1015 3088 1070 nudo
3134 1032 3363 1086 corpore
3389 1020 3536 1072 salvo
3563 1021 3778 1090 egredi.

2194 1109 2297 1153 tur.
2348 1101 2419 1156 Et
2460 1104 2513 1157 in
2543 1119 2774 1181 summa,
2807 1107 2859 1161 in
2888 1109 3233 1165 smcularibus
3281 1112 3508 1181 negotiis
3533 1113 3778 1168 omnibus

2190 1205 2334 1262 saepe
2366 1194 2469 1250 sub
2498 1195 2660 1251 finem
2690 1198 2949 1267 ejusmodi
2977 1201 3303 1257 calamitates
3350 1204 3621 1259 eveniunt.
3662 1205 3780 1259 Cte-

2193 1293 2366 1341 teruttt
2397 1303 2504 1342 non
2536 1289 2675 1343 idem
2709 1291 2761 1345 in
2803 1292 2908 1346 tuis
2935 1294 3195 1365 contingit
3221 1296 3636 1362 certaminibus;
3683 1294 3777 1352 sed

2189 1397 2411 1437 necesse
2458 1384 2676 1438 omnino
2717 1392 2821 1449 est,
2866 1393 2925 1438 ut
2964 1385 3052 1456 qui
3095 1388 3399 1455 certaverit,
3439 1396 3497 1443 et
3526 1389 3776 1459 pietatem

2189 1475 2553 1539 seminaverit,
2586 1476 2886 1546 multosque
2924 1476 3132 1532 labores
3169 1479 3369 1543 tulerit,
3414 1479 3574 1536 finem
3605 1482 3776 1552 ipsum

2187 1576 2524 1637 asscquatur.
2560 1567 2743 1637 Neque
2767 1569 2911 1623 enim
2938 1570 3077 1625 aeris
3105 1571 3419 1641 intemperie
3445 1589 3618 1645 neque
3644 1590 3776 1630 ven-

2191 1666 2366 1713 torum
2408 1668 2723 1728 tempestate
2770 1660 3011 1716 laborum
3055 1664 3331 1718 mercedes
3374 1666 3607 1722 subverti
3652 1668 3778 1723 sinit

2189 1750 2363 1816 Deus;
2387 1750 2480 1806 sed
2503 1751 2749 1820 reposita:
2769 1759 2890 1807 sunt
2914 1753 3017 1807 illae
3041 1753 3092 1807 in
3115 1753 3418 1811 caelestibus
3438 1765 3493 1813 et
3515 1758 3777 1829 indepre-

2188 1841 2455 1898 dabilibus
2497 1844 2781 1899 thesauris.
2814 1844 3038 1915 Propter
3084 1846 3184 1901 hoc
3223 1857 3274 1903 et
3301 1848 3498 1903 Paulus
3521 1850 3773 1908 dicebat:

2187 1936 2399 2006 Aﬁlictio
2421 1938 2714 2008 patientiam
2733 1948 2990 2008 operatur,
3015 1941 3255 2008 patientia
3274 1943 3635 2012 probationem,
3661 1962 3777 2014 pro-

2189 2028 2322 2081 batio
2349 2045 2507 2100 spem.
2535 2046 2648 2099 spes
2667 2038 2831 2083 autent
2851 2046 2952 2084 non
2971 2031 3235 2101 confundit
3258 2033 3429 2104 (llam.
3459 2035 3512 2090 5.
3545 2038 3597 2090 4.
3627 2037 3705 2107 5).

2264 2119 2638 2189 Temporalium
2657 2122 2978 2178 incertitudo.
3006 2153 3079 2164 —
3099 2124 3263 2195 Igitur
3284 2141 3351 2181 ne
3375 2127 3575 2183 dixeris
3595 2129 3771 2186 futura

2188 2210 2469 2265 invisibilia
2496 2230 2509 2264 :
2532 2212 2577 2265 si
2603 2211 2745 2267 enim
2767 2224 3016 2269 accurate
3043 2216 3351 2272 examinare
3377 2218 3630 2286 volucris,
3659 2221 3777 2275 lono

2187 2320 2254 2375 ge
2294 2304 2651 2359 manifestiora
2685 2305 3024 2373 videbuntur,
3066 2323 3225 2377 quam
3253 2309 3339 2363 illa
3388 2311 3527 2381 ipsa,
3573 2328 3693 2382 qua:
3724 2315 3777 2370 in

2190 2395 2434 2450 manibus
2467 2404 2609 2450 sunt.
2639 2396 2793 2464 Quod
2829 2397 3000 2467 ipsum
3042 2398 3235 2455 Paulus
3261 2402 3414 2455 nobis
3450 2415 3776 2473 monstrans,

2187 2486 2352 2541 dicit:
2383 2485 2492 2540 Illa
2514 2486 2715 2556 quidem
2741 2499 2948 2553 attenta,
2976 2488 3084 2543 Ita’c
3108 2505 3223 2543 vero
3246 2495 3566 2563 temporalia,
3606 2498 3777 2551 nomi-

2187 2591 2281 2635 ne.
2322 2577 2692 2648 temporalium
2750 2578 3025 2635 declarans
3072 2581 3225 2637 nobis
3276 2585 3775 2653 corruptibilitatem

2190 2668 2449 2738 ipsorum.
2466 2667 2597 2722 Nam
2615 2677 2896 2739 antequam
2921 2680 3231 2740 appareant.
3252 2673 3547 2745 aul'ugiunt,
3571 2689 3622 2732 et
3646 2694 3775 2733 avo-

2189 2759 2300 2814 lant
2320 2770 2603 2831 antequam
2626 2762 2940 2829 consistant,
2980 2764 3404 2834 mutationesque
3425 2783 3610 2823 eorum
3642 2770 3777 2826 cele~

2188 2863 2277 2907 res
2301 2860 2446 2917 sunt,
2471 2853 2671 2907 incerta
2697 2855 2981 2921 possessio.
3008 2854 3118 2909 lloc
3140 2857 3193 2909 in
3220 2856 3439 2926 divitiis,
3461 2860 3648 2930 gloria,
3679 2878 3776 2931 po—

2189 2954 2415 3013 tentatu,
2442 2946 2682 3017 corporis
2707 2947 2878 3002 forma
2914 2959 2999 3003 :et
3028 2948 3131 3004 hoc
3152 2934 3206 3004 iit
3246 2966 3582 3024 quocumque
3606 2972 3777 3012 siccu-

2190 3039 2285 3095 lari
2338 3041 2446 3094 alio
2500 3040 2643 3095 bono
2689 3040 2933 3096 contueri
2982 3040 3123 3096 licet.
3180 3041 3477 3111 Eapropter
3520 3047 3775 3115 praplteta

2186 3133 2586 3204 reprehendens
2631 3143 2851 3204 agentes
2896 3134 2946 3188 in
2985 3134 3229 3200 deliciis,
3264 3145 3317 3190 et
3360 3139 3409 3191 in
3438 3137 3650 3194 divitias
3699 3143 3777 3197 vel

2186 3227 2430 3296 quamvis
2482 3226 2638 3280 aliant
2670 3242 2783 3282 rem
2813 3228 3163 3297 temporalem
3204 3230 3564 3300 insanientes,
3617 3235 3777 3303 Quasi

2184 3319 2404 3383 stantia,
2454 3319 2618 3384 dicit,
2671 3329 2973 3393 repulerunt
3010 3320 3151 3387 lucc,
3197 3339 3296 3376 non
3333 3328 3483 3394 quasi
3531 3326 3777 3398 fugientia

2194 3409 2369 3481 (Amos
2391 3410 2440 3463 6.
2471 3410 2549 3480 5).
2601 3409 2731 3480 Nam
2752 3413 2888 3465 sicut
2911 3412 3148 3466 umbram
3173 3429 3330 3468 nemo
3351 3420 3774 3486 Comprehende-

2183 3499 2288 3566 rit,
2315 3500 2386 3554 ita
2412 3516 2590 3571 neque
2627 3502 2951 3572 temporales
2981 3519 3100 3570 res;
3132 3505 3224 3560 sed
3253 3521 3438 3561 eorum
3467 3510 3639 3581 aliqua
3671 3513 3776 3569 line

2184 3606 2283 3647 suo
2302 3603 2740 3648 consummantur
2759 3603 2813 3648 et
2832 3591 3215 3663 dissolvuntur,
3242 3598 3342 3652 alia
3364 3609 3487 3655 ante
3506 3602 3662 3657 linem
3688 3620 3775 3660 ve-

2184 3686 2353 3741 locius
2379 3686 2572 3756 quovis
2618 3696 2853 3759 torrente
2892 3687 3159 3743 dimunnt.
3214 3691 3406 3746 Futura
3449 3705 3626 3749 autem
3668 3713 3772 3751 non

2184 3786 2310 3833 sunt
2331 3779 2454 3832 talia
2478 3796 2492 3833 :
2517 3779 2866 3834 mutationem
2897 3781 3037 3835 enim
3061 3782 3325 3847 nesciunt,
3354 3785 3774 3843 vicissitudinem

2183 3885 2291 3924 non
2321 3870 2591 3941 patiuntur
2619 3887 2633 3924 :
2665 3887 2771 3926 non
2802 3887 2861 3926 ea
2894 3862 3048 3942 urget
3076 3882 3358 3939 senectus,
3402 3876 3599 3932 nullam
3639 3879 3776 3935 alte-

2182 3963 2446 4019 rationem
2485 3965 2854 4034 experiuntur,
2887 3965 2981 4019 sed
3015 3977 3273 4037 perpetuo
3300 3969 3500 4040 vigent,
3524 3972 3652 4026 etin
3681 3988 3775 4028 eo-

2182 4057 2305 4113 dem
2334 4057 2530 4111 decore
2553 4066 2885 4127 permanent.
2913 4057 3093 4128 Itaque
3118 4060 3163 4114 si
3193 4075 3294 4129 qua
3325 4071 3570 4132 oporteat
3595 4063 3774 4119 dicere

2175 4147 2488 4212 invisibilia,
2510 4147 2710 4202 incerta
2731 4156 2784 4202 et
2802 4147 3048 4214 obscura,
3076 4163 3137 4204 ea
3162 4159 3284 4205 sunt
3304 4154 3586 4221 praesentia
3614 4170 3771 4209 :nam

2179 4240 2323 4310 apud
2352 4239 2688 4309 possidentes
2717 4255 2822 4294 non
2851 4249 3101 4306 manent,
3132 4241 3225 4296 sed
3253 4243 3488 4311 quotidie
3525 4245 3773 4301 dominos

2183 4341 2417 4397 mutant,
2449 4345 2502 4387 et
2529 4332 2728 4389 abillis
2753 4333 2818 4388 ad
2845 4335 2979 4389 alios
3009 4343 3316 4400 transeunt,
3354 4348 3409 4391 et
3450 4354 3659 4394 rursum
3703 4339 3774 4393 ab

2182 4426 2290 4481 illis
2310 4426 2375 4481 ad
2401 4426 2556 4481 alios.
2582 4426 2868 4497 Postquam
2900 4426 3013 4481 luce
3039 4429 3215 4482 omnia
3244 4428 3442 4486 Paulus
3461 4430 3770 4496 declaravit,

2182 4518 2407 4589 ideoque
2448 4520 2729 4590 praesentia
2773 4529 3136 4588 tcmporanea,
3170 4521 3342 4576 futura
3399 4540 3526 4578 vero
3569 4537 3769 4582 aeterna

2184 4611 2429 4675 vocavit,
2449 4610 2516 4665 de
2559 4612 2948 4666 resurrectione
2973 4627 3274 4667 sermonem
3316 4615 3521 4668 orditur
3544 4616 3626 4671 his
3655 4635 3773 4673 ver-

2171 4697 2303 4756 bis:
2338 4701 2542 4756 Scimus
2596 4702 2733 4770 quod
2777 4703 2820 4755 si
2874 4703 3120 4756 terrestris
3172 4714 3345 4758 nostra
3383 4707 3561 4763 domus
3617 4698 3772 4780 huius

2178 4798 2490 4852 tabernaculi
2557 4798 2881 4863 dissolvatur,
2953 4800 3162 4854 domum
3226 4818 3290 4856 ea:
3357 4801 3467 4857 Deo
3532 4805 3772 4860 habemus

2177 4906 2280 4944 non
2298 4894 2660 4961 ntanufaetam,
2684 4902 2925 4946 (sternam
2945 4893 2998 4947 in
3018 4894 3153 4947 aclis
3184 4894 3259 4965 (2.
3284 4895 3401 4949 Cor.
3433 4896 3486 4951 5.
3513 4896 3590 4968 1).

2249 4982 2313 5038 6.-
2336 4981 2469 5037 Vide
2494 4983 2683 5037 iterum
2707 4999 2864 5054 quam
2891 4985 3105 5054 proprie
3126 4988 3285 5042 etiam
3317 4988 3418 5043 hoc
3439 4988 3558 5044 loco
3584 4991 3769 5047 dictio-

2173 5075 2337 5130 nibus
2367 5083 2564 5139 utatur,
2591 5084 2647 5130 et
2686 5076 2793 5129 vim
2821 5077 3101 5131 sententia:
3147 5093 3259 5133 suae
3297 5080 3424 5149 ipsis
3464 5082 3771 5136 nominibus

2170 5166 2431 5221 declaret.
2464 5165 2579 5221 Non
2611 5166 2753 5222 enim
2794 5166 3109 5238 simpliciter
3144 5170 3543 5226 tabernaculum
3574 5188 3769 5242 corpus

2177 5258 2407 5319 vocavit,
2434 5256 2527 5310 sed
2551 5257 2748 5312 indicat
2774 5258 2928 5313 nobis
2949 5262 3110 5314 vitam
3141 5262 3275 5316 hanc
3304 5273 3620 5330 prtrscntetn
3649 5281 3768 5318 mo-

2178 5358 2517 5411 mentaneatn
2561 5363 2683 5403 esse
2702 5389 2717 5415 ,
2748 5364 2812 5405 ac
2836 5349 3071 5405 declarat
3097 5351 3365 5421 quomodo
3392 5354 3765 5409 commutanda

2176 5440 2246 5494 sit
2277 5439 2326 5492 itt
2368 5438 2668 5502 meliorem,
2698 5441 2849 5510 quasi
2879 5441 3021 5496 dicat
3050 5457 3064 5494 :
3096 5441 3233 5507 Quid
3267 5441 3572 5513 ingemiscis
3600 5456 3654 5501 et
3685 5447 3765 5501 la-

2178 5533 2461 5603 crymaris,
2490 5532 2703 5601 dilecte,
2736 5533 2877 5604 quod
2908 5534 3220 5589 verberibus
3250 5537 3495 5605 pulsaris,
3529 5538 3671 5606 quod
3701 5540 3769 5597 ab

2180 5625 2454 5681 hominum
2484 5635 2626 5681 cmtu
2654 5625 2956 5696 expelleris,
2979 5625 3119 5696 quod
3146 5627 3197 5682 in
3225 5643 3496 5685 carcerem
3530 5630 3767 5688 intrude.

2179 5718 2289 5772 ris?
2318 5718 2453 5784 Quid
2508 5719 2658 5789 luges
2703 5715 3018 5773 afﬂictiones
3062 5717 3183 5774 illas
3229 5722 3609 5791 particulares,
3645 5741 3765 5781 eum

2184 5816 2469 5886 perfectam
2492 5814 2731 5884 corporis
2746 5810 3065 5869 solutionem
3087 5824 3398 5883 exspectare
3425 5814 3642 5884 debeas,
3662 5818 3768 5874 imo
