  <div class='ocr_page' id='page_1' title='image "/cluster/home/n/w/nwhite01/storage/ocr_20150623/50:no.2:pt.2/coo.31924054869494/023.png"; bbox 0 0 4130 6466; ppageno 0'>
   <div class='ocr_carea' id='block_1_1' title="bbox 398 388 498 444">
    <p class='ocr_par' dir='ltr' id='par_1_1' title="bbox 398 388 498 444">
     <span class='ocr_line' id='line_1_1' title="bbox 398 388 498 444; baseline 0.03 -3"><span class='ocrx_word' id='word_1_1' title='bbox 398 388 498 444; x_wconf 67' lang='grc' dir='ltr'><strong>ιετ</strong></span> 
     </span>
    </p>
   </div>
   <div class='ocr_carea' id='block_1_2' title="bbox 394 491 1977 573">
    <p class='ocr_par' dir='ltr' id='par_1_2' title="bbox 394 491 1977 573">
     <span class='ocr_line' id='line_1_2' title="bbox 394 491 1977 573; baseline -0.009 -14"><span class='ocrx_word' id='word_1_2' title='bbox 394 522 501 559; x_wconf 85' lang='lat' dir='ltr'><strong>non</strong></span> <span class='ocrx_word' id='word_1_3' title='bbox 525 501 834 573; x_wconf 89' lang='lat' dir='ltr'><strong>simpliciter</strong></span> <span class='ocrx_word' id='word_1_4' title='bbox 857 497 1118 569; x_wconf 89' lang='lat' dir='ltr'><strong>corporis,</strong></span> <span class='ocrx_word' id='word_1_5' title='bbox 1149 496 1241 551; x_wconf 87' lang='lat' dir='ltr'><strong>sed</strong></span> <span class='ocrx_word' id='word_1_6' title='bbox 1267 494 1622 564; x_wconf 72' lang='lat' dir='ltr'><strong>corruptionis</strong></span> <span class='ocrx_word' id='word_1_7' title='bbox 1647 495 1698 547; x_wconf 93' lang='lat' dir='ltr'><strong>in</strong></span> <span class='ocrx_word' id='word_1_8' title='bbox 1726 491 1977 563; x_wconf 81' lang='lat' dir='ltr'><strong>corpore?</strong></span> 
     </span>
    </p>
   </div>
   <div class='ocr_carea' id='block_1_3' title="bbox 395 582 1978 659">
    <p class='ocr_par' dir='ltr' id='par_1_3' title="bbox 395 582 1978 659">
     <span class='ocr_line' id='line_1_3' title="bbox 395 582 1978 659; baseline -0.011 -6"><span class='ocrx_word' id='word_1_9' title='bbox 395 598 526 653; x_wconf 64' lang='lat' dir='ltr'><strong>ham</strong></span> <span class='ocrx_word' id='word_1_10' title='bbox 571 602 631 648; x_wconf 92' lang='lat' dir='ltr'><strong>ut</strong></span> <span class='ocrx_word' id='word_1_11' title='bbox 659 588 923 655; x_wconf 75' lang='lat' dir='ltr'><strong>ostendat,</strong></span> <span class='ocrx_word' id='word_1_12' title='bbox 954 588 1093 659; x_wconf 87' lang='lat' dir='ltr'><strong>quod</strong></span> <span class='ocrx_word' id='word_1_13' title='bbox 1122 587 1469 657; x_wconf 89' lang='lat' dir='ltr'><strong>particulares</strong></span> <span class='ocrx_word' id='word_1_14' title='bbox 1511 582 1827 638; x_wconf 79' lang='lat' dir='ltr'><strong>afﬂictiones</strong></span> <span class='ocrx_word' id='word_1_15' title='bbox 1871 590 1978 635; x_wconf 80' lang='lat' dir='ltr'><strong>non</strong></span> 
     </span>
    </p>
   </div>
   <div class='ocr_carea' id='block_1_4' title="bbox 394 671 1975 740">
    <p class='ocr_par' dir='ltr' id='par_1_4' title="bbox 394 671 1975 740">
     <span class='ocr_line' id='line_1_4' title="bbox 394 671 1975 740; baseline -0.009 -1"><span class='ocrx_word' id='word_1_16' title='bbox 394 684 567 739; x_wconf 68' lang='lat' dir='ltr'><strong>solum</strong></span> <span class='ocrx_word' id='word_1_17' title='bbox 599 679 917 738; x_wconf 67' lang='lat' dir='ltr'><strong>contristare</strong></span> <span class='ocrx_word' id='word_1_18' title='bbox 947 694 1042 734; x_wconf 90' lang='lat' dir='ltr'><strong>nos</strong></span> <span class='ocrx_word' id='word_1_19' title='bbox 1081 692 1185 732; x_wconf 85' lang='lat' dir='ltr'><strong>non</strong></span> <span class='ocrx_word' id='word_1_20' title='bbox 1216 678 1458 740; x_wconf 76' lang='lat' dir='ltr'><strong>debeant,</strong></span> <span class='ocrx_word' id='word_1_21' title='bbox 1484 675 1575 729; x_wconf 87' lang='lat' dir='ltr'><strong>sed</strong></span> <span class='ocrx_word' id='word_1_22' title='bbox 1610 684 1663 728; x_wconf 92' lang='lat' dir='ltr'><strong>et</strong></span> <span class='ocrx_word' id='word_1_23' title='bbox 1688 671 1975 739; x_wconf 78' lang='lat' dir='ltr'><strong>hctiﬁcare,</strong></span> 
     </span>
    </p>
   </div>
   <div class='ocr_carea' id='block_1_5' title="bbox 398 768 1979 842">
    <p class='ocr_par' dir='ltr' id='par_1_5' title="bbox 398 768 1979 842">
     <span class='ocr_line' id='line_1_5' title="bbox 398 768 1979 842; baseline -0.008 -12"><span class='ocrx_word' id='word_1_24' title='bbox 398 772 596 830; x_wconf 79' lang='lat' dir='ltr'><strong>indicat</strong></span> <span class='ocrx_word' id='word_1_25' title='bbox 621 773 905 842; x_wconf 85' lang='lat' dir='ltr'><strong>optandam</strong></span> <span class='ocrx_word' id='word_1_26' title='bbox 928 784 1049 825; x_wconf 80' lang='lat' dir='ltr'><strong>esse</strong></span> <span class='ocrx_word' id='word_1_27' title='bbox 1070 768 1417 823; x_wconf 86' lang='lat' dir='ltr'><strong>universalem</strong></span> <span class='ocrx_word' id='word_1_28' title='bbox 1440 773 1493 821; x_wconf 90' lang='lat' dir='ltr'><strong>et</strong></span> <span class='ocrx_word' id='word_1_29' title='bbox 1514 777 1833 835; x_wconf 88' lang='lat' dir='ltr'><strong>postremam</strong></span> <span class='ocrx_word' id='word_1_30' title='bbox 1852 778 1979 818; x_wconf 91' lang='lat' dir='ltr'><strong>con-</strong></span> 
     </span>
    </p>
   </div>
   <div class='ocr_carea' id='block_1_6' title="bbox 397 851 1977 929">
    <p class='ocr_par' dir='ltr' id='par_1_6' title="bbox 397 851 1977 929">
     <span class='ocr_line' id='line_1_6' title="bbox 397 851 1977 929; baseline -0.008 -9"><span class='ocrx_word' id='word_1_31' title='bbox 397 851 828 929; x_wconf 79' lang='lat' dir='ltr'><strong>summationet‘n,</strong></span> <span class='ocrx_word' id='word_1_32' title='bbox 867 861 1289 924; x_wconf 76' lang='lat' dir='ltr'><strong>dissolutionem,</strong></span> <span class='ocrx_word' id='word_1_33' title='bbox 1331 859 1564 927; x_wconf 85' lang='lat' dir='ltr'><strong>inquam,</strong></span> <span class='ocrx_word' id='word_1_34' title='bbox 1596 871 1691 926; x_wconf 89' lang='lat' dir='ltr'><strong>per</strong></span> <span class='ocrx_word' id='word_1_35' title='bbox 1730 864 1977 910; x_wconf 90' lang='lat' dir='ltr'><strong>mortem.</strong></span> 
     </span>
    </p>
   </div>
   <div class='ocr_carea' id='block_1_7' title="bbox 398 946 1983 1017">
    <p class='ocr_par' dir='ltr' id='par_1_7' title="bbox 398 946 1983 1017">
     <span class='ocr_line' id='line_1_7' title="bbox 398 946 1983 1017; baseline -0.008 -8"><span class='ocrx_word' id='word_1_36' title='bbox 398 952 487 1010; x_wconf 82' lang='lat' dir='ltr'><strong>Sic</strong></span> <span class='ocrx_word' id='word_1_37' title='bbox 514 956 655 1009; x_wconf 89' lang='lat' dir='ltr'><strong>enim</strong></span> <span class='ocrx_word' id='word_1_38' title='bbox 683 954 845 1007; x_wconf 87' lang='lat' dir='ltr'><strong>dicit:</strong></span> <span class='ocrx_word' id='word_1_39' title='bbox 883 950 1080 1005; x_wconf 82' lang='lat' dir='ltr'><strong>Etenim</strong></span> <span class='ocrx_word' id='word_1_40' title='bbox 1108 951 1161 1003; x_wconf 75' lang='lat' dir='ltr'><strong>in</strong></span> <span class='ocrx_word' id='word_1_41' title='bbox 1197 950 1290 1002; x_wconf 82' lang='lat' dir='ltr'><strong>hoc</strong></span> <span class='ocrx_word' id='word_1_42' title='bbox 1334 947 1656 1002; x_wconf 82' lang='lat' dir='ltr'><strong>tabernaculo</strong></span> <span class='ocrx_word' id='word_1_43' title='bbox 1696 946 1983 1017; x_wconf 81' lang='lat' dir='ltr'><strong>ingemisci-</strong></span> 
     </span>
    </p>
   </div>
   <div class='ocr_carea' id='block_1_8' title="bbox 396 1036 1982 1111">
    <p class='ocr_par' dir='ltr' id='par_1_8' title="bbox 396 1036 1982 1111">
     <span class='ocr_line' id='line_1_8' title="bbox 396 1036 1982 1111; baseline -0.006 -11"><span class='ocrx_word' id='word_1_44' title='bbox 396 1050 530 1110; x_wconf 76' lang='lat' dir='ltr'><strong>mits,</strong></span> <span class='ocrx_word' id='word_1_45' title='bbox 559 1042 911 1099; x_wconf 67' lang='lat' dir='ltr'><strong>habitationem</strong></span> <span class='ocrx_word' id='word_1_46' title='bbox 937 1048 1176 1107; x_wconf 79' lang='lat' dir='ltr'><strong>nostram,</strong></span> <span class='ocrx_word' id='word_1_47' title='bbox 1198 1038 1311 1111; x_wconf 59' lang='lat' dir='ltr'><strong>quo?</strong></span> <span class='ocrx_word' id='word_1_48' title='bbox 1333 1041 1395 1093; x_wconf 87' lang='lat' dir='ltr'><strong>de</strong></span> <span class='ocrx_word' id='word_1_49' title='bbox 1418 1041 1541 1093; x_wconf 74' lang='lat' dir='ltr'><strong>arto</strong></span> <span class='ocrx_word' id='word_1_50' title='bbox 1567 1046 1657 1104; x_wconf 84' lang='lat' dir='ltr'><strong>est,</strong></span> <span class='ocrx_word' id='word_1_51' title='bbox 1685 1036 1982 1106; x_wconf 78' lang='lat' dir='ltr'><strong>srtperiudui</strong></span> 
     </span>
    </p>
   </div>
   <div class='ocr_carea' id='block_1_9' title="bbox 396 1129 1980 1208">
    <p class='ocr_par' dir='ltr' id='par_1_9' title="bbox 396 1129 1980 1208">
     <span class='ocr_line' id='line_1_9' title="bbox 396 1129 1980 1208; baseline -0.008 -16"><span class='ocrx_word' id='word_1_52' title='bbox 396 1139 651 1208; x_wconf 73' lang='lat' dir='ltr'><strong>cupientes</strong></span> <span class='ocrx_word' id='word_1_53' title='bbox 700 1134 787 1205; x_wconf 70' lang='lat'><strong>(2.</strong></span> <span class='ocrx_word' id='word_1_54' title='bbox 848 1130 971 1190; x_wconf 87' lang='lat' dir='ltr'><strong>Cor.</strong></span> <span class='ocrx_word' id='word_1_55' title='bbox 1025 1133 1077 1190; x_wconf 85' lang='lat'><strong>5.</strong></span> <span class='ocrx_word' id='word_1_56' title='bbox 1124 1129 1215 1197; x_wconf 70' lang='lat'><strong>2.)</strong></span> <span class='ocrx_word' id='word_1_57' title='bbox 1270 1131 1496 1186; x_wconf 89' lang='lat' dir='ltr'><strong>Domum</strong></span> <span class='ocrx_word' id='word_1_58' title='bbox 1523 1141 1697 1184; x_wconf 86' lang='lat' dir='ltr'><strong>autem</strong></span> <span class='ocrx_word' id='word_1_59' title='bbox 1731 1131 1980 1184; x_wconf 89' lang='lat' dir='ltr'><strong>taberna-</strong></span> 
     </span>
    </p>
   </div>
   <div class='ocr_carea' id='block_1_10' title="bbox 396 1222 1980 1297">
    <p class='ocr_par' dir='ltr' id='par_1_10' title="bbox 396 1222 1980 1297">
     <span class='ocr_line' id='line_1_10' title="bbox 396 1222 1980 1297; baseline -0.005 -15"><span class='ocrx_word' id='word_1_60' title='bbox 396 1230 501 1283; x_wconf 84' lang='lat' dir='ltr'><strong>culi</strong></span> <span class='ocrx_word' id='word_1_61' title='bbox 523 1236 715 1297; x_wconf 76' lang='lat' dir='ltr'><strong>corpds</strong></span> <span class='ocrx_word' id='word_1_62' title='bbox 744 1228 888 1289; x_wconf 88' lang='lat' dir='ltr'><strong>dicit,</strong></span> <span class='ocrx_word' id='word_1_63' title='bbox 916 1232 1025 1279; x_wconf 81' lang='lat' dir='ltr'><strong>rem</strong></span> <span class='ocrx_word' id='word_1_64' title='bbox 1058 1224 1215 1278; x_wconf 81' lang='lat' dir='ltr'><strong>uuam</strong></span> <span class='ocrx_word' id='word_1_65' title='bbox 1242 1224 1449 1277; x_wconf 87' lang='lat' dir='ltr'><strong>duobus</strong></span> <span class='ocrx_word' id='word_1_66' title='bbox 1480 1222 1783 1276; x_wconf 82' lang='lat' dir='ltr'><strong>nominibus</strong></span> <span class='ocrx_word' id='word_1_67' title='bbox 1810 1222 1980 1290; x_wconf 80' lang='lat' dir='ltr'><strong>expli-</strong></span> 
     </span>
    </p>
   </div>
   <div class='ocr_carea' id='block_1_11' title="bbox 396 1315 1981 1384">
    <p class='ocr_par' dir='ltr' id='par_1_11' title="bbox 396 1315 1981 1384">
     <span class='ocr_line' id='line_1_11' title="bbox 396 1315 1981 1384; baseline -0.004 -10"><span class='ocrx_word' id='word_1_68' title='bbox 396 1320 569 1374; x_wconf 76' lang='lat' dir='ltr'><strong>cando</strong></span> <span class='ocrx_word' id='word_1_69' title='bbox 602 1337 614 1372; x_wconf 88' lang='lat'><strong>:</strong></span> <span class='ocrx_word' id='word_1_70' title='bbox 642 1318 720 1373; x_wconf 76' lang='lat' dir='ltr'><strong>vel</strong></span> <span class='ocrx_word' id='word_1_71' title='bbox 745 1317 960 1372; x_wconf 85' lang='lat' dir='ltr'><strong>domum</strong></span> <span class='ocrx_word' id='word_1_72' title='bbox 990 1316 1311 1371; x_wconf 79' lang='lat' dir='ltr'><strong>tabernaculi</strong></span> <span class='ocrx_word' id='word_1_73' title='bbox 1340 1324 1495 1370; x_wconf 85' lang='lat' dir='ltr'><strong>vocat</strong></span> <span class='ocrx_word' id='word_1_74' title='bbox 1523 1315 1740 1381; x_wconf 80' lang='lat' dir='ltr'><strong>domus,</strong></span> <span class='ocrx_word' id='word_1_75' title='bbox 1774 1316 1824 1369; x_wconf 86' lang='lat' dir='ltr'><strong>in</strong></span> <span class='ocrx_word' id='word_1_76' title='bbox 1859 1316 1981 1384; x_wconf 79' lang='lat' dir='ltr'><strong>qui-</strong></span> 
     </span>
    </p>
   </div>
   <div class='ocr_carea' id='block_1_12' title="bbox 399 1404 1978 1475">
    <p class='ocr_par' dir='ltr' id='par_1_12' title="bbox 399 1404 1978 1475">
     <span class='ocr_line' id='line_1_12' title="bbox 399 1404 1978 1475; baseline -0.003 -12"><span class='ocrx_word' id='word_1_77' title='bbox 399 1411 498 1463; x_wconf 83' lang='lat' dir='ltr'><strong>bus</strong></span> <span class='ocrx_word' id='word_1_78' title='bbox 528 1409 822 1463; x_wconf 78' lang='lat' dir='ltr'><strong>habitamus</strong></span> <span class='ocrx_word' id='word_1_79' title='bbox 841 1448 856 1473; x_wconf 97' lang='lat'><strong>,</strong></span> <span class='ocrx_word' id='word_1_80' title='bbox 885 1408 1125 1462; x_wconf 76' lang='lat' dir='ltr'><strong>civitates</strong></span> <span class='ocrx_word' id='word_1_81' title='bbox 1146 1449 1159 1470; x_wconf 89' lang='lat'><strong>,</strong></span> <span class='ocrx_word' id='word_1_82' title='bbox 1199 1417 1251 1461; x_wconf 93' lang='lat' dir='ltr'><strong>et</strong></span> <span class='ocrx_word' id='word_1_83' title='bbox 1281 1404 1503 1475; x_wconf 83' lang='lat' dir='ltr'><strong>ﬁguram</strong></span> <span class='ocrx_word' id='word_1_84' title='bbox 1532 1407 1805 1475; x_wconf 73' lang='lat' dir='ltr'><strong>pra-sentis</strong></span> <span class='ocrx_word' id='word_1_85' title='bbox 1837 1406 1978 1460; x_wconf 72' lang='lat' dir='ltr'><strong>vitzc.</strong></span> 
     </span>
    </p>
   </div>
   <div class='ocr_carea' id='block_1_13' title="bbox 399 1493 1981 1574">
    <p class='ocr_par' dir='ltr' id='par_1_13' title="bbox 399 1493 1981 1574">
     <span class='ocr_line' id='line_1_13' title="bbox 399 1493 1981 1574; baseline -0.003 -21"><span class='ocrx_word' id='word_1_86' title='bbox 399 1498 461 1553; x_wconf 79' lang='lat' dir='ltr'><strong>Et</strong></span> <span class='ocrx_word' id='word_1_87' title='bbox 491 1514 593 1553; x_wconf 92' lang='lat' dir='ltr'><strong>non</strong></span> <span class='ocrx_word' id='word_1_88' title='bbox 625 1499 938 1566; x_wconf 78' lang='lat' dir='ltr'><strong>simpliciter</strong></span> <span class='ocrx_word' id='word_1_89' title='bbox 957 1497 1092 1551; x_wconf 84' lang='lat' dir='ltr'><strong>dixit</strong></span> <span class='ocrx_word' id='word_1_90' title='bbox 1125 1513 1137 1550; x_wconf 91' lang='lat'><strong>:</strong></span> <span class='ocrx_word' id='word_1_91' title='bbox 1170 1493 1294 1551; x_wconf 85' lang='lat' dir='ltr'><strong>Scio</strong></span> <span class='ocrx_word' id='word_1_92' title='bbox 1327 1513 1340 1550; x_wconf 95' lang='lat'><strong>:</strong></span> <span class='ocrx_word' id='word_1_93' title='bbox 1372 1496 1465 1550; x_wconf 88' lang='lat' dir='ltr'><strong>sed</strong></span> <span class='ocrx_word' id='word_1_94' title='bbox 1486 1539 1500 1562; x_wconf 91' lang='lat'><strong>,</strong></span> <span class='ocrx_word' id='word_1_95' title='bbox 1522 1494 1729 1574; x_wconf 83' lang='lat' dir='ltr'><strong>_Scimus</strong></span> <span class='ocrx_word' id='word_1_96' title='bbox 1757 1511 1779 1550; x_wconf 89' lang='lat'><strong>:</strong></span> <span class='ocrx_word' id='word_1_97' title='bbox 1801 1505 1855 1551; x_wconf 91' lang='lat' dir='ltr'><strong>ct</strong></span> <span class='ocrx_word' id='word_1_98' title='bbox 1883 1512 1981 1550; x_wconf 92' lang='lat' dir='ltr'><strong>au-</strong></span> 
     </span>
    </p>
   </div>
   <div class='ocr_carea' id='block_1_14' title="bbox 395 1587 1980 1645">
    <p class='ocr_par' dir='ltr' id='par_1_14' title="bbox 395 1587 1980 1645">
     <span class='ocr_line' id='line_1_14' title="bbox 395 1587 1980 1645; baseline -0.002 0"><span class='ocrx_word' id='word_1_99' title='bbox 395 1594 623 1645; x_wconf 76' lang='lat' dir='ltr'><strong>diturum</strong></span> <span class='ocrx_word' id='word_1_100' title='bbox 665 1589 981 1644; x_wconf 77' lang='lat' dir='ltr'><strong>sententiam</strong></span> <span class='ocrx_word' id='word_1_101' title='bbox 1011 1602 1288 1642; x_wconf 89' lang='lat' dir='ltr'><strong>assumens</strong></span> <span class='ocrx_word' id='word_1_102' title='bbox 1318 1605 1331 1640; x_wconf 91' lang='lat'><strong>:</strong></span> <span class='ocrx_word' id='word_1_103' title='bbox 1363 1587 1477 1640; x_wconf 85' lang='lat' dir='ltr'><strong>Non</strong></span> <span class='ocrx_word' id='word_1_104' title='bbox 1520 1587 1587 1642; x_wconf 91' lang='lat' dir='ltr'><strong>de</strong></span> <span class='ocrx_word' id='word_1_105' title='bbox 1617 1587 1773 1641; x_wconf 87' lang='lat' dir='ltr'><strong>rebus</strong></span> <span class='ocrx_word' id='word_1_106' title='bbox 1807 1587 1980 1642; x_wconf 83' lang='lat' dir='ltr'><strong>ambi-</strong></span> 
     </span>
    </p>
   </div>
   <div class='ocr_carea' id='block_1_15' title="bbox 394 1678 1981 1755">
    <p class='ocr_par' dir='ltr' id='par_1_15' title="bbox 394 1678 1981 1755">
     <span class='ocr_line' id='line_1_15' title="bbox 394 1678 1981 1755; baseline -0.001 -19"><span class='ocrx_word' id='word_1_107' title='bbox 394 1685 513 1755; x_wconf 80' lang='lat' dir='ltr'><strong>guis</strong></span> <span class='ocrx_word' id='word_1_108' title='bbox 538 1684 753 1754; x_wconf 77' lang='lat' dir='ltr'><strong>disputo</strong></span> <span class='ocrx_word' id='word_1_109' title='bbox 778 1725 791 1748; x_wconf 89' lang='lat'><strong>,</strong></span> <span class='ocrx_word' id='word_1_110' title='bbox 821 1684 1028 1753; x_wconf 87' lang='lat' dir='ltr'><strong>inquit,</strong></span> <span class='ocrx_word' id='word_1_111' title='bbox 1058 1698 1162 1737; x_wconf 91' lang='lat' dir='ltr'><strong>non</strong></span> <span class='ocrx_word' id='word_1_112' title='bbox 1192 1684 1257 1737; x_wconf 90' lang='lat' dir='ltr'><strong>de</strong></span> <span class='ocrx_word' id='word_1_113' title='bbox 1282 1684 1345 1737; x_wconf 90' lang='lat' dir='ltr'><strong>iis</strong></span> <span class='ocrx_word' id='word_1_114' title='bbox 1370 1696 1487 1754; x_wconf 68' lang='lat' dir='ltr'><strong>qum</strong></span> <span class='ocrx_word' id='word_1_115' title='bbox 1528 1684 1856 1747; x_wconf 85' lang='lat' dir='ltr'><strong>nesciuntur,</strong></span> <span class='ocrx_word' id='word_1_116' title='bbox 1886 1678 1981 1736; x_wconf 87' lang='lat' dir='ltr'><strong>sed</strong></span> 
     </span>
    </p>
   </div>
   <div class='ocr_carea' id='block_1_16' title="bbox 395 1774 1980 1847">
    <p class='ocr_par' dir='ltr' id='par_1_16' title="bbox 395 1774 1980 1847">
     <span class='ocr_line' id='line_1_16' title="bbox 395 1774 1980 1847; baseline -0.003 -16"><span class='ocrx_word' id='word_1_117' title='bbox 395 1776 461 1832; x_wconf 86' lang='lat' dir='ltr'><strong>de</strong></span> <span class='ocrx_word' id='word_1_118' title='bbox 491 1779 687 1847; x_wconf 82' lang='lat' dir='ltr'><strong>qulbus&#39;</strong></span> <span class='ocrx_word' id='word_1_119' title='bbox 718 1776 1036 1846; x_wconf 74' lang='lat' dir='ltr'><strong>jampridem</strong></span> <span class='ocrx_word' id='word_1_120' title='bbox 1080 1775 1235 1830; x_wconf 75' lang='lat' dir='ltr'><strong>(idem</strong></span> <span class='ocrx_word' id='word_1_121' title='bbox 1261 1776 1588 1844; x_wconf 76' lang='lat' dir='ltr'><strong>Suscepistis,</strong></span> <span class='ocrx_word' id='word_1_122' title='bbox 1619 1774 1898 1829; x_wconf 88' lang='lat' dir='ltr'><strong>credentes</strong></span> <span class='ocrx_word' id='word_1_123' title='bbox 1929 1775 1980 1827; x_wconf 88' lang='lat' dir='ltr'><strong>in</strong></span> 
     </span>
    </p>
   </div>
   <div class='ocr_carea' id='block_1_17' title="bbox 398 1866 1983 1921">
    <p class='ocr_par' dir='ltr' id='par_1_17' title="bbox 398 1866 1983 1921">
     <span class='ocr_line' id='line_1_17' title="bbox 398 1866 1983 1921; baseline 0.001 -3"><span class='ocrx_word' id='word_1_124' title='bbox 398 1868 847 1921; x_wconf 70' lang='lat' dir='ltr'><strong>rusurreCtionem</strong></span> <span class='ocrx_word' id='word_1_125' title='bbox 874 1867 1080 1921; x_wconf 79' lang='lat' dir='ltr'><strong>Dernini</strong></span> <span class='ocrx_word' id='word_1_126' title='bbox 1111 1884 1124 1920; x_wconf 89' lang='lat'><strong>:</strong></span> <span class='ocrx_word' id='word_1_127' title='bbox 1155 1876 1209 1920; x_wconf 90' lang='lat' dir='ltr'><strong>et</strong></span> <span class='ocrx_word' id='word_1_128' title='bbox 1234 1867 1303 1920; x_wconf 91' lang='lat' dir='ltr'><strong>ob</strong></span> <span class='ocrx_word' id='word_1_129' title='bbox 1330 1867 1430 1921; x_wconf 88' lang='lat' dir='ltr'><strong>hoc</strong></span> <span class='ocrx_word' id='word_1_130' title='bbox 1461 1866 1797 1921; x_wconf 85' lang='lat' dir='ltr'><strong>tabernacula</strong></span> <span class='ocrx_word' id='word_1_131' title='bbox 1827 1881 1983 1920; x_wconf 83' lang='lat' dir='ltr'><strong>voca-</strong></span> 
     </span>
    </p>
   </div>
   <div class='ocr_carea' id='block_1_18' title="bbox 394 1958 1977 2030">
    <p class='ocr_par' dir='ltr' id='par_1_18' title="bbox 394 1958 1977 2030">
     <span class='ocr_line' id='line_1_18' title="bbox 394 1958 1977 2030; baseline -0.002 -16"><span class='ocrx_word' id='word_1_132' title='bbox 394 1966 513 2014; x_wconf 77' lang='lat' dir='ltr'><strong>mus</strong></span> <span class='ocrx_word' id='word_1_133' title='bbox 543 1962 766 2028; x_wconf 67' lang='lat' dir='ltr'><strong>Corpora</strong></span> <span class='ocrx_word' id='word_1_134' title='bbox 791 1974 976 2015; x_wconf 90' lang='lat' dir='ltr'><strong>eorum</strong></span> <span class='ocrx_word' id='word_1_135' title='bbox 998 2002 1011 2025; x_wconf 93' lang='lat'><strong>,</strong></span> <span class='ocrx_word' id='word_1_136' title='bbox 1040 1960 1127 2030; x_wconf 80' lang='lat' dir='ltr'><strong>qui</strong></span> <span class='ocrx_word' id='word_1_137' title='bbox 1162 1960 1285 2014; x_wconf 91' lang='lat' dir='ltr'><strong>hinc</strong></span> <span class='ocrx_word' id='word_1_138' title='bbox 1309 1958 1593 2013; x_wconf 88' lang='lat' dir='ltr'><strong>decedunt.</strong></span> <span class='ocrx_word' id='word_1_139' title='bbox 1632 1959 1762 2014; x_wconf 84' lang='lat' dir='ltr'><strong>Vide</strong></span> <span class='ocrx_word' id='word_1_140' title='bbox 1797 1966 1977 2012; x_wconf 86' lang='lat' dir='ltr'><strong>autem</strong></span> 
     </span>
    </p>
   </div>
   <div class='ocr_carea' id='block_1_19' title="bbox 395 2051 1983 2122">
    <p class='ocr_par' dir='ltr' id='par_1_19' title="bbox 395 2051 1983 2122">
     <span class='ocr_line' id='line_1_19' title="bbox 395 2051 1983 2122; baseline 0.002 -18"><span class='ocrx_word' id='word_1_141' title='bbox 395 2053 664 2122; x_wconf 82' lang='lat' dir='ltr'><strong>quumo&#39;do</strong></span> <span class='ocrx_word' id='word_1_142' title='bbox 689 2061 743 2107; x_wconf 87' lang='lat' dir='ltr'><strong>et</strong></span> <span class='ocrx_word' id='word_1_143' title='bbox 773 2054 936 2107; x_wconf 85' lang='lat' dir='ltr'><strong>verbo</strong></span> <span class='ocrx_word' id='word_1_144' title='bbox 966 2053 1208 2121; x_wconf 87' lang='lat' dir='ltr'><strong>apposite</strong></span> <span class='ocrx_word' id='word_1_145' title='bbox 1237 2054 1305 2106; x_wconf 78' lang='lat' dir='ltr'><strong>sit</strong></span> <span class='ocrx_word' id='word_1_146' title='bbox 1325 2068 1452 2107; x_wconf 92' lang='lat' dir='ltr'><strong>usus</strong></span> <span class='ocrx_word' id='word_1_147' title='bbox 1504 2051 1618 2107; x_wconf 81' lang='lat' dir='ltr'><strong>Non</strong></span> <span class='ocrx_word' id='word_1_148' title='bbox 1646 2052 1797 2120; x_wconf 81' lang='lat' dir='ltr'><strong>dixit,</strong></span> <span class='ocrx_word' id='word_1_149' title='bbox 1829 2051 1983 2108; x_wconf 90' lang='lat' dir='ltr'><strong>Occi-</strong></span> 
     </span>
    </p>
   </div>
   <div class='ocr_carea' id='block_1_20' title="bbox 393 2145 1975 2216">
    <p class='ocr_par' dir='ltr' id='par_1_20' title="bbox 393 2145 1975 2216">
     <span class='ocr_line' id='line_1_20' title="bbox 393 2145 1975 2216; baseline 0.002 -18"><span class='ocrx_word' id='word_1_150' title='bbox 393 2146 511 2198; x_wconf 79' lang='lat' dir='ltr'><strong>sn’m</strong></span> <span class='ocrx_word' id='word_1_151' title='bbox 542 2150 622 2199; x_wconf 83' lang='lat' dir='ltr'><strong>est</strong></span> <span class='ocrx_word' id='word_1_152' title='bbox 642 2187 656 2210; x_wconf 94' lang='lat'><strong>,</strong></span> <span class='ocrx_word' id='word_1_153' title='bbox 702 2147 783 2200; x_wconf 86' lang='lat' dir='ltr'><strong>vel</strong></span> <span class='ocrx_word' id='word_1_154' title='bbox 821 2145 1108 2215; x_wconf 81' lang='lat' dir='ltr'><strong>disparuit,</strong></span> <span class='ocrx_word' id='word_1_155' title='bbox 1137 2146 1228 2200; x_wconf 88' lang='lat' dir='ltr'><strong>sed</strong></span> <span class='ocrx_word' id='word_1_156' title='bbox 1256 2145 1571 2199; x_wconf 62' lang='lat' dir='ltr'><strong>Diisolutum</strong></span> <span class='ocrx_word' id='word_1_157' title='bbox 1597 2156 1669 2200; x_wconf 84' lang='lat' dir='ltr'><strong>est</strong></span> <span class='ocrx_word' id='word_1_158' title='bbox 1697 2162 1716 2200; x_wconf 90' lang='lat'><strong>:</strong></span> <span class='ocrx_word' id='word_1_159' title='bbox 1737 2160 1845 2216; x_wconf 85' lang='lat' dir='ltr'><strong>quo</strong></span> <span class='ocrx_word' id='word_1_160' title='bbox 1876 2146 1975 2201; x_wconf 91' lang='lat' dir='ltr'><strong>de-</strong></span> 
     </span>
    </p>
   </div>
   <div class='ocr_carea' id='block_1_21' title="bbox 393 2234 1978 2310">
    <p class='ocr_par' dir='ltr' id='par_1_21' title="bbox 393 2234 1978 2310">
     <span class='ocr_line' id='line_1_21' title="bbox 393 2234 1978 2310; baseline 0.004 -22"><span class='ocrx_word' id='word_1_161' title='bbox 393 2234 636 2304; x_wconf 82' lang='lat' dir='ltr'><strong>claravit,</strong></span> <span class='ocrx_word' id='word_1_162' title='bbox 665 2237 835 2306; x_wconf 89' lang='lat' dir='ltr'><strong>ipsum</strong></span> <span class='ocrx_word' id='word_1_163' title='bbox 875 2237 1113 2305; x_wconf 81' lang='lat' dir='ltr'><strong>dissolvi,</strong></span> <span class='ocrx_word' id='word_1_164' title='bbox 1145 2248 1202 2292; x_wconf 91' lang='lat' dir='ltr'><strong>ut</strong></span> <span class='ocrx_word' id='word_1_165' title='bbox 1226 2244 1469 2309; x_wconf 80' lang='lat' dir='ltr'><strong>resurgat</strong></span> <span class='ocrx_word' id='word_1_166' title='bbox 1494 2238 1745 2310; x_wconf 75' lang='lat' dir='ltr'><strong>fulgidius‘</strong></span> <span class='ocrx_word' id='word_1_167' title='bbox 1768 2283 1783 2306; x_wconf 91' lang='lat'><strong>,</strong></span> <span class='ocrx_word' id='word_1_168' title='bbox 1809 2250 1867 2295; x_wconf 88' lang='lat' dir='ltr'><strong>ut</strong></span> <span class='ocrx_word' id='word_1_169' title='bbox 1895 2241 1978 2294; x_wconf 89' lang='lat' dir='ltr'><strong>in-</strong></span> 
     </span>
    </p>
   </div>
   <div class='ocr_carea' id='block_1_22' title="bbox 396 2329 1977 2403">
    <p class='ocr_par' dir='ltr' id='par_1_22' title="bbox 396 2329 1977 2403">
     <span class='ocr_line' id='line_1_22' title="bbox 396 2329 1977 2403; baseline 0.004 -24"><span class='ocrx_word' id='word_1_170' title='bbox 396 2329 638 2383; x_wconf 85' lang='lat' dir='ltr'><strong>veniatur</strong></span> <span class='ocrx_word' id='word_1_171' title='bbox 662 2330 857 2385; x_wconf 87' lang='lat' dir='ltr'><strong>clarius</strong></span> <span class='ocrx_word' id='word_1_172' title='bbox 885 2348 899 2384; x_wconf 91' lang='lat'><strong>:</strong></span> <span class='ocrx_word' id='word_1_173' title='bbox 930 2329 1067 2385; x_wconf 87' lang='lat' dir='ltr'><strong>sicut</strong></span> <span class='ocrx_word' id='word_1_174' title='bbox 1087 2332 1246 2386; x_wconf 90' lang='lat' dir='ltr'><strong>etiam</strong></span> <span class='ocrx_word' id='word_1_175' title='bbox 1277 2332 1486 2387; x_wconf 83' lang='lat' dir='ltr'><strong>labores</strong></span> <span class='ocrx_word' id='word_1_176' title='bbox 1508 2340 1560 2387; x_wconf 90' lang='lat' dir='ltr'><strong>et</strong></span> <span class='ocrx_word' id='word_1_177' title='bbox 1583 2334 1797 2403; x_wconf 70' lang='lat' dir='ltr'><strong>praemia</strong></span> <span class='ocrx_word' id='word_1_178' title='bbox 1827 2347 1977 2387; x_wconf 82' lang='lat' dir='ltr'><strong>com-</strong></span> 
     </span>
    </p>
   </div>
   <div class='ocr_carea' id='block_1_23' title="bbox 397 2422 1980 2495">
    <p class='ocr_par' dir='ltr' id='par_1_23' title="bbox 397 2422 1980 2495">
     <span class='ocr_line' id='line_1_23' title="bbox 397 2422 1980 2495; baseline 0.006 -25"><span class='ocrx_word' id='word_1_179' title='bbox 397 2422 617 2490; x_wconf 72' lang='lat' dir='ltr'><strong>parabat</strong></span> <span class='ocrx_word' id='word_1_180' title='bbox 642 2436 671 2475; x_wconf 89' lang='lat' dir='ltr'><strong>a</strong></span> <span class='ocrx_word' id='word_1_181' title='bbox 696 2422 979 2492; x_wconf 77' lang='lat' dir='ltr'><strong>qualitate,</strong></span> <span class='ocrx_word' id='word_1_182' title='bbox 1005 2423 1301 2493; x_wconf 71' lang='lat' dir='ltr'><strong>quantitate</strong></span> <span class='ocrx_word' id='word_1_183' title='bbox 1327 2432 1379 2479; x_wconf 89' lang='lat' dir='ltr'><strong>et</strong></span> <span class='ocrx_word' id='word_1_184' title='bbox 1408 2430 1683 2495; x_wconf 83' lang='lat' dir='ltr'><strong>tempore;</strong></span> <span class='ocrx_word' id='word_1_185' title='bbox 1716 2426 1784 2479; x_wconf 86' lang='lat' dir='ltr'><strong>ita</strong></span> <span class='ocrx_word' id='word_1_186' title='bbox 1816 2434 1869 2479; x_wconf 88' lang='lat' dir='ltr'><strong>et</strong></span> <span class='ocrx_word' id='word_1_187' title='bbox 1896 2426 1980 2479; x_wconf 83' lang='lat' dir='ltr'><strong>hic</strong></span> 
     </span>
    </p>
   </div>
   <div class='ocr_carea' id='block_1_24' title="bbox 395 2513 1979 2587">
    <p class='ocr_par' dir='ltr' id='par_1_24' title="bbox 395 2513 1979 2587">
     <span class='ocr_line' id='line_1_24' title="bbox 395 2513 1979 2587; baseline 0.005 -22"><span class='ocrx_word' id='word_1_188' title='bbox 395 2513 539 2577; x_wconf 75' lang='lat' dir='ltr'><strong>facit,</strong></span> <span class='ocrx_word' id='word_1_189' title='bbox 569 2518 762 2584; x_wconf 74' lang='lat' dir='ltr'><strong>cerpus</strong></span> <span class='ocrx_word' id='word_1_190' title='bbox 783 2514 1087 2583; x_wconf 77' lang='lat' dir='ltr'><strong>deciduum,</strong></span> <span class='ocrx_word' id='word_1_191' title='bbox 1123 2517 1469 2584; x_wconf 80' lang='lat' dir='ltr'><strong>tabernaculi,</strong></span> <span class='ocrx_word' id='word_1_192' title='bbox 1502 2517 1643 2587; x_wconf 88' lang='lat' dir='ltr'><strong>quod</strong></span> <span class='ocrx_word' id='word_1_193' title='bbox 1681 2528 1857 2572; x_wconf 83' lang='lat' dir='ltr'><strong>autem</strong></span> <span class='ocrx_word' id='word_1_194' title='bbox 1889 2533 1979 2574; x_wconf 88' lang='lat' dir='ltr'><strong>re-</strong></span> 
     </span>
    </p>
   </div>
   <div class='ocr_carea' id='block_1_25' title="bbox 393 2605 1978 2679">
    <p class='ocr_par' dir='ltr' id='par_1_25' title="bbox 393 2605 1978 2679">
     <span class='ocr_line' id='line_1_25' title="bbox 393 2605 1978 2679; baseline 0.003 -21"><span class='ocrx_word' id='word_1_195' title='bbox 393 2605 590 2675; x_wconf 78' lang='lat' dir='ltr'><strong>surgit,</strong></span> <span class='ocrx_word' id='word_1_196' title='bbox 626 2606 816 2660; x_wconf 88' lang='lat' dir='ltr'><strong>domus</strong></span> <span class='ocrx_word' id='word_1_197' title='bbox 856 2606 1072 2662; x_wconf 87' lang='lat' dir='ltr'><strong>nomine</strong></span> <span class='ocrx_word' id='word_1_198' title='bbox 1096 2615 1253 2662; x_wconf 89' lang='lat' dir='ltr'><strong>vocat</strong></span> <span class='ocrx_word' id='word_1_199' title='bbox 1280 2624 1292 2659; x_wconf 97' lang='lat'><strong>:</strong></span> <span class='ocrx_word' id='word_1_200' title='bbox 1328 2619 1382 2663; x_wconf 88' lang='lat' dir='ltr'><strong>et</strong></span> <span class='ocrx_word' id='word_1_201' title='bbox 1410 2622 1516 2662; x_wconf 89' lang='lat' dir='ltr'><strong>non</strong></span> <span class='ocrx_word' id='word_1_202' title='bbox 1542 2610 1853 2679; x_wconf 86' lang='lat' dir='ltr'><strong>simpliciter</strong></span> <span class='ocrx_word' id='word_1_203' title='bbox 1880 2608 1978 2664; x_wconf 86' lang='lat' dir='ltr'><strong>do-</strong></span> 
     </span>
    </p>
   </div>
   <div class='ocr_carea' id='block_1_26' title="bbox 394 2692 1981 2762">
    <p class='ocr_par' dir='ltr' id='par_1_26' title="bbox 394 2692 1981 2762">
     <span class='ocr_line' id='line_1_26' title="bbox 394 2692 1981 2762; baseline 0.004 -15"><span class='ocrx_word' id='word_1_204' title='bbox 394 2696 562 2762; x_wconf 71' lang='lat' dir='ltr'><strong>mum,</strong></span> <span class='ocrx_word' id='word_1_205' title='bbox 590 2695 684 2750; x_wconf 85' lang='lat' dir='ltr'><strong>scd</strong></span> <span class='ocrx_word' id='word_1_206' title='bbox 708 2706 991 2762; x_wconf 66' lang='lat' dir='ltr'><strong>aeternam;</strong></span> <span class='ocrx_word' id='word_1_207' title='bbox 1021 2711 1118 2751; x_wconf 88' lang='lat' dir='ltr'><strong>nec</strong></span> <span class='ocrx_word' id='word_1_208' title='bbox 1150 2696 1320 2753; x_wconf 82' lang='lat' dir='ltr'><strong>solum</strong></span> <span class='ocrx_word' id='word_1_209' title='bbox 1360 2707 1646 2762; x_wconf 80' lang='lat' dir='ltr'><strong>:cternam,</strong></span> <span class='ocrx_word' id='word_1_210' title='bbox 1687 2698 1781 2753; x_wconf 88' lang='lat' dir='ltr'><strong>sed</strong></span> <span class='ocrx_word' id='word_1_211' title='bbox 1822 2692 1981 2754; x_wconf 66' lang='lat' dir='ltr'><strong>Carle-</strong></span> 
     </span>
    </p>
   </div>
   <div class='ocr_carea' id='block_1_27' title="bbox 391 2784 1978 2860">
    <p class='ocr_par' dir='ltr' id='par_1_27' title="bbox 391 2784 1978 2860">
     <span class='ocr_line' id='line_1_27' title="bbox 391 2784 1978 2860; baseline 0.003 -20"><span class='ocrx_word' id='word_1_212' title='bbox 391 2786 527 2840; x_wconf 73' lang='lat' dir='ltr'><strong>stem</strong></span> <span class='ocrx_word' id='word_1_213' title='bbox 559 2804 573 2841; x_wconf 92' lang='lat'><strong>:</strong></span> <span class='ocrx_word' id='word_1_214' title='bbox 603 2784 971 2842; x_wconf 78' lang='lat' dir='ltr'><strong>excellentiam</strong></span> <span class='ocrx_word' id='word_1_215' title='bbox 1002 2786 1117 2856; x_wconf 82' lang='lat' dir='ltr'><strong>ejus</strong></span> <span class='ocrx_word' id='word_1_216' title='bbox 1140 2798 1244 2841; x_wconf 87' lang='lat' dir='ltr'><strong>tam</strong></span> <span class='ocrx_word' id='word_1_217' title='bbox 1277 2803 1307 2841; x_wconf 89' lang='lat' dir='ltr'><strong>a</strong></span> <span class='ocrx_word' id='word_1_218' title='bbox 1335 2798 1593 2858; x_wconf 68' lang='lat' dir='ltr'><strong>tempore,</strong></span> <span class='ocrx_word' id='word_1_219' title='bbox 1625 2798 1783 2860; x_wconf 86' lang='lat' dir='ltr'><strong>quam</strong></span> <span class='ocrx_word' id='word_1_220' title='bbox 1810 2804 1837 2843; x_wconf 89' lang='lat' dir='ltr'><strong>a</strong></span> <span class='ocrx_word' id='word_1_221' title='bbox 1861 2790 1978 2845; x_wconf 76' lang='lat' dir='ltr'><strong>luco</strong></span> 
     </span>
    </p>
   </div>
   <div class='ocr_carea' id='block_1_28' title="bbox 392 2876 2011 2944">
    <p class='ocr_par' dir='ltr' id='par_1_28' title="bbox 392 2876 2011 2944">
     <span class='ocr_line' id='line_1_28' title="bbox 392 2876 2011 2944; baseline 0.001 -13"><span class='ocrx_word' id='word_1_222' title='bbox 392 2876 752 2934; x_wconf 71' lang='lat' dir='ltr'><strong>subindlcans.</strong></span> <span class='ocrx_word' id='word_1_223' title='bbox 785 2879 911 2934; x_wconf 53' lang='lat' dir='ltr'><strong>Haec</strong></span> <span class='ocrx_word' id='word_1_224' title='bbox 938 2880 1078 2934; x_wconf 91' lang='lat' dir='ltr'><strong>enim</strong></span> <span class='ocrx_word' id='word_1_225' title='bbox 1120 2880 1384 2935; x_wconf 75' lang='lat' dir='ltr'><strong>terrestris</strong></span> <span class='ocrx_word' id='word_1_226' title='bbox 1418 2889 1497 2934; x_wconf 88' lang='lat' dir='ltr'><strong>est</strong></span> <span class='ocrx_word' id='word_1_227' title='bbox 1518 2922 1531 2944; x_wconf 94' lang='lat'><strong>,</strong></span> <span class='ocrx_word' id='word_1_228' title='bbox 1577 2881 1663 2934; x_wconf 89' lang='lat' dir='ltr'><strong>illa</strong></span> <span class='ocrx_word' id='word_1_229' title='bbox 1706 2883 1975 2935; x_wconf 69' lang='lat' dir='ltr'><strong>cmleStis:</strong></span> <span class='ocrx_word' id='word_1_230' title='bbox 2008 2876 2011 2877; x_wconf 52' lang='grc'><strong><em>⁷</em></strong></span> 
     </span>
    </p>
   </div>
   <div class='ocr_carea' id='block_1_29' title="bbox 397 2968 1980 3043">
    <p class='ocr_par' dir='ltr' id='par_1_29' title="bbox 397 2968 1980 3043">
     <span class='ocr_line' id='line_1_29' title="bbox 397 2968 1980 3043; baseline 0.003 -19"><span class='ocrx_word' id='word_1_231' title='bbox 397 2968 512 3024; x_wconf 59' lang='lat' dir='ltr'><strong>haec</strong></span> <span class='ocrx_word' id='word_1_232' title='bbox 544 2971 882 3040; x_wconf 87' lang='lat' dir='ltr'><strong>temporalis,</strong></span> <span class='ocrx_word' id='word_1_233' title='bbox 917 2970 1004 3024; x_wconf 85' lang='lat' dir='ltr'><strong>illa</strong></span> <span class='ocrx_word' id='word_1_234' title='bbox 1032 2981 1248 3025; x_wconf 66' lang='lat' dir='ltr'><strong>aeterna.</strong></span> <span class='ocrx_word' id='word_1_235' title='bbox 1302 2971 1365 3026; x_wconf 88' lang='lat' dir='ltr'><strong>Et</strong></span> <span class='ocrx_word' id='word_1_236' title='bbox 1417 2980 1560 3026; x_wconf 86' lang='lat' dir='ltr'><strong>nunc</strong></span> <span class='ocrx_word' id='word_1_237' title='bbox 1594 2973 1804 3043; x_wconf 83' lang='lat' dir='ltr'><strong>quidem</strong></span> <span class='ocrx_word' id='word_1_238' title='bbox 1846 2988 1980 3042; x_wconf 83' lang='lat' dir='ltr'><strong>opus</strong></span> 
     </span>
    </p>
   </div>
   <div class='ocr_carea' id='block_1_30' title="bbox 395 3063 1980 3133">
    <p class='ocr_par' dir='ltr' id='par_1_30' title="bbox 395 3063 1980 3133">
     <span class='ocr_line' id='line_1_30' title="bbox 395 3063 1980 3133; baseline 0.001 -16"><span class='ocrx_word' id='word_1_239' title='bbox 395 3063 550 3117; x_wconf 90' lang='lat' dir='ltr'><strong>nobis</strong></span> <span class='ocrx_word' id='word_1_240' title='bbox 576 3072 658 3118; x_wconf 86' lang='lat' dir='ltr'><strong>est</strong></span> <span class='ocrx_word' id='word_1_241' title='bbox 685 3078 908 3133; x_wconf 90' lang='lat' dir='ltr'><strong>corpore</strong></span> <span class='ocrx_word' id='word_1_242' title='bbox 934 3068 999 3118; x_wconf 87' lang='lat' dir='ltr'><strong>a‘c</strong></span> <span class='ocrx_word' id='word_1_243' title='bbox 1026 3063 1294 3118; x_wconf 88' lang='lat' dir='ltr'><strong>domicilio</strong></span> <span class='ocrx_word' id='word_1_244' title='bbox 1323 3073 1540 3133; x_wconf 83' lang='lat' dir='ltr'><strong>propter</strong></span> <span class='ocrx_word' id='word_1_245' title='bbox 1558 3065 1730 3118; x_wconf 89' lang='lat' dir='ltr'><strong>carnis</strong></span> <span class='ocrx_word' id='word_1_246' title='bbox 1756 3064 1980 3118; x_wconf 84' lang='lat' dir='ltr'><strong>intirmi-</strong></span> 
     </span>
    </p>
   </div>
   <div class='ocr_carea' id='block_1_31' title="bbox 396 3153 1976 3223">
    <p class='ocr_par' dir='ltr' id='par_1_31' title="bbox 396 3153 1976 3223">
     <span class='ocr_line' id='line_1_31' title="bbox 396 3153 1976 3223; baseline 0 -16"><span class='ocrx_word' id='word_1_247' title='bbox 396 3161 560 3207; x_wconf 81' lang='lat' dir='ltr'><strong>tatem</strong></span> <span class='ocrx_word' id='word_1_248' title='bbox 589 3169 604 3206; x_wconf 96' lang='lat'><strong>:</strong></span> <span class='ocrx_word' id='word_1_249' title='bbox 641 3163 762 3208; x_wconf 92' lang='lat' dir='ltr'><strong>tunc</strong></span> <span class='ocrx_word' id='word_1_250' title='bbox 786 3166 914 3208; x_wconf 87' lang='lat' dir='ltr'><strong>vero</strong></span> <span class='ocrx_word' id='word_1_251' title='bbox 941 3154 1079 3207; x_wconf 86' lang='lat' dir='ltr'><strong>idem</strong></span> <span class='ocrx_word' id='word_1_252' title='bbox 1105 3161 1159 3207; x_wconf 91' lang='lat' dir='ltr'><strong>et</strong></span> <span class='ocrx_word' id='word_1_253' title='bbox 1187 3162 1380 3223; x_wconf 86' lang='lat' dir='ltr'><strong>corpus</strong></span> <span class='ocrx_word' id='word_1_254' title='bbox 1406 3154 1509 3209; x_wconf 90' lang='lat' dir='ltr'><strong>erit</strong></span> <span class='ocrx_word' id='word_1_255' title='bbox 1532 3161 1587 3209; x_wconf 89' lang='lat' dir='ltr'><strong>et</strong></span> <span class='ocrx_word' id='word_1_256' title='bbox 1611 3153 1933 3209; x_wconf 83' lang='lat' dir='ltr'><strong>domicilium</strong></span> <span class='ocrx_word' id='word_1_257' title='bbox 1959 3171 1976 3207; x_wconf 93' lang='lat'><strong>:</strong></span> 
     </span>
    </p>
   </div>
   <div class='ocr_carea' id='block_1_32' title="bbox 399 3245 1979 3315">
    <p class='ocr_par' dir='ltr' id='par_1_32' title="bbox 399 3245 1979 3315">
     <span class='ocr_line' id='line_1_32' title="bbox 399 3245 1979 3315; baseline 0.002 -17"><span class='ocrx_word' id='word_1_258' title='bbox 399 3254 572 3314; x_wconf 86' lang='lat' dir='ltr'><strong>neque</strong></span> <span class='ocrx_word' id='word_1_259' title='bbox 593 3254 752 3309; x_wconf 86' lang='lat' dir='ltr'><strong>tecto,</strong></span> <span class='ocrx_word' id='word_1_260' title='bbox 778 3256 950 3315; x_wconf 88' lang='lat' dir='ltr'><strong>neque</strong></span> <span class='ocrx_word' id='word_1_261' title='bbox 974 3245 1094 3299; x_wconf 78' lang='lat' dir='ltr'><strong>ullis</strong></span> <span class='ocrx_word' id='word_1_262' title='bbox 1121 3245 1434 3300; x_wconf 83' lang='lat' dir='ltr'><strong>velamentis</strong></span> <span class='ocrx_word' id='word_1_263' title='bbox 1451 3245 1655 3301; x_wconf 87' lang='lat' dir='ltr'><strong>habens</strong></span> <span class='ocrx_word' id='word_1_264' title='bbox 1680 3261 1835 3315; x_wconf 89' lang='lat' dir='ltr'><strong>opus,</strong></span> <span class='ocrx_word' id='word_1_265' title='bbox 1857 3261 1979 3301; x_wconf 89' lang='lat' dir='ltr'><strong>cum</strong></span> 
     </span>
    </p>
   </div>
   <div class='ocr_carea' id='block_1_33' title="bbox 334 3343 1978 3415">
    <p class='ocr_par' dir='ltr' id='par_1_33' title="bbox 334 3343 1978 3415">
     <span class='ocr_line' id='line_1_33' title="bbox 334 3343 1978 3415; baseline 0 -17"><span class='ocrx_word' id='word_1_266' title='bbox 334 3385 338 3388; x_wconf 48' lang='grc' dir='ltr'><strong>ι</strong></span> <span class='ocrx_word' id='word_1_267' title='bbox 396 3354 493 3414; x_wconf 80' lang='lat' dir='ltr'><strong>pro</strong></span> <span class='ocrx_word' id='word_1_268' title='bbox 518 3346 765 3401; x_wconf 89' lang='lat' dir='ltr'><strong>omnibus</strong></span> <span class='ocrx_word' id='word_1_269' title='bbox 787 3346 869 3399; x_wconf 87' lang='lat' dir='ltr'><strong>his</strong></span> <span class='ocrx_word' id='word_1_270' title='bbox 896 3346 1122 3399; x_wconf 80' lang='lat' dir='ltr'><strong>sufﬁciat</strong></span> <span class='ocrx_word' id='word_1_271' title='bbox 1155 3344 1642 3415; x_wconf 85' lang='lat' dir='ltr'><strong>ineorruptibilitas.</strong></span> <span class='ocrx_word' id='word_1_272' title='bbox 1673 3343 1862 3398; x_wconf 86' lang='lat' dir='ltr'><strong>Postea</strong></span> <span class='ocrx_word' id='word_1_273' title='bbox 1892 3345 1978 3398; x_wconf 88' lang='lat' dir='ltr'><strong>in-</strong></span> 
     </span>
    </p>
   </div>
   <div class='ocr_carea' id='block_1_34' title="bbox 394 3434 1978 3505">
    <p class='ocr_par' dir='ltr' id='par_1_34' title="bbox 394 3434 1978 3505">
     <span class='ocr_line' id='line_1_34' title="bbox 394 3434 1978 3505; baseline -0.001 -15"><span class='ocrx_word' id='word_1_274' title='bbox 394 3436 622 3491; x_wconf 86' lang='lat' dir='ltr'><strong>dicando</strong></span> <span class='ocrx_word' id='word_1_275' title='bbox 652 3437 991 3491; x_wconf 83' lang='lat' dir='ltr'><strong>eminentiam</strong></span> <span class='ocrx_word' id='word_1_276' title='bbox 1023 3439 1279 3490; x_wconf 89' lang='lat' dir='ltr'><strong>bonorum</strong></span> <span class='ocrx_word' id='word_1_277' title='bbox 1312 3436 1463 3490; x_wconf 90' lang='lat' dir='ltr'><strong>nobis</strong></span> <span class='ocrx_word' id='word_1_278' title='bbox 1490 3437 1865 3505; x_wconf 86' lang='lat' dir='ltr'><strong>repositorum,</strong></span> <span class='ocrx_word' id='word_1_279' title='bbox 1896 3434 1978 3489; x_wconf 87' lang='lat' dir='ltr'><strong>di-</strong></span> 
     </span>
    </p>
   </div>
   <div class='ocr_carea' id='block_1_35' title="bbox 393 3526 1978 3598">
    <p class='ocr_par' dir='ltr' id='par_1_35' title="bbox 393 3526 1978 3598">
     <span class='ocr_line' id='line_1_35' title="bbox 393 3526 1978 3598; baseline -0.001 -18"><span class='ocrx_word' id='word_1_280' title='bbox 393 3528 498 3580; x_wconf 77' lang='lat' dir='ltr'><strong>cit:</strong></span> <span class='ocrx_word' id='word_1_281' title='bbox 528 3528 722 3581; x_wconf 78' lang='lat' dir='ltr'><strong>Etenim</strong></span> <span class='ocrx_word' id='word_1_282' title='bbox 744 3529 794 3582; x_wconf 86' lang='lat' dir='ltr'><strong>in</strong></span> <span class='ocrx_word' id='word_1_283' title='bbox 823 3528 1299 3598; x_wconf 74' lang='lat' dir='ltr'><strong>Irociuge‘miscimus</strong></span> <span class='ocrx_word' id='word_1_284' title='bbox 1320 3526 1663 3581; x_wconf 81' lang='lat' dir='ltr'><strong>tabernaculo.</strong></span> <span class='ocrx_word' id='word_1_285' title='bbox 1692 3526 1804 3581; x_wconf 85' lang='lat' dir='ltr'><strong>Non</strong></span> <span class='ocrx_word' id='word_1_286' title='bbox 1828 3527 1978 3595; x_wconf 81' lang='lat' dir='ltr'><strong>dixit,</strong></span> 
     </span>
    </p>
   </div>
   <div class='ocr_carea' id='block_1_36' title="bbox 395 3618 1984 3687">
    <p class='ocr_par' dir='ltr' id='par_1_36' title="bbox 395 3618 1984 3687">
     <span class='ocr_line' id='line_1_36' title="bbox 395 3618 1984 3687; baseline 0 -16"><span class='ocrx_word' id='word_1_287' title='bbox 395 3620 723 3687; x_wconf 72' lang='lat' dir='ltr'><strong>ingenuis‘co;</strong></span> <span class='ocrx_word' id='word_1_288' title='bbox 775 3619 866 3672; x_wconf 72' lang='lat' dir='ltr'><strong>sed</strong></span> <span class='ocrx_word' id='word_1_289' title='bbox 896 3626 1234 3672; x_wconf 73' lang='lat' dir='ltr'><strong>co&#39;u&#39;imtmem</strong></span> <span class='ocrx_word' id='word_1_290' title='bbox 1274 3618 1447 3672; x_wconf 87' lang='lat' dir='ltr'><strong>reddit</strong></span> <span class='ocrx_word' id='word_1_291' title='bbox 1492 3619 1809 3672; x_wconf 87' lang='lat' dir='ltr'><strong>sententiam</strong></span> <span class='ocrx_word' id='word_1_292' title='bbox 1841 3639 1851 3671; x_wconf 92' lang='lat'><strong>:</strong></span> <span class='ocrx_word' id='word_1_293' title='bbox 1888 3619 1984 3672; x_wconf 81' lang='lat' dir='ltr'><strong>Et-</strong></span> 
     </span>
    </p>
   </div>
   <div class='ocr_carea' id='block_1_37' title="bbox 393 3706 1979 3780">
    <p class='ocr_par' dir='ltr' id='par_1_37' title="bbox 393 3706 1979 3780">
     <span class='ocr_line' id='line_1_37' title="bbox 393 3706 1979 3780; baseline 0 -18"><span class='ocrx_word' id='word_1_294' title='bbox 393 3708 528 3763; x_wconf 76' lang='lat' dir='ltr'><strong>enim</strong></span> <span class='ocrx_word' id='word_1_295' title='bbox 558 3706 609 3762; x_wconf 78' lang='lat' dir='ltr'><strong>in</strong></span> <span class='ocrx_word' id='word_1_296' title='bbox 635 3709 751 3775; x_wconf 77' lang='lat' dir='ltr'><strong>li’oc,</strong></span> <span class='ocrx_word' id='word_1_297' title='bbox 776 3710 964 3778; x_wconf 79' lang='lat' dir='ltr'><strong>inquit,</strong></span> <span class='ocrx_word' id='word_1_298' title='bbox 990 3710 1395 3780; x_wconf 81' lang='lat' dir='ltr'><strong>ingemiscimus;</strong></span> <span class='ocrx_word' id='word_1_299' title='bbox 1416 3709 1602 3763; x_wconf 86' lang='lat' dir='ltr'><strong>volens</strong></span> <span class='ocrx_word' id='word_1_300' title='bbox 1626 3725 1718 3764; x_wconf 86' lang='lat' dir='ltr'><strong>eos</strong></span> <span class='ocrx_word' id='word_1_301' title='bbox 1737 3709 1803 3764; x_wconf 84' lang='lat' dir='ltr'><strong>ad</strong></span> <span class='ocrx_word' id='word_1_302' title='bbox 1830 3723 1979 3763; x_wconf 89' lang='lat' dir='ltr'><strong>suam</strong></span> 
     </span>
    </p>
   </div>
   <div class='ocr_carea' id='block_1_38' title="bbox 394 3800 1979 3871">
    <p class='ocr_par' dir='ltr' id='par_1_38' title="bbox 394 3800 1979 3871">
     <span class='ocr_line' id='line_1_38' title="bbox 394 3800 1979 3871; baseline 0.002 -20"><span class='ocrx_word' id='word_1_303' title='bbox 394 3800 784 3868; x_wconf 72' lang='lat' dir='ltr'><strong>philosophiam</strong></span> <span class='ocrx_word' id='word_1_304' title='bbox 826 3807 1058 3863; x_wconf 81' lang='lat' dir='ltr'><strong>trahere,</strong></span> <span class='ocrx_word' id='word_1_305' title='bbox 1083 3807 1135 3853; x_wconf 87' lang='lat' dir='ltr'><strong>ct</strong></span> <span class='ocrx_word' id='word_1_306' title='bbox 1158 3801 1236 3854; x_wconf 82' lang='lat' dir='ltr'><strong>sui</strong></span> <span class='ocrx_word' id='word_1_307' title='bbox 1262 3800 1445 3870; x_wconf 89' lang='lat' dir='ltr'><strong>judicii</strong></span> <span class='ocrx_word' id='word_1_308' title='bbox 1478 3801 1650 3856; x_wconf 75' lang='lat' dir='ltr'><strong>facere</strong></span> <span class='ocrx_word' id='word_1_309' title='bbox 1679 3801 1979 3871; x_wconf 86' lang='lat' dir='ltr'><strong>participes.</strong></span> 
     </span>
    </p>
   </div>
   <div class='ocr_carea' id='block_1_39' title="bbox 396 3888 1982 3960">
    <p class='ocr_par' dir='ltr' id='par_1_39' title="bbox 396 3888 1982 3960">
     <span class='ocr_line' id='line_1_39' title="bbox 396 3888 1982 3960; baseline -0.003 -12"><span class='ocrx_word' id='word_1_310' title='bbox 396 3888 601 3948; x_wconf 71' lang='lat' dir='ltr'><strong>Etenim</strong></span> <span class='ocrx_word' id='word_1_311' title='bbox 642 3890 693 3944; x_wconf 81' lang='lat' dir='ltr'><strong>in</strong></span> <span class='ocrx_word' id='word_1_312' title='bbox 738 3890 833 3944; x_wconf 86' lang='lat' dir='ltr'><strong>hoc</strong></span> <span class='ocrx_word' id='word_1_313' title='bbox 857 3891 1248 3960; x_wconf 81' lang='lat' dir='ltr'><strong>ingemiscinms,</strong></span> <span class='ocrx_word' id='word_1_314' title='bbox 1295 3891 1631 3945; x_wconf 71' lang='lat' dir='ltr'><strong>deSideranles</strong></span> <span class='ocrx_word' id='word_1_315' title='bbox 1674 3892 1982 3945; x_wconf 75' lang='lat' dir='ltr'><strong>domicilium</strong></span> 
     </span>
    </p>
   </div>
   <div class='ocr_carea' id='block_1_40' title="bbox 393 3980 1982 4052">
    <p class='ocr_par' dir='ltr' id='par_1_40' title="bbox 393 3980 1982 4052">
     <span class='ocr_line' id='line_1_40' title="bbox 393 3980 1982 4052; baseline 0.001 -19"><span class='ocrx_word' id='word_1_316' title='bbox 393 3982 624 4035; x_wconf 66' lang='lat' dir='ltr'><strong>nasum</strong></span> <span class='ocrx_word' id='word_1_317' title='bbox 653 3996 679 4035; x_wconf 89' lang='lat' dir='ltr'><strong>e</strong></span> <span class='ocrx_word' id='word_1_318' title='bbox 702 3982 825 4035; x_wconf 73' lang='lat' dir='ltr'><strong>cazlo</strong></span> <span class='ocrx_word' id='word_1_319' title='bbox 850 3981 1145 4052; x_wconf 75' lang='lat' dir='ltr'><strong>superindai</strong></span> <span class='ocrx_word' id='word_1_320' title='bbox 1177 3998 1195 4035; x_wconf 91' lang='lat'><strong>:</strong></span> <span class='ocrx_word' id='word_1_321' title='bbox 1240 3997 1345 4035; x_wconf 92' lang='lat' dir='ltr'><strong>non</strong></span> <span class='ocrx_word' id='word_1_322' title='bbox 1384 3982 1516 4035; x_wconf 88' lang='lat' dir='ltr'><strong>dixit</strong></span> <span class='ocrx_word' id='word_1_323' title='bbox 1541 3982 1866 4050; x_wconf 88' lang='lat' dir='ltr'><strong>simpliciter,</strong></span> <span class='ocrx_word' id='word_1_324' title='bbox 1897 3980 1982 4035; x_wconf 89' lang='lat' dir='ltr'><strong>ln-</strong></span> 
     </span>
    </p>
   </div>
   <div class='ocr_carea' id='block_1_41' title="bbox 397 4070 1983 4142">
    <p class='ocr_par' dir='ltr' id='par_1_41' title="bbox 397 4070 1983 4142">
     <span class='ocr_line' id='line_1_41' title="bbox 397 4070 1983 4142; baseline 0.001 -17"><span class='ocrx_word' id='word_1_325' title='bbox 397 4071 522 4136; x_wconf 79' lang='lat' dir='ltr'><strong>dui;</strong></span> <span class='ocrx_word' id='word_1_326' title='bbox 552 4070 645 4126; x_wconf 83' lang='lat' dir='ltr'><strong>sed</strong></span> <span class='ocrx_word' id='word_1_327' title='bbox 687 4070 997 4142; x_wconf 79' lang='lat' dir='ltr'><strong>Sup‘erindut</strong></span> <span class='ocrx_word' id='word_1_328' title='bbox 1021 4091 1042 4127; x_wconf 88' lang='lat'><strong><em>:</em></strong></span> <span class='ocrx_word' id='word_1_329' title='bbox 1086 4084 1137 4127; x_wconf 88' lang='lat' dir='ltr'><strong>et</strong></span> <span class='ocrx_word' id='word_1_330' title='bbox 1164 4073 1364 4142; x_wconf 84' lang='lat' dir='ltr'><strong>adjicit,</strong></span> <span class='ocrx_word' id='word_1_331' title='bbox 1396 4072 1458 4128; x_wconf 89' lang='lat' dir='ltr'><strong>Si</strong></span> <span class='ocrx_word' id='word_1_332' title='bbox 1484 4083 1649 4125; x_wconf 83' lang='lat' dir='ltr'><strong>tamen</strong></span> <span class='ocrx_word' id='word_1_333' title='bbox 1671 4074 1850 4137; x_wconf 67' lang='lat' dir='ltr'><strong>veSIiti,</strong></span> <span class='ocrx_word' id='word_1_334' title='bbox 1880 4090 1983 4127; x_wconf 78' lang='lat' dir='ltr'><strong>non</strong></span> 
     </span>
    </p>
   </div>
   <div class='ocr_carea' id='block_1_42' title="bbox 396 4163 1979 4237">
    <p class='ocr_par' dir='ltr' id='par_1_42' title="bbox 396 4163 1979 4237">
     <span class='ocr_line' id='line_1_42' title="bbox 396 4163 1979 4237; baseline 0.002 -20"><span class='ocrx_word' id='word_1_335' title='bbox 396 4166 522 4217; x_wconf 84' lang='lat' dir='ltr'><strong>muli</strong></span> <span class='ocrx_word' id='word_1_336' title='bbox 561 4166 880 4218; x_wconf 81' lang='lat' dir='ltr'><strong>inveniamur</strong></span> <span class='ocrx_word' id='word_1_337' title='bbox 914 4163 1078 4237; x_wconf 89' lang='lat' dir='ltr'><strong>(Ibid.</strong></span> <span class='ocrx_word' id='word_1_338' title='bbox 1110 4181 1158 4218; x_wconf 84' lang='grc' dir='ltr'><strong>υ.</strong></span> <span class='ocrx_word' id='word_1_339' title='bbox 1188 4164 1266 4236; x_wconf 81' lang='grc'><strong>5).</strong></span> <span class='ocrx_word' id='word_1_340' title='bbox 1299 4165 1365 4220; x_wconf 87' lang='lat' dir='ltr'><strong>Et</strong></span> <span class='ocrx_word' id='word_1_341' title='bbox 1396 4165 1605 4220; x_wconf 85' lang='lat' dir='ltr'><strong>videtur</strong></span> <span class='ocrx_word' id='word_1_342' title='bbox 1638 4166 1850 4237; x_wconf 81' lang='lat' dir='ltr'><strong>quidem</strong></span> <span class='ocrx_word' id='word_1_343' title='bbox 1882 4167 1979 4220; x_wconf 87' lang='lat' dir='ltr'><strong>ob-</strong></span> 
     </span>
    </p>
   </div>
   <div class='ocr_carea' id='block_1_43' title="bbox 397 4256 1980 4329">
    <p class='ocr_par' dir='ltr' id='par_1_43' title="bbox 397 4256 1980 4329">
     <span class='ocr_line' id='line_1_43' title="bbox 397 4256 1980 4329; baseline 0 -19"><span class='ocrx_word' id='word_1_344' title='bbox 397 4258 609 4329; x_wconf 68' lang='lat' dir='ltr'><strong>sicurum</strong></span> <span class='ocrx_word' id='word_1_345' title='bbox 640 4268 759 4311; x_wconf 88' lang='lat' dir='ltr'><strong>esse</strong></span> <span class='ocrx_word' id='word_1_346' title='bbox 782 4298 797 4322; x_wconf 93' lang='lat'><strong>,</strong></span> <span class='ocrx_word' id='word_1_347' title='bbox 830 4257 969 4326; x_wconf 89' lang='lat' dir='ltr'><strong>quod</strong></span> <span class='ocrx_word' id='word_1_348' title='bbox 1009 4257 1208 4311; x_wconf 85' lang='lat' dir='ltr'><strong>dictum</strong></span> <span class='ocrx_word' id='word_1_349' title='bbox 1251 4265 1365 4321; x_wconf 86' lang='lat' dir='ltr'><strong>est;</strong></span> <span class='ocrx_word' id='word_1_350' title='bbox 1400 4256 1449 4310; x_wconf 84' lang='lat' dir='ltr'><strong>iit</strong></span> <span class='ocrx_word' id='word_1_351' title='bbox 1495 4272 1621 4311; x_wconf 90' lang='lat' dir='ltr'><strong>vero</strong></span> <span class='ocrx_word' id='word_1_352' title='bbox 1652 4257 1980 4312; x_wconf 78' lang='lat' dir='ltr'><strong>manifestius</strong></span> 
     </span>
    </p>
   </div>
   <div class='ocr_carea' id='block_1_44' title="bbox 400 4348 1979 4418">
    <p class='ocr_par' dir='ltr' id='par_1_44' title="bbox 400 4348 1979 4418">
     <span class='ocr_line' id='line_1_44' title="bbox 400 4348 1979 4418; baseline 0.001 -17"><span class='ocrx_word' id='word_1_353' title='bbox 400 4360 495 4418; x_wconf 88' lang='lat' dir='ltr'><strong>per</strong></span> <span class='ocrx_word' id='word_1_354' title='bbox 522 4362 585 4402; x_wconf 88' lang='lat' dir='ltr'><strong>ea</strong></span> <span class='ocrx_word' id='word_1_355' title='bbox 615 4364 733 4416; x_wconf 65' lang='lat' dir='ltr'><strong>quae</strong></span> <span class='ocrx_word' id='word_1_356' title='bbox 774 4348 1073 4403; x_wconf 87' lang='lat' dir='ltr'><strong>subduntur</strong></span> <span class='ocrx_word' id='word_1_357' title='bbox 1100 4367 1114 4399; x_wconf 71' lang='grc' dir='ltr'><strong>τ</strong></span> <span class='ocrx_word' id='word_1_358' title='bbox 1149 4348 1346 4402; x_wconf 83' lang='lat' dir='ltr'><strong>Etenim</strong></span> <span class='ocrx_word' id='word_1_359' title='bbox 1374 4350 1462 4417; x_wconf 80' lang='lat' dir='ltr'><strong>qui</strong></span> <span class='ocrx_word' id='word_1_360' title='bbox 1487 4364 1657 4403; x_wconf 83' lang='lat' dir='ltr'><strong>sumus</strong></span> <span class='ocrx_word' id='word_1_361' title='bbox 1686 4351 1738 4403; x_wconf 83' lang='lat' dir='ltr'><strong>in</strong></span> <span class='ocrx_word' id='word_1_362' title='bbox 1773 4351 1867 4404; x_wconf 83' lang='lat' dir='ltr'><strong>hoc</strong></span> <span class='ocrx_word' id='word_1_363' title='bbox 1896 4360 1979 4402; x_wconf 85' lang='lat' dir='ltr'><strong>ta-</strong></span> 
     </span>
    </p>
   </div>
   <div class='ocr_carea' id='block_1_45' title="bbox 394 4439 1974 4512">
    <p class='ocr_par' dir='ltr' id='par_1_45' title="bbox 394 4439 1974 4512">
     <span class='ocr_line' id='line_1_45' title="bbox 394 4439 1974 4512; baseline 0.003 -20"><span class='ocrx_word' id='word_1_364' title='bbox 394 4439 688 4508; x_wconf 72' lang='lat' dir='ltr'><strong>bérnaculo,</strong></span> <span class='ocrx_word' id='word_1_365' title='bbox 710 4440 1076 4509; x_wconf 78' lang='lat' dir='ltr'><strong>ingemisciums</strong></span> <span class='ocrx_word' id='word_1_366' title='bbox 1100 4441 1309 4510; x_wconf 70' lang='lat' dir='ltr'><strong>gravati,</strong></span> <span class='ocrx_word' id='word_1_367' title='bbox 1338 4456 1397 4495; x_wconf 83' lang='lat' dir='ltr'><strong>eo</strong></span> <span class='ocrx_word' id='word_1_368' title='bbox 1421 4442 1555 4512; x_wconf 81' lang='lat' dir='ltr'><strong>quod</strong></span> <span class='ocrx_word' id='word_1_369' title='bbox 1582 4443 1815 4497; x_wconf 78' lang='lat' dir='ltr'><strong>nolumus</strong></span> <span class='ocrx_word' id='word_1_370' title='bbox 1840 4445 1974 4510; x_wconf 70' lang='lat' dir='ltr'><strong>exui,</strong></span> 
     </span>
    </p>
   </div>
   <div class='ocr_carea' id='block_1_46' title="bbox 395 4524 1171 4601">
    <p class='ocr_par' dir='ltr' id='par_1_46' title="bbox 395 4524 1171 4601">
     <span class='ocr_line' id='line_1_46' title="bbox 395 4524 1171 4601; baseline 0.006 -21"><span class='ocrx_word' id='word_1_371' title='bbox 395 4530 483 4586; x_wconf 65' lang='lat' dir='ltr'><strong>sed</strong></span> <span class='ocrx_word' id='word_1_372' title='bbox 503 4531 799 4599; x_wconf 81' lang='lat' dir='ltr'><strong>superindui</strong></span> <span class='ocrx_word' id='word_1_373' title='bbox 826 4524 985 4601; x_wconf 82' lang='lat' dir='ltr'><strong>(Ibid.</strong></span> <span class='ocrx_word' id='word_1_374' title='bbox 1016 4548 1063 4585; x_wconf 82' lang='grc' dir='ltr'><strong>υ.</strong></span> <span class='ocrx_word' id='word_1_375' title='bbox 1094 4531 1171 4601; x_wconf 76' lang='grc'><strong>4).</strong></span> 
     </span>
    </p>
   </div>
   <div class='ocr_carea' id='block_1_47' title="bbox 473 4704 1979 4768">
    <p class='ocr_par' dir='ltr' id='par_1_47' title="bbox 473 4704 1979 4768">
     <span class='ocr_line' id='line_1_47' title="bbox 473 4704 1979 4768; baseline 0.006 -9"><span class='ocrx_word' id='word_1_376' title='bbox 473 4704 718 4761; x_wconf 73' lang='lat' dir='ltr'><strong>Adversus</strong></span> <span class='ocrx_word' id='word_1_377' title='bbox 744 4709 1056 4763; x_wconf 72' lang='lat' dir='ltr'><strong>Mauichwos</strong></span> <span class='ocrx_word' id='word_1_378' title='bbox 1074 4720 1316 4765; x_wconf 74' lang='lat' dir='ltr'><strong>naturam</strong></span> <span class='ocrx_word' id='word_1_379' title='bbox 1343 4724 1566 4767; x_wconf 79' lang='lat' dir='ltr'><strong>nostram</strong></span> <span class='ocrx_word' id='word_1_380' title='bbox 1604 4724 1659 4767; x_wconf 88' lang='lat' dir='ltr'><strong>ut</strong></span> <span class='ocrx_word' id='word_1_381' title='bbox 1685 4715 1871 4767; x_wconf 84' lang='lat' dir='ltr'><strong>malam</strong></span> <span class='ocrx_word' id='word_1_382' title='bbox 1900 4716 1979 4768; x_wconf 87' lang='lat' dir='ltr'><strong>in-</strong></span> 
     </span>
    </p>
   </div>
   <div class='ocr_carea' id='block_1_48' title="bbox 395 4801 1973 4877">
    <p class='ocr_par' dir='ltr' id='par_1_48' title="bbox 395 4801 1973 4877">
     <span class='ocr_line' id='line_1_48' title="bbox 395 4801 1973 4877; baseline 0.006 -24"><span class='ocrx_word' id='word_1_383' title='bbox 395 4809 665 4865; x_wconf 76' lang='lat' dir='ltr'><strong>cusantes;</strong></span> <span class='ocrx_word' id='word_1_384' title='bbox 691 4818 781 4853; x_wconf 85' lang='lat' dir='ltr'><strong>cur</strong></span> <span class='ocrx_word' id='word_1_385' title='bbox 803 4801 1188 4873; x_wconf 82' lang='lat' dir='ltr'><strong>ingemiscamus</strong></span> <span class='ocrx_word' id='word_1_386' title='bbox 1207 4805 1261 4856; x_wconf 86' lang='lat' dir='ltr'><strong>in</strong></span> <span class='ocrx_word' id='word_1_387' title='bbox 1290 4807 1385 4858; x_wconf 83' lang='lat' dir='ltr'><strong>hac</strong></span> <span class='ocrx_word' id='word_1_388' title='bbox 1411 4807 1528 4859; x_wconf 75' lang='lat' dir='ltr'><strong>vita.</strong></span> <span class='ocrx_word' id='word_1_389' title='bbox 1553 4807 1814 4875; x_wconf 38' lang='lat' dir='ltr'><strong>-—-.Vides</strong></span> <span class='ocrx_word' id='word_1_390' title='bbox 1840 4824 1944 4877; x_wconf 83' lang='lat' dir='ltr'><strong>quo</strong></span> <span class='ocrx_word' id='word_1_391' title='bbox 1961 4839 1973 4848; x_wconf 90' lang='lat'><strong>-</strong></span> 
     </span>
    </p>
   </div>
   <div class='ocr_carea' id='block_1_49' title="bbox 395 4890 1973 4965">
    <p class='ocr_par' dir='ltr' id='par_1_49' title="bbox 395 4890 1973 4965">
     <span class='ocr_line' id='line_1_49' title="bbox 395 4890 1973 4965; baseline 0.008 -24"><span class='ocrx_word' id='word_1_392' title='bbox 395 4890 558 4948; x_wconf 82' lang='lat' dir='ltr'><strong>modo</strong></span> <span class='ocrx_word' id='word_1_393' title='bbox 583 4890 665 4943; x_wconf 92' lang='lat' dir='ltr'><strong>sui</strong></span> <span class='ocrx_word' id='word_1_394' title='bbox 694 4891 857 4960; x_wconf 85' lang='lat' dir='ltr'><strong>ipsius</strong></span> <span class='ocrx_word' id='word_1_395' title='bbox 879 4908 984 4948; x_wconf 88' lang='lat' dir='ltr'><strong>non</strong></span> <span class='ocrx_word' id='word_1_396' title='bbox 1011 4895 1355 4957; x_wconf 86' lang='lat' dir='ltr'><strong>obliviscitur,</strong></span> <span class='ocrx_word' id='word_1_397' title='bbox 1389 4912 1560 4965; x_wconf 79' lang='lat' dir='ltr'><strong>neque</strong></span> <span class='ocrx_word' id='word_1_398' title='bbox 1585 4907 1737 4953; x_wconf 79' lang='lat' dir='ltr'><strong>voCat</strong></span> <span class='ocrx_word' id='word_1_399' title='bbox 1758 4898 1973 4953; x_wconf 85' lang='lat' dir='ltr'><strong>domum</strong></span> 
     </span>
    </p>
   </div>
   <div class='ocr_carea' id='block_1_50' title="bbox 395 4984 1973 5059">
    <p class='ocr_par' dir='ltr' id='par_1_50' title="bbox 395 4984 1973 5059">
     <span class='ocr_line' id='line_1_50' title="bbox 395 4984 1973 5059; baseline 0.006 -24"><span class='ocrx_word' id='word_1_400' title='bbox 395 4984 496 5036; x_wconf 86' lang='lat' dir='ltr'><strong>hoc</strong></span> <span class='ocrx_word' id='word_1_401' title='bbox 517 4998 730 5051; x_wconf 84' lang='lat' dir='ltr'><strong>corpus,</strong></span> <span class='ocrx_word' id='word_1_402' title='bbox 761 4985 851 5038; x_wconf 85' lang='lat' dir='ltr'><strong>sed</strong></span> <span class='ocrx_word' id='word_1_403' title='bbox 881 4985 1299 5051; x_wconf 82' lang='lat' dir='ltr'><strong>tabernaculum,</strong></span> <span class='ocrx_word' id='word_1_404' title='bbox 1324 4987 1402 5042; x_wconf 83' lang='lat' dir='ltr'><strong>Eo</strong></span> <span class='ocrx_word' id='word_1_405' title='bbox 1426 4990 1560 5059; x_wconf 81' lang='lat' dir='ltr'><strong>quod</strong></span> <span class='ocrx_word' id='word_1_406' title='bbox 1585 4992 1817 5044; x_wconf 84' lang='lat' dir='ltr'><strong>nolumus</strong></span> <span class='ocrx_word' id='word_1_407' title='bbox 1834 4995 1973 5059; x_wconf 69' lang='lat' dir='ltr'><strong>exui,</strong></span> 
     </span>
    </p>
   </div>
   <div class='ocr_carea' id='block_1_51' title="bbox 389 5075 1973 5151">
    <p class='ocr_par' dir='ltr' id='par_1_51' title="bbox 389 5075 1973 5151">
     <span class='ocr_line' id='line_1_51' title="bbox 389 5075 1973 5151; baseline 0.004 -22"><span class='ocrx_word' id='word_1_408' title='bbox 389 5075 482 5129; x_wconf 77' lang='lat' dir='ltr'><strong>sed</strong></span> <span class='ocrx_word' id='word_1_409' title='bbox 512 5075 852 5144; x_wconf 80' lang='lat' dir='ltr'><strong>superindui?</strong></span> <span class='ocrx_word' id='word_1_410' title='bbox 881 5076 977 5131; x_wconf 87' lang='lat' dir='ltr'><strong>Hic</strong></span> <span class='ocrx_word' id='word_1_411' title='bbox 1004 5076 1158 5132; x_wconf 81' lang='lat' dir='ltr'><strong>letale</strong></span> <span class='ocrx_word' id='word_1_412' title='bbox 1194 5079 1385 5133; x_wconf 82' lang='lat' dir='ltr'><strong>vulnus</strong></span> <span class='ocrx_word' id='word_1_413' title='bbox 1415 5079 1603 5151; x_wconf 82' lang='lat' dir='ltr'><strong>inﬂigit</strong></span> <span class='ocrx_word' id='word_1_414' title='bbox 1633 5082 1695 5135; x_wconf 90' lang='lat' dir='ltr'><strong>iis</strong></span> <span class='ocrx_word' id='word_1_415' title='bbox 1715 5124 1729 5147; x_wconf 95' lang='lat'><strong>,</strong></span> <span class='ocrx_word' id='word_1_416' title='bbox 1757 5084 1844 5151; x_wconf 88' lang='lat' dir='ltr'><strong>qui</strong></span> <span class='ocrx_word' id='word_1_417' title='bbox 1877 5099 1973 5137; x_wconf 50' lang='lat' dir='ltr'><strong>na-</strong></span> 
     </span>
    </p>
   </div>
   <div class='ocr_carea' id='block_1_52' title="bbox 394 5165 1973 5240">
    <p class='ocr_par' dir='ltr' id='par_1_52' title="bbox 394 5165 1973 5240">
     <span class='ocr_line' id='line_1_52' title="bbox 394 5165 1973 5240; baseline 0.006 -23"><span class='ocrx_word' id='word_1_418' title='bbox 394 5177 567 5220; x_wconf 89' lang='lat' dir='ltr'><strong>turam</strong></span> <span class='ocrx_word' id='word_1_419' title='bbox 587 5165 826 5235; x_wconf 89' lang='lat' dir='ltr'><strong>corporis</strong></span> <span class='ocrx_word' id='word_1_420' title='bbox 842 5174 895 5221; x_wconf 91' lang='lat' dir='ltr'><strong>et</strong></span> <span class='ocrx_word' id='word_1_421' title='bbox 910 5180 1123 5222; x_wconf 87' lang='lat' dir='ltr'><strong>carnem</strong></span> <span class='ocrx_word' id='word_1_422' title='bbox 1141 5179 1374 5224; x_wconf 89' lang='lat' dir='ltr'><strong>nostram</strong></span> <span class='ocrx_word' id='word_1_423' title='bbox 1391 5182 1658 5226; x_wconf 86' lang='lat' dir='ltr'><strong>accusant.</strong></span> <span class='ocrx_word' id='word_1_424' title='bbox 1679 5172 1809 5240; x_wconf 84' lang='lat' dir='ltr'><strong>Quia</strong></span> <span class='ocrx_word' id='word_1_425' title='bbox 1831 5175 1973 5228; x_wconf 89' lang='lat' dir='ltr'><strong>enim</strong></span> 
     </span>
    </p>
   </div>
   <div class='ocr_carea' id='block_1_53' title="bbox 393 5258 1973 5332">
    <p class='ocr_par' dir='ltr' id='par_1_53' title="bbox 393 5258 1973 5332">
     <span class='ocr_line' id='line_1_53' title="bbox 393 5258 1973 5332; baseline 0.005 -20"><span class='ocrx_word' id='word_1_426' title='bbox 393 5258 530 5313; x_wconf 69' lang='lat' dir='ltr'><strong>dixit</strong></span> <span class='ocrx_word' id='word_1_427' title='bbox 554 5260 693 5328; x_wconf 91' lang='lat' dir='ltr'><strong>quod</strong></span> <span class='ocrx_word' id='word_1_428' title='bbox 721 5260 1134 5330; x_wconf 78' lang='lat' dir='ltr'><strong>ingemiscimus,</strong></span> <span class='ocrx_word' id='word_1_429' title='bbox 1164 5269 1220 5315; x_wconf 92' lang='lat' dir='ltr'><strong>et</strong></span> <span class='ocrx_word' id='word_1_430' title='bbox 1237 5263 1358 5315; x_wconf 79' lang='lat' dir='ltr'><strong>exui</strong></span> <span class='ocrx_word' id='word_1_431' title='bbox 1388 5263 1632 5318; x_wconf 84' lang='lat' dir='ltr'><strong>volumus</strong></span> <span class='ocrx_word' id='word_1_432' title='bbox 1656 5282 1669 5317; x_wconf 90' lang='lat'><strong>:</strong></span> <span class='ocrx_word' id='word_1_433' title='bbox 1705 5276 1761 5319; x_wconf 91' lang='lat' dir='ltr'><strong>ut</strong></span> <span class='ocrx_word' id='word_1_434' title='bbox 1785 5281 1851 5320; x_wconf 90' lang='lat' dir='ltr'><strong>ne</strong></span> <span class='ocrx_word' id='word_1_435' title='bbox 1879 5280 1973 5332; x_wconf 79' lang='lat' dir='ltr'><strong>pu-</strong></span> 
     </span>
    </p>
   </div>
   <div class='ocr_carea' id='block_1_54' title="bbox 395 5352 1973 5424">
    <p class='ocr_par' dir='ltr' id='par_1_54' title="bbox 395 5352 1973 5424">
     <span class='ocr_line' id='line_1_54' title="bbox 395 5352 1973 5424; baseline 0.005 -21"><span class='ocrx_word' id='word_1_436' title='bbox 395 5359 473 5403; x_wconf 79' lang='lat' dir='ltr'><strong>tes</strong></span> <span class='ocrx_word' id='word_1_437' title='bbox 504 5352 642 5419; x_wconf 89' lang='lat' dir='ltr'><strong>quod</strong></span> <span class='ocrx_word' id='word_1_438' title='bbox 671 5364 866 5422; x_wconf 85' lang='lat' dir='ltr'><strong>corpus</strong></span> <span class='ocrx_word' id='word_1_439' title='bbox 889 5353 1040 5422; x_wconf 84' lang='lat' dir='ltr'><strong>quasi</strong></span> <span class='ocrx_word' id='word_1_440' title='bbox 1066 5353 1260 5407; x_wconf 87' lang='lat' dir='ltr'><strong>malum</strong></span> <span class='ocrx_word' id='word_1_441' title='bbox 1282 5354 1515 5424; x_wconf 86' lang='lat' dir='ltr'><strong>aliquod,</strong></span> <span class='ocrx_word' id='word_1_442' title='bbox 1547 5367 1601 5411; x_wconf 91' lang='lat' dir='ltr'><strong>et</strong></span> <span class='ocrx_word' id='word_1_443' title='bbox 1622 5372 1835 5412; x_wconf 86' lang='lat' dir='ltr'><strong>causam</strong></span> <span class='ocrx_word' id='word_1_444' title='bbox 1860 5374 1973 5411; x_wconf 86' lang='lat' dir='ltr'><strong>ma-</strong></span> 
     </span>
    </p>
   </div>
   <div class='ocr_carea' id='block_1_55' title="bbox 395 5438 1973 5517">
    <p class='ocr_par' dir='ltr' id='par_1_55' title="bbox 395 5438 1973 5517">
     <span class='ocr_line' id='line_1_55' title="bbox 395 5438 1973 5517; baseline 0.006 -25"><span class='ocrx_word' id='word_1_445' title='bbox 395 5438 542 5501; x_wconf 64' lang='lat' dir='ltr'><strong>litiar,</strong></span> <span class='ocrx_word' id='word_1_446' title='bbox 573 5450 627 5494; x_wconf 89' lang='lat' dir='ltr'><strong>et</strong></span> <span class='ocrx_word' id='word_1_447' title='bbox 655 5443 949 5510; x_wconf 88' lang='lat' dir='ltr'><strong>inimicum,</strong></span> <span class='ocrx_word' id='word_1_448' title='bbox 981 5450 1036 5505; x_wconf 83' lang='lat' dir='ltr'><strong>et</strong></span> <span class='ocrx_word' id='word_1_449' title='bbox 1058 5441 1266 5497; x_wconf 88' lang='lat' dir='ltr'><strong>hostem</strong></span> <span class='ocrx_word' id='word_1_450' title='bbox 1298 5444 1495 5514; x_wconf 78' lang='lat' dir='ltr'><strong>fugiat,</strong></span> <span class='ocrx_word' id='word_1_451' title='bbox 1546 5447 1666 5500; x_wconf 87' lang='lat' dir='ltr'><strong>audi</strong></span> <span class='ocrx_word' id='word_1_452' title='bbox 1706 5449 1973 5517; x_wconf 89' lang='lat' dir='ltr'><strong>quomodo</strong></span> 
     </span>
    </p>
   </div>
   <div class='ocr_carea' id='block_1_56' title="bbox 395 5526 1969 5606">
    <p class='ocr_par' dir='ltr' id='par_1_56' title="bbox 395 5526 1969 5606">
     <span class='ocr_line' id='line_1_56' title="bbox 395 5526 1969 5606; baseline 0.004 -22"><span class='ocrx_word' id='word_1_453' title='bbox 395 5526 749 5600; x_wconf 72' lang='lat' dir='ltr'><strong>suspicionem</strong></span> <span class='ocrx_word' id='word_1_454' title='bbox 792 5535 1025 5591; x_wconf 80' lang='lat' dir='ltr'><strong>excludit</strong></span> <span class='ocrx_word' id='word_1_455' title='bbox 1072 5552 1086 5590; x_wconf 93' lang='lat'><strong>:</strong></span> <span class='ocrx_word' id='word_1_456' title='bbox 1133 5536 1363 5606; x_wconf 86' lang='lat' dir='ltr'><strong>primum</strong></span> <span class='ocrx_word' id='word_1_457' title='bbox 1400 5538 1610 5606; x_wconf 81' lang='lat' dir='ltr'><strong>quidem</strong></span> <span class='ocrx_word' id='word_1_458' title='bbox 1640 5554 1760 5593; x_wconf 89' lang='lat' dir='ltr'><strong>eum</strong></span> <span class='ocrx_word' id='word_1_459' title='bbox 1803 5540 1969 5594; x_wconf 88' lang='lat' dir='ltr'><strong>dicit:</strong></span> 
     </span>
    </p>
   </div>
   <div class='ocr_carea' id='block_1_57' title="bbox 389 5620 1974 5701">
    <p class='ocr_par' dir='ltr' id='par_1_57' title="bbox 389 5620 1974 5701">
     <span class='ocr_line' id='line_1_57' title="bbox 389 5620 1974 5701; baseline 0.006 -25"><span class='ocrx_word' id='word_1_460' title='bbox 389 5620 780 5690; x_wconf 81' lang='lat' dir='ltr'><strong>lngemiscimus</strong></span> <span class='ocrx_word' id='word_1_461' title='bbox 822 5626 1129 5682; x_wconf 80' lang='lat' dir='ltr'><strong>domicilium</strong></span> <span class='ocrx_word' id='word_1_462' title='bbox 1176 5638 1401 5682; x_wconf 82' lang='lat' dir='ltr'><strong>nostrum</strong></span> <span class='ocrx_word' id='word_1_463' title='bbox 1447 5632 1639 5684; x_wconf 77' lang='lat' dir='ltr'><strong>creleste</strong></span> <span class='ocrx_word' id='word_1_464' title='bbox 1679 5634 1974 5701; x_wconf 74' lang='lat' dir='ltr'><strong>super-indui</strong></span> 
     </span>
    </p>
   </div>
   <div class='ocr_carea' id='block_1_58' title="bbox 393 5710 1970 5790">
    <p class='ocr_par' dir='ltr' id='par_1_58' title="bbox 393 5710 1970 5790">
     <span class='ocr_line' id='line_1_58' title="bbox 393 5710 1970 5790; baseline 0.01 -28"><span class='ocrx_word' id='word_1_465' title='bbox 393 5710 735 5767; x_wconf 77' lang='lat' dir='ltr'><strong>desiderantes</strong></span> <span class='ocrx_word' id='word_1_466' title='bbox 761 5712 919 5785; x_wconf 84' lang='lat' dir='ltr'><strong>(Ibid.</strong></span> <span class='ocrx_word' id='word_1_467' title='bbox 942 5732 991 5769; x_wconf 80' lang='grc' dir='ltr'><strong><em>υ.</em></strong></span> <span class='ocrx_word' id='word_1_468' title='bbox 1012 5717 1094 5786; x_wconf 72' lang='lat'><strong>2).</strong></span> <span class='ocrx_word' id='word_1_469' title='bbox 1137 5718 1236 5785; x_wconf 84' lang='lat' dir='ltr'><strong>Qui</strong></span> <span class='ocrx_word' id='word_1_470' title='bbox 1268 5719 1408 5772; x_wconf 84' lang='lat' dir='ltr'><strong>enim</strong></span> <span class='ocrx_word' id='word_1_471' title='bbox 1436 5721 1848 5790; x_wconf 89' lang='lat' dir='ltr'><strong>superinduitur,</strong></span> <span class='ocrx_word' id='word_1_472' title='bbox 1883 5740 1970 5778; x_wconf 90' lang='lat' dir='ltr'><strong>rc-</strong></span> 
     </span>
    </p>
   </div>
   <div class='ocr_carea' id='block_1_59' title="bbox 400 5792 1965 5886">
    <p class='ocr_par' dir='ltr' id='par_1_59' title="bbox 400 5792 1965 5886">
     <span class='ocr_line' id='line_1_59' title="bbox 400 5792 1965 5886; baseline 0.011 -34"><span class='ocrx_word' id='word_1_473' title='bbox 400 5814 525 5853; x_wconf 79' lang='lat' dir='ltr'><strong>vera</strong></span> <span class='ocrx_word' id='word_1_474' title='bbox 547 5801 687 5855; x_wconf 85' lang='lat' dir='ltr'><strong>aliud</strong></span> <span class='ocrx_word' id='word_1_475' title='bbox 717 5803 839 5871; x_wconf 89' lang='lat' dir='ltr'><strong>quid</strong></span> <span class='ocrx_word' id='word_1_476' title='bbox 867 5807 1215 5875; x_wconf 85' lang='lat' dir='ltr'><strong>superinduit.</strong></span> <span class='ocrx_word' id='word_1_477' title='bbox 1256 5809 1454 5865; x_wconf 88' lang='lat' dir='ltr'><strong>Deinde</strong></span> <span class='ocrx_word' id='word_1_478' title='bbox 1479 5827 1597 5867; x_wconf 87' lang='lat' dir='ltr'><strong>cum</strong></span> <span class='ocrx_word' id='word_1_479' title='bbox 1630 5792 1776 5880; x_wconf 75' lang='lat' dir='ltr'><strong>dicit,</strong></span> <span class='ocrx_word' id='word_1_480' title='bbox 1812 5813 1965 5886; x_wconf 78' lang='lat' dir='ltr'><strong>lnge-</strong></span> 
     </span>
    </p>
   </div>
   <div class='ocr_carea' id='block_1_60' title="bbox 1123 364 2938 438">
    <p class='ocr_par' dir='ltr' id='par_1_60' title="bbox 1123 364 2938 438">
     <span class='ocr_line' id='line_1_60' title="bbox 1123 364 2938 438; baseline -0.002 0"><span class='ocrx_word' id='word_1_481' title='bbox 1123 382 1181 438; x_wconf 87' lang='lat' dir='ltr'><strong>s.</strong></span> <span class='ocrx_word' id='word_1_482' title='bbox 1222 380 1500 438; x_wconf 76' lang='lat' dir='ltr'><strong>JO.\NN|S</strong></span> <span class='ocrx_word' id='word_1_483' title='bbox 1536 364 2005 436; x_wconf 68' lang='lat' dir='ltr'><strong>cnnv‘sosr’osﬂ</strong></span> <span class='ocrx_word' id='word_1_484' title='bbox 2044 372 2361 433; x_wconf 73' lang='lat' dir='ltr'><strong>ancmup.</strong></span> <span class='ocrx_word' id='word_1_485' title='bbox 2401 376 2938 435; x_wconf 71' lang='lat' dir='ltr'><strong>CONSTANTINOP.</strong></span> 
     </span>
    </p>
   </div>
   <div class='ocr_carea' id='block_1_61' title="bbox 3571 382 3683 439">
    <p class='ocr_par' dir='ltr' id='par_1_61' title="bbox 3571 382 3683 439">
     <span class='ocr_line' id='line_1_61' title="bbox 3571 382 3683 439; baseline 0 -2"><span class='ocrx_word' id='word_1_486' title='bbox 3571 382 3683 439; x_wconf 68' lang='lat'><strong>£98</strong></span> 
     </span>
    </p>
   </div>
   <div class='ocr_carea' id='block_1_62' title="bbox 2088 489 3676 563">
    <p class='ocr_par' dir='ltr' id='par_1_62' title="bbox 2088 489 3676 563">
     <span class='ocr_line' id='line_1_62' title="bbox 2088 489 3676 563; baseline 0.006 -20"><span class='ocrx_word' id='word_1_487' title='bbox 2088 489 2345 545; x_wconf 80' lang='lat' dir='ltr'><strong>miscimus</strong></span> <span class='ocrx_word' id='word_1_488' title='bbox 2369 494 2581 563; x_wconf 80' lang='lat' dir='ltr'><strong>gravati,</strong></span> <span class='ocrx_word' id='word_1_489' title='bbox 2606 508 2664 547; x_wconf 76' lang='lat' dir='ltr'><strong>eo</strong></span> <span class='ocrx_word' id='word_1_490' title='bbox 2684 494 2818 563; x_wconf 81' lang='lat' dir='ltr'><strong>quod</strong></span> <span class='ocrx_word' id='word_1_491' title='bbox 2838 494 3072 547; x_wconf 79' lang='lat' dir='ltr'><strong>nolumus</strong></span> <span class='ocrx_word' id='word_1_492' title='bbox 3100 496 3233 559; x_wconf 75' lang='lat' dir='ltr'><strong>exui,</strong></span> <span class='ocrx_word' id='word_1_493' title='bbox 3260 497 3346 550; x_wconf 83' lang='lat' dir='ltr'><strong>sed</strong></span> <span class='ocrx_word' id='word_1_494' title='bbox 3376 500 3676 563; x_wconf 69' lang='grc' dir='ltr'><strong>ειιρει-ἐηιιίεὶ</strong></span> 
     </span>
    </p>
   </div>
   <div class='ocr_carea' id='block_1_63' title="bbox 2086 580 3675 652">
    <p class='ocr_par' dir='ltr' id='par_1_63' title="bbox 2086 580 3675 652">
     <span class='ocr_line' id='line_1_63' title="bbox 2086 580 3675 652; baseline 0.007 -18"><span class='ocrx_word' id='word_1_495' title='bbox 2086 580 2443 637; x_wconf 75' lang='lat' dir='ltr'><strong>desiderantes.</strong></span> <span class='ocrx_word' id='word_1_496' title='bbox 2485 582 2637 651; x_wconf 84' lang='lat' dir='ltr'><strong>Quod</strong></span> <span class='ocrx_word' id='word_1_497' title='bbox 2662 593 2838 640; x_wconf 83' lang='lat' dir='ltr'><strong>autem</strong></span> <span class='ocrx_word' id='word_1_498' title='bbox 2867 585 3001 639; x_wconf 88' lang='lat' dir='ltr'><strong>dixit</strong></span> <span class='ocrx_word' id='word_1_499' title='bbox 3038 584 3140 641; x_wconf 87' lang='lat' dir='ltr'><strong>hoc</strong></span> <span class='ocrx_word' id='word_1_500' title='bbox 3163 595 3278 652; x_wconf 85' lang='lat' dir='ltr'><strong>est,</strong></span> <span class='ocrx_word' id='word_1_501' title='bbox 3309 603 3414 642; x_wconf 93' lang='lat' dir='ltr'><strong>non</strong></span> <span class='ocrx_word' id='word_1_502' title='bbox 3455 606 3675 646; x_wconf 84' lang='lat' dir='ltr'><strong>carnem</strong></span> 
     </span>
    </p>
   </div>
   <div class='ocr_carea' id='block_1_64' title="bbox 2088 677 3675 753">
    <p class='ocr_par' dir='ltr' id='par_1_64' title="bbox 2088 677 3675 753">
     <span class='ocr_line' id='line_1_64' title="bbox 2088 677 3675 753; baseline 0.006 -26"><span class='ocrx_word' id='word_1_503' title='bbox 2088 677 2329 730; x_wconf 80' lang='lat' dir='ltr'><strong>volumus</strong></span> <span class='ocrx_word' id='word_1_504' title='bbox 2364 678 2665 748; x_wconf 84' lang='lat' dir='ltr'><strong>deponere,</strong></span> <span class='ocrx_word' id='word_1_505' title='bbox 2697 679 2789 732; x_wconf 72' lang='lat' dir='ltr'><strong>sed</strong></span> <span class='ocrx_word' id='word_1_506' title='bbox 2823 682 3218 748; x_wconf 88' lang='lat' dir='ltr'><strong>corruptionem</strong></span> <span class='ocrx_word' id='word_1_507' title='bbox 3251 698 3265 736; x_wconf 93' lang='lat'><strong>:</strong></span> <span class='ocrx_word' id='word_1_508' title='bbox 3308 698 3414 735; x_wconf 88' lang='lat' dir='ltr'><strong>non</strong></span> <span class='ocrx_word' id='word_1_509' title='bbox 3443 700 3675 753; x_wconf 79' lang='lat' dir='ltr'><strong>corpusr</strong></span> 
     </span>
    </p>
   </div>
   <div class='ocr_carea' id='block_1_65' title="bbox 2087 768 3673 839">
    <p class='ocr_par' dir='ltr' id='par_1_65' title="bbox 2087 768 3673 839">
     <span class='ocr_line' id='line_1_65' title="bbox 2087 768 3673 839; baseline 0.007 -20"><span class='ocrx_word' id='word_1_510' title='bbox 2087 768 2179 820; x_wconf 87' lang='lat' dir='ltr'><strong>sed</strong></span> <span class='ocrx_word' id='word_1_511' title='bbox 2211 778 2458 822; x_wconf 90' lang='lat' dir='ltr'><strong>mortem.</strong></span> <span class='ocrx_word' id='word_1_512' title='bbox 2500 769 2655 825; x_wconf 79' lang='lat' dir='ltr'><strong>Aliud</strong></span> <span class='ocrx_word' id='word_1_513' title='bbox 2692 780 2771 824; x_wconf 79' lang='lat' dir='ltr'><strong>est</strong></span> <span class='ocrx_word' id='word_1_514' title='bbox 2801 785 3015 839; x_wconf 89' lang='lat' dir='ltr'><strong>corpus,</strong></span> <span class='ocrx_word' id='word_1_515' title='bbox 3046 771 3185 826; x_wconf 90' lang='lat' dir='ltr'><strong>aliud</strong></span> <span class='ocrx_word' id='word_1_516' title='bbox 3215 788 3358 827; x_wconf 85' lang='lat' dir='ltr'><strong>mors</strong></span> <span class='ocrx_word' id='word_1_517' title='bbox 3390 792 3403 826; x_wconf 92' lang='lat'><strong>:</strong></span> <span class='ocrx_word' id='word_1_518' title='bbox 3437 785 3490 829; x_wconf 86' lang='lat' dir='ltr'><strong>et</strong></span> <span class='ocrx_word' id='word_1_519' title='bbox 3528 778 3673 830; x_wconf 84' lang='lat' dir='ltr'><strong>aliud</strong></span> 
     </span>
    </p>
   </div>
   <div class='ocr_carea' id='block_1_66' title="bbox 2093 859 3675 934">
    <p class='ocr_par' dir='ltr' id='par_1_66' title="bbox 2093 859 3675 934">
     <span class='ocr_line' id='line_1_66' title="bbox 2093 859 3675 934; baseline 0.006 -23"><span class='ocrx_word' id='word_1_520' title='bbox 2093 873 2302 927; x_wconf 71' lang='lat' dir='ltr'><strong>corpus,</strong></span> <span class='ocrx_word' id='word_1_521' title='bbox 2331 859 2471 914; x_wconf 81' lang='lat' dir='ltr'><strong>aliud</strong></span> <span class='ocrx_word' id='word_1_522' title='bbox 2500 862 2771 930; x_wconf 86' lang='lat' dir='ltr'><strong>corruptio</strong></span> <span class='ocrx_word' id='word_1_523' title='bbox 2796 880 2809 913; x_wconf 74' lang='grc' dir='ltr'><strong>ε</strong></span> <span class='ocrx_word' id='word_1_524' title='bbox 2836 877 3009 931; x_wconf 83' lang='lat' dir='ltr'><strong>neque</strong></span> <span class='ocrx_word' id='word_1_525' title='bbox 3033 874 3230 931; x_wconf 84' lang='lat' dir='ltr'><strong>corpus</strong></span> <span class='ocrx_word' id='word_1_526' title='bbox 3256 867 3552 934; x_wconf 88' lang='lat' dir='ltr'><strong>corruptio,</strong></span> <span class='ocrx_word' id='word_1_527' title='bbox 3582 883 3675 920; x_wconf 82' lang='lat' dir='ltr'><strong>ne-</strong></span> 
     </span>
    </p>
   </div>
   <div class='ocr_carea' id='block_1_67' title="bbox 2087 952 3675 1025">
    <p class='ocr_par' dir='ltr' id='par_1_67' title="bbox 2087 952 3675 1025">
     <span class='ocr_line' id='line_1_67' title="bbox 2087 952 3675 1025; baseline 0.008 -26"><span class='ocrx_word' id='word_1_528' title='bbox 2087 964 2189 1018; x_wconf 82' lang='lat' dir='ltr'><strong>quc</strong></span> <span class='ocrx_word' id='word_1_529' title='bbox 2210 952 2480 1018; x_wconf 77' lang='lat' dir='ltr'><strong>Correptio</strong></span> <span class='ocrx_word' id='word_1_530' title='bbox 2514 961 2595 1005; x_wconf 80' lang='lat' dir='ltr'><strong>est</strong></span> <span class='ocrx_word' id='word_1_531' title='bbox 2619 966 2831 1020; x_wconf 87' lang='lat' dir='ltr'><strong>corpus,</strong></span> <span class='ocrx_word' id='word_1_532' title='bbox 2862 962 2916 1006; x_wconf 93' lang='lat' dir='ltr'><strong>et</strong></span> <span class='ocrx_word' id='word_1_533' title='bbox 2945 955 3287 1022; x_wconf 88' lang='lat' dir='ltr'><strong>corruptibile</strong></span> <span class='ocrx_word' id='word_1_534' title='bbox 3306 955 3520 1025; x_wconf 87' lang='lat' dir='ltr'><strong>quidem</strong></span> <span class='ocrx_word' id='word_1_535' title='bbox 3550 972 3675 1012; x_wconf 89' lang='lat' dir='ltr'><strong>cor-</strong></span> 
     </span>
    </p>
   </div>
   <div class='ocr_carea' id='block_1_68' title="bbox 2088 1040 3676 1119">
    <p class='ocr_par' dir='ltr' id='par_1_68' title="bbox 2088 1040 3676 1119">
     <span class='ocr_line' id='line_1_68' title="bbox 2088 1040 3676 1119; baseline 0.008 -27"><span class='ocrx_word' id='word_1_536' title='bbox 2088 1055 2183 1109; x_wconf 77' lang='lat' dir='ltr'><strong>pth</strong></span> <span class='ocrx_word' id='word_1_537' title='bbox 2213 1052 2321 1105; x_wconf 88' lang='lat' dir='ltr'><strong>est,</strong></span> <span class='ocrx_word' id='word_1_538' title='bbox 2358 1059 2460 1096; x_wconf 90' lang='lat' dir='ltr'><strong>non</strong></span> <span class='ocrx_word' id='word_1_539' title='bbox 2502 1053 2680 1098; x_wconf 89' lang='lat' dir='ltr'><strong>autem</strong></span> <span class='ocrx_word' id='word_1_540' title='bbox 2726 1040 2998 1114; x_wconf 75' lang='lat' dir='ltr'><strong>corruptio</strong></span> <span class='ocrx_word' id='word_1_541' title='bbox 3036 1060 3228 1113; x_wconf 80' lang='lat' dir='ltr'><strong>corpus</strong></span> <span class='ocrx_word' id='word_1_542' title='bbox 3258 1064 3270 1098; x_wconf 90' lang='lat'><strong>:</strong></span> <span class='ocrx_word' id='word_1_543' title='bbox 3314 1048 3445 1102; x_wconf 88' lang='lat' dir='ltr'><strong>item</strong></span> <span class='ocrx_word' id='word_1_544' title='bbox 3480 1064 3676 1119; x_wconf 81' lang='lat' dir='ltr'><strong>corpus</strong></span> 
     </span>
    </p>
   </div>
   <div class='ocr_carea' id='block_1_69' title="bbox 2089 1133 3677 1208">
    <p class='ocr_par' dir='ltr' id='par_1_69' title="bbox 2089 1133 3677 1208">
     <span class='ocr_line' id='line_1_69' title="bbox 2089 1133 3677 1208; baseline 0.008 -25"><span class='ocrx_word' id='word_1_545' title='bbox 2089 1133 2312 1186; x_wconf 89' lang='lat' dir='ltr'><strong>mortale</strong></span> <span class='ocrx_word' id='word_1_546' title='bbox 2341 1142 2444 1196; x_wconf 90' lang='lat' dir='ltr'><strong>est,</strong></span> <span class='ocrx_word' id='word_1_547' title='bbox 2470 1133 2564 1189; x_wconf 90' lang='lat' dir='ltr'><strong>sed</strong></span> <span class='ocrx_word' id='word_1_548' title='bbox 2593 1149 2696 1188; x_wconf 91' lang='lat' dir='ltr'><strong>non</strong></span> <span class='ocrx_word' id='word_1_549' title='bbox 2738 1149 2883 1189; x_wconf 88' lang='lat' dir='ltr'><strong>mors</strong></span> <span class='ocrx_word' id='word_1_550' title='bbox 2912 1145 3013 1190; x_wconf 84' lang='lat' dir='ltr'><strong>est.</strong></span> <span class='ocrx_word' id='word_1_551' title='bbox 3045 1135 3176 1191; x_wconf 83' lang='lat' dir='ltr'><strong>Nam</strong></span> <span class='ocrx_word' id='word_1_552' title='bbox 3203 1152 3401 1207; x_wconf 85' lang='lat' dir='ltr'><strong>corpus</strong></span> <span class='ocrx_word' id='word_1_553' title='bbox 3432 1155 3567 1208; x_wconf 88' lang='lat' dir='ltr'><strong>opus</strong></span> <span class='ocrx_word' id='word_1_554' title='bbox 3591 1150 3677 1196; x_wconf 88' lang='lat' dir='ltr'><strong>cst</strong></span> 
     </span>
    </p>
   </div>
   <div class='ocr_carea' id='block_1_70' title="bbox 2090 1222 3672 1296">
    <p class='ocr_par' dir='ltr' id='par_1_70' title="bbox 2090 1222 3672 1296">
     <span class='ocr_line' id='line_1_70' title="bbox 2090 1222 3672 1296; baseline 0.006 -22"><span class='ocrx_word' id='word_1_555' title='bbox 2090 1222 2205 1286; x_wconf 87' lang='lat' dir='ltr'><strong>Dei,</strong></span> <span class='ocrx_word' id='word_1_556' title='bbox 2237 1225 2507 1292; x_wconf 85' lang='lat' dir='ltr'><strong>corruptio</strong></span> <span class='ocrx_word' id='word_1_557' title='bbox 2532 1233 2707 1279; x_wconf 88' lang='lat' dir='ltr'><strong>autem</strong></span> <span class='ocrx_word' id='word_1_558' title='bbox 2735 1234 2789 1279; x_wconf 91' lang='lat' dir='ltr'><strong>et</strong></span> <span class='ocrx_word' id='word_1_559' title='bbox 2821 1241 2965 1280; x_wconf 88' lang='lat' dir='ltr'><strong>mors</strong></span> <span class='ocrx_word' id='word_1_560' title='bbox 2983 1241 3013 1280; x_wconf 89' lang='lat' dir='ltr'><strong>a</strong></span> <span class='ocrx_word' id='word_1_561' title='bbox 3040 1236 3258 1296; x_wconf 89' lang='lat' dir='ltr'><strong>peccato</strong></span> <span class='ocrx_word' id='word_1_562' title='bbox 3287 1229 3509 1283; x_wconf 77' lang='lat' dir='ltr'><strong>invecta:</strong></span> <span class='ocrx_word' id='word_1_563' title='bbox 3529 1239 3672 1285; x_wconf 84' lang='lat' dir='ltr'><strong>sunt.</strong></span> 
     </span>
    </p>
   </div>
   <div class='ocr_carea' id='block_1_71' title="bbox 2087 1314 3675 1391">
    <p class='ocr_par' dir='ltr' id='par_1_71' title="bbox 2087 1314 3675 1391">
     <span class='ocr_line' id='line_1_71' title="bbox 2087 1314 3675 1391; baseline 0.005 -24"><span class='ocrx_word' id='word_1_564' title='bbox 2087 1314 2250 1382; x_wconf 75' lang='lat' dir='ltr'><strong>igitur</strong></span> <span class='ocrx_word' id='word_1_565' title='bbox 2273 1315 2367 1381; x_wconf 85' lang='lat' dir='ltr'><strong>ait,</strong></span> <span class='ocrx_word' id='word_1_566' title='bbox 2399 1315 2447 1369; x_wconf 91' lang='lat' dir='ltr'><strong>id</strong></span> <span class='ocrx_word' id='word_1_567' title='bbox 2475 1316 2617 1385; x_wconf 88' lang='lat' dir='ltr'><strong>quod</strong></span> <span class='ocrx_word' id='word_1_568' title='bbox 2639 1316 2869 1371; x_wconf 87' lang='lat' dir='ltr'><strong>alienum</strong></span> <span class='ocrx_word' id='word_1_569' title='bbox 2897 1327 2975 1371; x_wconf 91' lang='lat' dir='ltr'><strong>est</strong></span> <span class='ocrx_word' id='word_1_570' title='bbox 3003 1333 3206 1374; x_wconf 83' lang='lat' dir='ltr'><strong>exuere</strong></span> <span class='ocrx_word' id='word_1_571' title='bbox 3228 1320 3368 1385; x_wconf 90' lang='lat' dir='ltr'><strong>volo,</strong></span> <span class='ocrx_word' id='word_1_572' title='bbox 3399 1335 3506 1374; x_wconf 91' lang='lat' dir='ltr'><strong>non</strong></span> <span class='ocrx_word' id='word_1_573' title='bbox 3531 1321 3675 1391; x_wconf 84' lang='lat' dir='ltr'><strong>quod</strong></span> 
     </span>
    </p>
   </div>
   <div class='ocr_carea' id='block_1_72' title="bbox 2091 1408 3675 1480">
    <p class='ocr_par' dir='ltr' id='par_1_72' title="bbox 2091 1408 3675 1480">
     <span class='ocr_line' id='line_1_72' title="bbox 2091 1408 3675 1480; baseline 0.008 -25"><span class='ocrx_word' id='word_1_574' title='bbox 2091 1408 2361 1475; x_wconf 77' lang='lat' dir='ltr'><strong>proprium</strong></span> <span class='ocrx_word' id='word_1_575' title='bbox 2394 1425 2407 1461; x_wconf 92' lang='lat'><strong>:</strong></span> <span class='ocrx_word' id='word_1_576' title='bbox 2439 1409 2667 1463; x_wconf 88' lang='lat' dir='ltr'><strong>alienum</strong></span> <span class='ocrx_word' id='word_1_577' title='bbox 2698 1421 2873 1464; x_wconf 89' lang='lat' dir='ltr'><strong>autem</strong></span> <span class='ocrx_word' id='word_1_578' title='bbox 2901 1417 3016 1473; x_wconf 87' lang='lat' dir='ltr'><strong>est,</strong></span> <span class='ocrx_word' id='word_1_579' title='bbox 3047 1426 3152 1464; x_wconf 92' lang='lat' dir='ltr'><strong>non</strong></span> <span class='ocrx_word' id='word_1_580' title='bbox 3181 1425 3396 1480; x_wconf 90' lang='lat' dir='ltr'><strong>corpus,</strong></span> <span class='ocrx_word' id='word_1_581' title='bbox 3429 1412 3523 1466; x_wconf 87' lang='lat' dir='ltr'><strong>sed</strong></span> <span class='ocrx_word' id='word_1_582' title='bbox 3551 1427 3675 1467; x_wconf 84' lang='lat' dir='ltr'><strong>cor-</strong></span> 
     </span>
    </p>
   </div>
   <div class='ocr_carea' id='block_1_73' title="bbox 2090 1500 3677 1573">
    <p class='ocr_par' dir='ltr' id='par_1_73' title="bbox 2090 1500 3677 1573">
     <span class='ocr_line' id='line_1_73' title="bbox 2090 1500 3677 1573; baseline 0.004 -21"><span class='ocrx_word' id='word_1_583' title='bbox 2090 1501 2286 1569; x_wconf 86' lang='lat' dir='ltr'><strong>ruptio.</strong></span> <span class='ocrx_word' id='word_1_584' title='bbox 2322 1501 2385 1554; x_wconf 80' lang='lat' dir='ltr'><strong>Et</strong></span> <span class='ocrx_word' id='word_1_585' title='bbox 2408 1510 2624 1569; x_wconf 88' lang='lat' dir='ltr'><strong>propter</strong></span> <span class='ocrx_word' id='word_1_586' title='bbox 2643 1503 2742 1557; x_wconf 90' lang='lat' dir='ltr'><strong>hoc</strong></span> <span class='ocrx_word' id='word_1_587' title='bbox 2756 1502 2849 1567; x_wconf 90' lang='lat' dir='ltr'><strong>ait,</strong></span> <span class='ocrx_word' id='word_1_588' title='bbox 2879 1500 2959 1554; x_wconf 85' lang='lat' dir='ltr'><strong>Eo</strong></span> <span class='ocrx_word' id='word_1_589' title='bbox 2978 1503 3115 1573; x_wconf 82' lang='lat' dir='ltr'><strong>quod</strong></span> <span class='ocrx_word' id='word_1_590' title='bbox 3136 1504 3370 1557; x_wconf 72' lang='lat' dir='ltr'><strong>nolumus</strong></span> <span class='ocrx_word' id='word_1_591' title='bbox 3395 1505 3512 1558; x_wconf 72' lang='lat' dir='ltr'><strong>exui</strong></span> <span class='ocrx_word' id='word_1_592' title='bbox 3529 1520 3549 1558; x_wconf 90' lang='lat'><strong>:</strong></span> <span class='ocrx_word' id='word_1_593' title='bbox 3575 1504 3677 1560; x_wconf 83' lang='lat' dir='ltr'><strong>hoc</strong></span> 
     </span>
    </p>
   </div>
   <div class='ocr_carea' id='block_1_74' title="bbox 2089 1593 3678 1665">
    <p class='ocr_par' dir='ltr' id='par_1_74' title="bbox 2089 1593 3678 1665">
     <span class='ocr_line' id='line_1_74' title="bbox 2089 1593 3678 1665; baseline 0.003 -20"><span class='ocrx_word' id='word_1_594' title='bbox 2089 1601 2191 1656; x_wconf 62' lang='lat' dir='ltr'><strong>cst,</strong></span> <span class='ocrx_word' id='word_1_595' title='bbox 2223 1593 2419 1647; x_wconf 80' lang='lat' dir='ltr'><strong>auferri</strong></span> <span class='ocrx_word' id='word_1_596' title='bbox 2445 1607 2658 1662; x_wconf 86' lang='lat' dir='ltr'><strong>corpus,</strong></span> <span class='ocrx_word' id='word_1_597' title='bbox 2688 1594 2782 1649; x_wconf 91' lang='lat' dir='ltr'><strong>sed</strong></span> <span class='ocrx_word' id='word_1_598' title='bbox 2813 1594 3120 1664; x_wconf 88' lang='lat' dir='ltr'><strong>superindui</strong></span> <span class='ocrx_word' id='word_1_599' title='bbox 3150 1595 3203 1648; x_wconf 87' lang='lat' dir='ltr'><strong>in</strong></span> <span class='ocrx_word' id='word_1_600' title='bbox 3234 1610 3460 1665; x_wconf 88' lang='lat' dir='ltr'><strong>corpore</strong></span> <span class='ocrx_word' id='word_1_601' title='bbox 3495 1596 3678 1650; x_wconf 85' lang='lat' dir='ltr'><strong>incor-</strong></span> 
     </span>
    </p>
   </div>
   <div class='ocr_carea' id='block_1_75' title="bbox 2088 1685 3678 1755">
    <p class='ocr_par' dir='ltr' id='par_1_75' title="bbox 2088 1685 3678 1755">
     <span class='ocr_line' id='line_1_75' title="bbox 2088 1685 3678 1755; baseline 0.003 -17"><span class='ocrx_word' id='word_1_602' title='bbox 2088 1686 2410 1753; x_wconf 86' lang='lat' dir='ltr'><strong>ruptionem.</strong></span> <span class='ocrx_word' id='word_1_603' title='bbox 2440 1685 2646 1755; x_wconf 88' lang='lat' dir='ltr'><strong>Corpus</strong></span> <span class='ocrx_word' id='word_1_604' title='bbox 2671 1685 2847 1740; x_wconf 88' lang='lat' dir='ltr'><strong>medio</strong></span> <span class='ocrx_word' id='word_1_605' title='bbox 2867 1699 2925 1740; x_wconf 90' lang='lat' dir='ltr'><strong>se</strong></span> <span class='ocrx_word' id='word_1_606' title='bbox 2953 1686 3113 1741; x_wconf 86' lang='lat' dir='ltr'><strong>modo</strong></span> <span class='ocrx_word' id='word_1_607' title='bbox 3138 1685 3296 1741; x_wconf 85' lang='lat' dir='ltr'><strong>habet</strong></span> <span class='ocrx_word' id='word_1_608' title='bbox 3324 1688 3465 1742; x_wconf 89' lang='lat' dir='ltr'><strong>inter</strong></span> <span class='ocrx_word' id='word_1_609' title='bbox 3492 1702 3678 1742; x_wconf 83' lang='lat' dir='ltr'><strong>corru-</strong></span> 
     </span>
    </p>
   </div>
   <div class='ocr_carea' id='block_1_76' title="bbox 2091 1777 3675 1848">
    <p class='ocr_par' dir='ltr' id='par_1_76' title="bbox 2091 1777 3675 1848">
     <span class='ocr_line' id='line_1_76' title="bbox 2091 1777 3675 1848; baseline 0.002 -18"><span class='ocrx_word' id='word_1_610' title='bbox 2091 1795 2107 1845; x_wconf 66' lang='grc' dir='ltr'><strong>ι</strong></span> <span class='ocrx_word' id='word_1_611' title='bbox 2127 1777 2322 1830; x_wconf 78' lang='lat' dir='ltr'><strong>tionem</strong></span> <span class='ocrx_word' id='word_1_612' title='bbox 2344 1786 2395 1831; x_wconf 88' lang='lat' dir='ltr'><strong>ct</strong></span> <span class='ocrx_word' id='word_1_613' title='bbox 2415 1777 2887 1846; x_wconf 83' lang='lat' dir='ltr'><strong>incorruptionem.</strong></span> <span class='ocrx_word' id='word_1_614' title='bbox 2905 1778 3061 1832; x_wconf 76' lang='lat' dir='ltr'><strong>Exuit</strong></span> <span class='ocrx_word' id='word_1_615' title='bbox 3083 1779 3242 1845; x_wconf 71' lang='lat' dir='ltr'><strong>igitur</strong></span> <span class='ocrx_word' id='word_1_616' title='bbox 3252 1779 3675 1848; x_wconf 84' lang='lat' dir='ltr'><strong>corruptionem,</strong></span> 
     </span>
    </p>
   </div>
   <div class='ocr_carea' id='block_1_77' title="bbox 2088 1867 3777 1941">
    <p class='ocr_par' dir='ltr' id='par_1_77' title="bbox 2088 1867 3777 1941">
     <span class='ocr_line' id='line_1_77' title="bbox 2088 1867 3777 1941; baseline 0.002 -20"><span class='ocrx_word' id='word_1_617' title='bbox 2088 1878 2142 1921; x_wconf 93' lang='lat' dir='ltr'><strong>et</strong></span> <span class='ocrx_word' id='word_1_618' title='bbox 2170 1867 2337 1921; x_wconf 89' lang='lat' dir='ltr'><strong>induit</strong></span> <span class='ocrx_word' id='word_1_619' title='bbox 2364 1869 2814 1938; x_wconf 81' lang='lat' dir='ltr'><strong>incorruptionem</strong></span> <span class='ocrx_word' id='word_1_620' title='bbox 2846 1888 2858 1924; x_wconf 93' lang='lat'><strong>:</strong></span> <span class='ocrx_word' id='word_1_621' title='bbox 2891 1869 3073 1938; x_wconf 82' lang='lat' dir='ltr'><strong>abjicit</strong></span> <span class='ocrx_word' id='word_1_622' title='bbox 3092 1869 3233 1939; x_wconf 88' lang='lat' dir='ltr'><strong>quod</strong></span> <span class='ocrx_word' id='word_1_623' title='bbox 3264 1871 3467 1939; x_wconf 86' lang='lat' dir='ltr'><strong>accepit</strong></span> <span class='ocrx_word' id='word_1_624' title='bbox 3495 1886 3677 1941; x_wconf 47' lang='lat' dir='ltr'><strong>apem</strong></span> <span class='ocrx_word' id='word_1_625' title='bbox 3764 1930 3777 1935; x_wconf 91' lang='lat'><em>_</em></span> 
     </span>
    </p>
   </div>
   <div class='ocr_carea' id='block_1_78' title="bbox 2088 1960 3677 2034">
    <p class='ocr_par' dir='ltr' id='par_1_78' title="bbox 2088 1960 3677 2034">
     <span class='ocr_line' id='line_1_78' title="bbox 2088 1960 3677 2034; baseline 0.003 -21"><span class='ocrx_word' id='word_1_626' title='bbox 2088 1971 2227 2026; x_wconf 87' lang='lat' dir='ltr'><strong>cato,</strong></span> <span class='ocrx_word' id='word_1_627' title='bbox 2250 1969 2304 2014; x_wconf 88' lang='lat' dir='ltr'><strong>et</strong></span> <span class='ocrx_word' id='word_1_628' title='bbox 2329 1960 2564 2030; x_wconf 83' lang='lat' dir='ltr'><strong>possidet</strong></span> <span class='ocrx_word' id='word_1_629' title='bbox 2583 1961 2724 2031; x_wconf 89' lang='lat' dir='ltr'><strong>quod</strong></span> <span class='ocrx_word' id='word_1_630' title='bbox 2750 1961 2897 2015; x_wconf 87' lang='lat' dir='ltr'><strong>dedit</strong></span> <span class='ocrx_word' id='word_1_631' title='bbox 2926 1962 3018 2015; x_wconf 88' lang='lat' dir='ltr'><strong>Dei</strong></span> <span class='ocrx_word' id='word_1_632' title='bbox 3039 1962 3227 2031; x_wconf 76' lang='lat' dir='ltr'><strong>gratia.</strong></span> <span class='ocrx_word' id='word_1_633' title='bbox 3251 1962 3319 2017; x_wconf 89' lang='lat' dir='ltr'><strong>Ut</strong></span> <span class='ocrx_word' id='word_1_634' title='bbox 3338 1963 3515 2017; x_wconf 87' lang='lat' dir='ltr'><strong>discas</strong></span> <span class='ocrx_word' id='word_1_635' title='bbox 3534 1964 3677 2034; x_wconf 86' lang='lat' dir='ltr'><strong>quod</strong></span> 
     </span>
    </p>
   </div>
   <div class='ocr_carea' id='block_1_79' title="bbox 2090 2051 3676 2122">
    <p class='ocr_par' dir='ltr' id='par_1_79' title="bbox 2090 2051 3676 2122">
     <span class='ocr_line' id='line_1_79' title="bbox 2090 2051 3676 2122; baseline 0.002 -17"><span class='ocrx_word' id='word_1_636' title='bbox 2090 2066 2289 2106; x_wconf 81' lang='lat' dir='ltr'><strong>exuere</strong></span> <span class='ocrx_word' id='word_1_637' title='bbox 2303 2067 2405 2105; x_wconf 91' lang='lat' dir='ltr'><strong>non</strong></span> <span class='ocrx_word' id='word_1_638' title='bbox 2419 2051 2485 2106; x_wconf 91' lang='lat' dir='ltr'><strong>de</strong></span> <span class='ocrx_word' id='word_1_639' title='bbox 2498 2065 2723 2122; x_wconf 84' lang='lat' dir='ltr'><strong>corpore</strong></span> <span class='ocrx_word' id='word_1_640' title='bbox 2738 2052 2883 2118; x_wconf 86' lang='lat' dir='ltr'><strong>dicit,</strong></span> <span class='ocrx_word' id='word_1_641' title='bbox 2909 2052 3001 2106; x_wconf 90' lang='lat' dir='ltr'><strong>sed</strong></span> <span class='ocrx_word' id='word_1_642' title='bbox 3020 2052 3087 2107; x_wconf 90' lang='lat' dir='ltr'><strong>de</strong></span> <span class='ocrx_word' id='word_1_643' title='bbox 3104 2054 3442 2122; x_wconf 89' lang='lat' dir='ltr'><strong>corruptione</strong></span> <span class='ocrx_word' id='word_1_644' title='bbox 3460 2064 3509 2109; x_wconf 89' lang='lat' dir='ltr'><strong>et</strong></span> <span class='ocrx_word' id='word_1_645' title='bbox 3531 2070 3676 2108; x_wconf 88' lang='lat' dir='ltr'><strong>mor-</strong></span> 
     </span>
    </p>
   </div>
   <div class='ocr_carea' id='block_1_80' title="bbox 2086 2143 3676 2215">
    <p class='ocr_par' dir='ltr' id='par_1_80' title="bbox 2086 2143 3676 2215">
     <span class='ocr_line' id='line_1_80' title="bbox 2086 2143 3676 2215; baseline 0.003 -19"><span class='ocrx_word' id='word_1_646' title='bbox 2086 2151 2161 2209; x_wconf 89' lang='lat' dir='ltr'><strong>te,</strong></span> <span class='ocrx_word' id='word_1_647' title='bbox 2179 2143 2297 2197; x_wconf 88' lang='lat' dir='ltr'><strong>audi</strong></span> <span class='ocrx_word' id='word_1_648' title='bbox 2315 2159 2395 2205; x_wconf 85' lang='lat' dir='ltr'><strong>ea,</strong></span> <span class='ocrx_word' id='word_1_649' title='bbox 2419 2158 2535 2213; x_wconf 85' lang='lat' dir='ltr'><strong>qua:</strong></span> <span class='ocrx_word' id='word_1_650' title='bbox 2554 2159 2673 2197; x_wconf 85' lang='lat' dir='ltr'><strong>mox</strong></span> <span class='ocrx_word' id='word_1_651' title='bbox 2692 2144 3062 2212; x_wconf 86' lang='lat' dir='ltr'><strong>subjiciuntur.</strong></span> <span class='ocrx_word' id='word_1_652' title='bbox 3082 2144 3213 2198; x_wconf 86' lang='lat' dir='ltr'><strong>Nam</strong></span> <span class='ocrx_word' id='word_1_653' title='bbox 3234 2146 3676 2215; x_wconf 84' lang='lat' dir='ltr'><strong>postquamdixit,</strong></span> 
     </span>
    </p>
   </div>
   <div class='ocr_carea' id='block_1_81' title="bbox 2088 2221 3678 2305">
    <p class='ocr_par' dir='ltr' id='par_1_81' title="bbox 2088 2221 3678 2305">
     <span class='ocr_line' id='line_1_81' title="bbox 2088 2221 3678 2305; baseline 0.004 -20"><span class='ocrx_word' id='word_1_654' title='bbox 2088 2221 2342 2286; x_wconf 59' lang='lat' dir='ltr'><strong>Nolumus</strong></span> <span class='ocrx_word' id='word_1_655' title='bbox 2362 2235 2497 2300; x_wconf 72' lang='lat' dir='ltr'><strong>exui,</strong></span> <span class='ocrx_word' id='word_1_656' title='bbox 2525 2234 2614 2289; x_wconf 78' lang='lat' dir='ltr'><strong>sed</strong></span> <span class='ocrx_word' id='word_1_657' title='bbox 2640 2235 2967 2305; x_wconf 82' lang='lat' dir='ltr'><strong>superindui:</strong></span> <span class='ocrx_word' id='word_1_658' title='bbox 2983 2250 3088 2289; x_wconf 92' lang='lat' dir='ltr'><strong>non</strong></span> <span class='ocrx_word' id='word_1_659' title='bbox 3120 2236 3274 2298; x_wconf 91' lang='lat' dir='ltr'><strong>dixit,</strong></span> <span class='ocrx_word' id='word_1_660' title='bbox 3295 2235 3365 2291; x_wconf 88' lang='lat' dir='ltr'><strong>Ut</strong></span> <span class='ocrx_word' id='word_1_661' title='bbox 3391 2236 3678 2293; x_wconf 86' lang='lat' dir='ltr'><strong>absorbea-</strong></span> 
     </span>
    </p>
   </div>
   <div class='ocr_carea' id='block_1_82' title="bbox 2088 2326 3681 2397">
    <p class='ocr_par' dir='ltr' id='par_1_82' title="bbox 2088 2326 3681 2397">
     <span class='ocr_line' id='line_1_82' title="bbox 2088 2326 3681 2397; baseline 0.001 -16"><span class='ocrx_word' id='word_1_662' title='bbox 2088 2336 2175 2381; x_wconf 92' lang='lat' dir='ltr'><strong>tur</strong></span> <span class='ocrx_word' id='word_1_663' title='bbox 2194 2341 2391 2395; x_wconf 87' lang='lat' dir='ltr'><strong>corpus</strong></span> <span class='ocrx_word' id='word_1_664' title='bbox 2410 2326 2476 2381; x_wconf 87' lang='lat' dir='ltr'><strong>ab</strong></span> <span class='ocrx_word' id='word_1_665' title='bbox 2494 2327 2607 2380; x_wconf 86' lang='lat' dir='ltr'><strong>inec</strong></span> <span class='ocrx_word' id='word_1_666' title='bbox 2617 2327 2925 2396; x_wconf 88' lang='lat' dir='ltr'><strong>rporeitate,</strong></span> <span class='ocrx_word' id='word_1_667' title='bbox 2948 2326 3043 2383; x_wconf 79' lang='lat' dir='ltr'><strong>sed</strong></span> <span class='ocrx_word' id='word_1_668' title='bbox 3070 2327 3233 2397; x_wconf 85' lang='lat' dir='ltr'><strong>quid?</strong></span> <span class='ocrx_word' id='word_1_669' title='bbox 3262 2326 3329 2383; x_wconf 85' lang='lat' dir='ltr'><strong>Ut</strong></span> <span class='ocrx_word' id='word_1_670' title='bbox 3355 2328 3681 2383; x_wconf 77' lang='lat' dir='ltr'><strong>absorbeatur</strong></span> 
     </span>
    </p>
   </div>
   <div class='ocr_carea' id='block_1_83' title="bbox 2086 2418 3681 2484">
    <p class='ocr_par' dir='ltr' id='par_1_83' title="bbox 2086 2418 3681 2484">
     <span class='ocr_line' id='line_1_83' title="bbox 2086 2418 3681 2484; baseline 0.001 -13"><span class='ocrx_word' id='word_1_671' title='bbox 2086 2420 2368 2472; x_wconf 75' lang='lat' dir='ltr'><strong>mortalitas</strong></span> <span class='ocrx_word' id='word_1_672' title='bbox 2383 2432 2414 2470; x_wconf 81' lang='grc' dir='ltr'><em>α</em></span> <span class='ocrx_word' id='word_1_673' title='bbox 2433 2418 2548 2481; x_wconf 83' lang='lat' dir='ltr'><strong>vita,</strong></span> <span class='ocrx_word' id='word_1_674' title='bbox 2576 2420 2675 2472; x_wconf 92' lang='lat' dir='ltr'><strong>hoc</strong></span> <span class='ocrx_word' id='word_1_675' title='bbox 2693 2427 2794 2483; x_wconf 88' lang='lat' dir='ltr'><strong>cst,</strong></span> <span class='ocrx_word' id='word_1_676' title='bbox 2815 2428 2869 2471; x_wconf 90' lang='lat' dir='ltr'><strong>ut</strong></span> <span class='ocrx_word' id='word_1_677' title='bbox 2889 2426 3193 2484; x_wconf 85' lang='lat' dir='ltr'><strong>evanescat,</strong></span> <span class='ocrx_word' id='word_1_678' title='bbox 3213 2427 3270 2472; x_wconf 92' lang='lat' dir='ltr'><strong>ut</strong></span> <span class='ocrx_word' id='word_1_679' title='bbox 3284 2418 3589 2473; x_wconf 80' lang='lat' dir='ltr'><strong>abolentur:</strong></span> <span class='ocrx_word' id='word_1_680' title='bbox 3608 2420 3681 2475; x_wconf 82' lang='lat' dir='ltr'><strong>ita</strong></span> 
     </span>
    </p>
   </div>
   <div class='ocr_carea' id='block_1_84' title="bbox 2084 2508 3678 2579">
    <p class='ocr_par' dir='ltr' id='par_1_84' title="bbox 2084 2508 3678 2579">
     <span class='ocr_line' id='line_1_84' title="bbox 2084 2508 3678 2579; baseline 0.001 -15"><span class='ocrx_word' id='word_1_681' title='bbox 2084 2508 2428 2564; x_wconf 72' lang='lat' dir='ltr'><strong>abolitionem</strong></span> <span class='ocrx_word' id='word_1_682' title='bbox 2448 2525 2551 2563; x_wconf 89' lang='lat' dir='ltr'><strong>non</strong></span> <span class='ocrx_word' id='word_1_683' title='bbox 2571 2510 2808 2577; x_wconf 86' lang='lat' dir='ltr'><strong>corporis</strong></span> <span class='ocrx_word' id='word_1_684' title='bbox 2820 2518 2991 2571; x_wconf 88' lang='lat' dir='ltr'><strong>vocat,</strong></span> <span class='ocrx_word' id='word_1_685' title='bbox 3007 2508 3099 2563; x_wconf 88' lang='lat' dir='ltr'><strong>sed</strong></span> <span class='ocrx_word' id='word_1_686' title='bbox 3114 2510 3469 2579; x_wconf 83' lang='lat' dir='ltr'><strong>corruptionis</strong></span> <span class='ocrx_word' id='word_1_687' title='bbox 3479 2519 3532 2564; x_wconf 90' lang='lat' dir='ltr'><strong>et</strong></span> <span class='ocrx_word' id='word_1_688' title='bbox 3545 2525 3678 2566; x_wconf 84' lang='lat' dir='ltr'><strong>mor-</strong></span> 
     </span>
    </p>
   </div>
   <div class='ocr_carea' id='block_1_85' title="bbox 2088 2601 3679 2671">
    <p class='ocr_par' dir='ltr' id='par_1_85' title="bbox 2088 2601 3679 2671">
     <span class='ocr_line' id='line_1_85' title="bbox 2088 2601 3679 2671; baseline -0.001 -14"><span class='ocrx_word' id='word_1_689' title='bbox 2088 2603 2173 2657; x_wconf 88' lang='lat' dir='ltr'><strong>tis.</strong></span> <span class='ocrx_word' id='word_1_690' title='bbox 2196 2602 2500 2656; x_wconf 86' lang='lat' dir='ltr'><strong>Adveniens</strong></span> <span class='ocrx_word' id='word_1_691' title='bbox 2516 2601 2654 2655; x_wconf 69' lang='lat' dir='ltr'><strong>r-nim</strong></span> <span class='ocrx_word' id='word_1_692' title='bbox 2672 2602 2777 2655; x_wconf 85' lang='lat' dir='ltr'><strong>vita</strong></span> <span class='ocrx_word' id='word_1_693' title='bbox 2803 2615 2907 2654; x_wconf 91' lang='lat' dir='ltr'><strong>non</strong></span> <span class='ocrx_word' id='word_1_694' title='bbox 2926 2614 3120 2671; x_wconf 86' lang='lat' dir='ltr'><strong>corpus</strong></span> <span class='ocrx_word' id='word_1_695' title='bbox 3143 2601 3319 2655; x_wconf 85' lang='lat' dir='ltr'><strong>abolet</strong></span> <span class='ocrx_word' id='word_1_696' title='bbox 3344 2608 3399 2655; x_wconf 90' lang='lat' dir='ltr'><strong>et</strong></span> <span class='ocrx_word' id='word_1_697' title='bbox 3424 2601 3679 2668; x_wconf 80' lang='lat' dir='ltr'><strong>absumit,</strong></span> 
     </span>
    </p>
   </div>
   <div class='ocr_carea' id='block_1_86' title="bbox 2085 2690 3678 2762">
    <p class='ocr_par' dir='ltr' id='par_1_86' title="bbox 2085 2690 3678 2762">
     <span class='ocr_line' id='line_1_86' title="bbox 2085 2690 3678 2762; baseline 0.001 -16"><span class='ocrx_word' id='word_1_698' title='bbox 2085 2693 2178 2748; x_wconf 85' lang='lat' dir='ltr'><strong>sed</strong></span> <span class='ocrx_word' id='word_1_699' title='bbox 2219 2702 2444 2747; x_wconf 86' lang='lat' dir='ltr'><strong>mortem</strong></span> <span class='ocrx_word' id='word_1_700' title='bbox 2487 2703 2541 2746; x_wconf 84' lang='lat' dir='ltr'><strong>et</strong></span> <span class='ocrx_word' id='word_1_701' title='bbox 2586 2692 2980 2761; x_wconf 88' lang='lat' dir='ltr'><strong>corruptionem</strong></span> <span class='ocrx_word' id='word_1_702' title='bbox 3025 2706 3143 2762; x_wconf 69' lang='lat' dir='ltr'><strong>qua:</strong></span> <span class='ocrx_word' id='word_1_703' title='bbox 3183 2690 3310 2746; x_wconf 91' lang='lat' dir='ltr'><strong>illud</strong></span> <span class='ocrx_word' id='word_1_704' title='bbox 3350 2692 3678 2749; x_wconf 81' lang='lat' dir='ltr'><strong>invaserant.</strong></span> 
     </span>
    </p>
   </div>
   <div class='ocr_carea' id='block_1_87' title="bbox 2084 2784 3678 2854">
    <p class='ocr_par' dir='ltr' id='par_1_87' title="bbox 2084 2784 3678 2854">
     <span class='ocr_line' id='line_1_87' title="bbox 2084 2784 3678 2854; baseline -0.001 -13"><span class='ocrx_word' id='word_1_705' title='bbox 2084 2786 2326 2841; x_wconf 86' lang='lat' dir='ltr'><strong>Gemitus</strong></span> <span class='ocrx_word' id='word_1_706' title='bbox 2363 2799 2490 2853; x_wconf 79' lang='lat' dir='ltr'><strong>ergo</strong></span> <span class='ocrx_word' id='word_1_707' title='bbox 2531 2784 2620 2838; x_wconf 91' lang='lat' dir='ltr'><strong>ille</strong></span> <span class='ocrx_word' id='word_1_708' title='bbox 2661 2798 2764 2837; x_wconf 90' lang='lat' dir='ltr'><strong>non</strong></span> <span class='ocrx_word' id='word_1_709' title='bbox 2810 2791 3024 2853; x_wconf 86' lang='lat' dir='ltr'><strong>propter</strong></span> <span class='ocrx_word' id='word_1_710' title='bbox 3054 2798 3250 2852; x_wconf 89' lang='lat' dir='ltr'><strong>corpus</strong></span> <span class='ocrx_word' id='word_1_711' title='bbox 3279 2793 3362 2839; x_wconf 88' lang='lat' dir='ltr'><strong>est</strong></span> <span class='ocrx_word' id='word_1_712' title='bbox 3383 2825 3397 2847; x_wconf 85' lang='lat'><strong>,</strong></span> <span class='ocrx_word' id='word_1_713' title='bbox 3425 2784 3518 2838; x_wconf 88' lang='lat' dir='ltr'><strong>sed</strong></span> <span class='ocrx_word' id='word_1_714' title='bbox 3548 2799 3678 2854; x_wconf 88' lang='lat' dir='ltr'><strong>pro-</strong></span> 
     </span>
    </p>
   </div>
   <div class='ocr_carea' id='block_1_88' title="bbox 2089 2877 3671 2948">
    <p class='ocr_par' dir='ltr' id='par_1_88' title="bbox 2089 2877 3671 2948">
     <span class='ocr_line' id='line_1_88' title="bbox 2089 2877 3671 2948; baseline 0.001 -16"><span class='ocrx_word' id='word_1_715' title='bbox 2089 2887 2208 2948; x_wconf 91' lang='lat' dir='ltr'><strong>pter</strong></span> <span class='ocrx_word' id='word_1_716' title='bbox 2229 2880 2623 2948; x_wconf 78' lang='lat' dir='ltr'><strong>corruptionem</strong></span> <span class='ocrx_word' id='word_1_717' title='bbox 2649 2892 2769 2948; x_wconf 70' lang='lat' dir='ltr'><strong>qua:</strong></span> <span class='ocrx_word' id='word_1_718' title='bbox 2800 2877 2872 2930; x_wconf 92' lang='lat' dir='ltr'><strong>illi</strong></span> <span class='ocrx_word' id='word_1_719' title='bbox 2905 2878 3061 2932; x_wconf 86' lang='lat' dir='ltr'><strong>inest.</strong></span> <span class='ocrx_word' id='word_1_720' title='bbox 3090 2877 3300 2934; x_wconf 80' lang='lat' dir='ltr'><strong>Etenim</strong></span> <span class='ocrx_word' id='word_1_721' title='bbox 3323 2892 3519 2948; x_wconf 87' lang='lat' dir='ltr'><strong>corpus</strong></span> <span class='ocrx_word' id='word_1_722' title='bbox 3542 2894 3671 2948; x_wconf 80' lang='lat' dir='ltr'><strong>gra-</strong></span> 
     </span>
    </p>
   </div>
   <div class='ocr_carea' id='block_1_89' title="bbox 2087 2968 3677 3033">
    <p class='ocr_par' dir='ltr' id='par_1_89' title="bbox 2087 2968 3677 3033">
     <span class='ocr_line' id='line_1_89' title="bbox 2087 2968 3677 3033; baseline 0.001 -10"><span class='ocrx_word' id='word_1_723' title='bbox 2087 2987 2152 3026; x_wconf 90' lang='lat' dir='ltr'><strong>ve</strong></span> <span class='ocrx_word' id='word_1_724' title='bbox 2172 2981 2251 3025; x_wconf 89' lang='lat' dir='ltr'><strong>est</strong></span> <span class='ocrx_word' id='word_1_725' title='bbox 2274 2979 2328 3026; x_wconf 90' lang='lat' dir='ltr'><strong>et</strong></span> <span class='ocrx_word' id='word_1_726' title='bbox 2347 2982 2635 3025; x_wconf 88' lang='lat' dir='ltr'><strong>onerosum</strong></span> <span class='ocrx_word' id='word_1_727' title='bbox 2662 2984 2725 3022; x_wconf 91' lang='lat' dir='ltr'><strong>ac</strong></span> <span class='ocrx_word' id='word_1_728' title='bbox 2747 2968 3052 3033; x_wconf 90' lang='lat' dir='ltr'><strong>molestum,</strong></span> <span class='ocrx_word' id='word_1_729' title='bbox 3075 2984 3181 3023; x_wconf 90' lang='lat' dir='ltr'><strong>non</strong></span> <span class='ocrx_word' id='word_1_730' title='bbox 3209 2969 3503 3024; x_wconf 85' lang='lat' dir='ltr'><strong>secundum</strong></span> <span class='ocrx_word' id='word_1_731' title='bbox 3524 2984 3677 3025; x_wconf 85' lang='lat' dir='ltr'><strong>suam</strong></span> 
     </span>
    </p>
   </div>
   <div class='ocr_carea' id='block_1_90' title="bbox 2086 3062 3679 3131">
    <p class='ocr_par' dir='ltr' id='par_1_90' title="bbox 2086 3062 3679 3131">
     <span class='ocr_line' id='line_1_90' title="bbox 2086 3062 3679 3131; baseline 0.001 -13"><span class='ocrx_word' id='word_1_732' title='bbox 2086 3074 2352 3129; x_wconf 87' lang='lat' dir='ltr'><strong>naturam,</strong></span> <span class='ocrx_word' id='word_1_733' title='bbox 2385 3062 2479 3117; x_wconf 89' lang='lat' dir='ltr'><strong>sed</strong></span> <span class='ocrx_word' id='word_1_734' title='bbox 2506 3062 2798 3117; x_wconf 88' lang='lat' dir='ltr'><strong>secundum</strong></span> <span class='ocrx_word' id='word_1_735' title='bbox 2827 3062 3227 3129; x_wconf 87' lang='lat' dir='ltr'><strong>mortalitatem,</strong></span> <span class='ocrx_word' id='word_1_736' title='bbox 3251 3076 3369 3131; x_wconf 70' lang='lat' dir='ltr'><strong>qua:</strong></span> <span class='ocrx_word' id='word_1_737' title='bbox 3390 3070 3572 3131; x_wconf 86' lang='lat' dir='ltr'><strong>postea</strong></span> <span class='ocrx_word' id='word_1_738' title='bbox 3601 3062 3679 3121; x_wconf 87' lang='lat' dir='ltr'><strong>illi</strong></span> 
     </span>
    </p>
   </div>
   <div class='ocr_carea' id='block_1_91' title="bbox 2085 3152 3677 3225">
    <p class='ocr_par' dir='ltr' id='par_1_91' title="bbox 2085 3152 3677 3225">
     <span class='ocr_line' id='line_1_91' title="bbox 2085 3152 3677 3225; baseline -0.001 -17"><span class='ocrx_word' id='word_1_739' title='bbox 2085 3154 2390 3225; x_wconf 86' lang='lat' dir='ltr'><strong>supervenit</strong></span> <span class='ocrx_word' id='word_1_740' title='bbox 2417 3171 2430 3206; x_wconf 93' lang='lat'><strong>:</strong></span> <span class='ocrx_word' id='word_1_741' title='bbox 2463 3163 2833 3208; x_wconf 87' lang='lat' dir='ltr'><strong>verumtamen</strong></span> <span class='ocrx_word' id='word_1_742' title='bbox 2859 3166 3055 3221; x_wconf 89' lang='lat' dir='ltr'><strong>corpus</strong></span> <span class='ocrx_word' id='word_1_743' title='bbox 3081 3167 3185 3206; x_wconf 93' lang='lat' dir='ltr'><strong>non</strong></span> <span class='ocrx_word' id='word_1_744' title='bbox 3208 3161 3292 3206; x_wconf 89' lang='lat' dir='ltr'><strong>est</strong></span> <span class='ocrx_word' id='word_1_745' title='bbox 3308 3152 3677 3223; x_wconf 87' lang='lat' dir='ltr'><strong>corruptibile,</strong></span> 
     </span>
    </p>
   </div>
   <div class='ocr_carea' id='block_1_92' title="bbox 2085 3245 3674 3316">
    <p class='ocr_par' dir='ltr' id='par_1_92' title="bbox 2085 3245 3674 3316">
     <span class='ocr_line' id='line_1_92' title="bbox 2085 3245 3674 3316; baseline 0.001 -15"><span class='ocrx_word' id='word_1_746' title='bbox 2085 3247 2180 3302; x_wconf 87' lang='lat' dir='ltr'><strong>sed</strong></span> <span class='ocrx_word' id='word_1_747' title='bbox 2209 3246 2605 3316; x_wconf 86' lang='lat' dir='ltr'><strong>incorruptibile</strong></span> <span class='ocrx_word' id='word_1_748' title='bbox 2633 3255 2690 3302; x_wconf 90' lang='lat' dir='ltr'><strong>et</strong></span> <span class='ocrx_word' id='word_1_749' title='bbox 2728 3246 3046 3301; x_wconf 86' lang='lat' dir='ltr'><strong>immortale.</strong></span> <span class='ocrx_word' id='word_1_750' title='bbox 3090 3245 3257 3299; x_wconf 87' lang='lat' dir='ltr'><strong>Tanta</strong></span> <span class='ocrx_word' id='word_1_751' title='bbox 3283 3247 3481 3316; x_wconf 86' lang='lat' dir='ltr'><strong>quippe</strong></span> <span class='ocrx_word' id='word_1_752' title='bbox 3507 3247 3674 3316; x_wconf 87' lang='lat' dir='ltr'><strong>ipsius</strong></span> 
     </span>
    </p>
   </div>
   <div class='ocr_carea' id='block_1_93' title="bbox 2069 3337 3672 3409">
    <p class='ocr_par' dir='ltr' id='par_1_93' title="bbox 2069 3337 3672 3409">
     <span class='ocr_line' id='line_1_93' title="bbox 2069 3337 3672 3409; baseline -0.001 -14"><span class='ocrx_word' id='word_1_753' title='bbox 2069 3349 2167 3395; x_wconf 50' lang='lat' dir='ltr'><strong>.est</strong></span> <span class='ocrx_word' id='word_1_754' title='bbox 2202 3340 2479 3398; x_wconf 85' lang='lat' dir='ltr'><strong>nobilitas.</strong></span> <span class='ocrx_word' id='word_1_755' title='bbox 2513 3348 2567 3393; x_wconf 94' lang='lat' dir='ltr'><strong>ut</strong></span> <span class='ocrx_word' id='word_1_756' title='bbox 2600 3339 2649 3391; x_wconf 92' lang='lat' dir='ltr'><strong>in</strong></span> <span class='ocrx_word' id='word_1_757' title='bbox 2673 3339 2783 3408; x_wconf 87' lang='lat' dir='ltr'><strong>ipsa</strong></span> <span class='ocrx_word' id='word_1_758' title='bbox 2810 3338 3156 3406; x_wconf 87' lang='lat' dir='ltr'><strong>corruptione</strong></span> <span class='ocrx_word' id='word_1_759' title='bbox 3179 3352 3329 3391; x_wconf 87' lang='lat' dir='ltr'><strong>suam</strong></span> <span class='ocrx_word' id='word_1_760' title='bbox 3359 3337 3672 3409; x_wconf 71' lang='lat' dir='ltr'><strong>dignitatem</strong></span> 
     </span>
    </p>
   </div>
   <div class='ocr_carea' id='block_1_94' title="bbox 2084 3428 3675 3499">
    <p class='ocr_par' dir='ltr' id='par_1_94' title="bbox 2084 3428 3675 3499">
     <span class='ocr_line' id='line_1_94' title="bbox 2084 3428 3675 3499; baseline -0.002 -14"><span class='ocrx_word' id='word_1_761' title='bbox 2084 3431 2397 3485; x_wconf 85' lang='lat' dir='ltr'><strong>ostenderit.</strong></span> <span class='ocrx_word' id='word_1_762' title='bbox 2431 3430 2558 3485; x_wconf 83' lang='lat' dir='ltr'><strong>Nam</strong></span> <span class='ocrx_word' id='word_1_763' title='bbox 2589 3430 2951 3499; x_wconf 76' lang='lat' dir='ltr'><strong>apostolorum</strong></span> <span class='ocrx_word' id='word_1_764' title='bbox 2981 3428 3181 3483; x_wconf 75' lang='lat' dir='ltr'><strong>umbra:</strong></span> <span class='ocrx_word' id='word_1_765' title='bbox 3208 3430 3546 3498; x_wconf 88' lang='lat' dir='ltr'><strong>incorporeas</strong></span> <span class='ocrx_word' id='word_1_766' title='bbox 3575 3445 3675 3483; x_wconf 79' lang='lat' dir='ltr'><strong>ex-</strong></span> 
     </span>
    </p>
   </div>
   <div class='ocr_carea' id='block_1_95' title="bbox 2086 3522 3672 3596">
    <p class='ocr_par' dir='ltr' id='par_1_95' title="bbox 2086 3522 3672 3596">
     <span class='ocr_line' id='line_1_95' title="bbox 2086 3522 3672 3596; baseline -0.003 -19"><span class='ocrx_word' id='word_1_767' title='bbox 2086 3525 2333 3596; x_wconf 88' lang='lat' dir='ltr'><strong>pulerunt</strong></span> <span class='ocrx_word' id='word_1_768' title='bbox 2364 3526 2583 3577; x_wconf 88' lang='lat' dir='ltr'><strong>virtutes</strong></span> <span class='ocrx_word' id='word_1_769' title='bbox 2616 3541 2628 3577; x_wconf 93' lang='lat'><strong>:</strong></span> <span class='ocrx_word' id='word_1_770' title='bbox 2661 3525 2783 3577; x_wconf 90' lang='lat' dir='ltr'><strong>item</strong></span> <span class='ocrx_word' id='word_1_771' title='bbox 2811 3523 2944 3575; x_wconf 89' lang='lat' dir='ltr'><strong>cinis</strong></span> <span class='ocrx_word' id='word_1_772' title='bbox 2969 3530 3024 3575; x_wconf 90' lang='lat' dir='ltr'><strong>et</strong></span> <span class='ocrx_word' id='word_1_773' title='bbox 3063 3522 3232 3587; x_wconf 85' lang='lat' dir='ltr'><strong>pulvis</strong></span> <span class='ocrx_word' id='word_1_774' title='bbox 3259 3537 3444 3576; x_wconf 85' lang='lat' dir='ltr'><strong>eorum</strong></span> <span class='ocrx_word' id='word_1_775' title='bbox 3469 3522 3672 3576; x_wconf 71' lang='lat' dir='ltr'><strong>damno-</strong></span> 
     </span>
    </p>
   </div>
   <div class='ocr_carea' id='block_1_96' title="bbox 2088 3613 3674 3684">
    <p class='ocr_par' dir='ltr' id='par_1_96' title="bbox 2088 3613 3674 3684">
     <span class='ocr_line' id='line_1_96' title="bbox 2088 3613 3674 3684; baseline -0.001 -14"><span class='ocrx_word' id='word_1_776' title='bbox 2088 3632 2183 3670; x_wconf 88' lang='lat' dir='ltr'><strong>nas</strong></span> <span class='ocrx_word' id='word_1_777' title='bbox 2209 3618 2367 3679; x_wconf 89' lang='lat' dir='ltr'><strong>vicit,</strong></span> <span class='ocrx_word' id='word_1_778' title='bbox 2397 3626 2450 3670; x_wconf 85' lang='lat' dir='ltr'><strong>et</strong></span> <span class='ocrx_word' id='word_1_779' title='bbox 2491 3615 2714 3669; x_wconf 89' lang='lat' dir='ltr'><strong>amicula</strong></span> <span class='ocrx_word' id='word_1_780' title='bbox 2734 3656 2748 3674; x_wconf 89' lang='lat'><strong>,</strong></span> <span class='ocrx_word' id='word_1_781' title='bbox 2782 3630 2901 3684; x_wconf 72' lang='lat' dir='ltr'><strong>qua:</strong></span> <span class='ocrx_word' id='word_1_782' title='bbox 2940 3614 3150 3669; x_wconf 86' lang='lat' dir='ltr'><strong>illorum</strong></span> <span class='ocrx_word' id='word_1_783' title='bbox 3178 3613 3513 3668; x_wconf 72' lang='lat' dir='ltr'><strong>adhzeseraut</strong></span> <span class='ocrx_word' id='word_1_784' title='bbox 3551 3629 3674 3669; x_wconf 66' lang='lat' dir='ltr'><strong>cor-</strong></span> 
     </span>
    </p>
   </div>
   <div class='ocr_carea' id='block_1_97' title="bbox 2089 3704 3671 3774">
    <p class='ocr_par' dir='ltr' id='par_1_97' title="bbox 2089 3704 3671 3774">
     <span class='ocr_line' id='line_1_97' title="bbox 2089 3704 3671 3774; baseline 0.001 -17"><span class='ocrx_word' id='word_1_785' title='bbox 2089 3707 2337 3774; x_wconf 84' lang='lat' dir='ltr'><strong>poribus,</strong></span> <span class='ocrx_word' id='word_1_786' title='bbox 2381 3706 2597 3759; x_wconf 85' lang='lat' dir='ltr'><strong>morbos</strong></span> <span class='ocrx_word' id='word_1_787' title='bbox 2650 3705 2933 3773; x_wconf 65' lang='lat' dir='ltr'><strong>(ligarunt,</strong></span> <span class='ocrx_word' id='word_1_788' title='bbox 2982 3704 3370 3772; x_wconf 71' lang='lat' dir='ltr'><strong>sanitatemque</strong></span> <span class='ocrx_word' id='word_1_789' title='bbox 3429 3705 3671 3759; x_wconf 81' lang='lat' dir='ltr'><strong>contule-</strong></span> 
     </span>
    </p>
   </div>
   <div class='ocr_carea' id='block_1_98' title="bbox 2086 3805 2229 3851">
    <p class='ocr_par' dir='ltr' id='par_1_98' title="bbox 2086 3805 2229 3851">
     <span class='ocr_line' id='line_1_98' title="bbox 2086 3805 2229 3851; baseline -0.007 -1"><span class='ocrx_word' id='word_1_790' title='bbox 2086 3805 2229 3851; x_wconf 89' lang='lat' dir='ltr'><strong>runt.</strong></span> 
     </span>
    </p>
   </div>
   <div class='ocr_carea' id='block_1_99' title="bbox 2157 3884 3673 3956">
    <p class='ocr_par' dir='ltr' id='par_1_99' title="bbox 2157 3884 3673 3956">
     <span class='ocr_line' id='line_1_99' title="bbox 2157 3884 3673 3956; baseline -0.002 -15"><span class='ocrx_word' id='word_1_791' title='bbox 2157 3888 2208 3941; x_wconf 89' lang='lat'><strong>7.</strong></span> <span class='ocrx_word' id='word_1_792' title='bbox 2256 3885 2404 3941; x_wconf 85' lang='lat' dir='ltr'><strong>Unde</strong></span> <span class='ocrx_word' id='word_1_793' title='bbox 2423 3902 2689 3956; x_wconf 81' lang='lat' dir='ltr'><strong>corporum</strong></span> <span class='ocrx_word' id='word_1_794' title='bbox 2722 3884 2897 3940; x_wconf 78' lang='lat' dir='ltr'><strong>sordes</strong></span> <span class='ocrx_word' id='word_1_795' title='bbox 2934 3901 2993 3939; x_wconf 88' lang='lat' dir='ltr'><strong>ac</strong></span> <span class='ocrx_word' id='word_1_796' title='bbox 3033 3886 3237 3948; x_wconf 80' lang='lat' dir='ltr'><strong>vilitas;</strong></span> <span class='ocrx_word' id='word_1_797' title='bbox 3275 3884 3673 3956; x_wconf 80' lang='lat' dir='ltr'><strong>corruptibilitas</strong></span> 
     </span>
    </p>
   </div>
   <div class='ocr_carea' id='block_1_100' title="bbox 2084 3975 3670 4048">
    <p class='ocr_par' dir='ltr' id='par_1_100' title="bbox 2084 3975 3670 4048">
     <span class='ocr_line' id='line_1_100' title="bbox 2084 3975 3670 4048; baseline -0.001 -17"><span class='ocrx_word' id='word_1_798' title='bbox 2084 3977 2309 4047; x_wconf 85' lang='lat' dir='ltr'><strong>corporis</strong></span> <span class='ocrx_word' id='word_1_799' title='bbox 2331 3976 2454 4047; x_wconf 86' lang='lat' dir='ltr'><strong>quid</strong></span> <span class='ocrx_word' id='word_1_800' title='bbox 2484 3977 2659 4048; x_wconf 85' lang='lat' dir='ltr'><strong>prosit.</strong></span> <span class='ocrx_word' id='word_1_801' title='bbox 2686 4005 2754 4017; x_wconf 82' lang='grc'><strong><em>--</em></strong></span> <span class='ocrx_word' id='word_1_802' title='bbox 2774 3975 2915 4030; x_wconf 69' lang='lat' dir='ltr'><strong>Nihil</strong></span> <span class='ocrx_word' id='word_1_803' title='bbox 2943 3992 3070 4047; x_wconf 56' lang='lat' dir='ltr'><strong>ergo</strong></span> <span class='ocrx_word' id='word_1_804' title='bbox 3100 3976 3228 4030; x_wconf 88' lang='lat' dir='ltr'><strong>mihi</strong></span> <span class='ocrx_word' id='word_1_805' title='bbox 3254 3975 3319 4047; x_wconf 78' lang='lat' dir='ltr'><strong>de</strong></span> <span class='ocrx_word' id='word_1_806' title='bbox 3348 3977 3670 4046; x_wconf 80' lang='lat' dir='ltr'><strong>phlegmate,</strong></span> 
     </span>
    </p>
   </div>
   <div class='ocr_carea' id='block_1_101' title="bbox 2084 4066 3673 4137">
    <p class='ocr_par' dir='ltr' id='par_1_101' title="bbox 2084 4066 3673 4137">
     <span class='ocr_line' id='line_1_101' title="bbox 2084 4066 3673 4137; baseline 0 -15"><span class='ocrx_word' id='word_1_807' title='bbox 2084 4079 2134 4123; x_wconf 88' lang='lat' dir='ltr'><strong>et</strong></span> <span class='ocrx_word' id='word_1_808' title='bbox 2158 4067 2272 4130; x_wconf 85' lang='lat' dir='ltr'><strong>bili,</strong></span> <span class='ocrx_word' id='word_1_809' title='bbox 2296 4076 2349 4122; x_wconf 91' lang='lat' dir='ltr'><strong>et</strong></span> <span class='ocrx_word' id='word_1_810' title='bbox 2375 4067 2589 4132; x_wconf 84' lang='lat' dir='ltr'><strong>sudore,</strong></span> <span class='ocrx_word' id='word_1_811' title='bbox 2617 4076 2670 4122; x_wconf 91' lang='lat' dir='ltr'><strong>et</strong></span> <span class='ocrx_word' id='word_1_812' title='bbox 2696 4066 2963 4132; x_wconf 89' lang='lat' dir='ltr'><strong>sordibus,</strong></span> <span class='ocrx_word' id='word_1_813' title='bbox 2989 4076 3146 4137; x_wconf 90' lang='lat' dir='ltr'><strong>atque</strong></span> <span class='ocrx_word' id='word_1_814' title='bbox 3169 4068 3287 4122; x_wconf 90' lang='lat' dir='ltr'><strong>aliis</strong></span> <span class='ocrx_word' id='word_1_815' title='bbox 3311 4068 3529 4133; x_wconf 71' lang='lat' dir='ltr'><strong>dixeris,</strong></span> <span class='ocrx_word' id='word_1_816' title='bbox 3553 4084 3673 4137; x_wconf 78' lang='lat' dir='ltr'><strong>qua:</strong></span> 
     </span>
    </p>
   </div>
   <div class='ocr_carea' id='block_1_102' title="bbox 2084 4159 3670 4229">
    <p class='ocr_par' dir='ltr' id='par_1_102' title="bbox 2084 4159 3670 4229">
     <span class='ocr_line' id='line_1_102' title="bbox 2084 4159 3670 4229; baseline -0.001 -15"><span class='ocrx_word' id='word_1_817' title='bbox 2084 4159 2324 4229; x_wconf 85' lang='lat' dir='ltr'><strong>corporis</strong></span> <span class='ocrx_word' id='word_1_818' title='bbox 2347 4167 2679 4213; x_wconf 83' lang='lat' dir='ltr'><strong>accuSatores</strong></span> <span class='ocrx_word' id='word_1_819' title='bbox 2712 4168 2931 4213; x_wconf 83' lang='lat' dir='ltr'><strong>narrant</strong></span> <span class='ocrx_word' id='word_1_820' title='bbox 2961 4173 2977 4213; x_wconf 89' lang='lat'><strong>:</strong></span> <span class='ocrx_word' id='word_1_821' title='bbox 3004 4174 3177 4228; x_wconf 86' lang='lat' dir='ltr'><strong>neque</strong></span> <span class='ocrx_word' id='word_1_822' title='bbox 3214 4160 3353 4214; x_wconf 85' lang='lat' dir='ltr'><strong>enim</strong></span> <span class='ocrx_word' id='word_1_823' title='bbox 3384 4175 3451 4214; x_wconf 77' lang='lat' dir='ltr'><strong>ex</strong></span> <span class='ocrx_word' id='word_1_824' title='bbox 3482 4170 3670 4213; x_wconf 84' lang='lat' dir='ltr'><strong>natura</strong></span> 
     </span>
    </p>
   </div>
   <div class='ocr_carea' id='block_1_103' title="bbox 2083 4249 3670 4320">
    <p class='ocr_par' dir='ltr' id='par_1_103' title="bbox 2083 4249 3670 4320">
     <span class='ocr_line' id='line_1_103' title="bbox 2083 4249 3670 4320; baseline -0.005 -13"><span class='ocrx_word' id='word_1_825' title='bbox 2083 4251 2324 4320; x_wconf 88' lang='lat' dir='ltr'><strong>corporis</strong></span> <span class='ocrx_word' id='word_1_826' title='bbox 2351 4250 2465 4304; x_wconf 81' lang='lat' dir='ltr'><strong>haec</strong></span> <span class='ocrx_word' id='word_1_827' title='bbox 2489 4250 2720 4316; x_wconf 76' lang='lat' dir='ltr'><strong>fuerunt,</strong></span> <span class='ocrx_word' id='word_1_828' title='bbox 2743 4249 2837 4303; x_wconf 89' lang='lat' dir='ltr'><strong>sed</strong></span> <span class='ocrx_word' id='word_1_829' title='bbox 2865 4264 2893 4301; x_wconf 91' lang='lat' dir='ltr'><strong>a</strong></span> <span class='ocrx_word' id='word_1_830' title='bbox 2918 4250 3207 4317; x_wconf 85' lang='lat' dir='ltr'><strong>posteriore</strong></span> <span class='ocrx_word' id='word_1_831' title='bbox 3228 4250 3566 4319; x_wconf 48' lang='lat' dir='ltr'><strong>corruptione</strong></span> <span class='ocrx_word' id='word_1_832' title='bbox 3587 4250 3670 4303; x_wconf 82' lang='lat' dir='ltr'><strong>in.</strong></span> 
     </span>
    </p>
   </div>
   <div class='ocr_carea' id='block_1_104' title="bbox 2084 4341 3668 4410">
    <p class='ocr_par' dir='ltr' id='par_1_104' title="bbox 2084 4341 3668 4410">
     <span class='ocr_line' id='line_1_104' title="bbox 2084 4341 3668 4410; baseline 0 -14"><span class='ocrx_word' id='word_1_833' title='bbox 2084 4353 2233 4398; x_wconf 85' lang='lat' dir='ltr'><strong>vecta</strong></span> <span class='ocrx_word' id='word_1_834' title='bbox 2249 4350 2390 4396; x_wconf 92' lang='lat' dir='ltr'><strong>sunt.</strong></span> <span class='ocrx_word' id='word_1_835' title='bbox 2417 4341 2549 4396; x_wconf 83' lang='lat' dir='ltr'><strong>Nam</strong></span> <span class='ocrx_word' id='word_1_836' title='bbox 2575 4341 2620 4396; x_wconf 89' lang='lat' dir='ltr'><strong>si</strong></span> <span class='ocrx_word' id='word_1_837' title='bbox 2644 4342 2762 4410; x_wconf 85' lang='lat' dir='ltr'><strong>ejus</strong></span> <span class='ocrx_word' id='word_1_838' title='bbox 2779 4341 3026 4395; x_wconf 87' lang='lat' dir='ltr'><strong>virtutem</strong></span> <span class='ocrx_word' id='word_1_839' title='bbox 3048 4341 3323 4397; x_wconf 83' lang='lat' dir='ltr'><strong>addiscere</strong></span> <span class='ocrx_word' id='word_1_840' title='bbox 3350 4343 3513 4407; x_wconf 88' lang='lat' dir='ltr'><strong>voles,</strong></span> <span class='ocrx_word' id='word_1_841' title='bbox 3536 4357 3668 4398; x_wconf 92' lang='lat' dir='ltr'><strong>con-</strong></span> 
     </span>
    </p>
   </div>
   <div class='ocr_carea' id='block_1_105' title="bbox 2084 4433 3669 4504">
    <p class='ocr_par' dir='ltr' id='par_1_105' title="bbox 2084 4433 3669 4504">
     <span class='ocr_line' id='line_1_105' title="bbox 2084 4433 3669 4504; baseline -0.001 -15"><span class='ocrx_word' id='word_1_842' title='bbox 2084 4436 2257 4490; x_wconf 89' lang='lat' dir='ltr'><strong>sidera</strong></span> <span class='ocrx_word' id='word_1_843' title='bbox 2305 4435 2662 4489; x_wconf 88' lang='lat' dir='ltr'><strong>membrorum</strong></span> <span class='ocrx_word' id='word_1_844' title='bbox 2707 4433 2943 4487; x_wconf 90' lang='lat' dir='ltr'><strong>omnium</strong></span> <span class='ocrx_word' id='word_1_845' title='bbox 2984 4434 3392 4499; x_wconf 83' lang='lat' dir='ltr'><strong>formationem,</strong></span> <span class='ocrx_word' id='word_1_846' title='bbox 3426 4435 3669 4504; x_wconf 81' lang='lat' dir='ltr'><strong>ﬁguram,</strong></span> 
     </span>
    </p>
   </div>
   <div class='ocr_carea' id='block_1_106' title="bbox 2081 4526 3669 4596">
    <p class='ocr_par' dir='ltr' id='par_1_106' title="bbox 2081 4526 3669 4596">
     <span class='ocr_line' id='line_1_106' title="bbox 2081 4526 3669 4596; baseline -0.001 -14"><span class='ocrx_word' id='word_1_847' title='bbox 2081 4528 2446 4596; x_wconf 77' lang='lat' dir='ltr'><strong>Operationes,</strong></span> <span class='ocrx_word' id='word_1_848' title='bbox 2493 4535 2833 4595; x_wconf 89' lang='lat' dir='ltr'><strong>mutuamque</strong></span> <span class='ocrx_word' id='word_1_849' title='bbox 2860 4526 3196 4580; x_wconf 86' lang='lat' dir='ltr'><strong>concordiam</strong></span> <span class='ocrx_word' id='word_1_850' title='bbox 3230 4544 3243 4580; x_wconf 93' lang='lat'><strong>:</strong></span> <span class='ocrx_word' id='word_1_851' title='bbox 3275 4536 3329 4581; x_wconf 86' lang='lat' dir='ltr'><strong>et</strong></span> <span class='ocrx_word' id='word_1_852' title='bbox 3370 4528 3669 4582; x_wconf 81' lang='lat' dir='ltr'><strong>accuratius</strong></span> 
     </span>
    </p>
   </div>
   <div class='ocr_carea' id='block_1_107' title="bbox 2082 4616 3667 4686">
    <p class='ocr_par' dir='ltr' id='par_1_107' title="bbox 2082 4616 3667 4686">
     <span class='ocr_line' id='line_1_107' title="bbox 2082 4616 3667 4686; baseline -0.001 -15"><span class='ocrx_word' id='word_1_853' title='bbox 2082 4618 2269 4686; x_wconf 86' lang='lat' dir='ltr'><strong>quavis</strong></span> <span class='ocrx_word' id='word_1_854' title='bbox 2288 4618 2499 4671; x_wconf 76' lang='lat' dir='ltr'><strong>civitate</strong></span> <span class='ocrx_word' id='word_1_855' title='bbox 2527 4616 2836 4685; x_wconf 86' lang='lat' dir='ltr'><strong>dispositam</strong></span> <span class='ocrx_word' id='word_1_856' title='bbox 2866 4616 3080 4685; x_wconf 84' lang='lat' dir='ltr'><strong>eptimis</strong></span> <span class='ocrx_word' id='word_1_857' title='bbox 3109 4616 3311 4686; x_wconf 75' lang='lat' dir='ltr'><strong>legibus</strong></span> <span class='ocrx_word' id='word_1_858' title='bbox 3336 4617 3626 4686; x_wconf 82' lang='lat' dir='ltr'><strong>gnberuata</strong></span> <span class='ocrx_word' id='word_1_859' title='bbox 3647 4657 3667 4683; x_wconf 90' lang='lat'><strong>,</strong></span> 
     </span>
    </p>
   </div>
   <div class='ocr_carea' id='block_1_108' title="bbox 2080 4704 3668 4778">
    <p class='ocr_par' dir='ltr' id='par_1_108' title="bbox 2080 4704 3668 4778">
     <span class='ocr_line' id='line_1_108' title="bbox 2080 4704 3668 4778; baseline 0 -17"><span class='ocrx_word' id='word_1_860' title='bbox 2080 4723 2201 4778; x_wconf 61' lang='lat' dir='ltr'><strong>quae</strong></span> <span class='ocrx_word' id='word_1_861' title='bbox 2231 4707 2437 4760; x_wconf 89' lang='lat' dir='ltr'><strong>nonnisi</strong></span> <span class='ocrx_word' id='word_1_862' title='bbox 2465 4707 2731 4774; x_wconf 85' lang='lat' dir='ltr'><strong>sapientes</strong></span> <span class='ocrx_word' id='word_1_863' title='bbox 2759 4706 2903 4760; x_wconf 86' lang='lat' dir='ltr'><strong>cives</strong></span> <span class='ocrx_word' id='word_1_864' title='bbox 2933 4704 3125 4760; x_wconf 87' lang='lat' dir='ltr'><strong>habeat</strong></span> <span class='ocrx_word' id='word_1_865' title='bbox 3146 4746 3161 4771; x_wconf 90' lang='lat'><strong>,</strong></span> <span class='ocrx_word' id='word_1_866' title='bbox 3201 4706 3406 4761; x_wconf 89' lang='lat' dir='ltr'><strong>videbis</strong></span> <span class='ocrx_word' id='word_1_867' title='bbox 3445 4707 3668 4776; x_wconf 78' lang='lat' dir='ltr'><strong>diligen-</strong></span> 
     </span>
    </p>
   </div>
   <div class='ocr_carea' id='block_1_109' title="bbox 2083 4796 3667 4854">
    <p class='ocr_par' dir='ltr' id='par_1_109' title="bbox 2083 4796 3667 4854">
     <span class='ocr_line' id='line_1_109' title="bbox 2083 4796 3667 4854; baseline 0.001 -2"><span class='ocrx_word' id='word_1_868' title='bbox 2083 4808 2187 4853; x_wconf 89' lang='lat' dir='ltr'><strong>tem</strong></span> <span class='ocrx_word' id='word_1_869' title='bbox 2220 4798 2579 4852; x_wconf 88' lang='lat' dir='ltr'><strong>membrorum</strong></span> <span class='ocrx_word' id='word_1_870' title='bbox 2615 4798 2752 4851; x_wconf 86' lang='lat' dir='ltr'><strong>inter</strong></span> <span class='ocrx_word' id='word_1_871' title='bbox 2775 4812 2832 4852; x_wconf 87' lang='lat' dir='ltr'><strong>se</strong></span> <span class='ocrx_word' id='word_1_872' title='bbox 2857 4796 3386 4851; x_wconf 78' lang='lat' dir='ltr'><strong>administrationetn.</strong></span> <span class='ocrx_word' id='word_1_873' title='bbox 3419 4799 3509 4853; x_wconf 91' lang='lat' dir='ltr'><strong>Sin</strong></span> <span class='ocrx_word' id='word_1_874' title='bbox 3545 4815 3667 4854; x_wconf 87' lang='lat' dir='ltr'><strong>sur-</strong></span> 
     </span>
    </p>
   </div>
   <div class='ocr_carea' id='block_1_110' title="bbox 2080 4887 3666 4958">
    <p class='ocr_par' dir='ltr' id='par_1_110' title="bbox 2080 4887 3666 4958">
     <span class='ocr_line' id='line_1_110' title="bbox 2080 4887 3666 4958; baseline 0.001 -14"><span class='ocrx_word' id='word_1_875' title='bbox 2080 4904 2197 4944; x_wconf 85' lang='lat' dir='ltr'><strong>sum</strong></span> <span class='ocrx_word' id='word_1_876' title='bbox 2223 4888 2469 4943; x_wconf 89' lang='lat' dir='ltr'><strong>deorsum</strong></span> <span class='ocrx_word' id='word_1_877' title='bbox 2506 4889 2782 4958; x_wconf 88' lang='lat' dir='ltr'><strong>obiterque</strong></span> <span class='ocrx_word' id='word_1_878' title='bbox 2818 4887 2933 4942; x_wconf 72' lang='lat' dir='ltr'><strong>hazc</strong></span> <span class='ocrx_word' id='word_1_879' title='bbox 2961 4889 3327 4956; x_wconf 85' lang='lat' dir='ltr'><strong>praetereurris</strong></span> <span class='ocrx_word' id='word_1_880' title='bbox 3347 4929 3362 4953; x_wconf 95' lang='lat'><strong>,</strong></span> <span class='ocrx_word' id='word_1_881' title='bbox 3403 4899 3455 4943; x_wconf 93' lang='lat' dir='ltr'><strong>et</strong></span> <span class='ocrx_word' id='word_1_882' title='bbox 3480 4890 3666 4958; x_wconf 86' lang='lat' dir='ltr'><strong>objicis</strong></span> 
     </span>
    </p>
   </div>
   <div class='ocr_carea' id='block_1_111' title="bbox 2081 4982 3669 5053">
    <p class='ocr_par' dir='ltr' id='par_1_111' title="bbox 2081 4982 3669 5053">
     <span class='ocr_line' id='line_1_111' title="bbox 2081 4982 3669 5053; baseline -0.001 -16"><span class='ocrx_word' id='word_1_883' title='bbox 2081 4984 2246 5037; x_wconf 87' lang='lat' dir='ltr'><strong>solam</strong></span> <span class='ocrx_word' id='word_1_884' title='bbox 2289 4982 2781 5051; x_wconf 88' lang='lat' dir='ltr'><strong>corruptibilitatem</strong></span> <span class='ocrx_word' id='word_1_885' title='bbox 2819 4990 2873 5037; x_wconf 88' lang='lat' dir='ltr'><strong>et</strong></span> <span class='ocrx_word' id='word_1_886' title='bbox 2902 4982 3303 5045; x_wconf 87' lang='lat' dir='ltr'><strong>mortalitatem,</strong></span> <span class='ocrx_word' id='word_1_887' title='bbox 3339 4999 3407 5037; x_wconf 90' lang='lat' dir='ltr'><strong>ne</strong></span> <span class='ocrx_word' id='word_1_888' title='bbox 3438 4985 3516 5037; x_wconf 81' lang='lat' dir='ltr'><strong>sic</strong></span> <span class='ocrx_word' id='word_1_889' title='bbox 3547 4985 3669 5053; x_wconf 88' lang='lat' dir='ltr'><strong>qui-</strong></span> 
     </span>
    </p>
   </div>
   <div class='ocr_carea' id='block_1_112' title="bbox 2080 5075 3668 5145">
    <p class='ocr_par' dir='ltr' id='par_1_112' title="bbox 2080 5075 3668 5145">
     <span class='ocr_line' id='line_1_112' title="bbox 2080 5075 3668 5145; baseline 0.003 -16"><span class='ocrx_word' id='word_1_890' title='bbox 2080 5075 2203 5130; x_wconf 89' lang='lat' dir='ltr'><strong>dem</strong></span> <span class='ocrx_word' id='word_1_891' title='bbox 2224 5075 2395 5130; x_wconf 87' lang='lat' dir='ltr'><strong>deerit</strong></span> <span class='ocrx_word' id='word_1_892' title='bbox 2421 5076 2572 5129; x_wconf 91' lang='lat' dir='ltr'><strong>nobis</strong></span> <span class='ocrx_word' id='word_1_893' title='bbox 2596 5076 2889 5143; x_wconf 88' lang='lat' dir='ltr'><strong>responsio.</strong></span> <span class='ocrx_word' id='word_1_894' title='bbox 2926 5075 3058 5129; x_wconf 87' lang='lat' dir='ltr'><strong>Nam</strong></span> <span class='ocrx_word' id='word_1_895' title='bbox 3093 5075 3235 5145; x_wconf 89' lang='lat' dir='ltr'><strong>quod</strong></span> <span class='ocrx_word' id='word_1_896' title='bbox 3272 5077 3397 5132; x_wconf 81' lang='lat' dir='ltr'><strong>hinc</strong></span> <span class='ocrx_word' id='word_1_897' title='bbox 3436 5077 3668 5133; x_wconf 83' lang='lat' dir='ltr'><strong>immane</strong></span> 
     </span>
    </p>
   </div>
   <div class='ocr_carea' id='block_1_113' title="bbox 2078 5166 3665 5238">
    <p class='ocr_par' dir='ltr' id='par_1_113' title="bbox 2078 5166 3665 5238">
     <span class='ocr_line' id='line_1_113' title="bbox 2078 5166 3665 5238; baseline 0.001 -16"><span class='ocrx_word' id='word_1_898' title='bbox 2078 5166 2260 5237; x_wconf 80' lang='lat' dir='ltr'><strong>generi</strong></span> <span class='ocrx_word' id='word_1_899' title='bbox 2289 5183 2391 5221; x_wconf 91' lang='lat' dir='ltr'><strong>non</strong></span> <span class='ocrx_word' id='word_1_900' title='bbox 2430 5167 2604 5221; x_wconf 84' lang='lat' dir='ltr'><strong>solum</strong></span> <span class='ocrx_word' id='word_1_901' title='bbox 2643 5167 2773 5220; x_wconf 88' lang='lat' dir='ltr'><strong>nihil</strong></span> <span class='ocrx_word' id='word_1_902' title='bbox 2817 5166 3027 5232; x_wconf 90' lang='lat' dir='ltr'><strong>damni,</strong></span> <span class='ocrx_word' id='word_1_903' title='bbox 3055 5167 3147 5221; x_wconf 91' lang='lat' dir='ltr'><strong>sed</strong></span> <span class='ocrx_word' id='word_1_904' title='bbox 3176 5168 3335 5222; x_wconf 83' lang='lat' dir='ltr'><strong>etiam</strong></span> <span class='ocrx_word' id='word_1_905' title='bbox 3382 5170 3665 5238; x_wconf 87' lang='lat' dir='ltr'><strong>plurimum</strong></span> 
     </span>
    </p>
   </div>
   <div class='ocr_carea' id='block_1_114' title="bbox 2079 5256 3665 5327">
    <p class='ocr_par' dir='ltr' id='par_1_114' title="bbox 2079 5256 3665 5327">
     <span class='ocr_line' id='line_1_114' title="bbox 2079 5256 3665 5327; baseline 0.002 -14"><span class='ocrx_word' id='word_1_906' title='bbox 2079 5258 2344 5313; x_wconf 87' lang='lat' dir='ltr'><strong>commodi</strong></span> <span class='ocrx_word' id='word_1_907' title='bbox 2372 5257 2679 5325; x_wconf 83' lang='lat' dir='ltr'><strong>accesserit,</strong></span> <span class='ocrx_word' id='word_1_908' title='bbox 2709 5256 2831 5312; x_wconf 88' lang='lat' dir='ltr'><strong>inde</strong></span> <span class='ocrx_word' id='word_1_909' title='bbox 2863 5259 3030 5327; x_wconf 88' lang='lat' dir='ltr'><strong>liquet</strong></span> <span class='ocrx_word' id='word_1_910' title='bbox 3059 5276 3071 5311; x_wconf 93' lang='lat'><strong>:</strong></span> <span class='ocrx_word' id='word_1_911' title='bbox 3103 5260 3271 5314; x_wconf 86' lang='lat' dir='ltr'><strong>sancti</strong></span> <span class='ocrx_word' id='word_1_912' title='bbox 3305 5261 3447 5313; x_wconf 90' lang='lat' dir='ltr'><strong>enim</strong></span> <span class='ocrx_word' id='word_1_913' title='bbox 3478 5276 3665 5316; x_wconf 71' lang='lat' dir='ltr'><strong>tintnes</strong></span> 
     </span>
    </p>
   </div>
   <div class='ocr_carea' id='block_1_115' title="bbox 2080 5353 3665 5427">
    <p class='ocr_par' dir='ltr' id='par_1_115' title="bbox 2080 5353 3665 5427">
     <span class='ocr_line' id='line_1_115' title="bbox 2080 5353 3665 5427; baseline 0.003 -20"><span class='ocrx_word' id='word_1_914' title='bbox 2080 5353 2133 5407; x_wconf 84' lang='lat' dir='ltr'><strong>in</strong></span> <span class='ocrx_word' id='word_1_915' title='bbox 2162 5368 2387 5422; x_wconf 86' lang='lat' dir='ltr'><strong>corpore</strong></span> <span class='ocrx_word' id='word_1_916' title='bbox 2414 5353 2649 5407; x_wconf 87' lang='lat' dir='ltr'><strong>viventes</strong></span> <span class='ocrx_word' id='word_1_917' title='bbox 2674 5355 2969 5422; x_wconf 82' lang='lat' dir='ltr'><strong>angelicum</strong></span> <span class='ocrx_word' id='word_1_918' title='bbox 3009 5354 3300 5409; x_wconf 81' lang='lat' dir='ltr'><strong>exhibuere</strong></span> <span class='ocrx_word' id='word_1_919' title='bbox 3332 5355 3538 5410; x_wconf 86' lang='lat' dir='ltr'><strong>vivendi</strong></span> <span class='ocrx_word' id='word_1_920' title='bbox 3568 5374 3665 5427; x_wconf 82' lang='lat' dir='ltr'><strong>ge-</strong></span> 
     </span>
    </p>
   </div>
   <div class='ocr_carea' id='block_1_116' title="bbox 2078 5445 3666 5515">
    <p class='ocr_par' dir='ltr' id='par_1_116' title="bbox 2078 5445 3666 5515">
     <span class='ocr_line' id='line_1_116' title="bbox 2078 5445 3666 5515; baseline 0.004 -17"><span class='ocrx_word' id='word_1_921' title='bbox 2078 5460 2198 5509; x_wconf 90' lang='lat' dir='ltr'><strong>nus,</strong></span> <span class='ocrx_word' id='word_1_922' title='bbox 2229 5445 2537 5515; x_wconf 89' lang='lat' dir='ltr'><strong>nullumque</strong></span> <span class='ocrx_word' id='word_1_923' title='bbox 2575 5445 2698 5500; x_wconf 90' lang='lat' dir='ltr'><strong>hinc</strong></span> <span class='ocrx_word' id='word_1_924' title='bbox 2725 5447 2851 5515; x_wconf 89' lang='lat' dir='ltr'><strong>ipsis</strong></span> <span class='ocrx_word' id='word_1_925' title='bbox 2876 5445 2941 5500; x_wconf 87' lang='lat' dir='ltr'><strong>ad</strong></span> <span class='ocrx_word' id='word_1_926' title='bbox 2978 5446 3190 5501; x_wconf 89' lang='lat' dir='ltr'><strong>virtutis</strong></span> <span class='ocrx_word' id='word_1_927' title='bbox 3231 5462 3446 5503; x_wconf 90' lang='lat' dir='ltr'><strong>cursum</strong></span> <span class='ocrx_word' id='word_1_928' title='bbox 3475 5452 3666 5505; x_wconf 86' lang='lat' dir='ltr'><strong>accidit</strong></span> 
     </span>
    </p>
   </div>
   <div class='ocr_carea' id='block_1_117' title="bbox 2078 5537 3663 5611">
    <p class='ocr_par' dir='ltr' id='par_1_117' title="bbox 2078 5537 3663 5611">
     <span class='ocr_line' id='line_1_117' title="bbox 2078 5537 3663 5611; baseline 0.004 -20"><span class='ocrx_word' id='word_1_929' title='bbox 2078 5539 2473 5593; x_wconf 75' lang='lat' dir='ltr'><strong>detrimentum.</strong></span> <span class='ocrx_word' id='word_1_930' title='bbox 2505 5537 2573 5592; x_wconf 90' lang='lat' dir='ltr'><strong>lis</strong></span> <span class='ocrx_word' id='word_1_931' title='bbox 2620 5554 2749 5593; x_wconf 89' lang='lat' dir='ltr'><strong>vero</strong></span> <span class='ocrx_word' id='word_1_932' title='bbox 2796 5537 2885 5607; x_wconf 91' lang='lat' dir='ltr'><strong>qui</strong></span> <span class='ocrx_word' id='word_1_933' title='bbox 2923 5537 2990 5591; x_wconf 90' lang='lat' dir='ltr'><strong>ad</strong></span> <span class='ocrx_word' id='word_1_934' title='bbox 3042 5539 3365 5608; x_wconf 88' lang='lat' dir='ltr'><strong>impietatem</strong></span> <span class='ocrx_word' id='word_1_935' title='bbox 3415 5542 3663 5611; x_wconf 88' lang='lat' dir='ltr'><strong>propensi</strong></span> 
     </span>
    </p>
   </div>
   <div class='ocr_carea' id='block_1_118' title="bbox 2076 5628 3662 5699">
    <p class='ocr_par' dir='ltr' id='par_1_118' title="bbox 2076 5628 3662 5699">
     <span class='ocr_line' id='line_1_118' title="bbox 2076 5628 3662 5699; baseline 0.002 -17"><span class='ocrx_word' id='word_1_936' title='bbox 2076 5638 2260 5693; x_wconf 86' lang='lat' dir='ltr'><strong>erant,</strong></span> <span class='ocrx_word' id='word_1_937' title='bbox 2286 5645 2408 5683; x_wconf 59' lang='lat' dir='ltr'><strong>anon</strong></span> <span class='ocrx_word' id='word_1_938' title='bbox 2439 5644 2622 5696; x_wconf 82' lang='lat' dir='ltr'><strong>parum</strong></span> <span class='ocrx_word' id='word_1_939' title='bbox 2657 5629 3036 5697; x_wconf 82' lang='lat' dir='ltr'><strong>impedimento</strong></span> <span class='ocrx_word' id='word_1_940' title='bbox 3071 5628 3167 5684; x_wconf 74' lang='lat' dir='ltr'><strong>fuit</strong></span> <span class='ocrx_word' id='word_1_941' title='bbox 3199 5634 3439 5699; x_wconf 86' lang='lat' dir='ltr'><strong>corporis</strong></span> <span class='ocrx_word' id='word_1_942' title='bbox 3475 5648 3662 5687; x_wconf 85' lang='lat' dir='ltr'><strong>corru-</strong></span> 
     </span>
    </p>
   </div>
   <div class='ocr_carea' id='block_1_119' title="bbox 2076 5719 3658 5793">
    <p class='ocr_par' dir='ltr' id='par_1_119' title="bbox 2076 5719 3658 5793">
     <span class='ocr_line' id='line_1_119' title="bbox 2076 5719 3658 5793; baseline 0.003 -19"><span class='ocrx_word' id='word_1_943' title='bbox 2076 5721 2186 5789; x_wconf 89' lang='lat' dir='ltr'><strong>ptio</strong></span> <span class='ocrx_word' id='word_1_944' title='bbox 2209 5762 2224 5786; x_wconf 91' lang='lat'><strong>,</strong></span> <span class='ocrx_word' id='word_1_945' title='bbox 2259 5736 2326 5774; x_wconf 88' lang='lat' dir='ltr'><strong>ne</strong></span> <span class='ocrx_word' id='word_1_946' title='bbox 2357 5719 2565 5789; x_wconf 77' lang='lat' dir='ltr'><strong>longius</strong></span> <span class='ocrx_word' id='word_1_947' title='bbox 2588 5734 2684 5788; x_wconf 77' lang='lat' dir='ltr'><strong>per</strong></span> <span class='ocrx_word' id='word_1_948' title='bbox 2709 5719 3040 5789; x_wconf 88' lang='lat' dir='ltr'><strong>iniquitatem</strong></span> <span class='ocrx_word' id='word_1_949' title='bbox 3081 5737 3233 5776; x_wconf 91' lang='lat' dir='ltr'><strong>suam</strong></span> <span class='ocrx_word' id='word_1_950' title='bbox 3264 5721 3658 5793; x_wconf 63' lang='lat' dir='ltr'><strong>prorgrederen-</strong></span> 
     </span>
    </p>
   </div>
   <div class='ocr_carea' id='block_1_120' title="bbox 2080 5805 3660 5883">
    <p class='ocr_par' dir='ltr' id='par_1_120' title="bbox 2080 5805 3660 5883">
     <span class='ocr_line' id='line_1_120' title="bbox 2080 5805 3660 5883; baseline 0.001 -15"><span class='ocrx_word' id='word_1_951' title='bbox 2080 5825 2184 5869; x_wconf 88' lang='lat' dir='ltr'><strong>tur.</strong></span> <span class='ocrx_word' id='word_1_952' title='bbox 2215 5813 2348 5870; x_wconf 87' lang='lat' dir='ltr'><strong>Cum</strong></span> <span class='ocrx_word' id='word_1_953' title='bbox 2393 5813 2532 5867; x_wconf 90' lang='lat' dir='ltr'><strong>enim</strong></span> <span class='ocrx_word' id='word_1_954' title='bbox 2573 5812 2817 5868; x_wconf 85' lang='lat' dir='ltr'><strong>homines</strong></span> <span class='ocrx_word' id='word_1_955' title='bbox 2854 5814 3133 5883; x_wconf 86' lang='lat' dir='ltr'><strong>nonnulli,</strong></span> <span class='ocrx_word' id='word_1_956' title='bbox 3166 5815 3325 5872; x_wconf 86' lang='lat' dir='ltr'><strong>etiam</strong></span> <span class='ocrx_word' id='word_1_957' title='bbox 3362 5818 3572 5873; x_wconf 87' lang='lat' dir='ltr'><strong>mortali</strong></span> <span class='ocrx_word' id='word_1_958' title='bbox 3605 5805 3660 5873; x_wconf 81' lang='lat' dir='ltr'><strong>ct</strong></span> 
     </span>
    </p>
   </div>
  </div>
