  <div class='ocr_page' id='page_1' title='image "/cluster/home/n/w/nwhite01/storage/ocr_20150623/50:no.2:pt.2/coo.31924054869494/026.png"; bbox 0 0 4130 6462; ppageno 0'>
   <div class='ocr_carea' id='block_1_1' title="bbox 378 494 479 549">
    <p class='ocr_par' dir='ltr' id='par_1_1' title="bbox 378 494 479 549">
     <span class='ocr_line' id='line_1_1' title="bbox 378 494 479 549; baseline 0.02 -2"><span class='ocrx_word' id='word_1_1' title='bbox 378 494 479 549; x_wconf 64' lang='grc'><strong>129</strong></span> 
     </span>
    </p>
   </div>
   <div class='ocr_carea' id='block_1_2' title="bbox 376 584 1964 680">
    <p class='ocr_par' dir='ltr' id='par_1_2' title="bbox 376 584 1964 680">
     <span class='ocr_line' id='line_1_2' title="bbox 376 584 1964 680; baseline -0.006 -16"><span class='ocrx_word' id='word_1_2' title='bbox 376 608 576 680; x_wconf 83' lang='lat' dir='ltr'><strong>patibili</strong></span> <span class='ocrx_word' id='word_1_3' title='bbox 614 608 717 661; x_wconf 87' lang='lat' dir='ltr'><strong>hoc</strong></span> <span class='ocrx_word' id='word_1_4' title='bbox 757 584 1072 674; x_wconf 76' lang='lat' dir='ltr'><strong>corpusculo</strong></span> <span class='ocrx_word' id='word_1_5' title='bbox 1101 599 1451 665; x_wconf 83' lang='lat' dir='ltr'><strong>circumdati,</strong></span> <span class='ocrx_word' id='word_1_6' title='bbox 1500 601 1732 670; x_wconf 74' lang='lat' dir='ltr'><strong>mqualcs</strong></span> <span class='ocrx_word' id='word_1_7' title='bbox 1762 615 1820 653; x_wconf 93' lang='lat' dir='ltr'><strong>se</strong></span> <span class='ocrx_word' id='word_1_8' title='bbox 1853 599 1964 655; x_wconf 90' lang='lat' dir='ltr'><strong>Deo</strong></span> 
     </span>
    </p>
   </div>
   <div class='ocr_carea' id='block_1_3' title="bbox 372 690 1967 765">
    <p class='ocr_par' dir='ltr' id='par_1_3' title="bbox 372 690 1967 765">
     <span class='ocr_line' id='line_1_3' title="bbox 372 690 1967 765; baseline -0.008 -8"><span class='ocrx_word' id='word_1_9' title='bbox 372 719 494 757; x_wconf 81' lang='lat' dir='ltr'><strong>esse</strong></span> <span class='ocrx_word' id='word_1_10' title='bbox 520 700 619 755; x_wconf 85' lang='lat' dir='ltr'><strong>sibi</strong></span> <span class='ocrx_word' id='word_1_11' title='bbox 652 699 753 752; x_wconf 98' lang='lat' dir='ltr'><strong>visi</strong></span> <span class='ocrx_word' id='word_1_12' title='bbox 780 697 906 762; x_wconf 89' lang='lat' dir='ltr'><strong>sint,</strong></span> <span class='ocrx_word' id='word_1_13' title='bbox 936 704 990 750; x_wconf 88' lang='lat' dir='ltr'><strong>et</strong></span> <span class='ocrx_word' id='word_1_14' title='bbox 1012 694 1076 750; x_wconf 93' lang='lat' dir='ltr'><strong>ad</strong></span> <span class='ocrx_word' id='word_1_15' title='bbox 1106 695 1264 749; x_wconf 91' lang='lat' dir='ltr'><strong>talem</strong></span> <span class='ocrx_word' id='word_1_16' title='bbox 1289 693 1510 765; x_wconf 79' lang='lat' dir='ltr'><strong>gloriam</strong></span> <span class='ocrx_word' id='word_1_17' title='bbox 1537 692 1636 747; x_wconf 92' lang='lat' dir='ltr'><strong>sibi</strong></span> <span class='ocrx_word' id='word_1_18' title='bbox 1658 690 1967 747; x_wconf 85' lang='lat' dir='ltr'><strong>adscriben-</strong></span> 
     </span>
    </p>
   </div>
   <div class='ocr_carea' id='block_1_4' title="bbox 374 783 1970 856">
    <p class='ocr_par' dir='ltr' id='par_1_4' title="bbox 374 783 1970 856">
     <span class='ocr_line' id='line_1_4' title="bbox 374 783 1970 856; baseline -0.007 -8"><span class='ocrx_word' id='word_1_19' title='bbox 374 793 499 848; x_wconf 83' lang='lat' dir='ltr'><strong>dam</strong></span> <span class='ocrx_word' id='word_1_20' title='bbox 529 791 693 845; x_wconf 88' lang='lat' dir='ltr'><strong>multa</strong></span> <span class='ocrx_word' id='word_1_21' title='bbox 727 789 892 842; x_wconf 90' lang='lat' dir='ltr'><strong>moliti</strong></span> <span class='ocrx_word' id='word_1_22' title='bbox 913 788 1037 849; x_wconf 84' lang='lat' dir='ltr'><strong>sint,</strong></span> <span class='ocrx_word' id='word_1_23' title='bbox 1053 801 1188 856; x_wconf 86' lang='lat' dir='ltr'><strong>quos</strong></span> <span class='ocrx_word' id='word_1_24' title='bbox 1212 802 1314 839; x_wconf 92' lang='lat' dir='ltr'><strong>non</strong></span> <span class='ocrx_word' id='word_1_25' title='bbox 1336 801 1400 840; x_wconf 82' lang='lat' dir='ltr'><strong>ex</strong></span> <span class='ocrx_word' id='word_1_26' title='bbox 1428 783 1791 839; x_wconf 87' lang='lat' dir='ltr'><strong>stolidioribus</strong></span> <span class='ocrx_word' id='word_1_27' title='bbox 1812 783 1970 837; x_wconf 82' lang='lat' dir='ltr'><strong>decc-</strong></span> 
     </span>
    </p>
   </div>
   <div class='ocr_carea' id='block_1_5' title="bbox 378 868 1967 955">
    <p class='ocr_par' dir='ltr' id='par_1_5' title="bbox 378 868 1967 955">
     <span class='ocr_line' id='line_1_5' title="bbox 378 868 1967 955; baseline -0.006 -16"><span class='ocrx_word' id='word_1_28' title='bbox 378 886 602 955; x_wconf 86' lang='lat' dir='ltr'><strong>pisscnt,</strong></span> <span class='ocrx_word' id='word_1_29' title='bbox 627 883 670 935; x_wconf 89' lang='lat' dir='ltr'><strong>si</strong></span> <span class='ocrx_word' id='word_1_30' title='bbox 697 898 802 935; x_wconf 89' lang='lat' dir='ltr'><strong>non</strong></span> <span class='ocrx_word' id='word_1_31' title='bbox 826 880 1053 951; x_wconf 79' lang='lat' dir='ltr'><strong>passioni</strong></span> <span class='ocrx_word' id='word_1_32' title='bbox 1074 868 1510 947; x_wconf 79' lang='lat' dir='ltr'><strong>cerrnptionique</strong></span> <span class='ocrx_word' id='word_1_33' title='bbox 1535 875 1823 931; x_wconf 76' lang='lat' dir='ltr'><strong>obnoxium</strong></span> <span class='ocrx_word' id='word_1_34' title='bbox 1845 890 1967 929; x_wconf 81' lang='lat' dir='ltr'><strong>cor-</strong></span> 
     </span>
    </p>
   </div>
   <div class='ocr_carea' id='block_1_6' title="bbox 372 968 1969 1047">
    <p class='ocr_par' dir='ltr' id='par_1_6' title="bbox 372 968 1969 1047">
     <span class='ocr_line' id='line_1_6' title="bbox 372 968 1969 1047; baseline -0.005 -17"><span class='ocrx_word' id='word_1_35' title='bbox 372 995 476 1047; x_wconf 83' lang='lat' dir='ltr'><strong>pus</strong></span> <span class='ocrx_word' id='word_1_36' title='bbox 497 1021 512 1044; x_wconf 91' lang='lat'><strong>,</strong></span> <span class='ocrx_word' id='word_1_37' title='bbox 545 978 726 1046; x_wconf 72' lang='lat' dir='ltr'><strong>utpote</strong></span> <span class='ocrx_word' id='word_1_38' title='bbox 752 986 953 1029; x_wconf 87' lang='lat' dir='ltr'><strong>certum</strong></span> <span class='ocrx_word' id='word_1_39' title='bbox 990 971 1310 1026; x_wconf 92' lang='lat' dir='ltr'><strong>inﬁrmitatis</strong></span> <span class='ocrx_word' id='word_1_40' title='bbox 1338 986 1447 1025; x_wconf 74' lang='lat' dir='ltr'><strong>suze</strong></span> <span class='ocrx_word' id='word_1_41' title='bbox 1470 969 1746 1031; x_wconf 88' lang='lat' dir='ltr'><strong>indicimn,</strong></span> <span class='ocrx_word' id='word_1_42' title='bbox 1797 968 1969 1023; x_wconf 87' lang='lat' dir='ltr'><strong>sortiti</strong></span> 
     </span>
    </p>
   </div>
   <div class='ocr_carea' id='block_1_7' title="bbox 379 1062 1972 1134">
    <p class='ocr_par' dir='ltr' id='par_1_7' title="bbox 379 1062 1972 1134">
     <span class='ocr_line' id='line_1_7' title="bbox 379 1062 1972 1134; baseline -0.006 -14"><span class='ocrx_word' id='word_1_43' title='bbox 379 1067 598 1121; x_wconf 70' lang='lat' dir='ltr'><strong>fuissent</strong></span> <span class='ocrx_word' id='word_1_44' title='bbox 618 1067 642 1120; x_wconf 72' lang='grc' dir='ltr'><strong>’ἒ</strong></span> <span class='ocrx_word' id='word_1_45' title='bbox 663 1065 795 1133; x_wconf 80' lang='lat' dir='ltr'><strong>Quia</strong></span> <span class='ocrx_word' id='word_1_46' title='bbox 820 1079 947 1134; x_wconf 81' lang='lat' dir='ltr'><strong>ergo</strong></span> <span class='ocrx_word' id='word_1_47' title='bbox 966 1078 1160 1134; x_wconf 91' lang='lat' dir='ltr'><strong>corpus</strong></span> <span class='ocrx_word' id='word_1_48' title='bbox 1180 1062 1358 1117; x_wconf 89' lang='lat' dir='ltr'><strong>obstat</strong></span> <span class='ocrx_word' id='word_1_49' title='bbox 1385 1062 1660 1133; x_wconf 84' lang='lat' dir='ltr'><strong>impietati,</strong></span> <span class='ocrx_word' id='word_1_50' title='bbox 1686 1078 1804 1131; x_wconf 78' lang='lat' dir='ltr'><strong>qtuc</strong></span> <span class='ocrx_word' id='word_1_51' title='bbox 1826 1076 1972 1113; x_wconf 76' lang='lat' dir='ltr'><strong>sum-</strong></span> 
     </span>
    </p>
   </div>
   <div class='ocr_carea' id='block_1_8' title="bbox 379 1153 1973 1237">
    <p class='ocr_par' dir='ltr' id='par_1_8' title="bbox 379 1153 1973 1237">
     <span class='ocr_line' id='line_1_8' title="bbox 379 1153 1973 1237; baseline -0.004 -22"><span class='ocrx_word' id='word_1_52' title='bbox 379 1178 465 1216; x_wconf 89' lang='lat' dir='ltr'><strong>ma</strong></span> <span class='ocrx_word' id='word_1_53' title='bbox 492 1170 572 1215; x_wconf 89' lang='lat' dir='ltr'><strong>cst</strong></span> <span class='ocrx_word' id='word_1_54' title='bbox 593 1160 817 1226; x_wconf 76' lang='lat' dir='ltr'><strong>malitia,</strong></span> <span class='ocrx_word' id='word_1_55' title='bbox 848 1169 899 1213; x_wconf 90' lang='lat' dir='ltr'><strong>et</strong></span> <span class='ocrx_word' id='word_1_56' title='bbox 928 1160 977 1212; x_wconf 92' lang='lat' dir='ltr'><strong>in</strong></span> <span class='ocrx_word' id='word_1_57' title='bbox 999 1157 1199 1212; x_wconf 76' lang='lat' dir='ltr'><strong>sanctis</strong></span> <span class='ocrx_word' id='word_1_58' title='bbox 1239 1156 1424 1237; x_wconf 74' lang='lat' dir='ltr'><strong>efﬁcit,</strong></span> <span class='ocrx_word' id='word_1_59' title='bbox 1453 1165 1509 1210; x_wconf 92' lang='lat' dir='ltr'><strong>ut</strong></span> <span class='ocrx_word' id='word_1_60' title='bbox 1543 1155 1736 1210; x_wconf 78' lang='lat' dir='ltr'><strong>anima:</strong></span> <span class='ocrx_word' id='word_1_61' title='bbox 1762 1153 1973 1208; x_wconf 81' lang='lat' dir='ltr'><strong>fortitu-</strong></span> 
     </span>
    </p>
   </div>
   <div class='ocr_carea' id='block_1_9' title="bbox 380 1245 1971 1318">
    <p class='ocr_par' dir='ltr' id='par_1_9' title="bbox 380 1245 1971 1318">
     <span class='ocr_line' id='line_1_9' title="bbox 380 1245 1971 1318; baseline -0.004 -12"><span class='ocrx_word' id='word_1_62' title='bbox 380 1254 562 1306; x_wconf 83' lang='lat' dir='ltr'><strong>dinem</strong></span> <span class='ocrx_word' id='word_1_63' title='bbox 601 1250 873 1305; x_wconf 76' lang='lat' dir='ltr'><strong>declarent</strong></span> <span class='ocrx_word' id='word_1_64' title='bbox 906 1266 919 1303; x_wconf 89' lang='lat'><strong>:</strong></span> <span class='ocrx_word' id='word_1_65' title='bbox 948 1264 1104 1318; x_wconf 87' lang='lat' dir='ltr'><strong>quam</strong></span> <span class='ocrx_word' id='word_1_66' title='bbox 1140 1248 1346 1302; x_wconf 89' lang='lat' dir='ltr'><strong>veniam</strong></span> <span class='ocrx_word' id='word_1_67' title='bbox 1376 1255 1772 1317; x_wconf 76' lang='lat' dir='ltr'><strong>consequentur</strong></span> <span class='ocrx_word' id='word_1_68' title='bbox 1797 1246 1852 1312; x_wconf 87' lang='lat' dir='ltr'><strong>ii,</strong></span> <span class='ocrx_word' id='word_1_69' title='bbox 1881 1245 1971 1314; x_wconf 89' lang='lat' dir='ltr'><strong>qui</strong></span> 
     </span>
    </p>
   </div>
   <div class='ocr_carea' id='block_1_10' title="bbox 379 1338 1974 1414">
    <p class='ocr_par' dir='ltr' id='par_1_10' title="bbox 379 1338 1974 1414">
     <span class='ocr_line' id='line_1_10' title="bbox 379 1338 1974 1414; baseline -0.005 -16"><span class='ocrx_word' id='word_1_70' title='bbox 379 1346 553 1414; x_wconf 83' lang='lat' dir='ltr'><strong>ipsum</strong></span> <span class='ocrx_word' id='word_1_71' title='bbox 584 1352 865 1407; x_wconf 78' lang='lat' dir='ltr'><strong>accusant,</strong></span> <span class='ocrx_word' id='word_1_72' title='bbox 914 1351 968 1396; x_wconf 90' lang='lat' dir='ltr'><strong>et</strong></span> <span class='ocrx_word' id='word_1_73' title='bbox 997 1340 1194 1395; x_wconf 88' lang='lat' dir='ltr'><strong>malum</strong></span> <span class='ocrx_word' id='word_1_74' title='bbox 1223 1339 1492 1394; x_wconf 87' lang='lat' dir='ltr'><strong>clamant?</strong></span> <span class='ocrx_word' id='word_1_75' title='bbox 1530 1338 1643 1392; x_wconf 83' lang='lat' dir='ltr'><strong>Non</strong></span> <span class='ocrx_word' id='word_1_76' title='bbox 1680 1338 1822 1391; x_wconf 82' lang='lat' dir='ltr'><strong>enim</strong></span> <span class='ocrx_word' id='word_1_77' title='bbox 1860 1338 1974 1390; x_wconf 68' lang='lat' dir='ltr'><strong>haec</strong></span> 
     </span>
    </p>
   </div>
   <div class='ocr_carea' id='block_1_11' title="bbox 378 1428 1971 1500">
    <p class='ocr_par' dir='ltr' id='par_1_11' title="bbox 378 1428 1971 1500">
     <span class='ocr_line' id='line_1_11' title="bbox 378 1428 1971 1500; baseline -0.006 -10"><span class='ocrx_word' id='word_1_78' title='bbox 378 1437 553 1490; x_wconf 85' lang='lat' dir='ltr'><strong>solum</strong></span> <span class='ocrx_word' id='word_1_79' title='bbox 602 1434 755 1489; x_wconf 87' lang='lat' dir='ltr'><strong>nobis</strong></span> <span class='ocrx_word' id='word_1_80' title='bbox 797 1433 864 1488; x_wconf 90' lang='lat' dir='ltr'><strong>de</strong></span> <span class='ocrx_word' id='word_1_81' title='bbox 910 1431 1001 1487; x_wconf 91' lang='lat' dir='ltr'><strong>illo</strong></span> <span class='ocrx_word' id='word_1_82' title='bbox 1030 1430 1250 1486; x_wconf 84' lang='lat' dir='ltr'><strong>dicenda</strong></span> <span class='ocrx_word' id='word_1_83' title='bbox 1296 1438 1615 1500; x_wconf 90' lang='lat' dir='ltr'><strong>suppetunt;</strong></span> <span class='ocrx_word' id='word_1_84' title='bbox 1666 1428 1757 1483; x_wconf 89' lang='lat' dir='ltr'><strong>sed</strong></span> <span class='ocrx_word' id='word_1_85' title='bbox 1812 1428 1971 1483; x_wconf 83' lang='lat' dir='ltr'><strong>etiam</strong></span> 
     </span>
    </p>
   </div>
   <div class='ocr_carea' id='block_1_12' title="bbox 382 1521 1972 1598">
    <p class='ocr_par' dir='ltr' id='par_1_12' title="bbox 382 1521 1972 1598">
     <span class='ocr_line' id='line_1_12' title="bbox 382 1521 1972 1598; baseline -0.004 -16"><span class='ocrx_word' id='word_1_86' title='bbox 382 1528 522 1598; x_wconf 85' lang='lat' dir='ltr'><strong>quod</strong></span> <span class='ocrx_word' id='word_1_87' title='bbox 553 1527 676 1581; x_wconf 76' lang='lat' dir='ltr'><strong>hinc</strong></span> <span class='ocrx_word' id='word_1_88' title='bbox 702 1526 857 1581; x_wconf 90' lang='lat' dir='ltr'><strong>nobis</strong></span> <span class='ocrx_word' id='word_1_89' title='bbox 905 1524 971 1579; x_wconf 87' lang='lat' dir='ltr'><strong>ad</strong></span> <span class='ocrx_word' id='word_1_90' title='bbox 1013 1525 1109 1578; x_wconf 87' lang='lat' dir='ltr'><strong>Dei</strong></span> <span class='ocrx_word' id='word_1_91' title='bbox 1155 1524 1395 1578; x_wconf 82' lang='lat' dir='ltr'><strong>notitiam</strong></span> <span class='ocrx_word' id='word_1_92' title='bbox 1428 1532 1572 1591; x_wconf 86' lang='lat' dir='ltr'><strong>patet</strong></span> <span class='ocrx_word' id='word_1_93' title='bbox 1601 1522 1705 1575; x_wconf 90' lang='lat' dir='ltr'><strong>via.</strong></span> <span class='ocrx_word' id='word_1_94' title='bbox 1745 1521 1800 1577; x_wconf 88' lang='lat' dir='ltr'><strong>Si</strong></span> <span class='ocrx_word' id='word_1_95' title='bbox 1830 1521 1972 1576; x_wconf 86' lang='lat' dir='ltr'><strong>enim</strong></span> 
     </span>
    </p>
   </div>
   <div class='ocr_carea' id='block_1_13' title="bbox 382 1610 1975 1686">
    <p class='ocr_par' dir='ltr' id='par_1_13' title="bbox 382 1610 1975 1686">
     <span class='ocr_line' id='line_1_13' title="bbox 382 1610 1975 1686; baseline -0.004 -14"><span class='ocrx_word' id='word_1_96' title='bbox 382 1618 665 1673; x_wconf 75' lang='lat' dir='ltr'><strong>invisibilia</strong></span> <span class='ocrx_word' id='word_1_97' title='bbox 697 1616 812 1686; x_wconf 91' lang='lat' dir='ltr'><strong>ejus</strong></span> <span class='ocrx_word' id='word_1_98' title='bbox 841 1631 869 1668; x_wconf 90' lang='lat' dir='ltr'><strong>a</strong></span> <span class='ocrx_word' id='word_1_99' title='bbox 909 1615 1215 1670; x_wconf 88' lang='lat' dir='ltr'><strong>conditione</strong></span> <span class='ocrx_word' id='word_1_100' title='bbox 1253 1614 1434 1667; x_wconf 89' lang='lat' dir='ltr'><strong>mundi</strong></span> <span class='ocrx_word' id='word_1_101' title='bbox 1463 1612 1514 1667; x_wconf 90' lang='lat' dir='ltr'><strong>in</strong></span> <span class='ocrx_word' id='word_1_102' title='bbox 1544 1610 1764 1667; x_wconf 71' lang='lat' dir='ltr'><strong>iacturis</strong></span> <span class='ocrx_word' id='word_1_103' title='bbox 1793 1613 1975 1667; x_wconf 85' lang='lat' dir='ltr'><strong>consi-</strong></span> 
     </span>
    </p>
   </div>
   <div class='ocr_carea' id='block_1_14' title="bbox 387 1696 1960 1771">
    <p class='ocr_par' dir='ltr' id='par_1_14' title="bbox 387 1696 1960 1771">
     <span class='ocr_line' id='line_1_14' title="bbox 387 1696 1960 1771; baseline -0.002 -12"><span class='ocrx_word' id='word_1_104' title='bbox 387 1706 594 1767; x_wconf 83' lang='lat' dir='ltr'><strong>derata,</strong></span> <span class='ocrx_word' id='word_1_105' title='bbox 616 1696 1028 1770; x_wconf 84' lang='lat' dir='ltr'><strong>conspiciuntur</strong></span> <span class='ocrx_word' id='word_1_106' title='bbox 1051 1700 1225 1770; x_wconf 82' lang='lat' dir='ltr'><strong>(Rom.</strong></span> <span class='ocrx_word' id='word_1_107' title='bbox 1246 1700 1298 1754; x_wconf 81' lang='grc'><strong>1.</strong></span> <span class='ocrx_word' id='word_1_108' title='bbox 1326 1700 1418 1771; x_wconf 76' lang='lat'><strong>‘20)</strong></span> <span class='ocrx_word' id='word_1_109' title='bbox 1448 1713 1501 1755; x_wconf 90' lang='lat' dir='ltr'><strong>et</strong></span> <span class='ocrx_word' id='word_1_110' title='bbox 1528 1701 1660 1756; x_wconf 87' lang='lat' dir='ltr'><strong>ﬁdes</strong></span> <span class='ocrx_word' id='word_1_111' title='bbox 1682 1717 1749 1758; x_wconf 80' lang='lat' dir='ltr'><strong>ex</strong></span> <span class='ocrx_word' id='word_1_112' title='bbox 1772 1702 1960 1757; x_wconf 87' lang='lat' dir='ltr'><strong>auditu</strong></span> 
     </span>
    </p>
   </div>
   <div class='ocr_carea' id='block_1_15' title="bbox 378 1784 1961 1866">
    <p class='ocr_par' dir='ltr' id='par_1_15' title="bbox 378 1784 1961 1866">
     <span class='ocr_line' id='line_1_15' title="bbox 378 1784 1961 1866; baseline -0.001 -14"><span class='ocrx_word' id='word_1_113' title='bbox 378 1807 473 1852; x_wconf 73' lang='lat' dir='ltr'><strong>est</strong></span> <span class='ocrx_word' id='word_1_114' title='bbox 496 1794 672 1866; x_wconf 81' lang='lat' dir='ltr'><strong>(Rom.</strong></span> <span class='ocrx_word' id='word_1_115' title='bbox 693 1794 780 1848; x_wconf 79' lang='grc'><strong>10.</strong></span> <span class='ocrx_word' id='word_1_116' title='bbox 808 1792 917 1863; x_wconf 76' lang='grc'><strong>17),</strong></span> <span class='ocrx_word' id='word_1_117' title='bbox 942 1791 1075 1847; x_wconf 80' lang='lat' dir='ltr'><strong>satis</strong></span> <span class='ocrx_word' id='word_1_118' title='bbox 1096 1784 1467 1859; x_wconf 81' lang='lat' dir='ltr'><strong>manifestum,</strong></span> <span class='ocrx_word' id='word_1_119' title='bbox 1486 1794 1631 1863; x_wconf 88' lang='lat' dir='ltr'><strong>quod</strong></span> <span class='ocrx_word' id='word_1_120' title='bbox 1657 1809 1750 1862; x_wconf 88' lang='lat' dir='ltr'><strong>per</strong></span> <span class='ocrx_word' id='word_1_121' title='bbox 1772 1796 1961 1851; x_wconf 91' lang='lat' dir='ltr'><strong>oculos</strong></span> 
     </span>
    </p>
   </div>
   <div class='ocr_carea' id='block_1_16' title="bbox 390 1885 1962 1957">
    <p class='ocr_par' dir='ltr' id='par_1_16' title="bbox 390 1885 1962 1957">
     <span class='ocr_line' id='line_1_16' title="bbox 390 1885 1962 1957; baseline -0.001 -12"><span class='ocrx_word' id='word_1_122' title='bbox 390 1899 446 1945; x_wconf 91' lang='lat' dir='ltr'><strong>et</strong></span> <span class='ocrx_word' id='word_1_123' title='bbox 464 1904 625 1943; x_wconf 88' lang='lat' dir='ltr'><strong>aures</strong></span> <span class='ocrx_word' id='word_1_124' title='bbox 645 1887 1036 1941; x_wconf 85' lang='lat' dir='ltr'><strong>manuducilur</strong></span> <span class='ocrx_word' id='word_1_125' title='bbox 1056 1886 1261 1948; x_wconf 89' lang='lat' dir='ltr'><strong>anima,</strong></span> <span class='ocrx_word' id='word_1_126' title='bbox 1291 1893 1346 1939; x_wconf 88' lang='lat' dir='ltr'><strong>ut</strong></span> <span class='ocrx_word' id='word_1_127' title='bbox 1371 1896 1631 1955; x_wconf 72' lang='lat' dir='ltr'><strong>agnoscit</strong></span> <span class='ocrx_word' id='word_1_128' title='bbox 1649 1885 1842 1950; x_wconf 80' lang='lat' dir='ltr'><strong>Deum,</strong></span> <span class='ocrx_word' id='word_1_129' title='bbox 1867 1889 1962 1957; x_wconf 96' lang='lat' dir='ltr'><strong>qui</strong></span> 
     </span>
    </p>
   </div>
   <div class='ocr_carea' id='block_1_17' title="bbox 391 1977 1964 2046">
    <p class='ocr_par' dir='ltr' id='par_1_17' title="bbox 391 1977 1964 2046">
     <span class='ocr_line' id='line_1_17' title="bbox 391 1977 1964 2046; baseline -0.001 -12"><span class='ocrx_word' id='word_1_130' title='bbox 391 1982 539 2035; x_wconf 86' lang='lat' dir='ltr'><strong>illam</strong></span> <span class='ocrx_word' id='word_1_131' title='bbox 565 1978 723 2033; x_wconf 71' lang='lat' dir='ltr'><strong>fecit.</strong></span> <span class='ocrx_word' id='word_1_132' title='bbox 744 1978 953 2042; x_wconf 79' lang='lat' dir='ltr'><strong>idcirco</strong></span> <span class='ocrx_word' id='word_1_133' title='bbox 984 1978 1126 2031; x_wconf 86' lang='lat' dir='ltr'><strong>istuc</strong></span> <span class='ocrx_word' id='word_1_134' title='bbox 1161 1977 1335 2046; x_wconf 89' lang='lat' dir='ltr'><strong>ipsum</strong></span> <span class='ocrx_word' id='word_1_135' title='bbox 1371 1977 1571 2031; x_wconf 88' lang='lat' dir='ltr'><strong>Paulus</strong></span> <span class='ocrx_word' id='word_1_136' title='bbox 1598 1989 1744 2031; x_wconf 85' lang='lat' dir='ltr'><strong>amat</strong></span> <span class='ocrx_word' id='word_1_137' title='bbox 1773 1988 1825 2032; x_wconf 90' lang='lat' dir='ltr'><strong>ct</strong></span> <span class='ocrx_word' id='word_1_138' title='bbox 1848 1982 1964 2033; x_wconf 86' lang='lat' dir='ltr'><strong>cla-</strong></span> 
     </span>
    </p>
   </div>
   <div class='ocr_carea' id='block_1_18' title="bbox 391 2067 1963 2139">
    <p class='ocr_par' dir='ltr' id='par_1_18' title="bbox 391 2067 1963 2139">
     <span class='ocr_line' id='line_1_18' title="bbox 391 2067 1963 2139; baseline -0.001 -14"><span class='ocrx_word' id='word_1_139' title='bbox 391 2081 520 2137; x_wconf 87' lang='lat' dir='ltr'><strong>mat,</strong></span> <span class='ocrx_word' id='word_1_140' title='bbox 550 2072 737 2125; x_wconf 89' lang='lat' dir='ltr'><strong>dicens</strong></span> <span class='ocrx_word' id='word_1_141' title='bbox 764 2069 908 2139; x_wconf 86' lang='lat' dir='ltr'><strong>quod</strong></span> <span class='ocrx_word' id='word_1_142' title='bbox 936 2067 1196 2121; x_wconf 81' lang='lat' dir='ltr'><strong>Nolumus</strong></span> <span class='ocrx_word' id='word_1_143' title='bbox 1225 2069 1264 2120; x_wconf 90' lang='lat' dir='ltr'><strong>il</strong></span> <span class='ocrx_word' id='word_1_144' title='bbox 1290 2068 1359 2120; x_wconf 82' lang='lat' dir='ltr'><strong>nd</strong></span> <span class='ocrx_word' id='word_1_145' title='bbox 1381 2071 1524 2135; x_wconf 78' lang='lat' dir='ltr'><strong>exui,</strong></span> <span class='ocrx_word' id='word_1_146' title='bbox 1543 2070 1630 2121; x_wconf 72' lang='lat' dir='ltr'><strong>scd</strong></span> <span class='ocrx_word' id='word_1_147' title='bbox 1652 2070 1963 2139; x_wconf 65' lang='grc' dir='ltr'><strong>ευμεν-ἰηιιαὶ</strong></span> 
     </span>
    </p>
   </div>
   <div class='ocr_carea' id='block_1_19' title="bbox 390 2160 1671 2230">
    <p class='ocr_par' dir='ltr' id='par_1_19' title="bbox 390 2160 1671 2230">
     <span class='ocr_line' id='line_1_19' title="bbox 390 2160 1671 2230; baseline -0.005 -10"><span class='ocrx_word' id='word_1_148' title='bbox 390 2167 492 2229; x_wconf 85' lang='lat' dir='ltr'><strong>ipsi</strong></span> <span class='ocrx_word' id='word_1_149' title='bbox 516 2164 967 2218; x_wconf 82' lang='lat' dir='ltr'><strong>immortalitatem</strong></span> <span class='ocrx_word' id='word_1_150' title='bbox 1000 2162 1073 2222; x_wconf 67' lang='grc' dir='ltr'><strong>(Ξ.</strong></span> <span class='ocrx_word' id='word_1_151' title='bbox 1111 2160 1231 2216; x_wconf 84' lang='lat' dir='ltr'><strong>Cor.</strong></span> <span class='ocrx_word' id='word_1_152' title='bbox 1268 2162 1321 2216; x_wconf 83' lang='lat'><strong>5.</strong></span> <span class='ocrx_word' id='word_1_153' title='bbox 1351 2161 1428 2230; x_wconf 67' lang='grc'><strong>4).</strong></span> <span class='ocrx_word' id='word_1_154' title='bbox 1667 2164 1671 2170; x_wconf 83' lang='grc'><em>’</em></span> 
     </span>
    </p>
   </div>
   <div class='ocr_carea' id='block_1_20' title="bbox 457 2253 1976 2325">
    <p class='ocr_par' dir='ltr' id='par_1_20' title="bbox 457 2253 1976 2325">
     <span class='ocr_line' id='line_1_20' title="bbox 457 2253 1976 2325; baseline 0.005 -20"><span class='ocrx_word' id='word_1_155' title='bbox 457 2254 859 2306; x_wconf 73' lang='lat' dir='ltr'><strong>ltesurrccttonis</strong></span> <span class='ocrx_word' id='word_1_156' title='bbox 886 2253 1066 2308; x_wconf 75' lang='lat' dir='ltr'><strong>veritas</strong></span> <span class='ocrx_word' id='word_1_157' title='bbox 1096 2255 1355 2325; x_wconf 79' lang='lat' dir='ltr'><strong>probatur.</strong></span> <span class='ocrx_word' id='word_1_158' title='bbox 1380 2284 1448 2293; x_wconf 90' lang='lat'><strong>—-</strong></span> <span class='ocrx_word' id='word_1_159' title='bbox 1471 2253 1650 2325; x_wconf 75' lang='lat' dir='ltr'><strong>Neque</strong></span> <span class='ocrx_word' id='word_1_160' title='bbox 1690 2271 1816 2311; x_wconf 77' lang='lat' dir='ltr'><strong>vero</strong></span> <span class='ocrx_word' id='word_1_161' title='bbox 1847 2256 1976 2312; x_wconf 77' lang='lat' dir='ltr'><strong>mihi</strong></span> 
     </span>
    </p>
   </div>
   <div class='ocr_carea' id='block_1_21' title="bbox 385 2342 1973 2420">
    <p class='ocr_par' dir='ltr' id='par_1_21' title="bbox 385 2342 1973 2420">
     <span class='ocr_line' id='line_1_21' title="bbox 385 2342 1973 2420; baseline 0.005 -24"><span class='ocrx_word' id='word_1_162' title='bbox 385 2342 513 2398; x_wconf 90' lang='lat' dir='ltr'><strong>illud</strong></span> <span class='ocrx_word' id='word_1_163' title='bbox 547 2344 787 2418; x_wconf 77' lang='lat' dir='ltr'><strong>thicias,</strong></span> <span class='ocrx_word' id='word_1_164' title='bbox 819 2361 923 2416; x_wconf 89' lang='lat' dir='ltr'><strong>quo</strong></span> <span class='ocrx_word' id='word_1_165' title='bbox 951 2348 1116 2416; x_wconf 82' lang='lat' dir='ltr'><strong>possit</strong></span> <span class='ocrx_word' id='word_1_166' title='bbox 1141 2348 1300 2404; x_wconf 92' lang='lat' dir='ltr'><strong>modo</strong></span> <span class='ocrx_word' id='word_1_167' title='bbox 1328 2363 1605 2419; x_wconf 89' lang='lat' dir='ltr'><strong>resurgere</strong></span> <span class='ocrx_word' id='word_1_168' title='bbox 1633 2365 1847 2420; x_wconf 82' lang='lat' dir='ltr'><strong>corpus,</strong></span> <span class='ocrx_word' id='word_1_169' title='bbox 1877 2351 1973 2404; x_wconf 87' lang='lat' dir='ltr'><strong>lie-</strong></span> 
     </span>
    </p>
   </div>
   <div class='ocr_carea' id='block_1_22' title="bbox 378 2437 1977 2513">
    <p class='ocr_par' dir='ltr' id='par_1_22' title="bbox 378 2437 1977 2513">
     <span class='ocr_line' id='line_1_22' title="bbox 378 2437 1977 2513; baseline 0.005 -23"><span class='ocrx_word' id='word_1_170' title='bbox 378 2437 547 2506; x_wconf 71' lang='lat' dir='ltr'><strong>riqne‘</strong></span> <span class='ocrx_word' id='word_1_171' title='bbox 570 2439 926 2506; x_wconf 82' lang='lat' dir='ltr'><strong>corruptionis</strong></span> <span class='ocrx_word' id='word_1_172' title='bbox 955 2438 1226 2495; x_wconf 88' lang='lat' dir='ltr'><strong>immune?</strong></span> <span class='ocrx_word' id='word_1_173' title='bbox 1264 2441 1394 2495; x_wconf 87' lang='lat' dir='ltr'><strong>Cum</strong></span> <span class='ocrx_word' id='word_1_174' title='bbox 1443 2440 1586 2497; x_wconf 87' lang='lat' dir='ltr'><strong>enim</strong></span> <span class='ocrx_word' id='word_1_175' title='bbox 1618 2442 1710 2497; x_wconf 89' lang='lat' dir='ltr'><strong>Dei</strong></span> <span class='ocrx_word' id='word_1_176' title='bbox 1744 2443 1977 2513; x_wconf 87' lang='lat' dir='ltr'><strong>potentia</strong></span> 
     </span>
    </p>
   </div>
   <div class='ocr_carea' id='block_1_23' title="bbox 382 2529 1975 2599">
    <p class='ocr_par' dir='ltr' id='par_1_23' title="bbox 382 2529 1975 2599">
     <span class='ocr_line' id='line_1_23' title="bbox 382 2529 1975 2599; baseline 0.006 -19"><span class='ocrx_word' id='word_1_177' title='bbox 382 2539 663 2597; x_wconf 82' lang='lat' dir='ltr'><strong>operatur,</strong></span> <span class='ocrx_word' id='word_1_178' title='bbox 695 2529 857 2597; x_wconf 84' lang='lat' dir='ltr'><strong>illud,</strong></span> <span class='ocrx_word' id='word_1_179' title='bbox 906 2530 1220 2599; x_wconf 82' lang='lat' dir='ltr'><strong>Quomodo,</strong></span> <span class='ocrx_word' id='word_1_180' title='bbox 1268 2549 1373 2588; x_wconf 87' lang='lat' dir='ltr'><strong>non</strong></span> <span class='ocrx_word' id='word_1_181' title='bbox 1400 2533 1828 2590; x_wconf 86' lang='lat' dir='ltr'><strong>estaddcndum.</strong></span> <span class='ocrx_word' id='word_1_182' title='bbox 1870 2535 1975 2590; x_wconf 85' lang='lat' dir='ltr'><strong>Sed</strong></span> 
     </span>
    </p>
   </div>
   <div class='ocr_carea' id='block_1_24' title="bbox 384 2620 1979 2695">
    <p class='ocr_par' dir='ltr' id='par_1_24' title="bbox 384 2620 1979 2695">
     <span class='ocr_line' id='line_1_24' title="bbox 384 2620 1979 2695; baseline 0.008 -23"><span class='ocrx_word' id='word_1_183' title='bbox 384 2620 511 2689; x_wconf 87' lang='lat' dir='ltr'><strong>quid</strong></span> <span class='ocrx_word' id='word_1_184' title='bbox 540 2620 605 2676; x_wconf 90' lang='lat' dir='ltr'><strong>de</strong></span> <span class='ocrx_word' id='word_1_185' title='bbox 638 2621 746 2676; x_wconf 92' lang='lat' dir='ltr'><strong>Deo</strong></span> <span class='ocrx_word' id='word_1_186' title='bbox 772 2623 1000 2693; x_wconf 86' lang='lat' dir='ltr'><strong>loquor?</strong></span> <span class='ocrx_word' id='word_1_187' title='bbox 1031 2624 1281 2695; x_wconf 85' lang='lat' dir='ltr'><strong>Tcipsum</strong></span> <span class='ocrx_word' id='word_1_188' title='bbox 1312 2625 1435 2682; x_wconf 78' lang='lat' dir='ltr'><strong>fecit</strong></span> <span class='ocrx_word' id='word_1_189' title='bbox 1465 2629 1623 2694; x_wconf 86' lang='lat' dir='ltr'><strong>Deus,</strong></span> <span class='ocrx_word' id='word_1_190' title='bbox 1654 2638 1710 2683; x_wconf 90' lang='lat' dir='ltr'><strong>ut</strong></span> <span class='ocrx_word' id='word_1_191' title='bbox 1736 2643 1979 2684; x_wconf 86' lang='lat' dir='ltr'><strong>resurre-</strong></span> 
     </span>
    </p>
   </div>
   <div class='ocr_carea' id='block_1_25' title="bbox 382 2713 1975 2789">
    <p class='ocr_par' dir='ltr' id='par_1_25' title="bbox 382 2713 1975 2789">
     <span class='ocr_line' id='line_1_25' title="bbox 382 2713 1975 2789; baseline 0.007 -26"><span class='ocrx_word' id='word_1_192' title='bbox 382 2713 576 2767; x_wconf 79' lang='lat' dir='ltr'><strong>rtionis</strong></span> <span class='ocrx_word' id='word_1_193' title='bbox 596 2729 743 2769; x_wconf 86' lang='lat' dir='ltr'><strong>esses</strong></span> <span class='ocrx_word' id='word_1_194' title='bbox 768 2714 966 2784; x_wconf 81' lang='lat' dir='ltr'><strong>Opifex,</strong></span> <span class='ocrx_word' id='word_1_195' title='bbox 1002 2716 1052 2771; x_wconf 88' lang='lat' dir='ltr'><strong>id</strong></span> <span class='ocrx_word' id='word_1_196' title='bbox 1082 2717 1221 2787; x_wconf 90' lang='lat' dir='ltr'><strong>quod</strong></span> <span class='ocrx_word' id='word_1_197' title='bbox 1247 2729 1391 2789; x_wconf 90' lang='lat' dir='ltr'><strong>patet</strong></span> <span class='ocrx_word' id='word_1_198' title='bbox 1413 2719 1465 2772; x_wconf 90' lang='lat' dir='ltr'><strong>in</strong></span> <span class='ocrx_word' id='word_1_199' title='bbox 1496 2720 1809 2787; x_wconf 83' lang='lat' dir='ltr'><strong>seminibus,</strong></span> <span class='ocrx_word' id='word_1_200' title='bbox 1842 2722 1975 2776; x_wconf 83' lang='lat' dir='ltr'><strong>arti-</strong></span> 
     </span>
    </p>
   </div>
   <div class='ocr_carea' id='block_1_26' title="bbox 387 2795 1975 2877">
    <p class='ocr_par' dir='ltr' id='par_1_26' title="bbox 387 2795 1975 2877">
     <span class='ocr_line' id='line_1_26' title="bbox 387 2795 1975 2877; baseline 0.006 -20"><span class='ocrx_word' id='word_1_201' title='bbox 387 2804 516 2870; x_wconf 82' lang='lat' dir='ltr'><strong>bus,</strong></span> <span class='ocrx_word' id='word_1_202' title='bbox 568 2806 906 2877; x_wconf 86' lang='lat' dir='ltr'><strong>materiisque</strong></span> <span class='ocrx_word' id='word_1_203' title='bbox 954 2795 1308 2863; x_wconf 86' lang='lat' dir='ltr'><strong>metallorum.</strong></span> <span class='ocrx_word' id='word_1_204' title='bbox 1361 2809 1571 2864; x_wconf 82' lang='lat' dir='ltr'><strong>Etenim</strong></span> <span class='ocrx_word' id='word_1_205' title='bbox 1618 2812 1821 2866; x_wconf 87' lang='lat' dir='ltr'><strong>semina</strong></span> <span class='ocrx_word' id='word_1_206' title='bbox 1875 2813 1975 2867; x_wconf 91' lang='lat' dir='ltr'><strong>nisi</strong></span> 
     </span>
    </p>
   </div>
   <div class='ocr_carea' id='block_1_27' title="bbox 389 2897 1977 2975">
    <p class='ocr_par' dir='ltr' id='par_1_27' title="bbox 389 2897 1977 2975">
     <span class='ocr_line' id='line_1_27' title="bbox 389 2897 1977 2975; baseline 0.006 -25"><span class='ocrx_word' id='word_1_207' title='bbox 389 2897 535 2967; x_wconf 89' lang='lat' dir='ltr'><strong>prius</strong></span> <span class='ocrx_word' id='word_1_208' title='bbox 566 2899 859 2954; x_wconf 85' lang='lat' dir='ltr'><strong>moriantur</strong></span> <span class='ocrx_word' id='word_1_209' title='bbox 887 2910 939 2954; x_wconf 93' lang='lat' dir='ltr'><strong>et</strong></span> <span class='ocrx_word' id='word_1_210' title='bbox 966 2904 1369 2971; x_wconf 52' lang='lat' dir='ltr'><strong>putrescant‘et</strong></span> <span class='ocrx_word' id='word_1_211' title='bbox 1399 2917 1828 2975; x_wconf 87' lang='lat' dir='ltr'><strong>corrumpantur,</strong></span> <span class='ocrx_word' id='word_1_212' title='bbox 1873 2922 1977 2961; x_wconf 91' lang='lat' dir='ltr'><strong>non</strong></span> 
     </span>
    </p>
   </div>
   <div class='ocr_carea' id='block_1_28' title="bbox 388 2991 1979 3070">
    <p class='ocr_par' dir='ltr' id='par_1_28' title="bbox 388 2991 1979 3070">
     <span class='ocr_line' id='line_1_28' title="bbox 388 2991 1979 3070; baseline 0.008 -28"><span class='ocrx_word' id='word_1_213' title='bbox 388 2991 600 3060; x_wconf 89' lang='lat' dir='ltr'><strong>pariunt</strong></span> <span class='ocrx_word' id='word_1_214' title='bbox 640 2993 862 3061; x_wconf 79' lang='lat' dir='ltr'><strong>Spicum.</strong></span> <span class='ocrx_word' id='word_1_215' title='bbox 914 2993 1063 3049; x_wconf 88' lang='lat' dir='ltr'><strong>Sicut</strong></span> <span class='ocrx_word' id='word_1_216' title='bbox 1101 2996 1259 3066; x_wconf 83' lang='lat' dir='ltr'><strong>igitur</strong></span> <span class='ocrx_word' id='word_1_217' title='bbox 1303 2998 1390 3070; x_wconf 86' lang='lat' dir='ltr'><strong>qui</strong></span> <span class='ocrx_word' id='word_1_218' title='bbox 1443 2997 1593 3053; x_wconf 91' lang='lat' dir='ltr'><strong>vides</strong></span> <span class='ocrx_word' id='word_1_219' title='bbox 1639 2999 1712 3055; x_wconf 89' lang='lat' dir='ltr'><strong>ibi</strong></span> <span class='ocrx_word' id='word_1_220' title='bbox 1754 3016 1979 3070; x_wconf 83' lang='lat' dir='ltr'><strong>granum</strong></span> 
     </span>
    </p>
   </div>
   <div class='ocr_carea' id='block_1_29' title="bbox 387 3082 1981 3155">
    <p class='ocr_par' dir='ltr' id='par_1_29' title="bbox 387 3082 1981 3155">
     <span class='ocr_line' id='line_1_29' title="bbox 387 3082 1981 3155; baseline 0.011 -21"><span class='ocrx_word' id='word_1_221' title='bbox 387 3082 529 3152; x_wconf 82' lang='lat' dir='ltr'><strong>quod</strong></span> <span class='ocrx_word' id='word_1_222' title='bbox 555 3086 913 3155; x_wconf 89' lang='lat' dir='ltr'><strong>corrumpitur</strong></span> <span class='ocrx_word' id='word_1_223' title='bbox 937 3098 991 3143; x_wconf 92' lang='lat' dir='ltr'><strong>ct</strong></span> <span class='ocrx_word' id='word_1_224' title='bbox 1009 3087 1334 3155; x_wconf 71' lang='lat' dir='ltr'><strong>dissolvitur,</strong></span> <span class='ocrx_word' id='word_1_225' title='bbox 1353 3107 1458 3146; x_wconf 90' lang='lat' dir='ltr'><strong>non</strong></span> <span class='ocrx_word' id='word_1_226' title='bbox 1480 3091 1691 3148; x_wconf 77' lang='lat' dir='ltr'><strong>dubitas</strong></span> <span class='ocrx_word' id='word_1_227' title='bbox 1714 3095 1780 3148; x_wconf 91' lang='lat' dir='ltr'><strong>de</strong></span> <span class='ocrx_word' id='word_1_228' title='bbox 1802 3110 1981 3151; x_wconf 90' lang='lat' dir='ltr'><strong>resur-</strong></span> 
     </span>
    </p>
   </div>
   <div class='ocr_carea' id='block_1_30' title="bbox 388 3174 1981 3241">
    <p class='ocr_par' dir='ltr' id='par_1_30' title="bbox 388 3174 1981 3241">
     <span class='ocr_line' id='line_1_30' title="bbox 388 3174 1981 3241; baseline 0.009 -15"><span class='ocrx_word' id='word_1_229' title='bbox 388 3174 645 3231; x_wconf 63' lang='lat' dir='ltr'><strong>rectione.</strong></span> <span class='ocrx_word' id='word_1_230' title='bbox 672 3176 765 3230; x_wconf 90' lang='lat' dir='ltr'><strong>scd</strong></span> <span class='ocrx_word' id='word_1_231' title='bbox 795 3178 1147 3234; x_wconf 84' lang='lat' dir='ltr'><strong>certissimam</strong></span> <span class='ocrx_word' id='word_1_232' title='bbox 1170 3179 1680 3237; x_wconf 89' lang='lat' dir='ltr'><strong>demonstrationem</strong></span> <span class='ocrx_word' id='word_1_233' title='bbox 1700 3182 1829 3240; x_wconf 84' lang='lat' dir='ltr'><strong>facis</strong></span> <span class='ocrx_word' id='word_1_234' title='bbox 1862 3203 1877 3240; x_wconf 86' lang='lat'><strong>:</strong></span> <span class='ocrx_word' id='word_1_235' title='bbox 1901 3196 1981 3241; x_wconf 89' lang='lat' dir='ltr'><strong>et-</strong></span> 
     </span>
    </p>
   </div>
   <div class='ocr_carea' id='block_1_31' title="bbox 388 3266 1979 3343">
    <p class='ocr_par' dir='ltr' id='par_1_31' title="bbox 388 3266 1979 3343">
     <span class='ocr_line' id='line_1_31' title="bbox 388 3266 1979 3343; baseline 0.008 -25"><span class='ocrx_word' id='word_1_236' title='bbox 388 3266 532 3318; x_wconf 89' lang='lat' dir='ltr'><strong>cnim</strong></span> <span class='ocrx_word' id='word_1_237' title='bbox 556 3267 598 3320; x_wconf 90' lang='lat' dir='ltr'><strong>si</strong></span> <span class='ocrx_word' id='word_1_238' title='bbox 622 3267 690 3320; x_wconf 89' lang='lat' dir='ltr'><strong>ita</strong></span> <span class='ocrx_word' id='word_1_239' title='bbox 717 3279 978 3337; x_wconf 89' lang='lat' dir='ltr'><strong>maneret,</strong></span> <span class='ocrx_word' id='word_1_240' title='bbox 1002 3279 1180 3325; x_wconf 89' lang='lat' dir='ltr'><strong>etnon</strong></span> <span class='ocrx_word' id='word_1_241' title='bbox 1202 3283 1651 3343; x_wconf 85' lang='lat' dir='ltr'><strong>corrumperetur,</strong></span> <span class='ocrx_word' id='word_1_242' title='bbox 1681 3275 1763 3329; x_wconf 90' lang='lat' dir='ltr'><strong>vel</strong></span> <span class='ocrx_word' id='word_1_243' title='bbox 1784 3275 1979 3331; x_wconf 85' lang='lat' dir='ltr'><strong>dissol-</strong></span> 
     </span>
    </p>
   </div>
   <div class='ocr_carea' id='block_1_32' title="bbox 388 3360 1979 3438">
    <p class='ocr_par' dir='ltr' id='par_1_32' title="bbox 388 3360 1979 3438">
     <span class='ocr_line' id='line_1_32' title="bbox 388 3360 1979 3438; baseline 0.009 -31"><span class='ocrx_word' id='word_1_244' title='bbox 388 3364 621 3423; x_wconf 78' lang='lat' dir='ltr'><strong>veretur,</strong></span> <span class='ocrx_word' id='word_1_245' title='bbox 640 3369 840 3413; x_wconf 87' lang='lat' dir='ltr'><strong>certum</strong></span> <span class='ocrx_word' id='word_1_246' title='bbox 864 3360 1003 3430; x_wconf 88' lang='lat' dir='ltr'><strong>quod</strong></span> <span class='ocrx_word' id='word_1_247' title='bbox 1026 3378 1313 3433; x_wconf 90' lang='lat' dir='ltr'><strong>numquam</strong></span> <span class='ocrx_word' id='word_1_248' title='bbox 1342 3378 1641 3435; x_wconf 77' lang='lat' dir='ltr'><strong>resurgeret</strong></span> <span class='ocrx_word' id='word_1_249' title='bbox 1665 3381 1680 3418; x_wconf 91' lang='lat'>:</span> <span class='ocrx_word' id='word_1_250' title='bbox 1712 3367 1789 3421; x_wconf 89' lang='lat' dir='ltr'><strong>sic</strong></span> <span class='ocrx_word' id='word_1_251' title='bbox 1809 3369 1979 3438; x_wconf 83' lang='lat' dir='ltr'><strong>cogita</strong></span> 
     </span>
    </p>
   </div>
   <div class='ocr_carea' id='block_1_33' title="bbox 391 3448 1980 3530">
    <p class='ocr_par' dir='ltr' id='par_1_33' title="bbox 391 3448 1980 3530">
     <span class='ocr_line' id='line_1_33' title="bbox 391 3448 1980 3530; baseline 0.008 -28"><span class='ocrx_word' id='word_1_252' title='bbox 391 3459 445 3502; x_wconf 88' lang='lat' dir='ltr'><strong>et</strong></span> <span class='ocrx_word' id='word_1_253' title='bbox 465 3448 530 3503; x_wconf 83' lang='lat' dir='ltr'><strong>de</strong></span> <span class='ocrx_word' id='word_1_254' title='bbox 550 3466 775 3521; x_wconf 86' lang='lat' dir='ltr'><strong>corpore</strong></span> <span class='ocrx_word' id='word_1_255' title='bbox 796 3462 885 3507; x_wconf 92' lang='lat' dir='ltr'><strong>tuo</strong></span> <span class='ocrx_word' id='word_1_256' title='bbox 915 3469 929 3506; x_wconf 93' lang='lat'>:</span> <span class='ocrx_word' id='word_1_257' title='bbox 962 3470 1083 3509; x_wconf 90' lang='lat' dir='ltr'><strong>cum</strong></span> <span class='ocrx_word' id='word_1_258' title='bbox 1109 3456 1257 3511; x_wconf 83' lang='lat' dir='ltr'><strong>vides</strong></span> <span class='ocrx_word' id='word_1_259' title='bbox 1278 3459 1701 3527; x_wconf 83' lang='lat' dir='ltr'><strong>corruptionem,</strong></span> <span class='ocrx_word' id='word_1_260' title='bbox 1729 3469 1854 3514; x_wconf 87' lang='lat' dir='ltr'><strong>tunc</strong></span> <span class='ocrx_word' id='word_1_261' title='bbox 1881 3477 1980 3530; x_wconf 86' lang='lat' dir='ltr'><strong>po-</strong></span> 
     </span>
    </p>
   </div>
   <div class='ocr_carea' id='block_1_34' title="bbox 390 3543 1981 3620">
    <p class='ocr_par' dir='ltr' id='par_1_34' title="bbox 390 3543 1981 3620">
     <span class='ocr_line' id='line_1_34' title="bbox 390 3543 1981 3620; baseline 0.008 -24"><span class='ocrx_word' id='word_1_262' title='bbox 390 3543 655 3599; x_wconf 85' lang='lat' dir='ltr'><strong>tissimum</strong></span> <span class='ocrx_word' id='word_1_263' title='bbox 701 3546 769 3600; x_wconf 93' lang='lat' dir='ltr'><strong>de</strong></span> <span class='ocrx_word' id='word_1_264' title='bbox 814 3548 1208 3603; x_wconf 84' lang='lat' dir='ltr'><strong>resurrectione</strong></span> <span class='ocrx_word' id='word_1_265' title='bbox 1247 3550 1640 3620; x_wconf 78' lang='lat' dir='ltr'><strong>philoSOphare.</strong></span> <span class='ocrx_word' id='word_1_266' title='bbox 1674 3551 1806 3606; x_wconf 77' lang='lat' dir='ltr'><strong>Nam</strong></span> <span class='ocrx_word' id='word_1_267' title='bbox 1837 3567 1981 3609; x_wconf 83' lang='lat' dir='ltr'><strong>mors</strong></span> 
     </span>
    </p>
   </div>
   <div class='ocr_carea' id='block_1_35' title="bbox 391 3634 1979 3716">
    <p class='ocr_par' dir='ltr' id='par_1_35' title="bbox 391 3634 1979 3716">
     <span class='ocr_line' id='line_1_35' title="bbox 391 3634 1979 3716; baseline 0.009 -30"><span class='ocrx_word' id='word_1_268' title='bbox 391 3634 523 3688; x_wconf 85' lang='lat' dir='ltr'><strong>nihil</strong></span> <span class='ocrx_word' id='word_1_269' title='bbox 551 3635 692 3690; x_wconf 88' lang='lat' dir='ltr'><strong>aliud</strong></span> <span class='ocrx_word' id='word_1_270' title='bbox 718 3646 799 3692; x_wconf 88' lang='lat' dir='ltr'><strong>cst</strong></span> <span class='ocrx_word' id='word_1_271' title='bbox 817 3681 831 3705; x_wconf 94' lang='lat'><strong>,</strong></span> <span class='ocrx_word' id='word_1_272' title='bbox 865 3654 1023 3711; x_wconf 85' lang='lat' dir='ltr'><strong>quam</strong></span> <span class='ocrx_word' id='word_1_273' title='bbox 1050 3640 1202 3710; x_wconf 88' lang='lat' dir='ltr'><strong>plena</strong></span> <span class='ocrx_word' id='word_1_274' title='bbox 1227 3643 1581 3714; x_wconf 86' lang='lat' dir='ltr'><strong>corruptionis</strong></span> <span class='ocrx_word' id='word_1_275' title='bbox 1606 3646 1979 3716; x_wconf 84' lang='lat' dir='ltr'><strong>consumptio:</strong></span> 
     </span>
    </p>
   </div>
   <div class='ocr_carea' id='block_1_36' title="bbox 393 3731 1983 3810">
    <p class='ocr_par' dir='ltr' id='par_1_36' title="bbox 393 3731 1983 3810">
     <span class='ocr_line' id='line_1_36' title="bbox 393 3731 1983 3810; baseline 0.008 -28"><span class='ocrx_word' id='word_1_276' title='bbox 393 3743 568 3798; x_wconf 87' lang='lat' dir='ltr'><strong>neque</strong></span> <span class='ocrx_word' id='word_1_277' title='bbox 590 3731 732 3785; x_wconf 90' lang='lat' dir='ltr'><strong>enim</strong></span> <span class='ocrx_word' id='word_1_278' title='bbox 761 3747 906 3787; x_wconf 84' lang='lat' dir='ltr'><strong>mors</strong></span> <span class='ocrx_word' id='word_1_279' title='bbox 950 3733 1264 3804; x_wconf 81' lang='lat' dir='ltr'><strong>simpliciter</strong></span> <span class='ocrx_word' id='word_1_280' title='bbox 1291 3751 1512 3807; x_wconf 89' lang='lat' dir='ltr'><strong>corpus,</strong></span> <span class='ocrx_word' id='word_1_281' title='bbox 1538 3737 1639 3793; x_wconf 88' lang='lat' dir='ltr'><strong>sed</strong></span> <span class='ocrx_word' id='word_1_282' title='bbox 1680 3742 1983 3810; x_wconf 83' lang='lat' dir='ltr'><strong>corruptio-</strong></span> 
     </span>
    </p>
   </div>
   <div class='ocr_carea' id='block_1_37' title="bbox 391 3826 1986 3899">
    <p class='ocr_par' dir='ltr' id='par_1_37' title="bbox 391 3826 1986 3899">
     <span class='ocr_line' id='line_1_37' title="bbox 391 3826 1986 3899; baseline 0.007 -23"><span class='ocrx_word' id='word_1_283' title='bbox 391 3839 517 3877; x_wconf 88' lang='lat' dir='ltr'><strong>nem</strong></span> <span class='ocrx_word' id='word_1_284' title='bbox 547 3826 788 3895; x_wconf 88' lang='lat' dir='ltr'><strong>corporis</strong></span> <span class='ocrx_word' id='word_1_285' title='bbox 813 3826 1063 3882; x_wconf 87' lang='lat' dir='ltr'><strong>absumit.</strong></span> <span class='ocrx_word' id='word_1_286' title='bbox 1092 3828 1207 3885; x_wconf 83' lang='lat' dir='ltr'><strong>Hoc</strong></span> <span class='ocrx_word' id='word_1_287' title='bbox 1233 3830 1406 3899; x_wconf 31' lang='lat' dir='ltr'><strong>etiam.</strong></span> <span class='ocrx_word' id='word_1_288' title='bbox 1435 3831 1487 3885; x_wconf 89' lang='lat' dir='ltr'><strong>in</strong></span> <span class='ocrx_word' id='word_1_289' title='bbox 1514 3833 1851 3887; x_wconf 91' lang='lat' dir='ltr'><strong>metallorum</strong></span> <span class='ocrx_word' id='word_1_290' title='bbox 1875 3850 1986 3887; x_wconf 80' lang='lat' dir='ltr'><strong>ma-</strong></span> 
     </span>
    </p>
   </div>
   <div class='ocr_carea' id='block_1_38' title="bbox 398 3915 1987 3993">
    <p class='ocr_par' dir='ltr' id='par_1_38' title="bbox 398 3915 1987 3993">
     <span class='ocr_line' id='line_1_38' title="bbox 398 3915 1987 3993; baseline 0.007 -25"><span class='ocrx_word' id='word_1_291' title='bbox 398 3915 546 3968; x_wconf 87' lang='lat' dir='ltr'><strong>teriis</strong></span> <span class='ocrx_word' id='word_1_292' title='bbox 561 3916 708 3969; x_wconf 89' lang='lat' dir='ltr'><strong>vides</strong></span> <span class='ocrx_word' id='word_1_293' title='bbox 730 3918 964 3971; x_wconf 88' lang='lat' dir='ltr'><strong>evenire.</strong></span> <span class='ocrx_word' id='word_1_294' title='bbox 991 3917 1212 3973; x_wconf 87' lang='lat' dir='ltr'><strong>Terram</strong></span> <span class='ocrx_word' id='word_1_295' title='bbox 1234 3921 1375 3973; x_wconf 90' lang='lat' dir='ltr'><strong>cnim</strong></span> <span class='ocrx_word' id='word_1_296' title='bbox 1397 3922 1575 3976; x_wconf 85' lang='lat' dir='ltr'><strong>aureis</strong></span> <span class='ocrx_word' id='word_1_297' title='bbox 1599 3924 1855 3977; x_wconf 73' lang='lat' dir='ltr'><strong>ramuntis</strong></span> <span class='ocrx_word' id='word_1_298' title='bbox 1882 3924 1987 3993; x_wconf 88' lang='lat' dir='ltr'><strong>ple-</strong></span> 
     </span>
    </p>
   </div>
   <div class='ocr_carea' id='block_1_39' title="bbox 397 4010 1989 4082">
    <p class='ocr_par' dir='ltr' id='par_1_39' title="bbox 397 4010 1989 4082">
     <span class='ocr_line' id='line_1_39' title="bbox 397 4010 1989 4082; baseline 0.008 -22"><span class='ocrx_word' id='word_1_299' title='bbox 397 4023 518 4061; x_wconf 89' lang='lat' dir='ltr'><strong>nam</strong></span> <span class='ocrx_word' id='word_1_300' title='bbox 541 4010 806 4078; x_wconf 86' lang='lat' dir='ltr'><strong>aecipiuut</strong></span> <span class='ocrx_word' id='word_1_301' title='bbox 828 4010 943 4082; x_wconf 88' lang='lat' dir='ltr'><strong>ejus</strong></span> <span class='ocrx_word' id='word_1_302' title='bbox 963 4013 1093 4066; x_wconf 85' lang='lat' dir='ltr'><strong>artis</strong></span> <span class='ocrx_word' id='word_1_303' title='bbox 1119 4013 1297 4082; x_wconf 89' lang='lat' dir='ltr'><strong>periti,</strong></span> <span class='ocrx_word' id='word_1_304' title='bbox 1324 4013 1451 4069; x_wconf 89' lang='lat' dir='ltr'><strong>etin</strong></span> <span class='ocrx_word' id='word_1_305' title='bbox 1474 4014 1842 4071; x_wconf 83' lang='lat' dir='ltr'><strong>eonﬁatorium</strong></span> <span class='ocrx_word' id='word_1_306' title='bbox 1866 4018 1989 4073; x_wconf 88' lang='lat' dir='ltr'><strong>mit-</strong></span> 
     </span>
    </p>
   </div>
   <div class='ocr_carea' id='block_1_40' title="bbox 396 4101 1986 4177">
    <p class='ocr_par' dir='ltr' id='par_1_40' title="bbox 396 4101 1986 4177">
     <span class='ocr_line' id='line_1_40' title="bbox 396 4101 1986 4177; baseline 0.006 -23"><span class='ocrx_word' id='word_1_307' title='bbox 396 4106 575 4155; x_wconf 80' lang='lat' dir='ltr'><strong>tentes</strong></span> <span class='ocrx_word' id='word_1_308' title='bbox 617 4101 816 4156; x_wconf 79' lang='lat' dir='ltr'><strong>faciunt</strong></span> <span class='ocrx_word' id='word_1_309' title='bbox 856 4118 1043 4158; x_wconf 84' lang='lat' dir='ltr'><strong>aurum</strong></span> <span class='ocrx_word' id='word_1_310' title='bbox 1080 4120 1094 4157; x_wconf 87' lang='lat'><strong>:</strong></span> <span class='ocrx_word' id='word_1_311' title='bbox 1128 4113 1183 4159; x_wconf 90' lang='lat' dir='ltr'><strong>et</strong></span> <span class='ocrx_word' id='word_1_312' title='bbox 1208 4120 1276 4159; x_wconf 76' lang='lat' dir='ltr'><strong>ex</strong></span> <span class='ocrx_word' id='word_1_313' title='bbox 1305 4120 1468 4160; x_wconf 85' lang='lat' dir='ltr'><strong>arena</strong></span> <span class='ocrx_word' id='word_1_314' title='bbox 1508 4107 1718 4177; x_wconf 87' lang='lat' dir='ltr'><strong>aliaque</strong></span> <span class='ocrx_word' id='word_1_315' title='bbox 1764 4113 1986 4164; x_wconf 81' lang='lat' dir='ltr'><strong>materia</strong></span> 
     </span>
    </p>
   </div>
   <div class='ocr_carea' id='block_1_41' title="bbox 398 4194 1990 4274">
    <p class='ocr_par' dir='ltr' id='par_1_41' title="bbox 398 4194 1990 4274">
     <span class='ocr_line' id='line_1_41' title="bbox 398 4194 1990 4274; baseline 0.011 -34"><span class='ocrx_word' id='word_1_316' title='bbox 398 4206 588 4260; x_wconf 83' lang='lat' dir='ltr'><strong>purum</strong></span> <span class='ocrx_word' id='word_1_317' title='bbox 617 4194 810 4248; x_wconf 88' lang='lat' dir='ltr'><strong>vitrum</strong></span> <span class='ocrx_word' id='word_1_318' title='bbox 837 4195 1144 4252; x_wconf 89' lang='lat' dir='ltr'><strong>conﬁciunt.</strong></span> <span class='ocrx_word' id='word_1_319' title='bbox 1176 4196 1293 4252; x_wconf 84' lang='lat' dir='ltr'><strong>Jam</strong></span> <span class='ocrx_word' id='word_1_320' title='bbox 1339 4198 1383 4252; x_wconf 90' lang='lat' dir='ltr'><strong>si</strong></span> <span class='ocrx_word' id='word_1_321' title='bbox 1411 4208 1611 4254; x_wconf 89' lang='lat' dir='ltr'><strong>tantum</strong></span> <span class='ocrx_word' id='word_1_322' title='bbox 1652 4211 1827 4271; x_wconf 89' lang='lat' dir='ltr'><strong>potest</strong></span> <span class='ocrx_word' id='word_1_323' title='bbox 1854 4202 1990 4274; x_wconf 84' lang='lat' dir='ltr'><strong>ignis</strong></span> 
     </span>
    </p>
   </div>
   <div class='ocr_carea' id='block_1_42' title="bbox 397 4285 1992 4363">
    <p class='ocr_par' dir='ltr' id='par_1_42' title="bbox 397 4285 1992 4363">
     <span class='ocr_line' id='line_1_42' title="bbox 397 4285 1992 4363; baseline 0.009 -28"><span class='ocrx_word' id='word_1_324' title='bbox 397 4285 501 4349; x_wconf 89' lang='lat' dir='ltr'><strong>vis,</strong></span> <span class='ocrx_word' id='word_1_325' title='bbox 533 4298 647 4350; x_wconf 88' lang='lat' dir='ltr'><strong>cur,</strong></span> <span class='ocrx_word' id='word_1_326' title='bbox 676 4300 879 4357; x_wconf 63' lang='lat' dir='ltr'><strong>quanio,</strong></span> <span class='ocrx_word' id='word_1_327' title='bbox 906 4303 1014 4343; x_wconf 89' lang='lat' dir='ltr'><strong>non</strong></span> <span class='ocrx_word' id='word_1_328' title='bbox 1045 4299 1093 4344; x_wconf 91' lang='lat' dir='ltr'><strong>et</strong></span> <span class='ocrx_word' id='word_1_329' title='bbox 1124 4290 1300 4345; x_wconf 89' lang='lat' dir='ltr'><strong>divina</strong></span> <span class='ocrx_word' id='word_1_330' title='bbox 1327 4292 1533 4361; x_wconf 84' lang='lat' dir='ltr'><strong>gratia?</strong></span> <span class='ocrx_word' id='word_1_331' title='bbox 1560 4292 1624 4347; x_wconf 84' lang='lat' dir='ltr'><strong>Et</strong></span> <span class='ocrx_word' id='word_1_332' title='bbox 1653 4294 1772 4363; x_wconf 88' lang='lat' dir='ltr'><strong>quis</strong></span> <span class='ocrx_word' id='word_1_333' title='bbox 1798 4297 1992 4351; x_wconf 88' lang='lat' dir='ltr'><strong>mentis</strong></span> 
     </span>
    </p>
   </div>
   <div class='ocr_carea' id='block_1_43' title="bbox 399 4377 1993 4458">
    <p class='ocr_par' dir='ltr' id='par_1_43' title="bbox 399 4377 1993 4458">
     <span class='ocr_line' id='line_1_43' title="bbox 399 4377 1993 4458; baseline 0.01 -29"><span class='ocrx_word' id='word_1_334' title='bbox 399 4391 620 4444; x_wconf 77' lang='lat' dir='ltr'><strong>eotnpos</strong></span> <span class='ocrx_word' id='word_1_335' title='bbox 651 4377 765 4434; x_wconf 81' lang='lat' dir='ltr'><strong>hn-c</strong></span> <span class='ocrx_word' id='word_1_336' title='bbox 792 4379 1039 4436; x_wconf 85' lang='lat' dir='ltr'><strong>diceret?</strong></span> <span class='ocrx_word' id='word_1_337' title='bbox 1082 4382 1263 4453; x_wconf 85' lang='lat' dir='ltr'><strong>Cogita</strong></span> <span class='ocrx_word' id='word_1_338' title='bbox 1292 4385 1563 4453; x_wconf 89' lang='lat' dir='ltr'><strong>quomodo</strong></span> <span class='ocrx_word' id='word_1_339' title='bbox 1596 4396 1646 4441; x_wconf 89' lang='lat' dir='ltr'><strong>te</strong></span> <span class='ocrx_word' id='word_1_340' title='bbox 1672 4403 1700 4441; x_wconf 86' lang='lat' dir='ltr'><strong>a</strong></span> <span class='ocrx_word' id='word_1_341' title='bbox 1732 4388 1993 4458; x_wconf 84' lang='lat' dir='ltr'><strong>principio</strong></span> 
     </span>
    </p>
   </div>
   <div class='ocr_carea' id='block_1_44' title="bbox 401 4467 1994 4550">
    <p class='ocr_par' dir='ltr' id='par_1_44' title="bbox 401 4467 1994 4550">
     <span class='ocr_line' id='line_1_44' title="bbox 401 4467 1994 4550; baseline 0.009 -29"><span class='ocrx_word' id='word_1_342' title='bbox 401 4467 547 4535; x_wconf 81' lang='lat' dir='ltr'><strong>fecit,</strong></span> <span class='ocrx_word' id='word_1_343' title='bbox 572 4485 668 4525; x_wconf 89' lang='lat' dir='ltr'><strong>nec</strong></span> <span class='ocrx_word' id='word_1_344' title='bbox 697 4473 799 4527; x_wconf 90' lang='lat' dir='ltr'><strong>erit</strong></span> <span class='ocrx_word' id='word_1_345' title='bbox 827 4474 965 4542; x_wconf 89' lang='lat' dir='ltr'><strong>quod</strong></span> <span class='ocrx_word' id='word_1_346' title='bbox 995 4474 1063 4530; x_wconf 89' lang='lat' dir='ltr'><strong>de</strong></span> <span class='ocrx_word' id='word_1_347' title='bbox 1095 4477 1488 4532; x_wconf 77' lang='lat' dir='ltr'><strong>resnrrcctionc</strong></span> <span class='ocrx_word' id='word_1_348' title='bbox 1516 4480 1771 4550; x_wconf 75' lang='lat' dir='ltr'><strong>ambigas.</strong></span> <span class='ocrx_word' id='word_1_349' title='bbox 1805 4480 1994 4536; x_wconf 89' lang='lat' dir='ltr'><strong>Nonne</strong></span> 
     </span>
    </p>
   </div>
   <div class='ocr_carea' id='block_1_45' title="bbox 400 4565 1993 4643">
    <p class='ocr_par' dir='ltr' id='par_1_45' title="bbox 400 4565 1993 4643">
     <span class='ocr_line' id='line_1_45' title="bbox 400 4565 1993 4643; baseline 0.005 -24"><span class='ocrx_word' id='word_1_350' title='bbox 400 4573 600 4619; x_wconf 84' lang='lat' dir='ltr'><strong>terrain</strong></span> <span class='ocrx_word' id='word_1_351' title='bbox 626 4565 852 4635; x_wconf 87' lang='lat' dir='ltr'><strong>accepit,</strong></span> <span class='ocrx_word' id='word_1_352' title='bbox 884 4577 939 4622; x_wconf 91' lang='lat' dir='ltr'><strong>et</strong></span> <span class='ocrx_word' id='word_1_353' title='bbox 980 4567 1273 4624; x_wconf 75' lang='lat' dir='ltr'><strong>formavit?</strong></span> <span class='ocrx_word' id='word_1_354' title='bbox 1299 4571 1509 4625; x_wconf 83' lang='lat' dir='ltr'><strong>tametsi</strong></span> <span class='ocrx_word' id='word_1_355' title='bbox 1539 4572 1665 4643; x_wconf 87' lang='lat' dir='ltr'><strong>quid</strong></span> <span class='ocrx_word' id='word_1_356' title='bbox 1694 4574 1993 4643; x_wconf 85' lang='lat' dir='ltr'><strong>operosius,</strong></span> 
     </span>
    </p>
   </div>
   <div class='ocr_carea' id='block_1_46' title="bbox 399 4658 1997 4739">
    <p class='ocr_par' dir='ltr' id='par_1_46' title="bbox 399 4658 1997 4739">
     <span class='ocr_line' id='line_1_46' title="bbox 399 4658 1997 4739; baseline 0.006 -28"><span class='ocrx_word' id='word_1_357' title='bbox 399 4674 468 4711; x_wconf 85' lang='lat' dir='ltr'><strong>an</strong></span> <span class='ocrx_word' id='word_1_358' title='bbox 497 4658 712 4713; x_wconf 79' lang='lat' dir='ltr'><strong>formari</strong></span> <span class='ocrx_word' id='word_1_359' title='bbox 735 4677 764 4714; x_wconf 91' lang='lat' dir='ltr'><strong>c</strong></span> <span class='ocrx_word' id='word_1_360' title='bbox 787 4671 926 4717; x_wconf 90' lang='lat' dir='ltr'><strong>terra</strong></span> <span class='ocrx_word' id='word_1_361' title='bbox 952 4677 1166 4719; x_wconf 87' lang='lat' dir='ltr'><strong>carnem</strong></span> <span class='ocrx_word' id='word_1_362' title='bbox 1192 4674 1247 4719; x_wconf 92' lang='lat' dir='ltr'><strong>et</strong></span> <span class='ocrx_word' id='word_1_363' title='bbox 1271 4682 1452 4732; x_wconf 86' lang='lat' dir='ltr'><strong>venas,</strong></span> <span class='ocrx_word' id='word_1_364' title='bbox 1476 4680 1529 4723; x_wconf 90' lang='lat' dir='ltr'><strong>ct</strong></span> <span class='ocrx_word' id='word_1_365' title='bbox 1553 4679 1751 4731; x_wconf 86' lang='lat' dir='ltr'><strong>cutem,</strong></span> <span class='ocrx_word' id='word_1_366' title='bbox 1776 4677 1831 4723; x_wconf 91' lang='lat' dir='ltr'><strong>et</strong></span> <span class='ocrx_word' id='word_1_367' title='bbox 1850 4684 1997 4739; x_wconf 81' lang='lat' dir='ltr'><strong>ossa,</strong></span> 
     </span>
    </p>
   </div>
   <div class='ocr_carea' id='block_1_47' title="bbox 405 4750 1999 4829">
    <p class='ocr_par' dir='ltr' id='par_1_47' title="bbox 405 4750 1999 4829">
     <span class='ocr_line' id='line_1_47' title="bbox 405 4750 1999 4829; baseline 0.008 -25"><span class='ocrx_word' id='word_1_368' title='bbox 405 4759 461 4804; x_wconf 89' lang='lat' dir='ltr'><strong>et</strong></span> <span class='ocrx_word' id='word_1_369' title='bbox 495 4750 678 4818; x_wconf 73' lang='lat' dir='ltr'><strong>ﬁbras,</strong></span> <span class='ocrx_word' id='word_1_370' title='bbox 708 4762 761 4806; x_wconf 91' lang='lat' dir='ltr'><strong>et</strong></span> <span class='ocrx_word' id='word_1_371' title='bbox 791 4769 1005 4822; x_wconf 90' lang='lat' dir='ltr'><strong>nervos,</strong></span> <span class='ocrx_word' id='word_1_372' title='bbox 1037 4765 1091 4810; x_wconf 92' lang='lat' dir='ltr'><strong>et</strong></span> <span class='ocrx_word' id='word_1_373' title='bbox 1118 4759 1366 4822; x_wconf 88' lang='lat' dir='ltr'><strong>arterias,</strong></span> <span class='ocrx_word' id='word_1_374' title='bbox 1398 4769 1450 4815; x_wconf 92' lang='lat' dir='ltr'><strong>et</strong></span> <span class='ocrx_word' id='word_1_375' title='bbox 1479 4760 1920 4829; x_wconf 82' lang='lat' dir='ltr'><strong>instrumentalia,</strong></span> <span class='ocrx_word' id='word_1_376' title='bbox 1945 4771 1999 4816; x_wconf 94' lang='lat' dir='ltr'><strong>ct</strong></span> 
     </span>
    </p>
   </div>
   <div class='ocr_carea' id='block_1_48' title="bbox 403 4842 2001 4922">
    <p class='ocr_par' dir='ltr' id='par_1_48' title="bbox 403 4842 2001 4922">
     <span class='ocr_line' id='line_1_48' title="bbox 403 4842 2001 4922; baseline 0.005 -25"><span class='ocrx_word' id='word_1_377' title='bbox 403 4842 668 4912; x_wconf 86' lang='lat' dir='ltr'><strong>simplicia</strong></span> <span class='ocrx_word' id='word_1_378' title='bbox 698 4858 950 4915; x_wconf 88' lang='lat' dir='ltr'><strong>corpora,</strong></span> <span class='ocrx_word' id='word_1_379' title='bbox 980 4848 1163 4903; x_wconf 87' lang='lat' dir='ltr'><strong>oculos</strong></span> <span class='ocrx_word' id='word_1_380' title='bbox 1187 4893 1201 4917; x_wconf 92' lang='lat'><strong>,</strong></span> <span class='ocrx_word' id='word_1_381' title='bbox 1231 4865 1387 4906; x_wconf 87' lang='lat' dir='ltr'><strong>aures</strong></span> <span class='ocrx_word' id='word_1_382' title='bbox 1408 4893 1420 4916; x_wconf 93' lang='lat'><strong>,</strong></span> <span class='ocrx_word' id='word_1_383' title='bbox 1448 4867 1604 4907; x_wconf 89' lang='lat' dir='ltr'><strong>nares</strong></span> <span class='ocrx_word' id='word_1_384' title='bbox 1628 4894 1641 4916; x_wconf 90' lang='lat'><strong>,</strong></span> <span class='ocrx_word' id='word_1_385' title='bbox 1668 4853 1853 4922; x_wconf 87' lang='lat' dir='ltr'><strong>pedes,</strong></span> <span class='ocrx_word' id='word_1_386' title='bbox 1888 4871 2001 4907; x_wconf 84' lang='lat' dir='ltr'><strong>mn-</strong></span> 
     </span>
    </p>
   </div>
   <div class='ocr_carea' id='block_1_49' title="bbox 405 4936 1999 5015">
    <p class='ocr_par' dir='ltr' id='par_1_49' title="bbox 405 4936 1999 5015">
     <span class='ocr_line' id='line_1_49' title="bbox 405 4936 1999 5015; baseline 0.008 -28"><span class='ocrx_word' id='word_1_387' title='bbox 405 4949 529 5000; x_wconf 90' lang='lat' dir='ltr'><strong>nus,</strong></span> <span class='ocrx_word' id='word_1_388' title='bbox 563 4944 617 4989; x_wconf 94' lang='lat' dir='ltr'><strong>et</strong></span> <span class='ocrx_word' id='word_1_389' title='bbox 640 4936 834 5007; x_wconf 89' lang='lat' dir='ltr'><strong>cuique</strong></span> <span class='ocrx_word' id='word_1_390' title='bbox 874 4938 1063 4993; x_wconf 87' lang='lat' dir='ltr'><strong>horum</strong></span> <span class='ocrx_word' id='word_1_391' title='bbox 1112 4950 1217 4996; x_wconf 91' lang='lat' dir='ltr'><strong>tam</strong></span> <span class='ocrx_word' id='word_1_392' title='bbox 1254 4943 1521 5013; x_wconf 87' lang='lat' dir='ltr'><strong>propriam</strong></span> <span class='ocrx_word' id='word_1_393' title='bbox 1557 4961 1713 5015; x_wconf 87' lang='lat' dir='ltr'><strong>quam</strong></span> <span class='ocrx_word' id='word_1_394' title='bbox 1753 4961 1999 4999; x_wconf 83' lang='lat' dir='ltr'><strong>cominu-</strong></span> 
     </span>
    </p>
   </div>
   <div class='ocr_carea' id='block_1_50' title="bbox 406 5026 2001 5106">
    <p class='ocr_par' dir='ltr' id='par_1_50' title="bbox 406 5026 2001 5106">
     <span class='ocr_line' id='line_1_50' title="bbox 406 5026 2001 5106; baseline 0.011 -28"><span class='ocrx_word' id='word_1_395' title='bbox 406 5040 531 5080; x_wconf 87' lang='lat' dir='ltr'><strong>ncm</strong></span> <span class='ocrx_word' id='word_1_396' title='bbox 564 5026 671 5081; x_wconf 92' lang='lat' dir='ltr'><strong>indi</strong></span> <span class='ocrx_word' id='word_1_397' title='bbox 702 5031 1089 5100; x_wconf 88' lang='lat' dir='ltr'><strong>operationem,</strong></span> <span class='ocrx_word' id='word_1_398' title='bbox 1121 5048 1187 5088; x_wconf 89' lang='lat' dir='ltr'><strong>an</strong></span> <span class='ocrx_word' id='word_1_399' title='bbox 1226 5037 1586 5106; x_wconf 89' lang='lat' dir='ltr'><strong>corruptibilia</strong></span> <span class='ocrx_word' id='word_1_400' title='bbox 1617 5038 1756 5094; x_wconf 82' lang='lat' dir='ltr'><strong>facta</strong></span> <span class='ocrx_word' id='word_1_401' title='bbox 1786 5039 2001 5097; x_wconf 77' lang='lat' dir='ltr'><strong>efﬁcere</strong></span> 
     </span>
    </p>
   </div>
   <div class='ocr_carea' id='block_1_51' title="bbox 409 5116 2003 5202">
    <p class='ocr_par' dir='ltr' id='par_1_51' title="bbox 409 5116 2003 5202">
     <span class='ocr_line' id='line_1_51' title="bbox 409 5116 2003 5202; baseline 0.011 -33"><span class='ocrx_word' id='word_1_402' title='bbox 409 5116 869 5188; x_wconf 87' lang='lat' dir='ltr'><strong>incorruptibilia?</strong></span> <span class='ocrx_word' id='word_1_403' title='bbox 894 5124 1087 5179; x_wconf 86' lang='lat' dir='ltr'><strong>Annon</strong></span> <span class='ocrx_word' id='word_1_404' title='bbox 1112 5125 1261 5181; x_wconf 84' lang='lat' dir='ltr'><strong>vides</strong></span> <span class='ocrx_word' id='word_1_405' title='bbox 1284 5128 1551 5197; x_wconf 89' lang='lat' dir='ltr'><strong>quomodo</strong></span> <span class='ocrx_word' id='word_1_406' title='bbox 1579 5130 1857 5186; x_wconf 80' lang='lat' dir='ltr'><strong>uniformis</strong></span> <span class='ocrx_word' id='word_1_407' title='bbox 1887 5134 2003 5202; x_wconf 87' lang='lat' dir='ltr'><strong>qui-</strong></span> 
     </span>
    </p>
   </div>
   <div class='ocr_carea' id='block_1_52' title="bbox 410 5208 2005 5295">
    <p class='ocr_par' dir='ltr' id='par_1_52' title="bbox 410 5208 2005 5295">
     <span class='ocr_line' id='line_1_52' title="bbox 410 5208 2005 5295; baseline 0.013 -34"><span class='ocrx_word' id='word_1_408' title='bbox 410 5208 532 5263; x_wconf 87' lang='lat' dir='ltr'><strong>dem</strong></span> <span class='ocrx_word' id='word_1_409' title='bbox 552 5218 712 5277; x_wconf 88' lang='lat' dir='ltr'><strong>terra,</strong></span> <span class='ocrx_word' id='word_1_410' title='bbox 731 5228 926 5284; x_wconf 89' lang='lat' dir='ltr'><strong>corpus</strong></span> <span class='ocrx_word' id='word_1_411' title='bbox 941 5226 1117 5272; x_wconf 89' lang='lat' dir='ltr'><strong>autem</strong></span> <span class='ocrx_word' id='word_1_412' title='bbox 1147 5219 1469 5274; x_wconf 78' lang='lat' dir='ltr'><strong>multiforme</strong></span> <span class='ocrx_word' id='word_1_413' title='bbox 1490 5230 1545 5276; x_wconf 91' lang='lat' dir='ltr'><strong>et</strong></span> <span class='ocrx_word' id='word_1_414' title='bbox 1566 5223 1791 5290; x_wconf 90' lang='lat' dir='ltr'><strong>varium,</strong></span> <span class='ocrx_word' id='word_1_415' title='bbox 1810 5240 2005 5295; x_wconf 85' lang='lat' dir='ltr'><strong>nempe</strong></span> 
     </span>
    </p>
   </div>
   <div class='ocr_carea' id='block_1_53' title="bbox 411 5300 2006 5381">
    <p class='ocr_par' dir='ltr' id='par_1_53' title="bbox 411 5300 2006 5381">
     <span class='ocr_line' id='line_1_53' title="bbox 411 5300 2006 5381; baseline 0.012 -28"><span class='ocrx_word' id='word_1_416' title='bbox 411 5300 464 5353; x_wconf 89' lang='lat' dir='ltr'><strong>in</strong></span> <span class='ocrx_word' id='word_1_417' title='bbox 501 5303 920 5372; x_wconf 85' lang='lat' dir='ltr'><strong>operationibus,</strong></span> <span class='ocrx_word' id='word_1_418' title='bbox 948 5308 1218 5365; x_wconf 86' lang='lat' dir='ltr'><strong>coloribus</strong></span> <span class='ocrx_word' id='word_1_419' title='bbox 1241 5352 1256 5377; x_wconf 93' lang='lat'><strong>,</strong></span> <span class='ocrx_word' id='word_1_420' title='bbox 1298 5310 1614 5381; x_wconf 74' lang='lat' dir='ltr'><strong>ﬁguratione</strong></span> <span class='ocrx_word' id='word_1_421' title='bbox 1634 5355 1648 5379; x_wconf 92' lang='lat'><strong>,</strong></span> <span class='ocrx_word' id='word_1_422' title='bbox 1680 5316 1926 5370; x_wconf 88' lang='lat' dir='ltr'><strong>essentiis</strong></span> <span class='ocrx_word' id='word_1_423' title='bbox 1952 5327 2006 5372; x_wconf 87' lang='lat' dir='ltr'><strong>ct</strong></span> 
     </span>
    </p>
   </div>
   <div class='ocr_carea' id='block_1_54' title="bbox 410 5391 2005 5473">
    <p class='ocr_par' dir='ltr' id='par_1_54' title="bbox 410 5391 2005 5473">
     <span class='ocr_line' id='line_1_54' title="bbox 410 5391 2005 5473; baseline 0.013 -29"><span class='ocrx_word' id='word_1_424' title='bbox 410 5391 532 5445; x_wconf 86' lang='lat' dir='ltr'><strong>aliis</strong></span> <span class='ocrx_word' id='word_1_425' title='bbox 557 5395 843 5451; x_wconf 82' lang='lat' dir='ltr'><strong>omnibus?</strong></span> <span class='ocrx_word' id='word_1_426' title='bbox 865 5397 962 5454; x_wconf 91' lang='lat' dir='ltr'><strong>Dic</strong></span> <span class='ocrx_word' id='word_1_427' title='bbox 993 5399 1154 5469; x_wconf 81' lang='lat' dir='ltr'><strong>igitur</strong></span> <span class='ocrx_word' id='word_1_428' title='bbox 1179 5402 1306 5473; x_wconf 88' lang='lat' dir='ltr'><strong>quid</strong></span> <span class='ocrx_word' id='word_1_429' title='bbox 1336 5402 1407 5460; x_wconf 88' lang='lat' dir='ltr'><strong>ita</strong></span> <span class='ocrx_word' id='word_1_430' title='bbox 1435 5404 1503 5461; x_wconf 89' lang='lat' dir='ltr'><strong>de</strong></span> <span class='ocrx_word' id='word_1_431' title='bbox 1542 5405 1734 5463; x_wconf 83' lang='lat' dir='ltr'><strong>futuris</strong></span> <span class='ocrx_word' id='word_1_432' title='bbox 1761 5408 2005 5465; x_wconf 84' lang='lat' dir='ltr'><strong>dubitas?</strong></span> 
     </span>
    </p>
   </div>
   <div class='ocr_carea' id='block_1_55' title="bbox 414 5486 2004 5570">
    <p class='ocr_par' dir='ltr' id='par_1_55' title="bbox 414 5486 2004 5570">
     <span class='ocr_line' id='line_1_55' title="bbox 414 5486 2004 5570; baseline 0.011 -29"><span class='ocrx_word' id='word_1_433' title='bbox 414 5486 480 5541; x_wconf 72' lang='lat' dir='ltr'><strong>lit</strong></span> <span class='ocrx_word' id='word_1_434' title='bbox 506 5487 629 5556; x_wconf 90' lang='lat' dir='ltr'><strong>quid</strong></span> <span class='ocrx_word' id='word_1_435' title='bbox 673 5506 808 5560; x_wconf 86' lang='lat' dir='ltr'><strong>opus</strong></span> <span class='ocrx_word' id='word_1_436' title='bbox 842 5501 925 5548; x_wconf 86' lang='lat' dir='ltr'><strong>est</strong></span> <span class='ocrx_word' id='word_1_437' title='bbox 962 5494 1141 5551; x_wconf 88' lang='lat' dir='ltr'><strong>dicere</strong></span> <span class='ocrx_word' id='word_1_438' title='bbox 1181 5496 1249 5551; x_wconf 88' lang='lat' dir='ltr'><strong>de</strong></span> <span class='ocrx_word' id='word_1_439' title='bbox 1295 5500 1645 5568; x_wconf 86' lang='lat' dir='ltr'><strong>corporibus?</strong></span> <span class='ocrx_word' id='word_1_440' title='bbox 1692 5501 2004 5570; x_wconf 80' lang='lat' dir='ltr'><strong>Quomodo,</strong></span> 
     </span>
    </p>
   </div>
   <div class='ocr_carea' id='block_1_56' title="bbox 412 5583 2007 5657">
    <p class='ocr_par' dir='ltr' id='par_1_56' title="bbox 412 5583 2007 5657">
     <span class='ocr_line' id='line_1_56' title="bbox 412 5583 2007 5657; baseline 0.013 -25"><span class='ocrx_word' id='word_1_441' title='bbox 412 5596 617 5649; x_wconf 81' lang='lat' dir='ltr'><strong>quaeso,</strong></span> <span class='ocrx_word' id='word_1_442' title='bbox 645 5583 768 5638; x_wconf 78' lang='lat' dir='ltr'><strong>fecit</strong></span> <span class='ocrx_word' id='word_1_443' title='bbox 798 5584 1018 5642; x_wconf 84' lang='lat' dir='ltr'><strong>virtutes</strong></span> <span class='ocrx_word' id='word_1_444' title='bbox 1057 5590 1366 5657; x_wconf 89' lang='lat' dir='ltr'><strong>immensas,</strong></span> <span class='ocrx_word' id='word_1_445' title='bbox 1405 5599 1607 5647; x_wconf 88' lang='lat' dir='ltr'><strong>turmas</strong></span> <span class='ocrx_word' id='word_1_446' title='bbox 1634 5593 1878 5650; x_wconf 70' lang='lat' dir='ltr'><strong>cielestes</strong></span> <span class='ocrx_word' id='word_1_447' title='bbox 1906 5611 2007 5651; x_wconf 89' lang='lat' dir='ltr'><strong>an-</strong></span> 
     </span>
    </p>
   </div>
   <div class='ocr_carea' id='block_1_57' title="bbox 414 5672 2008 5758">
    <p class='ocr_par' dir='ltr' id='par_1_57' title="bbox 414 5672 2008 5758">
     <span class='ocr_line' id='line_1_57' title="bbox 414 5672 2008 5758; baseline 0.011 -33"><span class='ocrx_word' id='word_1_448' title='bbox 414 5672 660 5741; x_wconf 85' lang='lat' dir='ltr'><strong>gelorum</strong></span> <span class='ocrx_word' id='word_1_449' title='bbox 680 5685 733 5732; x_wconf 91' lang='lat' dir='ltr'><strong>et</strong></span> <span class='ocrx_word' id='word_1_450' title='bbox 760 5679 1227 5750; x_wconf 82' lang='lat' dir='ltr'><strong>archangelornm,</strong></span> <span class='ocrx_word' id='word_1_451' title='bbox 1256 5685 1640 5755; x_wconf 85' lang='lat' dir='ltr'><strong>superioraque</strong></span> <span class='ocrx_word' id='word_1_452' title='bbox 1662 5686 1743 5740; x_wconf 87' lang='lat' dir='ltr'><strong>his</strong></span> <span class='ocrx_word' id='word_1_453' title='bbox 1772 5687 2008 5758; x_wconf 79' lang='lat' dir='ltr'><strong>agmina?</strong></span> 
     </span>
    </p>
   </div>
   <div class='ocr_carea' id='block_1_58' title="bbox 415 5765 2009 5855">
    <p class='ocr_par' dir='ltr' id='par_1_58' title="bbox 415 5765 2009 5855">
     <span class='ocr_line' id='line_1_58' title="bbox 415 5765 2009 5855; baseline 0.008 -35"><span class='ocrx_word' id='word_1_454' title='bbox 415 5765 549 5832; x_wconf 79' lang='lat' dir='ltr'><strong>Dic,</strong></span> <span class='ocrx_word' id='word_1_455' title='bbox 584 5782 713 5833; x_wconf 89' lang='lat' dir='ltr'><strong>oro,</strong></span> <span class='ocrx_word' id='word_1_456' title='bbox 745 5770 963 5855; x_wconf 85' lang='lat' dir='ltr'><strong>modum</strong></span> <span class='ocrx_word' id='word_1_457' title='bbox 984 5813 999 5837; x_wconf 93' lang='lat'><strong>,</strong></span> <span class='ocrx_word' id='word_1_458' title='bbox 1031 5789 1138 5843; x_wconf 90' lang='lat' dir='ltr'><strong>quo</strong></span> <span class='ocrx_word' id='word_1_459' title='bbox 1169 5774 1312 5830; x_wconf 77' lang='lat' dir='ltr'><strong>fecit.</strong></span> <span class='ocrx_word' id='word_1_460' title='bbox 1344 5775 1443 5832; x_wconf 85' lang='lat' dir='ltr'><strong>llic</strong></span> <span class='ocrx_word' id='word_1_461' title='bbox 1481 5778 1609 5831; x_wconf 87' lang='lat' dir='ltr'><strong>nihil</strong></span> <span class='ocrx_word' id='word_1_462' title='bbox 1660 5776 1840 5832; x_wconf 86' lang='lat' dir='ltr'><strong>dicere</strong></span> <span class='ocrx_word' id='word_1_463' title='bbox 1869 5779 2009 5833; x_wconf 84' lang='lat' dir='ltr'><strong>aliud</strong></span> 
     </span>
    </p>
   </div>
   <div class='ocr_carea' id='block_1_59' title="bbox 416 5868 2003 5938">
    <p class='ocr_par' dir='ltr' id='par_1_59' title="bbox 416 5868 2003 5938">
     <span class='ocr_line' id='line_1_59' title="bbox 416 5868 2003 5938; baseline 0.006 -22"><span class='ocrx_word' id='word_1_464' title='bbox 416 5878 638 5934; x_wconf 89' lang='lat' dir='ltr'><strong>possum</strong></span> <span class='ocrx_word' id='word_1_465' title='bbox 665 5905 683 5932; x_wconf 90' lang='lat'><strong>,</strong></span> <span class='ocrx_word' id='word_1_466' title='bbox 718 5882 878 5937; x_wconf 87' lang='lat' dir='ltr'><strong>quam</strong></span> <span class='ocrx_word' id='word_1_467' title='bbox 903 5868 1045 5938; x_wconf 90' lang='lat' dir='ltr'><strong>quod</strong></span> <span class='ocrx_word' id='word_1_468' title='bbox 1071 5869 1186 5924; x_wconf 89' lang='lat' dir='ltr'><strong>sola</strong></span> <span class='ocrx_word' id='word_1_469' title='bbox 1216 5871 1459 5926; x_wconf 89' lang='lat' dir='ltr'><strong>voluntas</strong></span> <span class='ocrx_word' id='word_1_470' title='bbox 1483 5871 1551 5927; x_wconf 88' lang='lat' dir='ltr'><strong>ad</strong></span> <span class='ocrx_word' id='word_1_471' title='bbox 1582 5872 1696 5927; x_wconf 70' lang='lat' dir='ltr'><strong>hmc</strong></span> <span class='ocrx_word' id='word_1_472' title='bbox 1720 5872 2003 5927; x_wconf 71' lang='lat' dir='ltr'><strong>suffecerit.</strong></span> 
     </span>
    </p>
   </div>
   <div class='ocr_carea' id='block_1_60' title="bbox 423 5955 2003 6033">
    <p class='ocr_par' dir='ltr' id='par_1_60' title="bbox 423 5955 2003 6033">
     <span class='ocr_line' id='line_1_60' title="bbox 423 5955 2003 6033; baseline -0.009 -1"><span class='ocrx_word' id='word_1_473' title='bbox 423 5955 634 6033; x_wconf 59' lang='grc' dir='ltr'><strong>κτείνω</strong></span> <span class='ocrx_word' id='word_1_474' title='bbox 662 5956 752 6028; x_wconf 81' lang='lat' dir='ltr'><strong>‘lui</strong></span> <span class='ocrx_word' id='word_1_475' title='bbox 782 5967 861 6015; x_wconf 91' lang='lat' dir='ltr'><strong>tot</strong></span> <span class='ocrx_word' id='word_1_476' title='bbox 902 5958 1253 6032; x_wconf 65' lang='lat' dir='ltr'><strong>incorporeo:</strong></span> <span class='ocrx_word' id='word_1_477' title='bbox 1276 5963 1522 6022; x_wconf 76' lang='lat' dir='ltr'><strong>formavit</strong></span> <span class='ocrx_word' id='word_1_478' title='bbox 1557 5964 1852 6028; x_wconf 80' lang='lat' dir='ltr'><strong>exercitus,</strong></span> <span class='ocrx_word' id='word_1_479' title='bbox 1904 5963 2003 6019; x_wconf 84' lang='lat' dir='ltr'><strong>ho-</strong></span> 
     </span>
    </p>
   </div>
   <div class='ocr_carea' id='block_1_61' title="bbox 1409 480 2609 541">
    <p class='ocr_par' dir='ltr' id='par_1_61' title="bbox 1409 480 2609 541">
     <span class='ocr_line' id='line_1_61' title="bbox 1409 480 2609 541; baseline 0.001 -3"><span class='ocrx_word' id='word_1_480' title='bbox 1409 483 1504 538; x_wconf 81' lang='lat' dir='ltr'><strong>DE</strong></span> <span class='ocrx_word' id='word_1_481' title='bbox 1536 482 2113 541; x_wconf 73' lang='lat' dir='ltr'><strong>RESURIiECTlONE</strong></span> <span class='ocrx_word' id='word_1_482' title='bbox 2155 480 2609 540; x_wconf 75' lang='lat' dir='ltr'><strong>MORTUORUM.</strong></span> 
     </span>
    </p>
   </div>
   <div class='ocr_carea' id='block_1_62' title="bbox 3561 489 3665 547">
    <p class='ocr_par' dir='ltr' id='par_1_62' title="bbox 3561 489 3665 547">
     <span class='ocr_line' id='line_1_62' title="bbox 3561 489 3665 547; baseline -0.029 0"><span class='ocrx_word' id='word_1_483' title='bbox 3561 489 3665 547; x_wconf 65' lang='lat'><strong>43.0</strong></span> 
     </span>
    </p>
   </div>
   <div class='ocr_carea' id='block_1_63' title="bbox 2078 598 3663 668">
    <p class='ocr_par' dir='ltr' id='par_1_63' title="bbox 2078 598 3663 668">
     <span class='ocr_line' id='line_1_63' title="bbox 2078 598 3663 668; baseline 0 -15"><span class='ocrx_word' id='word_1_484' title='bbox 2078 599 2236 653; x_wconf 89' lang='lat' dir='ltr'><strong>minis</strong></span> <span class='ocrx_word' id='word_1_485' title='bbox 2264 613 2461 668; x_wconf 90' lang='lat' dir='ltr'><strong>corpus</strong></span> <span class='ocrx_word' id='word_1_486' title='bbox 2486 606 2797 667; x_wconf 90' lang='lat' dir='ltr'><strong>corruptum</strong></span> <span class='ocrx_word' id='word_1_487' title='bbox 2824 612 3082 654; x_wconf 88' lang='lat' dir='ltr'><strong>renovare</strong></span> <span class='ocrx_word' id='word_1_488' title='bbox 3120 598 3312 655; x_wconf 78' lang='lat' dir='ltr'><strong>iterum</strong></span> <span class='ocrx_word' id='word_1_489' title='bbox 3334 640 3350 668; x_wconf 90' lang='lat'><strong>,</strong></span> <span class='ocrx_word' id='word_1_490' title='bbox 3387 608 3442 655; x_wconf 82' lang='lat' dir='ltr'><strong>et</strong></span> <span class='ocrx_word' id='word_1_491' title='bbox 3469 599 3521 655; x_wconf 91' lang='lat' dir='ltr'><strong>in</strong></span> <span class='ocrx_word' id='word_1_492' title='bbox 3548 616 3663 654; x_wconf 80' lang='lat' dir='ltr'><strong>nia-</strong></span> 
     </span>
    </p>
   </div>
   <div class='ocr_carea' id='block_1_64' title="bbox 2071 690 3667 763">
    <p class='ocr_par' dir='ltr' id='par_1_64' title="bbox 2071 690 3667 763">
     <span class='ocr_line' id='line_1_64' title="bbox 2071 690 3667 763; baseline -0.001 -18"><span class='ocrx_word' id='word_1_493' title='bbox 2071 691 2245 763; x_wconf 87' lang='lat' dir='ltr'><strong>jorem</strong></span> <span class='ocrx_word' id='word_1_494' title='bbox 2275 691 2571 762; x_wconf 83' lang='lat' dir='ltr'><strong>provehere</strong></span> <span class='ocrx_word' id='word_1_495' title='bbox 2611 690 2920 761; x_wconf 86' lang='lat' dir='ltr'><strong>dignitatem</strong></span> <span class='ocrx_word' id='word_1_496' title='bbox 2954 692 3176 763; x_wconf 80' lang='lat' dir='ltr'><strong>nequit?</strong></span> <span class='ocrx_word' id='word_1_497' title='bbox 3222 693 3287 748; x_wconf 83' lang='lat' dir='ltr'><strong>Et</strong></span> <span class='ocrx_word' id='word_1_498' title='bbox 3324 709 3445 763; x_wconf 82' lang='lat' dir='ltr'><strong>quis</strong></span> <span class='ocrx_word' id='word_1_499' title='bbox 3482 693 3562 748; x_wconf 90' lang='lat' dir='ltr'><strong>sic</strong></span> <span class='ocrx_word' id='word_1_500' title='bbox 3588 695 3667 747; x_wconf 75' lang='lat' dir='ltr'><strong>iu-</strong></span> 
     </span>
    </p>
   </div>
   <div class='ocr_carea' id='block_1_65' title="bbox 2076 783 3667 854">
    <p class='ocr_par' dir='ltr' id='par_1_65' title="bbox 2076 783 3667 854">
     <span class='ocr_line' id='line_1_65' title="bbox 2076 783 3667 854; baseline 0.001 -16"><span class='ocrx_word' id='word_1_501' title='bbox 2076 794 2322 839; x_wconf 85' lang='lat' dir='ltr'><strong>sensatus</strong></span> <span class='ocrx_word' id='word_1_502' title='bbox 2358 793 2471 851; x_wconf 91' lang='lat' dir='ltr'><strong>est,</strong></span> <span class='ocrx_word' id='word_1_503' title='bbox 2522 784 2611 854; x_wconf 85' lang='lat' dir='ltr'><strong>qui</strong></span> <span class='ocrx_word' id='word_1_504' title='bbox 2639 783 2707 839; x_wconf 87' lang='lat' dir='ltr'><strong>de</strong></span> <span class='ocrx_word' id='word_1_505' title='bbox 2749 783 2832 840; x_wconf 80' lang='lat' dir='ltr'><strong>his</strong></span> <span class='ocrx_word' id='word_1_506' title='bbox 2863 784 3089 851; x_wconf 84' lang='lat' dir='ltr'><strong>dubitet,</strong></span> <span class='ocrx_word' id='word_1_507' title='bbox 3138 795 3190 840; x_wconf 91' lang='lat' dir='ltr'><strong>et</strong></span> <span class='ocrx_word' id='word_1_508' title='bbox 3220 786 3667 842; x_wconf 81' lang='lat' dir='ltr'><strong>resurrectioncn</strong></span> 
     </span>
    </p>
   </div>
   <div class='ocr_carea' id='block_1_66' title="bbox 2078 875 3661 949">
    <p class='ocr_par' dir='ltr' id='par_1_66' title="bbox 2078 875 3661 949">
     <span class='ocr_line' id='line_1_66' title="bbox 2078 875 3661 949; baseline -0.001 -18"><span class='ocrx_word' id='word_1_509' title='bbox 2078 875 2193 931; x_wconf 82' lang='lat' dir='ltr'><strong>fore</strong></span> <span class='ocrx_word' id='word_1_510' title='bbox 2220 876 2421 933; x_wconf 87' lang='lat' dir='ltr'><strong>inﬁcias</strong></span> <span class='ocrx_word' id='word_1_511' title='bbox 2442 877 2562 931; x_wconf 89' lang='lat' dir='ltr'><strong>eat?</strong></span> <span class='ocrx_word' id='word_1_512' title='bbox 2589 877 2668 931; x_wconf 85' lang='lat' dir='ltr'><strong>Ad</strong></span> <span class='ocrx_word' id='word_1_513' title='bbox 2693 876 2824 943; x_wconf 72' lang='lat' dir='ltr'><strong>haec,</strong></span> <span class='ocrx_word' id='word_1_514' title='bbox 2855 878 2899 932; x_wconf 86' lang='lat' dir='ltr'><strong>si</strong></span> <span class='ocrx_word' id='word_1_515' title='bbox 2932 893 3037 933; x_wconf 93' lang='lat' dir='ltr'><strong>non</strong></span> <span class='ocrx_word' id='word_1_516' title='bbox 3059 877 3288 949; x_wconf 82' lang='lat' dir='ltr'><strong>resurgit</strong></span> <span class='ocrx_word' id='word_1_517' title='bbox 3317 894 3530 949; x_wconf 89' lang='lat' dir='ltr'><strong>corpus,</strong></span> <span class='ocrx_word' id='word_1_518' title='bbox 3560 894 3661 931; x_wconf 86' lang='lat' dir='ltr'><strong>non</strong></span> 
     </span>
    </p>
   </div>
   <div class='ocr_carea' id='block_1_67' title="bbox 2079 968 3668 1038">
    <p class='ocr_par' dir='ltr' id='par_1_67' title="bbox 2079 968 3668 1038">
     <span class='ocr_line' id='line_1_67' title="bbox 2079 968 3668 1038; baseline 0.001 -16"><span class='ocrx_word' id='word_1_519' title='bbox 2079 968 2306 1038; x_wconf 87' lang='lat' dir='ltr'><strong>resurgit</strong></span> <span class='ocrx_word' id='word_1_520' title='bbox 2335 968 2534 1022; x_wconf 90' lang='lat' dir='ltr'><strong>homo:</strong></span> <span class='ocrx_word' id='word_1_521' title='bbox 2566 968 2726 1023; x_wconf 89' lang='lat' dir='ltr'><strong>homo</strong></span> <span class='ocrx_word' id='word_1_522' title='bbox 2752 969 2895 1024; x_wconf 86' lang='lat' dir='ltr'><strong>enim</strong></span> <span class='ocrx_word' id='word_1_523' title='bbox 2939 986 3043 1024; x_wconf 86' lang='lat' dir='ltr'><strong>non</strong></span> <span class='ocrx_word' id='word_1_524' title='bbox 3075 980 3156 1024; x_wconf 90' lang='lat' dir='ltr'><strong>est</strong></span> <span class='ocrx_word' id='word_1_525' title='bbox 3194 971 3369 1024; x_wconf 90' lang='lat' dir='ltr'><strong>anima</strong></span> <span class='ocrx_word' id='word_1_526' title='bbox 3404 970 3538 1033; x_wconf 89' lang='lat' dir='ltr'><strong>sola,</strong></span> <span class='ocrx_word' id='word_1_527' title='bbox 3573 969 3668 1024; x_wconf 88' lang='lat' dir='ltr'><strong>sed</strong></span> 
     </span>
    </p>
   </div>
   <div class='ocr_carea' id='block_1_68' title="bbox 2077 1059 3671 1132">
    <p class='ocr_par' dir='ltr' id='par_1_68' title="bbox 2077 1059 3671 1132">
     <span class='ocr_line' id='line_1_68' title="bbox 2077 1059 3671 1132; baseline 0.002 -19"><span class='ocrx_word' id='word_1_528' title='bbox 2077 1074 2271 1129; x_wconf 87' lang='lat' dir='ltr'><strong>corpus</strong></span> <span class='ocrx_word' id='word_1_529' title='bbox 2299 1070 2353 1113; x_wconf 83' lang='lat' dir='ltr'><strong>et</strong></span> <span class='ocrx_word' id='word_1_530' title='bbox 2378 1060 2573 1113; x_wconf 89' lang='lat' dir='ltr'><strong>anima.</strong></span> <span class='ocrx_word' id='word_1_531' title='bbox 2602 1059 2659 1115; x_wconf 92' lang='lat' dir='ltr'><strong>Si</strong></span> <span class='ocrx_word' id='word_1_532' title='bbox 2687 1076 2814 1130; x_wconf 86' lang='lat' dir='ltr'><strong>ergo</strong></span> <span class='ocrx_word' id='word_1_533' title='bbox 2841 1062 3015 1114; x_wconf 73' lang='lat' dir='ltr'><strong>intima</strong></span> <span class='ocrx_word' id='word_1_534' title='bbox 3055 1063 3166 1115; x_wconf 84' lang='lat' dir='ltr'><strong>sola</strong></span> <span class='ocrx_word' id='word_1_535' title='bbox 3211 1071 3475 1132; x_wconf 84' lang='lat' dir='ltr'><strong>resurget,</strong></span> <span class='ocrx_word' id='word_1_536' title='bbox 3508 1061 3671 1117; x_wconf 86' lang='lat' dir='ltr'><strong>dimi--</strong></span> 
     </span>
    </p>
   </div>
   <div class='ocr_carea' id='block_1_69' title="bbox 2070 1140 3671 1221">
    <p class='ocr_par' dir='ltr' id='par_1_69' title="bbox 2070 1140 3671 1221">
     <span class='ocr_line' id='line_1_69' title="bbox 2070 1140 3671 1221; baseline 0.002 -17"><span class='ocrx_word' id='word_1_537' title='bbox 2070 1140 2224 1205; x_wconf 48' lang='lat' dir='ltr'><strong>&#39;dium</strong></span> <span class='ocrx_word' id='word_1_538' title='bbox 2246 1151 2445 1206; x_wconf 85' lang='lat' dir='ltr'><strong>animal</strong></span> <span class='ocrx_word' id='word_1_539' title='bbox 2472 1160 2730 1221; x_wconf 89' lang='lat' dir='ltr'><strong>resurget,</strong></span> <span class='ocrx_word' id='word_1_540' title='bbox 2754 1160 2808 1206; x_wconf 89' lang='lat' dir='ltr'><strong>et</strong></span> <span class='ocrx_word' id='word_1_541' title='bbox 2828 1153 2897 1206; x_wconf 88' lang='lat' dir='ltr'><strong>ita</strong></span> <span class='ocrx_word' id='word_1_542' title='bbox 2930 1169 3033 1206; x_wconf 91' lang='lat' dir='ltr'><strong>non</strong></span> <span class='ocrx_word' id='word_1_543' title='bbox 3057 1153 3318 1221; x_wconf 86' lang='lat' dir='ltr'><strong>integrum</strong></span> <span class='ocrx_word' id='word_1_544' title='bbox 3346 1168 3360 1216; x_wconf 90' lang='lat'><strong>;</strong></span> <span class='ocrx_word' id='word_1_545' title='bbox 3384 1153 3516 1210; x_wconf 86' lang='lat' dir='ltr'><strong>alias</strong></span> <span class='ocrx_word' id='word_1_546' title='bbox 3542 1168 3671 1210; x_wconf 85' lang='lat' dir='ltr'><strong>vero</strong></span> 
     </span>
    </p>
   </div>
   <div class='ocr_carea' id='block_1_70' title="bbox 2078 1241 3673 1311">
    <p class='ocr_par' dir='ltr' id='par_1_70' title="bbox 2078 1241 3673 1311">
     <span class='ocr_line' id='line_1_70' title="bbox 2078 1241 3673 1311; baseline 0.002 -16"><span class='ocrx_word' id='word_1_547' title='bbox 2078 1242 2145 1296; x_wconf 91' lang='lat' dir='ltr'><strong>de</strong></span> <span class='ocrx_word' id='word_1_548' title='bbox 2175 1241 2349 1295; x_wconf 88' lang='lat' dir='ltr'><strong>anima</strong></span> <span class='ocrx_word' id='word_1_549' title='bbox 2372 1256 2477 1296; x_wconf 89' lang='lat' dir='ltr'><strong>non</strong></span> <span class='ocrx_word' id='word_1_550' title='bbox 2501 1243 2716 1311; x_wconf 86' lang='lat' dir='ltr'><strong>pr0prie</strong></span> <span class='ocrx_word' id='word_1_551' title='bbox 2743 1241 2934 1297; x_wconf 90' lang='lat' dir='ltr'><strong>dicitur</strong></span> <span class='ocrx_word' id='word_1_552' title='bbox 2952 1245 3293 1298; x_wconf 88' lang='lat' dir='ltr'><strong>resurrectio.</strong></span> <span class='ocrx_word' id='word_1_553' title='bbox 3327 1244 3673 1303; x_wconf 79' lang='lat' dir='ltr'><strong>ResnrreCtio</strong></span> 
     </span>
    </p>
   </div>
   <div class='ocr_carea' id='block_1_71' title="bbox 2074 1333 3666 1407">
    <p class='ocr_par' dir='ltr' id='par_1_71' title="bbox 2074 1333 3666 1407">
     <span class='ocr_line' id='line_1_71' title="bbox 2074 1333 3666 1407; baseline 0.001 -19"><span class='ocrx_word' id='word_1_554' title='bbox 2074 1334 2221 1407; x_wconf 86' lang='lat' dir='ltr'><strong>enim</strong></span> <span class='ocrx_word' id='word_1_555' title='bbox 2262 1333 2379 1403; x_wconf 90' lang='lat' dir='ltr'><strong>ejus</strong></span> <span class='ocrx_word' id='word_1_556' title='bbox 2399 1343 2482 1388; x_wconf 89' lang='lat' dir='ltr'><strong>est</strong></span> <span class='ocrx_word' id='word_1_557' title='bbox 2504 1333 2646 1403; x_wconf 91' lang='lat' dir='ltr'><strong>quod</strong></span> <span class='ocrx_word' id='word_1_558' title='bbox 2691 1334 2882 1388; x_wconf 88' lang='lat' dir='ltr'><strong>cecidit</strong></span> <span class='ocrx_word' id='word_1_559' title='bbox 2902 1378 2916 1398; x_wconf 92' lang='lat'><strong>,</strong></span> <span class='ocrx_word' id='word_1_560' title='bbox 2948 1344 3001 1390; x_wconf 90' lang='lat' dir='ltr'><strong>et</strong></span> <span class='ocrx_word' id='word_1_561' title='bbox 3030 1336 3169 1405; x_wconf 83' lang='lat' dir='ltr'><strong>quod</strong></span> <span class='ocrx_word' id='word_1_562' title='bbox 3199 1336 3512 1390; x_wconf 90' lang='lat' dir='ltr'><strong>dissolutum</strong></span> <span class='ocrx_word' id='word_1_563' title='bbox 3537 1346 3619 1392; x_wconf 85' lang='lat' dir='ltr'><strong>est</strong></span> <span class='ocrx_word' id='word_1_564' title='bbox 3654 1354 3666 1389; x_wconf 88' lang='lat'><strong>:</strong></span> 
     </span>
    </p>
   </div>
   <div class='ocr_carea' id='block_1_72' title="bbox 2080 1426 3671 1498">
    <p class='ocr_par' dir='ltr' id='par_1_72' title="bbox 2080 1426 3671 1498">
     <span class='ocr_line' id='line_1_72' title="bbox 2080 1426 3671 1498; baseline 0 -18"><span class='ocrx_word' id='word_1_565' title='bbox 2080 1426 2255 1482; x_wconf 87' lang='lat' dir='ltr'><strong>anima</strong></span> <span class='ocrx_word' id='word_1_566' title='bbox 2279 1437 2454 1482; x_wconf 89' lang='lat' dir='ltr'><strong>autem</strong></span> <span class='ocrx_word' id='word_1_567' title='bbox 2491 1444 2596 1482; x_wconf 89' lang='lat' dir='ltr'><strong>non</strong></span> <span class='ocrx_word' id='word_1_568' title='bbox 2627 1427 2956 1492; x_wconf 84' lang='lat' dir='ltr'><strong>dissolvitur,</strong></span> <span class='ocrx_word' id='word_1_569' title='bbox 2996 1429 3089 1481; x_wconf 83' lang='lat' dir='ltr'><strong>sed</strong></span> <span class='ocrx_word' id='word_1_570' title='bbox 3117 1444 3331 1498; x_wconf 70' lang='lat' dir='ltr'><strong>corpus.</strong></span> <span class='ocrx_word' id='word_1_571' title='bbox 3361 1428 3498 1497; x_wconf 82' lang='lat' dir='ltr'><strong>Quid</strong></span> <span class='ocrx_word' id='word_1_572' title='bbox 3543 1446 3671 1498; x_wconf 79' lang='lat' dir='ltr'><strong>ergo</strong></span> 
     </span>
    </p>
   </div>
   <div class='ocr_carea' id='block_1_73' title="bbox 2072 1519 3668 1600">
    <p class='ocr_par' dir='ltr' id='par_1_73' title="bbox 2072 1519 3668 1600">
     <span class='ocr_line' id='line_1_73' title="bbox 2072 1519 3668 1600; baseline 0.001 -26"><span class='ocrx_word' id='word_1_573' title='bbox 2072 1519 2133 1600; x_wconf 4' lang='lat' dir='ltr'><strong>(id</strong></span> <span class='ocrx_word' id='word_1_574' title='bbox 2157 1529 2258 1585; x_wconf 87' lang='lat' dir='ltr'><strong>est,</strong></span> <span class='ocrx_word' id='word_1_575' title='bbox 2287 1521 2426 1590; x_wconf 87' lang='lat' dir='ltr'><strong>quod</strong></span> <span class='ocrx_word' id='word_1_576' title='bbox 2451 1522 2525 1576; x_wconf 88' lang='lat' dir='ltr'><strong>ait</strong></span> <span class='ocrx_word' id='word_1_577' title='bbox 2555 1540 2566 1574; x_wconf 95' lang='lat'>:</span> <span class='ocrx_word' id='word_1_578' title='bbox 2597 1520 2657 1576; x_wconf 86' lang='lat' dir='ltr'><strong>Si</strong></span> <span class='ocrx_word' id='word_1_579' title='bbox 2678 1522 2873 1592; x_wconf 78' lang='lat' dir='ltr'><strong>quidem</strong></span> <span class='ocrx_word' id='word_1_580' title='bbox 2900 1533 2947 1575; x_wconf 82' lang='lat' dir='ltr'><strong>et</strong></span> <span class='ocrx_word' id='word_1_581' title='bbox 2968 1522 3151 1588; x_wconf 87' lang='lat' dir='ltr'><strong>induti,</strong></span> <span class='ocrx_word' id='word_1_582' title='bbox 3175 1539 3274 1577; x_wconf 86' lang='lat' dir='ltr'><strong>non</strong></span> <span class='ocrx_word' id='word_1_583' title='bbox 3302 1523 3425 1576; x_wconf 85' lang='lat' dir='ltr'><strong>nudi</strong></span> <span class='ocrx_word' id='word_1_584' title='bbox 3443 1524 3668 1577; x_wconf 77' lang='lat' dir='ltr'><strong>invenia-</strong></span> 
     </span>
    </p>
   </div>
   <div class='ocr_carea' id='block_1_74' title="bbox 2079 1612 3672 1684">
    <p class='ocr_par' dir='ltr' id='par_1_74' title="bbox 2079 1612 3672 1684">
     <span class='ocr_line' id='line_1_74' title="bbox 2079 1612 3672 1684; baseline 0.003 -19"><span class='ocrx_word' id='word_1_585' title='bbox 2079 1629 2194 1665; x_wconf 83' lang='lat' dir='ltr'><strong>mur</strong></span> <span class='ocrx_word' id='word_1_586' title='bbox 2221 1612 2296 1684; x_wconf 73' lang='lat'><strong>(&#39;2.</strong></span> <span class='ocrx_word' id='word_1_587' title='bbox 2312 1612 2431 1669; x_wconf 85' lang='lat' dir='ltr'><strong>Cor.</strong></span> <span class='ocrx_word' id='word_1_588' title='bbox 2452 1614 2506 1669; x_wconf 85' lang='lat'><strong>5.</strong></span> <span class='ocrx_word' id='word_1_589' title='bbox 2527 1614 2582 1684; x_wconf 80' lang='grc'>5)</span> <span class='ocrx_word' id='word_1_590' title='bbox 2599 1614 2622 1669; x_wconf 89' lang='lat'><strong>?</strong></span> <span class='ocrx_word' id='word_1_591' title='bbox 2641 1615 3045 1669; x_wconf 87' lang='lat' dir='ltr'><strong>Sacramentum</strong></span> <span class='ocrx_word' id='word_1_592' title='bbox 3066 1630 3315 1684; x_wconf 82' lang='lat' dir='ltr'><strong>magnum</strong></span> <span class='ocrx_word' id='word_1_593' title='bbox 3337 1626 3389 1669; x_wconf 89' lang='lat' dir='ltr'><strong>et</strong></span> <span class='ocrx_word' id='word_1_594' title='bbox 3407 1615 3672 1670; x_wconf 58' lang='lat' dir='ltr'><strong>inelfabilc</strong></span> 
     </span>
    </p>
   </div>
   <div class='ocr_carea' id='block_1_75' title="bbox 2082 1704 3671 1775">
    <p class='ocr_par' dir='ltr' id='par_1_75' title="bbox 2082 1704 3671 1775">
     <span class='ocr_line' id='line_1_75' title="bbox 2082 1704 3671 1775; baseline 0.003 -18"><span class='ocrx_word' id='word_1_595' title='bbox 2082 1704 2234 1759; x_wconf 90' lang='lat' dir='ltr'><strong>nobis</strong></span> <span class='ocrx_word' id='word_1_596' title='bbox 2259 1705 2328 1759; x_wconf 91' lang='lat' dir='ltr'><strong>ibi</strong></span> <span class='ocrx_word' id='word_1_597' title='bbox 2371 1705 2734 1761; x_wconf 88' lang='lat' dir='ltr'><strong>adumbratur.</strong></span> <span class='ocrx_word' id='word_1_598' title='bbox 2778 1707 2944 1773; x_wconf 87' lang='lat' dir='ltr'><strong>Quale</strong></span> <span class='ocrx_word' id='word_1_599' title='bbox 2972 1716 3149 1760; x_wconf 86' lang='lat' dir='ltr'><strong>autem</strong></span> <span class='ocrx_word' id='word_1_600' title='bbox 3195 1705 3340 1760; x_wconf 87' lang='lat' dir='ltr'><strong>hoc?</strong></span> <span class='ocrx_word' id='word_1_601' title='bbox 3378 1705 3580 1775; x_wconf 84' lang='lat' dir='ltr'><strong>Nempe</strong></span> <span class='ocrx_word' id='word_1_602' title='bbox 3619 1708 3671 1761; x_wconf 90' lang='lat' dir='ltr'><strong>id</strong></span> 
     </span>
    </p>
   </div>
   <div class='ocr_carea' id='block_1_76' title="bbox 2080 1794 3671 1867">
    <p class='ocr_par' dir='ltr' id='par_1_76' title="bbox 2080 1794 3671 1867">
     <span class='ocr_line' id='line_1_76' title="bbox 2080 1794 3671 1867; baseline 0.001 -19"><span class='ocrx_word' id='word_1_603' title='bbox 2080 1794 2222 1865; x_wconf 91' lang='lat' dir='ltr'><strong>quod</strong></span> <span class='ocrx_word' id='word_1_604' title='bbox 2251 1806 2303 1850; x_wconf 92' lang='lat' dir='ltr'><strong>et</strong></span> <span class='ocrx_word' id='word_1_605' title='bbox 2330 1795 2381 1849; x_wconf 90' lang='lat' dir='ltr'><strong>in</strong></span> <span class='ocrx_word' id='word_1_606' title='bbox 2413 1794 2649 1866; x_wconf 82' lang='lat' dir='ltr'><strong>Epistola</strong></span> <span class='ocrx_word' id='word_1_607' title='bbox 2676 1796 2741 1851; x_wconf 91' lang='lat' dir='ltr'><strong>ad</strong></span> <span class='ocrx_word' id='word_1_608' title='bbox 2769 1796 3075 1853; x_wconf 83' lang='lat' dir='ltr'><strong>Corinthios</strong></span> <span class='ocrx_word' id='word_1_609' title='bbox 3103 1796 3232 1852; x_wconf 90' lang='lat' dir='ltr'><strong>dicit</strong></span> <span class='ocrx_word' id='word_1_610' title='bbox 3277 1814 3290 1850; x_wconf 89' lang='lat'>:</span> <span class='ocrx_word' id='word_1_611' title='bbox 3334 1795 3519 1852; x_wconf 79' lang='lat' dir='ltr'><strong>Omnes</strong></span> <span class='ocrx_word' id='word_1_612' title='bbox 3556 1797 3671 1867; x_wconf 81' lang='lat' dir='ltr'><strong>qui-</strong></span> 
     </span>
    </p>
   </div>
   <div class='ocr_carea' id='block_1_77' title="bbox 2081 1884 3664 1957">
    <p class='ocr_par' dir='ltr' id='par_1_77' title="bbox 2081 1884 3664 1957">
     <span class='ocr_line' id='line_1_77' title="bbox 2081 1884 3664 1957; baseline 0.002 -21"><span class='ocrx_word' id='word_1_613' title='bbox 2081 1884 2192 1938; x_wconf 88' lang='lat' dir='ltr'><strong>dem</strong></span> <span class='ocrx_word' id='word_1_614' title='bbox 2230 1902 2545 1955; x_wconf 67' lang='lat' dir='ltr'><strong>resurgentia:</strong></span> <span class='ocrx_word' id='word_1_615' title='bbox 2565 1928 2581 1952; x_wconf 90' lang='lat'><strong>,</strong></span> <span class='ocrx_word' id='word_1_616' title='bbox 2621 1887 2963 1957; x_wconf 77' lang='lat' dir='ltr'><strong>unusquisque</strong></span> <span class='ocrx_word' id='word_1_617' title='bbox 2988 1897 3154 1941; x_wconf 86' lang='lat' dir='ltr'><strong>autem</strong></span> <span class='ocrx_word' id='word_1_618' title='bbox 3177 1888 3230 1941; x_wconf 89' lang='lat' dir='ltr'><strong>in</strong></span> <span class='ocrx_word' id='word_1_619' title='bbox 3254 1904 3347 1942; x_wconf 75' lang='lat' dir='ltr'><strong>suo</strong></span> <span class='ocrx_word' id='word_1_620' title='bbox 3373 1887 3549 1942; x_wconf 80' lang='lat' dir='ltr'><strong>ordine</strong></span> <span class='ocrx_word' id='word_1_621' title='bbox 3576 1889 3664 1956; x_wconf 83' lang='grc'><strong>(1.</strong></span> 
     </span>
    </p>
   </div>
   <div class='ocr_carea' id='block_1_78' title="bbox 2081 1977 3676 2053">
    <p class='ocr_par' dir='ltr' id='par_1_78' title="bbox 2081 1977 3676 2053">
     <span class='ocr_line' id='line_1_78' title="bbox 2081 1977 3676 2053; baseline 0.002 -21"><span class='ocrx_word' id='word_1_622' title='bbox 2081 1977 2198 2033; x_wconf 90' lang='lat' dir='ltr'><strong>Cor.</strong></span> <span class='ocrx_word' id='word_1_623' title='bbox 2228 1980 2315 2034; x_wconf 82' lang='grc'><strong>15.</strong></span> <span class='ocrx_word' id='word_1_624' title='bbox 2348 1981 2438 2036; x_wconf 72' lang='lat'><strong>‘22.</strong></span> <span class='ocrx_word' id='word_1_625' title='bbox 2465 1979 2594 2053; x_wconf 74' lang='lat'><strong>9.5).</strong></span> <span class='ocrx_word' id='word_1_626' title='bbox 2638 1980 2773 2049; x_wconf 87' lang='lat' dir='ltr'><strong>Quid</strong></span> <span class='ocrx_word' id='word_1_627' title='bbox 2800 1990 2976 2037; x_wconf 91' lang='lat' dir='ltr'><strong>autem</strong></span> <span class='ocrx_word' id='word_1_628' title='bbox 3003 1990 3114 2048; x_wconf 91' lang='lat' dir='ltr'><strong>cst,</strong></span> <span class='ocrx_word' id='word_1_629' title='bbox 3144 1980 3284 2052; x_wconf 87' lang='lat' dir='ltr'><strong>quod</strong></span> <span class='ocrx_word' id='word_1_630' title='bbox 3317 1981 3403 2035; x_wconf 91' lang='lat' dir='ltr'><strong>hic</strong></span> <span class='ocrx_word' id='word_1_631' title='bbox 3443 1981 3676 2035; x_wconf 76' lang='lat' dir='ltr'><strong>dicitur?</strong></span> 
     </span>
    </p>
   </div>
   <div class='ocr_carea' id='block_1_79' title="bbox 2081 2071 3677 2143">
    <p class='ocr_par' dir='ltr' id='par_1_79' title="bbox 2081 2071 3677 2143">
     <span class='ocr_line' id='line_1_79' title="bbox 2081 2071 3677 2143; baseline -0.001 -17"><span class='ocrx_word' id='word_1_632' title='bbox 2081 2071 2194 2127; x_wconf 88' lang='lat' dir='ltr'><strong>lloc</strong></span> <span class='ocrx_word' id='word_1_633' title='bbox 2220 2072 2487 2139; x_wconf 86' lang='lat' dir='ltr'><strong>videlicet,</strong></span> <span class='ocrx_word' id='word_1_634' title='bbox 2519 2073 2661 2143; x_wconf 89' lang='lat' dir='ltr'><strong>quod</strong></span> <span class='ocrx_word' id='word_1_635' title='bbox 2683 2072 2923 2141; x_wconf 76' lang='lat' dir='ltr'><strong>Grmcus,</strong></span> <span class='ocrx_word' id='word_1_636' title='bbox 2953 2083 3005 2129; x_wconf 92' lang='lat' dir='ltr'><strong>et</strong></span> <span class='ocrx_word' id='word_1_637' title='bbox 3024 2073 3260 2138; x_wconf 86' lang='lat' dir='ltr'><strong>Judaeus,</strong></span> <span class='ocrx_word' id='word_1_638' title='bbox 3295 2082 3349 2128; x_wconf 92' lang='lat' dir='ltr'><strong>ct</strong></span> <span class='ocrx_word' id='word_1_639' title='bbox 3369 2072 3677 2136; x_wconf 65' lang='lat' dir='ltr'><strong>haereticus,</strong></span> 
     </span>
    </p>
   </div>
   <div class='ocr_carea' id='block_1_80' title="bbox 2074 2156 3677 2235">
    <p class='ocr_par' dir='ltr' id='par_1_80' title="bbox 2074 2156 3677 2235">
     <span class='ocr_line' id='line_1_80' title="bbox 2074 2156 3677 2235; baseline 0.001 -17"><span class='ocrx_word' id='word_1_640' title='bbox 2074 2156 2135 2218; x_wconf 18' lang='lat' dir='ltr'><strong>‘ct</strong></span> <span class='ocrx_word' id='word_1_641' title='bbox 2164 2165 2337 2219; x_wconf 90' lang='lat' dir='ltr'><strong>omnis</strong></span> <span class='ocrx_word' id='word_1_642' title='bbox 2368 2165 2547 2230; x_wconf 89' lang='lat' dir='ltr'><strong>homo,</strong></span> <span class='ocrx_word' id='word_1_643' title='bbox 2580 2167 2668 2235; x_wconf 90' lang='lat' dir='ltr'><strong>qui</strong></span> <span class='ocrx_word' id='word_1_644' title='bbox 2697 2166 2838 2220; x_wconf 91' lang='lat' dir='ltr'><strong>venit</strong></span> <span class='ocrx_word' id='word_1_645' title='bbox 2886 2165 2940 2220; x_wconf 91' lang='lat' dir='ltr'><strong>in</strong></span> <span class='ocrx_word' id='word_1_646' title='bbox 2973 2165 3114 2220; x_wconf 89' lang='lat' dir='ltr'><strong>hunc</strong></span> <span class='ocrx_word' id='word_1_647' title='bbox 3142 2165 3398 2220; x_wconf 90' lang='lat' dir='ltr'><strong>mundum</strong></span> <span class='ocrx_word' id='word_1_648' title='bbox 3424 2206 3442 2231; x_wconf 92' lang='lat'><strong>,</strong></span> <span class='ocrx_word' id='word_1_649' title='bbox 3492 2164 3546 2218; x_wconf 91' lang='lat' dir='ltr'><strong>in</strong></span> <span class='ocrx_word' id='word_1_650' title='bbox 3588 2163 3677 2219; x_wconf 91' lang='lat' dir='ltr'><strong>illo</strong></span> 
     </span>
    </p>
   </div>
   <div class='ocr_carea' id='block_1_81' title="bbox 2081 2254 3677 2327">
    <p class='ocr_par' dir='ltr' id='par_1_81' title="bbox 2081 2254 3677 2327">
     <span class='ocr_line' id='line_1_81' title="bbox 2081 2254 3677 2327; baseline 0.001 -17"><span class='ocrx_word' id='word_1_651' title='bbox 2081 2254 2169 2312; x_wconf 91' lang='lat' dir='ltr'><strong>die</strong></span> <span class='ocrx_word' id='word_1_652' title='bbox 2192 2265 2431 2326; x_wconf 81' lang='lat' dir='ltr'><strong>resurget</strong></span> <span class='ocrx_word' id='word_1_653' title='bbox 2459 2273 2472 2308; x_wconf 93' lang='lat'>:</span> <span class='ocrx_word' id='word_1_654' title='bbox 2506 2266 2560 2312; x_wconf 92' lang='lat' dir='ltr'><strong>et</strong></span> <span class='ocrx_word' id='word_1_655' title='bbox 2586 2259 2687 2312; x_wconf 88' lang='lat' dir='ltr'><strong>hoc</strong></span> <span class='ocrx_word' id='word_1_656' title='bbox 2713 2259 2884 2327; x_wconf 84' lang='lat' dir='ltr'><strong>ipsum</strong></span> <span class='ocrx_word' id='word_1_657' title='bbox 2929 2258 3200 2322; x_wconf 89' lang='lat' dir='ltr'><strong>declarat,</strong></span> <span class='ocrx_word' id='word_1_658' title='bbox 3228 2257 3413 2313; x_wconf 89' lang='lat' dir='ltr'><strong>dicens</strong></span> <span class='ocrx_word' id='word_1_659' title='bbox 3443 2255 3677 2311; x_wconf 56' lang='lat' dir='ltr'><strong>{Omnes</strong></span> 
     </span>
    </p>
   </div>
   <div class='ocr_carea' id='block_1_82' title="bbox 2081 2348 3676 2419">
    <p class='ocr_par' dir='ltr' id='par_1_82' title="bbox 2081 2348 3676 2419">
     <span class='ocr_line' id='line_1_82' title="bbox 2081 2348 3676 2419; baseline 0.001 -18"><span class='ocrx_word' id='word_1_660' title='bbox 2081 2348 2282 2419; x_wconf 82' lang='lat' dir='ltr'><strong>quidem</strong></span> <span class='ocrx_word' id='word_1_661' title='bbox 2308 2365 2406 2403; x_wconf 86' lang='lat' dir='ltr'><strong>non</strong></span> <span class='ocrx_word' id='word_1_662' title='bbox 2431 2348 2752 2415; x_wconf 77' lang='lat' dir='ltr'><strong>dormiemns,</strong></span> <span class='ocrx_word' id='word_1_663' title='bbox 2805 2366 2977 2404; x_wconf 79' lang='lat' dir='ltr'><strong>omnes</strong></span> <span class='ocrx_word' id='word_1_664' title='bbox 2997 2359 3167 2404; x_wconf 78' lang='lat' dir='ltr'><strong>autem</strong></span> <span class='ocrx_word' id='word_1_665' title='bbox 3191 2350 3589 2413; x_wconf 84' lang='lat' dir='ltr'><strong>innnutabimur,</strong></span> <span class='ocrx_word' id='word_1_666' title='bbox 3621 2351 3676 2402; x_wconf 89' lang='lat' dir='ltr'><strong>in</strong></span> 
     </span>
    </p>
   </div>
   <div class='ocr_carea' id='block_1_83' title="bbox 2083 2441 3674 2512">
    <p class='ocr_par' dir='ltr' id='par_1_83' title="bbox 2083 2441 3674 2512">
     <span class='ocr_line' id='line_1_83' title="bbox 2083 2441 3674 2512; baseline -0.001 -17"><span class='ocrx_word' id='word_1_667' title='bbox 2083 2452 2334 2496; x_wconf 84' lang='lat' dir='ltr'><strong>momento</strong></span> <span class='ocrx_word' id='word_1_668' title='bbox 2355 2484 2369 2508; x_wconf 96' lang='lat'><strong>,</strong></span> <span class='ocrx_word' id='word_1_669' title='bbox 2398 2443 2449 2496; x_wconf 88' lang='lat' dir='ltr'><strong>in</strong></span> <span class='ocrx_word' id='word_1_670' title='bbox 2475 2442 2577 2496; x_wconf 83' lang='lat' dir='ltr'><strong>ictu</strong></span> <span class='ocrx_word' id='word_1_671' title='bbox 2598 2442 2732 2498; x_wconf 79' lang='lat' dir='ltr'><strong>oculi</strong></span> <span class='ocrx_word' id='word_1_672' title='bbox 2756 2484 2772 2511; x_wconf 95' lang='lat'><strong>,</strong></span> <span class='ocrx_word' id='word_1_673' title='bbox 2804 2443 2857 2497; x_wconf 87' lang='lat' dir='ltr'><strong>in</strong></span> <span class='ocrx_word' id='word_1_674' title='bbox 2893 2442 3161 2498; x_wconf 73' lang='lat' dir='ltr'><strong>novissima</strong></span> <span class='ocrx_word' id='word_1_675' title='bbox 3191 2442 3307 2495; x_wconf 85' lang='lat' dir='ltr'><strong>tuba</strong></span> <span class='ocrx_word' id='word_1_676' title='bbox 3333 2442 3384 2512; x_wconf 80' lang='grc'><strong>(1</strong></span> <span class='ocrx_word' id='word_1_677' title='bbox 3434 2441 3554 2496; x_wconf 86' lang='lat' dir='ltr'><strong>Cor.</strong></span> <span class='ocrx_word' id='word_1_678' title='bbox 3587 2441 3674 2496; x_wconf 73' lang='grc'><strong>15.</strong></span> 
     </span>
    </p>
   </div>
   <div class='ocr_carea' id='block_1_84' title="bbox 2082 2534 2319 2603">
    <p class='ocr_par' dir='ltr' id='par_1_84' title="bbox 2082 2534 2319 2603">
     <span class='ocr_line' id='line_1_84' title="bbox 2082 2534 2319 2603; baseline -0.013 -13"><span class='ocrx_word' id='word_1_679' title='bbox 2082 2534 2171 2590; x_wconf 77' lang='lat' dir='ltr'><strong>si.</strong></span> <span class='ocrx_word' id='word_1_680' title='bbox 2204 2534 2319 2603; x_wconf 76' lang='lat'><strong>52).</strong></span> 
     </span>
    </p>
   </div>
   <div class='ocr_carea' id='block_1_85' title="bbox 2080 2614 3679 2700">
    <p class='ocr_par' dir='ltr' id='par_1_85' title="bbox 2080 2614 3679 2700">
     <span class='ocr_line' id='line_1_85' title="bbox 2080 2614 3679 2700; baseline -0.003 -15"><span class='ocrx_word' id='word_1_681' title='bbox 2080 2614 2083 2619; x_wconf 50' lang='grc'><em>’</em></span> <span class='ocrx_word' id='word_1_682' title='bbox 2155 2629 2206 2685; x_wconf 88' lang='grc'><strong>8.</strong></span> <span class='ocrx_word' id='word_1_683' title='bbox 2230 2629 2364 2699; x_wconf 85' lang='lat' dir='ltr'><strong>Quia</strong></span> <span class='ocrx_word' id='word_1_684' title='bbox 2384 2644 2511 2700; x_wconf 84' lang='lat' dir='ltr'><strong>ergo</strong></span> <span class='ocrx_word' id='word_1_685' title='bbox 2531 2631 2830 2685; x_wconf 84' lang='lat' dir='ltr'><strong>communis</strong></span> <span class='ocrx_word' id='word_1_686' title='bbox 2856 2638 2939 2685; x_wconf 90' lang='lat' dir='ltr'><strong>est</strong></span> <span class='ocrx_word' id='word_1_687' title='bbox 2961 2628 3210 2684; x_wconf 85' lang='lat' dir='ltr'><strong>omnibus</strong></span> <span class='ocrx_word' id='word_1_688' title='bbox 3236 2627 3558 2683; x_wconf 89' lang='lat' dir='ltr'><strong>resurrectio</strong></span> <span class='ocrx_word' id='word_1_689' title='bbox 3575 2670 3588 2693; x_wconf 93' lang='lat'><strong>,</strong></span> <span class='ocrx_word' id='word_1_690' title='bbox 3622 2635 3679 2681; x_wconf 90' lang='lat' dir='ltr'><strong>ct</strong></span> 
     </span>
    </p>
   </div>
   <div class='ocr_carea' id='block_1_86' title="bbox 2083 2719 3679 2793">
    <p class='ocr_par' dir='ltr' id='par_1_86' title="bbox 2083 2719 3679 2793">
     <span class='ocr_line' id='line_1_86' title="bbox 2083 2719 3679 2793; baseline -0.003 -15"><span class='ocrx_word' id='word_1_691' title='bbox 2083 2723 2185 2793; x_wconf 91' lang='lat' dir='ltr'><strong>piis</strong></span> <span class='ocrx_word' id='word_1_692' title='bbox 2201 2732 2254 2778; x_wconf 91' lang='lat' dir='ltr'><strong>et</strong></span> <span class='ocrx_word' id='word_1_693' title='bbox 2280 2722 2478 2793; x_wconf 82' lang='lat' dir='ltr'><strong>impiis,</strong></span> <span class='ocrx_word' id='word_1_694' title='bbox 2506 2735 2560 2779; x_wconf 93' lang='lat' dir='ltr'><strong>et</strong></span> <span class='ocrx_word' id='word_1_695' title='bbox 2585 2723 2741 2779; x_wconf 87' lang='lat' dir='ltr'><strong>malis</strong></span> <span class='ocrx_word' id='word_1_696' title='bbox 2768 2733 2823 2779; x_wconf 89' lang='lat' dir='ltr'><strong>et</strong></span> <span class='ocrx_word' id='word_1_697' title='bbox 2843 2723 2998 2778; x_wconf 85' lang='lat' dir='ltr'><strong>bonis</strong></span> <span class='ocrx_word' id='word_1_698' title='bbox 3028 2721 3355 2786; x_wconf 87' lang='lat' dir='ltr'><strong>hominibus,</strong></span> <span class='ocrx_word' id='word_1_699' title='bbox 3385 2729 3434 2775; x_wconf 92' lang='lat' dir='ltr'><strong>ut</strong></span> <span class='ocrx_word' id='word_1_700' title='bbox 3469 2735 3537 2775; x_wconf 90' lang='lat' dir='ltr'><strong>ne</strong></span> <span class='ocrx_word' id='word_1_701' title='bbox 3558 2719 3679 2774; x_wconf 90' lang='lat' dir='ltr'><strong>ideo</strong></span> 
     </span>
    </p>
   </div>
   <div class='ocr_carea' id='block_1_87' title="bbox 2087 2811 3681 2887">
    <p class='ocr_par' dir='ltr' id='par_1_87' title="bbox 2087 2811 3681 2887">
     <span class='ocr_line' id='line_1_87' title="bbox 2087 2811 3681 2887; baseline -0.004 -16"><span class='ocrx_word' id='word_1_702' title='bbox 2087 2817 2521 2887; x_wconf 42' lang='lat' dir='ltr'><strong>putesninjnstum</strong></span> <span class='ocrx_word' id='word_1_703' title='bbox 2546 2815 2813 2886; x_wconf 89' lang='lat' dir='ltr'><strong>quoddam</strong></span> <span class='ocrx_word' id='word_1_704' title='bbox 2850 2815 2966 2869; x_wconf 87' lang='lat' dir='ltr'><strong>ﬁeri</strong></span> <span class='ocrx_word' id='word_1_705' title='bbox 2998 2813 3259 2885; x_wconf 82' lang='lat' dir='ltr'><strong>judicium</strong></span> <span class='ocrx_word' id='word_1_706' title='bbox 3285 2854 3299 2879; x_wconf 93' lang='lat'><strong>,</strong></span> <span class='ocrx_word' id='word_1_707' title='bbox 3335 2827 3505 2883; x_wconf 89' lang='lat' dir='ltr'><strong>neque</strong></span> <span class='ocrx_word' id='word_1_708' title='bbox 3532 2811 3681 2865; x_wconf 87' lang='lat' dir='ltr'><strong>dicas</strong></span> 
     </span>
    </p>
   </div>
   <div class='ocr_carea' id='block_1_88' title="bbox 2086 2903 3681 2979">
    <p class='ocr_par' dir='ltr' id='par_1_88' title="bbox 2086 2903 3681 2979">
     <span class='ocr_line' id='line_1_88' title="bbox 2086 2903 3681 2979; baseline -0.004 -16"><span class='ocrx_word' id='word_1_709' title='bbox 2086 2907 2226 2979; x_wconf 85' lang='lat' dir='ltr'><strong>a’pud</strong></span> <span class='ocrx_word' id='word_1_710' title='bbox 2281 2918 2334 2965; x_wconf 89' lang='lat' dir='ltr'><strong>te</strong></span> <span class='ocrx_word' id='word_1_711' title='bbox 2373 2910 2547 2979; x_wconf 89' lang='lat' dir='ltr'><strong>ipsum</strong></span> <span class='ocrx_word' id='word_1_712' title='bbox 2579 2926 2592 2962; x_wconf 90' lang='lat'>:</span> <span class='ocrx_word' id='word_1_713' title='bbox 2625 2908 2889 2977; x_wconf 88' lang='lat' dir='ltr'><strong>Quidnam</strong></span> <span class='ocrx_word' id='word_1_714' title='bbox 2920 2906 3020 2963; x_wconf 82' lang='lat' dir='ltr'><strong>hoc</strong></span> <span class='ocrx_word' id='word_1_715' title='bbox 3066 2917 3148 2962; x_wconf 74' lang='grc' dir='ltr'><strong>εει</strong></span> <span class='ocrx_word' id='word_1_716' title='bbox 3173 2907 3197 2959; x_wconf 81' lang='lat'><strong>?</strong></span> <span class='ocrx_word' id='word_1_717' title='bbox 3227 2921 3326 2977; x_wconf 76' lang='lat' dir='ltr'><strong>ego</strong></span> <span class='ocrx_word' id='word_1_718' title='bbox 3350 2946 3364 2969; x_wconf 90' lang='lat'><strong>,</strong></span> <span class='ocrx_word' id='word_1_719' title='bbox 3397 2904 3485 2975; x_wconf 88' lang='lat' dir='ltr'><strong>qui</strong></span> <span class='ocrx_word' id='word_1_720' title='bbox 3512 2903 3681 2958; x_wconf 91' lang='lat' dir='ltr'><strong>multo</strong></span> 
     </span>
    </p>
   </div>
   <div class='ocr_carea' id='block_1_89' title="bbox 2086 2994 3678 3077">
    <p class='ocr_par' dir='ltr' id='par_1_89' title="bbox 2086 2994 3678 3077">
     <span class='ocr_line' id='line_1_89' title="bbox 2086 2994 3678 3077; baseline -0.005 -22"><span class='ocrx_word' id='word_1_721' title='bbox 2086 3000 2265 3055; x_wconf 87' lang='lat' dir='ltr'><strong>studio</strong></span> <span class='ocrx_word' id='word_1_722' title='bbox 2295 3011 2347 3055; x_wconf 91' lang='lat' dir='ltr'><strong>et</strong></span> <span class='ocrx_word' id='word_1_723' title='bbox 2378 3001 2559 3056; x_wconf 87' lang='lat' dir='ltr'><strong>labore</strong></span> <span class='ocrx_word' id='word_1_724' title='bbox 2579 3010 2632 3055; x_wconf 89' lang='lat' dir='ltr'><strong>et</strong></span> <span class='ocrx_word' id='word_1_725' title='bbox 2662 3000 2716 3054; x_wconf 93' lang='lat' dir='ltr'><strong>in</strong></span> <span class='ocrx_word' id='word_1_726' title='bbox 2748 2999 2962 3054; x_wconf 89' lang='lat' dir='ltr'><strong>miseria</strong></span> <span class='ocrx_word' id='word_1_727' title='bbox 2992 2998 3119 3077; x_wconf 52' lang='lat' dir='ltr'><strong>vivi,</strong></span> <span class='ocrx_word' id='word_1_728' title='bbox 3150 3012 3371 3066; x_wconf 81' lang='lat' dir='ltr'><strong>resurgo</strong></span> <span class='ocrx_word' id='word_1_729' title='bbox 3396 3039 3410 3059; x_wconf 81' lang='lat'><strong>,</strong></span> <span class='ocrx_word' id='word_1_730' title='bbox 3442 3006 3496 3050; x_wconf 91' lang='lat' dir='ltr'><strong>et</strong></span> <span class='ocrx_word' id='word_1_731' title='bbox 3526 2994 3678 3077; x_wconf 69' lang='lat' dir='ltr'><strong>Gran-</strong></span> 
     </span>
    </p>
   </div>
   <div class='ocr_carea' id='block_1_90' title="bbox 2086 3076 3677 3164">
    <p class='ocr_par' dir='ltr' id='par_1_90' title="bbox 2086 3076 3677 3164">
     <span class='ocr_line' id='line_1_90' title="bbox 2086 3076 3677 3164; baseline -0.004 -16"><span class='ocrx_word' id='word_1_732' title='bbox 2086 3107 2200 3158; x_wconf 89' lang='lat' dir='ltr'><strong>cus,</strong></span> <span class='ocrx_word' id='word_1_733' title='bbox 2228 3104 2283 3149; x_wconf 90' lang='lat' dir='ltr'><strong>ct</strong></span> <span class='ocrx_word' id='word_1_734' title='bbox 2310 3094 2519 3164; x_wconf 87' lang='lat' dir='ltr'><strong>impius,</strong></span> <span class='ocrx_word' id='word_1_735' title='bbox 2551 3102 2605 3148; x_wconf 90' lang='lat' dir='ltr'><strong>ct</strong></span> <span class='ocrx_word' id='word_1_736' title='bbox 2634 3093 2938 3159; x_wconf 88' lang='lat' dir='ltr'><strong>idololatra,</strong></span> <span class='ocrx_word' id='word_1_737' title='bbox 2957 3102 3012 3148; x_wconf 89' lang='lat' dir='ltr'><strong>et</strong></span> <span class='ocrx_word' id='word_1_738' title='bbox 3032 3093 3121 3161; x_wconf 88' lang='lat' dir='ltr'><strong>qui</strong></span> <span class='ocrx_word' id='word_1_739' title='bbox 3153 3091 3361 3160; x_wconf 88' lang='lat' dir='ltr'><strong>ignorat</strong></span> <span class='ocrx_word' id='word_1_740' title='bbox 3383 3076 3677 3151; x_wconf 83' lang='lat' dir='ltr'><strong>Christum,</strong></span> 
     </span>
    </p>
   </div>
   <div class='ocr_carea' id='block_1_91' title="bbox 2087 3183 3682 3258">
    <p class='ocr_par' dir='ltr' id='par_1_91' title="bbox 2087 3183 3682 3258">
     <span class='ocr_line' id='line_1_91' title="bbox 2087 3183 3682 3258; baseline -0.004 -16"><span class='ocrx_word' id='word_1_741' title='bbox 2087 3186 2248 3242; x_wconf 90' lang='lat' dir='ltr'><strong>etiam</strong></span> <span class='ocrx_word' id='word_1_742' title='bbox 2281 3186 2393 3256; x_wconf 85' lang='lat' dir='ltr'><strong>ipse</strong></span> <span class='ocrx_word' id='word_1_743' title='bbox 2416 3187 2667 3258; x_wconf 82' lang='lat' dir='ltr'><strong>resurgit,</strong></span> <span class='ocrx_word' id='word_1_744' title='bbox 2697 3195 2750 3241; x_wconf 94' lang='lat' dir='ltr'><strong>et</strong></span> <span class='ocrx_word' id='word_1_745' title='bbox 2774 3185 2937 3241; x_wconf 90' lang='lat' dir='ltr'><strong>simili</strong></span> <span class='ocrx_word' id='word_1_746' title='bbox 2966 3185 3174 3240; x_wconf 87' lang='lat' dir='ltr'><strong>honore</strong></span> <span class='ocrx_word' id='word_1_747' title='bbox 3207 3199 3414 3238; x_wconf 89' lang='lat' dir='ltr'><strong>mecum</strong></span> <span class='ocrx_word' id='word_1_748' title='bbox 3446 3183 3682 3236; x_wconf 80' lang='lat' dir='ltr'><strong>fruitur?</strong></span> 
     </span>
    </p>
   </div>
   <div class='ocr_carea' id='block_1_92' title="bbox 2090 3275 3682 3347">
    <p class='ocr_par' dir='ltr' id='par_1_92' title="bbox 2090 3275 3682 3347">
     <span class='ocr_line' id='line_1_92' title="bbox 2090 3275 3682 3347; baseline -0.003 -15"><span class='ocrx_word' id='word_1_749' title='bbox 2090 3290 2233 3335; x_wconf 87' lang='lat' dir='ltr'><strong>utne</strong></span> <span class='ocrx_word' id='word_1_750' title='bbox 2264 3279 2384 3334; x_wconf 87' lang='lat' dir='ltr'><strong>talia</strong></span> <span class='ocrx_word' id='word_1_751' title='bbox 2406 3279 2593 3335; x_wconf 88' lang='lat' dir='ltr'><strong>dicens</strong></span> <span class='ocrx_word' id='word_1_752' title='bbox 2621 3279 2980 3346; x_wconf 86' lang='lat' dir='ltr'><strong>conturberis,</strong></span> <span class='ocrx_word' id='word_1_753' title='bbox 2999 3276 3123 3334; x_wconf 83' lang='lat' dir='ltr'><strong>audi</strong></span> <span class='ocrx_word' id='word_1_754' title='bbox 3154 3276 3280 3347; x_wconf 90' lang='lat' dir='ltr'><strong>quid</strong></span> <span class='ocrx_word' id='word_1_755' title='bbox 3302 3277 3465 3331; x_wconf 89' lang='lat' dir='ltr'><strong>dicit:</strong></span> <span class='ocrx_word' id='word_1_756' title='bbox 3500 3275 3562 3331; x_wconf 83' lang='lat' dir='ltr'><strong>Si</strong></span> <span class='ocrx_word' id='word_1_757' title='bbox 3571 3275 3682 3344; x_wconf 81' lang='lat' dir='ltr'><strong>qni-</strong></span> 
     </span>
    </p>
   </div>
   <div class='ocr_carea' id='block_1_93' title="bbox 2088 3365 3682 3439">
    <p class='ocr_par' dir='ltr' id='par_1_93' title="bbox 2088 3365 3682 3439">
     <span class='ocr_line' id='line_1_93' title="bbox 2088 3365 3682 3439; baseline -0.003 -17"><span class='ocrx_word' id='word_1_758' title='bbox 2088 3370 2203 3424; x_wconf 84' lang='lat' dir='ltr'><strong>dem</strong></span> <span class='ocrx_word' id='word_1_759' title='bbox 2229 3369 2414 3434; x_wconf 86' lang='lat' dir='ltr'><strong>induti,</strong></span> <span class='ocrx_word' id='word_1_760' title='bbox 2438 3386 2539 3422; x_wconf 83' lang='lat' dir='ltr'><strong>non</strong></span> <span class='ocrx_word' id='word_1_761' title='bbox 2564 3369 2688 3422; x_wconf 83' lang='lat' dir='ltr'><strong>nudi</strong></span> <span class='ocrx_word' id='word_1_762' title='bbox 2706 3369 3021 3422; x_wconf 80' lang='lat' dir='ltr'><strong>inveniamur</strong></span> <span class='ocrx_word' id='word_1_763' title='bbox 3039 3366 3115 3439; x_wconf 77' lang='lat'><strong>(2.</strong></span> <span class='ocrx_word' id='word_1_764' title='bbox 3140 3365 3256 3420; x_wconf 87' lang='lat' dir='ltr'><strong>Cor.</strong></span> <span class='ocrx_word' id='word_1_765' title='bbox 3281 3366 3334 3422; x_wconf 85' lang='lat'><strong>5.</strong></span> <span class='ocrx_word' id='word_1_766' title='bbox 3364 3367 3440 3435; x_wconf 76' lang='lat'><strong>3).</strong></span> <span class='ocrx_word' id='word_1_767' title='bbox 3464 3365 3682 3434; x_wconf 82' lang='lat' dir='ltr'><strong>thuo-</strong></span> 
     </span>
    </p>
   </div>
   <div class='ocr_carea' id='block_1_94' title="bbox 2088 3457 3682 3530">
    <p class='ocr_par' dir='ltr' id='par_1_94' title="bbox 2088 3457 3682 3530">
     <span class='ocr_line' id='line_1_94' title="bbox 2088 3457 3682 3530; baseline -0.003 -16"><span class='ocrx_word' id='word_1_768' title='bbox 2088 3461 2251 3516; x_wconf 92' lang='lat' dir='ltr'><strong>modo</strong></span> <span class='ocrx_word' id='word_1_769' title='bbox 2290 3459 2420 3515; x_wconf 86' lang='lat' dir='ltr'><strong>dicit</strong></span> <span class='ocrx_word' id='word_1_770' title='bbox 2465 3476 2609 3527; x_wconf 86' lang='lat' dir='ltr'><strong>eum,</strong></span> <span class='ocrx_word' id='word_1_771' title='bbox 2661 3460 2750 3530; x_wconf 92' lang='lat' dir='ltr'><strong>qui</strong></span> <span class='ocrx_word' id='word_1_772' title='bbox 2795 3458 3011 3513; x_wconf 89' lang='lat' dir='ltr'><strong>indutus</strong></span> <span class='ocrx_word' id='word_1_773' title='bbox 3040 3465 3125 3512; x_wconf 85' lang='lat' dir='ltr'><strong>est</strong></span> <span class='ocrx_word' id='word_1_774' title='bbox 3151 3457 3600 3525; x_wconf 73' lang='lat' dir='ltr'><strong>incorruptionem</strong></span> <span class='ocrx_word' id='word_1_775' title='bbox 3629 3466 3682 3510; x_wconf 90' lang='lat' dir='ltr'><strong>et</strong></span> 
     </span>
    </p>
   </div>
   <div class='ocr_carea' id='block_1_95' title="bbox 2092 3547 3683 3618">
    <p class='ocr_par' dir='ltr' id='par_1_95' title="bbox 2092 3547 3683 3618">
     <span class='ocr_line' id='line_1_95' title="bbox 2092 3547 3683 3618; baseline -0.005 -10"><span class='ocrx_word' id='word_1_776' title='bbox 2092 3553 2549 3609; x_wconf 85' lang='lat' dir='ltr'><strong>innuortalitatem</strong></span> <span class='ocrx_word' id='word_1_777' title='bbox 2570 3593 2584 3618; x_wconf 92' lang='lat'><strong>,</strong></span> <span class='ocrx_word' id='word_1_778' title='bbox 2614 3551 2841 3606; x_wconf 86' lang='lat' dir='ltr'><strong>inveniri</strong></span> <span class='ocrx_word' id='word_1_779' title='bbox 2884 3548 3131 3605; x_wconf 88' lang='lat' dir='ltr'><strong>nudum?</strong></span> <span class='ocrx_word' id='word_1_780' title='bbox 3161 3548 3418 3603; x_wconf 70' lang='lat' dir='ltr'><strong>Videlicet</strong></span> <span class='ocrx_word' id='word_1_781' title='bbox 3447 3550 3489 3601; x_wconf 89' lang='lat' dir='ltr'><strong>si</strong></span> <span class='ocrx_word' id='word_1_782' title='bbox 3515 3547 3683 3617; x_wconf 65' lang='lat' dir='ltr'><strong>gtoria</strong></span> 
     </span>
    </p>
   </div>
   <div class='ocr_carea' id='block_1_96' title="bbox 2092 3637 3683 3717">
    <p class='ocr_par' dir='ltr' id='par_1_96' title="bbox 2092 3637 3683 3717">
     <span class='ocr_line' id='line_1_96' title="bbox 2092 3637 3683 3717; baseline -0.006 -16"><span class='ocrx_word' id='word_1_783' title='bbox 2092 3647 2396 3717; x_wconf 88' lang='lat' dir='ltr'><strong>privamur,</strong></span> <span class='ocrx_word' id='word_1_784' title='bbox 2429 3654 2485 3701; x_wconf 92' lang='lat' dir='ltr'><strong>et</strong></span> <span class='ocrx_word' id='word_1_785' title='bbox 2523 3643 2714 3699; x_wconf 88' lang='lat' dir='ltr'><strong>ﬁducia</strong></span> <span class='ocrx_word' id='word_1_786' title='bbox 2759 3642 2827 3697; x_wconf 89' lang='lat' dir='ltr'><strong>ad</strong></span> <span class='ocrx_word' id='word_1_787' title='bbox 2872 3642 3037 3697; x_wconf 89' lang='lat' dir='ltr'><strong>Deum</strong></span> <span class='ocrx_word' id='word_1_788' title='bbox 3068 3639 3425 3695; x_wconf 88' lang='lat' dir='ltr'><strong>destituimur.</strong></span> <span class='ocrx_word' id='word_1_789' title='bbox 3470 3637 3683 3693; x_wconf 87' lang='lat' dir='ltr'><strong>Etenim</strong></span> 
     </span>
    </p>
   </div>
   <div class='ocr_carea' id='block_1_97' title="bbox 2093 3731 3685 3810">
    <p class='ocr_par' dir='ltr' id='par_1_97' title="bbox 2093 3731 3685 3810">
     <span class='ocr_line' id='line_1_97' title="bbox 2093 3731 3685 3810; baseline -0.005 -19"><span class='ocrx_word' id='word_1_790' title='bbox 2093 3749 2432 3810; x_wconf 83' lang='lat' dir='ltr'><strong>peccatorum</strong></span> <span class='ocrx_word' id='word_1_791' title='bbox 2456 3750 2668 3807; x_wconf 87' lang='lat' dir='ltr'><strong>quoque</strong></span> <span class='ocrx_word' id='word_1_792' title='bbox 2694 3750 2925 3805; x_wconf 90' lang='lat' dir='ltr'><strong>corpora</strong></span> <span class='ocrx_word' id='word_1_793' title='bbox 2952 3731 3372 3802; x_wconf 83' lang='lat' dir='ltr'><strong>incorruptibilia</strong></span> <span class='ocrx_word' id='word_1_794' title='bbox 3404 3739 3685 3798; x_wconf 72' lang='lat' dir='ltr'><strong>resurgunt</strong></span> 
     </span>
    </p>
   </div>
   <div class='ocr_carea' id='block_1_98' title="bbox 2092 3824 3685 3888">
    <p class='ocr_par' dir='ltr' id='par_1_98' title="bbox 2092 3824 3685 3888">
     <span class='ocr_line' id='line_1_98' title="bbox 2092 3824 3685 3888; baseline -0.005 -2"><span class='ocrx_word' id='word_1_795' title='bbox 2092 3842 2146 3888; x_wconf 89' lang='lat' dir='ltr'><strong>ct</strong></span> <span class='ocrx_word' id='word_1_796' title='bbox 2174 3831 2492 3886; x_wconf 86' lang='lat' dir='ltr'><strong>immortalia</strong></span> <span class='ocrx_word' id='word_1_797' title='bbox 2532 3848 2543 3884; x_wconf 93' lang='lat'>:</span> <span class='ocrx_word' id='word_1_798' title='bbox 2579 3830 2671 3885; x_wconf 92' lang='lat' dir='ltr'><strong>sed</strong></span> <span class='ocrx_word' id='word_1_799' title='bbox 2712 3828 2800 3883; x_wconf 84' lang='lat' dir='ltr'><strong>hic</strong></span> <span class='ocrx_word' id='word_1_800' title='bbox 2825 3828 2997 3884; x_wconf 85' lang='lat' dir='ltr'><strong>honor</strong></span> <span class='ocrx_word' id='word_1_801' title='bbox 3032 3826 3325 3881; x_wconf 81' lang='lat' dir='ltr'><strong>fontcntum</strong></span> <span class='ocrx_word' id='word_1_802' title='bbox 3356 3835 3410 3879; x_wconf 91' lang='lat' dir='ltr'><strong>ct</strong></span> <span class='ocrx_word' id='word_1_803' title='bbox 3438 3824 3685 3879; x_wconf 82' lang='lat' dir='ltr'><strong>viaticam</strong></span> 
     </span>
    </p>
   </div>
   <div class='ocr_carea' id='block_1_99' title="bbox 2094 3919 3686 3996">
    <p class='ocr_par' dir='ltr' id='par_1_99' title="bbox 2094 3919 3686 3996">
     <span class='ocr_line' id='line_1_99' title="bbox 2094 3919 3686 3996; baseline -0.005 -15"><span class='ocrx_word' id='word_1_804' title='bbox 2094 3926 2225 3996; x_wconf 80' lang='lat' dir='ltr'><strong>ipsis</strong></span> <span class='ocrx_word' id='word_1_805' title='bbox 2237 3927 2341 3981; x_wconf 89' lang='lat' dir='ltr'><strong>erit</strong></span> <span class='ocrx_word' id='word_1_806' title='bbox 2360 3925 2739 3995; x_wconf 89' lang='lat' dir='ltr'><strong>suppliciorum</strong></span> <span class='ocrx_word' id='word_1_807' title='bbox 2757 3932 2813 3979; x_wconf 90' lang='lat' dir='ltr'><strong>et</strong></span> <span class='ocrx_word' id='word_1_808' title='bbox 2836 3923 3050 3977; x_wconf 90' lang='lat' dir='ltr'><strong>ultionis</strong></span> <span class='ocrx_word' id='word_1_809' title='bbox 3070 3939 3084 3975; x_wconf 90' lang='lat'><strong>:</strong></span> <span class='ocrx_word' id='word_1_810' title='bbox 3107 3920 3524 3989; x_wconf 88' lang='lat' dir='ltr'><strong>incorruptibilia</strong></span> <span class='ocrx_word' id='word_1_811' title='bbox 3543 3919 3686 3973; x_wconf 88' lang='lat' dir='ltr'><strong>enint</strong></span> 
     </span>
    </p>
   </div>
   <div class='ocr_carea' id='block_1_100' title="bbox 2094 4010 3690 4087">
    <p class='ocr_par' dir='ltr' id='par_1_100' title="bbox 2094 4010 3690 4087">
     <span class='ocr_line' id='line_1_100' title="bbox 2094 4010 3690 4087; baseline -0.006 -14"><span class='ocrx_word' id='word_1_812' title='bbox 2094 4027 2409 4087; x_wconf 80' lang='lat' dir='ltr'><strong>resurgunt,</strong></span> <span class='ocrx_word' id='word_1_813' title='bbox 2442 4028 2497 4071; x_wconf 92' lang='lat' dir='ltr'><strong>ut</strong></span> <span class='ocrx_word' id='word_1_814' title='bbox 2526 4032 2740 4086; x_wconf 85' lang='lat' dir='ltr'><strong>semper</strong></span> <span class='ocrx_word' id='word_1_815' title='bbox 2759 4024 3006 4070; x_wconf 87' lang='lat' dir='ltr'><strong>urantur.</strong></span> <span class='ocrx_word' id='word_1_816' title='bbox 3033 4012 3168 4068; x_wconf 87' lang='lat' dir='ltr'><strong>Nam</strong></span> <span class='ocrx_word' id='word_1_817' title='bbox 3191 4027 3312 4066; x_wconf 81' lang='lat' dir='ltr'><strong>cum</strong></span> <span class='ocrx_word' id='word_1_818' title='bbox 3342 4011 3430 4066; x_wconf 88' lang='lat' dir='ltr'><strong>ille</strong></span> <span class='ocrx_word' id='word_1_819' title='bbox 3460 4010 3596 4081; x_wconf 82' lang='lat' dir='ltr'><strong>ignis</strong></span> <span class='ocrx_word' id='word_1_820' title='bbox 3622 4010 3690 4064; x_wconf 89' lang='lat' dir='ltr'><strong>sit</strong></span> 
     </span>
    </p>
   </div>
   <div class='ocr_carea' id='block_1_101' title="bbox 2095 4102 3690 4183">
    <p class='ocr_par' dir='ltr' id='par_1_101' title="bbox 2095 4102 3690 4183">
     <span class='ocr_line' id='line_1_101' title="bbox 2095 4102 3690 4183; baseline -0.006 -16"><span class='ocrx_word' id='word_1_821' title='bbox 2095 4111 2561 4183; x_wconf 77' lang='lat' dir='ltr'><strong>inexstingnihilis,</strong></span> <span class='ocrx_word' id='word_1_822' title='bbox 2586 4124 2723 4178; x_wconf 90' lang='lat' dir='ltr'><strong>opus</strong></span> <span class='ocrx_word' id='word_1_823' title='bbox 2743 4116 2826 4163; x_wconf 87' lang='lat' dir='ltr'><strong>est</strong></span> <span class='ocrx_word' id='word_1_824' title='bbox 2854 4107 2957 4161; x_wconf 87' lang='lat' dir='ltr'><strong>illis</strong></span> <span class='ocrx_word' id='word_1_825' title='bbox 2978 4103 3296 4174; x_wconf 82' lang='lat' dir='ltr'><strong>corporibus</strong></span> <span class='ocrx_word' id='word_1_826' title='bbox 3315 4144 3328 4167; x_wconf 91' lang='lat'><strong>,</strong></span> <span class='ocrx_word' id='word_1_827' title='bbox 3352 4119 3470 4170; x_wconf 77' lang='lat' dir='ltr'><strong>qua:</strong></span> <span class='ocrx_word' id='word_1_828' title='bbox 3492 4111 3546 4156; x_wconf 92' lang='lat' dir='ltr'><strong>et</strong></span> <span class='ocrx_word' id='word_1_829' title='bbox 3576 4102 3690 4171; x_wconf 85' lang='lat' dir='ltr'><strong>ipsa</strong></span> 
     </span>
    </p>
   </div>
   <div class='ocr_carea' id='block_1_102' title="bbox 2096 4195 3691 4275">
    <p class='ocr_par' dir='ltr' id='par_1_102' title="bbox 2096 4195 3691 4275">
     <span class='ocr_line' id='line_1_102' title="bbox 2096 4195 3691 4275; baseline -0.008 -14"><span class='ocrx_word' id='word_1_830' title='bbox 2096 4220 2387 4275; x_wconf 87' lang='lat' dir='ltr'><strong>numquam</strong></span> <span class='ocrx_word' id='word_1_831' title='bbox 2410 4210 2811 4258; x_wconf 89' lang='lat' dir='ltr'><strong>consumantur.</strong></span> <span class='ocrx_word' id='word_1_832' title='bbox 2833 4200 3134 4270; x_wconf 88' lang='lat' dir='ltr'><strong>Eapropler</strong></span> <span class='ocrx_word' id='word_1_833' title='bbox 3154 4197 3315 4252; x_wconf 90' lang='lat' dir='ltr'><strong>dicit:</strong></span> <span class='ocrx_word' id='word_1_834' title='bbox 3340 4196 3403 4252; x_wconf 87' lang='lat' dir='ltr'><strong>Si</strong></span> <span class='ocrx_word' id='word_1_835' title='bbox 3422 4195 3621 4266; x_wconf 82' lang='lat' dir='ltr'><strong>quidem</strong></span> <span class='ocrx_word' id='word_1_836' title='bbox 3643 4205 3691 4249; x_wconf 82' lang='lat' dir='ltr'><strong>et</strong></span> 
     </span>
    </p>
   </div>
   <div class='ocr_carea' id='block_1_103' title="bbox 2096 4288 3690 4364">
    <p class='ocr_par' dir='ltr' id='par_1_103' title="bbox 2096 4288 3690 4364">
     <span class='ocr_line' id='line_1_103' title="bbox 2096 4288 3690 4364; baseline -0.008 -13"><span class='ocrx_word' id='word_1_837' title='bbox 2096 4297 2283 4364; x_wconf 84' lang='lat' dir='ltr'><strong>induti,</strong></span> <span class='ocrx_word' id='word_1_838' title='bbox 2305 4313 2405 4350; x_wconf 86' lang='lat' dir='ltr'><strong>non</strong></span> <span class='ocrx_word' id='word_1_839' title='bbox 2428 4296 2552 4350; x_wconf 85' lang='lat' dir='ltr'><strong>nudi</strong></span> <span class='ocrx_word' id='word_1_840' title='bbox 2576 4294 2913 4348; x_wconf 84' lang='lat' dir='ltr'><strong>inveniamur.</strong></span> <span class='ocrx_word' id='word_1_841' title='bbox 2942 4291 3056 4346; x_wconf 80' lang='lat' dir='ltr'><strong>Non</strong></span> <span class='ocrx_word' id='word_1_842' title='bbox 3082 4288 3230 4345; x_wconf 84' lang='lat' dir='ltr'><strong>enim</strong></span> <span class='ocrx_word' id='word_1_843' title='bbox 3252 4288 3356 4342; x_wconf 90' lang='lat' dir='ltr'><strong>hoc</strong></span> <span class='ocrx_word' id='word_1_844' title='bbox 3376 4288 3548 4342; x_wconf 89' lang='lat' dir='ltr'><strong>soltnn</strong></span> <span class='ocrx_word' id='word_1_845' title='bbox 3572 4297 3654 4341; x_wconf 91' lang='lat' dir='ltr'><strong>est</strong></span> <span class='ocrx_word' id='word_1_846' title='bbox 3673 4327 3690 4354; x_wconf 95' lang='lat'><strong>,</strong></span> 
     </span>
    </p>
   </div>
   <div class='ocr_carea' id='block_1_104' title="bbox 2098 4377 3687 4459">
    <p class='ocr_par' dir='ltr' id='par_1_104' title="bbox 2098 4377 3687 4459">
     <span class='ocr_line' id='line_1_104' title="bbox 2098 4377 3687 4459; baseline -0.008 -16"><span class='ocrx_word' id='word_1_847' title='bbox 2098 4389 2240 4459; x_wconf 86' lang='lat' dir='ltr'><strong>quod</strong></span> <span class='ocrx_word' id='word_1_848' title='bbox 2270 4388 2543 4458; x_wconf 74' lang='lat' dir='ltr'><strong>quzcritur,</strong></span> <span class='ocrx_word' id='word_1_849' title='bbox 2576 4396 2632 4439; x_wconf 91' lang='lat' dir='ltr'><strong>ut</strong></span> <span class='ocrx_word' id='word_1_850' title='bbox 2671 4398 3009 4454; x_wconf 85' lang='lat' dir='ltr'><strong>resurgamus</strong></span> <span class='ocrx_word' id='word_1_851' title='bbox 3037 4390 3091 4437; x_wconf 90' lang='lat' dir='ltr'><strong>et</strong></span> <span class='ocrx_word' id='word_1_852' title='bbox 3119 4380 3571 4435; x_wconf 85' lang='lat' dir='ltr'><strong>immortalitatem</strong></span> <span class='ocrx_word' id='word_1_853' title='bbox 3614 4377 3687 4431; x_wconf 85' lang='lat' dir='ltr'><strong>in-</strong></span> 
     </span>
    </p>
   </div>
   <div class='ocr_carea' id='block_1_105' title="bbox 2099 4467 3695 4538">
    <p class='ocr_par' dir='ltr' id='par_1_105' title="bbox 2099 4467 3695 4538">
     <span class='ocr_line' id='line_1_105' title="bbox 2099 4467 3695 4538; baseline -0.009 -1"><span class='ocrx_word' id='word_1_854' title='bbox 2099 4482 2328 4537; x_wconf 88' lang='lat' dir='ltr'><strong>duatnns</strong></span> <span class='ocrx_word' id='word_1_855' title='bbox 2356 4496 2374 4535; x_wconf 89' lang='lat'><strong><em>:</em></strong></span> <span class='ocrx_word' id='word_1_856' title='bbox 2400 4479 2491 4534; x_wconf 83' lang='lat' dir='ltr'><strong>sed</strong></span> <span class='ocrx_word' id='word_1_857' title='bbox 2520 4489 2576 4533; x_wconf 88' lang='lat' dir='ltr'><strong>ut</strong></span> <span class='ocrx_word' id='word_1_858' title='bbox 2597 4493 2717 4532; x_wconf 84' lang='lat' dir='ltr'><strong>eum</strong></span> <span class='ocrx_word' id='word_1_859' title='bbox 2758 4474 3210 4532; x_wconf 71' lang='lat' dir='ltr'><strong>msurrexerimus</strong></span> <span class='ocrx_word' id='word_1_860' title='bbox 3229 4513 3243 4536; x_wconf 96' lang='lat'><strong>,</strong></span> <span class='ocrx_word' id='word_1_861' title='bbox 3271 4470 3548 4538; x_wconf 90' lang='lat' dir='ltr'><strong>indutique</strong></span> <span class='ocrx_word' id='word_1_862' title='bbox 3575 4467 3695 4523; x_wconf 79' lang='lat' dir='ltr'><strong>fue-</strong></span> 
     </span>
    </p>
   </div>
   <div class='ocr_carea' id='block_1_106' title="bbox 2101 4560 3695 4637">
    <p class='ocr_par' dir='ltr' id='par_1_106' title="bbox 2101 4560 3695 4637">
     <span class='ocr_line' id='line_1_106' title="bbox 2101 4560 3695 4637; baseline -0.009 -6"><span class='ocrx_word' id='word_1_863' title='bbox 2101 4579 2271 4631; x_wconf 90' lang='lat' dir='ltr'><strong>rimus</strong></span> <span class='ocrx_word' id='word_1_864' title='bbox 2302 4573 2759 4628; x_wconf 84' lang='lat' dir='ltr'><strong>immortalitatem</strong></span> <span class='ocrx_word' id='word_1_865' title='bbox 2784 4610 2802 4637; x_wconf 88' lang='lat'><strong>,</strong></span> <span class='ocrx_word' id='word_1_866' title='bbox 2832 4585 2937 4624; x_wconf 90' lang='lat' dir='ltr'><strong>non</strong></span> <span class='ocrx_word' id='word_1_867' title='bbox 2963 4564 3296 4622; x_wconf 89' lang='lat' dir='ltr'><strong>inveniamur</strong></span> <span class='ocrx_word' id='word_1_868' title='bbox 3330 4561 3455 4616; x_wconf 91' lang='lat' dir='ltr'><strong>nudi</strong></span> <span class='ocrx_word' id='word_1_869' title='bbox 3478 4575 3508 4615; x_wconf 86' lang='lat' dir='ltr'><strong>a</strong></span> <span class='ocrx_word' id='word_1_870' title='bbox 3529 4560 3695 4630; x_wconf 77' lang='lat' dir='ltr'><strong>gloria</strong></span> 
     </span>
    </p>
   </div>
   <div class='ocr_carea' id='block_1_107' title="bbox 2104 4652 3698 4736">
    <p class='ocr_par' dir='ltr' id='par_1_107' title="bbox 2104 4652 3698 4736">
     <span class='ocr_line' id='line_1_107' title="bbox 2104 4652 3698 4736; baseline -0.009 -14"><span class='ocrx_word' id='word_1_871' title='bbox 2104 4670 2402 4736; x_wconf 83' lang='lat' dir='ltr'><strong>ﬁduciaque</strong></span> <span class='ocrx_word' id='word_1_872' title='bbox 2431 4681 2555 4735; x_wconf 86' lang='lat' dir='ltr'><strong>erga</strong></span> <span class='ocrx_word' id='word_1_873' title='bbox 2601 4664 2786 4726; x_wconf 87' lang='lat' dir='ltr'><strong>Deum,</strong></span> <span class='ocrx_word' id='word_1_874' title='bbox 2821 4675 2955 4715; x_wconf 87' lang='lat' dir='ltr'><strong>neve</strong></span> <span class='ocrx_word' id='word_1_875' title='bbox 2980 4658 3085 4728; x_wconf 81' lang='lat' dir='ltr'><strong>igni</strong></span> <span class='ocrx_word' id='word_1_876' title='bbox 3114 4657 3186 4710; x_wconf 92' lang='lat' dir='ltr'><strong>illi</strong></span> <span class='ocrx_word' id='word_1_877' title='bbox 3211 4654 3514 4718; x_wconf 87' lang='lat' dir='ltr'><strong>tradamur;</strong></span> <span class='ocrx_word' id='word_1_878' title='bbox 3549 4660 3603 4707; x_wconf 90' lang='lat' dir='ltr'><strong>et</strong></span> <span class='ocrx_word' id='word_1_879' title='bbox 3628 4652 3698 4707; x_wconf 90' lang='lat' dir='ltr'><strong>ob</strong></span> 
     </span>
    </p>
   </div>
   <div class='ocr_carea' id='block_1_108' title="bbox 2103 4745 3694 4825">
    <p class='ocr_par' dir='ltr' id='par_1_108' title="bbox 2103 4745 3694 4825">
     <span class='ocr_line' id='line_1_108' title="bbox 2103 4745 3694 4825; baseline -0.012 -10"><span class='ocrx_word' id='word_1_880' title='bbox 2103 4760 2206 4815; x_wconf 82' lang='lat' dir='ltr'><strong>hoc</strong></span> <span class='ocrx_word' id='word_1_881' title='bbox 2229 4758 2357 4813; x_wconf 87' lang='lat' dir='ltr'><strong>dicit</strong></span> <span class='ocrx_word' id='word_1_882' title='bbox 2387 4776 2399 4811; x_wconf 92' lang='lat'><strong>:</strong></span> <span class='ocrx_word' id='word_1_883' title='bbox 2427 4756 2485 4811; x_wconf 83' lang='lat' dir='ltr'><strong>Si</strong></span> <span class='ocrx_word' id='word_1_884' title='bbox 2511 4754 2712 4825; x_wconf 83' lang='lat' dir='ltr'><strong>quidem</strong></span> <span class='ocrx_word' id='word_1_885' title='bbox 2738 4762 2783 4806; x_wconf 92' lang='lat' dir='ltr'><strong>et</strong></span> <span class='ocrx_word' id='word_1_886' title='bbox 2805 4750 2972 4805; x_wconf 87' lang='lat' dir='ltr'><strong>induti</strong></span> <span class='ocrx_word' id='word_1_887' title='bbox 2995 4790 3012 4815; x_wconf 92' lang='lat'><strong>,</strong></span> <span class='ocrx_word' id='word_1_888' title='bbox 3062 4764 3163 4802; x_wconf 84' lang='lat' dir='ltr'><strong>non</strong></span> <span class='ocrx_word' id='word_1_889' title='bbox 3207 4745 3332 4800; x_wconf 86' lang='lat' dir='ltr'><strong>nudi</strong></span> <span class='ocrx_word' id='word_1_890' title='bbox 3358 4745 3694 4798; x_wconf 83' lang='lat' dir='ltr'><strong>inveniamur.</strong></span> 
     </span>
    </p>
   </div>
   <div class='ocr_carea' id='block_1_109' title="bbox 2104 4836 3700 4913">
    <p class='ocr_par' dir='ltr' id='par_1_109' title="bbox 2104 4836 3700 4913">
     <span class='ocr_line' id='line_1_109' title="bbox 2104 4836 3700 4913; baseline -0.013 -6"><span class='ocrx_word' id='word_1_891' title='bbox 2104 4851 2232 4907; x_wconf 80' lang='lat' dir='ltr'><strong>PoSL</strong></span> <span class='ocrx_word' id='word_1_892' title='bbox 2259 4849 2375 4903; x_wconf 68' lang='lat' dir='ltr'><strong>hinc</strong></span> <span class='ocrx_word' id='word_1_893' title='bbox 2406 4848 2598 4902; x_wconf 90' lang='lat' dir='ltr'><strong>iterum</strong></span> <span class='ocrx_word' id='word_1_894' title='bbox 2627 4845 2730 4899; x_wconf 88' lang='lat' dir='ltr'><strong>ﬁde</strong></span> <span class='ocrx_word' id='word_1_895' title='bbox 2758 4842 3053 4913; x_wconf 85' lang='lat' dir='ltr'><strong>digniorem</strong></span> <span class='ocrx_word' id='word_1_896' title='bbox 3077 4839 3145 4892; x_wconf 90' lang='lat' dir='ltr'><strong>de</strong></span> <span class='ocrx_word' id='word_1_897' title='bbox 3172 4836 3567 4892; x_wconf 89' lang='lat' dir='ltr'><strong>resurrectione</strong></span> <span class='ocrx_word' id='word_1_898' title='bbox 3588 4850 3700 4888; x_wconf 87' lang='lat' dir='ltr'><strong>scr-</strong></span> 
     </span>
    </p>
   </div>
   <div class='ocr_carea' id='block_1_110' title="bbox 2105 4926 3702 5000">
    <p class='ocr_par' dir='ltr' id='par_1_110' title="bbox 2105 4926 3702 5000">
     <span class='ocr_line' id='line_1_110' title="bbox 2105 4926 3702 5000; baseline -0.014 0"><span class='ocrx_word' id='word_1_899' title='bbox 2105 4958 2320 5000; x_wconf 88' lang='lat' dir='ltr'><strong>moncm</strong></span> <span class='ocrx_word' id='word_1_900' title='bbox 2342 4940 2520 4997; x_wconf 84' lang='lat' dir='ltr'><strong>reddit</strong></span> <span class='ocrx_word' id='word_1_901' title='bbox 2549 4957 2563 4993; x_wconf 88' lang='lat'><strong>:</strong></span> <span class='ocrx_word' id='word_1_902' title='bbox 2591 4947 2642 4993; x_wconf 89' lang='lat' dir='ltr'><strong>et</strong></span> <span class='ocrx_word' id='word_1_903' title='bbox 2673 4952 2793 4991; x_wconf 88' lang='lat' dir='ltr'><strong>cum</strong></span> <span class='ocrx_word' id='word_1_904' title='bbox 2834 4935 2967 4989; x_wconf 76' lang='lat' dir='ltr'><strong>dixit</strong></span> <span class='ocrx_word' id='word_1_905' title='bbox 3005 4933 3239 4986; x_wconf 82' lang='lat' dir='ltr'><strong>laturum</strong></span> <span class='ocrx_word' id='word_1_906' title='bbox 3272 4927 3339 4984; x_wconf 88' lang='lat' dir='ltr'><strong>Ut</strong></span> <span class='ocrx_word' id='word_1_907' title='bbox 3377 4926 3702 4982; x_wconf 76' lang='lat' dir='ltr'><strong>absorbeatur</strong></span> 
     </span>
    </p>
   </div>
   <div class='ocr_carea' id='block_1_111' title="bbox 2074 5019 3703 5101">
    <p class='ocr_par' dir='ltr' id='par_1_111' title="bbox 2074 5019 3703 5101">
     <span class='ocr_line' id='line_1_111' title="bbox 2074 5019 3703 5101; baseline -0.014 -11"><span class='ocrx_word' id='word_1_908' title='bbox 2074 5044 2079 5047; x_wconf 84' lang='lat'>&#39;</span> <span class='ocrx_word' id='word_1_909' title='bbox 2106 5033 2333 5093; x_wconf 80' lang='lat' dir='ltr'><strong>mortan</strong></span> <span class='ocrx_word' id='word_1_910' title='bbox 2360 5033 2456 5086; x_wconf 80' lang='lat' dir='ltr'><strong>hoc</strong></span> <span class='ocrx_word' id='word_1_911' title='bbox 2479 5048 2511 5084; x_wconf 91' lang='lat' dir='ltr'><strong>a</strong></span> <span class='ocrx_word' id='word_1_912' title='bbox 2535 5030 2637 5084; x_wconf 74' lang='lat' dir='ltr'><strong>vita</strong></span> <span class='ocrx_word' id='word_1_913' title='bbox 2662 5026 2838 5101; x_wconf 86' lang='lat' dir='ltr'><strong>(Ibid.</strong></span> <span class='ocrx_word' id='word_1_914' title='bbox 2870 5042 2919 5080; x_wconf 86' lang='grc' dir='ltr'><strong>υ.</strong></span> <span class='ocrx_word' id='word_1_915' title='bbox 2945 5025 3038 5095; x_wconf 77' lang='grc'><strong>4),</strong></span> <span class='ocrx_word' id='word_1_916' title='bbox 3066 5021 3269 5092; x_wconf 87' lang='lat' dir='ltr'><strong>adjicit,</strong></span> <span class='ocrx_word' id='word_1_917' title='bbox 3303 5019 3403 5087; x_wconf 82' lang='lat' dir='ltr'><strong>Qui</strong></span> <span class='ocrx_word' id='word_1_918' title='bbox 3424 5029 3591 5073; x_wconf 82' lang='lat' dir='ltr'><strong>autent</strong></span> <span class='ocrx_word' id='word_1_919' title='bbox 3613 5031 3703 5070; x_wconf 67' lang='lat' dir='ltr'><strong>nos</strong></span> 
     </span>
    </p>
   </div>
   <div class='ocr_carea' id='block_1_112' title="bbox 2110 5109 3700 5200">
    <p class='ocr_par' dir='ltr' id='par_1_112' title="bbox 2110 5109 3700 5200">
     <span class='ocr_line' id='line_1_112' title="bbox 2110 5109 3700 5200; baseline -0.013 -19"><span class='ocrx_word' id='word_1_920' title='bbox 2110 5127 2225 5200; x_wconf 70' lang='lat' dir='ltr'><strong>fecit</strong></span> <span class='ocrx_word' id='word_1_921' title='bbox 2253 5126 2321 5180; x_wconf 85' lang='lat' dir='ltr'><strong>ad</strong></span> <span class='ocrx_word' id='word_1_922' title='bbox 2343 5125 2436 5178; x_wconf 81' lang='lat' dir='ltr'><strong>hoc</strong></span> <span class='ocrx_word' id='word_1_923' title='bbox 2463 5124 2629 5195; x_wconf 79' lang='lat' dir='ltr'><strong>ipsum</strong></span> <span class='ocrx_word' id='word_1_924' title='bbox 2656 5119 2791 5174; x_wconf 76' lang='lat' dir='ltr'><strong>Deus</strong></span> <span class='ocrx_word' id='word_1_925' title='bbox 2814 5116 2978 5188; x_wconf 81' lang='lat' dir='ltr'><strong>(Ibid.</strong></span> <span class='ocrx_word' id='word_1_926' title='bbox 3010 5130 3058 5169; x_wconf 85' lang='grc' dir='ltr'><strong>υ.</strong></span> <span class='ocrx_word' id='word_1_927' title='bbox 3083 5114 3115 5170; x_wconf 83' lang='lat'><strong>5</strong></span> <span class='ocrx_word' id='word_1_928' title='bbox 3139 5116 3157 5184; x_wconf 91' lang='lat'><strong>)</strong></span> <span class='ocrx_word' id='word_1_929' title='bbox 3185 5131 3200 5178; x_wconf 88' lang='lat'><strong>;</strong></span> <span class='ocrx_word' id='word_1_930' title='bbox 3231 5129 3293 5167; x_wconf 85' lang='lat' dir='ltr'><strong>ac</strong></span> <span class='ocrx_word' id='word_1_931' title='bbox 3318 5115 3361 5166; x_wconf 86' lang='lat' dir='ltr'><strong>si</strong></span> <span class='ocrx_word' id='word_1_932' title='bbox 3384 5111 3622 5174; x_wconf 88' lang='lat' dir='ltr'><strong>diceret,</strong></span> <span class='ocrx_word' id='word_1_933' title='bbox 3661 5109 3700 5160; x_wconf 78' lang='grc' dir='ltr'><strong>Α</strong></span> 
     </span>
    </p>
   </div>
   <div class='ocr_carea' id='block_1_113' title="bbox 2110 5203 3703 5289">
    <p class='ocr_par' dir='ltr' id='par_1_113' title="bbox 2110 5203 3703 5289">
     <span class='ocr_line' id='line_1_113' title="bbox 2110 5203 3703 5289; baseline -0.013 -16"><span class='ocrx_word' id='word_1_934' title='bbox 2110 5218 2378 5289; x_wconf 87' lang='lat' dir='ltr'><strong>principio</strong></span> <span class='ocrx_word' id='word_1_935' title='bbox 2409 5223 2629 5286; x_wconf 87' lang='lat' dir='ltr'><strong>propter</strong></span> <span class='ocrx_word' id='word_1_936' title='bbox 2650 5213 2753 5267; x_wconf 88' lang='lat' dir='ltr'><strong>hoc</strong></span> <span class='ocrx_word' id='word_1_937' title='bbox 2780 5210 3052 5265; x_wconf 85' lang='lat' dir='ltr'><strong>hominem</strong></span> <span class='ocrx_word' id='word_1_938' title='bbox 3080 5205 3346 5265; x_wconf 79' lang='lat' dir='ltr'><strong>formavit,</strong></span> <span class='ocrx_word' id='word_1_939' title='bbox 3379 5203 3566 5272; x_wconf 87' lang='lat' dir='ltr'><strong>inquit,</strong></span> <span class='ocrx_word' id='word_1_940' title='bbox 3595 5213 3703 5253; x_wconf 92' lang='lat' dir='ltr'><strong>non</strong></span> 
     </span>
    </p>
   </div>
   <div class='ocr_carea' id='block_1_114' title="bbox 2110 5291 3706 5382">
    <p class='ocr_par' dir='ltr' id='par_1_114' title="bbox 2110 5291 3706 5382">
     <span class='ocr_line' id='line_1_114' title="bbox 2110 5291 3706 5382; baseline -0.015 -15"><span class='ocrx_word' id='word_1_941' title='bbox 2110 5322 2170 5368; x_wconf 92' lang='lat' dir='ltr'><strong>ut</strong></span> <span class='ocrx_word' id='word_1_942' title='bbox 2206 5319 2425 5382; x_wconf 86' lang='lat' dir='ltr'><strong>pereat,</strong></span> <span class='ocrx_word' id='word_1_943' title='bbox 2472 5307 2568 5363; x_wconf 89' lang='lat' dir='ltr'><strong>sed</strong></span> <span class='ocrx_word' id='word_1_944' title='bbox 2601 5315 2658 5361; x_wconf 92' lang='lat' dir='ltr'><strong>ut</strong></span> <span class='ocrx_word' id='word_1_945' title='bbox 2699 5306 2764 5361; x_wconf 90' lang='lat' dir='ltr'><strong>ad</strong></span> <span class='ocrx_word' id='word_1_946' title='bbox 2811 5301 3267 5372; x_wconf 86' lang='lat' dir='ltr'><strong>incorruptionem</strong></span> <span class='ocrx_word' id='word_1_947' title='bbox 3308 5302 3513 5366; x_wconf 81' lang='lat' dir='ltr'><strong>pergat.</strong></span> <span class='ocrx_word' id='word_1_948' title='bbox 3544 5291 3617 5345; x_wconf 81' lang='lat' dir='ltr'><strong>lia</strong></span> <span class='ocrx_word' id='word_1_949' title='bbox 3651 5300 3706 5345; x_wconf 90' lang='lat' dir='ltr'><strong>ut</strong></span> 
     </span>
    </p>
   </div>
   <div class='ocr_carea' id='block_1_115' title="bbox 2111 5386 3683 5477">
    <p class='ocr_par' dir='ltr' id='par_1_115' title="bbox 2111 5386 3683 5477">
     <span class='ocr_line' id='line_1_115' title="bbox 2111 5386 3683 5477; baseline -0.012 -15"><span class='ocrx_word' id='word_1_950' title='bbox 2111 5404 2324 5477; x_wconf 89' lang='lat' dir='ltr'><strong>quando</strong></span> <span class='ocrx_word' id='word_1_951' title='bbox 2346 5413 2573 5458; x_wconf 87' lang='lat' dir='ltr'><strong>mortem</strong></span> <span class='ocrx_word' id='word_1_952' title='bbox 2599 5400 2858 5471; x_wconf 87' lang='lat' dir='ltr'><strong>permisit,</strong></span> <span class='ocrx_word' id='word_1_953' title='bbox 2883 5398 2986 5453; x_wconf 83' lang='lat' dir='ltr'><strong>hoc</strong></span> <span class='ocrx_word' id='word_1_954' title='bbox 3011 5397 3183 5466; x_wconf 90' lang='lat' dir='ltr'><strong>ipsam</strong></span> <span class='ocrx_word' id='word_1_955' title='bbox 3207 5390 3428 5447; x_wconf 82' lang='lat' dir='ltr'><strong>consilio</strong></span> <span class='ocrx_word' id='word_1_956' title='bbox 3452 5386 3683 5458; x_wconf 88' lang='lat' dir='ltr'><strong>permisc</strong></span> 
     </span>
    </p>
   </div>
   <div class='ocr_carea' id='block_1_116' title="bbox 2112 5481 3707 5566">
    <p class='ocr_par' dir='ltr' id='par_1_116' title="bbox 2112 5481 3707 5566">
     <span class='ocr_line' id='line_1_116' title="bbox 2112 5481 3707 5566; baseline -0.014 -12"><span class='ocrx_word' id='word_1_957' title='bbox 2112 5500 2214 5564; x_wconf 89' lang='lat' dir='ltr'><strong>rit,</strong></span> <span class='ocrx_word' id='word_1_958' title='bbox 2248 5507 2305 5552; x_wconf 90' lang='lat' dir='ltr'><strong>ut</strong></span> <span class='ocrx_word' id='word_1_959' title='bbox 2337 5495 2599 5566; x_wconf 89' lang='lat' dir='ltr'><strong>supplicio</strong></span> <span class='ocrx_word' id='word_1_960' title='bbox 2635 5491 2948 5565; x_wconf 87' lang='lat' dir='ltr'><strong>prudentior</strong></span> <span class='ocrx_word' id='word_1_961' title='bbox 2969 5488 3138 5544; x_wconf 82' lang='lat' dir='ltr'><strong>factus</strong></span> <span class='ocrx_word' id='word_1_962' title='bbox 3177 5494 3231 5541; x_wconf 89' lang='lat' dir='ltr'><strong>et</strong></span> <span class='ocrx_word' id='word_1_963' title='bbox 3274 5482 3492 5546; x_wconf 89' lang='lat' dir='ltr'><strong>melior,</strong></span> <span class='ocrx_word' id='word_1_964' title='bbox 3537 5481 3707 5550; x_wconf 48' lang='lat' dir='ltr'><strong>possis</strong></span> 
     </span>
    </p>
   </div>
   <div class='ocr_carea' id='block_1_117' title="bbox 2113 5571 3706 5645">
    <p class='ocr_par' dir='ltr' id='par_1_117' title="bbox 2113 5571 3706 5645">
     <span class='ocr_line' id='line_1_117' title="bbox 2113 5571 3706 5645; baseline -0.013 0"><span class='ocrx_word' id='word_1_965' title='bbox 2113 5591 2289 5645; x_wconf 87' lang='lat' dir='ltr'><strong>denuo</strong></span> <span class='ocrx_word' id='word_1_966' title='bbox 2339 5589 2404 5642; x_wconf 90' lang='lat' dir='ltr'><strong>ad</strong></span> <span class='ocrx_word' id='word_1_967' title='bbox 2459 5584 2915 5643; x_wconf 89' lang='lat' dir='ltr'><strong>innnortalitatem</strong></span> <span class='ocrx_word' id='word_1_968' title='bbox 2967 5577 3171 5635; x_wconf 90' lang='lat' dir='ltr'><strong>reduci.</strong></span> <span class='ocrx_word' id='word_1_969' title='bbox 3205 5576 3398 5630; x_wconf 80' lang='lat' dir='ltr'><strong>Ratum</strong></span> <span class='ocrx_word' id='word_1_970' title='bbox 3427 5584 3585 5642; x_wconf 85' lang='lat' dir='ltr'><strong>atque</strong></span> <span class='ocrx_word' id='word_1_971' title='bbox 3616 5571 3706 5625; x_wconf 79' lang='lat' dir='ltr'><strong>lir—</strong></span> 
     </span>
    </p>
   </div>
   <div class='ocr_carea' id='block_1_118' title="bbox 2114 5664 3707 5745">
    <p class='ocr_par' dir='ltr' id='par_1_118' title="bbox 2114 5664 3707 5745">
     <span class='ocr_line' id='line_1_118' title="bbox 2114 5664 3707 5745; baseline -0.012 -7"><span class='ocrx_word' id='word_1_972' title='bbox 2114 5700 2259 5739; x_wconf 86' lang='lat' dir='ltr'><strong>tnum</strong></span> <span class='ocrx_word' id='word_1_973' title='bbox 2292 5683 2392 5737; x_wconf 82' lang='lat' dir='ltr'><strong>hac</strong></span> <span class='ocrx_word' id='word_1_974' title='bbox 2419 5681 2725 5745; x_wconf 83' lang='lat' dir='ltr'><strong>con-ilium,</strong></span> <span class='ocrx_word' id='word_1_975' title='bbox 2753 5686 2810 5734; x_wconf 89' lang='lat' dir='ltr'><strong>et</strong></span> <span class='ocrx_word' id='word_1_976' title='bbox 2847 5675 2963 5731; x_wconf 63' lang='lat' dir='ltr'><strong>haec</strong></span> <span class='ocrx_word' id='word_1_977' title='bbox 2986 5673 3254 5727; x_wconf 87' lang='lat' dir='ltr'><strong>sententia</strong></span> <span class='ocrx_word' id='word_1_978' title='bbox 3298 5667 3365 5722; x_wconf 88' lang='lat' dir='ltr'><strong>ab</strong></span> <span class='ocrx_word' id='word_1_979' title='bbox 3393 5667 3543 5722; x_wconf 88' lang='lat' dir='ltr'><strong>initio</strong></span> <span class='ocrx_word' id='word_1_980' title='bbox 3571 5664 3707 5732; x_wconf 82' lang='lat' dir='ltr'><strong>apud</strong></span> 
     </span>
    </p>
   </div>
   <div class='ocr_carea' id='block_1_119' title="bbox 2115 5760 3706 5846">
    <p class='ocr_par' dir='ltr' id='par_1_119' title="bbox 2115 5760 3706 5846">
     <span class='ocr_line' id='line_1_119' title="bbox 2115 5760 3706 5846; baseline -0.014 -12"><span class='ocrx_word' id='word_1_981' title='bbox 2115 5780 2283 5834; x_wconf 87' lang='lat' dir='ltr'><strong>Deum</strong></span> <span class='ocrx_word' id='word_1_982' title='bbox 2301 5820 2313 5840; x_wconf 89' lang='lat'><strong>,</strong></span> <span class='ocrx_word' id='word_1_983' title='bbox 2335 5786 2494 5846; x_wconf 85' lang='lat' dir='ltr'><strong>atque</strong></span> <span class='ocrx_word' id='word_1_984' title='bbox 2520 5775 2621 5830; x_wconf 81' lang='lat' dir='ltr'><strong>hac</strong></span> <span class='ocrx_word' id='word_1_985' title='bbox 2638 5775 2848 5830; x_wconf 86' lang='lat' dir='ltr'><strong>ratione</strong></span> <span class='ocrx_word' id='word_1_986' title='bbox 2875 5769 3105 5841; x_wconf 79' lang='lat' dir='ltr'><strong>primum</strong></span> <span class='ocrx_word' id='word_1_987' title='bbox 3135 5766 3407 5823; x_wconf 88' lang='lat' dir='ltr'><strong>hominem</strong></span> <span class='ocrx_word' id='word_1_988' title='bbox 3437 5760 3706 5828; x_wconf 87' lang='lat' dir='ltr'><strong>formavit,</strong></span> 
     </span>
    </p>
   </div>
   <div class='ocr_carea' id='block_1_120' title="bbox 2115 5851 3705 5939">
    <p class='ocr_par' dir='ltr' id='par_1_120' title="bbox 2115 5851 3705 5939">
     <span class='ocr_line' id='line_1_120' title="bbox 2115 5851 3705 5939; baseline -0.013 -14"><span class='ocrx_word' id='word_1_989' title='bbox 2115 5870 2276 5939; x_wconf 83' lang='lat' dir='ltr'><strong>idque</strong></span> <span class='ocrx_word' id='word_1_990' title='bbox 2300 5869 2480 5923; x_wconf 86' lang='lat' dir='ltr'><strong>statim</strong></span> <span class='ocrx_word' id='word_1_991' title='bbox 2511 5866 2667 5922; x_wconf 89' lang='lat' dir='ltr'><strong>nobis</strong></span> <span class='ocrx_word' id='word_1_992' title='bbox 2710 5881 2777 5921; x_wconf 78' lang='lat' dir='ltr'><strong>ex</strong></span> <span class='ocrx_word' id='word_1_993' title='bbox 2822 5860 3098 5934; x_wconf 76' lang='lat' dir='ltr'><strong>protentiis</strong></span> <span class='ocrx_word' id='word_1_994' title='bbox 3151 5859 3283 5930; x_wconf 89' lang='lat' dir='ltr'><strong>ipsis</strong></span> <span class='ocrx_word' id='word_1_995' title='bbox 3330 5851 3705 5912; x_wconf 90' lang='lat' dir='ltr'><strong>snbindicavit.</strong></span> 
     </span>
    </p>
   </div>
   <div class='ocr_carea' id='block_1_121' title="bbox 2123 5947 3704 6020">
    <p class='ocr_par' dir='ltr' id='par_1_121' title="bbox 2123 5947 3704 6020">
     <span class='ocr_line' id='line_1_121' title="bbox 2123 5947 3704 6020; baseline -0.013 1"><span class='ocrx_word' id='word_1_996' title='bbox 2123 5964 2233 6020; x_wconf 80' lang='lat' dir='ltr'><strong>l\&#39;isi</strong></span> <span class='ocrx_word' id='word_1_997' title='bbox 2262 5964 2402 6019; x_wconf 87' lang='lat' dir='ltr'><strong>enim</strong></span> <span class='ocrx_word' id='word_1_998' title='bbox 2448 5959 2704 6016; x_wconf 91' lang='lat' dir='ltr'><strong>voluisset</strong></span> <span class='ocrx_word' id='word_1_999' title='bbox 2741 5958 2809 6012; x_wconf 87' lang='lat' dir='ltr'><strong>ab</strong></span> <span class='ocrx_word' id='word_1_1000' title='bbox 2836 5958 2985 6013; x_wconf 88' lang='lat' dir='ltr'><strong>initio</strong></span> <span class='ocrx_word' id='word_1_1001' title='bbox 3015 5953 3169 6010; x_wconf 86' lang='lat' dir='ltr'><strong>nobis</strong></span> <span class='ocrx_word' id='word_1_1002' title='bbox 3193 5949 3604 6011; x_wconf 78' lang='lat' dir='ltr'><strong>resurrecdonis</strong></span> <span class='ocrx_word' id='word_1_1003' title='bbox 3629 5947 3704 6009; x_wconf 58' lang='grc' dir='ltr'><strong>ξιιμ</strong></span> 
     </span>
    </p>
   </div>
  </div>
