4130 6442
504 403 601 458 xiiii
1237 404 1295 461 S.
1337 405 1614 462 JOANNIS
1651 405 2129 460 CHRYSOSTOMI
2170 404 2484 460 ARClllEP.
2527 406 3065 464 CONSTANTINOP.

504 531 638 570 anas
668 517 897 586 aperire,
931 532 1036 572 non
1081 521 1413 588 permisisset
1455 521 1675 575 Abelem
1710 522 1852 576 omni
1899 522 2093 578 virtute

504 609 785 676 prmditttm
811 649 826 671 ,
872 609 1176 680 factumque
1226 613 1325 668 sibi
1359 613 1585 668 amicum
1607 653 1622 678 ,
1653 629 1772 683 quae
1799 629 1988 684 passus
2013 623 2095 670 est

508 701 634 770 pati.
675 701 829 756 Nunc
872 711 1050 756 autem
1095 703 1249 758 nobis
1295 712 1354 758 ut
1401 703 1826 771 demonstraret,
1854 704 1994 775 quod
2025 705 2092 759 ad

503 793 861 847 aliam'vitam
889 795 1199 865 pergimus,
1243 805 1297 850 et
1341 795 1483 850 aliud
1523 796 1790 866 quoddam
1838 797 2092 852 saeculum

502 886 660 958 justis
707 887 949 949 relictum
1001 898 1130 956 est,
1171 891 1222 944 in
1245 905 1350 959 quo
1388 905 1615 946 coronas
1638 901 1692 946 et
1718 891 2095 947 retributiones

507 978 608 1031 sibi
638 980 900 1048 repositas
938 980 1200 1050 accipiant
1239 997 1253 1033 :
1286 981 1550 1050 permisit,
1583 990 1644 1036 ut
1673 981 1719 1038 is
1743 982 1832 1052 qui
1864 983 2094 1052 primum

506 1067 591 1122 hic
618 1067 762 1138 juste
799 1070 1025 1137 vixerat,
1059 1070 1302 1125 laborum
1324 1087 1544 1126 suorum
1575 1074 1849 1130 mercedes
1873 1074 1957 1128 hic
1986 1089 2094 1129 non

506 1160 806 1230 acciperet,
848 1163 940 1216 sed
989 1162 1114 1218 hinc
1140 1163 1347 1230 abiens,
1378 1165 1634 1220 clamaret
1657 1181 1753 1234 per
1772 1181 1834 1220 ea
1860 1159 1981 1237 ψιαὲ
2008 1166 2094 1228 hic

507 1268 696 1321 passus
727 1263 827 1321 est,
852 1263 905 1309 et
929 1255 996 1310 ad
1025 1271 1212 1312 omnes
1233 1257 1438 1312 diceret
1465 1273 1479 1310 :
1513 1258 1640 1313 Post
1667 1259 1804 1314 hanc
1830 1261 1990 1314 vitam
2013 1269 2095 1316 est

507 1344 679 1414 aliqua
721 1355 774 1399 et
817 1361 1022 1402 merces
1070 1355 1126 1402 et
1167 1349 1550 1404 remuneratio.
1597 1349 1885 1419 Pr0pterea
1931 1351 2093 1406 etiam

507 1433 690 1490 Enoch
724 1439 1017 1504 transtulit,
1041 1449 1094 1494 et
1121 1440 1290 1494 Eliam
1316 1441 1513 1511 rapuit,
1547 1457 1643 1512 per
1663 1457 1758 1498 eos
1772 1443 2094 1500 adumbrans

504 1525 695 1596 dogma
727 1531 1157 1585 resurrectionis.
1193 1531 1404 1586 Sufﬁcit
1449 1533 1610 1602 igitur
1638 1533 1706 1588 ad
1753 1544 2095 1605 argumento-

504 1633 625 1672 rum
652 1619 862 1688 copiam
901 1621 1014 1675 sola
1042 1621 1335 1677 conditoris
1377 1625 1611 1693 potentia
1645 1633 1744 1679 :at
1783 1626 1826 1680 si
1866 1627 1985 1696 quis
2016 1635 2099 1682 est

503 1707 772 1764 Inﬁrmior
793 1751 807 1776 ,
848 1720 902 1765 et
927 1711 1086 1766 aliam
1121 1713 1337 1782 insuper
1360 1713 1868 1771 demonstrationem
1898 1718 2096 1773 habere

504 1800 635 1866 vult,
664 1810 718 1856 et
764 1803 953 1873 pignus
982 1803 1174 1859 futurae
1203 1808 1612 1864 resurrectionis
1633 1851 1647 1873 ,
1676 1811 1834 1864 etiam
1867 1811 2095 1882 idipsum

505 1893 660 1945 nobis
684 1894 822 1948 Deus
851 1911 1039 1965 magna
1067 1896 1386 1953 liberalitate
1409 1907 1461 1953 et
1481 1901 1634 1968 copia
1656 1900 1838 1965 dedit,
1865 1901 2094 1971 Spiritus

505 1985 713 2039 scilicet
761 1987 1006 2056 gratiam.
1057 1988 1316 2055 Quocirca
1360 2005 1480 2044 cum
1530 1988 1724 2046 Paulus
1766 1991 1835 2047 de
1858 2007 2096 2054 resurre-

503 2076 681 2130 ctione
737 2077 840 2132 ﬁde
883 2078 1100 2147 dignum
1150 2095 1453 2136 sermonem
1499 2081 1774 2138 habuisset
1803 2099 1869 2139 ex
1897 2084 2095 2140 Christi

506 2169 922 2233 resurrectione,
954 2185 1020 2224 eo
1045 2170 1185 2248 quod
1214 2172 1355 2226 Dens
1375 2173 1492 2241 ejus
1520 2185 1705 2229 auctor
1725 2183 1888 2242 esset,
1921 2175 2092 2232 addu-

504 2257 578 2310 cit
604 2265 657 2312 et
688 2257 791 2313 hoc
819 2259 1018 2314 dictum
1047 2277 1060 2313 :
1088 2261 1153 2315 Et
1191 2263 1544 2318 arrhabonem
1586 2265 1740 2320 nobis
1780 2266 1957 2331 dedit,
1987 2283 2092 2322 non

502 2366 662 2418 opum
695 2367 795 2406 nec
825 2353 938 2406 auri
968 2369 1068 2408 nec
1095 2355 1322 2425 argenti,
1353 2355 1446 2410 sed
1475 2356 1836 2412 arrhabonem
1863 2359 2093 2428 Spiritus

503 2441 580 2511 (9..
612 2441 728 2497 Cor.
763 2445 819 2499 5.
867 2445 945 2514 5);
975 2445 1206 2498 arrhabo
1246 2457 1423 2501 autem
1456 2462 1582 2517 pars
1627 2456 1709 2502 est
1729 2448 1892 2502 totius
1913 2490 1925 2513 ,
1949 2449 2094 2524 etde

503 2542 620 2588 toto
643 2533 798 2588 ﬁdem
833 2535 974 2588 facit.
1008 2536 1138 2590 Nam
1169 2537 1306 2591 sicut
1333 2539 1385 2591 in
1411 2539 1688 2605 conviviis,
1712 2539 1799 2608 qui
1829 2540 2095 2609 acceperit

503 2625 883 2690 arrhabonem,
916 2627 1074 2682 ﬁdem
1102 2628 1284 2694 habet,
1313 2637 1367 2683 et
1395 2644 1615 2684 securus
1660 2639 1744 2684 est
1772 2630 1840 2686 de
1871 2641 1982 2687 toto
2007 2648 2096 2688 re.

506 2715 651 2782 liquo
680 2735 691 2769 :
721 2719 788 2770 ita
818 2725 873 2771 et
898 2727 952 2771 tu
991 2734 1112 2772 cum
1139 2721 1412 2790 acceperis
1438 2721 1792 2777 arrhabonem
1814 2767 1830 2788 ,
1861 2722 2090 2792 Spiritus

505 2807 639 2860 dona
683 2809 932 2877 inquam,
971 2825 1074 2864 non
1119 2811 1228 2880 jam
1269 2811 1513 2868 dubitare
1563 2813 1726 2869 debes
1772 2813 1840 2869 de
1882 2815 2092 2870 cmteris

505 2899 660 2953 bonis
699 2901 790 2954 tibi
824 2901 1094 2970 repositis.
1126 2902 1228 2970 Qui
1255 2904 1398 2957 enim
1425 2903 1666 2958 excitasti
1704 2916 1973 2972 mortuos,
2002 2906 2091 2976 qui

504 3006 662 3044 curas
685 3007 895 3059 caecos,
943 2993 1216 3049 dmmones
1251 2995 1502 3064 expellis,
1538 2995 1782 3066 leprosos
1832 2998 2088 3066 mundas,

505 3085 720 3138 morbos
777 3085 1061 3150 emendas,
1122 3097 1351 3142 mortem
1396 3089 1594 3156 solvis,
1628 3099 1681 3144 et
1733 3098 1809 3144 tot
1840 3099 2093 3161 tantaque

504 3183 657 3243 potes
683 3177 855 3232 facere
887 3177 939 3232 in
965 3178 1139 3250 fragili
1161 3189 1214 3234 et
1241 3181 1452 3236 mortali
1481 3196 1704 3251 corpore
1725 3223 1740 3248 ,
1765 3199 1922 3254 quam
1949 3199 2094 3238 asse-

504 3268 686 3335 queris
709 3270 949 3333 veniam,
977 3270 1042 3325 de
1085 3273 1482 3326 resurrectione
1522 3273 1771 3328 dubitans
1805 3273 1829 3326 ἲ
1869 3274 1924 3328 Si
1948 3275 2091 3328 enim

503 3374 623 3413 cum
649 3361 884 3415 nondum
915 3365 1322 3419 resurrectionis
1350 3374 1558 3434 tempus
1584 3367 1819 3432 advenit,
1850 3367 1943 3422 sed
1969 3383 2092 3422 cum

502 3449 678 3506 adhuc
699 3462 960 3521 certatur,
995 3463 1170 3510 tantas
1197 3456 1382 3511 tribuit
1413 3457 1507 3512 tibi
1535 3471 1762 3512 coronas
1793 3457 1933 3514 Deus
1964 3476 1978 3513 :
2003 3475 2093 3514 co-

503 3542 608 3608 gita
635 3554 830 3612 quanta
865 3535 1202 3615 praemiorum
1234 3555 1474 3618 tempore
1496 3548 1633 3603 bona
1653 3549 1744 3603 tibi
1764 3549 1984 3605 daturus
2000 3551 2086 3605 sit.

505 3633 574 3686 At
602 3634 645 3687 si
676 3637 797 3704 quis
818 3636 993 3701 dicat,
1041 3637 1146 3691 Sed
1193 3652 1297 3691 non
1327 3639 1569 3693 videmus
1598 3640 1711 3694 haec
1748 3641 1898 3710 signa
1953 3658 2092 3697 nunc

505 3723 652 3790 ﬁeri,
702 3743 873 3797 neque
920 3729 1070 3784 nobis
1101 3739 1244 3785 tanta
1273 3731 1437 3785 virtus
1464 3733 1768 3786 concredita
1799 3741 1879 3788 est
1920 3752 1932 3788 :
1963 3734 2092 3790 illud

3680 403 3785 458 452

2198 522 2587 592 responderim,
2621 521 2750 576 nihil
2780 523 3015 589 diﬁ‘errc,
3042 523 3156 579 sive
3184 537 3344 584 nunc.
3371 524 3487 576 sive
3513 522 3637 576 oltm
3671 531 3789 579 luce

2200 613 2336 668 facta
2394 614 2521 668 sint.
2579 614 2708 670 Nam
2759 631 2877 684 qua:
2905 615 3050 684 prius
3075 615 3141 669 ab
3178 614 3434 684 apostolis
3461 624 3586 669 sunt
3615 617 3748 669 laeta
3772 655 3784 679 ,

2203 713 2464 759 testantur
2487 721 2581 776 per
2607 721 2822 760 onmem
2851 706 3033 761 orbem
3079 705 3354 772 Ecclesia},
3379 714 3434 760 et
3478 706 3687 774 populi,
3735 715 3788 761 et

2201 795 2446 850 civitates
2465 837 2478 860 ,
2525 804 2579 850 et
2622 805 2805 865 gentes
2827 812 2944 866 qua:
2970 795 3036 850 ad
3069 796 3261 851 idiotas
3289 811 3351 850 ac
3380 796 3678 866 piscatores
3705 813 3793 850 re-

2200 895 2506 940 currerunt.
2536 885 2720 956 Neque
2749 887 2892 941 enim
2919 886 3016 941 toti
3045 885 3161 941 orbi
3202 887 3610 957 przevaluissent
3639 887 3789 943 illite-

2200 977 2322 1040 rati,
2351 988 2406 1031 et
2435 977 2640 1046 in0pes,
2663 985 2719 1032 et
2743 993 3002 1048 pauperes
3027 1019 3042 1044 ,
3072 987 3126 1032 et
3149 977 3279 1032 viles
3300 978 3340 1044 ¹,
3387 977 3490 1032 nisi
3519 978 3789 1033 miraculis

2201 1066 2391 1136 adjuti.
2408 1067 2606 1122 Verum
2627 1083 2725 1124 nec
2749 1079 2801 1122 tu
2822 1069 3006 1138 gratia:
3026 1067 3258 1138 Spiritus
3288 1068 3458 1123 factus
3483 1083 3544 1123 es
3562 1083 3783 1138 expers;

2203 1157 2299 1213 sed
2342 1160 2632 1214 etiamnum
2684 1160 2850 1214 multa
2880 1169 3099 1215 manent
3135 1159 3438 1214 donationis
3474 1160 3613 1214 illius
3639 1175 3826 1230 sym-.

2203 1252 2348 1320 bola,
2372 1262 2530 1323 atque
2561 1254 2643 1318 iis,
2667 1269 2786 1324 quae
2814 1262 3127 1308 enumerata
3157 1261 3316 1320 sunt,
3348 1251 3520 1306 multo
3544 1251 3747 1321 majora
3768 1293 3784 1320 ,

2201 1353 2256 1398 et
2301 1344 2470 1414 magis
2509 1342 2840 1398 admiranda.
2890 1343 3004 1398 Non
3029 1344 3170 1398 enim
3218 1342 3424 1412 aequale
3450 1351 3567 1409 est,
3595 1356 3788 1412 corpus

2203 1443 2469 1489 mortuum
2510 1435 2771 1490 suscitare
2795 1443 2851 1489 et
2888 1435 3122 1488 animam
3147 1448 3176 1487 a
3203 1433 3439 1504 peccatis
3463 1433 3692 1488 occisam
3720 1432 3788 1486 ab

2203 1527 2425 1581 interitu
2475 1526 2744 1590 liberare,
2795 1525 2938 1597 quod
2991 1541 3090 1595 per
3138 1525 3462 1594 baptismum
3527 1523 3634 1578 ﬁt:
3679 1538 3787 1578 non

2201 1617 2407 1688 mquale
2436 1626 2537 1681 est,
2564 1617 2764 1689 pellere
2795 1617 3040 1673 morbum
3069 1616 3248 1670 carnis
3268 1656 3283 1682 ,
3313 1623 3368 1670 et
3399 1614 3634 1684 abjieerc
3654 1628 3790 1684 pon-

2201 1708 2300 1762 dus
2330 1717 2670 1778 peccatorum
2705 1723 2720 1763 :
2763 1723 2869 1762 non
2897 1715 2982 1762 est
3008 1707 3246 1778 mquale,
3292 1706 3506 1762 oculum
3529 1717 3786 1761 ccecatum

2202 1803 2486 1856 restituere
2509 1842 2524 1868 ,
2557 1810 2610 1856 et
2638 1802 2872 1856 animam
2899 1801 3305 1857 obtenebratam
3346 1801 3634 1855 illustrare.
3674 1799 3787 1854 Nisi

2201 1894 2345 1947 enim
2385 1907 2528 1947 nunc
2565 1893 2726 1946 etiam
2765 1902 2907 1947 esset
2933 1891 3165 1946 arrhabo
3195 1891 3445 1961 Spiritus,
3482 1905 3656 1962 neque
3693 1891 3790 1946 ba.

2201 1985 2394 2054 ptisma
2423 1983 2719 2039 adhibitum
2744 1993 2928 2051 esset,
2953 1999 3126 2054 neque
3152 1992 3494 2054 peccatorum
3519 1983 3784 2048 remissio,

2201 2090 2373 2146 neque
2397 2075 2602 2145 justitia
2629 2083 2686 2130 et
2713 2075 3063 2130 sanctificatio
3101 2075 3240 2130 facta
3289 2083 3433 2130 esset
3503 2090 3676 2144 neque
3705 2074 3789 2129 ad~

2201 2166 2474 2236 Optionem
2498 2167 2725 2221 ﬁliorum
2756 2167 2846 2222 Dei
2873 2167 3286 2236 accepissemus,
3310 2180 3484 2236 neque
3513 2165 3786 2235 percepis-

2198 2273 2380 2313 scmus
2409 2259 2702 2328 mysteria:
2732 2274 2925 2328 corpus
2975 2259 3117 2313 enim
3165 2267 3220 2314 et
3253 2259 3474 2328 sanguis
3525 2259 3787 2330 mysticus

2200 2366 2308 2405 non
2349 2350 2482 2405 ﬁunt
2515 2351 2714 2420 absque
2744 2350 2975 2421 Spiritus
3018 2351 3186 2420 gratia
3221 2368 3234 2406 :
3265 2365 3438 2420 neque
3477 2347 3788 2405 sacerdotes

2201 2440 2608 2507 habuissemus;
2643 2457 2815 2512 neque
2846 2442 2988 2496 enim
3018 2442 3113 2497 has
3151 2442 3514 2498 ordinationes
3554 2442 3669 2496 sine
3699 2441 3789 2496 tali

2198 2532 2458 2588 descensu
2489 2532 2602 2587 ﬁeri
2626 2540 2709 2587 est
2739 2533 3012 2602 possibile.
3039 2533 3145 2589 Sed
3176 2534 3339 2588 multa
3363 2533 3464 2588 alia
3506 2547 3788 2603 possemus

2199 2626 2376 2682 dicere
2397 2627 2580 2696 gratiae
2608 2625 2838 2696 Spiritus
2865 2626 3129 2698 symbola.
3154 2626 3338 2696 Itaque
3373 2626 3533 2681 etiam
3576 2635 3631 2680 tu
3661 2625 3787 2695 Spio

2196 2719 2330 2773 ritus
2355 2717 2708 2772 arrhabonem
2730 2717 2920 2785 habes,
2941 2727 2995 2773 et
3021 2728 3250 2774 mortem
3277 2719 3467 2772 anima:
3492 2717 3666 2788 pellis,
3682 2732 3788 2770 caeo

2196 2810 2517 2878 citatemque
2538 2809 2938 2878 cogitationum,
2955 2812 3184 2864 etvitam
3214 2809 3412 2864 exuisti
3436 2807 3783 2864 immundam.

2196 2898 2274 2954 Ne
2305 2899 2464 2970 igitur
2492 2899 2795 2956 dubitemus
2821 2899 2890 2954 de
2917 2899 3140 2967 futuris,
3172 2901 3470 2970 praesertim
3512 2915 3634 2954 cum
3664 2899 3785 2953 talia

2197 2991 2562 3060 acceperimus
2610 2992 2864 3061 pignora;
2899 2991 2992 3045 sed
3037 2991 3390 3062 undequaque
3429 2991 3497 3046 de
3543 3007 3785 3046 resurre-

2197 3081 2382 3135 ctione
2433 3096 2734 3136 sermonem
2793 3082 3021 3136 solidum
3053 3082 3396 3151 colligentes,
3428 3084 3592 3137 vitam
3626 3083 3786 3138 tantis

2196 3173 2463 3243 dogmatis
2499 3175 2708 3242 dignam
2738 3175 3107 3239 exltibeamus,
3135 3182 3194 3228 ut
3231 3183 3285 3229 et
3323 3189 3674 3244 assequamur
3699 3174 3786 3229 hic

2197 3265 2332 3320 bona
2362 3265 2670 3327 immobilia,
2691 3282 2807 3336 quae
2828 3282 3128 3321 sermonem
3146 3283 3209 3322 ac
3229 3276 3462 3322 mentem
3495 3267 3782 3323 humanam

2197 3357 2600 3412 transcendunt.
2629 3358 2760 3424 Qua:
2785 3373 2882 3413 nos
2899 3373 3088 3413 omnes
3105 3359 3319 3428 assequi
3347 3360 3643 3430 contingat,
3664 3375 3782 3430 gra-

2196 3449 2269 3504 tia
2317 3457 2371 3504 et
2409 3449 2735 3520 benignitate
2778 3451 2988 3505 Domini
3040 3451 3209 3506 nostri
3248 3450 3374 3506 Jesu
3421 3449 3660 3516 Christi,
3691 3466 3782 3519 per

2196 3554 2386 3609 quem,
2443 3549 2500 3593 et
2543 3555 2663 3593 cum
2704 3555 2812 3610 quo
2864 3541 3006 3595 Patri
3035 3542 3200 3610 gloria
3245 3542 3507 3611 simulque
3559 3539 3781 3612 Spiritui

2196 3640 2386 3687 sancto
2412 3671 2426 3692 ,
2462 3631 2513 3684 in
2541 3631 2735 3685 smcula
2765 3632 3101 3686 saeculorum.
3131 3633 3321 3687 Amen.

2262 3745 2279 3776 ί
2314 3743 2469 3806 Colb.,
2490 3744 2765 3808 piscatores,
2791 3759 2894 3808 pro,
2921 3746 3053 3796 viles.

1977 4355 2333 4420 MONITUM

596 4543 802 4602 Eodem
846 4546 965 4617 ipso
994 4560 1138 4601 anno
1166 4545 1280 4601 lucc
1318 4545 1511 4600 concio
1544 4543 1729 4600 habita
1761 4553 1865 4611 est,
1901 4561 2011 4616 quo
2039 4545 2278 4601 secunda
2329 4546 2418 4600 illa
2447 4545 2513 4601 de
2541 4543 2679 4602 .luda
2707 4545 3018 4617 proditore;
3054 4544 3310 4602 videlicet
3337 4548 3388 4600 in
3443 4545 3531 4602 die
3580 4548 3785 4601 Resur-

523 4657 778 4712 rcCIionxs
831 4657 1044 4714 Domini
1101 4658 1585 4731 Quadragesimam
1621 4660 1766 4714 illam
1805 4671 2196 4731 consequente,
2241 4663 2292 4716 in
2318 4678 2424 4731 qua
2465 4663 2686 4733 triginta
2722 4663 2858 4718 duas
2902 4663 3114 4732 priores
3140 4664 3192 4717 in
3225 4662 3479 4719 Geuesim
3533 4663 3785 4717 homilias

525 4770 809 4826 habuerat.
846 4771 1045 4827 Eodem
1075 4783 1255 4828 autem
1281 4775 1398 4844 ipso
1424 4790 1569 4829 anno
1601 4786 1720 4845 post
1761 4775 1972 4831 Pascha
2009 4775 2433 4846 Chrysostomus
2461 4777 2716 4832 hontilias
2747 4777 2867 4832 illas
2899 4792 3092 4834 novem
3124 4776 3333 4841 habuit,
3366 4793 3598 4847 quarum
3633 4777 3785 4848 prio-

531 4897 621 4935 res
644 4884 887 4954 quinqne
917 4886 970 4941 in
1030 4887 1356 4959 principium
1390 4889 1652 4945 Actorum
1688 4890 1888 4946 habitae
1917 4903 2082 4951 sunt:
2127 4893 2454 4962 posteriores
2484 4909 2612 4948 vero
2636 4873 2872 4964 quatuor
2929 4893 3001 4948 De
3037 4894 3334 4949 mutatione
3368 4894 3675 4948 nominum.
3729 4891 3784 4947 Μ

530 5010 711 5054 autem
752 4995 934 5072 apeite
969 5005 1374 5060 demonstratur
1407 5006 1458 5060 in
1489 5005 1708 5061 Monitis
1739 5008 1806 5062 ad
1835 5008 2052 5064 easdem
2107 5009 2423 5071 conciones,
2471 5009 2563 5063 ubi
2589 5009 2704 5079 ipse
2722 5009 3152 5078 Chrysostomus
3201 5009 3511 5065 luculentus
3543 5010 3694 5065 testis
3729 5007 3785 5062 in

521 5119 756 5172 medium
789 5119 1033 5176 aﬁ‘ertur.
1070 5123 1147 5176 Eo
1177 5124 1432 5179 lectorem
1450 5125 1757 5204 .mittimus,
1789 5141 1998 5180 necnon
2027 5129 2089 5181 ad
2115 5127 2376 5182 Monitum
2407 5127 2659 5197 superius
2689 5127 2756 5180 ad
2794 5123 3054 5181 Homilias
3083 5125 3151 5181 de
3183 5121 3322 5180 Juda
3359 5125 3636 5198 proditore
3662 5145 3673 5178 :
3699 5136 3787 5180 res

517 5234 650 5298 item
683 5237 929 5308 pluribus
961 5251 1150 5310 agetur
1189 5243 1254 5298 ad
1285 5241 1546 5300 Homilies
1569 5243 1622 5298 in
1648 5244 1923 5302 Geneslm.

593 5369 743 5425 llane
773 5388 936 5441 porro
971 5375 1288 5428 concionem
1323 5377 1404 5432 sic
1431 5387 1700 5434 memorat
1740 5380 2166 5451 Chrysostomus
2201 5380 2422 5434 homilia
2469 5395 2484 5433 ι
2519 5381 2570 5434 in
2611 5383 2934 5454 principium
2960 5384 3243 5448 Actorum,
3287 5397 3409 5453 quae
3437 5381 3602 5450 paulo
3655 5390 3776 5450 post

526 5478 961 5540 Rcsnrrectimtis
988 5486 1132 5542 diem
1157 5485 1343 5542 habita
1377 5500 1474 5551 est,
1510 5508 1662 5550 num.
1698 5495 1732 5548 2
1765 5512 1777 5548 :
1821 5493 1943 5549 Non
1997 5507 2116 5549 sunt
2145 5497 2311 5566 igitur
2335 5496 2533 5549 maium
2560 5495 2782 5563 diritiw,
2819 5497 2911 5552 sed
2953 5495 3260 5569 illegitimus
3307 5514 3491 5570 earum
3519 5513 3648 5550 usus
3695 5505 3767 5549 est

518 5607 740 5662 malunt,
771 5610 816 5652 et
842 5602 977 5676 sicut
1012 5621 1175 5674 nuper
1205 5605 1269 5680 de
1295 5605 1543 5678 ebrietate
1572 5609 1725 5663 verba
1757 5609 1980 5678 faciens,
2015 5627 2116 5664 non
2173 5611 2352 5664 riuum
2396 5611 2734 5676 accusabam,
2795 5611 2984 5682 quippe
3014 5629 3132 5667 cum
3174 5612 3345 5675 omnis
3376 5622 3624 5676 creatura
3679 5609 3778 5664 Dei

518 5713 653 5766 bona
687 5715 777 5776 sit,
813 5733 926 5784 (μίαν
958 5735 1075 5788 cum
1099 5723 1394 5792 gratiarum
1426 5725 1630 5788 actione
1651 5725 1978 5796 percipitur;
2010 5729 2101 5782 sed
2130 5727 2328 5790 malum
2361 5745 2536 5796 usum,
2566 5737 2670 5786 etc.
2708 5729 2840 5796 Qua
2870 5728 3030 5788 verba
3063 5745 3190 5786 cum
3218 5730 3322 5786 hac
3347 5727 3614 5786 concione
3639 5727 3778 5783 mire
