4130 6466
349 340 446 398 451

347 459 492 526 ἅπερ
521 454 715 510 ἔπαθε.
763 453 898 508 Νυνὶ
931 455 987 508 δὲ
1026 456 1160 526 ἡμῖν
1193 455 1622 526 ἐνδεικνύμενος,
1672 457 1754 509 ὅτι
1793 456 1925 526 πρὸς

348 536 542 610 ἑτέραν
609 537 756 610 ζωὴν
801 537 1080 609 ὀδεύομεν,
1134 538 1230 593 καί
1258 555 1344 602 τις
1390 539 1526 592 αἰὼν
1575 539 1761 606 ἕτερος
1799 539 1932 591 ὑπο-

345 619 628 676 λέλειπται
673 622 782 676 τῶν
799 621 1045 686 δικαίων,
1078 620 1218 692 έχων
1245 622 1344 686 τὰς
1377 621 1613 692 ἀμοιϐάς
1661 623 1754 676 καὶ
1803 621 1932 686 τοὺς

347 704 648 774 στεφάνους
677 703 1100 774 ἀποκειμένους,
1151 703 1243 758 τὸν
1276 705 1492 776 πρῶτον
1541 705 1831 776 γενόμενον
1857 704 1934 757 δί-

347 805 504 843 καιον
534 789 608 859 μὴ
637 785 872 842 λαϐόντα
887 787 1120 840 ἐνταῦθα
1147 787 1272 851 τοὺς
1293 789 1538 857 μισθοὺς,
1557 781 1632 841 ὧν
1653 788 1930 854 ἐπόνεσεν,

348 870 566 940 ἀφῆκεν
612 869 867 923 ἀπελθεῖν
917 869 1146 939 βοῶντα,
1197 871 1266 924 δι’
1309 865 1384 925 ὧν
1437 871 1628 938 ἔπαθε,
1663 873 1796 926 πᾶσι
1841 873 1935 924 καὶ

347 953 598 1022 λέγοντα,
613 953 694 1006 ὅτι
711 952 851 1022 μετά
865 952 965 1024 τὴν
981 953 1230 1007 ἐντεῦθεν
1246 953 1393 1026 ζωὴν
1409 954 1558 1008 ἔστιν
1581 953 1936 1018 ἁνταπόδοσίς

349 1052 437 1100 τις
471 1037 566 1089 καὶ
603 1035 792 1106 μισθὸς
817 1035 912 1090 καὶ
941 1035 1166 1108 ἀμοιϐή.
1196 1037 1294 1090 Διά
1325 1039 1486 1092 τοῦτο
1515 1038 1609 1092 καὶ
1637 1039 1730 1092 τὸν
1762 1037 1934 1109 Ἑνὼχ

355 1119 644 1191 μετέθηκε,
681 1121 776 1174 καὶ
804 1119 896 1173 τὸν
940 1119 1126 1174 Ἠλίαν
1152 1121 1470 1193 ἀνήρπασεν
1490 1161 1504 1187 ,
1561 1121 1936 1193 αἰνιττόμενος

350 1205 486 1273 ἡμῖν
506 1202 565 1256 τὸ
590 1203 718 1274 περί
733 1203 834 1273 τῆς
857 1203 1207 1270 ἀναστάσεως
1235 1206 1415 1278 δόγμα
1443 1219 1493 1262 ι.
1521 1205 1708 1278 Ἀρκεῖ
1725 1206 1826 1277 μὲν
1841 1201 1934 1260 οῦν

353 1287 435 1349 εἰς
467 1285 838 1358 πληροφορίαν
894 1289 929 1358 ἡ
981 1287 1078 1341 τοῦ
1129 1287 1410 1352 ποιοῦντος
1455 1288 1722 1361 δύναμις·
1775 1290 1824 1342 εἰ
1879 1289 1937 1343 δὲ

351 1368 742 1441 ἀσθενέστερός
761 1369 844 1433 τίς
877 1371 1013 1434 ἐστι,
1046 1371 1143 1426 καὶ
1165 1370 1412 1442 βούλεται
1433 1371 1711 1438 ἀπόδειξιν
1738 1373 1936 1444 ἑτέραν

352 1451 541 1506 λαϐεῖν
566 1455 662 1507 καὶ⁹
689 1452 944 1524 ἐνέχυρον
975 1455 1072 1526 τῆς
1105 1455 1406 1527 μελλούσης
1439 1457 1810 1522 ἀναστάσεως,
1842 1457 1939 1512 καὶ

354 1537 516 1590 τοῦτο
547 1537 688 1608 μετά
712 1537 911 1608 πολλῆς
937 1539 1034 1608 τῆς
1063 1538 1342 1608 δαψιλείας
1365 1539 1568 1594 ἔδωκεν
1587 1543 1616 1594 6
1655 1541 1810 1608 Θεὸς,
1837 1541 1938 1612 τὴν

353 1618 451 1673 τοῦ
481 1619 619 1674 Πνεύ
628 1638 795 1691 ματος
821 1621 982 1693 χάριν
1011 1623 1150 1692 μετά
1170 1623 1372 1694 πολλῆς
1397 1624 1627 1694 ἐπαφεὶς
1654 1625 1754 1696 τῆς
1777 1624 1940 1694 ἀφθο-

355 1703 496 1766 νίας.
514 1704 612 1758 Διά
637 1703 797 1758 τοῦτο
822 1705 915 1758 καὶ
944 1707 973 1758 6
999 1705 1210 1770 Παῦλος
1249 1708 1480 1777 ποιήσας
1501 1708 1812 1774 ἀξιόπιστον
1843 1709 1937 1762 τὸν

354 1788 486 1858 περὶ
536 1788 635 1858 τῆς
677 1789 1023 1853 ἀναστάσεως
1068 1789 1224 1860 λόγον
1268 1791 1376 1845 ἀπὸ
1423 1792 1522 1862 τῆς
1558 1791 1652 1846 τοῦ
1698 1791 1936 1864 Χριστοῦ

353 1871 727 1936 ἀναστάσεως,
757 1873 868 1926 ἀπὸ
897 1872 990 1926 τοῦ
1013 1873 1146 1927 Θεὸν
1183 1869 1323 1928 εἶναι
1357 1875 1447 1928 τὸν
1475 1875 1538 1947 δη
1549 1877 1935 1947 μιουργοῦντα,

354 1956 552 2022 ἐπάγει
587 1956 679 2010 καὶ
712 1955 868 2009 τοῦτο
910 1955 972 2009 τὸ
998 1957 1186 2029 ῥητὸν,
1234 1957 1409 2026 λέγων
1435 2001 1450 2024 ,
1509 1961 1590 2013 ὅτι
1633 1960 1728 2014 καὶ
1761 1962 1938 2033 ἀρρα-

353 2037 506 2091 ϐῶνα
553 2039 685 2110 ἡμῖν
730 2037 952 2104 ἔδωκεν,
1001 2041 1060 2094 ού
1107 2042 1406 2113 χρημάτων
1451 2043 1572 2096 οὐδὲ
1604 2044 1806 2114 χρυσοῦ
1844 2047 1940 2101 καὶ

356 2123 621 2195 ἀργύρου,
661 2123 776 2176 ἀλλ’
803 2123 1100 2195 ἀρραϐῶνα
1127 2125 1446 2196 Πνεύματος
1465 2143 1478 2157 ο
1518 2129 1546 2179 ὁ
1572 2127 1631 2180 δὲ
1675 2129 1940 2201 ἀρραϐὼν

360 2207 526 2278 μέρος
561 2208 677 2260 ἐστὶ
697 2207 792 2260 τοῦ
814 2207 1014 2272 παντὸς
1033 2250 1048 2273 ,
1072 2208 1166 2262 καὶ
1193 2209 1333 2281 ὑπὲρ
1367 2209 1460 2264 τοῦ
1489 2211 1689 2274 παντὸς
1727 2213 1937 2277 πιστός.

357 2290 629 2362 Καθάπερ
657 2292 766 2365 γὰρ
797 2291 891 2344 ἐπὶ
935 2291 1044 2346 τῶν
1091 2291 1439 2363 συμϐολαίων
1465 2294 1494 2346 ό
1521 2294 1613 2348 τὸν
1643 2295 1941 2368 ἀρραϐῶνα

352 2373 649 2445 δεξάμενος
675 2375 815 2447 ὑπὲρ
851 2373 946 2428 τοῦ
979 2375 1181 2438 παντὸς
1214 2373 1408 2448 θαρρεῖ
1431 2375 1614 2431 λοιπὸν
1654 2381 1748 2432 καὶ
1773 2381 1940 2434 πεπί-

359 2474 608 2522 στευκεν,
635 2456 776 2511 οὕτω
805 2458 900 2511 καὶ
934 2457 998 2510 σὺ
1030 2456 1212 2512 λαϐὼν
1226 2458 1544 2530 ἀρραϐῶνα,
1573 2461 1666 2515 τοῦ
1696 2463 1944 2534 Πνεύμα-

353 2559 449 2606 τος
491 2541 561 2594 τά
588 2540 899 2612 χαρίσματα
929 2541 1091 2610 λέγω,
1121 2543 1316 2614 μηκέτι
1352 2544 1628 2614 άμφίϐαλε
1657 2547 1785 2618 περὶ
1831 2547 1942 2600 τῶν

353 2623 737 2696 ἀποκειμένων
783 2624 1026 2694 ἀγαθῶν.
1073 2626 1134 2679 '0
1175 2625 1283 2698 γὰρ
1329 2629 1558 2699 νεκροὺς
1615 2629 1872 2696 ἀνιστὰς,
1911 2633 1942 2684 6

357 2706 592 2775 τυφλοὺς
618 2707 955 2778 θεραπεύων,
979 2707 1278 2780 όδαίμονας
1295 2710 1633 2776 ἀπελαύνων,
1656 2715 1688 2767 6
1708 2711 1944 2784 λεπροὺς

359 2789 515 2864 {436]
551 2791 850 2862 καθαίρων,
875 2793 904 2845 6
930 2793 1210 2864 νοσήματα
1229 2793 1630 2865 διορθούμενος,
1652 2798 1681 2849 6
1710 2796 1944 2852 θάνατον

359 2873 524 2936 λύων,
548 2875 578 2927 6
590 2872 830 2928 τοσαῦτα
851 2877 943 2928 καὶ¹
958 2875 1261 2948 τηλικαῦτα
1278 2877 1576 2949 δυνάμενος
1599 2879 1657 2932 ὲν
1691 2880 1854 2952 ὲπική
1865 2899 1943 2952 ρῳ

360 2957 455 3010 καὶ
508 2956 688 3028 θνητῷ
737 2957 971 3029 σώματι,
1004 2960 1164 3023 ποίας
1197 2959 1360 3032 τεύξῃ
1409 2961 1742 3034 συγγνώμης
1773 2965 1946 3035 ἀμφι-

359 3040 571 3095 ϐάλλων
609 3041 866 3114 περὶτῆς
911 3045 1297 3111 ἀναστάσεως;
1331 3046 1394 3098 Εἰ
1443 3045 1553 3118 γὰρ
1595 3047 1822 3118 μηδέπω
1845 3048 1941 3101 τοῦ

359 3125 554 3196 καιροῦ
587 3125 686 3195 τῆς
709 3125 1030 3190 ἀντιδόσεως
1059 3128 1528 3199 παραγενομένου,
1563 3130 1678 3184 ἀλλ’
1709 3130 1790 3183 ἔτι
1835 3131 1942 3184 τῶν

359 3207 758 3278 παλαισμάτων
813 3208 1098 3274 ἑστώτων,
1159 3210 1434 3276 τοσούτοις
1491 3214 1638 3284 ἡμᾶς
1674 3213 1944 3283 ἠμείψατο

362 3291 650 3360 στεφάνοις
681 3292 709 3344 6
746 3291 900 3360 Θεὸς,
937 3293 1192 3364 ἐννόησον
1213 3295 1313 3348 ὅσα
1355 3311 1436 3347 σοι
1468 3296 1612 3348 κατά
1633 3296 1726 3350 τὸν
1751 3297 1944 3368 καιρὸν

359 3376 455 3430 τὸν
497 3377 604 3430 τῶν
634 3375 903 3446 βραϐεἰων
931 3376 1092 3430 δώσει
1123 3376 1194 3431 τά
1225 3378 1424 3448 ἀγαθά.
1472 3379 1536 3432 Εἰ
1560 3379 1618 3433 δὲ
1649 3379 1796 3446 λέγοι
1830 3399 1938 3444 τιςο

374 3461 516 3514 ’Δλλ⁹
554 3461 652 3531 οὐχ
706 3460 923 3532 ὁρῶμεν
951 3456 1126 3516 ταῦτα
1154 3461 1250 3515 νῦν
1277 3463 1540 3534 γινόμενα
1589 3464 1657 3516 τὰ
1713 3468 1942 3535 σημεῖα,

360 3546 486 3600 οὐδὲ
533 3548 697 3617 ἡμεῐς
743 3544 1014 3614 τοσαύτην
1067 3545 1264 3616 ἔχομεν
1317 3545 1584 3618 δύναμιν·
1649 3549 1826 3602 ἐκεῖνο
1879 3549 1946 3602 ἃν

359 3631 596 3698 εἴποιμι,
623 3629 706 3683 ὅτι
731 3628 886 3682 οὐδὲν
931 3627 1202 3699 διαφέρει,
1249 3629 1358 3683 εἴτε
1387 3630 1503 3694 νῦν,
1541 3631 1649 3684 εἴτε
1683 3631 1946 3703 πρότερον

419 3736 446 3766 ι
475 3724 609 3776 Colb.
629 3725 746 3786 ἡμῖν
769 3726 855 3782 τὴν
876 3724 981 3791 περὶ
1004 3729 1088 3782 τῆς
1104 3724 1416 3783 ἀναστάσεως
1436 3727 1688 3791 ὑπόληψιν.

1033 341 1126 398 DE
1165 339 1750 400 BESURRECTIONE
1774 339 1837 394 D.
1879 339 1944 396 Ν.
1978 337 2139 396 JESU
2169 335 2465 416 CHRISTI.
2491 369 2559 380 —
2585 337 2921 398 MONITUM.

3523 341 3624 396 632

2033 455 2206 510 ταῦτα
2239 455 2556 528 γεγένηται.
2587 455 2712 508 Ὅτι
2742 455 2852 524 γὰρ
2893 450 3202 524 ἔμπροσθεν
3227 450 3443 520 ἐγένετο
3475 458 3624 522 παρὰ

2031 539 2140 603 τῶν
2169 539 2504 603 ἀποστόλων,
2537 539 2908 610 μαρτυροῦσιν
2931 537 2988 589 αἰ
3013 536 3292 606 πανταχοῦ
3321 537 3420 607 τῆς
3442 539 3623 592 οἰκου-

2037 621 2204 692 μένης
2241 621 2583 692 Ἐκκλησίαι,
2637 623 2732 675 καὶ
2761 621 2944 691 δῆμοι,
2983 619 3075 672 καὶ
3104 618 3306 684 πόλεις,
3353 621 3448 674 καὶ
3496 621 3622 691 ἔθνη

2035 705 2454 778 προσδραμόντα
2483 707 2595 768 τοῖς
2626 704 2860 768 ἰδιώταις
2886 702 2981 757 καὶ
3026 703 3286 756 ἁλιεῦσιν.
3321 705 3396 757 Οὐ
3425 703 3533 776 γὰρ
3557 705 3626 758 ἃν

2034 788 2135 857 τῆς
2156 789 2484 859 οἰκουμένης
2502 787 2816 858 ἐκράτησαν
2832 787 2882 839 οἱ
2912 786 3271 858 ἀγράμματοι
3295 787 3390 840 καὶ
3418 789 3624 858 πτωχοὶ

2035 872 2130 923 καὶ
2171 871 2402 942 πένητες
2435 871 2530 924 καὶ
2561 871 2802 934 εὐτελεῖς
2827 872 2875 928 ὶ).
2914 873 2964 922 εἰ
3008 871 3082 942 μὴ
3112 869 3209 942 τὴν
3239 871 3348 922 τῶν
3381 869 3624 941 σημείων

2035 950 2179 1026 εἰχον
2203 954 2474 1026 βοήθειαν.
2498 953 2646 1025 Πλὴν
2675 955 2790 1008 ἀλλ’
2816 953 2940 1006 οὔτε
2973 955 3037 1006 σὺ
3061 955 3161 1023 τῆς
3183 953 3277 1006 τοῦ
3305 953 3626 1024 Πνεύματος

2035 1037 2241 1110 ἕρημος
2271 1037 2504 1108 γέγονας
2565 1037 2806 1108 χάριτος,
2847 1036 2986 1090 ἀλλὰ
3020 1036 3191 1090 πολλά
3244 1035 3325 1089 έτι
3371 1038 3466 1091 καὶ
3527 1037 3625 1090 νῦν

2039 1121 2191 1192 μένει
2219 1121 2320 1192 τῆς
2348 1121 2560 1193 δωρεᾶς
2590 1120 2835 1186 ἐκείνης,
2869 1119 3139 1191 σύμϐολα,
3193 1120 3373 1174 αύτῶν
3419 1120 3626 1174 τούτων

2035 1203 2144 1258 τῶν
2175 1202 2646 1275 ἀπηριθμημένων
2703 1201 2880 1273 πολλῷ
2933 1202 3152 1273 μείζονα
3192 1204 3286 1257 καὶ
3315 1203 3618 1275 θαυμαστά·

2034 1303 2170 1358 τερα
2191 1304 2204 1317 ·
2227 1287 2288 1340 οὐ
2304 1285 2412 1356 γάρ
2437 1288 2584 1339 ἐστιν
2619 1285 2732 1339 ἴσον
2761 1285 2922 1356 σῶμα
2947 1286 3276 1358 τελευτῆσαν
3302 1287 3623 1358 ἀναστῆσαι,

2037 1371 2134 1422 καὶ
2191 1367 2368 1440 ψυχὴν
2422 1368 2792 1440 νεκρωθεῖσαν
2858 1369 2962 1422 ὑπὸ
3024 1369 3131 1421 τῶν
3206 1371 3624 1442 ἁμαρτημάτων

2037 1451 2344 1518 ἀπαλλάξαι
2373 1453 2472 1524 τῆς
2499 1452 2786 1516 ἀπωλείας,
2821 1452 3056 1520 ἐκείνης,
3095 1452 3124 1505 ὃ
3151 1452 3236 1506 διὰ
3291 1451 3381 1506 τοῦ
3421 1453 3620 1524 βαπτί-

2040 1553 2248 1606 σματος
2296 1535 2506 1605 γίνεται
2541 1554 2552 1566 ο
2591 1537 2692 1589 οὐκ
2722 1536 2870 1588 ἔστιν
2908 1535 3020 1588 ἴσον
3044 1538 3323 1606 νοσήματα
3354 1537 3624 1590 ἀπελάσαι

2040 1619 2272 1689 σαρκὸς,
2331 1620 2426 1674 καὶ
2475 1618 2761 1690 ἁμαρτιῶν
2811 1619 3031 1690 φορτίον
3090 1619 3392 1674 ἀποθέσθαι
3421 1630 3443 1656 ο
3478 1637 3490 1650 ·
3525 1621 3626 1672 οὐκ

2041 1701 2189 1755 ἔστιν
2217 1703 2330 1756 ἴσον
2353 1703 2510 1772 ὄμμα
2541 1703 2944 1773 πεπηρωμένον
2966 1701 3283 1774 διορθῶσαι,
3321 1705 3414 1756 καὶ
3449 1703 3626 1773 ψυχὴν

2041 1785 2437 1857 ὲσκοτισμένην
2496 1787 2636 1856 φωτὶ
2693 1785 3075 1856 καταλάμψαι.
3137 1788 3202 1840 Εἰ
3259 1789 3368 1859 γὰρ
3428 1788 3504 1858 μὴ
3561 1785 3626 1856 ἦν

2040 1870 2298 1942 ἀρραϐὼν
2331 1871 2424 1924 τοῦ
2441 1869 2592 1938 ,ῐινεύ
2603 1887 2773 1940 ματος
2798 1870 2892 1923 καὶ
2921 1869 3037 1928 νῦν,
3067 1870 3169 1923 ούκ
3197 1870 3262 1925 ἂν
3303 1871 3534 1942 συνέστη
3568 1873 3628 1922 τὸ

2045 1954 2352 2025 βάπτισμα,
2393 1955 2493 2007 οὐκ
2529 1953 2594 2007 ἀν
2647 1954 3059 2024 ἁμαρτημάτων
3111 1956 3304 2024 ἄφεσις
3365 1956 3621 2024 ἐγένετο.

2041 2037 2142 2090 οὐκ
2195 2037 2262 2090 ἂν
2309 2036 2624 2108 δικαιοσύνη
2659 2039 2752 2090 καὶ
2781 2039 3075 2109 ἁγιασμὸς,
3107 2039 3210 2092 οὐκ
3249 2039 3315 2094 ἂν
3355 2040 3631 2092 υἱοθεσίαν

2042 2118 2332 2189 ἐλάϐομεν,
2387 2119 2484 2172 ούγ
2539 2119 2604 2172 ἂν
2644 2119 2964 2192 μυστηρίων
3007 2121 3438 2193 άπελαύσαμεν’
3471 2122 3633 2192 σῶμα

2042 2203 2152 2274 γὰρ
2181 2203 2275 2256 καὶ
2311 2196 2450 2273 αἷμα
2484 2203 2750 2272 μυστικὸν
2781 2204 2881 2256 οὐκ
2903 2203 2967 2258 ἀν
2995 2221 3125 2258 ποτε
3165 2205 3376 2271 γένοιτο
3405 2205 3506 2276 τῆς
3535 2207 3630 2258 τοῦ

2043 2285 2360 2357 Πνεύματος
2394 2285 2616 2358 χάριτος
2642 2287 2838 2357 χωρίς·
2865 2289 2965 2342 ούκ
2984 2287 3049 2342 ἂν
3077 2289 3256 2360 ἱερέας
3280 2291 3594 2360 ἐσχήκαμεν
3616 2305 3630 2319 ο

2044 2370 2164 2426 οὐδὲ
2195 2370 2304 2442 γὰρ
2325 2370 2526 2434 ταύτας
2557 2368 2786 2424 δυνατὸν
2821 2370 2920 2434 τὰς
2951 2373 3290 2444 χειροτονίας
3327 2374 3458 2427 ἄνευ
3491 2375 3634 2426 ἐκεί-

2043 2472 2143 2526 νης
2169 2454 2270 2525 τῆς
2295 2455 2693 2524 ὲπιφοιτήσεως
2723 2454 2990 2522 γίνεσθαι.
3027 2457 3138 2510 Καὶ
3186 2457 3322 2512 ἄλλα
3361 2457 3418 2510 δὲ
3450 2457 3628 2510 πολλά

2046 2539 2159 2610 ἔχοι
2221 2557 2304 2603 τις
2354 2539 2420 2591 ἂν
2486 2539 2661 2591 εἰπεῖν
2715 2540 2812 2610 τῆς
2870 2538 2966 2592 τοῦ
3021 2540 3341 2612 Πνεύματος
3409 2541 3632 2612 χάριτο;

2048 2622 2314 2693 σύμϐολα.
2347 2622 2513 2674 Ὥστε
2544 2622 2638 2676 καὶ
2668 2623 2732 2676 σὺ
2756 2622 2846 2676 τὸν
2878 2624 3174 2696 ἀρραϐῶνα
3194 2625 3288 2677 τοῦ
3319 2625 3634 2695 Πνεύματος

2047 2707 2210 2778 ἔχεις,
2267 2707 2361 2759 καὶ
2410 2706 2680 2779 νέκρωσιν
2733 2707 2944 2761 ἀπέλου
2997 2708 3198 2780 ψυχῆς,
3253 2710 3346 2762 καὶ
3383 2710 3634 2780 πήρωσιν

2050 2788 2350 2864 λογισμῶν,
2391 2790 2485 2844 καὶ
2533 2789 2623 2843 τὸν
2672 2789 2986 2862 ἀκάθαρτον
3037 2792 3294 2847 ἀπεδύσω
3346 2794 3479 2864 βίον.
3541 2795 3634 2863 Μὴ

2046 2863 2224 2928 τοίνυν
2276 2873 2635 2944 ἀσχάλλωμεν
2684 2874 2812 2944 περὶ
2867 2874 2976 2929 τῶν
3031 2875 3356 2947 μελλόντων,
3407 2875 3637 2930 τοιαῦτα

2052 2959 2308 3020 λαϐόντες
2342 2957 2605 3028 ἐνέχυρα·
2649 2955 2784 3011 ἀλλά
2829 2959 3170 3029 πανταχόθεν
3219 2961 3310 3014 τὸν
3362 2965 3492 3034 περὶ
3535 2965 3637 3034 τῆς

2043 3042 2395 3105 ἀναστάσεως
2421 3039 2776 3104 συλλέξαντες
2825 3040 3010 3109 λόγον,
3047 3043 3144 3098 καὶ
3184 3043 3298 3114 βίον
3348 3046 3496 3112 ἄξιον
3525 3048 3638 3102 τῶν

2041 3125 2329 3195 δογμάτων
2359 3122 2760 3196 ἐπιδειξώμεθα
2775 3123 3002 3186 τούτων,
3020 3126 3108 3180 ἵνα
3134 3128 3347 3182 καὶτῶν
3362 3131 3638 3202 ἀκινήτων

2042 3209 2261 3278 ἀγαθῶν
2284 3209 2655 3280 ἐπιτύχωμεν,
2671 3207 2783 3261 τῶν
2808 3209 2986 3262 πάντα
3013 3209 3171 3279 λόγον
3199 3212 3638 3284 ὑπερϐαινόντων

2041 3293 2136 3346 καὶ
2161 3292 2288 3346 νοῦν
2312 3291 2654 3362 ἀνθρώπινον
2673 3308 2685 3320 ·
2719 3287 2794 3347 ὧν
2818 3292 3029 3361 γένοιτο
3061 3294 3266 3358 πάντας
3283 3298 3432 3366 ἡμᾶς
3456 3297 3639 3350 ἐπιτυ-

2042 3379 2178 3446 χεῖν,
2234 3376 2416 3447 χάριτι
2471 3375 2566 3428 καὶ
2615 3373 3003 3450 φιλανθρωπίᾳ
3070 3376 3164 3429 τοῦ
3222 3378 3428 3448 Κυρίου
3477 3381 3636 3450 ἡμῶν

2055 3458 2228 3528 Ἰησοῦ
2253 3457 2514 3529 Χριστοῦ,
2545 3457 2613 3510 δι’
2641 3449 2702 3510 οὗ
2735 3457 2833 3510 καὶ
2865 3458 2986 3528 μεθ’
3014 3450 3075 3510 οῦ
3105 3461 3139 3530 ὴ
3165 3459 3291 3524 δόξα
3317 3463 3396 3531 τῷ
3433 3449 3634 3536 Πατρὶ,

2044 3540 2160 3611 ἄμα
2186 3540 2266 3612 τῷ
2282 3541 2420 3612 άγίῳ
2451 3539 2754 3610 Πνεύματι,
2779 3543 2860 3604 εἰς
2885 3541 3012 3605 τοὺς
3039 3541 3240 3608 αἰῶνας
3271 3543 3378 3596 τῶν
3401 3545 3633 3600 αἰῶναν.

2057 3625 2114 3676 Ἀ
2125 3626 2256 3695 μήν.

2109 3731 2138 3770 δ
2159 3729 2294 3781 Colb.
2315 3730 2510 3789 πένητες
2527 3730 2610 3779 καὶ
2629 3730 2791 3786 ἁλιεῖς.
2867 3733 2888 3760 θ
2910 3731 3040 3783 Colb.
3067 3731 3255 3797 φορτίον
3275 3735 3636 3785 καταποντίσαι.

891 4297 972 4356 ΙΝ
1005 4295 1379 4356 HOMILIAM
1403 4293 1704 4355 CONTRA
1741 4292 2138 4366 EBRIOSOS,
2182 4295 2278 4355 ET
2325 4293 2423 4353 DE
2468 4293 3133 4356 RESURRECTIONE.

374 4487 704 4543 consonant,
737 4477 976 4532 maxime
1005 4490 1134 4530 vero
1164 4491 1286 4530 cum
1317 4477 1562 4546 ejusdem
1594 4474 1716 4531 loco
1741 4493 1755 4528 :
1783 4475 2152 4530 Abstineanms
2188 4473 2252 4527 ab
2274 4474 2524 4530 ebrietate
2549 4493 2565 4528 :
2593 4491 2695 4528 non
2729 4475 2846 4528 dico
2871 4474 2988 4538 hoc,
3019 4474 3393 4529 Abstineamus
3423 4495 3456 4528 u
3491 4477 3638 4539 vino;

373 4594 492 4657 sed,
518 4593 596 4647 Ab
624 4591 875 4646 ebrietate
901 4589 1278 4643 abstineamus.
1317 4587 1370 4640 Ν
1379 4605 1439 4642 on
1463 4591 1636 4644 viuum
1663 4589 1814 4658 eﬂicit
1845 4587 2148 4642 ebrietatem
2187 4602 2206 4640 :
2238 4597 2316 4642 est
2344 4589 2482 4642 enim
2513 4587 2610 4641 Dei
2633 4598 2895 4642 creatura.
2931 4586 3029 4642 Dei
3053 4603 3212 4656 porro
3235 4599 3480 4644 creatura
3510 4591 3643 4646 nihil

374 4709 533 4778 eﬂieit
565 4706 718 4770 mali,
746 4706 837 4760 sed
865 4705 1104 4760 voluntas
1135 4704 1368 4775 maligna
1389 4705 1539 4774 cﬁicit
1563 4705 1891 4769 ebrietatem,
1919 4713 2026 4758 etc.
2059 4701 2259 4758 Eodem
2299 4702 2465 4772 igitur
2491 4703 2610 4771 ipso
2635 4716 2779 4756 anno
2806 4701 3233 4772 Chrysostomus
3261 4705 3511 4761 homilias
3543 4709 3641 4762 tri-

378 4823 528 4892 ginta
558 4821 698 4875 duas
741 4835 837 4890 per
869 4819 1352 4890 Quadragesimam
1386 4819 1598 4883 habuit,
1631 4819 1756 4874 item
1787 4818 2084 4874 secundam
2113 4822 2178 4873 de
2205 4816 2340 4873 Juda
2377 4817 2656 4886 proditore
2682 4817 2736 4870 in
2769 4817 2857 4872 die
2890 4817 3078 4874 Coeum
3117 4817 3370 4887 Domini;
3400 4821 3542 4876 hanc
3570 4822 3639 4877 de

389 4934 812 4990 Resurrectione
835 4941 884 4988 et
914 4941 1104 4988 contra
1129 4931 1376 4986 ebriosos
1407 4931 1462 4984 in
1489 4929 1576 4986 die
1603 4929 1903 4995 Paschalis,
1928 4924 2170 5001 tiuinque
2215 4927 2471 4984 homilias
2494 4928 2548 4982 in
2573 4927 2900 5000 principium
2939 4933 3194 4986 Actorum
3247 4942 3380 5003 post
3403 4931 3634 4997 Pascha,

385 5057 438 5100 et
473 5051 864 5124 consequenter
891 5052 1122 5114 quatuor
1153 5041 1228 5098 De
1254 5043 1554 5099 mutatione
1584 5043 1888 5098 nominum.
1926 5041 2171 5098 Subinde
2187 5054 2372 5097 autem
2400 5041 2740 5100 intermissas
2769 5044 2821 5098 in
2847 5044 3099 5101 Genesim
3140 5046 3393 5102 homilias
3425 5061 3640 5102 resum-

369 5163 477 5232 psit
524 5177 554 5216 a
602 5159 876 5230 trigesima
911 5160 1086 5216 tertia.
1124 5158 1224 5214 liie
1252 5159 1431 5215 cernis
1461 5174 1714 5230 magnam
1751 5158 1944 5214 seriem
1987 5158 2336 5214 homiliarum
2367 5173 2477 5214 uno
2505 5158 2806 5230 eodemque
2830 5175 2976 5216 anno
3013 5179 3028 5217 :
3069 5163 3196 5232 quis
3241 5170 3422 5218 autem
3455 5163 3542 5218 ille
3568 5171 3640 5218 su.

365 5295 546 5336 annus
573 5277 816 5334 nondum
840 5277 921 5332 vel
944 5275 1106 5332 certis
1122 5276 1205 5330 vel
1235 5275 1422 5330 saltem
1440 5275 1816 5344 probabilibus
1839 5274 2052 5329 indiciis
2080 5273 2350 5344 expiscari
2383 5275 2679 5343 potuimus.
2699 5271 2754 5326 lu
2789 5275 2892 5329 hac
2922 5276 3184 5331 concione
3211 5278 3418 5332 hiatum
3453 5277 3641 5348 ingen-

370 5403 479 5448 tem
519 5407 584 5448 ex
617 5407 727 5448 uno
754 5389 922 5460 Regio
951 5391 1137 5446 codice
1165 5389 1454 5445 sarcituus.

441 5532 822 5604 lnterprctatio
846 5529 1036 5583 Latina
1066 5537 1149 5582 est
1189 5525 1478 5581 Frontonis
1505 5524 1706 5582 Ducai.

3282 5733 3324 5791 Ξ).

696 5742 968 5801 ΡΑτιιοι.
1018 5739 1135 5798 Gn.
1184 5737 1252 5796 L.
