4130 6438
554 317 652 371 £33

1260 315 1316 371 S.
1358 315 1639 371 JOANNIS
1671 311 2163 371 CHRYSOSTOMI
2203 314 2521 374 ARCHIEP.
2572 311 3121 371 CONSTAN'I'INUP.

3685 312 3794 370 ιιι

1610 694 1911 778 ΚΑΤΑ
1982 679 2687 784 ΜΕΘΥΟΝΤΩΝ
2708 758 2732 792 ν

830 940 937 995 Καὶ
970 943 1059 1006 είς
1088 938 1201 1006 τὴν
1236 936 1622 1001 ἀνάστασιν,
1668 934 1852 1004 λόγος
1880 934 2121 1003 λεχθείς
2150 935 2227 1005 τῇ
2254 935 2390 1004 ἁγίᾳ
2427 904 2531 989 καί
2547 934 2788 1005 μεγάλῃ
2824 934 3094 1005 Κιιριακῇ
3117 935 3223 991 τοῦ
3257 935 3492 1004 Πάσχα.

619 1324 687 1369 α’.
722 1315 1056 1385 ’Δπεθέμεθα
1086 1315 1185 1385 τῆς
1216 1315 1471 1385 νηστείας
1497 1316 1559 1368 τὸ
1595 1315 1847 1386 φορτίον,
1877 1313 2013 1368 ἀλλά
2048 1313 2122 1385 μὴ

548 1407 880 1477 ἀποθώμεθα
894 1407 991 1477 τῆς
1006 1406 1260 1477 νηστείας
1277 1406 1368 1459 τὸν
1384 1406 1617 1476 καρπόν⁸
1636 1406 1753 1458 ἔστι
1774 1405 1882 1475 γὰρ
1904 1405 2124 1477 φορτίον

548 1500 847 1555 ἀποθέσθαι
867 1499 1141 1571 νηστείας,
1155 1500 1249 1551 καὶ
1268 1499 1480 1570 καρπὸν
1497 1499 1791 1570 δρέπεσθαι
1805 1512 1831 1539 ι
1852 1497 2123 1569 νηστείας.

2228 1313 2327 1384 μὲν
2352 1314 2495 1366 ποιεῖ
2519 1310 2819 1383 ἀγρυπνία,
2849 1312 2992 1364 ποιεῖ
3014 1310 3073 1364 δέ
3092 1310 3284 1376 κόπος,
3322 1312 3468 1364 ποιεῖ
3493 1311 3549 1364 δὲ
3577 1310 3806 1382 ἀθυμία,

2225 1407 2368 1457 ποιεῖ
2410 1403 2468 1456 δὲ
2497 1403 2669 1473 χυμὸς
2712 1402 3147 1472 διεφθαρμένος,
3195 1402 3292 1459 καὶ
3339 1402 3593 1474 διάφορος
3636 1404 3737 1473 μὲν
3770 1406 3804 1473 ὴ

2225 1494 2500 1559 ὑπόθεσις,
2522 1494 2581 1547 ἓν
2604 1495 2659 1548 δὲ
2678 1493 2739 1547 τὸ
2768 1493 2941 1555 πάθος
2971 1494 3067 1547 καὶ
3099 1493 3161 1546 τὸ
3176 1493 3411 1563 νόσημα·
3428 1494 3570 1547 οὕτω
3587 1495 3683 1548 καὶ
3715 1496 3811 1547 ἐπὶ

552 1591 834 1663 Παρῆλθεν
862 1592 893 1643 ὁ
924 1590 1084 1653 πόνος
1109 1590 1218 1643 τῶν
1247 1590 1498 1658 ἀγώνων,
1540 1590 1678 1643 ἀλλὰ
1710 1590 1785 1662 μὴ
1814 1590 2062 1663 παρέλθῃ
2091 1591 2126 1662 ἡ
2223 1584 2429 1639 τούτων
2449 1602 2463 1615 ·
2496 1587 2640 1638 ποιεί
2684 1585 2784 1655 μὲν
2822 1579 2964 1647 οἶνος
2998 1583 3195 1655 μέθην,
3222 1586 3371 1636 ποιεῖ
3414 1584 3473 1638 δὲ
3521 1585 3808 1657 ἐπιθυμία,

552 1681 758 1751 σπουδὴ
804 1682 913 1734 τῶν
964 1680 1435 1751 κατορθωμάτων*
1487 1681 1734 1750 ἀπῆλθεν
1783 1683 1817 1752 ἡ
1876 1683 2125 1752 νηστεία,

551 1771 688 1824 ἀλλὰ
724 1771 932 1841 μενέτω
958 1772 991 1841 ἡ
1034 1771 1292 1824 εὐλάϐεια
1312 1788 1326 1802 ·
1373 1771 1573 1841 μᾶλλον
1599 1771 1656 1825 δέ
1688 1770 1808 1826 οὐδὲ
1838 1774 1873 1845 ἡ
1903 1773 2130 1844 νηστεία

552 1859 814 1930 ἀπῆλθεν.
856 1859 1015 1913 Ἀλλά
1047 1860 1122 1930 μὴ
1147 1860 1422 1931 φοϐηθῆτε
1442 1878 1456 1893 ·
1486 1860 1647 1915 τοῦτο
1685 1860 1795 1933 γάρ
1823 1859 1977 1916 εἶπον
1990 1864 2130 1934 ᾼούχὶ

554 1952 748 2022 ἑτέραν
769 1951 897 2021 ὑμῖν
922 1952 1213 2022 κηρύσσων
1238 1930 1714 2022 Τεσσαρακοστὴν,
1743 1930 1879 2005 ἀλλά
1908 1930 2015 2024 τὴῖ
2029 1930 2129 2006 ἀύλ-

552 2044 651 2115 τὴν
679 2044 807 2112 ὑμῖν
842 2042 1043 2113 ἀρετὴν
1073 2042 1480 2112 καταγγέλλων.
1530 2042 1811 2113 Παρῆλθεν
1850 2045 1883 2113 ἡ
1910 2045 2129 2115 νηστεία

553 2135 588 2203 ἠ
618 2133 925 2203 σωματικὴ,
965 2132 1082 2185 ἀλλ’
1108 2132 1169 2185 ού
1197 2132 1476 2204 παρῆλθεν
1505 2134 1539 2204 ἠ
1572 2134 1795 2203 νηστεία
1825 2136 1857 2206 ἡ
1884 2151 2131 2206 πνευμα-

552 2224 713 2292 τικήο
758 2222 896 2293 αὕτη
955 2222 1179 2292 βελτίων
1230 2224 1466 2293 ἐκείνης,
1519 2225 1746 2296 κάκείνη
1797 2225 1887 2279 διὰ
1926 2225 2132 2295 ταύτην

553 2314 1057 2388 ἐγένετοᾎΏσπερ,
1107 2315 1198 2370 ὅτε
1253 2318 1610 2389 ἐνηστεύετε,
1669 2319 1856 2388 ελεγον
1886 2321 2014 2390 ύμῖν
2050 2322 2133 2374 ὃτι

552 2405 668 2459 ἐστι
704 2405 1032 2477 νηστεύοντα
1068 2407 1142 2479 μὴ
1167 2408 1450 2479 νηστεύειν
1473 2410 1524 2475 1³,
1558 2410 1700 2464 οὕτω
1727 2412 1824 2464 καὶ
1864 2409 1958 2464 νῦν
1990 2410 2134 2480 λέγω

553 2497 634 2551 ὅτι
666 2496 780 2551 ἔστι
810 2497 884 2570 μὴ
913 2498 1243 2570 νηστεύοντα
1268 2499 1570 2571 νηστεύειν.
1586 2502 1739 2573 Τάχα
1756 2501 1983 2571 αἴνιγμα
1998 2497 2133 2554 εῖναι

551 2588 701 2642 δοκεῖ
725 2588 786 2641 τὸ
808 2588 1120 2659 λεγόμενον,
1148 2588 1263 2642 ἀλλ’
1294 2589 1409 2659 ἐγὼ
1438 2589 1539 2661 τὴν
1565 2590 1721 2644 λύσιν
1762 2590 1955 2657 ἐπάγω
1980 2588 2129 2662 [458]

555 2679 633 2749 τῷ
664 2678 939 2750 ζητήματι
967 2697 981 2712 ο
1030 2680 1154 2743 Πῶς
1180 2679 1295 2734 ἐστι
1326 2682 1656 2752 νηστεύοντα
1697 2680 1772 2752 μὴ
1804 2681 2085 2753 νηστεύειν
2116 2696 2132 2745 ;

557 2769 725 2823 Ὅταν
778 2785 863 2832 τις
919 2768 1224 2841 βρωμάτων
1252 2770 1351 2842 μὲν
1393 2770 1689 2842 ἀπέχηται,
1721 2773 2133 2845 ἁμαρτημάτων

554 2859 615 2911 ὀὶ
640 2858 716 2930 μὴ
745 2860 1040 2930 ἀπέχηται.
1064 2860 1189 2925 Πῶς
1218 2862 1334 2916 ἐστι
1364 2863 1440 2934 μὴ
1465 2864 1797 2934 νηστεύοντα
1816 2863 2131 2936 νηστεύειν;

559 2951 726 3004 Ὅταν
773 2969 860 3014 τις
898 2951 1108 3023 τροφῆς
1151 2954 1251 3024 μὲν
1296 2953 1568 3028 ἀπολαύῃ,
1619 2955 1893 3027 ἁμαρτίας
1941 2955 1998 3008 δέ
2059 2955 2133 3026 μὴ

557 3039 809 3113 γεύηται.
841 3042 995 3114 Δῦτη
1041 3042 1265 3113 βελτίων
1309 3046 1526 3117 ἐκείνης
1565 3047 1599 3117 ἡ
1637 3048 1878 3116 νηστεία,
1916 3047 1978 3099 ού
2011 3046 2126 3117 βελ-

556 3132 688 3186 τίων
725 3132 784 3187 δὲ
835 3134 1017 3205 μόνον,
1058 3135 1198 3191 ἀλλά
1248 3137 1344 3192 καὶ
1392 3138 1731 3211 κουφοτέραο
1786 3140 1873 3194 ἐπ’
1920 3140 2134 3211 ἐκείνης

558 3222 660 3293 τῆς
697 3225 948 3295 νηστείας
978 3226 1261 3281 ἀσθένειαν
1291 3228 1685 3298 προεϐάλλοντο
1726 3230 1911 3285 πολλοὶ
1944 3248 2133 3301 σωμα-

558 3312 734 3384 τικὴν,
753 3314 994 3385 κνησμὸν
1016 3316 1271 3385 χαλεπόν.
1289 3316 1495 3389 Ψώρας
1513 3319 1929 3392 ἐμπέπλησμαι,
1948 3321 2132 3391 φησὶν,

560 3405 814 3460 ἀλουσίαν
853 3407 951 3478 οὐχ
989 3407 1266 3479 ὑπομένω,
1301 3411 1335 3480 ἡ
1374 3410 1673 3481 ὑδροποσία
1714 3429 1783 3482 με
1810 3411 2131 3486 διαφθείρει,

559 3496 804 3567 λαχάνων
836 3496 1204 3567 ἀπογεύεσθαι
1256 3501 1317 3553 ού
1374 3499 1630 3572 δύναμαι.
1682 3502 1863 3556 Πολλά
1911 3504 2136 3557 τοιαῦτα

559 3587 756 3657 ἢκουον
788 3587 911 3641 τότε
968 3588 1237 3656 λεγόντων
1311 3589 1524 3643 πολλῶν
1557 3607 1570 3620 ·
1628 3592 1720 3643 ἐπὶ
1755 3592 1858 3662 τῆς
1884 3593 2138 3661 νηστείας

560 3676 764 3749 ταύτης
790 3689 818 3717 θ
853 3678 1005 3732 οὐδὲν
1037 3678 1280 3733 τοιοῦτον
1315 3679 1462 3733 ἔστιν
1498 3682 1691 3736 εἰπεῖν.
1730 3681 1993 3736 Ἀπόλαυε
2015 3683 2138 3736 λου·

560 3768 727 3840 τρῶν,
764 3769 959 3840 μέτεχε
983 3770 1284 3842 τραπέζης,
1331 3772 1610 3844 οίνοποσίᾳ¹
1658 3773 1896 3844 κέχρησο
1930 3774 2141 3846 συμμέ-

560 3878 697 3932 τρῳ,
734 3860 842 3915 κᾶν
866 3862 1043 3933 κρεῶν
1076 3862 1443 3930 ἀπογεύεσθαι
1481 3863 1700 3937 μέλλῃς,
1740 3867 1768 3917 ό
1791 3865 2015 3919 κωλύων
2046 3868 2139 3920 ού-

563 3949 710 4010 δείςο
739 3949 956 4003 πάντων
978 3951 1307 4018 ἀπόλαυσον,
1340 3953 1502 4024 μόνον
1544 3956 1820 4027 ἁμαρτίας
1848 3958 2136 4029 ἀπόστηθί.

565 4033 719 4104 Εἶδες
751 4039 870 4103 πῶς
903 4042 1069 4095 πᾶσιν
1096 4042 1235 4114 αὕτη
1287 4044 1443 4116 ῥᾳδία
1486 4046 1520 4116 ὴ
1560 4048 1822 4117 νηστείας
1865 4049 1981 4102 υύκ
2025 4049 2141 4103 ἐστι

566 4126 817 4198 σώματος
844 4128 1127 4185 ἀσθένειαν
1169 4131 1570 4202 προϐάλλεσθαι
1591 4149 1605 4164 ο
1637 4134 1737 4205 τῆς
1759 4134 1938 4205 ψυχῆς
1973 4135 2143 4189 καθα-

569 4217 660 4289 ρόν
689 4221 806 4272 ἐστι
838 4218 899 4271 τὸ
923 4219 1272 4291 κατόρθωμα.
1306 4222 1463 4275 Ἔστι
1489 4224 1583 4275 καὶ
1620 4223 1693 4293 μὴ
1723 4225 1948 4278 πίνοντα
1973 4224 2135 4291 οἶνον,

569 4302 808 4372 μεθύειν,
834 4304 928 4357 καλ⁸
959 4304 1183 4358 πίνοντα
1235 4301 1376 4359 οἶνον
1409 4310 1706 4378 σωφρονεῖν
1730 4323 1745 4337 '
1769 4309 1864 4362 καὶ
1885 4310 1964 4362 ὅτι
1991 4308 2137 4363 ἐστιν

565 4392 693 4447 ἄνευ
743 4395 885 4448 οίνου
921 4394 1080 4466 μέθη,
1128 4396 1358 4450 ἄκουσον
1410 4396 1504 4452 τοῦ
1536 4399 1813 4471 προφήτου
1853 4400 2135 4469 λέγοντοςο

568 4485 715 4541 Οὐαί
739 4488 795 4541 οἱ
812 4486 1137 4557 μεθύοντες
1168 4487 1315 4542 ἄνευ
1342 4488 1511 4542 οἴνου
1531 4506 1544 4519 ·
1576 4489 1671 4543 καὶ
1696 4491 1812 4555 πῶς
1845 4491 1989 4546 ἔστιν
2010 4492 2137 4547 ἀνευ

565 4580 706 4632 οἴνου
738 4577 988 4649 μεθύεινς
1011 4576 1177 4632 Ὀταν
1202 4578 1263 4632 τὸ
1288 4579 1527 4650 ἄκρατον
1542 4579 1651 4634 τῶν
1674 4580 1865 4635 παθῶν
1894 4581 1967 4653 μὴ
1988 4583 2143 4652 κερά-

568 4685 668 4739 an;
700 4668 915 4722 εὐσεϐεῖ
961 4668 1227 4740 λογισμῷ.
1273 4671 1428 4724 Ἔστι
1475 4670 1573 4724 καὶ
1624 4671 1849 4726 πίνοντα
1882 4668 2025 4727 οἶνον
2068 4673 2143 4746 μὴ

571 4758 788 4830 μεθύειν
808 4777 822 4791 ·
857 4762 952 4814 καὶ
977 4762 1026 4813 εί
1051 4762 1126 4833 μὴ
1159 4760 1318 4815 τοῦτο
1345 4758 1433 4833 ἦν,
1469 4762 1569 4816 ούκ
1604 4763 1670 4817 ἂν
1694 4762 1852 4817 τοῦτο
1883 4765 2144 4831 ἐπέταξεν

567 4852 598 4903 ὁ
646 4850 856 4915 Παῦλος
882 4851 958 4922 τῷ
989 4851 1241 4923 Τιμοθέῳ
1269 4853 1499 4924 γράφων
1542 4853 1715 4918 οὕτως
1733 4872 1745 4884 ·
1782 4856 1936 4923 Οἴνῳ
1962 4858 2146 4926 ὀλίγῳ

568 4939 692 5014 χρῶ
716 4941 815 4995 διὰ
840 4941 947 4997 τὸν
976 4943 1287 5012 στόμαχόν
1327 4958 1444 4998 σου
1492 4944 1586 4998 καὶ
1614 4945 1722 5010 τὰς
1764 4946 2000 5013 πυκνάς
2028 4962 2145 5001 σου

569 5032 906 5099 ἀσθενείας.
945 5033 1099 5103 Μέθη
1139 5032 1249 5105 γὰρ
1289 5033 1445 5088 οὐδὲν
1473 5033 1661 5106 ἕτερόν
1681 5037 1827 5091 ἐστιν
1851 5036 2020 5109 ἀλλ’ἢ
2057 5038 2149 5093 έκ-

572 5139 761 5187 στασις
774 5122 884 5177 τῶν
902 5124 1044 5178 κατὰ
1059 5123 1220 5194 φύσιν
1240 5124 1474 5195 φρενῶν,
1504 5128 1832 5198 παρατροπὴ
1849 5127 2144 5200 λογισμῶν,

570 5215 778 5287 ἐρημία
820 5214 1079 5279 διανοίας,
1137 5217 1298 5269 πενία
1344 5217 1631 5280 συνέσεως.
1690 5218 1876 5272 Ταῦτα
1904 5219 1960 5274 δὲ
1987 5222 2086 5291 οὐχ
2112 5223 2146 5293 ἡ

576 5308 713 5381 μέθη
756 5310 903 5362 ποιεῖ
934 5308 1070 5379 μόνη
1103 5309 1137 5379 ἡ
1179 5308 1236 5374 ἐξ
1287 5311 1455 5372 οἴνου,
1511 5310 1649 5364 ἀλλά
1699 5314 1797 5365 καὶ
1833 5312 1974 5385 μέθη
2022 5317 2055 5385 ἡ
2089 5316 2149 5381 ἐξ

573 5401 743 5473 ὀργῆς
773 5402 873 5456 καὶ
896 5400 1196 5472 ἐπιθυμίας
1221 5401 1445 5457 ἀτόπου.
1486 5402 1753 5475 Καθάπερ
1774 5403 1884 5478 γὰρ
1916 5406 2148 5477 πυρετὸν

637 5548 664 5621 ξ
688 5547 812 5621 ﬁeg.
836 5549 881 5621 2-
891 5551 1166 5621 δρέψασθαι.

635 5607 664 5647 δ
691 5607 810 5675 ιιςηξ,
838 5618 889 5658 et
912 5607 1056 5675 I'__‘.oisl.
1083 5612 1183 5675 ἐστι
1221 5611 1285 5673 μὴ
1325 5608 1611 5667 νηστεύοντα
1649 5614 1907 5675 νηστεύειν,
1931 5618 2012 5666 καὶ
2046 5618 2147 5669 ἐστι

580 5669 871 5733 νηστεύοντοι
886 5671 949 5733 μὴ
969 5672 1224 5733 νηστεύειν.

645 5735 666 5760 ε
702 5731 823 5793 Reg.
849 5730 955 5780 ἵει
974 5731 1172 5782 Coislin.
1198 5730 1371 5789 ταύτης
1388 5736 1472 5789 τῆς
1491 5739 1822 5795 πνευματικῆς.

2226 1677 2372 1728 ποιεῖ
2397 1675 2456 1729 δὲ
2487 1674 2666 1745 χυμὸς
2694 1673 3110 1744 διεφθαρμένος,
3146 1674 3243 1727 καὶ
3297 1672 3554 1745 διάφορος
3615 1675 3715 1744 μὲν
3775 1677 3809 1745 ἡ

2228 1765 2501 1828 ὑπόθεσις,
2533 1765 2591 1818 ἐν
2614 1764 2670 1817 δὲ
2694 1766 2752 1817 τὸ
2771 1762 2943 1829 πάθος
2968 1765 3064 1817 καὶ
3083 1763 3146 1817 τδ
3167 1764 3403 1836 νόσημα.
3449 1765 3811 1837 Ἀπεχὼμεθα

2231 1857 2402 1930 μέθης
2424 1874 2439 1889 ο
2473 1857 2537 1910 ού
2565 1857 2708 1925 λέγω
2740 1855 3075 1927 ἀπεχώμεθα
3106 1855 3275 1921 οίνου,
3308 1855 3423 1910 ἀλλ’
3476 1857 3814 1929 ἀπεχώμεθα

2233 1948 2438 2020 μέθης·
2493 1949 2594 2001 ούκ
2638 1944 2782 2010 οἶνος
2833 1948 2983 2000 ποιεῖ
3033 1946 3242 2018 μέθην·
3293 1948 3499 2019 κτίσμα
3548 1950 3657 2020 γάρ
3694 1951 3813 2004 ἐστι

2228 2040 2387 2104 Θεοῦ,
2445 2038 2583 2093 Θεοῦ
2628 2038 2685 2091 δὲ
2734 2038 2943 2107 κτίσμα
2993 2037 3149 2091 οὐδὲν
3187 2040 3333 2092 ποιεῖ
3368 2039 3627 2109 πονηρὸν,
3676 2040 3814 2095 ἀλλά

2231 2130 2550 2202 προαίρεσις
2598 2127 2814 2199 πονηρά
2864 2130 3014 2181 ποιεῖ
3048 2125 3239 2197 μέθην.
3291 2128 3403 2181 Kal
3433 2129 3516 2181 ὅτι
3567 2127 3815 2182 ἐστικαὶ

2232 2223 2406 2287 ἄλλως
2438 2222 2659 2294 μεθύειν
2705 2221 2827 2291 οὐχὶ
2854 2219 2984 2291 οίνῳ
3017 2220 3185 2290 μόνῳ,
3218 2220 3451 2273 ἄκουσον
3495 2220 3548 2274 τί
3593 2239 3757 2293 φησιν
3785 2223 3815 2275 ό

2233 2313 2475 2379 Ῑῐαῦλοςο
2500 2313 2598 2381 Μὴ
2624 2313 3006 2381 μεθύσκεσθε
3030 2310 3194 2374 οἴνῳ·
3222 2294 3439 2375 δεικνῦς
3458 2311 3541 2364 ὃτι
3575 2310 3691 2364 ἔστι
3720 2313 3817 2365 καὶ

2233 2404 2409 2468 ἄλλως
2458 2401 2857 2475 μεθύσκεσθαιο
2900 2399 3000 2467 Μὴ
3023 2401 3405 2468 μεθύσκεσθε
3438 2400 3604 2465 οίνφ,
3645 2400 3718 2455 ἐν
3764 2392 3818 2466 ᾧ

2232 2494 2406 2547 ἐστιν
2428 2492 2679 2547 ἀσωτία.
2722 2488 3054 2559 Θαυμασίως
3088 2490 3146 2542 ἐν
3177 2488 3371 2560 βραχεῖ
3395 2489 3602 2559 ῥήματι
3631 2490 3817 2543 πᾶσαν

2234 2587 2336 2657 τῆς
2363 2584 2533 2655 μέθης
2555 2583 2652 2654 τὴν
2673 2580 3012 2652 κατηγορίαν
3041 2575 3186 2635 εἷπε.
3222 2580 3288 2633 Τί
3321 2581 3460 2642 ἐστι,
3501 2580 3600 2647 Μὴ
3632 2580 3818 2648 μεθύ-

2236 2677 2462 2729 σκεσθε
2499 2672 2663 2740 οἴνῳ,
2698 2672 2768 2725 ἐν
2793 2663 2842 2736 ᾧ
2885 2670 3059 2723 ἐστιν
3094 2668 3361 2730 ἀσωτίας
3403 2666 3675 2731 Ἀσὼτους
3705 2666 3818 2719 τῶν

2236 2765 2373 2819 νέων
2401 2763 2638 2827 ἐκείνους
2663 2760 2959 2833 καλοῦμεν,
2976 2760 3104 2824 τοὺς
3130 2758 3385 2831 πατρῷον
3401 2758 3818 2828 διαδεξαμένους

2237 2855 2440 2928 κλῆρον
2465 2896 2480 2922 ,
2527 2854 2624 2907 καὶ
2674 2853 2852 2907 πάντα
2901 2849 3099 2922 ἀθρόον
3156 2848 3543 2922 ἐκφοροῦντας,
3606 2848 3702 2901 καὶ
3740 2848 3819 2918 μὴ

2236 2945 2637 3017 λογιζομένους,
2679 2942 2785 2996 τίνι
2810 2941 2914 3012 χρὴ
2949 2938 3154 3003 δοῦναι,
3196 2938 3292 2994 καὶ
3314 2939 3446 2992 πότε
3468 2937 3674 3003 δοῦναι,
3700 2937 3818 2991 ἀλλ’

2237 3038 2444 3102 ἁπλῶς,
2488 3036 2581 3090 καὶ⁸
2623 3034 2837 3104 ἱμάτια,
2883 3030 2977 3084 καὶ
3004 3029 3249 3102 χρυσίον,
3287 3030 3380 3084 καὶ
3407 3030 3691 3103 ἀργύριον,
3722 3029 3821 3083 καὶ

2239 3130 2417 3183 πάντα
2445 3127 2535 3180 τὸν
2562 3123 2814 3195 πατρῷον
2843 3121 3072 3175 πλοῦτον
3095 3120 3449 3189 διανέμοντας
3497 3121 3578 3183 είς
3610 3119 3822 3189 πόρνας

2236 3220 2331 3274 καὶ
2377 3218 2627 3287 λάγνους.
2672 3212 2926 3268 Τοιοῦτόν
2952 3213 3102 3265 ἐστιν
3141 3213 3174 3283 ἡ
3208 3209 3346 3282 μέθη
3368 3210 3590 3281 ’ῶσπερ
3608 3210 3820 3264 ἄσωτον

2234 3306 2470 3363 λαϐοῦσα
2503 3307 2621 3357 νέον
2646 3303 2743 3375 τὴν
2769 3303 3008 3357 διάνοιαν
3040 3296 3191 3371 [439]
3221 3296 3328 3352 τῶν
3352 3298 3683 3368 μεθυόντων,
3722 3299 3820 3351 καὶ

2236 3396 2683 3469 αἰχμαλωτίσασα
2706 3394 2797 3447 τὸν
2831 3390 3113 3462 λογισμὸν,
3148 3390 3367 3443 ἃπασαν
3407 3387 3566 3460 ἡμῶν
3605 3387 3706 3459 τὴν
3728 3389 3821 3442 ού-

2238 3489 2358 3542 σίαν
2403 3487 2513 3542 τῶν
2545 3486 2832 3557 νοημάτων
2861 3481 3289 3552 ἀπερισκέπτως
3322 3480 3418 3535 καὶ
3452 3481 3624 3551 χωρίς
3670 3497 3821 3543 τινος

2236 3579 2520 3652 ἀκριϐείας
2546 3578 2755 3647 ἐκχέειν
2793 3572 3222 3642 καταναγκάζει.
3262 3573 3320 3627 Ὀ
3346 3571 3562 3642 μεθύων
3585 3570 3687 3624 ούκ
3710 3567 3818 3624 οίδε

2235 3672 2288 3725 τί
2322 3672 2419 3741 μὲν
2450 3671 2623 3723 εἰπεῖν
2669 3667 2796 3739 χρὴ,
2837 3667 2890 3720 τί
2942 3665 3002 3719 δὲ
3047 3666 3297 3736 σιγῆσαι,
3357 3663 3476 3719 ἀλλ’
3532 3663 3816 3734 ἀθύρωτον

2238 3762 2402 3817 αὐτοῦ
2438 3761 2499 3814 τὸ
2535 3761 2709 3831 στόμα
2754 3759 3058 3829 διηνεκῶςο
3117 3758 3313 3830 μοχλὸς
3372 3758 3475 3809 οὐκ
3523 3755 3819 3824 ἐπίκειται,

2239 3855 2360 3907 οὐδὲ
2391 3852 2531 3923 θύρα
2572 3854 2685 3914 τοῖς
2712 3851 2943 3922 χείλεσιν
2967 3868 2978 3882 ·
3011 3851 3040 3904 ὁ
3070 3849 3283 3922 μεθύων
3318 3847 3419 3901 οὐκ
3445 3843 3583 3901 οἶδεν
3614 3849 3824 3901 οίκονο·

2243 3946 2413 4018 μῆσαι
2435 3946 2558 4007 τοὺς
2584 3943 2776 4012 λόγους
2792 3941 2953 3998 αὑτοῦ
2979 3943 3038 3997 ἐν
3063 3941 3264 4015 κρίσει,
3291 3939 3392 3994 ούκ
3417 3934 3525 3993 οἶδε
3557 3938 3824 3992 διαθεῖναι

2239 4037 2330 4091 τὸν
2352 4033 2580 4089 πλοῦτον
2600 4035 2701 4106 τῆς
2722 4034 2981 4099 διανοίας,
3017 4034 3118 4087 οὐκ
3137 4029 3245 4086 οἶδε
3272 4031 3340 4085 τά
3370 4032 3469 4102 μὲν
3496 4030 3821 4094 ἀποθέσθαι,

2240 4129 2310 4181 τὰ
2358 4128 2417 4181 δὲ
2468 4125 2766 4192 ἀναλῶσαι,
2813 4125 2952 4181 ἀλλά
3004 4127 3183 4180 πάντα
3233 4125 3418 4177 ἐκεῖνα
3479 4123 3694 4193 δαπάνη
3728 4124 3824 4175 καὶ

2243 4221 2443 4288 ἔξοδος.
2484 4218 2764 4282 Ἐκούσιος
2794 4216 2960 4288 μανία
3008 4215 3170 4288 μέθη,
3210 4213 3467 4285 προδοσία
3494 4213 3772 4284 λογισμῶν
3806 4230 3819 4244 ·

2246 4310 2385 4382 μέθη
2425 4306 2682 4379 συμφορά
2712 4305 3136 4377 καταγελωμένη
3157 4304 3210 4370 ἀ,
3242 4304 3454 4374 νόσημα
3492 4302 3825 4373 χλευαζόμε-

2243 4419 2353 4462 νον,
2404 4400 2614 4470 δαίμων
2660 4397 3008 4470 αὐθαίρετος,
3053 4397 3149 4451 καὶ¹
3197 4393 3629 4466 παραφροσύνης
3660 4393 3821 4464 χαλε-

2243 4491 2484 4563 πωτέρα.

2317 4583 2382 4657 β’.
2402 4583 2590 4637 Βούλει
2606 4580 2797 4655 μαθεῖν
2823 4581 2940 4645 πῶς
2955 4582 2983 4635 ὁ
3006 4579 3216 4653 μεθύων
3234 4577 3442 4633 καὶτοῦ
3464 4575 3825 4650 δαιμονῶντός

2243 4682 2358 4732 ἐστι
2383 4676 2578 4750 χείρων
2596 4693 2612 4742 ;
2633 4676 2736 4728 Τὸν
2763 4673 3102 4745 δαιμονῶντα
3119 4672 3317 4736 πάντες
3331 4668 3609 4741 ἐλεοῦμεν,
3636 4668 3825 4722 τοῦτον

2242 4770 2300 4824 δὲ
2328 4766 2594 4840 μισοῦμεν
2614 4784 2628 4799 ο
2662 4765 2859 4835 ἐκείνῳ
2891 4763 3285 4835 συναλγοῦμεν,
3319 4762 3494 4831 τούτῳ
3521 4763 3580 4816 δὲ
3612 4761 3825 4834 ὀργιζό-

2247 4860 2389 4933 μεθα
2417 4859 2511 4913 καὶ
2552 4856 2987 4927 ἀγανακτοῦμεν.
3024 4857 3090 4908 Τί
3131 4856 3365 4925 δήποτε;
3406 4854 3632 4925 Ἐκείνῳ
3669 4865 3692 4892 θ
3725 4851 3827 4923 μὲν

2247 4953 2500 5021 ἐπήρεια,
2563 4949 2737 5021 τούτῳ
2791 4949 2849 5001 δὲ
2904 4947 3148 5018 ῥᾳθυμία
3180 4946 3242 4999 τὸ
3274 4945 3463 5010 πάθος·
3490 4945 3680 5016 ἐκείνῳ
3705 4946 3830 4998 ἐπι-

2246 5040 2410 5111 ϐουλὴ
2477 5039 2706 5111 ἐχθρῶν,
2749 5038 2922 5106 τούτῳ
2960 5037 3018 5089 δὲ
3064 5035 3327 5106 ἐπιϐουλὴ
3369 5034 3680 5106 λογισμῶν
3732 5039 3829 5090 καὶ

2246 5133 2472 5188 τοιαῦτα
2490 5132 2691 5202 πάσχει
2755 5128 2775 5169 ί
2830 5128 2910 5199 τῷ
2938 5127 3264 5197 δαιμονῶντι
3301 5128 3331 5180 ὁ
3361 5125 3600 5196 μεθύων,
3625 5126 3827 5198 ὁμοίως

2247 5226 2626 5299 περιφέρεται,
2679 5223 2881 5294 ὁμοίως
2923 5217 3449 5291 ὲξέστηκεν,ὁμοίως
3469 5218 3825 5283 καταπίπτει,

2248 5318 2448 5390 ὁμοίως
2475 5315 2791 5385 διαστρέφει
2816 5313 2913 5376 τὰς
2938 5310 3128 5382 κόρας,
3159 5310 3362 5381 ὁμοίως
3394 5309 3615 5380 σπαίρει
3638 5309 3827 5379 κείμε-

2249 5425 2339 5472 νος
2367 5406 2459 5460 ἐπὶ
2479 5405 2576 5475 τῆς
2612 5405 2714 5475 γῆς
2742 5406 2767 5443 ⁸
2784 5419 2798 5434 ’
2834 5400 3010 5472 ἀφρὸν
3038 5403 3103 5453 ἐκ
3127 5399 3224 5452 τοῦ
3257 5400 3524 5470 στόματος
3549 5398 3822 5470 προίεται,

2315 5550 2343 5589 τι
2370 5550 2488 5610 Reg.
2516 5547 2547 5594 2
2578 5546 2700 5610 φορά
2716 5561 2885 5605 καταγ.
2912 5543 3004 5592 Alii
3028 5554 3202 5591 omnes
3225 5545 3444 5608 συμφορά
3466 5560 3636 5607 καταγ.

2318 5624 2340 5650 ε
2365 5610 2564 5659 Coislin.
2589 5609 2634 5656 τί
2658 5609 2852 5665 δήποτε;
2877 5604 3272 5667 Ἐπειδήγέκείνῳ.

2320 5669 2339 5707 τ
2370 5670 2521 5720 Savil.
2543 5671 2592 5717 in
2619 5681 2770 5729 marg.
2793 5667 2855 5713 τὰ
2876 5667 2999 5715 αὐτὰ
3023 5667 3216 5727 πάσχει.

2317 5735 2342 5773 δ
2364 5730 2563 5784 COiSIin.
2592 5731 2664 5779 ἐπ’
2686 5729 2909 5793 ἐδάφους,
