4130 6466
1328 329 1416 385 DE
1453 324 2046 387 RESURBECTIONE
2088 325 2149 379 D.
2192 324 2259 382 Ν.
2299 324 2462 384 JESU
2507 324 2806 382 CHRISTI.

3558 332 3667 385 454

1392 715 1708 809 ADVE
1734 716 2013 811 RSUS
2090 713 2681 809 EBRIOSOS

554 949 635 995 ενι·
668 949 754 994 ΒΕ
791 946 1331 1003 RESURRECTIONE,
1384 947 1597 993 SERMO
1642 949 1912 994 manus
1966 949 2034 995 IN
2086 949 2319 994 samera
2366 950 2441 993 ET
2485 949 2698 996 MAGNA
2742 952 3048 997 DOMINICA
3095 954 3348 998 PASCILE
3397 934 3507 1017 (α).

452 1253 506 1308 1.
547 1251 661 1306 Veri
676 1253 856 1323 jejunii
875 1252 1297 1324 ratio.—Jejunii
1321 1255 1585 1309 sarcinam
1609 1254 1974 1324 deposuimus,

378 1344 477 1401 sed
510 1359 578 1400 ne
619 1343 854 1399 fructum
894 1343 1083 1415 jejunii
1120 1345 1453 1415 deponamus
1482 1362 1496 1399 :
1526 1359 1811 1415 possumus
1832 1346 1975 1403 enim

378 1437 566 1508 jejunii
591 1437 857 1493 sarcinam
888 1438 1157 1508 deponere
1184 1449 1239 1492 et
1280 1437 1472 1507 jejunii
1524 1436 1752 1492 fructum
1788 1436 1978 1493 decer-

382 1545 528 1599 pere.
560 1527 825 1584 Praeteriit
852 1527 1004 1583 labor
1022 1528 1391 1594 certaminum,
1428 1527 1520 1583 sed
1562 1543 1667 1584 non
1697 1537 1980 1598 praetereat

382 1621 618 1676 studium
648 1630 797 1676 recte
835 1620 1097 1675 factorum
1131 1640 1145 1674 :
1173 1621 1434 1692 jejunium
1477 1622 1627 1686 abiit,
1659 1621 1753 1676 sed
1793 1621 1980 1692 religio

383 1722 598 1767 maneat
627 1730 641 1766 :
674 1712 783 1767 imo
812 1726 940 1767 vero
964 1728 1031 1766 ne
1045 1712 1309 1783 jejunium
1333 1711 1548 1783 quidem
1575 1711 1724 1767 abiit.
1754 1712 1979 1767 Verum-

385 1819 564 1864 tamen
592 1808 756 1863 nolite
785 1809 974 1864 timere
1001 1826 1015 1861 :
1054 1808 1158 1862 hoc
1181 1809 1326 1862 enim
1353 1807 1483 1873 dixi,
1530 1821 1633 1862 non
1664 1817 1723 1862 ut
1757 1807 1978 1862 alteram

385 1899 539 1955 vobis
587 1898 1062 1968 Quadragesimam
1112 1898 1544 1969 promulgarem.
1591 1898 1686 1954 sed
1729 1906 1786 1952 ut
1829 1898 1981 1952 vobis

385 1995 630 2050 eamdem
672 1993 922 2047 virtutem
955 1991 1328 2046 annuntiarem
1376 2008 1391 2045 :
1423 1990 1683 2061 jejunium
1724 1990 1984 2061 praeteriit

385 2083 688 2153 corporale,
720 2082 816 2138 sed
839 2080 1100 2151 jejunium
1129 2097 1235 2137 non
1264 2083 1522 2153 praeteriit
1551 2082 1825 2150 Spirituale
1845 2099 1857 2134 :
1880 2082 1984 2135 hoc

388 2175 578 2230 melius
602 2183 687 2230 est
727 2175 838 2240 illo,
863 2184 915 2229 et
966 2173 1095 2228 illud
1140 2182 1358 2244 promer
1398 2174 1502 2228 hoc
1533 2184 1616 2228 est
1657 2173 1979 2232 institutum.

386 2266 866 2334 Quemadmodum,
894 2280 1017 2321 cum
1056 2265 1391 2336 jejunaretis,
1418 2266 1659 2321 dicebam
1689 2265 1841 2321 vobis
1867 2266 1982 2319 fieri

389 2373 568 2428 posse,
596 2366 655 2412 ut
682 2359 801 2428 quis
825 2357 1118 2429 jejunando
1133 2373 1238 2412 non
1261 2357 1490 2428 jejunet,
1519 2359 1591 2411 ita
1613 2367 1668 2412 et
1694 2372 1834 2413 nunc
1860 2358 1983 2413 dico

389 2450 504 2504 ﬁeri
536 2463 711 2520 posse,
746 2458 803 2505 ut
831 2451 949 2520 quis
995 2463 1100 2503 non
1138 2449 1429 2519 jejunando
1476 2449 1695 2518 ieiunet.
1732 2448 1983 2519 IEnigma

389 2541 616 2595 fortasse
638 2540 842 2596 videtur
872 2540 924 2594 id
952 2541 1094 2611 quod
1120 2540 1322 2595 dictum
1351 2552 1454 2607 ρει,
1486 2555 1669 2595 verum
1708 2555 1808 2611 ego
1835 2556 1985 2610 qttue~

390 2631 552 2686 stioni
593 2632 913 2688 solutionem
948 2632 1234 2702 adjungam
1274 2637 1407 2703 :qui
1447 2632 1563 2687 ﬁeri
1592 2641 1766 2702 potest
1784 2638 1843 2687 ut
1865 2633 1986 2702 quis

383 2721 677 2794 jejunando
705 2739 812 2779 non
834 2723 1039 2793 jejunet
1060 2722 1085 2777 Υ
1106 2724 1240 2778 Cum
1269 2724 1389 2794 quis
1409 2738 1438 2778 a
1459 2723 1593 2779 cibis
1613 2723 1825 2793 quidem
1858 2724 1984 2779 abs—

389 2816 542 2880 tinet,
570 2830 674 2870 non
711 2814 943 2871 abstinet
977 2824 1157 2871 autem
1180 2830 1207 2868 a
1236 2820 1488 2886 peccatis.
1515 2815 1614 2884 Qui
1644 2824 1820 2886 potest
1846 2814 1984 2884 ﬁeri,

392 2917 452 2962 ut
490 2922 594 2962 non
630 2907 925 2977 jejunando
962 2909 1081 2977 quis
1111 2907 1355 2979 jejunet?
1393 2907 1527 2964 Cum
1572 2908 1693 2979 quis
1720 2909 1988 2964 alimentis

390 3000 609 3070 quidem
638 2999 848 3065 fruitur,
876 3009 1151 3071 peccatum
1181 3016 1308 3056 vero
1337 3016 1444 3056 non
1487 3010 1697 3071 gustat;
1740 3001 1842 3056 hoc
1869 3016 1986 3055 me-

392 3092 497 3147 lius
521 3102 605 3148 est
628 3092 720 3147 illo
740 3092 1023 3164 jejunium,
1048 3108 1222 3164 neque
1246 3094 1438 3149 melius
1457 3102 1686 3161 tantum,
1708 3093 1804 3149 sed
1826 3095 1988 3148 etiam

392 3183 562 3238 levius
588 3202 605 3239 :
636 3183 776 3239 illius
801 3184 987 3254 jejunii
1028 3194 1268 3253 tempore
1294 3184 1447 3240 multi
1472 3186 1717 3255 corporis
1747 3185 1988 3241 imbecil-

392 3276 595 3331 litatem
654 3275 1056 3342 obtendebant,
1104 3277 1389 3333 molestum
1448 3278 1757 3347 pruritum:
1802 3276 1990 3332 Scabie

392 3368 626 3437 repletus
651 3382 790 3435 sum,
814 3369 1000 3439 inquit,
1030 3369 1266 3424 illuviem
1300 3384 1402 3425 non
1445 3369 1558 3424 fero
1589 3386 1602 3422 :
1647 3384 1799 3439 aquae
1837 3378 1990 3438 potus

394 3476 482 3516 me
508 3469 698 3516 enecat
722 3479 735 3515 :
763 3461 907 3517 olera
934 3461 1215 3533 degustare
1255 3478 1360 3518 non
1392 3477 1630 3532 possum.
1657 3462 1819 3518 Multa
1848 3462 1994 3533 ejus-

393 3552 540 3607 modi
569 3553 658 3623 qui
700 3561 810 3608 tum
836 3552 1079 3609 dicerent
1102 3555 1382 3610 audiebam
1410 3555 1608 3610 multos
1642 3572 1655 3609 :
1688 3555 1754 3611 de
1784 3554 1885 3609 hoc
1909 3555 1991 3623 je-

393 3644 548 3716 jtmio
576 3646 594 3678 ⁸
624 3647 755 3701 nihil
783 3647 887 3703 tale
913 3647 1019 3703 dici
1063 3657 1258 3720 petest.
1299 3649 1503 3705 Fruere
1539 3649 1768 3717 balneis,
1792 3664 1994 3705 mensae

398 3739 662 3811 particeps
691 3748 829 3806 esto,
856 3740 963 3796 vini
994 3752 1144 3797 utere
1182 3753 1317 3812 potu
1357 3742 1669 3808 moderato;
1719 3743 1844 3798 licet
1894 3743 1994 3800 de-

395 3840 616 3902 gustare
643 3845 837 3888 carnes
862 3832 1082 3903 pariter,
1112 3840 1195 3888 est
1223 3835 1313 3903 qui
1339 3834 1617 3903 prohibeat
1643 3850 1801 3890 nemo
1831 3853 1845 3890 :
1873 3850 1995 3889 om-

400 3923 560 3979 nibus
587 3923 785 3992 fruere,
809 3933 1014 3980 tantum
1040 3926 1249 3981 abstine
1277 3942 1307 3978 a
1340 3934 1575 3995 peccato.
1608 3924 1772 3982 Vides
1796 3935 1854 3981 ut
1879 3941 1996 3981 om-

402 4014 558 4070 nibus
577 4013 734 4071 facile
757 4016 827 4071 sit
856 4014 959 4070 hoc
975 4016 1269 4086 jejunium?
1297 4016 1411 4071 Non
1436 4017 1679 4087 corporis
1714 4016 1996 4072 imbecilli-

400 4116 565 4164 tatem
586 4108 710 4165 licet
724 4109 1019 4164 obtendere
1044 4127 1057 4163 :
1084 4126 1289 4164 merum
1310 4120 1391 4167 est
1403 4110 1597 4165 anima:
1612 4120 1759 4166 recte
1776 4110 1993 4166 factum.

405 4200 590 4257 Potest
610 4201 769 4257 etiam
789 4201 1053 4272 quispiam
1081 4217 1186 4257 non
1207 4202 1437 4257 bibendo
1455 4202 1633 4257 vinum
1656 4202 1835 4257 ebrius
1852 4216 1994 4272 esse,

402 4304 457 4351 et
488 4294 666 4350 vinum
692 4294 925 4351 bibendo
945 4296 1158 4350 sobrius
1182 4310 1322 4350 esse.
1347 4298 1521 4366 Atque
1540 4294 1851 4350 ebrietatem
1874 4309 1997 4351 esse

403 4389 609 4458 absque
636 4387 760 4441 vino
786 4386 936 4442 disce
981 4402 1044 4443 ex
1077 4387 1337 4457 propheta
1367 4386 1600 4452 dicente,
1638 4385 1730 4441 Vw
1765 4387 1850 4458 qui
1874 4386 1999 4440 ebrii

404 4483 525 4537 estis
551 4481 732 4553 absque
757 4483 873 4536 vino
897 4481 1051 4552 (Isai.
1072 4482 1161 4537 28.
1196 4479 1338 4552 t),et
1365 4482 1635 4552 quomodo
1664 4481 1780 4537 ﬁeri
1823 4489 2001 4553 potest

406 4583 468 4631 ut
492 4574 692 4643 absque
720 4574 844 4628 vino
871 4574 990 4644 quis
1020 4572 1346 4628 inebrietur?
1374 4572 1505 4628 Cum
1544 4573 1998 4642 perturbationum

406 4679 616 4719 merum
645 4664 891 4735 religiosa
921 4665 1150 4730 ratione,
1175 4664 1256 4732 pia
1287 4663 1605 4734 cogitatione
1627 4664 1846 4720 minimc
1865 4671 2003 4718 tem-

410 4754 642 4826 peraris.
671 4753 855 4809 Potest
883 4762 939 4810 et
979 4754 1169 4825 aliquis
1215 4754 1446 4810 bibendo
1476 4754 1657 4808 vinum
1683 4754 1865 4810 ebrius
1894 4769 2000 4809 non

406 4861 530 4902 esse
560 4865 575 4902 :
606 4861 671 4902 ac
695 4847 745 4902 ni
775 4847 845 4901 ita
875 4855 1037 4911 esset,
1081 4862 1186 4901 non
1222 4846 1326 4901 hoc
1354 4847 1638 4902 Timotheo
1677 4847 1869 4903 Paulus
1895 4847 2001 4901 im-

409 4947 673 5011 perasset,
700 4937 767 4993 ad
793 4954 914 4993 eum
945 4939 1185 4994 scribens
1212 4938 1263 4993 in
1292 4938 1407 4994 haec
1434 4938 1635 4995 verba:
1661 4938 1864 4994 Modico
1890 4940 2004 4995 vino

411 5042 550 5085 utere
576 5041 781 5102 propter
801 5031 1116 5084 stomachum
1146 5040 1287 5083 tuum
1315 5040 1361 5084 et
1405 5035 1684 5101 frequentes
1711 5040 1824 5084 tuas
1850 5029 2002 5099 inﬁr-

412 5125 611 5177 mitates
632 5124 707 5194 (1.
740 5122 870 5177 Tim.
905 5124 957 5178 5.
979 5121 1093 5193 23).
1116 5122 1258 5177 Nihil
1280 5123 1474 5194 quippe
1489 5122 1631 5178 aliud
1651 5133 1732 5179 est
1748 5123 2000 5190 ebrietas,

413 5232 572 5286 quam
604 5216 768 5270 animi
794 5216 861 5271 de
887 5216 1060 5270 nativa
1087 5216 1315 5271 sanitate
1340 5215 1667 5278 deturbatio,
1692 5215 2005 5286 depravatio

413 5310 904 5375 ratiocinationum,
932 5310 1129 5364 mentis
1152 5308 1393 5378 penuria,
1420 5310 1658 5364 vacuitas
1678 5308 2001 5364 intellectus.

416 5400 520 5456 ista
550 5414 677 5455 vero
703 5415 808 5454 non
836 5400 1069 5454 ebrietas
1097 5398 1262 5455 efﬁcit
1289 5408 1492 5453 tantum
1531 5415 1598 5454 ex
1627 5400 1771 5465 vino,
1816 5414 2004 5454 verum

413 5491 648 5547 ebrietas
690 5492 851 5546 etiam
878 5506 945 5546 ex
984 5491 1061 5546 ira
1098 5499 1151 5546 et
1190 5490 1479 5561 cupiditate
1513 5506 1546 5546 a
1575 5492 1782 5548 ratione
1808 5490 2003 5546 aliena.

481 5695 502 5757 ε
538 5694 725 5757 tteg._2.
753 5700 806 5744 et
825 5694 1013 5746 Coislin.
1040 5694 1236 5752 addunt,
1252 5693 1518 5757 ,spiriluali.

483 5754 556 5819 (al
590 5753 769 5807 (foliata
813 5771 922 5807 cum
963 5764 1045 5807 Ms.
1090 5764 1206 5820 tteg.
1239 5753 1398 5818 2424,
1439 5759 1522 5807 ubi
1564 5756 1819 5808 admodum
1861 5770 2010 5822 rauca

1987 1153 2056 1162 σ--ι-

2088 1256 2220 1312 Nam
2242 1256 2692 1326 quemadmodum
2717 1256 2915 1313 febrem
2945 1260 3167 1331 gignunt
3194 1263 3406 1332 vigilim,
3432 1265 3599 1335 gignit
3623 1276 3673 1320 ct

2086 1348 2342 1419 fatigatio,
2373 1349 2542 1420 gignit
2557 1349 2788 1417 tristitia,
2812 1350 2981 1420 gignit
2997 1366 3207 1422 quoque
3228 1354 3440 1409 vitiatus
3464 1355 3674 1422 humor,

2088 1448 2142 1494 et
2164 1438 2379 1495 diversa
2409 1439 2625 1510 quidem
2647 1448 2731 1495 est
2758 1455 2939 1505 causa,
2973 1456 3074 1496 una
3098 1456 3224 1497 vero
3244 1444 3424 1512 passio
3446 1453 3501 1499 et
3519 1446 3675 1514 πει-ἰ-

2090 1532 2217 1588 tudo
2248 1546 2261 1586 :
2292 1532 2371 1588 sic
2396 1543 2453 1589 et
2483 1533 2536 1588 in
2565 1534 2682 1588 istis
2713 1533 3027 1589 ebrietatem
3057 1533 3195 1604 parit
3230 1536 3442 1605 quidem
3473 1537 3675 1598 vinum.

2089 1625 2227 1694 parit
2261 1634 2312 1680 et
2340 1624 2623 1695 cupiditas,
2664 1625 2800 1695 parit
2840 1636 2895 1680 et
2924 1624 3120 1681 humor
3148 1634 3470 1696 corruptus;
3511 1638 3565 1682 et
3592 1627 3678 1681 di-

2089 1730 2240 1771 versa
2270 1715 2485 1786 quidem
2527 1725 2612 1771 est
2652 1716 2894 1781 materia,
2935 1733 3036 1772 una
3078 1733 3207 1774 vero
3243 1719 3418 1788 passio
3447 1720 3679 1787 etargri-

2092 1806 2237 1861 tudo.
2266 1806 2642 1862 Ahsﬁneamus
2669 1806 2738 1861 ab
2763 1806 3020 1862 ebrietate
3052 1824 3067 1861 :
3112 1823 3219 1863 non
3247 1809 3387 1873 dico,
3418 1808 3681 1863 abstineao

2090 1913 2209 1953 mus
2233 1912 2262 1951 a
2300 1897 2458 1965 vino,
2496 1898 2615 1965 sed,
2658 1899 2725 1953 ab
2764 1898 3026 1954 ebrietate
3052 1898 3434 1960 abstineamus.
3468 1913 3572 1955 non
3601 1900 3679 1952 vi-

2092 2005 2219 2044 num
2245 1988 2409 2045 efﬁcit
2437 1990 2751 2045 ebrietatem
2781 2007 2794 2042 :
2825 1998 2910 2045 est
2949 1990 3093 2044 enim
3139 1990 3229 2046 Dei
3268 2001 3545 2056 creatura;
3588 1992 3679 2045 Dei

2090 2094 2252 2150 porro
2271 2088 2515 2135 creatura
2532 2067 2664 2136 nihil
2683 2080 2849 2136 efﬁcit
2872 2081 2997 2135 mali
3023 2098 3037 2136 :
3059 2081 3152 2137 sed
3183 2083 3426 2138 voluntas
3454 2083 3681 2152 maligna

2090 2171 2255 2227 efﬁcit
2284 2172 2620 2227 ebrietatem.
2650 2173 2824 2242 Atque
2867 2179 2926 2227 ut
2964 2173 3104 2227 scias
3141 2172 3295 2227 aliter
3334 2173 3494 2228 etiam
3528 2189 3684 2243 posse.

2091 2265 2395 2335 quempiam
2422 2264 2629 2320 ebrium
2657 2265 2770 2319 fieri
2796 2281 2901 2319 non
2928 2266 3044 2320 solo
3074 2266 3216 2330 vino,
3245 2265 3369 2320 audi
3394 2266 3521 2336 quid
3541 2266 3684 2320 dicat

2093 2360 2289 2416 Paulus
2320 2377 2335 2413 :
2371 2359 2548 2414 Nolite
2572 2358 2812 2414 inebriari
2843 2361 2958 2414 vino
2980 2358 3194 2429 (Eplm.
3218 2359 3273 2415 5.
3307 2358 3421 2429 18),
3445 2358 3683 2414 indicans

2092 2452 2247 2508 aliter
2289 2452 2450 2508 etiam
2490 2451 2671 2507 ebrios
2707 2466 2829 2507 esse
2874 2466 2971 2505 nos
3017 2465 3193 2520 posse.
3232 2449 3409 2505 Nolite
3444 2449 3684 2503 inebriari

2092 2548 2229 2611 vino,
2276 2544 2331 2598 in
2374 2559 2474 2611 quo
2511 2551 2583 2598 est
2625 2543 2830 2597 luxuria
2875 2557 2895 2596 :
2947 2541 3175 2596 mirabili
3219 2540 3446 2610 quadam
3477 2540 3685 2594 ratione.

2093 2634 2276 2706 paucis
2319 2634 2497 2689 verbis
2541 2649 2755 2688 omnem
2792 2633 3063 2688 ebrietatis
3101 2631 3493 2686 accusationem
3536 2644 3684 2685 com~

2097 2729 2283 2798 plexus
2308 2736 2408 2783 est.
2435 2726 2575 2796 Quid
2596 2734 2716 2793 est,
2751 2724 2926 2780 Nolite
2953 2723 3192 2780 inebriari
3229 2723 3366 2788 vino,
3403 2722 3457 2776 in
3485 2736 3585 2791 quo
3612 2731 3684 2775 est

2092 2821 2341 2876 luxuria?
2364 2819 2691 2875 Luxuriosos
2733 2820 2872 2873 inter
2909 2817 3132 2888 juvenes
3172 2830 3267 2872 eos
3296 2828 3568 2880 vocamus,
3596 2815 3687 2883 qui

2094 2930 2216 2970 cum
2248 2923 2520 2985 paternam
2560 2922 2884 2984 acceperunt
2928 2911 3307 2976 hereditatem,
3336 2919 3524 2965 cuncta
3554 2922 3681 2964 con-

2094 3008 2271 3064 festim
2297 3005 2609 3078 dilapidauit,
2638 3021 2738 3061 nec
2778 3003 3108 3075 perpendunt
3137 3003 3224 3057 cui
3251 3002 3483 3057 dandum
3515 3002 3602 3065 sit,
3633 3010 3688 3055 et

2093 3101 2310 3173 quando
2336 3101 2406 3156 sit
2429 3099 2684 3165 dandum,
2711 3098 2804 3154 sed
2827 3097 2972 3153 nullo
3008 3096 3219 3153 delectu
3243 3103 3295 3151 et
3318 3104 3491 3150 vestes
3514 3102 3569 3149 et
3586 3107 3686 3147 au-

2095 3211 2215 3251 rum
2239 3204 2291 3249 et
2311 3202 2589 3263 argentum
2615 3205 2908 3261 omnesque
2929 3199 3177 3260 paternas
3206 3202 3338 3258 opes
3362 3188 3413 3243 in
3442 3185 3687 3240 meretri-

2096 3302 2186 3344 ces
2208 3295 2264 3343 et
2289 3286 2584 3357 impudicos
2610 3285 2954 3341 distribuunt.
2983 3282 3109 3337 Tale
3129 3282 3378 3353 quiddam
3407 3289 3490 3336 est
3512 3279 3688 3335 ebrie-

2098 3389 2179 3434 tas
2204 3396 2217 3432 :
2243 3386 2511 3448 tamquam
2523 3376 2779 3446 juvenem
2810 3375 3141 3431 luxuriosum
3169 3371 3425 3427 invadens
3456 3379 3686 3425 mentem

2101 3470 2392 3533 ebriorum,
2422 3468 2628 3523 ratione
2657 3466 2898 3522 servituti
2920 3465 3241 3534 mancipata,
3273 3472 3482 3517 nostras
3502 3476 3688 3516 omnes

2099 3559 2265 3615 animi
2289 3573 2568 3615 sensorum
2597 3571 2732 3627 opes
2760 3554 3149 3611 inconsiderate
3171 3570 3235 3609 ac
3259 3554 3374 3608 sine
3403 3553 3504 3607 ulla
3527 3553 3689 3606 animi

2100 3651 2393 3705 attentione
2418 3648 2561 3720 cogit
2583 3647 2877 3703 effundere.
2905 3645 3003 3714 Qui
3034 3645 3214 3701 ebrius
3233 3654 3334 3709 est,
3365 3645 3536 3699 nescit
3562 3644 3687 3714 quid

2100 3744 2385 3800 dicendum
2410 3743 2499 3810 sit,
2546 3742 2674 3814 quid
2717 3741 3033 3806 tacendum;
3081 3739 3173 3794 sed
3216 3751 3474 3810 perpetuo
3504 3747 3691 3808 patens

2102 3837 2352 3907 nullaque
2385 3836 2715 3891 obstructum
2742 3834 2903 3904 janua
2948 3842 3032 3889 est
3073 3846 3135 3887 os
3162 3831 3277 3901 ejus
3309 3850 3323 3886 :
3378 3844 3486 3885 non
3522 3829 3692 3884 vectis

2102 3931 2374 4000 appositus
2395 3938 2477 3984 est
2493 3928 2676 3993 labris,
2708 3943 2814 3982 non
2838 3926 3022 3997 janua.
3050 3925 3149 3993 Qui
3179 3924 3359 3980 ebrius
3382 3930 3487 3987 est,
3513 3921 3693 3991 dispo-

2103 4036 2233 4078 nere
2260 4033 2536 4077 sermones
2563 4034 2691 4074 suos
2721 4019 2774 4073 in
2797 4018 3000 4089 judicio
3028 4017 3219 4082 nescit,
3258 4015 3454 4070 mentis
3482 4012 3692 4067 divitias

2103 4113 2476 4170 administrare
2492 4112 2663 4167 nescit
2686 4129 2701 4167 :
2723 4126 2829 4167 non
2850 4110 2997 4165 novit
3015 4108 3130 4165 haec
3145 4106 3357 4178 quidem
3380 4105 3690 4165 recondere.

2106 4206 2196 4260 illa
2224 4220 2351 4261 vero
2375 4203 2700 4273 expendere,
2743 4202 2839 4258 sed
2880 4200 3063 4257 omnia
3102 4200 3190 4255 illa
3233 4199 3301 4254 ad
3332 4198 3601 4268 impensas
3640 4208 3693 4252 et

2105 4298 2393 4353 efl'usiones
2418 4295 2787 4352 traducuntur.
2810 4293 3148 4365 Spontaneus
3172 4300 3254 4346 est
3277 4290 3426 4345 furor
3444 4289 3689 4349 ebrietas,

2107 4389 2337 4460 proditio
2392 4388 2819 4459 cogitationum;
2858 4386 3091 4443 ebrietas
3135 4384 3358 4440 ridicula
3397 4382 3689 4445 calamitas,

2108 4481 2326 4536 morbus
2355 4480 2538 4535 sannis
2566 4479 2857 4550 expositus,
2887 4477 3217 4532 voluntarius
3244 4476 3477 4542 dzemon,
3508 4481 3563 4528 et
3583 4473 3691 4541 ipsa

2108 4573 2388 4630 molestior
2408 4572 2633 4628 insania.

2181 4667 2239 4721 2.
2262 4663 2537 4718 Ebrietatir
2581 4664 2846 4733 imago.—
2868 4660 2983 4715 Vin’
3038 4668 3091 4714 tu
3122 4658 3346 4721 discere,
3395 4671 3501 4726 quo
3541 4664 3696 4724 pacto

2108 4756 2440 4813 daemoniaco
2459 4754 2638 4810 ebrius
2668 4754 2739 4808 sit
2762 4751 3031 4807 deterior?
3057 4750 3374 4805 Miseremur
3391 4748 3507 4817 ejus
3525 4748 3617 4817 qui
3666 4764 3692 4799 a

2110 4848 2376 4904 dazntonio
2410 4855 2650 4912 vexatur,
2678 4853 2732 4900 at
2752 4843 2896 4900 hunc
2923 4842 3102 4897 odisse
3147 4840 3413 4905 solemus;
3443 4839 3520 4893 illi
3563 4853 3692 4893 cou-

2111 4942 2376 5007 dolemus,
2398 4940 2523 4995 huic
2549 4948 2727 4993 autem
2756 4938 3033 4993 irascimur
3072 4944 3126 4988 et
3151 4933 3508 5003 indignamur.
3559 4930 3694 4996 Quid

2113 5036 2185 5089 ita
2216 5033 2330 5105 (b)?
2357 5033 2502 5088 lllius
2530 5032 2672 5086 enim
2694 5030 2911 5086 morbus
2939 5028 3152 5100 injuria,
3177 5026 3334 5096 hujus
3373 5042 3498 5081 vero
3529 5025 3694 5095 negli-

2111 5124 2289 5197 gentia
2314 5134 2395 5179 est
2419 5123 2804 5195 appellandus;
2833 5124 2885 5178 in
2908 5123 2999 5178 illo
3015 5121 3221 5177 insidia:
3247 5120 3599 5184 inimicorum,
3643 5119 3694 5170 in

2114 5219 2218 5273 hoc
2243 5217 2448 5273 insidia:
2466 5217 2844 5280 consiliorum;
2874 5230 2972 5270 nec
2995 5215 3151 5269 aliter
3178 5212 3397 5269 affectus
3417 5221 3498 5266 est
3514 5208 3694 5265 ebrius

2113 5326 2178 5366 ac
2204 5310 2563 5367 diemoniacus
2587 5326 2600 5367 :
2626 5311 2822 5378 pariter
2836 5307 3229 5377 circumagitur,
3254 5304 3448 5374 pariter
3467 5302 3534 5357 de
3558 5308 3698 5356 statu

2115 5405 2312 5460 mentis
2330 5403 2569 5473 dejectus
2593 5413 2696 5469 est,
2736 5402 2939 5472 pariter
2982 5399 3235 5464 concidit,
3268 5397 3464 5466 pariter
3514 5395 3696 5448 oculo-

2116 5512 2236 5553 rum
2273 5495 2504 5567 pupillas
2532 5502 2869 5564 contorquet,
2920 5493 3118 5564 pariter
3140 5490 3325 5560 jacens
3354 5487 3406 5542 in
3439 5498 3582 5543 terra
3605 5501 3701 5559 pe-

2117 5697 2408 5748 discrimina.
2428 5701 2550 5745 Item
2572 5705 2681 5743 cum
2706 5700 2822 5754 Reg.
2847 5690 2989 5754 2027,
3016 5695 3067 5742 ct
3082 5700 3193 5739 cum
3213 5686 3499 5739 Coisliniano
3514 5684 3623 5736 107.

2183 5758 2257 5823 (b)
2290 5761 2372 5809 Hic
2392 5756 2594 5807 multum
2618 5755 2766 5805 variat
2778 5752 2899 5816 iteg.
2918 5752 2969 5801 ξ.
