4130 6446
517 309 624 368 455

521 428 620 480 des
643 428 807 495 jactat
835 445 847 481 :
879 440 1121 496 Spumant
1148 442 1210 480 ex
1233 443 1326 481 ore
1355 424 1584 495 projicit,
1628 430 1685 475 et
1714 420 1782 474 ita
1830 417 2104 473 fmtentem

519 518 743 572 salivam
765 518 1008 584 ell‘undit,
1036 528 1195 583 atque
1222 532 1284 570 os
1311 517 1427 585 ejus
1457 511 1775 569 intolerabili
1808 509 1995 565 fmtore
2025 521 2109 560 rc-

524 612 724 680 pletum
756 622 856 664 est.
919 609 1240 680 lujucundus
1268 608 1452 662 amicis
1481 614 1563 661 est
1600 603 1681 657 vir
1720 599 2003 672 ejusmodi,
2029 598 2107 651 ri-

519 701 730 755 diculus
756 700 1008 764 inimicis,
1041 698 1457 765 contemptibilis
1487 694 1721 758 famulis,
1756 694 1906 746 uxori
1934 691 2109 759 ingra-

516 803 627 858 tus,
660 791 909 845 omnibus
938 790 1176 856 odiosus,
1206 789 1334 858 ipsis
1355 786 1537 840 bestiis
1567 783 1843 838 molestior
1874 798 1887 834 :
1924 780 2107 833 bestia:

518 898 757 953 eousque
780 884 963 939 bibunt
988 898 1263 953 quousque
1290 881 1391 933 fert
1415 880 1553 941 sitis,
1584 886 1637 931 et
1665 874 2007 945 cupiditatem
2035 870 2108 924 si-

522 984 672 1028 stunt
693 973 1042 1029 necessitate:
1064 972 1150 1025 hic
1168 967 1573 1040 intemperantia
1595 965 1939 1037 cupiditatem
1957 975 2106 1016 tran-

518 1067 629 1119 silit
651 1107 666 1131 ,
695 1075 749 1120 et
768 1066 971 1119 ratione
1000 1062 1305 1119 carentibus
1332 1077 1359 1113 a
1391 1062 1597 1114 ratione
1620 1057 1843 1112 alienior
1862 1063 2101 1125 apparet.

522 1155 718 1211 Verum
743 1156 870 1210 illud
891 1156 1058 1209 multo
1077 1153 1465 1209 intolerabilius
1491 1160 1592 1217 est,
1618 1148 1758 1220 quod
1785 1148 2003 1203 morbus
2028 1154 2108 1200 tot

523 1249 679 1302 malis
709 1246 1032 1311 redundans,
1053 1255 1236 1317 totque
1258 1259 1441 1300 secum
1470 1242 1727 1296 invehens
1752 1239 2103 1303 calamitates,

518 1355 585 1394 ne
612 1340 811 1393 crimen
828 1338 1043 1409 quidem
1059 1346 1328 1401 censetur;
1347 1334 1440 1390 sed
1464 1334 1516 1388 in
1546 1332 1769 1387 divitum
1788 1329 1988 1386 mensis
2007 1328 2108 1382 hu-

514 1431 601 1502 jus
645 1431 990 1501 turpitudinis
1018 1430 1187 1501 gratia
1219 1444 1391 1499 pugna
1415 1427 1586 1481 oritur
1605 1434 1766 1495 atque
1792 1432 2066 1479 certamen
2086 1461 2103 1486 ,

515 1532 674 1593 atque
697 1523 837 1578 inter
862 1537 923 1577 se
944 1521 1134 1592 majori
1161 1520 1338 1575 studio
1358 1517 1708 1581 contendunt,
1728 1515 1848 1585 quis
1870 1514 2105 1583 seipsum
2170 1580 2177 1587 ε

515 1617 686 1685 magis
708 1617 949 1682 infamet,
982 1617 1103 1686 quis
1149 1613 1408 1684 majorem
1453 1609 1813 1667 subsannandi
1862 1607 2105 1663 occasio-

520 1721 645 1760 nem
678 1705 937 1774 prarbeat,
985 1705 1105 1775 quis
1148 1716 1343 1760 nervos
1392 1700 1622 1772 amplius
1658 1698 1928 1769 infringat,
1985 1699 2105 1768 quTs

513 1797 698 1853 vires‘
723 1798 950 1867 amplius
974 1796 1237 1863 debilitet,
1280 1794 1400 1866 quis
1440 1807 1777 1849 communem
1821 1790 2101 1845 Dominum

519 1890 733 1958 gravius
762 1889 934 1944 irritet
963 1906 975 1941 :
1001 1904 1066 1943 ac
1114 1889 1297 1943 videre
1327 1896 1410 1942 est
1439 1885 1671 1941 stadium
1724 1893 2104 1952 certamenque

517 1978 865 2033 diabolicum.
892 1978 1086 2034 Ebrius
1129 1978 1353 2031 mertuis
1381 1977 1632 2032 miserior
1658 1984 1741 2030 est
1770 1992 1782 2027 :
1838 1973 2100 2044 siquidem

523 2070 614 2125 ille
639 2086 800 2125 sensu
825 2071 1112 2128 destitutus
1135 2073 1296 2139 jacet,
1330 2082 1502 2138 neque
1532 2067 1669 2122 bona
1692 2066 1800 2120 ulla
1831 2065 1918 2120 vel
1963 2066 2100 2119 mala

516 2170 693 2231 potest
714 2162 949 2232 operari;
967 2160 1054 2216 hic
1070 2176 1198 2216 vero
1219 2160 1285 2215 ad
1305 2161 1442 2215 mala
1460 2158 1799 2230 exsequenda
1823 2166 2101 2228 promptus

514 2254 867 2320 est,etanima
888 2253 940 2308 in
967 2267 1191 2324 corpore
1212 2262 1478 2323 tamquam
1497 2252 1549 2306 in
1567 2260 1915 2306 monumento
1930 2248 2101 2304 defos-

513 2359 574 2397 sa
604 2352 873 2400 mortuum
901 2358 1098 2415 corpus
1123 2342 1451 2399 circumfert.
1485 2343 1646 2399 Vides
1679 2351 1736 2397 ut
1761 2341 2007 2396 miserior
2032 2342 2102 2395 sit

512 2435 865 2506 dxmoniaco,
880 2445 947 2492 ut
973 2437 1143 2508 magis
1162 2452 1322 2507 quam
1344 2436 1543 2491 mortui
1578 2450 1741 2491 sensu
1771 2435 2054 2490 destitutus
2076 2434 2100 2486 ?

513 2528 632 2583 Vin’
660 2539 715 2585 tu
741 2530 916 2585 dicam
936 2529 997 2584 id
1019 2528 1165 2599 quod
1188 2529 1271 2583 his
1298 2529 1549 2583 omnibus
1574 2527 1746 2598 majus
1784 2537 1867 2581 est
1894 2536 1949 2581 et
1971 2541 2099 2596 gra-

511 2621 666 2675 vitis?
694 2620 890 2676 Ebrius
916 2619 1081 2676 homo
1121 2619 1175 2674 in
1224 2635 1446 2689 regnum
1474 2619 1733 2674 cmlorum
1764 2608 1965 2672 intrare
1991 2632 2098 2671 non

511 2723 689 2784 potest
713 2731 727 2767 :
758 2714 880 2783 quis
906 2711 1023 2767 haec
1048 2711 1213 2767 dicit?
1234 2712 1449 2767 Paulus.
1489 2709 1665 2765 Nolite
1709 2724 1918 2764 errare:
1944 2724 2101 2778 neque

513 2805 797 2870 fornicarii,
822 2819 981 2874 neque
1000 2803 1150 2858 idolis
1168 2805 1451 2869 servientes,
1487 2819 1647 2873 neque
1672 2802 1913 2865 adulteri,
1939 2816 2100 2870 neque

513 2897 711 2962 molles,
754 2912 913 2967 neque
947 2895 1292 2950 masculorum
1340 2896 1705 2959 concubitores,
1756 2911 1916 2967 neque
1936 2895 2095 2964 fures,

513 3002 671 3058 neque
691 2988 851 3053 avari,
879 3002 1036 3057 neque
1055 2986 1258 3048 ebriosi,
1286 3003 1444 3057 neque
1470 2986 1724 3051 maledici,
1749 3002 1908 3057 neque
1945 3001 2098 3055 rapa-

513 3094 589 3131 res
631 3094 840 3148 regnum
883 3076 983 3131 Dei
1022 3077 1345 3146 possidebunt
1384 3077 1473 3151 (l.
1508 3077 1625 3132 Cor.
1656 3078 1709 3131 6.
1738 3078 1792 3132 9.
1839 3076 1949 3148 10).
1983 3079 2098 3132 Au-

514 3168 633 3224 disti
683 3170 897 3240 qualem
929 3170 981 3224 in
1012 3170 1220 3224 turbam
1268 3170 1442 3239 ipsum
1474 3170 1800 3240 conjecerit?
1824 3169 1956 3226 Cum
1995 3170 2098 3223 im-

512 3262 751 3332 pudicis,
801 3278 923 3317 eum
964 3262 1385 3329 seortatorihus,
1429 3277 1553 3317 cum
1605 3261 1923 3327 idololatris,
1971 3276 2094 3316 cum

511 3355 766 3411 adulteris
785 3397 799 3421 ,
822 3371 951 3410 cum
998 3357 1306 3420 maledicis,
1334 3371 1456 3411 cum
1487 3355 1683 3423 avaris,
1735 3371 1857 3411 cum
1883 3356 2093 3425 rapaci-

511 3450 627 3503 bus.
660 3448 800 3517 Quid
824 3451 997 3520 ergo?
1022 3449 1164 3505 dicet
1190 3449 1401 3520 aliquis,
1437 3449 1650 3505 idemne
1695 3457 1778 3504 est
1819 3448 2002 3504 ebrius
2043 3457 2098 3504 et

512 3540 1005 3611 iiiiputlicus?—idem
1035 3543 1215 3598 ebrius
1244 3551 1300 3597 et
1325 3541 1642 3598 idololatrat
1668 3542 1785 3597 Noli
1813 3543 1943 3597 mihi
1985 3543 2098 3597 haec

513 3632 773 3702 ubjicere,
802 3633 874 3686 mi
900 3633 1063 3687 homo
1094 3651 1107 3687 :
1136 3634 1283 3704 leges
1308 3634 1517 3690 divinas
1539 3649 1637 3704 ego
1674 3633 1914 3698 recitavi,
1945 3649 1974 3688 a
2012 3649 2098 3690 me

512 3724 778 3777 tationem
799 3739 868 3778 ne
895 3722 1076 3794 exigas
1102 3742 1115 3777 :
1148 3723 1367 3778 Paulum
1398 3725 1689 3796 interroga,
1725 3735 1834 3779 tum
1876 3726 1989 3795 ipse
2013 3741 2099 3779 re-

510 3816 795 3887 spondebit
824 3834 838 3871 :
868 3833 995 3871 num
1020 3817 1162 3872 enim
1187 3833 1309 3874 cum
1324 3816 1461 3889 ipsis
1480 3826 1572 3873 aut
1613 3818 1839 3873 seorsim
1865 3818 1934 3874 ab
1968 3817 2098 3887 ipsis

513 3909 778 3980 supplicio
795 3909 1095 3975 addicatur,
1125 3925 1231 3965 non
1260 3925 1478 3981 possum
1501 3910 1681 3966 dicere
1717 3929 1729 3965 :
1780 3926 1943 3980 porro
1989 3926 2096 3965 non

514 4002 696 4056 minus
716 4016 877 4072 quam
904 4000 1260 4067 idololatram,
1285 4001 1432 4056 illum
1471 4019 1502 4057 a
1530 4016 1699 4073 regno
1740 4002 1994 4056 caelorum
2014 4016 2101 4056 ex-

512 4093 715 4157 cidere,
750 4093 802 4147 id
830 4107 959 4147 vero
996 4092 1194 4163 oppido
1243 4092 1595 4149 confirmabo.
1628 4091 1760 4147 Cum
1790 4091 1951 4163 igitur
1997 4090 2100 4146 hoc

513 4184 566 4238 in
607 4182 857 4239 confesso
897 4184 986 4250 sit,
1019 4185 1149 4253 quid
1173 4199 1205 4238 a
1234 4199 1321 4239 me
1341 4183 1596 4254 deinceps
1638 4184 1901 4239 rationem
1936 4197 2096 4253 repo-

516 4275 623 4330 scis
643 4276 711 4329 de
737 4277 936 4344 peccati
961 4275 1239 4331 mensura?
1261 4276 1394 4332 Cum
1415 4277 1559 4332 enim
1581 4285 1737 4332 extra
1752 4274 1897 4330 fores
1926 4289 2102 4330 rema-

513 4375 656 4432 neat,
679 4380 800 4420 cnm
831 4382 861 4421 a
890 4381 1056 4437 regno
1093 4366 1324 4435 excidat,
1371 4382 1493 4421 cum
1530 4381 1724 4438 expers
1762 4367 1852 4421 fiat
1889 4366 2094 4431 salutis,

511 4472 632 4511 cum
663 4457 731 4512 ad
755 4457 1071 4528 supplicium
1093 4457 1409 4512 amandetur
1426 4467 1710 4525 a‘tm'num,
1734 4458 1860 4525 quid
1888 4468 1941 4513 tu
1969 4457 2101 4512 mihi

514 4560 850 4619 peccatorum
876 4565 1154 4606 mensuras
1183 4557 1238 4604 et
1263 4549 1503 4605 bilances
1518 4559 1575 4607 et
1597 4551 1822 4605 trutinas
1834 4548 2050 4620 profers
2076 4550 2100 4604 i

512 4639 730 4711 indigna
762 4655 980 4710 prorsus
1004 4658 1089 4697 res
1115 4650 1198 4696 est
1224 4641 1480 4709 ebrietas,
1509 4642 1866 4709 dilectissimi,
1911 4651 1965 4697 et
1990 4643 2100 4696 im-

516 4741 740 4800 portuna
778 4732 957 4788 valde.
998 4732 1115 4787 Non
1146 4746 1264 4787 mea
1295 4748 1390 4789 vos
1420 4742 1624 4802 spectat
1668 4733 1842 4787 oratio
1871 4750 1884 4786 :
1918 4732 2055 4809 absit
2084 4749 2098 4788 :

514 4825 670 4893 plane
697 4823 958 4894 siquidem
982 4824 1148 4880 credo
1170 4836 1402 4879 vestram
1432 4825 1665 4879 animam
1689 4824 1758 4878 ab
1784 4825 2101 4895 mgritudine

516 4914 615 4969 hac
642 4923 699 4969 et
744 4917 930 4971 morbo
970 4932 1090 4971 esse
1136 4916 1427 4971 immunem
1460 4934 1474 4972 :
1513 4932 1577 4971 ac
1613 4926 1807 4973 vestra:
1858 4918 2101 4973 sanitatis

514 5014 887 5076 argumentum
917 5015 1018 5073 est,
1043 5007 1183 5077 quod
1215 5007 1299 5061 hic
1329 5009 1635 5072 versemini,
1665 5009 1808 5079 quod
1851 5009 1956 5063 huc
1983 5009 2104 5063 dili-

512 5106 704 5168 genter
749 5100 1104 5163 conveniatis,
1158 5099 1299 5169 quod
1331 5109 1531 5155 attente
1573 5101 1841 5157 audiatis:
1896 5116 2055 5157 nemo
2081 5143 2098 5169 ,

514 5191 603 5260 qui
630 5190 753 5247 vino
780 5190 1098 5259 inebrietur,
1126 5191 1428 5247 divinorum
1448 5207 1570 5248 esse
1602 5194 1826 5264 cupidus
1860 5194 2104 5264 eloquiu-

513 5297 633 5336 rum
664 5290 861 5352 potest.
913 5275 1088 5336 Nolite
1113 5283 1351 5336 inebriari
1375 5285 1488 5337 vino
1510 5326 1524 5350 ,
1574 5284 1626 5338 in
1655 5302 1754 5355 quo
1780 5295 1854 5338 est
1873 5287 2099 5350 luxuria,

516 5374 604 5428 sed
631 5375 911 5445 impleniim'
951 5373 1151 5443 Spiritu
1194 5374 1410 5446 (Ephes.
1455 5376 1510 5432 5.
1554 5376 1660 5447 l8).
1712 5377 1974 5432 Praeclara
2020 5387 2105 5434 est

518 5464 635 5520 haec
683 5466 951 5523 ebrietas:
1005 5467 1105 5524 hac
1155 5467 1384 5539 Spiritus
1411 5470 1627 5539 crapula
1678 5479 1820 5525 tuam
1870 5471 2103 5527 animam

520 5572 732 5629 sopora,
765 5574 831 5613 ne
853 5560 1110 5618 ebrietate
1137 5575 1360 5630 soporcs
1387 5578 1399 5614 :
1432 5575 1744 5631 praeoccupa
1788 5573 2022 5619 mentem
2050 5572 2105 5619 ct

515 5694 602 5807 ιρι
620 5692 845 5808 ύεοὺειὶιιη
873 5701 1093 5757 mentem,
1135 5707 1239 5759 pro,
1259 5695 1384 5748 vires
1405 5707 1422 5746 :
1447 5708 1557 5759 qute
1574 5694 1722 5748 lectio
1745 5710 1842 5748 non
1867 5705 1943 5750 est
1963 5712 2105 5763 sper-

534 5775 612 5808 ι,ιι
653 5776 694 5808 ιι.

534 5775 694 5808 ισὶιιιιιι.

1239 313 1294 367 S.
1336 306 1617 368 JOANNIS
1672 294 2153 358 CHRYSOSTOMI
2192 290 2509 351 ARCHIEP.
2551 285 3089 346 CONS’I‘ANTINOP.

3699 285 3803 343 ιδδ

2218 411 2590 482 cogitationes,
2609 423 2678 464 ne
2695 407 2869 462 locum
2891 403 3170 475 impudens
3200 401 3289 457 ille
3309 398 3527 454 morbus
3546 397 3803 453 inveniat.

2217 502 2508 571 Propterea
2534 515 2640 554 non
2669 498 2824 563 dixit,
2857 496 3152 565 Participes
3191 502 3365 549 estote
3403 493 3654 563 Spiritus,
3706 492 3804 547 sed

2217 592 2511 663 Implemini
2540 589 2739 661 Spiritu
2770 606 2789 642 :
2813 587 2879 642 ad
2910 600 3181 642 summum
3211 600 3381 655 usque
3403 594 3638 639 mentem
3667 593 3800 638 tam-

2218 701 2381 756 quam
2405 683 2622 738 calicem
2656 682 2819 750 imple
2862 681 3087 751 Spiritu,
3136 688 3193 733 ut
3220 678 3352 733 nihil
3392 676 3645 747 deinceps
3676 678 3801 748 inji-

2215 792 2339 832 cere
2359 775 2529 846 possit
2552 774 2799 828 diabolus
2824 791 2837 828 :
2868 788 2973 826 non
3003 772 3146 826 enim
3179 771 3366 841 quovis
3389 770 3550 825 modo
3581 773 3796 841 partici«

2216 885 2309 940 pes
2329 886 2426 923 nos
2451 867 2561 921 ﬁeri
2596 866 2795 936 Spiritu
2825 865 2934 934 jam
2960 873 3191 933 oportet,
3221 864 3315 919 sed
3343 863 3546 934 Spiritu
3566 867 3797 937 impleri,

2217 961 2454 1031 psalmis,
2487 958 2721 1030 hymnis,
2750 960 2974 1014 canticis
2996 958 3386 1028 spiritualibus,
3420 959 3613 1027 quibus
3638 958 3801 1013 hodie

2213 1053 2400 1120 repleti
2425 1053 2554 1106 estis
2587 1068 2602 1106 :
2634 1060 2959 1122 quapropter
2975 1051 3045 1107 de
3077 1051 3425 1122 temperantia
3455 1061 3629 1106 vestra
3666 1068 3800 1105 con-

2216 1145 2344 1198 fido.
2372 1144 2667 1199 Praeclarus
2696 1151 2781 1200 est
2807 1143 2963 1199 nobis
2986 1142 3263 1199 ebrietatis
3290 1142 3433 1197 calix
3469 1160 3483 1196 :
3535 1151 3618 1197 est
3661 1143 3801 1197 calix

2204 1236 2507 1300 ebrietatis,
2532 1237 2624 1305 qui
2671 1234 3085 1305 temperantiam
3117 1233 3307 1305 gignit,
3347 1250 3454 1288 non
3483 1233 3796 1305 paralysim.

2212 1328 2469 1396 Quisnam
2501 1327 2589 1381 ille
2619 1328 2822 1396 porro?
2848 1325 2995 1380 Calix
3019 1325 3335 1396 spiritualis,
3357 1325 3495 1380 calix
3525 1325 3797 1388 salutaris,

2211 1421 2351 1475 calix
2396 1419 2709 1490 impollutus
2763 1418 3027 1474 Dominici
3082 1417 3355 1486 sanguinis
3403 1434 3417 1471 :
3470 1431 3578 1470 non
3633 1416 3798 1486 gignit

2208 1513 2527 1567 ebrietatem
2548 1511 2638 1566 ille
2663 1510 2824 1575 calix,
2859 1525 2967 1564 non
2990 1509 3280 1580 paralysim
3299 1508 3485 1579 gignit.
3510 1506 3624 1562 Non
3652 1508 3798 1561 enim

2213 1606 2360 1661 vires
2389 1605 2653 1671 dissolvit,
2677 1604 2772 1659 sed
2799 1604 2941 1658 vires
2970 1602 3200 1668 excitat,
3236 1601 3325 1656 ille
3344 1615 3542 1656 nervos
3572 1615 3678 1654 non
3714 1600 3799 1653 in-

2210 1698 2414 1769 fringit,
2442 1697 2536 1753 sed
2578 1696 2809 1751 intendit
2837 1712 2851 1749 :
2879 1694 3223 1750 sobrietatem
3249 1694 3449 1765 quippe
3486 1692 3678 1755 aﬂ‘ert;
3710 1691 3799 1747 ille

2206 1790 2412 1860 angelis
2436 1789 2769 1844 venerandus
2796 1798 2901 1856 est,
2949 1787 3282 1843 daemonibus
3337 1787 3663 1852 tremendus,
3697 1786 3798 1840 ho-

2209 1884 2441 1938 minibus
2463 1885 2750 1952 pretiosus,
2772 1882 2999 1937 Domino
3026 1880 3290 1936 amabilis.
3313 1880 3475 1935 Vides
3503 1879 3629 1950 quid
3657 1880 3799 1935 dicat

2213 1975 2374 2029 David
2405 1975 2473 2030 de
2502 1974 2767 2045 spirituali
2793 1973 2960 2029 calice
2986 1975 3110 2038 isto,
3152 1973 3241 2044 qui
3284 1973 3589 2043 propositus
3635 1980 3717 2026 est
3744 1973 3795 2024 in

2210 2069 2309 2123 hac
2340 2082 2523 2123 mensa
2542 2067 2568 2122 ?
2596 2066 2805 2122 Parasti
2827 2067 2880 2120 in
2893 2077 3159 2137 conspectu
3190 2083 3298 2120 meo
3314 2083 3539 2120 mensam
3558 2064 3799 2119 adversus

2205 2177 2310 2221 eos,
2342 2161 2429 2230 qui
2441 2158 2684 2214 tribulam
2710 2176 2788 2214 me
2815 2175 2835 2212 .'
2863 2158 3196 2229 impinguasti
3220 2159 3271 2211 in
3293 2161 3403 2212 oleo
3426 2167 3576 2228 caput
3606 2173 3795 2220 meum,

2205 2264 2252 2307 ct
2275 2253 2413 2307 calta:
2441 2262 2558 2307 tuus
2588 2253 2843 2307 inebrians
2870 2269 3021 2322 quam
3053 2253 3333 2323 praeclarus
3379 2263 3451 2306 est
3478 2249 3651 2321 (Psal.
3698 2250 3792 2305 22.

2203 2345 2284 2415 5).
2314 2345 2522 2399 Etenim
2555 2360 2624 2400 ne
2652 2345 2838 2399 audito
2879 2345 3097 2399 nomine
3149 2341 3425 2400 ebrietatis
3467 2343 3645 2397 subito
3683 2357 3795 2397 me-

2210 2449 2411 2504 tueres,
2437 2446 2490 2492 et
2512 2436 2774 2507 ejusmodi
2805 2444 3025 2507 putares
3050 2449 3191 2502 esse,
3224 2445 3282 2489 ιιι
3312 2433 3679 2489 infirmitatem
3713 2435 3795 2488 iu-

2205 2532 2382 2596 rlucat,
2421 2531 2667 2602 adjunxit
2714 2543 2837 2587 esse
2862 2530 3174 2600 pratclarum
3196 2538 3249 2583 et
3297 2529 3530 2582 firmum.
3587 2526 3793 2581 Novum

2201 2624 2479 2679 ebrietatis
2508 2638 2697 2694 genus,
2723 2621 2892 2676 robur
2921 2620 3157 2674 immittit
3184 2629 3237 2674 et
3267 2618 3497 2673 validum
3527 2617 3703 2673 reddit
3730 2631 3793 2670 ac

2204 2724 2477 2786 potentem
2511 2732 2526 2771 :
2556 2714 2752 2784 quippe
2771 2712 2911 2783 quod
2949 2726 3015 2767 ex
3045 2711 3303 2782 spirituali
3347 2720 3497 2781 petra
3526 2707 3797 2780 proﬂuxe-

2202 2808 2274 2863 rit
2301 2827 2314 2863 :
2340 2824 2443 2864 non
2475 2818 2559 2865 est
2596 2808 2907 2878 depravatio
2954 2807 3360 2877 cogitationum,
3391 2803 3484 2859 sed
3536 2803 3789 2873 spiritua-

2204 2902 2331 2957 lium
2357 2902 2739 2972 cogitationum
2767 2898 3146 2955 accumulatio.

2277 2996 2330 3050 ὅ.
2370 2994 2482 3051 llae
2509 2993 2768 3051 ebrietate
2809 2993 2941 3049 ebrii
2998 2993 3186 3058 simus,
3241 2991 3307 3046 ab
3333 2989 3420 3045 illa
3459 3003 3589 3044 vero
3627 2987 3791 3043 absti-

2203 3100 2444 3152 neamus,
2478 3099 2546 3140 ne
2570 3092 2891 3155 praesentem
2922 3082 3308 3138 solemnitatem
3360 3080 3623 3137 dedecore
3671 3079 3789 3133 affi-

2202 3178 2405 3233 ciamus
2430 3195 2445 3231 :
2474 3192 2579 3231 non
2600 3177 2742 3232 enim
2770 3186 2925 3230 terrm
2954 3184 3179 3242 tantum,
3208 3174 3300 3229 sed
3329 3182 3385 3228 et
3411 3173 3523 3228 cceli
3541 3182 3625 3227 est
3653 3187 3795 3242 prm—

2204 3285 2327 3324 sens
2372 3268 2722 3333 solemnitas;
2766 3267 2925 3322 hodie
2959 3266 3208 3336 gaudium
3238 3274 3320 3320 est
3344 3265 3396 3319 in
3440 3273 3602 3331 terra,
3633 3263 3791 3317 hodie

2201 3361 2453 3431 gaudium
2505 3361 2557 3415 in
2597 3360 2767 3415 ctelo:
2798 3358 2843 3414 si
2884 3359 3026 3413 enim
3073 3372 3182 3412 uno
3229 3366 3508 3427 peccatore
3532 3370 3792 3410 converso

2200 3456 2451 3528 gaudium
2477 3455 2639 3509 estin
2668 3462 2807 3508 terra
2837 3461 2893 3507 et
2915 3450 3046 3507 cmlo
3101 3450 3121 3517 (
3150 3448 3280 3505 Luc.
3311 3449 3395 3504 l5.
3431 3447 3533 3509 10)
3559 3489 3574 3513 ,
3624 3447 3791 3501 nmlto

2203 3548 2373 3618 magis
2400 3556 2610 3603 extorto
2633 3547 2702 3601 de
2725 3545 2921 3601 diaboli
2954 3545 3198 3599 manibus
3230 3552 3340 3598 toto
3370 3542 3501 3596 orbe
3529 3550 3789 3595 terrarum

2202 3640 2451 3711 gaudium
2488 3640 2594 3695 erit
2641 3639 2695 3693 in
2734 3638 2887 3693 caelo.
2921 3637 3072 3692 Nunc
3102 3637 3368 3691 exsultant
3412 3632 3606 3703 angeli,
3648 3646 3792 3685 nunc

2202 3731 2450 3786 la.-tantur
2471 3730 2796 3801 archangeli,
2829 3743 2971 3785 nunc
2990 3727 3282 3808 .Chernbim
3306 3735 3362 3781 ct
3378 3725 3657 3794 Seraphim
3690 3723 3793 3778 hoc

2203 3822 2479 3877 nobiscum
2519 3820 2714 3876 festum
2759 3818 3032 3875 celebrant
3059 3837 3073 3872 ;
3102 3832 3210 3872 non
3237 3817 3356 3871 illos
3378 3814 3544 3885 pudet
3569 3828 3791 3868 conser-

2202 3926 2431 3977 vorum,
2489 3910 2587 3967 sed
2642 3911 2841 3965 nostris
2880 3909 3036 3965 bonis
3085 3909 3433 3979 gratulantur.
3482 3905 3591 3960 Etsi
3649 3907 3792 3959 enim

2203 4017 2444 4062 nostrum
2472 4016 2555 4061 est
2574 4005 2717 4076 quod
2742 4020 2773 4060 a
2804 4003 3029 4059 Domino
3053 4002 3355 4073 accepimus
3393 4002 3614 4068 donum,
3640 4015 3792 4056 com-

2205 4099 2381 4154 mtmis
2409 4105 2493 4153 est
2520 4105 2695 4153 tamen
2725 4107 2916 4153 etcum
2957 4094 3060 4149 illis
3084 4094 3350 4164 voluptas.
3393 4092 3497 4148 Sed
3529 4091 3655 4163 quid
3691 4092 3793 4161 ego

2203 4207 2499 4249 conservos
2522 4190 2922 4247 commemoro?
2947 4188 3120 4259 ipsum
3163 4187 3442 4242 Dominum
3474 4186 3685 4239 illorum
3729 4198 3793 4237 ac

2206 4293 2449 4339 nostrum
2487 4283 2764 4339 uobiscum
2800 4281 3079 4337 celebrare
3126 4280 3318 4334 festum
3357 4293 3464 4331 non
3511 4276 3707 4347 pudet:
3739 4286 3794 4329 at

2204 4376 2330 4447 quid
2340 4390 2440 4445 ego
2456 4390 2640 4430 rursus
2658 4389 2761 4429 non
2780 4389 2902 4428 eum
2923 4370 3123 4442 pudere
3137 4371 3258 4426 dico
3273 4367 3582 4434 ?Desiderio,
3600 4368 3790 4437 inquit,

2207 4469 2484 4524 desideraui
2512 4468 2605 4522 hoc
2638 4466 2842 4521 Pascha
2888 4463 3196 4518 manducare
3221 4460 3473 4515 vobiscum
3499 4459 3519 4533 (
3542 4459 3667 4515 Luc.
3697 4457 3791 4514 2‘2.

2208 4563 2276 4616 15
2303 4559 2322 4632 )
2347 4580 2360 4615 :
2390 4558 2531 4630 quod
2568 4557 2615 4612 si
2665 4556 2884 4613 Pascha:
2913 4554 3107 4610 festum
3153 4553 3429 4608 celebrare
3469 4549 3798 4605 desideravit

2208 4653 2522 4714 nobiscum,
2574 4649 2716 4705 haud
2762 4648 2982 4704 dubium
3032 4646 3159 4716 quin
3218 4654 3272 4700 ct
3322 4643 3795 4699 Resurrectionem

2207 4761 2440 4819 quoque.
2467 4742 2691 4813 Quando
2720 4741 2878 4811 igitur
2910 4738 3084 4809 angeli
3109 4737 3360 4808 gaudent,
3391 4746 3445 4791 ct
3467 4734 3802 4803 archangeli,

2207 4837 2553 4906 omniumque
2600 4833 2857 4889 Dominus
2882 4831 3174 4886 caelestium
3217 4830 3472 4884 virtutum
3519 4825 3797 4881 nobiscum

2204 4928 2401 4985 testam
2449 4924 2807 4988 concelebrat,
2852 4938 2976 4994 qua:
3006 4920 3220 4977 tandem
3264 4932 3549 4991 superesse
3586 4918 3800 4972 occasio

2209 5021 2438 5078 tristitiie
2460 5018 2684 5089 potest?

2282 5110 2338 5166 Ν
2341 5112 2446 5165 ulla
2473 5124 2800 5181 personarum
2831 5104 3088 5161 distinctio
3117 5105 3170 5159 in
3201 5102 3589 5174 participatione
3606 5099 3665 5154 Μ
3667 5109 3801 5171 yste-

2210 5202 2687 5261 riorum.—Nullus
2717 5215 2917 5271 pauper
2944 5200 3014 5254 ob
3042 5208 3405 5269 paupertatem
3434 5197 3503 5251 sit
3533 5204 3755 5251 mmstus
3782 5211 3797 5257 ;

2212 5298 2326 5352 haec
2347 5300 2490 5352 enim
2518 5293 2803 5351 celebritas
2830 5303 2917 5348 est
2935 5291 3225 5361 spiritualis
3256 5308 3271 5344 :
3301 5288 3478 5343 nullus
3507 5289 3656 5343 dives
3676 5287 3804 5342 effe-

2211 5399 2360 5445 ratur
2387 5388 2456 5443 ob
2484 5385 2894 5451 divitias;nihil
2948 5382 3088 5439 enim
3123 5397 3188 5437 ex
3243 5381 3482 5452 pecuniis
3528 5381 3594 5435 ad
3649 5379 3804 5447 hujus

2211 5479 2538 5536 celebritatis
2550 5477 2870 5547 voluptatem
2886 5483 3060 5544 potest
3071 5472 3334 5529 conferre.
3354 5472 3485 5527 Nam
3501 5474 3550 5526 in
3570 5478 3805 5527 externis

2212 5571 2426 5641 quidem
2452 5580 2507 5626 et
2535 5569 2880 5625 Stecularibus
2903 5569 3072 5635 festis,
3093 5568 3180 5622 ubi
3213 5566 3438 5621 multum
3470 5583 3698 5629 mcrmn,
3718 5566 3804 5619 ubi

2212 5679 2395 5719 mensa
2419 5662 2615 5718 referta
2664 5673 2719 5717 et
2758 5661 2825 5715 ad
2873 5661 3172 5715 satietatem
3199 5663 3540 5727 comessatio,
3573 5661 3661 5715 ubi
3694 5668 3806 5712 tur-

2216 5755 2400 5827 pitudo
2436 5765 2491 5810 et
2538 5755 2699 5824 risus,
2730 5753 2817 5810 ubi
2846 5755 3019 5810 omnis
3070 5768 3260 5824 pompa
3304 5753 3541 5810 satanica
3570 5770 3588 5809 :
3617 5749 3810 5808 merito
