4130 6438
347 452 459 508 435

346 567 445 621 καὶ
463 565 638 654 οὕτως
687 569 835 654 ἐκχεῖ
862 570 1038 654 ,σίελον
1066 575 1359 645 σεσηπότα,
1408 579 1503 631 καὶ
1534 579 1796 645 δυσωδίας
1822 583 1923 654 ἐμ-

345 649 654 734 πέπλησται
688 651 749 703 τὸ
778 653 951 723 στόμα
973 655 1268 727 ἀφορήτου.
1297 658 1476 725 Φίλοις
1505 662 1674 734 ἀηδὴς
1702 665 1730 717 ὁ
1750 649 1926 719 τοιοῦ-

342 748 458 796 τος,
481 733 693 819 ἐχθροῖς
712 738 1139 819 καταγέλαστος,
1169 741 1407 807 οἰκέταις
1429 733 1924 819 εὐκαταφρόνητος,

340 816 564 883 γυναικὶ
593 816 857 887 ἀτερπὴς,
884 821 1017 873 πᾶσι
1051 824 1326 893 φορτικὸς,
1358 825 1467 879 τῶν
1496 827 1706 896 ἀλόγων
1748 816 1927 885 αὐτῶν

339 898 763 972 ἀτερπέστερος.
814 903 894 956 Τὰ
949 904 1119 974 ἄλογα
1169 907 1331 978 μέχρι
1374 910 1499 963 τότε
1545 912 1691 967 πίνει
1718 913 1823 978 ἐως
1859 913 1926 968 ἂν

338 981 491 1052 διψῇ,
525 983 619 1036 καὶ¹
650 987 720 1056 τῇ
774 986 935 1057 χρείᾳ
966 986 1063 1058 τὴν
1089 988 1384 1060 ἐπιθυμίαν
1405 992 1616 1063 ἵστησιν
1641 1013 1654 1027 ·
1685 988 1840 1061 οὗτος
1867 997 1926 1052 δέ

338 1068 406 1149 τῇ
440 1067 703 1140 ἀκολασίᾳ
737 1070 1071 1141 παρέρχεται
1109 1071 1209 1141 τὴν
1236 1074 1558 1146 ἐπιθυμίαν,
1609 1080 1703 1132 καὶ¹
1735 1080 1925 1149 γέγονε

338 1148 447 1233 τῶν
479 1150 691 1220 ἀλόγων
716 1153 1053 1224 ἁλογώτερος
1073 1172 1087 1186 ·
1111 1156 1208 1210 καὶ
1231 1158 1293 1211 τὸ
1311 1157 1377 1229 δὴ
1407 1148 1821 1233 χαλεπώτερον,
1840 1164 1923 1218 ὅτι
1974 1212 1981 1217 .

337 1231 553 1304 νόσημα
606 1235 876 1292 τοσούτων
930 1237 1104 1308 γέμον
1153 1240 1341 1294 κακῶν
1384 1242 1477 1296 καὶ
1500 1231 1770 1309 τοσαύτας
1801 1245 1923 1318 ἔχον

339 1318 630 1388 συμφορὰς
654 1318 776 1373 οὐδὲ
805 1318 1058 1392 ἔγκλημα
1081 1318 1224 1375 εἶναι
1245 1323 1525 1394 νομίζεται
1549 1343 1563 1358 ·
1595 1328 1712 1382 ἀλλ’
1727 1330 1786 1382 ἐν
1804 1333 1925 1394 ταῖς

335 1400 447 1484 τῶν
475 1400 852 1458 πλουτούντων
893 1404 1198 1474 τραπέζαις
1238 1407 1439 1478 ἅμιλλα
1479 1411 1574 1464 καὶ
1607 1410 1757 1481 ἀγὼν
1782 1414 1924 1484 ὑπὲρ

334 1483 436 1552 τῆς
464 1486 854 1558 ἀσχημοσύνης
897 1488 1104 1555 γίνεται
1152 1489 1378 1561 ταύτης,
1421 1493 1517 1547 καὶ
1560 1483 1926 1563 φιλονεικοῦσι

339 1566 605 1635 μειζόνως
630 1567 767 1639 πρὸς
788 1568 1074 1642 ἀλλήλους,
1097 1572 1181 1635 τίς
1193 1573 1385 1627 ἐαυτὸν
1410 1576 1952 1648 παραδειγματίσει,·

333 1649 421 1714 τίς
450 1650 673 1704 πλείονα
703 1654 960 1727 παράσχῃ
985 1655 1219 1724 γέλωτα,
1247 1657 1333 1721 τίς
1365 1659 1568 1728 μᾶλλον
1591 1660 1830 1715 διαλύσει
1857 1664 1925 1716 τά

334 1732 525 1805 νεῦρα,
572 1734 657 1798 τίς
684 1736 887 1806 μᾶλλον
914 1737 1211 1794 καταλύσει
1248 1740 1350 1809 τὴν
1378 1741 1609 1814 δύναμιν
1644 1757 1694 1811 ⁸,
1724 1746 1809 1810 τίς
1833 1745 1925 1799 τὸν

336 1817 516 1870 κοινὸν
560 1819 839 1891 Δεσπότην
871 1821 1165 1893 παροξυνεῖ
1199 1823 1396 1878 πλέον·
1450 1827 1547 1880 καὶ
1596 1826 1743 1882 ἐστιν
1799 1829 1924 1881 ἰδεῖν

335 1900 552 1954 στάδιον
585 1903 679 1956 καὶ
718 1901 952 1973 ἅμιλλαν
995 1905 1330 1977 διαϐολικήν.
1373 1907 1432 1961 'O
1468 1908 1683 1979 μεθύων
1701 1910 1811 1965 τῶν
1839 1929 1929 1965 νε-

335 1980 484 2051 κρῶν
510 1982 839 2057 ἀθλιώτερος
857 2003 870 2017 ·
890 1988 1095 2052 ἐκεῖνος
1119 1989 1217 2060 μὲν
1242 1988 1354 2060 γὰρ
1373 1991 1697 2062 ἀναίσθητος
1726 1997 1926 2058 κεῖται,

337 2064 592 2145 καὶπρὸς
620 2067 691 2121 τά
737 2068 880 2122 καλὰ
913 2070 1008 2124 καὶ
1055 2071 1193 2142 πρὸς
1244 2072 1313 2127 τὰ
1347 2072 1493 2127 κακὰ
1530 2075 1923 2145 ἀνενέργητος·

335 2142 488 2230 οὗτος
513 2149 571 2203 δέ
604 2150 744 2222 πρὸς
776 2153 876 2225 τήν
902 2153 1012 2208 τῶν
1049 2154 1234 2209 κακῶν
1270 2156 1532 2228 ἐργασίαν
1561 2142 1712 2211 ἐστὶν
1737 2142 1928 2230 ἐπιτή-

335 2228 472 2293 δειος
496 2241 517 2258 ⁶
540 2234 637 2287 καὶ
659 2233 911 2307 καθάπερ
940 2238 997 2289 ἐν
1028 2239 1271 2309 μνήματι
1291 2239 1368 2309 τῷ
1398 2238 1612 2311 σώματι
1632 2240 1729 2313 τήν
1748 2228 1926 2315 ψυχὴ-ν

333 2316 658 2386 κατορύξας,
721 2320 915 2391 νεκρὸν
968 2321 1260 2393 περιφέρει
1316 2322 1379 2376 τὸ
1411 2324 1591 2394 σῶμα.
1627 2321 1783 2390 Εἶδες
1809 2327 1929 2392 πῶς

332 2397 425 2451 τοῦ
452 2398 815 2471 δαιμονῶντός
846 2405 993 2457 ἐστιν
1033 2403 1390 2477 ἁθλιώτερος;
1425 2407 1545 2472 πῶς
1571 2408 1683 2462 τῶν
1714 2410 1928 2482 νεκρῶν

332 2483 785 2558 άναισθητότερος
801 2503 815 2552 ;
836 2485 1022 2540 Βούλει
1044 2488 1106 2541 τὸ
1121 2488 1341 2544 πάντων
1355 2490 1563 2545 τούτων
1585 2491 1768 2562 μεῖξον
1785 2495 1927 2548 εῐπω

334 2565 426 2618 καὶ
457 2566 872 2640 χαλεπώτερον;
915 2570 1148 2624 Μεθύων
1197 2571 1485 2643 ἄνθρωπος
1525 2576 1606 2637 είς
1647 2574 1925 2645 βασιλείαν

330 2650 579 2720 οὐρανῶν
603 2652 865 2708 εἰσελθεῖν
884 2654 944 2708 οὐ
978 2655 1201 2710 δύναται
1226 2673 1239 2687 ·
1266 2656 1349 2720 τίς
1370 2657 1546 2710 ταῦτά
1574 2675 1741 2729 φησι;
1773 2660 1925 2714 Παῦ-

332 2733 438 2796 λος.
467 2733 565 2802 Μὴ
602 2736 945 2793 πλανᾶσθε·
980 2738 1120 2793 οὔτε
1160 2739 1393 2807 πόρνοι,
1431 2741 1571 2795 οὔτε
1606 2741 1925 2799 εἰδωλολά-

330 2834 484 2887 τραι,
505 2821 876 2892 οὕτεμοιχοί,
903 2823 1044 2877 οὔτε
1073 2825 1361 2893 μαλακοί,
1397 2826 1536 2880 οὔτε
1570 2828 1922 2896 ἀρσενοκοῖ-

261 2911 270 2937 ί
329 2918 440 2969 ται,
472 2904 610 2959 οὔτε
642 2905 914 2974 κλέπται,
947 2906 1086 2961 οὔτε
1118 2907 1499 2977 πλεονέκται,
1540 2912 1614 2965 οὐ
1641 2911 1919 2981 μέθυσοι,

329 2987 400 3038 οὐ
423 2986 709 3056 λοίδοροι,
752 2990 866 3059 οὐχ
907 2990 1173 3060 ἅρπαγες
1210 2989 1365 3063 [ΗΟ]
1411 2992 1743 3056 βασιλείαν
1771 2995 1920 3051 Θεοῦ

329 3070 922 3139 κληρονομήσουσιν.
958 3074 1237 3136 Ἤκουσας
1282 3075 1364 3137 είς
1396 3077 1547 3128 ποῖον
1576 3076 1740 3130 αὐτὸν
1765 3077 1919 3144 ἔταξε

328 3152 524 3221 χορόν;
567 3154 722 3208 Μετὰ
768 3154 878 3210 τῶν
939 3156 1334 3228 ήταιρηκότων,
1361 3157 1499 3227 μετά
1535 3158 1644 3211 τῶν
1687 3177 1920 3232 πορνευ-

330 3235 561 3302 σάντων,
594 3238 732 3307 μετὰ
763 3239 876 3293 τῶν
911 3240 1335 3311 εἰδωλολατρῶν,
1380 3241 1518 3312 μετὰ
1547 3242 1656 3296 τῶν
1688 3244 1914 3314 μοιχῶν,

330 3318 471 3388 μετὰ
497 3318 606 3372 τῶν
634 3320 907 3392 λοιδόρων,
944 3323 1080 3394 μετὰ
1110 3323 1219 3377 τῶν
1252 3323 1610 3387 πλεονεκτῶν,
1638 3326 1778 3396 μετὰ
1807 3328 1916 3381 τῶν

328 3401 612 3472 ἁρπάγων.
654 3403 721 3455 Τί
757 3400 870 3471 οῦν,
894 3405 1058 3475 φησίν
1083 3422 1098 3470 ;
1126 3408 1155 3459 0
1181 3405 1395 3476 μεθύων
1422 3408 1517 3460 καὶ
1549 3408 1577 3459 0
1598 3408 1915 3480 ἡταιρηκώς

326 3484 386 3536 τὸ
410 3485 581 3550 αὐτό;
619 3488 648 3540 0
692 3486 907 3556 μεθύων
936 3488 1030 3542 καὶ⁵
1061 3490 1089 3541 0
1116 3488 1511 3559 εἰδωλολάτρης
1534 3489 1597 3542 τὸ
1621 3490 1786 3556 αὺτό;
1819 3494 1910 3564 Μή

330 3584 417 3636 μοι
443 3567 574 3635 λέγε
618 3569 812 3634 ταῦτα,
865 3570 1116 3643 ἄνθρωπε
1136 3588 1150 3601 ·
1181 3572 1382 3642 νόμους
1430 3573 1671 3640 ἀνέγνων
1712 3572 1910 3640 θείους,

327 3651 427 3719 ἐμὲ
458 3650 559 3715 τὰς
596 3652 824 3717 εὐθύνας
854 3654 929 3725 μὴ
964 3654 1217 3708 ἀπαίτει·
1245 3654 1453 3709 Παῦλον
1486 3654 1780 3725 ἐρώτησον,
1818 3660 1913 3712 καὶ

325 3734 490 3796 αὐτὸς
518 3735 888 3806 ἀποκρίνεται.
919 3738 983 3789 El
1018 3738 1116 3807 μὲν
1144 3740 1252 3809 γὰρ
1290 3739 1385 3791 σὺν
1410 3738 1591 3802 αὐτοῖς
1623 3738 1655 3809 ἢ
1690 3740 1765 3811 μὴ
1794 3743 1911 3811 μετ’

326 3818 508 3871 αὐτῶν
565 3819 955 3872 κατατάττεται
1011 3822 1075 3890 τῇ
1113 3820 1349 3886 κολάσει,
1404 3823 1503 3875 οὐκ
1541 3822 1650 3892 ἔχω
1683 3822 1910 3891 λέγειν·

326 3901 404 3954 δτι
431 3900 492 3953 δέ
517 3901 609 3953 καὶ
633 3902 835 3971 ὁμοίως
866 3901 944 3973 τῷ
972 3902 1335 3977 εἰᾶυλολάτρῃ
1367 3904 1467 3974 τῆς
1493 3904 1773 3974 βασιλείας
1801 3907 1911 3962 τῶν

325 3987 573 4059 οὐρανῶν
610 3988 882 4055 ἐκπίπτει,
908 3989 1064 4043 τοῦτο
1101 3990 1307 4061 σφόδρα
1333 3990 1399 4043 ἂν
1431 3991 1907 4065 διισχυρισαίμην·

324 4070 519 4124 τούτου
539 4069 595 4122 δέ
618 4071 877 4141 ὀμολογου
886 4072 1069 4142 μένου,
1094 4074 1145 4125 τί
1166 4073 1352 4126 λοιπὸν
1382 4074 1481 4145 ἐμὲ
1502 4076 1735 4139 εὐθύνας
1755 4079 1911 4132 άπαι-

323 4156 433 4215 τεῖς
452 4153 550 4205 τοῦ
580 4154 777 4224 μέτρου
801 4155 902 4226 τῆς
926 4155 1231 4226 ἁμαρτίας;
1264 4156 1434 4210 ’Ὀταν
1466 4156 1575 4230 γὰρ
1608 4158 1714 4225 ἔξω
1752 4162 1909 4234 μείνῃ

324 4236 433 4289 τῶν
470 4234 670 4307 θυρῶν,
696 4237 826 4290 ὅταν
877 4238 1083 4310 ἐκπέσῃ
1106 4239 1203 4310 τῆς
1236 4239 1529 4310 βασιλείας.
1549 4243 1676 4296 ὅταν
1704 4242 1908 4314 ἔρημος

325 4320 553 4389 γένηται
578 4321 675 4391 τῆς
711 4323 1008 4393 σωτηρίας,
1041 4324 1171 4375 ὅταν
1197 4325 1276 4387 είς
1316 4323 1415 4395 τὴν
1444 4325 1663 4380 κόλασιν
1691 4328 1908 4383 αἰώνιον

325 4403 705 4475 παραπεμφθῇ
724 4420 744 4434 ·
767 4405 820 4458 τί
869 4422 958 4474 μοι
997 4406 1170 4476 μέτρα
1204 4408 1619 4479 ἁμαρτημάτων
1647 4411 1742 4463 καλ¹
1768 4410 1909 4481 ζυγὰ

324 4489 417 4540 καὶ
480 4487 717 4557 στάθμια
779 4489 1115 4560 προτείνεις;
1151 4490 1378 4554 Ὀντως,
1416 4493 1706 4564 ἀγαπητοὶ,
1737 4494 1906 4548 δεινὸν

323 4571 356 4640 ή
380 4570 521 4640 μέθη
553 4572 646 4624 καὶ
669 4572 903 4641 χαλεπὸν
943 4572 1105 4627 πάνυ.
1137 4574 1211 4626 Οὐ
1241 4574 1377 4645 πρὸς
1408 4575 1434 4613 ι»
1460 4574 1604 4645 ὑμᾶς
1633 4574 1792 4643 λέγω·
1831 4579 1905 4649 μὴ

322 4652 565 4719 γένοιτο·
621 4653 760 4707 πάνυ
801 4653 911 4725 γάρ
954 4654 1280 4726 πέπεισμαι,
1323 4656 1404 4708 ὃτι
1448 4656 1665 4729 καθαρὰ
1692 4658 1902 4731 ὐμῶνή

321 4734 466 4805 ψυχὴ
513 4735 607 4788 τοῦ
664 4738 967 4808 νοσήματος
1020 4739 1115 4790 καὶ
1168 4736 1263 4791 τοῦ
1320 4739 1523 4803 πάθους
1561 4741 1772 4807 τούτου,
1813 4746 1906 4798 καὶ

321 4820 618 4890 τεκμήριον
662 4819 762 4888 τῆς
821 4820 1008 4888 ὑγείας
1055 4822 1091 4891 ή
1118 4820 1350 4875 ἐνταῦθα
1391 4822 1659 4894 διατριϐὴ,
1698 4828 1730 4897 ή
1766 4827 1906 4897 μετὰ

322 4902 558 4972 σπουδῆς
600 4902 847 4968 σύνοδος,
880 4904 914 4972 ή
945 4903 1190 4972 νήφουσα
1234 4905 1526 4976 ἀκρόασις·
1574 4907 1748 4972 οὐδεὶς
1794 4909 1904 4980 γὰρ

319 4985 444 5054 οἴνῳ
496 4984 711 5054 μεθύων
754 4985 1039 5054 ἐπιθυμεῖν
1092 4985 1251 5039 θείων
1295 4987 1489 5055 λογίων
1535 4989 1774 5044 δύναται.
1804 4993 1901 5061 Μὴ

315 5069 689 5133 μεθύσκεσθε
708 5066 852 5135 οἴνῳ
876 5066 946 5119 ἐν
977 5061 1026 5133 ᾧ
1061 5068 1234 5121 ἐστιν
1261 5069 1490 5123 ἀσωτία
1507 5087 1521 5103 ·
1558 5073 1719 5127 ἀλλὰ
1746 5079 1902 5142 πλη-

315 5150 538 5216 ροῦσθε
556 5151 626 5205 ἐν
645 5152 945 5219 Πνεύματι
971 5161 1021 5203 ο.
1039 5150 1189 5222 Αὕτη
1215 5153 1248 5223 ή
1275 5152 1415 5225 καλὴ
1451 5154 1589 5226 μέθη
1609 5172 1623 5186 ·
1651 5156 1901 5228 κάρωσόν

321 5249 412 5284 σου
439 5233 538 5304 τὴν
587 5232 765 5305 ψυχὴν
822 5232 903 5303 τῷ
957 5232 1257 5304 Πνεύματι,
1300 5236 1389 5289 ἵνα
1420 5237 1494 5307 μὴ
1535 5237 1789 5309 καρώσῃς
1829 5243 1896 5312 τῇ

323 5316 487 5386 μέθῃ·
522 5315 903 5385 προκατάλαϐε
928 5317 1028 5387 τὴν
1049 5315 1286 5370 διάνοιαν
1307 5319 1401 5372 καὶ
1431 5320 1558 5384 τοὺς
1572 5320 1895 5391 λογισμοὺς,

320 5398 401 5449 ἵνα
438 5402 508 5469 μὴ
542 5398 678 5469 εὕρῃ
716 5397 899 5469 χώραν
931 5400 1108 5452 ἐκεῖνο
1141 5398 1203 5452 τὸ
1235 5400 1405 5464 πάθος
1435 5402 1496 5454 τὸ
1521 5404 1894 5474 ἀναίσχυντον.

317 5481 415 5535 Διὰ
435 5481 590 5536 τοῦτο
622 5482 721 5535 οὐκ
742 5478 884 5546 εἷπε,
909 5482 1182 5553 Μετέχετε
1208 5483 1348 5537 Πνεύ
1357 5501 1546 5556 ματος,
1568 5485 1706 5539 ἀλλὰ
1732 5490 1896 5558 Πλη-

375 5648 401 5676 ¹¹
423 5647 455 5696 Γ
444 5649 618 5701 ιοὶεἰὶη.
636 5649 723 5707 τὴν
743 5651 969 5698 διάνοιαν.

374 5708 409 5778 δ’
428 5711 547 5778 Reg:
568 5712 1025 5778 προκρίνεις;Δεινὸν
1043 5714 1074 5768 ἡ
1099 5712 1233 5774 μέθη,
1259 5714 1314 5761 οὐ
1333 5714 1464 5778 πρός.
1489 5714 1614 5775 Reg.
1651 5727 1771 5764 vero
1793 5716 1823 5763 2
1843 5717 1892 5768 in

315 5774 478 5819 mulus
500 5773 683 5842 gpiq'ue
700 5773 875 5823 ’varial.
912 5773 1012 5824 Nos
1051 5773 1112 5824 ea
1156 5781 1342 5825 tantum
1374 5773 1495 5838 'quaa
1526 5773 1643 5827 sint
1685 5778 1894 5842 alicujus

316 5837 546 5884 momenti
573 5842 814 5883 notamus.

288 5892 299 5906 ⁸
374 5896 397 5926 ⁸
427 5894 539 5959 Ιὶυε.
572 5896 604 5944 ‘2
624 5894 888 5961 πληροῦσθε
912 5896 1203 5959 Πνεύματος.

1328 463 1416 518 DE
1458 456 2045 523 R’ESURRECTIONE
2077 469 2138 527 D.
2168 471 2234 526 N.
2268 471 2429 529 JESU
2458 471 2754 534 CHRISTI.
3518 481 3623 537 «£36

2029 592 2258 657 ροῦσθε
2281 594 2648 662 Πνεύματος.
2666 592 2813 655 Ἕως
2843 592 2954 647 ἄνω
2981 593 3077 664 τὴν
3108 594 3343 648 διάνοιαν
3375 597 3624 669 καθάπερ

2034 680 2297 751 ποτήριον
2318 678 2410 733 τοῦ
2451 678 2772 750 Πνεύματος
2800 680 3106 752 πλήρωσον,
3140 683 3225 734 ἵνα
3264 684 3429 753 μηδὲν
3460 686 3625 755 ἐμϐα-

2030 765 2143 819 λεῖν
2199 766 2401 838 δυνηθῇ
2432 767 2618 820 λοιπὸν
2676 768 2705 821 ὁ
2749 767 3028 831 διάϐολος·
3085 770 3147 821 οὐ
3190 769 3300 840 γὰρ
3330 770 3516 834 ἁπλῶς
3544 772 3625 827 δεῖ

2033 856 2281 925 μετέχειν
2334 854 2521 909 λοιπὸν
2570 856 2666 908 τοῦ
2701 855 3038 926 Πνεύματος,
3090 856 3228 910 ἀλλὰ
3284 857 3621 929 πληροῦσθαι

2028 942 2370 1014 Πνεύματος,
2427 942 2681 1014 ψαλμοῖς,
2730 942 2939 1015 ὕμνοις,
2988 944 3153 1015 ᾠδαῖς
3202 950 3621 1016 πνευματικαῖς,

2026 1023 2103 1085 ὧν
2138 1029 2499 1103 ἐπληρώθητε
2545 1032 2806 1102 σήμερον.
2851 1030 2948 1083 Διὰ
2972 1031 3130 1084 τοῦτο
3163 1031 3350 1104 θαρρῶ
3380 1033 3621 1104 περὶτῆς

2029 1118 2392 1192 σωφροσύνης
2420 1119 2599 1190 ὑμῶν.
2637 1121 2827 1173 Ἔστιν
2870 1121 2999 1191 ἡμῖν
3025 1123 3283 1193 ποτήριον
3317 1122 3490 1193 μέθης
3523 1139 3622 1175 και

2024 1207 2137 1274 λὸν,
2195 1207 2310 1261 ἐστι
2340 1209 2601 1279 ποτήριον
2657 1207 2827 1279 μέθης
2878 1208 3230 1279 σωφροσύνην
3289 1208 3498 1275 ποιοῦν,
3557 1208 3621 1262 οὐ

2026 1295 2357 1367 παράλυσιν.
2388 1295 2549 1349 Ποῖον
2584 1294 2642 1348 δέ
2694 1293 2852 1347 τοῦτο
2872 1314 2888 1358 ;
2912 1295 2985 1347 Τὸ
3018 1298 3274 1367 ποτήριον
3295 1298 3355 1348 τὸ
3382 1313 3623 1366 πνευμαι

2026 1384 2197 1450 τικὸν,
2242 1385 2305 1437 τὸ
2357 1384 2617 1454 ποτήριον
2644 1383 2707 1436 τὸ
2733 1382 2999 1452 ἄχραντον
3034 1383 3128 1436 τοῦ
3159 1384 3391 1453 αἵματος
3416 1384 3509 1437 τοῦ
3531 1387 3621 1436 Δε-

2029 1471 2310 1527 σποτικοῦ.
2367 1470 2575 1525 Ἐκεῖνο
2618 1470 2678 1524 οὐ
2745 1473 2892 1524 ποιεῖ
2934 1469 3126 1541 μέθην,
3177 1473 3352 1524 ἐκεῖνο
3377 1471 3441 1524 οὐ
3475 1474 3622 1524 ποιεῖ

2026 1560 2332 1631 παράλυσιν
2358 1574 2373 1588 ·
2403 1558 2465 1611 οὐ
2503 1557 2612 1629 γάρ
2660 1556 2930 1628 παραλύει
2964 1556 3213 1627 δύναμιν,
3269 1557 3383 1611 ἀλλ’
3410 1559 3617 1629 ἐγείρει

2027 1646 2261 1717 δύναμιν
2285 1661 2298 1677 ·
2328 1647 2506 1699 ἐκεῖνο
2532 1645 2594 1698 οὐ
2624 1644 2883 1698 καταλύει
2907 1645 2977 1698 τὰ
2999 1645 3188 1716 νεῦρα,
3216 1646 3354 1698 ἀλλὰ
3374 1648 3520 1699 τονοῖ
3546 1646 3616 1698 τὰ

2027 1739 2196 1811 νεῦρα
2220 1754 2233 1768 ·
2277 1739 2458 1793 έκεῖνο
2481 1737 2591 1808 γὰρ
2625 1736 2787 1808 νῆψιν
2819 1739 2982 1803 ποιεῖ,
3008 1739 3184 1792 ἐκεῖνο
3211 1739 3489 1810 αἰδέσιμον
3519 1740 3617 1810 ἀγ-

2026 1832 2228 1899 γέλοις,
2294 1830 2525 1903 φοϐερὸν
2568 1830 2817 1903 δαίμοσι,
2880 1831 3060 1901 τίμιον
3104 1835 3217 1896 τοῖς
3264 1832 3614 1903 ἀνθρώποις,

2027 1925 2330 1997 ἐπέραστον
2387 1924 2470 1996 τῷ
2522 1925 2788 1998 Δεσπότῃ.
2820 1925 2985 1996 Ὁρᾷς
3023 1924 3140 1988 πῶς
3197 1942 3362 1995 φησιν
3395 1925 3424 1976 ὁ
3454 1923 3619 1977 Δαυῖδ

2028 2016 2159 2087 περὶ
2184 2015 2280 2069 τοῦ
2312 2015 2572 2085 ποτηρίου
2592 2013 2785 2069 τούτου
2809 2014 2906 2068 τοῦ
2933 2014 3307 2086 πνευματικοῦ
3335 2015 3429 2068 τοῦ
3464 2018 3522 2068 ἐν
3545 2018 3614 2087 τῇ

2027 2106 2278 2181 τραπέζῃ
2310 2105 2484 2179 ταύτῃ
2513 2106 2806 2176 κειμένου;
2841 2107 3204 2176 Ἦτοίμασας
3221 2104 3479 2161 ἐνώπιόν
3493 2123 3615 2177 μου

2027 2197 2342 2267 τράπεζαν,
2376 2198 2446 2263 ἐξ
2461 2198 2741 2264 ἐναντίας
2762 2197 2884 2251 τῶν
2912 2199 3243 2253 θλιϐόντων
3264 2215 3370 2269 με·
3408 2200 3616 2253 ἐλίπαο

2025 2307 2137 2356 νας
2173 2290 2243 2344 ὲν
2263 2290 2446 2354 ἐλαίῳ
2467 2290 2582 2359 τὴν
2614 2290 2890 2360 κεφαλήν
2904 2307 3049 2360 μου,
3087 2290 3189 2344 καί
3233 2292 3296 2344 τὸ
3329 2289 3617 2362 ποτήριόν

2027 2400 2144 2438 σου
2177 2385 2489 2453 μεθύσκον
2518 2385 2662 2439 ὡσεὶ
2696 2385 3037 2453 κράτιστον.
3062 2385 3181 2439 Ἵνα
3208 2384 3316 2454 γὰρ
3343 2387 3418 2457 μὴ
3446 2386 3615 2439 άκού-

2028 2492 2128 2539 σας
2154 2475 2325 2547 μέθης
2352 2477 2525 2547 ὄνομα
2553 2477 2797 2549 φοϐηθῇς
2823 2475 3044 2542 εὐθέως,
3074 2479 3168 2531 καὶ
3201 2476 3432 2550 νομίσῃς
3459 2477 3616 2531 ἀσθε-

2025 2568 2175 2632 νείας
2213 2564 2353 2622 εἶναι
2388 2569 2693 2641 ποιητικὸν,
2737 2570 3019 2641 ἐπήγαγεν
3044 2569 3127 2622 ὅτι
3157 2568 3449 2639 κράτιστόν
3496 2570 3614 2622 ἐστι

2024 2659 2120 2712 καὶ
2149 2658 2387 2730 ἰσχυρόν.
2436 2659 2636 2723 Καινὸς
2674 2658 2879 2729 τρόπος
2910 2656 3100 2730 μέθης,
3135 2654 3287 2727 ἰσχὺν
3318 2656 3611 2728 ἐντίθησιν,

2023 2752 2266 2824 ἐγκρατῆ
2318 2754 2466 2805 ποιεῖ
2516 2752 2612 2804 καὶ
2643 2750 2901 2805 δυνατόν·
2956 2750 3066 2805 ἀπὸ
3106 2748 3216 2821 γάρ
3249 2748 3351 2819 τῆς
3406 2747 3612 2818 πέτρας

2021 2842 2248 2913 έρρευσε
2299 2842 2399 2913 τῆς
2427 2842 2805 2913 πνευματικῆς
2824 2857 2838 2871 ·
2880 2842 2982 2894 οὐκ
3013 2839 3131 2894 ἐστι
3163 2837 3494 2910 παρατροπὴ
3521 2837 3613 2890 λο-

2020 2933 2258 3005 γισμῶν,
2296 2930 2433 2986 ἀλλὰ
2467 2932 2753 3004 προσθήκη
2787 2928 3068 3001 λογισμῶν
3123 2928 3536 2999 πνευματικῶν.

2090 3031 2160 3094 γ’.
2185 3024 2403 3094 Ταύτην
2440 3023 2728 3094 μεθύωμεν
2766 3023 2864 3092 τὴν
2901 3019 3093 3091 μέθην·
3122 3018 3340 3090 ἐκείνης
3367 3017 3423 3071 δὲ
3456 3015 3608 3090 [Hi]

2019 3116 2374 3189 ἀπεχώμεθα,
2408 3116 2496 3168 ἵνα
2558 3115 2634 3186 μὴ
2676 3113 3126 3184 καταισχύνωμεν
3175 3112 3275 3182 τὴν
3327 3109 3613 3180 παροῦσαν

2018 3210 2213 3280 ἑορτήν
2233 3223 2248 3238 ·
2307 3207 2470 3278 ἑορτὴ
2502 3205 2612 3277 γὰρ
2641 3206 2675 3275 ἡ
2712 3203 2963 3275 παροῦσα
2988 3204 3109 3272 οὐχὶ
3137 3206 3238 3273 τῆς
3266 3201 3374 3272 γῆς
3424 3200 3605 3273 μόνον,

2016 3300 2154 3357 ἀλλὰ
2186 3301 2280 3354 καὶ
2303 3297 2396 3352 τοῦ
2429 3297 2681 3367 οὐρανοῦ.
2714 3296 2957 3367 Σήμερον
2988 3296 3044 3347 ἐν
3071 3295 3151 3365 γῇ
3168 3292 3333 3364 χαρὰ,
3368 3293 3607 3361 σήμερον

2016 3393 2074 3445 ἐν
2127 3388 2342 3461 ούρανῷ
2388 3388 2564 3458 χαρά·
2595 3387 2644 3439 εί
2678 3385 2786 3455 γὰρ
2813 3384 2933 3447 ἐνὸς
2983 3381 3309 3455 ἁμαρτωλοῦ
3357 3380 3608 3451 ἐπιστρέ-

2016 3495 2228 3547 φοντος,
2288 3476 2433 3547 χαρὰ
2479 3475 2573 3528 ἐπὶ
2608 3474 2707 3545 γῆς
2749 3472 2844 3525 κα).
2878 3471 3130 3541 οὐρανοῦ,
3171 3469 3352 3539 πολλῷ
3406 3469 3605 3539 μᾶλλον

2013 3572 2112 3641 τῆς
2142 3570 2467 3639 οἰκουμένης
2519 3565 2740 3636 ἁπάσης
2786 3561 3221 3635 ἐξαρπασθείσης
3256 3561 3364 3615 τῶν
3405 3560 3602 3631 χειρῶν

2012 3663 2107 3716 τοῦ
2154 3660 2397 3716 διαϐόλου
2426 3658 2571 3731 χαρὰ
2605 3657 2757 3711 ἔσται
2791 3659 2851 3711 ἐν
2886 3655 3121 3728 οὐρανῷ.
3158 3654 3272 3707 Νῦν
3312 3652 3604 3726 σκιρτῶσιν

2012 3754 2257 3824 ἄγγελοι,
2280 3753 2374 3807 νῦν
2404 3753 2685 3823 χαίρουσιν
2715 3749 3072 3820 ἁρχάγγελοι,
3106 3746 3201 3802 νῦν
3240 3746 3603 3817 τὰΧερουϐὶμ

2014 3849 2107 3900 καὶ
2132 3847 2201 3899 τὰ
2223 3845 2474 3917 Σεραφὶμ
2525 3843 2643 3914 μεθ’
2683 3842 2841 3914 ήμῶν
2894 3839 3143 3912 ἑορτάζει
3185 3839 3285 3909 τὴν
3320 3838 3603 3908 παροῦσαν

2011 3941 2236 4010 ἐορτήν·
2282 3939 2384 3991 οὐκ
2436 3935 2853 4006 ἐπαισχύνονται
2906 3934 3035 3996 τοὺς
3087 3929 3424 3994 συνδούλους,
3468 3930 3602 3983 ἀλλὰ

2013 4031 2366 4103 συγχαίρουσι
2399 4031 2509 4093 τοῖς
2538 4028 2825 4099 ἡμετέροις
2846 4025 3090 4096 ἀγαθοῖς.
3118 4025 3182 4078 Εἰ
3215 4023 3325 4094 γὰρ
3358 4025 3602 4096 ἡμετέρα

2008 4125 2042 4194 ἡ
2066 4124 2223 4194 χάρις
2245 4123 2279 4193 ή
2308 4122 2456 4192 παρὰ
2469 4120 2565 4173 τοῦ
2596 4118 2889 4184 Δεσπότου,
2916 4116 3055 4170 ἀλλὰ
3077 4115 3232 4187 κοινὴ
3259 4116 3353 4169 καὶ
3376 4115 3600 4168 ἐκείνων

2010 4216 2043 4285 ή
2078 4213 2261 4284 ἡδονή.
2293 4213 2405 4264 Καὶ
2433 4211 2488 4263 τί
2545 4210 2689 4279 λέγω
2725 4210 2852 4272 τοὺς
2887 4207 3233 4273 συνδούλους;
3266 4206 3480 4269 Αὐτὺςὸ
3504 4205 3600 4257 Δε-

2011 4305 2215 4375 σπότης
2247 4303 2424 4357 αὐτῶν
2447 4320 2506 4356 τε
2535 4303 2630 4356 καὶ
2661 4301 2818 4374 ήμῶν
2840 4302 2940 4355 οὐκ
2962 4299 3350 4372 ἐπαισχύνεται
3382 4316 3600 4369 συνεορ-

2008 4395 2212 4460 τάζειν.
2241 4393 2414 4448 Καὶτί
2437 4392 2542 4465 χρὴ
2564 4393 2764 4461 λέγειν,
2786 4392 2984 4447 ὅτιούκ
3001 4390 3385 4462 ἐπαισχύνεται
3402 4407 3416 4456 ;
3435 4391 3596 4443 Ἐπι-

2008 4487 2208 4556 θυμίςι,
2259 4485 2448 4556 φησὶν,
2493 4485 2844 4553 ἐπεθύμησα
2891 4484 2958 4537 τὸ
3012 4480 3231 4550 Πάσχα
3268 4481 3440 4534 τοῦτο
3465 4482 3597 4549 μεθ’

2007 4578 2175 4648 ὑμῶν
2192 4577 2434 4647 φαγεῖν·
2466 4578 2514 4629 εί
2539 4576 2597 4628 δέ
2632 4578 2693 4629 τὸ
2726 4576 2918 4646 Πάσχα
2943 4575 3288 4645 ἐπεθύμησεν
3311 4576 3443 4645 ἡμῖν
3465 4590 3595 4627 συν·-

2007 4670 2284 4741 εορτάσαι,
2309 4667 2468 4737 δῆλον
2488 4669 2569 4720 ὅτι
2595 4668 2688 4721 καὶ
2713 4670 2812 4738 τὴν
2837 4669 3152 4722 ἀνάστασιν.
3189 4669 3354 4722 Ὅταν
3374 4664 3470 4721 οὖν
3491 4668 3594 4736 άγ-

2005 4762 2151 4831 γελοι
2176 4761 2427 4833 χαίρωσι,
2468 4765 2562 4817 καὶ
2592 4762 2940 4835 ἀρχάγγελοι,
2959 4760 3054 4814 καὶ
3077 4759 3266 4812 πασῶν
3291 4761 3398 4813 τῶν
3431 4761 3596 4832 οὐρα-

2005 4856 2132 4910 νίων
2161 4855 2442 4926 δυνάμεων
2469 4858 2497 4911 0
2523 4858 2796 4926 Δεσπότης
2825 4857 2956 4927 ήμῖν
2992 4855 3344 4925 συνεορτάζῃ,
3378 4854 3462 4917 τίς
3495 4852 3595 4907 λεί-

2007 4966 2165 5003 πεται
2189 4949 2373 5002 λοιπὸν
2402 4950 2482 5013 είς
2504 4949 2741 5021 ἀθυμίαν
2765 4947 2795 4988 d
2833 4948 3026 5016 λόγος

2075 5041 2278 5112 Μηδεὶς
2312 5043 2479 5111 πένης
2513 5041 2653 5095 ἐστω
2664 5042 2913 5113 κατηφὴς
2944 5039 3036 5094 διὰ
3059 5040 3163 5112 τὴν,
3178 5041 3369 5096 πενίαν
3390 5056 3402 5070 ·
3430 5040 3591 5111 ἑορτὴ

2003 5131 2111 5204 γὰρ
2139 5132 2277 5203 αῦτη
2330 5134 2708 5203 πνευματική·
2755 5133 2944 5203 μηδεὶς
2982 5131 3238 5196 πλούσιος
3278 5133 3590 5201 ἐπαιρέσθω

2000 5223 2088 5277 διὰ
2113 5225 2207 5278 τὸν
2232 5224 2458 5277 πλοῦτον
2479 5241 2492 5253 ·
2547 5225 2699 5280 οὐδὲν
2747 5226 2857 5297 γὰρ
2897 5226 3005 5279 άπὸ
3032 5225 3140 5278 τῶν
3177 5226 3472 5296 χρημάτων
3508 5226 3588 5288 εἰς

1999 5314 2096 5385 τὴν
2119 5315 2311 5387 ἡδονὴν
2337 5317 2436 5385 τῆς
2479 5318 2670 5390 ἑορτῆς
2721 5320 3047 5387 εἰσενεγκεῖν
3093 5317 3316 5371 δύναται
3358 5315 3582 5385 ταύτης.

2012 5406 2135 5459 Ἐπὶ
2160 5405 2259 5476 μὲν
2287 5406 2397 5478 γὰρ
2409 5407 2516 5461 τῶν
2539 5407 2738 5474 ἔξωθεν
2765 5410 2967 5480 ἑορτῶν
2998 5408 3106 5462 τῶν
3131 5406 3424 5477 βιωτικῶν.
3453 5408 3584 5462 ἔνθα

1998 5498 2166 5563 πολὺς
2197 5498 2453 5569 ἄκρατος,
2503 5500 2632 5554 ἔνθα
2675 5500 2920 5573 τράπεζα
2954 5499 3233 5570 πλήθουσα
3255 5501 3350 5553 καὶ
3382 5501 3584 5571 ἀδηφα-

1995 5590 2111 5658 γία,
2134 5590 2263 5645 ἔνθα
2296 5592 2677 5663 ἀσχημοσύνη,
2708 5593 2802 5647 καὶ
2826 5593 3016 5661 γέλως,
3051 5590 3179 5644 ἔνθα
3207 5594 3357 5647 πᾶσα
3386 5597 3582 5663 πομπὴ

2053 5777 2228 5890 «lchi.
2278 5781 2294 5829 l
2340 5785 2406 5837 εἰς
2443 5783 2703 5844 ἐπιθυμίαν.
2752 5784 2810 5835 R.
2842 5784 2872 5832 2
2902 5787 2966 5841 εἰς
3006 5786 3242 5848 εὐθυμίας.
3273 5789 3366 5839 Hic
3383 5796 3579 5851 poslro-

2053 5856 2105 5890 us
2161 5856 2190 5889 υ
2227 5843 2344 5890 ioue
2396 5846 2444 5890 in
2503 5846 2762 5890 levissimis
2812 5845 2983 5890 variat-
3040 5848 3240 5890 i‘nislin.
3320 5852 3382 5890 gi,—
3446 5850 3579 5890 εὐθυς

1994 5854 2105 5913 ιηυε
2150 5843 2344 5913 _i_1bique
2392 5846 2444 5913 in
2495 5846 2762 5913 Alcfisgilpis
2812 5845 2984 5898 variat.
3040 5843 3240 5900 Coislin.
3320 5843 3395 5906 εἰς’
3446 5850 3579 5896 εὐθυς

2000 5904 2122 5966 μίαν.
2150 5904 2354 5954 l’rzeslai
2389 5908 2537 5957 lectio
2563 5904 2710 5957 Edili.
