4130 6440
386 446 484 500 ιὸτ

383 574 583 631 pauper
616 557 839 625 quidem
885 558 1177 625 subtristis,
1222 558 1408 614 hilaris
1450 568 1628 615 autem
1657 568 1740 615 est
1782 559 1966 616 dives:

381 652 510 723 quid
526 653 595 706 ita
619 653 644 707 ?
668 652 802 720 Quia
827 651 978 708 dives
1000 650 1212 722 quidem
1238 652 1510 722 opiparam
1541 667 1778 708 mensam
1805 668 1973 723 appo-

386 747 480 808 nit,
528 745 844 814 deliciisque
895 744 1125 813 amplius
1174 743 1410 799 fruitur:
1461 758 1661 813 pauper
1708 753 1889 800 autem
1938 760 1973 802 ο

385 848 697 908 paupertate
719 837 1052 907 prohibetur,
1074 852 1142 892 ne
1162 845 1361 892 tantam
1392 837 1841 908 magnificentiam
1863 851 1974 907 pro:

382 943 445 985 se
474 929 639 984 l'crat:
667 929 755 983 hic
776 945 904 985 vero
933 929 1064 984 nihil
1094 928 1203 986 tale
1228 938 1343 984 est:
1371 944 1475 983 una
1505 928 1654 984 diviti
1673 939 1727 984 et
1754 929 1973 998 pauperi

384 1037 576 1078 mensa
595 1029 727 1076 est:
775 1021 899 1076 licet
926 1021 1075 1077 dives
1121 1021 1193 1076 sit
1239 1021 1524 1092 quispiam,
1563 1019 1697 1074 nihil
1742 1019 1976 1088 adjicere

385 1127 584 1168 lucusta
610 1121 817 1181 potest;
847 1110 975 1167 licet
1000 1127 1201 1182 pauper
1239 1113 1331 1178 sit,
1365 1112 1532 1167 nihilo
1556 1111 1809 1166 deteriori
1840 1124 1974 1164 con-

385 1206 586 1259 ditione
613 1204 686 1259 ob
715 1214 1076 1274 paupertatem
1106 1205 1162 1260 in
1204 1205 1269 1259 iis
1293 1220 1414 1276 quae
1450 1204 1518 1259 ad
1544 1203 1975 1259 communionem

386 1297 684 1363 pertinent,
712 1297 851 1361 erit;
879 1295 1057 1350 divina
1085 1298 1229 1351 enim
1252 1306 1336 1351 est
1361 1298 1562 1367 gratia:
1595 1306 1648 1350 et
1691 1296 1819 1365 quid
1873 1296 1975 1349 mi-

386 1388 521 1442 raris
551 1387 598 1441 si
631 1388 782 1443 diviti
808 1398 861 1443 et
889 1389 1147 1459 pauperi?
1180 1389 1282 1460 Ipsi
1308 1391 1450 1445 enim
1492 1389 1806 1459 Imperatori
1858 1388 1975 1443 dia-

383 1482 597 1534 demate
637 1478 887 1534 redimite
927 1521 943 1546 ,
1000 1495 1235 1550 purpura
1286 1482 1603 1544 convestire,
1656 1482 1741 1536 cui
1793 1479 1976 1534 mundi

386 1571 624 1638 regimen
650 1578 735 1626 est
760 1571 1127 1637 commissum,
1163 1571 1235 1625 illi
1287 1571 1622 1640 Imperatori,
1667 1578 1726 1625 et.
1756 1571 1975 1640 pauperi

385 1664 452 1716 ad
482 1663 877 1735 elcemosyuam
920 1663 1129 1720 sedenti
1149 1679 1250 1719 una
1279 1676 1365 1718 est
1417 1679 1601 1719 mensa
1656 1666 1928 1734 proposita
1959 1680 1975 1717 :

389 1757 513 1808 talia
528 1764 653 1810 sunt
682 1755 961 1811 Dominica
973 1756 1147 1821 dona;
1174 1772 1281 1811 non
1310 1770 1410 1826 pro
1433 1756 1641 1809 ratione
1660 1754 1976 1824 dignitatum

386 1845 661 1914 distinguit
680 1846 1110 1901 communicandi
1130 1847 1415 1911 rationem,
1437 1844 1533 1901 sed
1556 1860 1655 1915 pro
1669 1843 1979 1900 conditione

386 1939 680 1994 voluntatis
701 1942 764 1994 de
793 1939 1008 1994 mentis.

460 2031 541 2101 (a)
570 2030 591 2103 [
618 2031 752 2086 Cum
779 2032 923 2087 enim
950 2031 1148 2087 videris
1175 2032 1230 2086 in
1256 2031 1485 2087 ecclesia
1510 2030 1659 2085 diviti
1689 2040 1979 2100 pauperem

389 2125 713 2189 adstantem,
731 2126 944 2194 privato
972 2124 1172 2179 homini
1198 2124 1516 2194 principem,
1545 2123 1810 2193 plebeium
1836 2121 1977 2191 opti-

387 2219 540 2281 mati,
570 2231 692 2271 eum
736 2217 828 2286 qui
870 2217 1001 2271 loris
1029 2217 1145 2285 ejus
1173 2217 1469 2285 potentiam
1521 2215 1806 2279 tremebat,
1834 2213 1979 2268 intus

386 2309 562 2363 cidem
592 2310 844 2379 potentiae
868 2310 983 2364 sine
1003 2309 1289 2365 formidine
1314 2308 1588 2364 admotum
1613 2326 1630 2374 ;
1658 2308 1832 2379 cogita
1851 2306 1978 2378 quid

388 2401 460 2453 sit
480 2400 608 2454 illud
639 2417 656 2455 :
686 2399 830 2454 Tunc
848 2416 954 2454 una
979 2410 1213 2469 parcetur
1231 2400 1385 2470 lupus
1399 2416 1514 2455 cum
1527 2400 1677 2471 agnis
1704 2397 1857 2471 (Isai.
1891 2400 1977 2453 1-1.

389 2497 470 2561 ti).
494 2492 701 2563 Lupum
725 2502 878 2548 vocat
898 2493 1173 2563 Scriptura
1192 2493 1645 2564 divitem,agnum
1670 2508 1979 2563 pauperem.

390 2592 461 2640 At
481 2601 588 2657 quo
616 2598 775 2656 pacto
791 2587 1191 2657 intelligendum
1204 2586 1356 2655 illud,
1370 2585 1799 2644 Communicabit
1825 2587 1987 2657 lupus

388 2692 510 2731 cum
537 2693 697 2747 agno,
728 2678 1178 2748 quemadmodum
1206 2679 1358 2734 dives
1384 2693 1507 2734 eum
1548 2680 1817 2749 paupere?
1846 2679 1981 2734 Αιιῇ

394 2782 539 2822 tuum
566 2768 851 2837 diligenter
878 2768 1118 2824 adverte.
1166 2768 1323 2825 Stant
1363 2783 1508 2838 suape
1532 2770 1686 2825 dives
1705 2777 1759 2823 et
1785 2783 1985 2838 pauper

392 2862 445 2912 in
489 2859 715 2914 ecclesia
755 2877 770 2914 :
811 2860 977 2915 instat
1021 2860 1155 2915 hora
1207 2860 1509 2916 divinorum
1557 2862 1980 2930 mysteriorum:

389 2952 599 3020 t-jicitur
619 2952 791 3019 dives,
817 2962 1000 3022 utpote
1022 2968 1129 3009 non
1151 2953 1409 3018 initiatus,
1432 2970 1635 3026 pauper
1663 2969 1796 3009 vero
1817 2956 1982 3010 intro-

392 3046 620 3100 mittitur
669 3047 723 3100 in
777 3047 1009 3105 caelestia
1055 3047 1430 3113 tabernacula;
1471 3063 1645 3118 neque
1681 3047 1985 3117 indignatur

389 3138 574 3202 dives;
603 3136 751 3191 novit
777 3138 922 3194 enim
947 3152 1008 3192 se
1031 3138 1263 3194 alienum
1280 3154 1400 3195 esse
1425 3155 1455 3194 a
1472 3139 1666 3194 divinis
1692 3140 1981 3211 mysteriis.

393 3226 499 3282 Sed
520 3267 538 3293 ,
562 3242 596 3284 ο
614 3227 847 3283 divinam
870 3229 1095 3298 gratiam
1126 3229 1141 3284 ε
1172 3244 1283 3284 non
1328 3229 1501 3284 solum
1544 3245 1612 3285 ex
1640 3230 1733 3286 Dei
1761 3245 1985 3286 munere

392 3333 489 3385 par
514 3317 724 3389 utrique
752 3318 925 3374 honor
949 3320 1110 3375 estin
1129 3322 1390 3388 ecclesia;
1412 3321 1506 3377 sed
1536 3322 1697 3378 etiam
1720 3322 1986 3377 stantibus

390 3411 651 3467 ambobus
667 3424 869 3482 pauper
893 3412 1043 3468 diviti
1063 3414 1404 3483 anteponitur
1430 3415 1481 3469 in
1502 3415 1716 3485 pietatis
1741 3416 1984 3482 ratione;

397 3502 636 3572 nihilque
656 3512 881 3573 prosunt
900 3505 977 3558 illi
1002 3504 1204 3560 divitia:
1226 3507 1344 3562 sine
1373 3506 1590 3576 pietate,
1622 3506 1752 3561 nihil
1773 3506 1986 3562 ﬁdelem

394 3592 539 3648 ιπεᾱῆ
554 3606 861 3664 paupertas,
888 3596 1100 3666 quando
1128 3612 1250 3652 cum
1276 3597 1469 3652 ﬁducia
1494 3598 1561 3653 ad
1587 3613 1797 3653 sacrum
1824 3612 1985 3654 aceeo

397 3686 478 3738 alit
495 3684 684 3741 altare.
716 3685 843 3741 Ilaec
863 3696 1041 3742 autem
1067 3687 1209 3753 dico,
1239 3689 1527 3754 carissimi,
1557 3689 1625 3744 de
1649 3689 1989 3746 catechume—

397 3777 502 3843 uis,
525 3792 637 3832 non
659 3793 791 3834 vero
816 3779 1133 3849 simpliciter
1157 3781 1226 3837 de
1249 3782 1528 3837 divitibus.
1575 3783 1984 3850 Animadverte,

393 3869 607 3935 dilecte,
637 3870 907 3941 quomodo
931 3886 999 3926 ex
1044 3873 1273 3929 ecclesia
1300 3875 1521 3930 recedat
1548 3873 1815 3941 dominus,
1860 3875 1987 3930 dum

397 3960 666 4031 mysteriis
690 3961 1003 4017 admovetur
1027 3962 1202 4019 ﬁdelis
1239 3964 1565 4021 domesticus
1591 3984 1607 4022 ε
1638 3968 1842 4023 recedit
1885 3968 1988 4023 do-

396 4054 562 4120 mina,
593 4066 648 4110 et
674 4064 854 4111 manet
876 4056 1088 4111 ancilla.
1122 4044 1259 4113 Deus
1293 4061 1489 4129 quippe
1515 4074 1616 4114 non
1640 4062 1821 4131 accipit
1869 4078 1986 4128 per-

393 4162 572 4199 sonam
601 4146 819 4200 honuni:
842 4148 859 4218 (
882 4146 1055 4201 Colat.
1084 4148 1139 4203 2.
1172 4153 1260 4220 6).
1292 4149 1408 4204 Non
1431 4161 1514 4205 est
1543 4152 1722 4221 itaque
1750 4153 1803 4206 in
1820 4155 1992 4208 eccle-

396 4237 476 4290 sia
501 4251 690 4292 servus
716 4245 771 4292 et
797 4238 933 4293 liber
957 4256 971 4292 :
993 4239 1089 4295 sed
1110 4254 1232 4295 eum
1263 4244 1411 4296 novit
1448 4242 1719 4313 Scriptura
1751 4256 1988 4309 servum,

395 4332 486 4399 qui
515 4342 735 4401 peccato
751 4332 996 4387 subditus
1018 4343 1120 4389 est.
1162 4334 1295 4389 Nam
1325 4335 1425 4403 Qui
1456 4337 1578 4409 facit
1605 4346 1881 4405 peccatum,
1912 4340 1993 4394 in-

396 4424 534 4489 quit,
576 4438 746 4478 servus
792 4434 867 4478 est
893 4425 1088 4494 peccati
1115 4423 1136 4497 (
1155 4426 1312 4479 Joau.
1336 4427 1390 4481 8.
1414 4428 1519 4497 54)
1538 4445 1557 4490 ;
1582 4434 1638 4483 et
1675 4444 1799 4483 eum
1845 4433 1993 4485 novit

398 4514 645 4577 liberum,
667 4514 757 4583 qui
787 4530 883 4584 per
908 4516 1139 4570 divinam
1167 4517 1393 4587 gratiam
1414 4518 1668 4573 liberatus
1688 4520 1817 4593 est.)

469 4604 600 4660 Cum
628 4606 816 4660 eadem
855 4607 1046 4662 ﬁducia
1068 4617 1125 4663 et
1158 4608 1451 4675 Imperator
1472 4621 1525 4666 et
1557 4612 1837 4682 pauperad
1857 4614 1994 4669 hanc

401 4715 644 4755 mensam
696 4701 1001 4770 accedunt,
1049 4717 1170 4756 cum
1199 4704 1390 4759 eodem
1423 4706 1648 4771 honore,
1697 4709 1804 4762 imo
1834 4710 1992 4764 etiam

402 4805 646 4860 persaepe
692 4806 814 4846 cum
855 4793 1060 4847 honore
1113 4806 1315 4863 pauper
1357 4797 1602 4867 ampliori
1639 4815 1652 4851 :
1697 4800 1822 4867 quid
1882 4800 1996 4854 ita?

398 4883 553 4950 Quod
578 4883 873 4954 Imperator
886 4886 1102 4956 quidem
1130 4890 1399 4944 sexcentis
1424 4892 1654 4961 negotiis
1695 4892 1995 4962 implicatus

402 4986 673 5046 numquam
692 4977 844 5032 navis
864 4978 1096 5049 undique
1117 4990 1447 5051 aspergatur,
1466 4998 1527 5037 ac
1540 4984 1701 5037 multa
1719 4984 1999 5040 contrahat

404 5077 657 5138 peccata;
708 5084 911 5139 pauper
937 5080 1115 5126 autem
1145 5072 1214 5128 de
1255 5075 1566 5130 necessario
1607 5084 1813 5131 tantum
1852 5078 1996 5134 victu

402 5160 689 5227 sollicitus,
712 5161 1047 5232 negotium
1067 5173 1342 5233 expertem
1372 5180 1436 5221 ac
1457 5167 1797 5237 tranquillam
1821 5178 1997 5225 trans-

403 5250 555 5315 igens
594 5249 756 5304 vitam
778 5292 795 5318 ,
834 5251 981 5307 velut
1008 5252 1063 5307 in
1090 5262 1247 5323 portu
1275 5256 1491 5322 sedens,
1520 5272 1641 5312 cum
1664 5259 1831 5314 multa
1853 5273 1999 5316 seen.

406 5344 566 5397 ritate
593 5342 662 5398 ad
692 5358 932 5399 mensam
954 5346 1191 5400 accedat.
1224 5347 1432 5403 Rursus
1460 5350 1513 5403 iu
1539 5350 1776 5405 externis
1797 5352 1996 5407 solem-

403 5436 658 5491 nitatibus
683 5452 884 5508 pauper
919 5439 1141 5508 quidem
1166 5441 1217 5496 in
1269 5456 1523 5505 mcerore,
1557 5443 1707 5500 dives
1734 5453 1913 5499 autem
1943 5447 1996 5500 in

407 5526 675 5583 hilaritate
695 5540 959 5596 versatur,
989 5546 1097 5585 non
1116 5531 1185 5587 ob
1207 5548 1445 5589 mensam
1472 5543 1699 5602 tantum,
1723 5537 1816 5593 sed
1837 5538 1997 5594 etiam

403 5623 477 5671 ob
497 5619 812 5675 vestimenta
836 5638 850 5673 :
877 5622 1019 5692 quod
1050 5623 1193 5678 enim
1222 5625 1275 5680 in
1329 5640 1514 5682 mensa
1542 5628 1645 5682 illis
1669 5631 1866 5696 evenit,
1899 5630 2001 5688 hoc

405 5708 537 5762 etin
585 5710 918 5767 vestimentis
958 5714 1250 5782 patiuntur.
1279 5715 1412 5772 Cum
1443 5717 1586 5772 enim
1612 5720 1765 5789 inops
1800 5722 1999 5790 pretio-

473 5843 679 5919 (φρίκη
691 5848 889 5919 uncinis
905 5846 1208 5910 clauduntur,
1235 5849 1282 5899 in
1305 5850 1438 5901 Edito
1456 5851 1680 5913 deerant,
1700 5864 1865 5917 exque
1883 5861 1997 5919 ειυς.

402 5908 455 5955 ‘2.
480 5906 732 5967 desumpta
756 5918 885 5958 sunt.

1344 443 1431 499 DE
1471 442 2042 501 RESURREC’I‘IONE
2082 446 2145 501 D.
2184 444 2250 500 Ν.
2276 442 2441 517 JESU
2481 440 2771 501 CHRISTI.
3566 445 3647 500 πὶ

2081 559 2209 616 siori
2232 560 2484 615 amictum
2499 561 2635 616 stola
2662 561 2853 616 viderit
2872 562 3203 631 opulentum.
3228 560 3556 631 percellitur,
3578 578 3673 616 .se-

2081 668 2189 722 que
2231 667 2341 723 pra:
2383 653 2633 708 omnibus
2684 653 2950 709 infelicem
3002 654 3167 709 ducit.
3201 652 3297 707 IIie
3322 668 3451 708 vero
3481 664 3535 706 et
3575 652 3670 706 ista

2080 745 2287 815 sublata
2317 755 2398 801 est
2426 747 2645 816 penuria
2681 765 2695 801 :
2728 761 2890 801 unum
2916 746 3059 801 enim
3107 746 3247 816 apud
3293 761 3483 800 omnes
3500 746 3672 799 vcsti-

2082 846 2319 892 mentum
2350 845 2433 891 est
2481 837 2715 893 salutare
2753 836 3044 894 lavacrum.
3099 838 3417 907 Quicumque
3458 837 3590 891 enim
3619 836 3674 888 in

2082 928 2286 984 Christo
2306 930 2552 1001 baptismi
2569 931 2709 993 estis,
2727 929 2981 985 Christum
3001 930 3238 983 induistis
3259 928 3453 1002 (Colat.
3475 928 3530 983 5.
3552 926 3671 997 27).

2085 1020 2163 1078 Ne
2209 1023 2368 1093 igitur
2396 1023 2653 1077 ebrietate
2695 1021 3088 1078 solemnitatem
3145 1022 3301 1076 istam
3352 1019 3674 1075 dehoneste-

2084 1114 2464 1180 mus;etenim
2512 1113 2767 1168 Dominus
2810 1120 2992 1167 noster
3018 1120 3073 1168 et
3098 1111 3289 1166 divites
3335 1120 3388 1165 et
3416 1123 3676 1180 pauperes

2084 1211 2283 1280 pariter
2308 1209 2610 1273 honoravit,
2637 1217 2691 1263 et
2718 1222 2902 1263 servos
2930 1217 2981 1262 et
3006 1208 3286 1272 dominos;
3314 1204 3409 1261 sed
3438 1204 3506 1259 ob
3537 1202 3676 1259 hanc

2083 1319 2209 1375 erga
2254 1318 2353 1358 nos
2408 1301 2833 1357 benevolentiam
2882 1300 3167 1354 Dominum
3227 1309 3676 1352 remuneremur:

2083 1398 2282 1466 optima
2312 1410 2471 1466 porro
2500 1404 2582 1450 est
2607 1392 2968 1449 remuneratio
3016 1391 3352 1448 conversatio
3375 1388 3573 1444 munda
3624 1394 3680 1442 et

2084 1501 2236 1541 mens
2261 1486 2460 1541 sobria.
2491 1484 2615 1539 Haec
2639 1483 2951 1539 solemnitas
2985 1488 3041 1536 et
3069 1480 3420 1551 panegyricus
3446 1492 3676 1534 conven-

2087 1589 2171 1634 tus
2196 1594 2300 1634 non
2329 1578 2571 1648 pecuniis
2600 1576 2801 1647 indiget
2826 1591 3000 1646 neque
3022 1574 3346 1645 sumptibus,
3365 1573 3459 1628 sed
3486 1572 3679 1628 volun-

2086 1680 2193 1727 tate
2212 1686 2276 1726 ac
2296 1679 2475 1727 mente
2497 1671 2697 1741 optima
2731 1687 2746 1725 :
2781 1669 2912 1724 tales
2941 1668 3086 1723 enim
3128 1667 3215 1722 hic
3238 1673 3484 1736 prostant
3530 1679 3675 1719 mer-

2083 1763 2373 1820 ces:nihil
2399 1777 2716 1834 corporeum
2771 1761 2860 1817 hic
2909 1760 3200 1825 venditur;
3230 1758 3326 1814 sed
3374 1756 3675 1811 divinorum

2084 1856 2287 1911 auditio
2311 1856 2669 1926 eloquiorum,
2698 1867 2884 1924 preces
2911 1861 3142 1922 patrum,
3170 1849 3570 1905 benedictiones
3595 1861 3679 1900 sa-

2084 1945 2390 2013 cerdotum,
2413 1945 2699 2001 concordia
2728 1951 2784 2000 et
2819 1959 2923 2014 pax
2944 1952 3000 1999 et
3026 1954 3351 2009 consensus,
3386 1938 3685 2009 spiritualia

2086 2037 2247 2102 dona,
2279 2036 2557 2107 spirituale
2597 2035 2847 2104 pretium.

2156 2126 2563 2181 Resurrectionis
2586 2126 2775 2182 Christi
2798 2126 3013 2195 fructus.
3042 2154 3115 2166 —
3133 2120 3351 2179 Festum
3384 2120 3486 2177 hoc
3508 2121 3683 2176 maxi-

2085 2234 2230 2273 mum
2279 2218 2616 2273 celebremus
2644 2226 2701 2274 et
2725 2216 2954 2284 illustre,
2990 2217 3041 2270 in
3068 2230 3175 2286 quo
3221 2214 3476 2269 Dominus
3502 2228 3675 2268 resur-

2087 2311 2222 2366 rexit
2241 2327 2254 2363 :
2273 2308 2607 2364 celebremus
2623 2317 2800 2362 autem
2824 2306 2955 2361 illud
2985 2320 3106 2361 cum
3127 2303 3321 2376 gaudio
3347 2304 3504 2359 simul
3526 2314 3687 2373 atque

2085 2419 2206 2462 cum
2223 2404 2450 2474 pietate;
2479 2400 2773 2458 resurrexit
2799 2398 2942 2453 enim
2967 2395 3227 2451 Dominus
3255 2410 3546 2465 secumque
3568 2409 3686 2449 sus-

2084 2498 2269 2555 citavit
2325 2496 2515 2552 orbcm
2572 2501 2874 2557 terrarum,
2925 2489 3038 2560 ipse
3106 2486 3368 2557 siquidem
3426 2485 3685 2555 disruptis

2088 2589 2278 2644 mortis
2299 2585 2526 2643 vinculis
2565 2583 2880 2640 resurrexit.
2915 2578 3164 2636 Peccavit
3202 2577 3443 2632 Adamus
3468 2585 3523 2631 et
3544 2590 3687 2630 mor-

2089 2693 2212 2739 tuus
2237 2690 2351 2737 est:
2384 2687 2440 2734 at
2463 2692 2573 2734 non
2610 2676 2857 2747 peccavit
2885 2672 3155 2738 Christus,
3192 2679 3247 2725 et
3297 2678 3383 2723 est
3420 2676 3686 2724 mortuus.

2092 2776 2307 2831 Novum
2337 2781 2422 2831 est
2448 2773 2549 2827 hoc
2583 2779 2638 2826 et
2663 2765 3012 2832 admirabile;
3048 2764 3137 2819 ille
3166 2762 3427 2833 peccavit,
3450 2769 3504 2816 et
3540 2773 3689 2815 mor-

2090 2875 2214 2922 tuus
2236 2875 2353 2933 est;
2383 2863 2469 2919 hic
2498 2877 2603 2917 non
2633 2859 2891 2931 peccavit,
2920 2865 2975 2911 et
2994 2863 3238 2911 mortuus
3263 2862 3347 2908 est
3376 2870 3390 2906 :
3414 2850 3540 2922 quid
3572 2851 3638 2905 ita
3665 2849 3693 2903 ἲ

2088 2959 2204 3026 Quo
2226 2958 2269 3012 is
2297 2956 2385 3027 qui
2408 2955 2644 3026 peccavit
2668 2958 2724 3007 et
2744 2958 2987 3005 mortuus
3012 2955 3115 3013 est,
3160 2946 3276 3017 ejus
3292 2957 3454 3015 opera
3476 2943 3563 3013 qui
3584 2958 3701 2995 non

2090 3051 2328 3122 peccavit
2368 3047 2584 3121 quidem
2607 3090 2622 3112 ,
2655 3054 2900 3100 mortuus
2936 3052 3020 3097 est
3059 3047 3235 3093 autem
3258 3079 3273 3103 ,
3304 3036 3493 3092 mortis
3523 3049 3694 3090 nexus

2091 3146 2260 3214 possit
2281 3142 2531 3198 evadere.
2561 3138 2637 3195 lta
2663 3139 2719 3193 lit
2747 3146 2800 3193 et
2829 3137 2882 3192 in
2911 3132 3185 3207 pecuniis:
3211 3140 3581 3200 saepenumero
3606 3128 3692 3183 de-

2090 3232 2179 3291 bet
2192 3234 2477 3305 quiSpiam,
2495 3240 2681 3287 etcum
2696 3246 2801 3285 non
2820 3229 3010 3285 habeat
3028 3226 3165 3284 unde
3184 3226 3379 3288 solvat,
3398 3225 3449 3279 in
3467 3221 3701 3278 vinculis

2090 3326 2394 3391 detinetur;
2427 3322 2564 3377 alius
2576 3323 2667 3393 qui
2687 3336 2796 3376 non
2823 3321 3004 3389 debet,
3031 3321 3125 3376 sed
3150 3321 3308 3375 habet
3333 3317 3476 3373 unde
3494 3314 3690 3372 solvat.

2091 3432 2214 3471 enim
2243 3416 2334 3486 qui
2364 3414 2626 3469 obnoxius
2646 3420 2729 3467 est
2753 3412 2982 3467 liberare
3011 3412 3147 3466 solet
3176 3426 3191 3463 :
3223 3411 3302 3464 sic
3331 3419 3388 3462 et
3416 3406 3599 3462 evenit
3633 3406 3699 3457 in

2093 3509 2332 3573 Adamo;
2354 3505 2585 3561 debebat
2614 3504 2872 3569 Adamus,
2897 3518 2927 3557 a
2956 3501 3172 3558 diabolo
3201 3497 3563 3562 detinebatur,
3595 3495 3701 3551 sed

2093 3598 2239 3655 unde
2274 3600 2508 3654 solveret
2548 3612 2656 3652 non
2689 3595 2959 3650 habebat:
2989 3606 3096 3647 non
3141 3591 3374 3646 debebat
3418 3587 3690 3649 Christus,

2093 3705 2194 3745 nec
2216 3706 2246 3743 a
2276 3688 2491 3744 diabolo
2534 3684 2907 3753 detinebatur,
2949 3683 3043 3739 sed
3080 3682 3318 3737 debitum
3359 3686 3566 3749 poterat
3596 3692 3696 3729 uu~

2094 3797 2306 3839 merare
2336 3799 2350 3838 :
2373 3780 2539 3848 venit,
2563 3787 2793 3835 mortem
2822 3777 3077 3848 persolvit
3102 3788 3200 3846 pro
3219 3788 3286 3829 eo
3309 3772 3397 3843 qui
3425 3786 3455 3826 a
3478 3769 3697 3825 diabolo

2094 3875 2450 3939 dctiuebatur,
2469 3883 2528 3928 ut
2550 3872 2698 3928 illum
2727 3872 3049 3927 exsolveret.

2166 3969 2220 4023 4.
2245 3968 2405 4023 Vides
2423 3964 2676 4037 praeclara
2704 3963 3109 4021 resurrectionis
3133 3959 3360 4018 eli‘ecta?
3389 3959 3495 4014 Nos
3527 3956 3698 4026 dupli-

2096 4063 2139 4114 ci
2175 4070 2347 4113 morte
2390 4055 2587 4113 mortui
2625 4071 2874 4121 eramus;
2919 4055 3188 4126 duplicem
3244 4052 3421 4121 itaque
3452 4063 3696 4104 resurre-

2102 4154 2335 4206 ctionem
2385 4157 2761 4219 exspectemus
2818 4165 2831 4201 :
2879 4146 2994 4217 ipse
3050 4145 3278 4216 simplici
3316 4150 3563 4197 mortuus
3616 4148 3699 4193 cst

2103 4251 2316 4309 morte;
2344 4251 2632 4313 propterea
2677 4239 2906 4310 simplici
2936 4252 3151 4310 quoque
3188 4234 3585 4291 resurrectione
3615 4248 3699 4285 re-

2103 4337 2352 4391 surrexit.
2375 4333 2511 4402 Quid
2540 4334 2656 4388 lucc
2672 4333 2771 4388 sibi
2802 4331 3028 4386 volunt?
3058 4330 3318 4395 Mortuus,
3354 4327 3594 4396 inquam,
3619 4333 3705 4377 cst

2108 4428 2363 4494 Adamus,
2389 4433 2443 4481 et
2472 4438 2698 4496 corpore
2727 4433 2783 4479 et
2805 4423 2981 4479 anima
3009 4442 3023 4477 :
3056 4432 3299 4476 mortuus
3342 4427 3426 4474 est
3481 4426 3711 4487 peccato-

2102 4529 2155 4573 ct
2186 4527 2397 4572 natura.
2450 4516 2513 4570 In
2565 4532 2877 4585 quatuorque
2932 4514 3014 4568 die
3063 4510 3379 4567 comederitis
3426 4509 3490 4561 de
3518 4507 3656 4577 ligno
3682 4544 3700 4569 ,

2103 4621 2266 4666 morte
2292 4610 2580 4665 moriemini
2608 4608 2764 4681 (Gen.
2788 4608 2836 4662 2.
2880 4608 2991 4677 17).
3042 4604 3202 4675 Atqui
3256 4614 3361 4655 non
3388 4597 3575 4655 eadem
3615 4597 3702 4652 die

2106 4714 2348 4761 mortuus
2374 4714 2456 4759 est
2482 4710 2671 4757 natura
2695 4743 2710 4767 ,
2740 4701 2833 4756 sed
2881 4709 3100 4769 peccato
3137 4707 3220 4751 est
3247 4705 3489 4750 mortuus
3515 4692 3532 4726 ⁸
3555 4735 3570 4759 ,
3600 4692 3693 4747 illa

2106 4815 2249 4854 mors
2276 4808 2361 4854 est
2390 4798 2606 4863 anima,
2627 4795 2740 4850 lucc
2762 4809 2907 4849 mors
2933 4803 3018 4849 est
3038 4792 3299 4861 corporis.
3328 4789 3433 4845 Sed
3453 4802 3574 4843 cum
3606 4802 3702 4839 au-

2103 4890 2267 4945 dieris
2312 4895 2541 4943 mortem
2582 4902 2703 4942 esse
2728 4886 2951 4952 animm,
2986 4883 3089 4938 noli
3118 4882 3252 4938 mori
3294 4882 3526 4936 animum
3556 4878 3702 4933 arbi-

2108 4982 2236 5036 trari
2272 4999 2286 5035 :
2317 4986 2401 5034 est
2430 4978 2571 5035 enim
2604 4976 2961 5039 immortalis;
2985 4990 3170 5030 verum
3212 4975 3407 5029 animm
3435 4987 3584 5027 mors
3612 4981 3703 5025 est

2105 5084 2379 5144 peccatum
2397 5082 2448 5127 et
2473 5070 2790 5141 supplicium
2809 5077 3066 5125 aeternum
3096 5087 3110 5120 :
3142 5077 3433 5138 propterea
3454 5067 3530 5120 ait
3549 5063 3703 5119 Chri-

2106 5175 2219 5222 slns
2243 5208 2261 5231 ,
2289 5164 2466 5219 Nolite
2515 5164 2692 5218 timere
2741 5178 2827 5217 eos
2869 5167 2955 5232 qui
2978 5161 3215 5217 occidunt
3242 5174 3450 5231 corpus,
3480 5159 3705 5212 animum

2109 5267 2277 5313 autent
2296 5274 2398 5311 non
2426 5265 2636 5327 possunt
2666 5255 2923 5317 occidere;
2954 5254 3043 5308 sed
3069 5255 3235 5325 potius
3259 5256 3423 5307 timete
3452 5267 3589 5314 eum,
3618 5250 3703 5318 qui

2109 5360 2272 5424 potest
2318 5360 2365 5405 et
2411 5350 2637 5404 animam
2694 5358 2743 5403 et
2782 5364 2974 5418 corpus
3015 5348 3223 5418 perdere
3296 5346 3349 5397 in
3423 5344 3706 5413 gehennam

2110 5441 2322 5514 (Matth.
2359 5440 2447 5497 l0.
2476 5441 2573 5513 ad)
2601 5459 2612 5495 :
2646 5441 2790 5511 quod
2822 5454 3000 5495 autent
3029 5448 3113 5493 est
3138 5436 3426 5507 perditum,
3460 5434 3703 5489 SltllSlSIll

2109 5536 2347 5606 quidem,
2374 5534 2469 5591 sed
2500 5536 2671 5590 aciem
2697 5536 2973 5589 oculorum
3007 5532 3123 5601 ejus
3152 5532 3240 5599 qui
3273 5529 3523 5600 perdidit,
3549 5529 3697 5598 fugit.

2112 5629 2307 5682 Verum
2333 5635 2388 5681 nt
2409 5626 2672 5690 dicebam,
2701 5626 2894 5694 duplex
2919 5626 2968 5677 in
2990 5623 3143 5677 nobis
3172 5636 3316 5677 mors
3336 5632 3450 5686 est;
3475 5635 3706 5689 quapro-

2111 5736 2226 5791 pter
2255 5733 2309 5779 et
2336 5722 2600 5793 duplicem
2639 5720 2749 5774 Iicri
2784 5721 2835 5773 in
2878 5717 3030 5773 nobis
3058 5716 3505 5773 resurreCIionem
3531 5729 3696 5783 opor—

2175 5857 2188 5887 ί
2229 5862 2344 5915 πρε.
2365 5854 2412 5917 l,
2430 5860 2603 5905 natura
2623 5862 2798 5914 (autem,
2826 5851 3092 5916 posterius;
3112 5850 3387 5914 tristiusque
3404 5854 3617 5900 mortuus
3638 5856 3706 5897 est

2107 5928 2325 5979 peccatu.
