4130 6506
419 464 524 522 ιδθ

417 587 495 632 tet
520 595 533 631 :
568 578 621 630 in
657 576 871 632 Christo
895 575 1122 645 simplex
1147 589 1291 629 mors
1310 574 1406 628 fuit
1430 593 1443 626 :
1471 589 1574 627 non
1597 574 1740 628 enim
1768 572 2011 627 Christus

419 667 691 736 peccavit,
722 667 817 722 sed
854 668 966 736 ipsa
995 679 1139 721 mors
1166 666 1392 734 simplex
1419 674 1639 735 propter
1663 677 1761 718 nos
1782 671 1863 717 est
1887 678 2010 716 sus-

416 766 746 828 ceptamon
785 757 927 812 enim
967 766 1195 812 mortem
1242 754 1426 810 debuit
1472 755 1595 821 ille,
1649 768 1825 824 neque
1869 755 2013 809 enim

423 866 546 905 reus
569 859 685 905 erat
723 850 945 919 peccati,
965 849 1210 919 quocirca
1241 862 1337 902 nec
1367 848 1589 902 mortis:
1615 855 1896 917 propterea
1923 847 2013 901 ille

424 940 634 1010 quidem
652 941 1044 995 resurrectione
1055 937 1280 1008 simplici
1293 954 1320 991 a
1338 937 1565 1007 simplici
1584 945 1757 991 morte
1775 951 2013 992 resurre-

426 1032 504 1086 xit
524 1051 538 1087 :
564 1046 661 1086 nos
682 1040 884 1095 autem,
908 1033 996 1101 qui
1014 1030 1209 1100 duplici
1223 1039 1392 1084 morte
1408 1030 1603 1084 mortui
1630 1028 2015 1099 sumus,dupli-

425 1123 473 1177 ei
515 1138 729 1193 quoque
755 1122 1143 1178 resurrectione
1159 1121 1485 1192 resurgimus
1516 1138 1529 1173 :
1575 1134 1678 1174 una
1692 1119 1903 1189 quidem
1918 1135 2013 1173 an-

421 1225 506 1269 tea
538 1216 951 1278 resurreximns,
974 1222 1188 1284 quaeest
1210 1228 1241 1267 a
1266 1222 1485 1283 peccato
1512 1210 1846 1282 :consepulti
1869 1226 2013 1266 enim

420 1320 606 1362 sumus
620 1306 718 1377 ipsi
739 1307 791 1360 in
807 1304 1087 1374 baptismo,
1109 1314 1164 1359 et
1177 1304 1615 1361 consurreximus
1633 1318 1756 1358 cum
1778 1303 1894 1372 ipso
1918 1317 2015 1372 per

424 1399 772 1468 baptismum.
808 1397 921 1454 Una
953 1398 1068 1452 haec
1096 1396 1421 1451 resurrectio
1447 1404 1532 1451 est
1562 1395 1805 1450 liberatio
1827 1410 1857 1448 a
1885 1408 2014 1465 pec-

420 1491 585 1555 catis;
606 1489 774 1543 altera
797 1503 925 1544 vero
943 1489 1266 1544 resurrectio
1281 1497 1363 1543 est
1377 1487 1617 1556 corporis
1633 1505 1647 1543 :
1672 1486 1817 1542 dedit
1841 1485 2015 1555 majo-

428 1597 563 1648 rem,
586 1591 839 1652 exspecta
866 1584 1027 1635 etiam
1052 1580 1316 1635 minorem
1348 1598 1360 1633 :
1390 1579 1505 1636 haec
1536 1579 1679 1635 enim
1702 1580 1871 1635 multo
1904 1592 2018 1633 ma-

426 1673 513 1741 jor
542 1681 625 1727 est
650 1672 955 1727 illa:multo
980 1672 1123 1726 enim
1147 1671 1318 1741 majus
1346 1680 1431 1727 est
1458 1686 1488 1725 a
1516 1673 1750 1742 peccatis
1778 1670 2015 1736 liberari,

424 1777 582 1832 quam
603 1776 800 1832 corpus
826 1776 1112 1833 resurgens
1136 1762 1354 1817 intueri.
1383 1762 1671 1831 Propterea
1682 1761 1876 1817 cecidit
1894 1776 2018 1816 coro

378 1866 383 1869 '
427 1868 548 1922 pus,
573 1852 697 1923 quia
725 1853 966 1922 peccavit
997 1871 1011 1908 :
1041 1853 1087 1909 si
1115 1853 1278 1924 igitur
1325 1854 1643 1923 principium
1688 1852 1915 1909 cadendi
1939 1860 2023 1908 est

431 1953 706 2014 peccatum
728 1987 744 2011 ,
774 1945 1096 2016 principium
1124 1945 1438 2015 rcsurgendi
1466 1954 1551 2001 est
1575 1960 1606 2001 a
1638 1955 1857 2016 peccato
1882 1945 2019 2001 libe-

427 2037 554 2090 rari.
611 2036 1026 2092 Resurreximus
1071 2036 1326 2107 deinceps
1381 2038 1776 2092 resurrectione
1807 2036 2022 2108 majori,

428 2125 637 2196 abjecta
664 2128 812 2196 gravi
866 2136 1041 2182 morte
1080 2127 1306 2197 peccati,
1332 2136 1386 2182 et
1422 2129 1590 2183 veteri
1636 2135 1794 2183 exuta
1824 2137 2019 2183 veste:

430 2232 497 2271 ne
528 2217 688 2287 igitur
709 2215 779 2272 de
807 2218 1000 2273 minori
1028 2217 1403 2289 desperemus.
1441 2218 1554 2273 Hac
1574 2227 1629 2273 et
1658 2233 1758 2273 nos
1782 2219 1909 2274 olim
1936 2235 2023 2275 re-

433 2307 767 2362 surrectione
794 2310 1187 2364 resurreximus
1206 2351 1221 2374 ,
1263 2308 1477 2379 quando
1500 2310 1748 2378 baptizati
1774 2308 1972 2365 fuimus
2003 2349 2021 2377 ,

432 2408 593 2468 atque
614 2398 669 2454 bi
696 2399 783 2469 qui
807 2398 920 2455 heri
949 2401 1156 2472 vesperi
1184 2400 1505 2471 baptismate
1525 2400 1667 2469 digni
1691 2401 1855 2455 habiti
1878 2411 2023 2467 sunt,

436 2491 489 2545 hi
511 2492 629 2560 agni
664 2491 908 2561 prieclari
939 2492 980 2545 ³.
1006 2492 1407 2547 Nudiustcrtius
1434 2493 1718 2547 crucifixus
1742 2501 1825 2546 est
1866 2491 2026 2547 Chri-

440 2593 576 2651 stus,
606 2584 701 2639 sed
717 2599 876 2640 nocte
905 2585 1173 2655 praeterita
1197 2586 1491 2640 resurrexit
1520 2601 1533 2637 :
1563 2594 1617 2640 et
1644 2584 1697 2638 hi
1722 2584 2025 2640 nudiuster-

440 2676 546 2729 tius
568 2688 598 2727 a
623 2684 838 2744 peccato
859 2674 1258 2742 detinebantur,
1285 2675 1381 2730 sed
1406 2675 1566 2729 simul
1598 2690 1718 2730 cum
1743 2690 1811 2730 eo
1840 2691 2029 2731 resur-

436 2775 691 2820 rexernnt
718 2784 731 2819 :
763 2765 852 2820 ille
889 2780 1116 2834 corpore
1159 2775 1400 2821 mortuus
1440 2774 1522 2821 est
1546 2808 1561 2832 ,
1594 2775 1649 2821 et
1688 2780 1915 2835 corpore
1944 2780 2031 2822 re-

442 2858 714 2911 surrexit:
740 2856 795 2912 hi
822 2858 1019 2911 mortui
1049 2868 1269 2927 peccato
1294 2865 1471 2923 erant,
1494 2865 1548 2911 et
1579 2872 1609 2911 a
1639 2858 1868 2927 peccatis
1895 2857 2033 2912 libe-

445 2949 544 3001 rati
570 2956 998 3003 resurrexerunt.
1035 2952 1113 3001 Ac
1141 2956 1282 3002 terra
1313 2948 1530 3016 quidem
1563 2962 1727 3002 verno
1758 2947 1860 3001 hoc
1898 2957 2035 3002 tem-

444 3054 576 3110 pore
614 3054 765 3094 rosas
792 3047 848 3094 et
891 3039 1056 3094 violas
1082 3038 1324 3108 aliosque
1349 3038 1515 3093 ﬂores
1542 3038 1696 3093 nobis
1717 3036 1860 3102 edit;
1885 3053 2037 3108 aqua:

448 3146 583 3187 vero
630 3141 768 3187 terra
815 3131 973 3187 nobis
1002 3140 1213 3202 pratum
1263 3131 1628 3187 delectabilius
1658 3129 2035 3186 exhibuerunt.

444 3228 525 3280 Ne
548 3225 759 3280 mireris
772 3224 912 3296 quod
941 3225 1008 3280 ab
1032 3225 1186 3293 aquis
1211 3222 1373 3279 flores
1398 3223 1777 3294 germinarint;
1812 3238 1910 3278 nec
1926 3223 2038 3293 ipsa

446 3331 587 3371 terra
616 3332 687 3372 ex
716 3317 930 3387 propria
951 3326 1164 3383 natura,
1188 3316 1286 3399 sed
1303 3331 1367 3372 ex
1397 3316 1606 3371 Domini
1635 3315 1885 3371 mandato
1905 3331 2036 3387 ger-

446 3426 571 3465 IIICI]
602 3407 713 3464 edit
735 3425 750 3465 :
780 3408 1026 3464 animalia
1050 3424 1263 3479 quoque
1288 3418 1435 3463 motu
1462 3407 1682 3477 praedita
1708 3407 1759 3462 in
1781 3407 2041 3479 principio

449 3504 564 3559 edit
586 3517 850 3573 aquarum
881 3510 1069 3557 natura
1100 3516 1116 3567 ;
1152 3498 1456 3555 Producant
1478 3501 1640 3567 enim,
1674 3499 1865 3570 inquit,
1896 3513 2044 3573 aqua:

447 3594 648 3663 reptilt'a
668 3595 954 3647 animarum
978 3593 1245 3646 viventium
1268 3590 1420 3661 (Gen.
1454 3592 1506 3645 1.
1536 3592 1628 3662 20)
1659 3607 1674 3657 ;
1714 3600 1771 3645 et
1816 3589 2041 3644 manda-

451 3697 561 3738 tum
604 3699 741 3753 Opus
771 3683 988 3748 evasit,
1042 3683 1238 3752 illaque
1266 3683 1459 3737 anima:
1515 3696 1707 3751 expers
1751 3682 2044 3735 substantia

454 3779 689 3831 animata
722 3776 941 3845 protulit
966 3775 1240 3829 animalia.
1279 3775 1356 3828 lta
1388 3789 1531 3829 nunc
1559 3775 1722 3828 etiam
1753 3776 2047 3844 producant

454 3883 629 3937 aqua),
673 3882 777 3922 non
823 3865 1034 3936 reptiiia
1061 3866 1352 3921 viventium
1402 3865 1726 3929 animarum,
1759 3865 1854 3919 sed
1886 3866 2046 3934 spiri-

455 3960 615 4016 tualla
652 3958 815 4012 dona.
866 3957 1244 4013 Produxerunt
1291 3965 1406 4012 tum
1432 3972 1585 4027 aquae
1615 3958 1787 4026 pisces
1823 3956 2049 4010 rationis

458 4059 709 4121 expertes
737 4066 800 4104 ac
828 4061 1041 4115 mutos;
1074 4066 1216 4107 nunc
1262 4052 1472 4107 ratione
1500 4052 1757 4122 praeditos
1784 4066 1848 4105 ac
1881 4050 2048 4121 spiri-

457 4143 628 4198 tnales
653 4141 826 4211 pisces
851 4141 1153 4198 effuderunt
1173 4185 1188 4210 ,
1239 4144 1414 4215 pisces
1434 4186 1450 4212 ,
1489 4160 1625 4215 quos
1673 4145 1902 4214 apostoli
1927 4154 2053 4199 sunt

462 4235 671 4305 piscati.
714 4232 886 4287 Venite
928 4234 1072 4289 enim
1092 4276 1108 4303 ,
1142 4235 1333 4305 inquit,
1366 4246 1412 4290 et
1438 4235 1628 4300 faciam
1670 4251 1756 4290 vos
1783 4236 2051 4301 piscatores

459 4332 723 4387 [taurinum
753 4329 964 4405 (Matth.
994 4330 1048 4385 4.
1082 4329 1173 4401 19)
1196 4347 1212 4384 :
1239 4328 1354 4383 luce
1378 4338 1462 4384 est
1490 4329 1578 4383 illa
1609 4329 1831 4399 piscatio
1862 4328 1929 4384 de
1948 4343 2053 4398 qua

459 4434 571 4480 tum
588 4426 905 4496 loquebatur
931 4442 943 4478 :
972 4438 1145 4479 novus
1170 4438 1354 4478 revera
1385 4421 1697 4493 piscationis
1717 4421 1942 4478 modus:
1964 4423 2054 4492 qui

459 4517 735 4586 piscantur
754 4532 818 4572 ex
847 4515 1004 4586 aquis
1031 4514 1282 4584 ejiciunt,
1313 4528 1415 4569 nos
1460 4510 1518 4567 in
1559 4528 1725 4582 aquas
1765 4514 2053 4584 injieimus,

459 4617 622 4678 atque
653 4608 725 4663 ita
756 4609 1052 4679 piscamur.
1105 4604 1230 4660 Fuit
1266 4605 1395 4659 olim
1435 4614 1489 4659 et
1527 4612 1702 4659 stante
1751 4605 2054 4660 Judzeorum

465 4700 587 4769 lege
615 4700 815 4769 piscina
852 4715 871 4754 :
900 4700 1050 4755 disce
1092 4697 1218 4769 quid
1247 4699 1478 4768 potuerit
1508 4696 1595 4750 illa
1628 4697 1852 4766 piscina,
1877 4706 1933 4750 ut
1958 4695 2056 4752 Ju-

465 4793 674 4847 daicam
702 4792 876 4847 discas
904 4799 1220 4863 egestatem,
1251 4803 1307 4845 ut
1335 4790 1546 4845 divitias
1575 4787 1752 4846 discas
1778 4790 2054 4846 Ecclesiae.

465 4884 677 4940 Piscina
704 4892 819 4938 erat
848 4898 1104 4954 aquarum
1122 4923 1137 4948 ,
1165 4882 1396 4952 illucque
1424 4881 1646 4953 angelus
1674 4881 2055 4949 descendebat,

464 4987 519 5029 et
547 4990 714 5046 aquas
746 4976 1025 5045 movebat;
1057 4974 1252 5031 deinde
1278 4982 1397 5045 post
1426 4989 1577 5045 aquae
1597 4976 1890 5031 motionem
1918 4991 2061 5047 aeger

469 5084 607 5123 unus
634 5066 1064 5138 ingrediebatur,
1099 5077 1153 5122 et
1188 5066 1478 5123 satiabatur
1499 5064 1681 5135 (Joan.
1706 5067 1759 5122 5.
1789 5066 1844 5122 2.
1874 5066 2009 5139 sqq.)
2042 5085 2057 5122 :

469 5176 608 5217 unus
634 5160 780 5213 solus
802 5158 1088 5229 qu0lannis
1115 5157 1420 5222 sanabatnr,
1446 5157 1734 5228 statimque
1747 5159 1911 5228 gratia
1940 5173 2061 5212 con-

469 5251 816 5314 sumebatur,
866 5263 972 5303 non
1024 5256 1244 5317 propter
1274 5249 1389 5315 ejus
1414 5248 1504 5318 qui
1536 5247 1700 5304 dabat
1739 5257 2057 5318 egestatem,

471 5344 565 5398 sed
594 5353 814 5414 propter
842 5356 1029 5398 eorum
1063 5340 1151 5411 qui
1180 5341 1513 5410 accipiebant
1552 5341 1935 5396 inﬁrmitatem.
1960 5340 2064 5396 De-

472 5437 768 5492 scendebat
809 5437 962 5507 igitur
999 5435 1221 5505 angelus
1251 5436 1302 5490 in
1335 5433 1615 5504 piscinam,
1634 5445 1688 5489 et
1719 5449 1912 5505 aquam
1942 5449 2062 5489 mo-

481 5529 663 5593 vebat,
694 5545 758 5585 ac
784 5530 1078 5586 satiabatur
1102 5542 1240 5583 unus
1269 5546 1283 5583 :
1310 5527 1591 5585 descendit
1626 5527 1883 5583 Dominus
1902 5543 2064 5598 ange-

475 5619 650 5674 lorum
678 5621 729 5673 in
757 5619 1044 5675 Jordanem
1068 5660 1084 5686 ,
1110 5629 1164 5676 et
1200 5635 1391 5688 aquam
1436 5619 1621 5682 movit,
1655 5628 1817 5688 atque
1846 5619 2064 5673 univcr-

474 5722 597 5764 sum
623 5718 886 5763 terrarum
917 5709 1100 5763 orbem
1127 5710 1357 5764 sanavit.
1388 5709 1677 5778 Propterea
1716 5709 1822 5765 illic
1850 5708 2064 5780 quidem

482 5800 552 5867 is,
583 5800 672 5869 qui
703 5809 822 5868 post
863 5800 1087 5868 primum
1131 5799 1399 5855 secundus
1427 5799 1798 5867 descenderat,
1849 5801 2067 5857 minime

545 5913 559 5947 ⁸
599 5912 714 5978 Reg.
733 5913 783 5975 2,
803 5910 853 5964 Iri
876 5908 1057 5963 surculi
1079 5909 1308 5973 praelati
1320 5948 1330 5961 .

1142 462 1201 517 S.
1231 458 1510 517 JOANNIS
1543 458 2022 516 CHRYSOSTOM!
2052 459 2370 517 ARCHIEP.
2411 458 2946 517 CONSTANTINOP.

3595 459 3702 515 ιω

2119 575 2437 637 sanabatur;
2477 572 2677 628 Judzeis
2709 573 2904 643 quippe
2948 571 3114 642 gratia
3141 571 3264 627 data
3291 581 3410 628 erat
3436 573 3661 628 infirmis
3683 614 3702 639 ,

2118 665 2302 735 egenis
2331 681 2344 718 :
2374 663 2463 720 hic
2487 679 2612 718 vero
2637 671 2756 733 post
2777 664 3007 731 primum
3033 661 3301 718 secundus
3319 704 3336 730 ,
3362 672 3482 733 post
3508 677 3703 718 secun-

2122 756 2250 810 dum
2274 755 2482 819 tertius,
2517 762 2639 823 post
2679 755 2891 809 tertium
2917 761 3137 823 quartus
3168 770 3181 807 :
3208 756 3330 808 licet
3351 754 3558 820 decem,
3578 753 3706 811 licet

2121 847 2340 916 viginti,
2371 845 2495 901 licet
2520 855 2757 912 centum,
2789 844 2913 899 licet
2935 844 3116 898 decies
3141 844 3305 910 mille,
3335 845 3460 899 licet
3487 843 3705 899 univer-

2118 952 2237 992 sum
2285 936 2470 991 orbem
2516 944 2780 991 terrarum
2831 935 3116 990 immiseris
3170 935 3221 989 in
3275 935 3567 1005 piscinam,
3601 951 3704 988 non

2118 1029 2452 1085 consumitur
2480 1028 2673 1098 gratia,
2696 1043 2801 1083 non
2830 1027 3144 1083 exhauritur
3163 1026 3361 1081 donum
3385 1068 3399 1092 ,
3451 1042 3554 1081 non
3584 1027 3708 1079 lati-

2118 1137 2210 1177 ces
2232 1121 2574 1192 inquinantur
2593 1137 2606 1173 :
2628 1134 2800 1174 novus
2822 1118 3151 1190 purgationis
3176 1118 3368 1173 modus
3393 1134 3408 1170 :
3438 1132 3543 1171 non
3561 1118 3703 1174 enim

2121 1224 2207 1271 est
2239 1214 2536 1285 corporalis
2565 1231 2579 1268 :
2606 1228 2732 1269 nam
2760 1214 2814 1267 in
2838 1212 3158 1281 corporibus
3197 1210 3439 1280 quidem,
3462 1224 3568 1280 quo
3594 1210 3705 1279 plu-

2120 1322 2208 1362 res
2232 1305 2541 1373 abluuntur,
2572 1320 2640 1361 eo
2661 1306 2893 1376 majores
2918 1303 3105 1359 sordes
3125 1303 3310 1359 latices
3342 1302 3703 1369 contrahunt;

2120 1399 2209 1455 hic
2238 1415 2366 1455 vero
2389 1415 2496 1470 quo
2532 1399 2716 1471 plures
2746 1397 2987 1462 abluunt,
3015 1410 3082 1451 eo
3116 1394 3359 1465 puriores
3388 1393 3637 1449 evadunt.

2190 1491 2245 1548 5.
2278 1491 2444 1546 Vides
2484 1489 2906 1562 magnitudinem
2950 1486 3121 1541 doni?
3166 1489 3236 1540 At
3275 1494 3331 1539 tu
3380 1485 3510 1540 doni
3551 1484 3712 1555 hujus

2122 1582 2550 1653 magnitudinem
2580 1594 2866 1647 conserva,
2895 1578 2969 1633 mi
2993 1577 3176 1633 homo.
3204 1574 3324 1631 Non
3352 1575 3479 1631 licet
3507 1575 3601 1630 tibi
3629 1576 3713 1628 in-

2123 1674 2438 1732 dill‘erenter
2469 1673 2685 1739 vivere;
2719 1672 2892 1742 legem
2933 1670 3028 1725 tibi
3066 1668 3167 1739 ipsi
3231 1683 3355 1723 cum
3396 1668 3544 1723 omni
3588 1665 3715 1721 dili-

2122 1768 2301 1840 gentia
2328 1766 2692 1836 scisce;agon
2721 1772 2806 1819 est
2850 1770 2905 1818 et
2949 1761 3092 1817 lucta
3141 1759 3384 1831 quaedam
3430 1758 3545 1812 bzcc
3577 1757 3714 1822 vita;

2124 1859 2213 1931 qui
2240 1866 2419 1913 autem
2449 1856 2503 1911 in
2527 1871 2701 1927 agone
2715 1853 3010 1919 contendit,
3032 1851 3101 1906 ab
3120 1851 3371 1909 omnibus
3391 1864 3451 1904 se
3462 1848 3715 1902 abstinet.

2129 1949 2292 2006 Visne
2306 1950 2567 2021 optimum
2593 1947 2880 2019 quemdam
2922 1961 2986 2001 ac
3010 1960 3255 2000 securum
3282 1946 3428 1998 recte
3457 1942 3717 1997 factorum

2126 2040 2344 2096 modum
2373 2048 2425 2095 te
2452 2037 2713 2094 doceam?
2739 2035 2870 2104 Qua:
2916 2036 3166 2090 nimirum
3199 2032 3548 2089 indifferentia
3594 2032 3719 2101 qni-

2127 2133 2251 2190 dem
2279 2132 2543 2195 videntur,
2593 2129 2689 2185 sed
2734 2136 2951 2199 peccata
2990 2127 3237 2197 pariunt,
3260 2140 3326 2179 ex
3353 2132 3531 2178 mente
3557 2122 3719 2192 pella-

2128 2236 2427 2279 mus:nam
2459 2221 2602 2277 inter
2643 2221 2883 2276 actiones
2928 2217 3175 2289 quaadam
3217 2215 3433 2285 quidem
3476 2224 3719 2284 peccata,

2131 2316 2376 2388 quaedam
2425 2330 2556 2370 vero
2603 2329 2710 2369 non
2763 2321 3012 2384 peccata,
3064 2311 3160 2365 sed
3207 2318 3547 2381 peccatorum
3596 2317 3722 2363 sunt

2132 2423 2309 2464 causa:
2334 2421 2352 2462 :
2382 2406 2461 2461 sic
2489 2405 2630 2460 risus
2656 2404 2872 2476 quidem
2913 2412 3189 2474 peccatum
3238 2411 3426 2456 natura
3465 2416 3572 2454 non
3600 2409 3719 2463 est;

2135 2500 2195 2554 fit
2222 2507 2401 2553 autem
2433 2507 2739 2569 peccatum,
2768 2497 2811 2551 si
2843 2496 2982 2550 ultra
3004 2494 3220 2548 modum
3243 2491 3547 2549 effundatur
3568 2506 3721 2551 :nam

2133 2608 2199 2647 ex
2229 2590 2341 2645 risu
2369 2589 2600 2658 facetiat,
2626 2604 2693 2644 ex
2731 2588 2937 2643 facetiis
2964 2586 3254 2641 verborum
3281 2584 3635 2647 obscmnitas,
3659 2599 3725 2638 cx

2135 2684 2488 2740 obscoenitate
2514 2681 2797 2737 verborum
2827 2680 2996 2749 turpia
3028 2677 3190 2744 facta,
3216 2693 3281 2732 ex
3303 2676 3546 2747 turpibus
3573 2674 3726 2731 factis

2138 2777 2396 2848 supplicia
2424 2776 2694 2842 oriuntur,
2730 2788 2795 2828 ac
2813 2787 2988 2843 pmna:
3017 2789 3031 2825 :
3060 2770 3188 2825 tolle
3214 2769 3376 2840 igitur
3401 2779 3558 2823 antea
3587 2766 3726 2821 radi-

2139 2885 2279 2937 cem,
2307 2878 2364 2924 ut
2391 2877 2558 2925 totam
2587 2866 2958 2937 aegritudinem
3004 2864 3192 2920 tollas:
3215 2863 3259 2917 si
3289 2863 3432 2917 enim
3473 2861 3627 2915 nobis
3659 2862 3729 2914 ab

2140 2964 2207 3018 iis
2226 2978 2347 3035 quae
2375 2960 2731 3017 indiderentia
2750 2967 2874 3014 sunt
2891 2972 3198 3022 caveamus,
3225 2969 3517 3025 numquam
3549 2954 3603 3007 in
3638 2967 3726 3015 ea,

2139 3069 2259 3124 quae
2324 3052 2588 3122 prohibita
2647 3059 2815 3117 sunt,
2879 3048 3241 3119 prolabemur.
3308 3045 3384 3100 ita
3448 3044 3728 3099 mulierem

2141 3144 2419 3215 aspexisse
2449 3140 2763 3198 indifferens
2811 3140 2995 3195 multis
3024 3138 3234 3193 videtur
3259 3154 3273 3203 ;
3305 3145 3361 3190 at
3388 3150 3453 3190 ex
3504 3135 3607 3190 hoc
3634 3149 3731 3189 cu-

2147 3236 2341 3308 piditas
2384 3235 2581 3290 lasciva
2624 3234 2899 3304 gignitur,
2945 3246 3013 3286 ex
3066 3229 3363 3299 cupiditate
3410 3227 3730 3289 fornicatio.

2143 3346 2210 3385 ex
2259 3328 2612 3385 fornicatione
2668 3340 2882 3381 rursum
2919 3323 3241 3394 supplicium
3303 3337 3368 3377 ac
3423 3334 3602 3392 paena.
3661 3320 3734 3373 Ita

2144 3420 2377 3476 delicate
2397 3418 2578 3475 vivere
2616 3432 2681 3472 ac
2704 3416 2847 3471 laute
2874 3414 3008 3469 nihil
3035 3429 3200 3485 grave
3218 3428 3340 3469 esse
3368 3412 3611 3477 videtur;
3643 3425 3735 3466 ve-

2146 3527 2264 3567 rum
2292 3509 2415 3565 inde
2437 3509 2691 3574 ebrietas,
2723 3521 2948 3578 quaeque
2974 3520 3041 3561 ex
3060 3504 3321 3559 ebrietate
3342 3504 3481 3558 mala
3501 3515 3736 3558 sexcen-

2147 3613 2201 3659 ta
2261 3610 2575 3657 nascuntur.
2632 3600 2909 3654 Tollamus
2994 3598 3156 3668 igitur
3225 3597 3421 3667 ubique
3489 3601 3737 3666 peccato-

2148 3711 2270 3752 rum
2324 3694 2607 3764 principia.
2659 3692 2863 3747 Idcirco
2917 3691 3154 3762 quotidie
3202 3692 3453 3745 continua
3498 3689 3737 3744 doctrina

2154 3786 2486 3858 perfruimini
2539 3803 2553 3841 :
2600 3784 2800 3840 idcirco
2846 3792 3051 3853 septem
3080 3782 3286 3837 dierum
3330 3782 3506 3849 Spatio
3546 3793 3739 3834 conse-

2152 3886 2381 3950 quenter
2405 3877 2687 3932 collectam
2710 3876 2913 3946 agimus
2939 3872 3039 3947 (a),
3064 3888 3127 3928 ac
3146 3872 3476 3942 spirituaiem
3502 3884 3742 3924 mensam

2150 3970 2305 4026 vobis
2351 3970 2700 4040 apponimus,
2743 3977 2800 4022 ut
2836 3974 3019 4022 nostra
3059 3979 3220 4034 opera
3270 3964 3465 4019 divinis
3511 3962 3739 4033 eloquiis

2153 4062 2523 4136 perfruamini,
2554 4070 2612 4116 ut
2636 4076 2732 4116 vos
2759 4060 2984 4130 singulis
3009 4057 3198 4114 diebus
3221 4057 3562 4121 instruamus,
3585 4064 3744 4124 atque

2155 4154 2413 4210 adversus
2432 4153 2699 4209 diabolum
2719 4164 2988 4206 armemus
3016 4166 3030 4202 :
3068 4164 3208 4203 nunc
3232 4148 3377 4202 enim
3403 4147 3629 4202 ferocius
3657 4147 3710 4199 in
3730 4177 3747 4189 -

2154 4247 2300 4302 vadit
2331 4264 2345 4301 :
2376 4253 2576 4316 quanto
2599 4244 2771 4312 majus
2799 4251 2881 4297 est
2909 4240 3109 4296 donum
3135 4282 3149 4307 ,
3183 4248 3330 4293 tanto
3374 4239 3534 4293 etiam
3577 4237 3747 4306 majus

2156 4349 2240 4395 est
2271 4337 2493 4393 bellum.
2515 4335 2572 4392 Si
2593 4335 2734 4389 enim
2778 4348 2900 4388 cum
2929 4347 3091 4387 unum
3139 4332 3190 4386 in
3215 4330 3457 4401 paradiso
3482 4329 3701 4384 vidisset
3727 4367 3745 4393 ,

2157 4432 2378 4489 minime
2405 4429 2555 4492 tulit,
2585 4442 2706 4481 cum
2736 4435 2842 4480 tam
2883 4423 3079 4478 multos
3104 4422 3281 4477 videat
3331 4420 3382 4474 in
3412 4421 3547 4475 carlo
3571 4461 3587 4486 ,
3623 4418 3709 4472 dic
3728 4458 3745 4482 ,

2158 4537 2340 4594 quaeso
2365 4563 2381 4587 ,
2412 4520 2501 4590 qui
2529 4516 2704 4574 feret?
2749 4515 3088 4585 Exasperasti
3128 4513 3389 4573 belluam.
3421 4510 3515 4566 sed
3548 4510 3657 4565 noli
3684 4509 3749 4563 ti-

2160 4630 2342 4680 mere;
2375 4612 2631 4682 majorem
2673 4610 2899 4680 gratiam
2940 4606 3226 4676 accepisti,
3272 4604 3506 4675 gladium
3545 4616 3749 4658 exacu-

2163 4718 2307 4771 tum;
2339 4704 2430 4759 illo
2456 4716 2630 4773 punge
2657 4707 2980 4769 serpentem.
3006 4697 3207 4753 Idcirco
3228 4695 3373 4749 illum
3395 4696 3535 4749 Deus
3562 4693 3752 4747 advcr~

2161 4813 2279 4853 sum
2306 4805 2357 4851 te
2383 4793 2688 4863 exasperari
2716 4790 2985 4861 permisit,
3016 4799 3073 4842 ut
3101 4786 3293 4840 virium
3326 4796 3531 4840 tuarum
3555 4794 3747 4856 poten-

2163 4891 2289 4946 tiam
2311 4889 2426 4958 ipso
2451 4885 2815 4957 experimento
2833 4893 3148 4951 cognoscas.
3199 4878 3263 4933 Et
3306 4876 3752 4947 quemadmodum

2162 4996 2284 5037 cum
2313 4979 2545 5048 optimus
2567 4975 2826 5043 palmstrre
2846 4970 3096 5040 magister
3111 4968 3410 5039 squalidum
3427 4967 3753 5038 quempiam.

2164 5082 2474 5131 enervatum
2494 5069 2749 5124 athletam
2779 5079 2842 5119 ac
2865 5064 3173 5132 despectum
3192 5061 3480 5130 acceperit,
3513 5060 3604 5115 ubi
3632 5074 3755 5113 eum

2165 5178 2382 5225 unctum
2405 5161 2735 5227 instruxerit,
2764 5158 3085 5221 exercuerit,
3104 5155 3477 5225 corpulentum
3510 5151 3758 5207 reddide-

2165 5262 2257 5326 rit,
2278 5257 2432 5312 otiari
2443 5255 2694 5322 deinceps
2716 5266 2820 5306 non
2842 5250 3005 5315 sinit;
3029 5263 3215 5302 verum
3236 5246 3285 5300 in
3304 5244 3593 5300 certamina
3608 5243 3759 5311 jubet

2166 5351 2514 5409 descendere,
2539 5357 2598 5403 ut
2625 5361 2745 5402 eum
2781 5344 2973 5399 doceat
2997 5340 3344 5411 experientia,
3375 5347 3629 5408 quantum
3662 5336 3760 5405 ipsi

2169 5443 2332 5498 robur
2357 5439 2610 5494 indiderit
2638 5455 2652 5503 ;
2683 5438 2751 5490 ita
2782 5436 3027 5490 Christus
3051 5432 3213 5486 etiam
3247 5430 3371 5486 fecit
3394 5445 3409 5495 ;
3433 5438 3642 5499 peierat
3684 5429 3759 5481 si-

2169 5534 2381 5605 quidem
2413 5531 2683 5585 inimicum
2705 5544 2737 5584 e
2778 5528 2954 5583 medio
2982 5525 3201 5589 tollere,
3245 5521 3340 5576 sed
3369 5530 3426 5575 ut
3450 5521 3633 5591 gratia:
3662 5536 3758 5573 cx-

2170 5624 2497 5691 ccllentiam,
2529 5636 2591 5676 ac
2610 5620 2818 5675 virtutis
2842 5616 3152 5689 Spiritualis,
3177 5628 3334 5685 quam
3356 5628 3422 5667 ex
3447 5613 3761 5681 baptismate

2172 5725 2360 5772 nactus
2401 5728 2479 5780 es,
2526 5709 2943 5781 magnitudinem
2995 5708 3206 5772 discas,
3243 5714 3418 5760 tecum
3443 5703 3589 5758 illum
3633 5717 3761 5755 con-

2235 5848 2311 5909 (n)
2343 5855 2539 5909 septem
2575 5845 2767 5898 dierum
2800 5843 2955 5906 spatio
2988 5841 3204 5906 quotidie
3228 5840 3603 5892 concionabatur
3623 5839 3766 5899 Chry-

2175 5919 2433 5964 SOSIOUIUS-
