4130 6494
417 489 519 548 439

412 608 660 679 ἥμαρτεν
678 609 707 661 6
732 607 965 679 Χριστός
985 624 1000 639 ⁸
1025 608 1162 663 ἀλλά
1181 610 1276 663 καὶ
1296 612 1457 676 αὑτὸς
1479 615 1507 666 6
1529 613 1733 677 ἁπλοῦς
1761 612 1995 675 θάνατος

411 697 478 750 δι’
502 699 679 768 ἡμᾶς’
730 699 791 751 οὑ
814 699 920 770 γάρ
951 700 1149 769 ὤφειλε
1170 701 1259 755 τὸν
1284 701 1510 757 θάνατον
1533 706 1737 769 ἐκεῖνος
1759 722 1773 736 ⁸
1800 705 1858 757 οὑ
1886 704 1995 774 γὰρ

409 781 480 857 ἦν
514 786 814 847 ὑπεύθυνος
846 788 1108 859 ἁμαρτίᾳ,
1145 788 1227 841 διὸ
1256 788 1377 842 οὑδέ
1416 790 1644 845 θανάτου
1672 806 1686 822 ⁸
1716 790 1805 845 διὰ
1837 790 1995 844 τοῦτο

410 878 616 940 ἐκεῖνος
649 877 746 947 μὲν
772 879 968 949 ἀνέστη
994 879 1092 950 τὴν
1123 879 1414 934 ἀνάστασιν
1441 881 1537 952 τὴν
1563 881 1671 935 ἀπὸ
1696 882 1790 936 τοῦ
1821 881 1992 935 ἁπλοῦ

410 967 642 1020 Θανάτου
674 985 690 1000 ⁸
737 970 896 1039 ἡμεῖς
948 970 1006 1023 δὲ
1053 970 1270 1025 διπλοῦν
1323 971 1683 1036 ἀποθανόντες
1741 973 1989 1040 θάνατον,

407 1057 601 1129 διπλῆν
649 1059 745 1112 καὶ
789 1059 887 1130 τήν
933 1060 1227 1115 ἀνάστασιν
1275 1063 1614 1134 ἀνιστάμεθα
1640 1082 1653 1095 ⁸
1711 1065 1841 1136 μίαν
1891 1066 1991 1136 μὲν

408 1147 712 1217 ἀνέστημεν
738 1148 874 1211 τέως
896 1149 995 1220 τὴν
1015 1150 1121 1202 ἀπὸ
1144 1150 1241 1222 τῆς
1270 1152 1543 1225 ἁμαρτίας
1561 1169 1576 1183 ⁸
1609 1155 1990 1225 συνετάφημεν

406 1235 516 1307 γὰρ
550 1236 700 1308 αὑτῷ
723 1238 780 1291 ὲν
804 1238 882 1309 τῷ
901 1239 1254 1311 βαπτίσματι,
1282 1243 1376 1295 καὶ
1402 1244 1704 1316 συνηγέρθη
1714 1262 1812 1315 μεν
1840 1245 1989 1318 αὐτῷ

404 1328 493 1381 διὰ
514 1328 607 1381 τοῦ
639 1328 1032 1400 βαπτίσματος.
1070 1332 1186 1386 Μία
1212 1332 1350 1406 αὕτη
1386 1335 1681 1400 ἀνάστασις
1698 1337 1984 1409 ἀπαλλαγὴ

402 1420 817 1490 ἁμαρτημάτων
834 1436 848 1452 ⁸
873 1422 1098 1494 δευτέρα
1116 1422 1173 1478 δὲ
1194 1424 1487 1491 ἀνάστασις
1513 1429 1547 1498 ἡ
1577 1428 1670 1481 τοῦ
1700 1428 1949 1500 σώματος
1967 1444 1983 1459 ⁸

403 1510 572 1563 ἔδωκε
619 1512 717 1582 τὴν
770 1513 1006 1582 μείζονα,
1061 1514 1339 1585 προσδόκα
1389 1518 1487 1572 καὶ
1530 1518 1632 1589 τὴν
1688 1519 1982 1573 ἐλάττονα⁸

402 1602 542 1674 αὕτη
593 1604 702 1675 γάρ
747 1605 881 1660 πολὺ
932 1604 1132 1677 μείζων
1180 1607 1429 1680 ἐκείνης·
1466 1609 1599 1663 πολὺ
1647 1609 1754 1680 γὰρ
1801 1611 1983 1682 μεῖζον

401 1693 688 1763 ἁμαρτιῶν
727 1695 1125 1767 ἀπαλλαγῆναι,
1161 1697 1195 1769 ἡ
1242 1698 1401 1769 σῶμα
1438 1698 1568 1755 ἰδεῖν
1603 1702 1978 1773 ἀνιστάμενον.

399 1786 499 1840 Διά
522 1785 677 1838 τοῦτο
707 1786 869 1840 έπεσε
895 1788 957 1840 τὸ
987 1788 1165 1860 σῶμα,
1194 1791 1379 1861 ἐπειδὴ
1404 1791 1652 1863 ἥμαρτεν
1670 1808 1685 1825 ⁸
1710 1794 1903 1849 οὑκοῦν
1931 1797 1980 1849 εἰ

398 1877 541 1948 ἀρχὴ
571 1876 666 1930 τοῦ
701 1881 885 1933 πεσεῖν
914 1881 946 1951 ἡ
982 1881 1259 1953 ἁμαρτία,
1291 1882 1434 1955 ἀρχή
1461 1883 1556 1937 τοῦ
1586 1885 1883 1957 ἀναστῆναι
1919 1887 1980 1940 τὸ

398 1966 780 2038 ἀπαλλαγῆναι
816 1969 914 2040 τῆς
952 1970 1245 2043 ἁμαρτίας.
1295 1972 1622 2045 Ἀνέστημεν
1657 1974 1841 2029 λοιπὸν
1878 1976 1977 2047 τὴν

400 2054 622 2126 μείζονα
640 2058 956 2126 ἀνάστασιν,
976 2061 1065 2114 τὸν
1087 2061 1321 2133 χαλεπὸν
1342 2063 1567 2119 θάνατον
1588 2067 1688 2137 τῆς
1707 2066 1977 2137 ἁμαρτίας

397 2145 675 2217 ῥίψαντες,
709 2149 806 2203 καὶ
838 2149 1234 2220 ἀποδυσάμενοι
1268 2151 1331 2204 τὸ
1365 2151 1593 2207 παλαιὸν
1619 2154 1831 2224 ἰμάτιον
1852 2170 1866 2184 ⁸
1900 2156 1973 2226 μὴ

394 2239 574 2293 τοίνυν
606 2241 742 2312 ὑπὲρ
773 2241 876 2313 τῆς
914 2241 1196 2308 ἐλάττονος
1237 2245 1720 2318 ἀπαγορεύσωμεν.
1758 2246 1973 2319 Ταύτην

393 2332 488 2385 καὶ
548 2334 707 2403 ἡμεῖς
771 2334 934 2389 πάλαι
997 2335 1098 2407 τὴν
1150 2336 1442 2394 ἀνάστασιν
1500 2339 1822 2411 ἀνέστημεν,
1884 2342 1972 2395 ὅτε

392 2424 798 2496 ἐϐαπτίσθημεν
822 2442 839 2458 ⁸
879 2425 975 2480 καὶ
1013 2429 1062 2480 οἱ
1106 2427 1205 2499 τήν
1239 2427 1332 2481 τοῦ
1374 2428 1745 2501 βαπτίσματος
1783 2430 1840 2484 δὲ
1877 2430 1972 2485 νῦν

392 2516 629 2588 ἑσπέραν
647 2516 797 2589 [444]
820 2518 1265 2586 καταξιωθέντες,
1296 2519 1366 2573 τὰ
1387 2521 1526 2585 καλά
1547 2520 1717 2574 ταῦτα
1744 2521 1903 2592 ἀρνία
1919 2534 1967 2576 ι.

391 2607 505 2680 Πρὸ
537 2608 636 2679 τῆς
668 2608 792 2679 χθὲς
822 2609 851 2660 6
886 2610 1118 2681 Χριστὸς
1148 2609 1489 2683 ἐσταυρώθη,
1521 2612 1636 2665 ἀλλ’
1671 2613 1869 2685 ἀνέστη
1904 2615 1967 2684 τῇ

390 2698 733 2772 παρελθούσῃ
763 2700 917 2753 νυκτί
937 2716 952 2731 ⁸
989 2702 1081 2754 καὶ
1112 2692 1259 2754 οὗτοι
1290 2701 1396 2772 πρὸ
1435 2701 1536 2772 τῆς
1572 2701 1697 2773 χθὲς
1727 2702 1830 2755 ὑπὸ
1868 2704 1971 2773 τῆς

390 2789 665 2860 ἁμαρτίας
721 2791 1063 2861 κατείχοντο,
1103 2791 1240 2846 ἀλλά
1287 2793 1722 2864 συνανέστησαν
1763 2794 1970 2859 ἐκεῖνος

389 2879 602 2951 σώματι
629 2879 888 2945 ἀπέθανε,
919 2882 1011 2934 καὶ
1041 2880 1252 2952 σώματι
1286 2883 1483 2955 ἀνέστη
1507 2899 1522 2914 ⁸
1556 2877 1699 2937 οὗτοι
1725 2885 1970 2957 ἁμαρτίᾳ

387 2968 526 3043 ἦσαν
547 2973 886 3043 τεθνηκότες,
915 2974 1010 3028 καὶ
1039 2975 1146 3028 ἀπὸ
1176 2976 1458 3046 ἁμαρτιῶν
1482 2977 1786 3048 ἀνέστησαν
1814 2979 1968 3032 ἐλευ-

386 3064 732 3135 θερωθέντες.
772 3066 837 3118 Ἠ
878 3065 976 3137 μὲν
1007 3061 1100 3120 οὖν
1140 3067 1209 3137 γῆ
1244 3067 1385 3121 κατά
1425 3067 1517 3121 τὸν
1560 3070 1748 3141 καιρὸν
1780 3069 1967 3128 τοῦτον

385 3151 479 3207 τοῦ
527 3153 686 3226 ἔαρος
731 3156 859 3227 ῥόδα
908 3156 1004 3209 καὶ
1052 3157 1107 3210 ῐα
1149 3158 1245 3211 καὶ
1274 3157 1344 3210 τά
1368 3157 1501 3214 ἀλλα
1529 3161 1659 3231 ἡμῖν
1687 3160 1967 3216 ἐκδίδωσιν

383 3247 519 3317 ἄνθη
539 3262 554 3278 ⁸
584 3247 651 3301 τά
676 3248 732 3300 δέ
759 3247 926 3304 ὕδατα
944 3249 1043 3320 τῆς
1062 3250 1164 3320 γῆς
1186 3250 1318 3321 ἡμῖν
1344 3251 1702 3325 τερπνότερον
1724 3254 1966 3325 λειμῶνα

383 3335 570 3401 ἔδειξε.
614 3339 705 3410 Μὴ
734 3338 1021 3411 θαυμάσῃς
1040 3341 1089 3393 εἰ
1112 3340 1220 3394 ἀπὸ
1246 3340 1356 3396 τῶν
1384 3341 1594 3397 ὑδάτων
1628 3342 1968 3416 ἐϐλάστησαν

384 3427 517 3499 ἄνθη
539 3445 553 3459 ⁸
585 3428 706 3482 οὑδὲ
736 3431 769 3500 ἡ
809 3430 883 3501 γῆ
912 3430 1052 3485 κατά
1077 3432 1178 3501 τὴν
1203 3432 1408 3486 οἰκείαν
1439 3430 1619 3502 φύσιν,
1661 3434 1799 3489 ἀλλά
1826 3438 1965 3490 κατά

381 3520 444 3572 τὸ
490 3519 765 3591 ἐπίταγμα
806 3520 900 3574 τοῦ
934 3523 1203 3577 Δεσπότου
1250 3523 1347 3594 τὴν
1394 3524 1629 3597 βλάστην
1659 3527 1961 3583 ἐκδίδωσιν.

396 3609 652 3673 Ἐξέδωκε
684 3612 777 3664 καὶ
801 3612 858 3664 ἐν
885 3612 1027 3683 ἀρχῇ
1055 3612 1163 3666 τῶν
1190 3614 1394 3668 ὑδάτων
1414 3616 1448 3685 ἡ
1469 3614 1630 3684 φύσις
1661 3615 1774 3681 ζῶα
1794 3618 1967 3671 κινού‹

384 3717 521 3770 μενα
542 3717 558 3732 ⁸
611 3702 978 3773 Ἐξαγαγέτω
1016 3706 1157 3777 γὰρ,
1196 3705 1358 3776 φησὶ,
1410 3707 1484 3761 τὰ
1524 3707 1714 3761 ὕδατα
1750 3709 1967 3777 ἑρπετὰ

380 3790 599 3860 ψυχῶν
630 3790 852 3860 ζωσῶν,
886 3796 980 3849 καί
1007 3796 1067 3850 τὸ
1096 3797 1377 3869 ἐπίταγμα
1408 3798 1567 3869 ἔργον
1599 3799 1835 3866 ἐγένετο,
1870 3803 1964 3855 καὶ

379 3882 415 3950 ἡ
444 3881 647 3953 ἄψυχος
674 3884 855 3956 ἐκείνη
893 3887 1052 3941 οὐσία
1090 3886 1310 3957 ἔμψυχα
1349 3887 1465 3951 ζῶα
1500 3888 1756 3960 ἐξέφερεν
1781 3906 1794 3918 ⁸
1822 3889 1965 3943 οὑτω

381 3974 475 4026 καί⁸
519 3973 635 4038 νῦν,
680 3974 994 4044 ἐξαγαγέτω
1036 3978 1106 4032 τὰ
1152 3976 1339 4043 ὕδατα,
1378 3978 1499 4049 οὐχὶ
1542 3981 1743 4049 ἐρπετά
1777 3981 1963 4052 ψυχῶν

379 4064 590 4130 ζωσῶν,
621 4066 756 4120 ἀλλά
791 4068 1135 4139 πνευματικά
1169 4069 1498 4140 χαρίσματα.
1542 4070 1809 4141 Ἐξήγαγε
1841 4072 1962 4125 τότε

377 4154 449 4210 τὰ
481 4157 647 4213 ὕδατα
688 4158 874 4229 ἰχθύας
906 4160 1133 4229 ἀλόγους
1170 4163 1266 4215 καὶ
1304 4160 1572 4232 ἀφώνους,
1612 4161 1831 4227 ἐξέϐαλε
1867 4163 1961 4218 νῦν

382 4248 570 4319 ἰχθύας
601 4251 850 4320 λογικοὺς
890 4253 985 4306 καὶ¹
1027 4256 1447 4323 πνευματικοὺς,
1491 4254 1676 4325 ἰχθύας
1713 4257 1817 4309 ὑπὸ
1853 4256 1961 4311 τῶν

377 4340 687 4394 ἀποστόλων
740 4341 1083 4405 ἀλιευθέντας
1118 4360 1131 4374 ⁸
1189 4343 1368 4398 Δεῦτε
1427 4345 1573 4416 γάρ,
1628 4347 1797 4417 φησὶ,
1861 4347 1961 4401 καὶ

378 4430 612 4500 ποιήσω
639 4433 795 4502 ὑμᾶς
823 4433 1014 4500 ἁλιεῖς
1050 4434 1374 4504 ἀνθρώπων
1399 4452 1414 4467 ⁸
1444 4437 1648 4509 ταύτην
1677 4438 1828 4506 ἐλεγε
1861 4439 1960 4510 τὴν

377 4522 580 4576 ἁλιείαν
612 4524 752 4583 τότε,
785 4525 984 4589 Καινὺς
1012 4525 1179 4589 ὅντως
1208 4528 1307 4598 τῆς
1343 4527 1548 4593 ἁλιείας
1583 4532 1610 4582 6
1637 4531 1836 4600 τρόπος
1857 4549 1871 4562 ⁸
1908 4533 1958 4585 οἰ

377 4613 678 4678 ἁλιεύοντες
715 4617 780 4670 ἐκ
804 4615 912 4670 τῶν
941 4616 1149 4671 ὑδάτων
1189 4619 1561 4685 ἐκϐάλλουσιν,
1594 4623 1756 4692 ἡμεῖς
1785 4624 1864 4686 είς
1892 4624 1960 4677 τὰ

377 4706 544 4759 ὕδατα
576 4704 949 4778 ἐνεϐάλλομεν,
982 4709 1075 4761 καὶ
1102 4708 1274 4773 οὕτως
1307 4709 1650 4782 ήλιεύσαμεν.
1687 4709 1794 4766 Ἦν
1828 4731 1958 4767 ποτε

376 4799 471 4851 καὶ
496 4798 588 4851 ἐπὶ
619 4798 726 4852 τῶν
772 4800 1038 4853 Ἰουδαίων
1066 4801 1419 4872 κολυμϐήθρα
1444 4819 1456 4831 ⁸
1488 4803 1625 4873 μάθε
1655 4804 1708 4857 τί
1741 4805 1959 4876 ἴσχυσεν

374 4891 409 4957 ἡ
441 4889 793 4962 κολυμϐήθρα
825 4891 1030 4961 ἐκείνη,
1068 4891 1156 4945 ἵνα
1194 4892 1372 4964 μάθῃς
1413 4894 1511 4963 τὴν
1555 4896 1827 4965 πτωχείαν
1859 4897 1957 4967 τήν

386 4978 698 5048 Ἰουδαῖκὴν,
738 4981 825 5033 ἵνα
858 4980 1036 5052 μάθῃς
1077 4980 1168 5036 τὸν
1206 4982 1433 5036 πλοῦτον
1472 4984 1570 5054 τῆς
1614 4985 1951 5056 Ἐκκλησίας.

374 5072 742 5143 Κολυμϐἡθρα
769 5072 975 5126 ὑδάτων
995 5069 1084 5143 ἡν,
1114 5073 1211 5128 καλ⁸
1236 5077 1540 5147 κατήρχετο
1562 5076 1790 5144 ἄγγελος
1819 5079 1954 5141 ἐκεῖ,

375 5164 469 5216 καὶ
498 5163 765 5231 ἐτάρασσε
789 5164 858 5218 τά
895 5163 1063 5218 ὕδατα
1086 5180 1101 5194 ⁸
1130 5161 1248 5218 εἶτα
1287 5167 1426 5235 μετά
1453 5166 1552 5236 τὴν
1580 5168 1825 5240 ταραχὴν
1860 5168 1955 5221 τοῦ

376 5251 565 5314 ὕδατος
599 5252 883 5305 ἐπέϐαινεν
918 5248 997 5316 εἷς
1030 5253 1270 5308 ἀσθενῶν
1309 5257 1401 5310 καὶ
1437 5256 1828 5327 ἐθεραπεύετο⁸
1875 5253 1956 5322 εἷς

376 5340 536 5411 μόνος
554 5341 648 5395 τοῦ
676 5341 923 5397 ἐνιαυτοῦ
946 5342 1325 5414 ἐθεραπεύετο,
1348 5346 1442 5398 καὶ
1466 5345 1666 5409 εὐθέως
1694 5346 1955 5417 ἀνηλοῢτο

372 5434 407 5501 ἡ
437 5432 615 5502 χάρις,
647 5434 707 5486 οὑ
746 5433 834 5487 διά
862 5434 961 5506 τὴν
996 5434 1268 5505 πτωχείαν
1293 5435 1387 5487 τοῦ
1424 5435 1673 5501 διδόντος,
1700 5437 1835 5490 ἀλλά
1864 5438 1953 5490 διὰ

368 5523 470 5594 τὴν
496 5524 778 5579 ἀσθένειαν
805 5526 913 5578 τῶν
942 5526 1341 5596 λαμϐανόντων.
1367 5528 1700 5582 Κατέϐαινεν
1726 5529 1953 5597 ἄγγελος

367 5616 548 5668 τοίνυν
587 5617 667 5679 εἰς
694 5616 793 5687 τὴν
825 5617 1229 5689 κολυμϐήθραν,
1258 5620 1353 5673 καὶ
1380 5620 1649 5690 ἐτάρασσε
1686 5621 1747 5673 τὸ
1785 5621 1949 5693 ὕδωρ,

371 5710 467 5763 καὶ
487 5704 567 5773 εἷς
588 5710 949 5780 ἐθεραπεύετο
971 5726 985 5740 ⁸
1012 5709 1278 5781 κατῆλθεν
1300 5715 1328 5766 6
1351 5713 1457 5767 τῶν
1479 5712 1724 5781 ἀγγέλων
1750 5715 1953 5767 Δεσπόσ

436 5893 460 5922 ⁸
491 5891 616 5952 Reg.
642 5890 672 5939 2
690 5892 748 5939 τὰ
766 5892 887 5940 καλὰ
906 5891 1055 5942 ταῦτα
1079 5892 1201 5957 ἔρνη.
1225 5894 1342 5954 Quae
1360 5895 1507 5944 lectio
1528 5908 1623 5943 non
1645 5896 1944 5957 spernenda.

1310 496 1397 552 DE
1434 494 2012 555 RESURRECTIONE
2044 497 2106 553 D.
2148 498 2213 555 N.
2253 501 2417 561 JESU
2458 504 2752 563 CHRISTI.

3581 513 3687 569 MO

2098 630 2198 683 της
2224 618 2305 681 εἰς
2334 619 2424 673 τὸν
2458 620 2750 691 Ἰορδάνην,
2776 620 2870 675 καὶ
2901 621 3133 694 ἐτάραξε
3168 621 3229 676 τὸ
3259 623 3421 695 ὕδωρ,
3461 626 3552 679 καὶ
3583 628 3684 696 τὴν

2096 703 2419 776 οἰκουμένην
2457 707 2676 762 ἅπασαν
2714 708 3068 780 ἐθεράπευσε.
3109 710 3209 764 Διά
3239 711 3396 765 τοῦτο
3431 714 3548 767 ἐκεῖ
3585 716 3682 785 μὲν

2100 792 2236 859 μετὰ
2279 792 2369 845 τὸν
2410 794 2624 864 πρῶτον
2665 799 2694 851 6
2741 797 2994 868 δεύτερος
3041 799 3314 853 κατελθὼν
3352 802 3452 853 οὐκ
3493 803 3682 873 ἐθεραα

2096 878 2291 932 πεύετο
2315 896 2329 910 ⁸
2374 881 2648 947 Ἰουδαίοις
2675 883 2785 955 γὰρ
2806 884 3004 938 ἐδίδοτο
3027 887 3060 957 ἡ
3083 886 3243 958 χάρις
3265 890 3377 951 τοῖς
3406 887 3676 953 ἀσθενέσι,

2090 968 2204 1030 τοῖς
2226 971 2458 1039 πτωχοῖς
2477 985 2491 1000 ⁸
2517 971 2747 1025 ἐνταῦθα
2768 972 2824 1026 δὲ
2849 972 2988 1043 μετά
3007 973 3097 1028 τὸν
3124 973 3337 1044 πρῶτον
3359 976 3386 1028 6
3407 974 3676 1047 δεύτερος,

2095 1053 2234 1123 μετὰ
2257 1055 2346 1109 τὸν
2378 1055 2627 1129 δεύτερον
2655 1060 2684 1112 6
2714 1059 2915 1130 τρίτος,
2949 1060 3089 1128 μετὰ
3109 1059 3200 1115 τὸν
3226 1061 3407 1133 τρίτον
3427 1064 3454 1115 6
3481 1062 3691 1134 τέταρ-

2087 1155 2200 1204 τος,
2237 1139 2340 1194 κᾶν
2373 1141 2524 1207 δέκα,
2555 1144 2658 1198 κᾶν
2689 1145 2882 1210 εἴκοσι,
2914 1147 3017 1201 κᾶν
3044 1148 3258 1215 ἑκατὸν,
3293 1148 3395 1202 κᾶν
3426 1150 3674 1220 μυρίους,

2089 1226 2194 1281 κᾶν
2226 1227 2324 1299 τὴν
2359 1231 2680 1303 οἰκουμένην
2708 1233 2925 1290 ἃπασαν
2966 1235 3208 1309 ἐμϐάλῃς
3234 1238 3313 1300 εἰς
3344 1239 3443 1308 τὴν
3473 1239 3674 1309 κολυμ-

2088 1315 2316 1389 ϐήθραν,
2353 1320 2455 1374 οὑκ
2490 1321 2838 1376 ἀναλίσκεται
2875 1325 2909 1394 ἡ
2952 1324 3108 1396 χάρις
3133 1342 3147 1356 ⁸
3178 1326 3238 1379 οὑ
3285 1327 3587 1380 δαπανᾶται
3637 1329 3671 1398 ἡ

2084 1403 2264 1476 δωρεά
2286 1424 2301 1440 ⁸
2333 1408 2392 1461 οὑ
2430 1409 2694 1480 ρυποῦται
2732 1409 2802 1463 τά
2838 1411 3073 1482 νάματα.
3121 1413 3319 1478 Καινὸς
3351 1414 3671 1485 καθάρσεως

2083 1493 2284 1564 τρόπος
2306 1510 2319 1526 ⁸
2353 1497 2414 1549 οὐ
2452 1496 2561 1567 γάρ
2602 1499 2718 1551 ἐστι
2768 1500 3077 1569 σωματικός
3109 1516 3123 1531 ⁸
3155 1502 3244 1553 ἐπὶ
3285 1502 3382 1572 μὲν
3422 1502 3531 1574 γὰρ
3561 1501 3670 1555 τῶν

2086 1582 2353 1651 σωμάτων
2373 1583 2499 1638 ὅταν
2522 1585 2772 1649 πλείονας
2793 1588 3078 1661 ἀποπλύνῃ
3097 1590 3167 1642 τά
3188 1589 3424 1659 νάματα,
3450 1590 3668 1643 πλείονα

2080 1667 2179 1737 τήν
2200 1669 2390 1740 κηλῖδα
2417 1670 2629 1743 δέχεται
2654 1690 2667 1706 ⁸
2697 1673 2931 1728 ἐνταῦθα
2956 1675 3014 1729 δέ
3044 1677 3153 1748 ὅσῳ
3180 1677 3368 1731 πλύνει
3398 1677 3665 1742 πλείονας,

2081 1755 2321 1826 τοσούτῳ
2354 1758 2713 1831 καθαρώτερα
2744 1760 2973 1830 γίνεται.

2148 1867 2211 1916 ε’.
2246 1858 2399 1928 Εἶδες
2427 1864 2655 1934 μέγεθος
2689 1866 2931 1938 δωρεᾶς;
2976 1869 3309 1940 Διατήρησον
3346 1869 3408 1922 τὺ
3442 1869 3669 1940 μέγεθος

2076 1947 2175 2019 τῆς
2201 1949 2410 2021 δωρεᾶς
2434 1952 2660 2024 ταύτης,
2690 1948 2735 2007 ὧ
2764 1954 3038 2027 ἄνθρωπε.
3064 1956 3178 2009 Οὑκ
3209 1956 3384 2022 ἔξεστί
3409 1973 3488 2010 σοι
3511 1957 3666 2012 ἀδια-

2076 2035 2257 2105 φόρως
2278 2038 2376 2108 ζῇν
2400 2055 2413 2068 ⁸
2437 2037 2600 2109 νόμον
2629 2039 2812 2110 σαυτῷ
2835 2042 2923 2104 θὲς
2945 2041 3083 2112 μετὰ
3100 2042 3384 2115 ἀκριϐείας
3412 2044 3627 2115 ἀπάσης
3647 2058 3663 2074 ⁸

2075 2122 2223 2192 ἀγών
2248 2125 2363 2178 ἐστι
2388 2126 2483 2179 καὶ
2502 2127 2853 2198 παλαίσματα
2876 2145 2889 2158 ⁸
2919 2131 2946 2182 6
2967 2128 3023 2183 δὲ
3056 2130 3451 2200 ἀγωνιζόμενος
3486 2131 3662 2185 πάντα

2072 2209 2486 2282 ἐγκρατεύεται.
2542 2215 2695 2267 Εἴπω
2751 2233 2833 2269 σοι
2888 2217 3088 2287 τρόπον
3144 2218 3240 2271 ἕνα
3296 2218 3516 2288 ἄριστον
3567 2222 3662 2273 καὶ

2073 2297 2290 2370 ἀσφαλῆ
2327 2300 2800 2373 κατορθωμάτων;
2837 2301 2918 2356 T6
2958 2303 3226 2375 ἀδιάφορα
3272 2304 3369 2374 μὲν
3409 2300 3546 2359 εἶναι
3578 2305 3663 2359 60-

2071 2385 2270 2439 κοῦντα
2291 2429 2305 2453 ,
2336 2386 2487 2460 [445]
2526 2390 2780 2444 τίκτοντα
2813 2390 2869 2444 δὲ
2904 2391 3198 2462 ἁμαρτίας,
3222 2391 3539 2462 ἐκϐάλωμεν
3564 2394 3662 2463 τῆς

2069 2471 2324 2538 διανοίας.
2358 2476 2513 2528 Ἐστι
2542 2475 2650 2547 γάρ
2677 2476 2784 2530 τῶν
2808 2479 3149 2549 πραγμάτων
3180 2479 3248 2532 τὰ
3285 2480 3383 2550 μὲν
3414 2481 3662 2550 ἀμαρτὴ-

2073 2576 2239 2630 ματα,
2290 2560 2357 2614 τὰ
2411 2561 2468 2615 δὲ
2527 2564 2624 2633 οὑχ
2686 2565 3080 2636 ἁμαρτήματα,
3142 2566 3550 2638 ἁμαρτημάτων
3602 2567 3660 2620 δὲ

2069 2650 2254 2702 αἴτια⁸
2289 2641 2401 2700 οἷον
2446 2649 2621 2718 γέλως
2674 2650 2772 2720 μὲν
2822 2653 3122 2722 ἁμάρτημα
3167 2654 3266 2705 οὑκ
3314 2653 3429 2706 ἔστι
3476 2653 3656 2722 φύσει,

2068 2736 2273 2804 γίνεται
2298 2736 2353 2790 δὲ
2377 2737 2681 2809 ἁμάρτημα
2709 2741 3056 2811 προενεχθεὶς
3082 2742 3173 2794 ἐπὶ
3198 2740 3356 2794 πλέον
3376 2757 3389 2771 ⁸
3421 2742 3528 2794 ἀπὸ
3551 2742 3658 2808 γάρ

2067 2824 2299 2892 γέλωτος
2342 2825 2693 2896 εὐτραπελία,
2734 2827 2841 2879 ἀπὸ
2878 2828 3236 2898 εὐτραπελίας
3276 2828 3656 2899 αἰσχρολογίαι,

2066 2910 2175 2963 ἀπὸ
2210 2911 2592 2984 αἰσχρολογίας
2635 2913 2840 2984 αἰσχρά
2881 2914 3201 2985 πράγματα,
3249 2915 3358 2968 ἀπὸ
3399 2915 3661 2986 πραγμά-

2065 3016 2174 3054 των
2203 3001 2445 3071 αἰσχρῶν
2479 3002 2728 3065 κολάσεις
2763 3002 2857 3056 καὶ
2900 3003 3181 3074 τιμωρίαι.
3218 3004 3406 3057 Ἀνελε
3433 3001 3526 3058 οὖν
3558 3006 3658 3075 τὴν

2068 3085 2222 3158 ῥίζαν
2265 3088 2489 3155 ἀνωθεν,
2529 3089 2614 3141 ἵνα
2652 3088 2845 3162 ἀνέλῃς
2880 3089 2999 3143 ὅλον
3040 3090 3100 3142 τὸ
3139 3090 3351 3161 νόσημα
3375 3106 3390 3120 ⁸
3421 3092 3516 3145 ὲάν
3549 3093 3657 3162 γὰρ

2064 3173 2133 3226 τὰ
2180 3175 2448 3247 ἀδιάφορα
2493 3175 2909 3247 φυλαττώμεθα,
2943 3178 3194 3230 οὐδέποτε
3238 3180 3316 3242 εἰς
3367 3178 3436 3231 τά
3482 3197 3658 3233 κεκω‹

2065 3261 2268 3332 λυμένα
2293 3263 2697 3334 ἐμπεσούμεθα.
2740 3264 2895 3317 Οὕτω
2928 3265 3020 3317 καὶ
3055 3269 3317 3333 γυναῖκας
3350 3267 3475 3320 ἰδεῖν
3504 3258 3657 3321 ἀδιά‹

2066 3366 2231 3420 φορον
2257 3347 2395 3404 εἶναι
2428 3351 2578 3405 δοκεῖ
2617 3352 2849 3415 πολλοῖς,
2889 3352 3003 3405 ἀλλ’
3034 3353 3140 3406 ἀπὸ
3176 3353 3363 3405 τούτου
3392 3354 3655 3424 ἐπιθυμία

2067 3436 2364 3501 ἀκόλαστος
2397 3439 2658 3503 τίκτεται,
2701 3440 2765 3492 ἐκ
2804 3440 2901 3506 τῆς
2939 3440 3228 3509 ἐπιθυμίας
3260 3442 3506 3510 πορνεία,
3545 3443 3655 3495 ἀπὸ

2065 3524 2318 3595 πορνείας
2345 3524 2503 3579 πάλιν
2525 3524 2745 3587 κόλασις
2770 3526 2866 3579 καὶ
2890 3526 3146 3595 τιμωρία.
3175 3525 3329 3578 Οὕτω
3354 3527 3410 3579 δὲ
3439 3529 3651 3597 τρυφᾷν

2064 3612 2214 3665 οὑδέν
2252 3611 2421 3665 δεινὸν
2467 3607 2601 3665 εἶναι
2643 3612 2807 3675 δοκεῖ,
2844 3610 2957 3665 ἀλλ’
2999 3611 3246 3665 ἐντεῦθεν
3282 3613 3418 3682 μέθη
3458 3613 3548 3665 καὶ
3583 3614 3650 3668 τά

2064 3703 2130 3758 ἐκ
2167 3705 2267 3775 τῆς
2315 3705 2486 3776 μέθης
2522 3706 2691 3776 μυρία
2731 3707 2899 3761 κακά.
2957 3706 3258 3770 Ἀνέλωμεν
3300 3706 3475 3758 τοίνυν
3514 3723 3650 3761 παν-

2062 3794 2224 3864 ταχοῦ
2258 3796 2356 3859 τὰς
2389 3796 2562 3866 ἀρχὰς
2587 3797 2697 3850 τῶν
2735 3795 3169 3867 ἁμαρτημάτων.
3203 3796 3301 3848 Διά
3334 3795 3489 3848 τοῦτο
3528 3812 3651 3849 συν-

2061 3887 2220 3955 εχοῦς
2250 3887 2548 3941 ἀπολαύετε
2575 3887 2922 3950 διδασκαλίας
2952 3886 3073 3941 καθ’
3099 3887 3312 3957 ἡμέραν
3337 3903 3350 3917 ⁸
3381 3887 3468 3940 διά
3493 3887 3650 3940 τοῦτο

2062 3976 2202 4030 ἐπτά
2228 3978 2440 4049 ἡμέρας
2471 3976 2667 4046 ἐφεξῆς
2707 3978 2925 4044 σύναξιν
2960 3977 3330 4048 ἐπιτελοῦμεν,
3358 3978 3456 4049 τὴν
3489 3996 3649 4029 πνευ-

2064 4069 2299 4138 ματικὴν
2361 4070 2487 4138 ὑμῖν
2540 4069 2965 4140 παρατιθέμενοι
3013 4069 3311 4136 τράπεζαν,
3373 4069 3647 4131 ποιοῦντες

2060 4158 2206 4229 ὑμᾶς
2228 4159 2519 4212 ἀπολαύειν
2562 4160 2723 4212 θείων
2751 4159 2966 4228 λογίων,
3000 4160 3311 4230 ἀλείφοντες
3343 4161 3485 4230 ὑμᾶς
3524 4159 3646 4214 καθ’

2059 4249 2295 4313 ἑκάστην
2334 4250 2569 4321 ἡμέραν,
2601 4250 3019 4315 καθοπλίζοντες
3059 4252 3202 4321 ὑμᾶς
3236 4252 3375 4305 κατά
3408 4252 3499 4305 τοῦ
3531 4253 3646 4306 δια-

2060 4340 2217 4395 ϐόλου
2242 4358 2257 4373 ⁸
2290 4341 2622 4412 ἀγριώτερον
2660 4341 2770 4413 γάρ
2803 4341 2896 4395 νῦν
2933 4341 3229 4396 ἐπιτίθεται
3254 4360 3266 4374 ⁸
3298 4344 3406 4414 ὅσῳ
3444 4344 3643 4415 μείζων

2059 4433 2092 4502 ἡ
2126 4433 2324 4503 δωρεὰ,
2356 4432 2594 4502 τοσούτῳ
2639 4433 2839 4504 μείζων
2872 4435 2965 4487 καὶ
2992 4435 3021 4487 6
3050 4434 3305 4506 πόλεμος.
3344 4437 3406 4489 Εἰ
3448 4436 3555 4507 γὰρ
3584 4438 3642 4489 ἐν

2057 4524 2135 4594 τῷ
2174 4524 2486 4594 παραδείσῳ
2516 4523 2611 4576 ’ἐνα
2652 4524 2680 4576 6
2717 4524 2961 4588 διάϐολος
3004 4524 3128 4578 ἰδὼν
3160 4526 3260 4578 οὐκ
3299 4527 3547 4596 ήνεγκεν,
3583 4529 3642 4579 ἐν

2058 4615 2135 4686 τῷ
2179 4614 2391 4686 ούρανῷ
2438 4613 2725 4676 τοσούτους
2777 4615 2917 4685 ὁρῶν
2971 4614 3088 4678 πῶς
3136 4617 3292 4679 οἴσει,
3345 4616 3467 4668 εἰπέ
3517 4634 3638 4686 μοι;

2071 4707 2427 4778 Ἐξηγρίανας
2466 4706 2527 4759 τὸ
2561 4705 2768 4776 θηρίον,
2812 4705 2949 4759 ἀλλά
2984 4707 3056 4777 μὴ
3095 4707 3336 4777 φοϐηθῇς
3361 4724 3376 4738 ⁸
3420 4708 3637 4776 μείζονα

2056 4798 2282 4868 δύναμιν
2316 4796 2526 4860 ἔλαϐες,
2574 4796 2849 4867 μάχαιραν
2880 4796 3222 4866 ἡκονημένην
3253 4816 3265 4830 ⁸
3298 4798 3479 4869 ἐκείνῃ
3511 4799 3635 4852 κέν-

2054 4907 2218 4959 τησον
2239 4890 2328 4942 τὸν
2352 4888 2493 4957 ὅφιν.
2516 4888 2614 4941 Διά
2633 4886 2791 4940 τοῦτο
2814 4889 2842 4940 6
2869 4887 2998 4950 Θεὸς
3020 4889 3227 4958 ἀφῆκεν
3247 4890 3407 4942 αὑτὸν
3430 4891 3635 4960 ἀγριω-

2057 4983 2215 5053 θῆναι
2257 4981 2398 5035 κατά
2446 4980 2562 5044 σοῦ,
2609 4980 2696 5032 ἵνα
2742 4978 2830 5031 διὰ
2873 4979 2972 5049 τῆς
3016 4978 3209 5049 πείρας
3241 4979 3410 5049 αὑτῆς
3458 4981 3634 5050 μάθῃς

2054 5070 2156 5141 τῆς
2204 5069 2383 5141 ἰσχύος
2413 5070 2513 5139 τῆς
2545 5068 2646 5138 σῆς
2671 5070 2770 5137 τὴν
2798 5068 3043 5138 δύναμιν.
3076 5070 3184 5121 Καὶ
3223 5070 3471 5141 καθάπερ
3509 5088 3634 5124 παι·

2053 5161 2303 5233 δοτρίϐης
2356 5161 2576 5232 ἀριστος
2631 5160 2750 5213 τινὰ
2809 5160 3099 5231 ῥυπῶντα,
3165 5162 3638 5233 ἐκνενευρισμένον

2055 5251 2311 5323 ἀθλητὴν,
2340 5252 2681 5322 ἠμελημένον
2710 5250 2906 5315 λαϐὼν,
2939 5251 3186 5320 ἀλείψας,
3221 5253 3519 5322 γυμνάσας,
3556 5254 3635 5315 εἰς

2053 5340 2348 5411 εὑσαρκίαν
2391 5339 2634 5409 ἀγαγὼν,
2677 5341 2777 5393 οὑκ
2818 5341 3041 5410 ἀφίησιν
3091 5341 3381 5411 ἡσυχάζειν
3428 5341 3632 5407 λοιπὸν,

2053 5431 2167 5486 ἀλλ’
2211 5432 2290 5494 εἰς
2332 5431 2456 5494 τοὺς
2508 5431 2725 5499 ἀγῶνας
2770 5431 3015 5485 κατιέναι
3057 5431 3288 5496 κελεύει,
3338 5433 3423 5486 ἵνα
3473 5435 3635 5488 αὑτὸν

2054 5523 2236 5594 διδάξῃ
2264 5521 2351 5576 διὰ
2386 5522 2483 5591 τῆς
2513 5522 2707 5592 πείρας
2737 5522 2867 5590 ὅσην
2900 5521 3153 5592 ἐνέθηκεν
3186 5521 3333 5591 αὑτῷ
3365 5522 3594 5594 δύναμιν
3621 5541 3633 5553 ·

2052 5613 2195 5669 οὑτω
2241 5613 2335 5666 καὶ
2379 5613 2408 5667 ὁ
2450 5613 2682 5683 Χριστὸς
2732 5613 3006 5682 ἐποίησεν.
3052 5611 3308 5665 Ἢδύνατο
3370 5614 3468 5684 μὲν
3527 5616 3634 5688 γὰρ

2052 5705 2244 5777 ἐχθρὸν
2279 5706 2344 5759 ἐκ
2384 5705 2478 5759 τοῦ
2508 5705 2672 5775 μέσου
2699 5704 2754 5756 1:.
2768 5704 2881 5755 ϐεῖν
2908 5720 2921 5735 ⁸
2952 5702 3066 5755 ἀλλ’
3100 5703 3187 5758 ἵνα
3221 5706 3285 5758 σὺ
3329 5707 3507 5779 μάθῃς
3536 5710 3635 5781 τῆς

2052 5798 2272 5869 χάριτος
2310 5796 2406 5868 τὴν
2441 5796 2777 5866 ὑπερϐολὴν,
2811 5796 2907 5865 τῆς
2945 5797 3320 5868 πνευματικῆς
3353 5799 3634 5871 δυνάμεως

2054 5891 2116 5943 τὺ
2151 5889 2394 5960 μέγεθος,
2428 5888 2494 5958 ἣν
2526 5886 2714 5951 ἔλαϐες
2756 5888 2819 5940 ἐκ
2857 5887 2950 5941 τοῦ
2987 5890 3374 5961 βαπτίσματος,
3413 5892 3635 5964 ἀφίησιν
