4130 6452
481 461 585 513 ΔΗ

479 572 640 627 αὐτὸν
669 567 1093 640 συμπλέκεσθαι,
1121 566 1322 630 πολλάς
1354 584 1433 620 σοι
1483 566 1589 618 τῶν
1613 566 1890 633 στεφάνων
1916 582 2053 635 παρ-

480 656 619 725 έχων
645 654 741 717 τὰς
771 652 1070 713 ὑποθέσεις.
1113 648 1214 702 Διά
1251 648 1408 702 τοῦτο
1441 648 1579 701 ἐπτά
1613 649 1825 719 ἡμέρας
1857 648 2052 716 ἐφεξῆς

477 736 778 791 ἀπολαύετε
828 732 1187 796 διδασκαλίας,
1244 731 1383 784 ὥστε
1439 730 1681 802 ἀκριϐῶς
1738 730 1924 802 μαθεῖν
1985 730 2052 783 τά

479 821 848 889 παλαίσματα.
886 817 1093 881 ’Δλλως
1123 815 1179 869 δὲ
1209 816 1302 869 καὶ
1333 814 1508 884 γάμος
1535 816 1653 867 ἐστὶ
1686 814 2053 883 πνευματικὸς

475 904 546 956 τὰ
572 903 831 972 γινόμενα
852 916 867 931 ³
903 900 997 953 ἐπὶ
1019 900 1075 954 δὲ
1102 899 1293 968 γάμων
1320 897 1423 961 ἕως
1453 896 1590 950 ἑπτὰ
1619 897 1838 968 ἡμερῶν
1872 898 1928 950 αἱ
1951 914 2056 950 πα-

481 986 671 1049 στὰδες
705 986 991 1055 ἑστήκασι.
1030 982 1128 1035 Διά
1161 979 1315 1034 τοῦτο
1347 984 1442 1033 καὶ
1482 981 1639 1050 ἡμεῖς
1672 979 1811 1033 ὲπτά
1846 981 2056 1051 ἡμέρας

478 1069 609 1138 ὑμῖν
636 1067 1099 1138 ἐνομοθετήσαμεν
1127 1062 1357 1117 ἐνταῦθα
1384 1062 1519 1132 πρὸς
1539 1061 1637 1125 τὰς
1660 1061 1809 1134 ἱερὰς
1835 1063 2053 1117 ἑστάναι

478 1151 758 1213 παστάδας
779 1163 827 1203 ι.
870 1148 1006 1201 Ἀλλ’
1052 1149 1168 1200 ἐκεῖ
1206 1146 1304 1216 μὲν
1352 1146 1489 1217 μετά
1527 1145 1623 1209 τὰς
1662 1147 1800 1200 me
1844 1146 2054 1217 ἡμέρας

479 1232 713 1297 λύονται,
734 1230 963 1285 ἐνταῦθα
983 1230 1039 1284 δὲ
1063 1229 1128 1283 ἀν
1148 1230 1308 1300 θέλῃς
1327 1229 1414 1282 διὰ
1442 1228 1639 1291 παντὸς
1661 1229 1753 1282 ἐπὶ
1778 1229 1874 1299 τῆς
1905 1231 2056 1298 ἱερᾶς

482 1316 696 1368 ἵσταο-αι
728 1313 996 1376 παστάδος
1018 1329 1031 1343 ’
1063 1313 1158 1366 καὶ
1197 1313 1291 1365 ἐπὶ
1320 1312 1418 1381 μὲν
1441 1310 1549 1363 τῶν
1576 1310 1774 1375 ἔξωθεν
1800 1312 1993 1383 γάμων
2020 1313 2053 1383 ἡ

478 1397 662 1469 νύμφη
696 1396 835 1467 μετὰ
863 1397 1128 1467 πρότερον
1164 1395 1308 1466 μῆνα
1333 1395 1367 1467 ἢ
1392 1394 1485 1447 καὶ
1515 1395 1764 1466 δεύτερον
1789 1396 1888 1448 οὐκ
1912 1394 2055 1449 ἔστιν

474 1479 649 1543 οὕτως
668 1479 963 1551 ἐπέραστος
995 1478 1072 1548 τῷ
1095 1479 1313 1549 νυμφίῳ
1333 1493 1349 1509 ’
1380 1477 1611 1531 ἐνταῦθα
1638 1479 1694 1532 δὲ
1722 1479 1818 1548 ούχ
1841 1476 2011 1539 οὕτως
2037 1495 2053 1508 ’

480 1563 592 1616 ἀλλ’
633 1563 742 1634 ὅσῳ
782 1565 811 1616 ό
852 1562 1040 1634 χρόνος
1083 1563 1314 1634 πρόεισι.
1354 1561 1595 1631 τοσούτῳ
1637 1562 1953 1633 θερμότεροι
2004 1562 2053 1613 oi

478 1646 679 1713 ἔρωτες
722 1643 815 1698 τοῦ
848 1645 1105 1715 νυμφίου,
1148 1643 1386 1717 τοσούτῳ
1417 1644 1778 1716 γνησιώτεραι
1805 1648 1861 1698 αἱ
1896 1661 2054 1715 περι-

477 1727 696 1791 πλοκαὶ,
748 1728 986 1798 τοσούτῳ
1037 1728 1527 1799 πνευματικωτέρα
1565 1730 1599 1798 ἡ
1650 1728 1920 1791 συνουσία,
1959 1728 2056 1781 ἐὰν

478 1809 627 1882 [4461
649 1813 925 1882 νήφωμεν.
947 1811 1114 1866 Πάλιν
1134 1810 1355 1864 ἐπὶτῶν
1378 1816 1642 1878 σωμάτων
1668 1813 1804 1882 μετά
1825 1812 2051 1882 νεότητα

479 1895 652 1965 γῆρας
675 1913 688 1925 ’
714 1896 945 1950 ἐνταῦθα
973 1895 1112 1966 μετά
1134 1897 1311 1967 γῆρας
1338 1896 1548 1967 νεότης,
1580 1896 1674 1949 καὶ
1699 1896 1887 1967 νεότης
1911 1895 2052 1949 οὐδέ-

1158 456 1215 509 S.
1255 451 1540 510 JOANNIS
1575 451 2070 508 CIIRYSOSTOIII
2106 450 2427 508 ABCIIIEP.
2466 450 3012 508 CONSTANTINOP.

3620 456 3729 511 “2

2155 581 2285 617 ποτε
2320 564 2470 627 τέλος
2510 562 2726 633 ἔχουσα,
2772 562 2866 615 ὲάν
2902 562 3162 633 θέλωμεν.
3208 562 3434 635 Μεγάλη
3476 565 3509 633 ἡ
3549 565 3729 636 χάρις,

2153 648 2266 703 ἀλλ’
2291 648 2439 700 ἔσται
2468 646 2689 716 μείζων,
2719 646 2814 699 ὲάν
2841 644 3084 715 θέλωμεν
3110 662 3123 675 ·
3160 645 3255 698 καὶ
3274 646 3530 710 ὁΠαῦλος
3560 650 3733 718 μέγας

2150 727 2219 802 ἦν
2256 732 2345 784 ὅτε
2376 729 2712 794 ὲὸαπτίζετο,
2739 729 2875 782 ἀλλά
2911 727 3090 799 πολλῷ
3123 729 3324 800 μείζων
3347 729 3563 799 ἐγένετο
3591 733 3733 801 μετά

2152 813 2348 879 ταῦτα,
2408 814 2497 866 ὅτε
2557 813 2848 884 ἐκήρυσσε,
2905 812 3162 884 συνέχυνε
3217 815 3343 878 τοὺς
3408 814 3691 879 Ἰουδαίους
3716 834 3729 847 υ

2158 897 2295 967 μετά
2322 896 2493 950 ταῦτα
2516 898 2596 959 είς
2622 895 2944 965 παράδεισον
2971 897 3203 967 ἡρπάγη·
3219 912 3234 927 ο
3264 898 3345 960 είς
3371 896 3552 967 τρίτον
3572 898 3736 969 ἀνῆλ-

2155 980 2246 1032 θεν
2283 979 2529 1051 οὐρανόν.
2565 980 2725 1032 Ὥστε
2763 979 2940 1045 ἔξεστι
2988 981 3084 1034 καὶ
3129 981 3282 1050 ἡμῖν.
3330 981 3426 1034 ὲάν
3468 980 3732 1052 θέλωμεν,

2154 1065 2406 1135 αὐξῆσαι,
2438 1064 2532 1117 καὶ
2557 1063 2658 1135 τὴν
2684 1062 2928 1117 δοθεῖσαν
2962 1065 3089 1133 ἡμῖν
3125 1064 3287 1134 χάριν
3320 1063 3618 1133 μεγαλῦναι
3645 1065 3735 1118 διὰ

2154 1145 2247 1199 τοῦ
2278 1145 2685 1215 βαπτίσματοςο
2714 1143 2934 1210 αὔξεται
2966 1146 3023 1198 δὲ
3054 1147 3121 1199 δι’
3151 1146 3328 1217 ἔργων
3360 1146 3603 1214 ἀγαθῶν,
3637 1148 3734 1200 καὶ

2154 1229 2507 1299 λαμπροτέρα
2546 1229 2751 1296 γίνεται
2801 1230 2894 1283 καὶ
2938 1228 3286 1301 φαιδρότερον
3322 1231 3457 1299 ἡμῖν
3505 1229 3733 1300 παρέχει

2153 1312 2214 1365 τὸ
2250 1311 2386 1381 φῶς.
2422 1310 2536 1365 Κᾶν
2565 1311 2723 1364 τοῦτο
2753 1312 2997 1382 γένηται,
3038 1312 3174 1383 μετά
3209 1312 3404 1381 πολλῆς
3442 1312 3545 1380 τῆς
3588 1315 3731 1382 παῤ-

2157 1395 2352 1465 ρησίας
2385 1395 2463 1457 είς
2500 1393 2591 1447 τὸν
2627 1394 2888 1464 νυμφῶνα
2916 1395 3343 1466 συνελευσόμεθα
3379 1394 3460 1465 τῷ
3496 1395 3731 1465 νυμφίῳ,

2154 1478 2250 1530 καὶ
2281 1477 2388 1530 τῶν
2415 1476 2634 1545 ἀγαθῶν
2670 1476 3053 1547 ἀπολαύσομεν
3078 1478 3187 1532 τῶν
3214 1477 3594 1548 ἀποκειμένων
3622 1480 3732 1542 τοῖς

2154 1558 2436 1628 ἀγαπῶσιν
2464 1558 2624 1612 αὐτόν
2647 1577 2660 1591 ·
2692 1552 2768 1614 ῶν
2794 1561 3003 1629 γένοιτο
3026 1561 3236 1625 πάντας
3264 1562 3410 1632 ἡμᾶς
3435 1563 3732 1630 ἐπιτυχεῖν,

2154 1644 2336 1714 χάριτι
2387 1642 2481 1694 καὶ
2524 1642 2901 1713 φιλανθρωπίᾳ
2944 1643 3037 1697 τοῦ
3078 1643 3283 1715 Κυρίου
3340 1642 3497 1713 ἡμῶν
3554 1640 3730 1712 Ἰησοῦ

2155 1723 2414 1797 Χριστοῦ,
2458 1723 2575 1795 μεθ’
2610 1718 2670 1779 οὗ
2705 1724 2783 1795 τῷ
2822 1727 2995 1799 Πατρλ⁵
3035 1728 3129 1780 καὶ
3158 1726 3238 1796 τῷ
3279 1724 3418 1797 ἁγίῳ
3456 1724 3732 1795 Πνεύματι

2153 1810 2283 1875 δόξα
2318 1809 2416 1862 καὶ
2450 1808 2819 1880 προσκύνησις
2856 1812 2936 1876 εἰς
2973 1810 3100 1876 τοὺς
3135 1811 3337 1875 αἰῶνας
3358 1809 3467 1864 τῶν
3502 1808 3732 1869 αἰώνων.

2165 1892 2359 1964 Ἀμήν.

540 2029 565 2056 ⁸³
589 2028 714 2091 Reg.
750 2041 876 2078 unus
900 2030 1019 2077 ἑπτὰ
1057 2029 1234 2093 ἡμίρας
1262 2028 1372 2090 ὑμῖν
1403 2028 1808 2090 ἐνομοθετήσαμεν
1828 2026 2058 2078 ένταῦθαι

2161 2029 2276 2090 Lepti;
2290 2023 2488 2075 ἴστασαι
2509 2022 2619 2088 (sic)
2641 2026 2891 2090 τραπέζης.

512 2311 3701 2350 W.

1934 2536 2296 2601 MONITUM

560 2724 688 2781 ila‘c
707 2726 930 2780 humilia
961 2736 1115 2782 extra
1147 2727 1334 2782 urbem
1361 2728 1708 2786 Antiochiam
1746 2729 1929 2784 habita
1956 2728 2055 2785 fuit
2088 2731 2142 2786 in
2169 2729 2455 2802 martyrio.
2491 2745 2586 2786 seu
2614 2729 2845 2787 ecclesia
2880 2730 2984 2786 loci
3012 2727 3318 2801 cujusdam,
3351 2731 3438 2785 cui
3468 2726 3739 2786 Romane-

485 2840 567 2892 εἰει
599 2851 819 2891 nomen.
851 2835 992 2903 Quid
1026 2846 1209 2892 autem
1234 2840 1480 2911 martyrii
1511 2841 1731 2896 nomine
1753 2841 2107 2912 intelligatur,
2136 2842 2259 2897 vide
2279 2856 2444 2911 supra
2477 2841 2533 2896 in
2569 2842 2745 2911 prima
2774 2850 2903 2896 nota
2932 2842 3000 2897 ad
3028 2842 3309 2895 bomiliam
3338 2841 3413 2899 De
3438 2846 3735 2900 casmeterii

483 2948 865 3019 appellatione.
891 2947 966 3003 De
1000 2963 1145 3004 anno
1177 2966 1290 3020 quo
1317 2952 1432 3006 haec
1458 2952 1643 3007 habita
1671 2961 1755 3008 est
1797 2953 2042 3019 humilia,
2090 2969 2159 3010 ne
2195 2953 2553 3025 coniectando
2597 2954 2816 3024 quidem
2845 2953 3029 3010 dicere
3068 2969 3380 3024 possumus.
3421 2956 3561 3010 Nam
3595 2958 3742 3026 quod

494 3065 872 3121 Tillemontius
897 3081 966 3121 ex
1006 3065 1161 3120 initio
1194 3066 1359 3136 hujus
1390 3067 1649 3136 bomilize,
1692 3084 1905 3141 nempe,
1929 3070 2112 3125 Etiam
2140 3086 2261 3124 cum
2286 3071 2458 3124 crucis
2504 3069 2814 3123 memoriam
2867 3068 3208 3134 recoluimus,
3238 3080 3388 3123 extra
3417 3069 3594 3124 urbem
3629 3070 3745 3129 eius

482 3184 873 3238 solemnitatem
904 3182 1303 3251 celebravimus,
1338 3186 1520 3255 arguit
1544 3186 1731 3243 eodem
1763 3203 1907 3244 anno
1939 3188 2086 3244 hanc
2123 3189 2406 3255 habuisse,
2433 3201 2544 3259 quo
2575 3186 2721 3241 illam
2748 3185 2825 3243 De
2865 3188 3181 3243 coemeterio
3203 3196 3258 3241 et
3292 3202 3477 3254 cruce,
3506 3203 3649 3257 ιιιιςυ,
3686 3198 3746 3242 ut

486 3299 645 3355 initio
667 3300 875 3356 ibidem
898 3302 1121 3369 dicitur,
1151 3309 1304 3356 extra
1332 3302 1520 3359 urbem
1546 3306 1899 3375 pronuntiata
1920 3304 2041 3371 fuit,
2065 3305 2232 3377 idque
2256 3320 2425 3374 anno,
2453 3315 2514 3361 ut
2539 3304 2819 3376 probabile
2842 3302 3151 3370 existimat,
3171 3302 3277 3357 392
3306 3318 3321 3354 :
3354 3304 3465 3368 ille,
3493 3303 3747 3371 inuitam,

482 3418 813 3477 Tillemontii
837 3422 1084 3477 calculus
1113 3425 1194 3478 vel
1222 3424 1417 3495 primis
1444 3425 1727 3482 concionis
1760 3426 1906 3480 illius
1939 3426 2121 3481 verbis
2153 3427 2471 3481 confutatur
2505 3446 2520 3482 :
2555 3426 2635 3483 sic
2658 3427 2803 3481 enim
2839 3424 3053 3481 orditur
3080 3421 3506 3494 Chrysostomus
3537 3439 3553 3476 :
3590 3422 3751 3487 8m

482 3541 624 3605 apud
657 3539 893 3590 animum
920 3553 1093 3591 meum
1124 3538 1424 3608 disquisivi,
1456 3540 1607 3609 cujus
1651 3542 1828 3611 gratia
1863 3541 2093 3610 majores
2120 3542 2311 3609 nostri,
2344 3543 2542 3598 relictis
2596 3543 2819 3607 wdibus,
2851 3558 2981 3612 quas
3016 3539 3072 3593 in
3118 3538 3335 3593 urbibus
3385 3538 3596 3604 habent,
3634 3539 3746 3611 lege

492 4132 643 4206 [M7]
704 4137 809 4201 Είς
856 4134 973 4203 τὴν
1026 4134 1335 4205 ἀνάληψιν
1393 4137 1498 4191 τοῦ
1553 4137 1776 4206 Κυρίου
1830 4138 1998 4208 ἡμῶν
2055 4141 2249 4210 Ἰησοῦ
2294 4145 2588 4213 Χριστοῦο
2638 4146 2857 4216 ἐλέχθη
2920 4147 2991 4200 δὲ
3040 4149 3110 4201 ἐν
3164 4148 3244 4214 τῷ
3283 4146 3585 4218 μαρτυρίῳ
3636 4144 3751 4209 τῆς

502 4227 933 4295 Ῥωμανησίας,
986 4228 1131 4282 ἔνθα
1174 4230 1491 4298 μαρτύρων
1529 4229 1773 4299 σώματα
1801 4269 1816 4293 ,
1865 4229 1983 4285 ὑπὸ
2031 4231 2095 4285 τό
2147 4232 2371 4305 ἔδαφος
2404 4239 2651 4307 κείμενα
2694 4239 2876 4308 ἐγγὺς
2920 4239 3234 4309 λειψάνων
3266 4239 3604 4310 αἱρετικῶν,
3643 4236 3749 4290 ἀν·-

488 4316 858 4387 ηνέχθησαν,
891 4318 992 4372 καί
1020 4317 1143 4372 ἄνω
1168 4320 1298 4373 κατ’
1325 4319 1485 4374 ίδίαν
1519 4320 1835 4390 ἐτάφησαν
1865 4334 1917 4375 α.

2169 4782 2310 4846 ἄξιοι
2340 4781 2468 4853 μίαν
2498 4781 2712 4853 ἡμέραν
2755 4782 2849 4835 τοῦ
2882 4782 3150 4836 Δεσπότου
3183 4781 3341 4851 ἡμῶν
3377 4786 3437 4837 ὲν
3460 4786 3581 4847 ταῖς
3616 4785 3746 4853 ἡμε-

2166 4873 2352 4945 τέραις
2383 4876 2606 4944 σκηναῖς
2644 4871 3070 4942 ἐπιτελουμένην
3096 4872 3224 4925 ίδεῖν
3243 4888 3257 4903 ·
3289 4872 3377 4925 ἵνα
3411 4874 3484 4943 μὴ
3524 4875 3748 4941 ὲγκαλές

562 4778 633 4837 α’.
654 4780 764 4834 Καὶ
798 4780 885 4834 ὅτε
923 4780 1017 4834 τοῦ
1053 4779 1287 4850 σταυροῦ
1329 4779 1516 4851 μνείαν
1550 4779 1935 4851 ἐπτελοῦμεν,
1965 4780 2073 4845 ἔξω

392 4924 395 4927 .
492 4874 593 4944 τῆς
614 4872 819 4933 πόλεως
839 4872 937 4943 τὴν
966 4872 1159 4943 ἑορτὴν
1181 4870 1600 4941 ἐπετελέσαμεν,
1625 4871 1717 4923 καὶ
1742 4870 1835 4922 νῦν
1858 4871 1945 4923 ὅτε
1976 4870 2071 4923 τοῦ

498 4962 894 5033 σταυρωθέντα
919 4963 1019 5034 τὴν
1047 4961 1312 5032 ἀνάληψιν
1339 4961 1544 5031 ἄγομεν
1567 4960 1665 5030 τὴν
1684 4960 1916 5033 φαιδρὰν
1939 4961 2072 5013 ταύ-

490 5073 591 5126 την
648 5056 742 5107 καὶ
770 5053 1249 5121 ὲξαστράπτουσαν
1281 5053 1496 5124 ἡμέραν
1523 5090 1538 5114 ,
1569 5051 1675 5118 ἔξω
1709 5053 1811 5121 τῆς
1860 5052 2068 5113 πόλεως

491 5148 652 5202 πάλιν
682 5145 780 5218 τὴν
815 5144 1005 5218 ἑορτὴν
1054 5146 1428 5218 ἐπιτελοῦμεν.
1477 5145 1745 5216 Ποιοῦμεν
1783 5146 1840 5200 δὲ
1885 5145 2063 5209 τοῦτο,

488 5239 612 5310 οὐχὶ
638 5239 738 5310 τὴν
792 5237 945 5291 πόλιν
983 5236 1249 5308 ἀτιμάσαι
1278 5238 1624 5308 βουλόμενοι,
1660 5237 1797 5291 ἀλλὰ
1831 5237 2064 5307 τιμῆσαι

490 5332 615 5393 τοὺς
651 5330 935 5400 μάρτυρας
987 5329 1326 5392 σπεύδοντες.
1361 5329 1477 5382 Ἵνα
1507 5329 1618 5399 γὰρ
1650 5327 1723 5398 μὴ
1755 5327 2065 5395 ἐγκαλῶσιν

494 5420 622 5489 ἡμῖν
668 5420 718 5470 οἱ
746 5418 890 5488 ἀγιοι
916 5411 1084 5478 οὗτοι,
1124 5418 1219 5472 καὶ
1251 5418 1481 5487 λέγωσιν
1508 5435 1525 5451 ⁸
1565 5420 1727 5488 ἡμεῖς
1768 5418 1869 5470 οὐκ
1924 5412 2071 5487 ἦμεν

546 5600 1067 5691 2.12.“:‘5‘33235110
1089 5600 2067 5691 ίίἮῖῗ.ῗξ’ξέ3.ιξ²ἲ].ἶὶαὲῗὶξίμῗὶξῦἒὲἕ

495 5665 699 5723 σώματα
726 5663 819 5709 ὑπὸ
1134 5665 1399 5726 αἱρετικῶν,
1434 5665 1553 5724 άπερ
1588 5664 1834 5724 ἀνηνέχθη,
1858 5663 1938 5709 καὶ
1960 5664 2066 5710 κατ’

496 5726 616 5773 ἰδίαν
640 5723 806 5782 ἐτάφη.
846 5725 926 5770 καὶ
946 5725 993 5786 τί
1036 5727 1227 5782 νοητέον
1249 5725 1302 5771 τὸ
1332 5725 1469 5786 ῥητὸν
1500 5721 1585 5786 τοῦ
1606 5724 1813 5785 Χριστοῦ
1833 5724 1888 5771 τὸ
1912 5724 2066 5786 λέγον,

502 5788 576 5832 δτι
596 5785 918 5845 εὑρεθήσονται
937 5784 1023 5833 δύο
1047 5787 1093 5832 ἐν
1113 5788 1181 5847 τῷ
1204 5784 1378 5846 μύλωνι
1397 5784 1670 5838 ἀλήθουσαι.

2170 4981 2334 5018 σωσιν
2371 4966 2502 5035 ἡμῖν
2544 4966 2594 5018 οἱ
2626 4964 2777 5033 ἀγιοι
2822 4957 2968 5018 οὗτοι
2998 4965 3092 5018 καὶ
3116 4964 3380 5033 λέγωσινο
3424 4967 3507 5019 ὅτι
3543 4967 3603 5019 τὸ
3652 4967 3750 5035 μὲν

2167 5052 2306 5129 αἷμα
2331 5057 2488 5129 ἡμῶν
2522 5057 2665 5128 ὑπὲρ
2696 5056 2862 5110 αὐτοῦ
2895 5056 3220 5127 ὲξεχέαμεν,
3256 5059 3351 5112 καὶ
3381 5058 3480 5122 τὰς
3508 5060 3749 5127 κεφαλὰς

2171 5149 2326 5219 ἡμῶν
2379 5148 2761 5219 ἀποτμηθῆναι
2813 5146 3233 5217 κατηξιώθημεν
3262 5164 3280 5180 ’
3322 5147 3420 5220 τὴν
3450 5150 3507 5202 δὲ
3539 5152 3749 5221 ἡμέραν

2167 5237 2266 5305 τῆς
2297 5236 2488 5306 ἑορτῆς
2516 5234 2680 5289 αὐτοῦ
2705 5235 2764 5288 ού
2790 5235 3210 5307 κατηξιώθημεν
3238 5238 3367 5291 ἰδεῖν
3395 5241 3453 5292 ὲν
3475 5243 3586 5304 τοῖς
3615 5243 3750 5309 ἡμε-

2168 5326 2347 5397 τέροις
2367 5326 2731 5393 καταγωγίως
2759 5326 3087 5397 τελουμένην
3107 5345 3122 5359 ο
3153 5327 3241 5380 διὰ
3268 5328 3443 5382 ταῦτα
3470 5330 3568 5400 τὴν
3593 5332 3749 5386 πόλιν

2173 5416 2404 5484 ἀφέντες
2425 5454 2440 5478 ,
2481 5416 2618 5486 πρὸς
2648 5418 2775 5480 τοὺς
2807 5418 2977 5481 πόδας
3020 5418 3129 5470 τῶν
3158 5416 3329 5486 ἁγίων
3359 5417 3565 5473 τούτων
3593 5421 3750 5493 ὲδρά-

2177 5522 2385 5576 μομεν,
2419 5505 2506 5559 διά
2558 5505 2658 5576 τῆς
2694 5507 2979 5578 παρούσης
3014 5507 3267 5578 ἡμέρας,
3314 5508 3410 5560 καὶ
3460 5509 3602 5580 ὑπὲρ
3655 5510 3751 5564 τοῦ

2173 5597 2367 5666 χρόνου
2388 5596 2484 5649 τοῦ
2523 5596 2886 5669 παρελθόντος
2907 5598 3333 5668 ἀπολογούμενοι
3363 5599 3499 5669 πρὸς
3532 5601 3748 5665 αὐτούς.

2173 5691 2238 5743 Ei
2273 5690 2382 5761 γάρ
2404 5691 2499 5745 καί
2528 5690 2637 5761 πρὸ
2670 5691 2863 5746 τούτου
2894 5693 3003 5746 ἔδει
3035 5694 3170 5764 πρὸς
3191 5694 3321 5757 τοὺς
3339 5696 3618 5761 γενναίους
3639 5695 3754 5747 τού-

2181 5800 2307 5847 τους
2351 5785 2449 5853 τῆς
2490 5782 2770 5849 εύσεὸείας
2811 5786 3047 5853 ἀθλητὰς
3100 5787 3355 5856 τρέχειν,
3408 5788 3497 5839 ὅτε
3539 5787 3642 5839 ὑπὸ
3696 5787 3751 5839 τὸ
