  <div class='ocr_page' id='page_1' title='image "/cluster/home/n/w/nwhite01/storage/ocr_20150623/50:no.2:pt.2/coo.31924054869494/038.png"; bbox 0 0 4130 6442; ppageno 0'>
   <div class='ocr_carea' id='block_1_1' title="bbox 343 499 438 554">
    <p class='ocr_par' dir='ltr' id='par_1_1' title="bbox 343 499 438 554">
     <span class='ocr_line' id='line_1_1' title="bbox 343 499 438 554; baseline -0.021 0"><span class='ocrx_word' id='word_1_1' title='bbox 343 499 438 554; x_wconf 68' lang='grc' dir='ltr'>ω</span> 
     </span>
    </p>
   </div>
   <div class='ocr_carea' id='block_1_2' title="bbox 335 611 1919 686">
    <p class='ocr_par' dir='ltr' id='par_1_2' title="bbox 335 611 1919 686">
     <span class='ocr_line' id='line_1_2' title="bbox 335 611 1919 686; baseline -0.002 -17"><span class='ocrx_word' id='word_1_2' title='bbox 335 617 481 686; x_wconf 89' lang='lat' dir='ltr'><strong>gredi</strong></span> <span class='ocrx_word' id='word_1_3' title='bbox 509 613 633 668; x_wconf 92' lang='lat' dir='ltr'><strong>sinit</strong></span> <span class='ocrx_word' id='word_1_4' title='bbox 659 655 675 679; x_wconf 94' lang='lat'><strong>,</strong></span> <span class='ocrx_word' id='word_1_5' title='bbox 729 627 790 667; x_wconf 89' lang='lat' dir='ltr'><strong>ac</strong></span> <span class='ocrx_word' id='word_1_6' title='bbox 819 612 1011 666; x_wconf 89' lang='lat' dir='ltr'><strong>multas</strong></span> <span class='ocrx_word' id='word_1_7' title='bbox 1041 611 1131 665; x_wconf 88' lang='lat' dir='ltr'><strong>tibi</strong></span> <span class='ocrx_word' id='word_1_8' title='bbox 1160 611 1468 666; x_wconf 81' lang='lat' dir='ltr'><strong>occasiones</strong></span> <span class='ocrx_word' id='word_1_9' title='bbox 1495 611 1800 681; x_wconf 75' lang='lat' dir='ltr'><strong>suppeditat</strong></span> <span class='ocrx_word' id='word_1_10' title='bbox 1826 626 1919 666; x_wconf 83' lang='lat' dir='ltr'><strong>co-</strong></span> 
     </span>
    </p>
   </div>
   <div class='ocr_carea' id='block_1_3' title="bbox 336 703 1962 772">
    <p class='ocr_par' dir='ltr' id='par_1_3' title="bbox 336 703 1962 772">
     <span class='ocr_line' id='line_1_3' title="bbox 336 703 1962 772; baseline -0.002 -12"><span class='ocrx_word' id='word_1_11' title='bbox 336 721 609 760; x_wconf 90' lang='lat' dir='ltr'><strong>ronarum.</strong></span> <span class='ocrx_word' id='word_1_12' title='bbox 641 705 842 759; x_wconf 88' lang='lat' dir='ltr'><strong>Idcirco</strong></span> <span class='ocrx_word' id='word_1_13' title='bbox 871 713 1074 772; x_wconf 90' lang='lat' dir='ltr'><strong>septem</strong></span> <span class='ocrx_word' id='word_1_14' title='bbox 1119 703 1567 772; x_wconf 88' lang='lat' dir='ltr'><strong>consequentibus</strong></span> <span class='ocrx_word' id='word_1_15' title='bbox 1615 703 1699 758; x_wconf 86' lang='lat' dir='ltr'><strong>his</strong></span> <span class='ocrx_word' id='word_1_16' title='bbox 1734 703 1921 758; x_wconf 84' lang='lat' dir='ltr'><strong>diebus</strong></span> <span class='ocrx_word' id='word_1_17' title='bbox 1958 737 1962 741; x_wconf 95' lang='lat'><strong><em>-</em></strong></span> 
     </span>
    </p>
   </div>
   <div class='ocr_carea' id='block_1_4' title="bbox 333 793 1918 863">
    <p class='ocr_par' dir='ltr' id='par_1_4' title="bbox 333 793 1918 863">
     <span class='ocr_line' id='line_1_4' title="bbox 333 793 1918 863; baseline -0.003 -13"><span class='ocrx_word' id='word_1_18' title='bbox 333 799 651 852; x_wconf 89' lang='lat' dir='ltr'><strong>concionum</strong></span> <span class='ocrx_word' id='word_1_19' title='bbox 673 795 912 851; x_wconf 74' lang='lat' dir='ltr'><strong>doctrina</strong></span> <span class='ocrx_word' id='word_1_20' title='bbox 935 794 1197 859; x_wconf 81' lang='lat' dir='ltr'><strong>fruimini,</strong></span> <span class='ocrx_word' id='word_1_21' title='bbox 1218 804 1276 848; x_wconf 89' lang='lat' dir='ltr'><strong>ut</strong></span> <span class='ocrx_word' id='word_1_22' title='bbox 1304 795 1355 848; x_wconf 93' lang='lat' dir='ltr'><strong>in</strong></span> <span class='ocrx_word' id='word_1_23' title='bbox 1385 793 1648 848; x_wconf 81' lang='lat' dir='ltr'><strong>iuetarum</strong></span> <span class='ocrx_word' id='word_1_24' title='bbox 1676 795 1918 863; x_wconf 63' lang='lat' dir='ltr'><strong>palaestra</strong></span> 
     </span>
    </p>
   </div>
   <div class='ocr_carea' id='block_1_5' title="bbox 334 886 1920 959">
    <p class='ocr_par' dir='ltr' id='par_1_5' title="bbox 334 886 1920 959">
     <span class='ocr_line' id='line_1_5' title="bbox 334 886 1920 959; baseline -0.004 -15"><span class='ocrx_word' id='word_1_25' title='bbox 334 892 618 959; x_wconf 76' lang='lat' dir='ltr'><strong>diligenter</strong></span> <span class='ocrx_word' id='word_1_26' title='bbox 655 887 1025 942; x_wconf 89' lang='lat' dir='ltr'><strong>instituamini.</strong></span> <span class='ocrx_word' id='word_1_27' title='bbox 1067 887 1312 956; x_wconf 85' lang='lat' dir='ltr'><strong>Alioquin</strong></span> <span class='ocrx_word' id='word_1_28' title='bbox 1347 897 1525 940; x_wconf 90' lang='lat' dir='ltr'><strong>autem</strong></span> <span class='ocrx_word' id='word_1_29' title='bbox 1570 887 1730 940; x_wconf 87' lang='lat' dir='ltr'><strong>etiam</strong></span> <span class='ocrx_word' id='word_1_30' title='bbox 1761 886 1920 954; x_wconf 87' lang='lat' dir='ltr'><strong>spiri-</strong></span> 
     </span>
    </p>
   </div>
   <div class='ocr_carea' id='block_1_6' title="bbox 336 976 1922 1048">
    <p class='ocr_par' dir='ltr' id='par_1_6' title="bbox 336 976 1922 1048">
     <span class='ocr_line' id='line_1_6' title="bbox 336 976 1922 1048; baseline -0.003 -14"><span class='ocrx_word' id='word_1_31' title='bbox 336 979 508 1034; x_wconf 84' lang='lat' dir='ltr'><strong>tuales</strong></span> <span class='ocrx_word' id='word_1_32' title='bbox 533 988 657 1033; x_wconf 88' lang='lat' dir='ltr'><strong>sunt</strong></span> <span class='ocrx_word' id='word_1_33' title='bbox 681 978 878 1048; x_wconf 70' lang='lat' dir='ltr'><strong>nuptiae</strong></span> <span class='ocrx_word' id='word_1_34' title='bbox 905 992 968 1030; x_wconf 90' lang='lat' dir='ltr'><strong>ea</strong></span> <span class='ocrx_word' id='word_1_35' title='bbox 992 1018 1008 1042; x_wconf 95' lang='lat'><strong>,</strong></span> <span class='ocrx_word' id='word_1_36' title='bbox 1038 993 1153 1046; x_wconf 63' lang='lat' dir='ltr'><strong>qute</strong></span> <span class='ocrx_word' id='word_1_37' title='bbox 1171 976 1282 1046; x_wconf 89' lang='lat' dir='ltr'><strong>jam</strong></span> <span class='ocrx_word' id='word_1_38' title='bbox 1311 976 1470 1042; x_wconf 82' lang='lat' dir='ltr'><strong>ﬁunt;</strong></span> <span class='ocrx_word' id='word_1_39' title='bbox 1496 976 1548 1029; x_wconf 92' lang='lat' dir='ltr'><strong>in</strong></span> <span class='ocrx_word' id='word_1_40' title='bbox 1575 976 1774 1044; x_wconf 88' lang='lat' dir='ltr'><strong>nuptiis</strong></span> <span class='ocrx_word' id='word_1_41' title='bbox 1795 990 1922 1030; x_wconf 86' lang='lat' dir='ltr'><strong>vero</strong></span> 
     </span>
    </p>
   </div>
   <div class='ocr_carea' id='block_1_7' title="bbox 333 1068 1922 1140">
    <p class='ocr_par' dir='ltr' id='par_1_7' title="bbox 333 1068 1922 1140">
     <span class='ocr_line' id='line_1_7' title="bbox 333 1068 1922 1140; baseline -0.003 -15"><span class='ocrx_word' id='word_1_42' title='bbox 333 1072 402 1125; x_wconf 85' lang='lat' dir='ltr'><strong>ad</strong></span> <span class='ocrx_word' id='word_1_43' title='bbox 435 1081 640 1140; x_wconf 89' lang='lat' dir='ltr'><strong>septem</strong></span> <span class='ocrx_word' id='word_1_44' title='bbox 670 1069 786 1124; x_wconf 89' lang='lat' dir='ltr'><strong>dies</strong></span> <span class='ocrx_word' id='word_1_45' title='bbox 817 1068 1032 1122; x_wconf 84' lang='lat' dir='ltr'><strong>thalami</strong></span> <span class='ocrx_word' id='word_1_46' title='bbox 1061 1079 1322 1139; x_wconf 88' lang='lat' dir='ltr'><strong>prostant.</strong></span> <span class='ocrx_word' id='word_1_47' title='bbox 1360 1068 1646 1136; x_wconf 81' lang='lat' dir='ltr'><strong>Propterea</strong></span> <span class='ocrx_word' id='word_1_48' title='bbox 1676 1082 1771 1122; x_wconf 90' lang='lat' dir='ltr'><strong>nos</strong></span> <span class='ocrx_word' id='word_1_49' title='bbox 1791 1081 1922 1136; x_wconf 84' lang='lat' dir='ltr'><strong>quo-</strong></span> 
     </span>
    </p>
   </div>
   <div class='ocr_carea' id='block_1_8' title="bbox 334 1160 1924 1233">
    <p class='ocr_par' dir='ltr' id='par_1_8' title="bbox 334 1160 1924 1233">
     <span class='ocr_line' id='line_1_8' title="bbox 334 1160 1924 1233; baseline -0.002 -16"><span class='ocrx_word' id='word_1_50' title='bbox 334 1180 438 1233; x_wconf 87' lang='lat' dir='ltr'><strong>que</strong></span> <span class='ocrx_word' id='word_1_51' title='bbox 471 1164 585 1232; x_wconf 90' lang='lat' dir='ltr'><strong>lege</strong></span> <span class='ocrx_word' id='word_1_52' title='bbox 606 1163 878 1216; x_wconf 83' lang='lat' dir='ltr'><strong>sanximus</strong></span> <span class='ocrx_word' id='word_1_53' title='bbox 896 1161 1067 1227; x_wconf 80' lang='lat' dir='ltr'><strong>vobis,</strong></span> <span class='ocrx_word' id='word_1_54' title='bbox 1097 1169 1156 1214; x_wconf 94' lang='lat' dir='ltr'><strong>ut</strong></span> <span class='ocrx_word' id='word_1_55' title='bbox 1181 1161 1267 1214; x_wconf 89' lang='lat' dir='ltr'><strong>hic</strong></span> <span class='ocrx_word' id='word_1_56' title='bbox 1291 1169 1495 1228; x_wconf 87' lang='lat' dir='ltr'><strong>septem</strong></span> <span class='ocrx_word' id='word_1_57' title='bbox 1517 1160 1725 1215; x_wconf 88' lang='lat' dir='ltr'><strong>dierum</strong></span> <span class='ocrx_word' id='word_1_58' title='bbox 1750 1160 1924 1228; x_wconf 77' lang='lat' dir='ltr'><strong>Spatio</strong></span> 
     </span>
    </p>
   </div>
   <div class='ocr_carea' id='block_1_9' title="bbox 333 1251 1921 1321">
    <p class='ocr_par' dir='ltr' id='par_1_9' title="bbox 333 1251 1921 1321">
     <span class='ocr_line' id='line_1_9' title="bbox 333 1251 1921 1321; baseline -0.001 -13"><span class='ocrx_word' id='word_1_59' title='bbox 333 1257 399 1308; x_wconf 86' lang='lat' dir='ltr'><strong>ad</strong></span> <span class='ocrx_word' id='word_1_60' title='bbox 432 1268 615 1308; x_wconf 80' lang='lat' dir='ltr'><strong>Sacros</strong></span> <span class='ocrx_word' id='word_1_61' title='bbox 637 1252 896 1306; x_wconf 85' lang='lat' dir='ltr'><strong>thalamos</strong></span> <span class='ocrx_word' id='word_1_62' title='bbox 936 1267 1031 1306; x_wconf 87' lang='lat' dir='ltr'><strong>vos</strong></span> <span class='ocrx_word' id='word_1_63' title='bbox 1055 1252 1253 1306; x_wconf 83' lang='lat' dir='ltr'><strong>sistatis</strong></span> <span class='ocrx_word' id='word_1_64' title='bbox 1281 1253 1320 1303; x_wconf 74' lang='grc' dir='ltr'><strong>ι.</strong></span> <span class='ocrx_word' id='word_1_65' title='bbox 1353 1251 1549 1306; x_wconf 83' lang='lat' dir='ltr'><strong>Verum</strong></span> <span class='ocrx_word' id='word_1_66' title='bbox 1581 1252 1688 1306; x_wconf 89' lang='lat' dir='ltr'><strong>illic</strong></span> <span class='ocrx_word' id='word_1_67' title='bbox 1707 1253 1921 1321; x_wconf 88' lang='lat' dir='ltr'><strong>quidem</strong></span> 
     </span>
    </p>
   </div>
   <div class='ocr_carea' id='block_1_10' title="bbox 339 1344 1922 1416">
    <p class='ocr_par' dir='ltr' id='par_1_10' title="bbox 339 1344 1922 1416">
     <span class='ocr_line' id='line_1_10' title="bbox 339 1344 1922 1416; baseline 0.001 -19"><span class='ocrx_word' id='word_1_68' title='bbox 339 1356 458 1416; x_wconf 84' lang='lat' dir='ltr'><strong>post</strong></span> <span class='ocrx_word' id='word_1_69' title='bbox 485 1354 688 1414; x_wconf 88' lang='lat' dir='ltr'><strong>septem</strong></span> <span class='ocrx_word' id='word_1_70' title='bbox 719 1344 832 1398; x_wconf 90' lang='lat' dir='ltr'><strong>dies</strong></span> <span class='ocrx_word' id='word_1_71' title='bbox 872 1345 1189 1398; x_wconf 85' lang='lat' dir='ltr'><strong>solvuntur:</strong></span> <span class='ocrx_word' id='word_1_72' title='bbox 1230 1344 1315 1397; x_wconf 91' lang='lat' dir='ltr'><strong>hic</strong></span> <span class='ocrx_word' id='word_1_73' title='bbox 1361 1353 1558 1407; x_wconf 88' lang='lat' dir='ltr'><strong>autem,</strong></span> <span class='ocrx_word' id='word_1_74' title='bbox 1589 1345 1636 1398; x_wconf 89' lang='lat' dir='ltr'><strong>si</strong></span> <span class='ocrx_word' id='word_1_75' title='bbox 1663 1345 1817 1409; x_wconf 82' lang='lat' dir='ltr'><strong>velis,</strong></span> <span class='ocrx_word' id='word_1_76' title='bbox 1869 1346 1922 1399; x_wconf 91' lang='lat' dir='ltr'><strong>in</strong></span> 
     </span>
    </p>
   </div>
   <div class='ocr_carea' id='block_1_11' title="bbox 336 1434 1925 1504">
    <p class='ocr_par' dir='ltr' id='par_1_11' title="bbox 336 1434 1925 1504">
     <span class='ocr_line' id='line_1_11' title="bbox 336 1434 1925 1504; baseline 0 -14"><span class='ocrx_word' id='word_1_77' title='bbox 336 1451 490 1491; x_wconf 82' lang='lat' dir='ltr'><strong>sacro</strong></span> <span class='ocrx_word' id='word_1_78' title='bbox 517 1436 752 1489; x_wconf 85' lang='lat' dir='ltr'><strong>thalamo</strong></span> <span class='ocrx_word' id='word_1_79' title='bbox 789 1443 1043 1504; x_wconf 89' lang='lat' dir='ltr'><strong>perpetuo</strong></span> <span class='ocrx_word' id='word_1_80' title='bbox 1085 1444 1227 1488; x_wconf 87' lang='lat' dir='ltr'><strong>stare</strong></span> <span class='ocrx_word' id='word_1_81' title='bbox 1257 1443 1439 1502; x_wconf 83' lang='lat' dir='ltr'><strong>potes;</strong></span> <span class='ocrx_word' id='word_1_82' title='bbox 1469 1444 1627 1504; x_wconf 88' lang='lat' dir='ltr'><strong>atque</strong></span> <span class='ocrx_word' id='word_1_83' title='bbox 1671 1434 1722 1488; x_wconf 92' lang='lat' dir='ltr'><strong>in</strong></span> <span class='ocrx_word' id='word_1_84' title='bbox 1750 1451 1925 1490; x_wconf 59' lang='lat' dir='ltr'><strong>sarcu-</strong></span> 
     </span>
    </p>
   </div>
   <div class='ocr_carea' id='block_1_12' title="bbox 334 1524 1924 1596">
    <p class='ocr_par' dir='ltr' id='par_1_12' title="bbox 334 1524 1924 1596">
     <span class='ocr_line' id='line_1_12' title="bbox 334 1524 1924 1596; baseline -0.002 -15"><span class='ocrx_word' id='word_1_85' title='bbox 334 1528 536 1582; x_wconf 83' lang='lat' dir='ltr'><strong>laribus</strong></span> <span class='ocrx_word' id='word_1_86' title='bbox 558 1525 770 1596; x_wconf 85' lang='lat' dir='ltr'><strong>quidem</strong></span> <span class='ocrx_word' id='word_1_87' title='bbox 789 1525 987 1594; x_wconf 86' lang='lat' dir='ltr'><strong>nuptiis</strong></span> <span class='ocrx_word' id='word_1_88' title='bbox 1010 1534 1126 1594; x_wconf 88' lang='lat' dir='ltr'><strong>post</strong></span> <span class='ocrx_word' id='word_1_89' title='bbox 1149 1540 1309 1579; x_wconf 89' lang='lat' dir='ltr'><strong>unum</strong></span> <span class='ocrx_word' id='word_1_90' title='bbox 1334 1525 1416 1579; x_wconf 91' lang='lat' dir='ltr'><strong>vel</strong></span> <span class='ocrx_word' id='word_1_91' title='bbox 1437 1524 1662 1579; x_wconf 89' lang='lat' dir='ltr'><strong>alterum</strong></span> <span class='ocrx_word' id='word_1_92' title='bbox 1686 1540 1924 1580; x_wconf 88' lang='lat' dir='ltr'><strong>mensem</strong></span> 
     </span>
    </p>
   </div>
   <div class='ocr_carea' id='block_1_13' title="bbox 336 1617 1925 1688">
    <p class='ocr_par' dir='ltr' id='par_1_13' title="bbox 336 1617 1925 1688">
     <span class='ocr_line' id='line_1_13' title="bbox 336 1617 1925 1688; baseline -0.001 -15"><span class='ocrx_word' id='word_1_93' title='bbox 336 1633 535 1688; x_wconf 81' lang='lat' dir='ltr'><strong>sponsa</strong></span> <span class='ocrx_word' id='word_1_94' title='bbox 567 1632 672 1673; x_wconf 90' lang='lat' dir='ltr'><strong>non</strong></span> <span class='ocrx_word' id='word_1_95' title='bbox 703 1617 836 1672; x_wconf 88' lang='lat' dir='ltr'><strong>adeo</strong></span> <span class='ocrx_word' id='word_1_96' title='bbox 874 1632 1070 1687; x_wconf 86' lang='lat' dir='ltr'><strong>sponso</strong></span> <span class='ocrx_word' id='word_1_97' title='bbox 1111 1628 1193 1672; x_wconf 92' lang='lat' dir='ltr'><strong>est</strong></span> <span class='ocrx_word' id='word_1_98' title='bbox 1231 1618 1474 1672; x_wconf 90' lang='lat' dir='ltr'><strong>amabilis</strong></span> <span class='ocrx_word' id='word_1_99' title='bbox 1503 1636 1515 1670; x_wconf 91' lang='lat'><strong>:</strong></span> <span class='ocrx_word' id='word_1_100' title='bbox 1541 1617 1626 1674; x_wconf 93' lang='lat' dir='ltr'><strong>hic</strong></span> <span class='ocrx_word' id='word_1_101' title='bbox 1647 1632 1774 1672; x_wconf 89' lang='lat' dir='ltr'><strong>vero</strong></span> <span class='ocrx_word' id='word_1_102' title='bbox 1820 1634 1925 1672; x_wconf 92' lang='lat' dir='ltr'><strong>non</strong></span> 
     </span>
    </p>
   </div>
   <div class='ocr_carea' id='block_1_14' title="bbox 343 1709 1926 1780">
    <p class='ocr_par' dir='ltr' id='par_1_14' title="bbox 343 1709 1926 1780">
     <span class='ocr_line' id='line_1_14' title="bbox 343 1709 1926 1780; baseline 0 -14"><span class='ocrx_word' id='word_1_103' title='bbox 343 1713 411 1766; x_wconf 91' lang='lat' dir='ltr'><strong>ita</strong></span> <span class='ocrx_word' id='word_1_104' title='bbox 435 1755 450 1778; x_wconf 89' lang='lat'><strong>,</strong></span> <span class='ocrx_word' id='word_1_105' title='bbox 481 1711 574 1766; x_wconf 92' lang='lat' dir='ltr'><strong>sed</strong></span> <span class='ocrx_word' id='word_1_106' title='bbox 602 1720 800 1780; x_wconf 88' lang='lat' dir='ltr'><strong>quanto</strong></span> <span class='ocrx_word' id='word_1_107' title='bbox 841 1711 1093 1778; x_wconf 88' lang='lat' dir='ltr'><strong>temporis</strong></span> <span class='ocrx_word' id='word_1_108' title='bbox 1125 1709 1181 1762; x_wconf 85' lang='lat' dir='ltr'><strong>ﬁt</strong></span> <span class='ocrx_word' id='word_1_109' title='bbox 1207 1709 1374 1779; x_wconf 85' lang='lat' dir='ltr'><strong>major</strong></span> <span class='ocrx_word' id='word_1_110' title='bbox 1401 1724 1712 1778; x_wconf 76' lang='lat' dir='ltr'><strong>progressus</strong></span> <span class='ocrx_word' id='word_1_111' title='bbox 1731 1751 1746 1774; x_wconf 87' lang='lat'><strong>,</strong></span> <span class='ocrx_word' id='word_1_112' title='bbox 1782 1719 1926 1766; x_wconf 90' lang='lat' dir='ltr'><strong>tanto</strong></span> 
     </span>
    </p>
   </div>
   <div class='ocr_carea' id='block_1_15' title="bbox 338 1802 1929 1870">
    <p class='ocr_par' dir='ltr' id='par_1_15' title="bbox 338 1802 1929 1870">
     <span class='ocr_line' id='line_1_15' title="bbox 338 1802 1929 1870; baseline 0.001 -16"><span class='ocrx_word' id='word_1_113' title='bbox 338 1803 669 1856; x_wconf 87' lang='lat' dir='ltr'><strong>ardentiores</strong></span> <span class='ocrx_word' id='word_1_114' title='bbox 689 1802 868 1870; x_wconf 87' lang='lat' dir='ltr'><strong>sponsi</strong></span> <span class='ocrx_word' id='word_1_115' title='bbox 895 1808 1020 1854; x_wconf 91' lang='lat' dir='ltr'><strong>sunt</strong></span> <span class='ocrx_word' id='word_1_116' title='bbox 1043 1816 1286 1864; x_wconf 89' lang='lat' dir='ltr'><strong>amores;</strong></span> <span class='ocrx_word' id='word_1_117' title='bbox 1316 1810 1462 1855; x_wconf 87' lang='lat' dir='ltr'><strong>tanto</strong></span> <span class='ocrx_word' id='word_1_118' title='bbox 1484 1802 1758 1856; x_wconf 86' lang='lat' dir='ltr'><strong>suaviores</strong></span> <span class='ocrx_word' id='word_1_119' title='bbox 1780 1817 1898 1858; x_wconf 87' lang='lat' dir='ltr'><strong>com</strong></span> <span class='ocrx_word' id='word_1_120' title='bbox 1916 1837 1929 1842; x_wconf 94' lang='lat'><strong>-</strong></span> 
     </span>
    </p>
   </div>
   <div class='ocr_carea' id='block_1_16' title="bbox 343 1893 1930 1964">
    <p class='ocr_par' dir='ltr' id='par_1_16' title="bbox 343 1893 1930 1964">
     <span class='ocr_line' id='line_1_16' title="bbox 343 1893 1930 1964; baseline 0.002 -19"><span class='ocrx_word' id='word_1_121' title='bbox 343 1901 529 1963; x_wconf 81' lang='lat' dir='ltr'><strong>plexos</strong></span> <span class='ocrx_word' id='word_1_122' title='bbox 549 1936 565 1960; x_wconf 94' lang='lat'><strong>,</strong></span> <span class='ocrx_word' id='word_1_123' title='bbox 596 1903 743 1948; x_wconf 90' lang='lat' dir='ltr'><strong>tanto</strong></span> <span class='ocrx_word' id='word_1_124' title='bbox 771 1893 1095 1962; x_wconf 87' lang='lat' dir='ltr'><strong>spiritualior</strong></span> <span class='ocrx_word' id='word_1_125' title='bbox 1122 1908 1457 1962; x_wconf 88' lang='lat' dir='ltr'><strong>congressus,</strong></span> <span class='ocrx_word' id='word_1_126' title='bbox 1491 1894 1534 1948; x_wconf 89' lang='lat' dir='ltr'><strong>si</strong></span> <span class='ocrx_word' id='word_1_127' title='bbox 1557 1893 1838 1964; x_wconf 81' lang='lat' dir='ltr'><strong>diligentes</strong></span> <span class='ocrx_word' id='word_1_128' title='bbox 1865 1909 1930 1948; x_wconf 88' lang='lat' dir='ltr'><strong>ac</strong></span> 
     </span>
    </p>
   </div>
   <div class='ocr_carea' id='block_1_17' title="bbox 403 2024 1929 2137">
    <p class='ocr_par' dir='ltr' id='par_1_17' title="bbox 403 2024 1929 2137">
     <span class='ocr_line' id='line_1_17' title="bbox 403 2024 1929 2137; baseline 0.003 -62"><span class='ocrx_word' id='word_1_129' title='bbox 403 2031 420 2059; x_wconf 84' lang='grc'>¹</span> <span class='ocrx_word' id='word_1_130' title='bbox 458 2035 761 2137; x_wconf 51' lang='grc' dir='ltr'><strong>ῃὲαεᾶδιωιιε,</strong></span> <span class='ocrx_word' id='word_1_131' title='bbox 786 2032 966 2090; x_wconf 74' lang='lat' dir='ltr'><strong>septem</strong></span> <span class='ocrx_word' id='word_1_132' title='bbox 989 2024 1180 2077; x_wconf 84' lang='lat' dir='ltr'><strong>dierum</strong></span> <span class='ocrx_word' id='word_1_133' title='bbox 1221 2026 1376 2089; x_wconf 80' lang='lat' dir='ltr'><strong>spatio</strong></span> <span class='ocrx_word' id='word_1_134' title='bbox 1398 2029 1462 2076; x_wconf 86' lang='lat' dir='ltr'><strong>ad</strong></span> <span class='ocrx_word' id='word_1_135' title='bbox 1488 2041 1680 2078; x_wconf 82' lang='lat' dir='ltr'><strong>sacram</strong></span> <span class='ocrx_word' id='word_1_136' title='bbox 1715 2042 1929 2080; x_wconf 78' lang='lat' dir='ltr'><strong>mensam</strong></span> 
     </span>
     <span class='ocr_line' id='line_1_18' title="bbox 403 2102 637 2137; baseline -0.013 0"><span class='ocrx_word' id='word_1_137' title='bbox 403 2104 417 2137; x_wconf 73' lang='grc' dir='ltr'><strong>ς</strong></span> <span class='ocrx_word' id='word_1_138' title='bbox 440 2102 482 2137; x_wconf 80' lang='lat' dir='ltr'><strong>st</strong></span> <span class='ocrx_word' id='word_1_139' title='bbox 624 2122 637 2134; x_wconf 94' lang='lat'><strong>.</strong></span> 
     </span>
    </p>
   </div>
   <div class='ocr_carea' id='block_1_18' title="bbox 341 2098 637 2139">
    <p class='ocr_par' dir='ltr' id='par_1_18' title="bbox 341 2098 637 2139">
     <span class='ocr_line' id='line_1_19' title="bbox 341 2098 637 2139; baseline -0.014 0"><span class='ocrx_word' id='word_1_140' title='bbox 341 2103 417 2139; x_wconf 68' lang='lat'><strong>1‘08</strong></span> <span class='ocrx_word' id='word_1_141' title='bbox 440 2098 637 2138; x_wconf 71' lang='lat' dir='ltr'><strong>aratum.</strong></span> 
     </span>
    </p>
   </div>
   <div class='ocr_carea' id='block_1_19' title="bbox 1322 492 2641 552">
    <p class='ocr_par' dir='ltr' id='par_1_19' title="bbox 1322 492 2641 552">
     <span class='ocr_line' id='line_1_20' title="bbox 1322 492 2641 552; baseline 0 -2"><span class='ocrx_word' id='word_1_142' title='bbox 1322 495 1388 550; x_wconf 73' lang='lat' dir='ltr'><strong>IN</strong></span> <span class='ocrx_word' id='word_1_143' title='bbox 1428 492 1903 550; x_wconf 74' lang='lat' dir='ltr'><strong>ASCENSIONEM</strong></span> <span class='ocrx_word' id='word_1_144' title='bbox 1941 493 2004 548; x_wconf 82' lang='grc' dir='ltr'><strong>Ι).</strong></span> <span class='ocrx_word' id='word_1_145' title='bbox 2045 493 2108 548; x_wconf 82' lang='lat' dir='ltr'><strong>N.</strong></span> <span class='ocrx_word' id='word_1_146' title='bbox 2147 492 2310 548; x_wconf 78' lang='lat' dir='ltr'><strong>JESU</strong></span> <span class='ocrx_word' id='word_1_147' title='bbox 2349 494 2641 552; x_wconf 74' lang='lat' dir='ltr'><strong>CHRISTI.</strong></span> 
     </span>
    </p>
   </div>
   <div class='ocr_carea' id='block_1_20' title="bbox 3509 501 3618 559">
    <p class='ocr_par' dir='ltr' id='par_1_20' title="bbox 3509 501 3618 559">
     <span class='ocr_line' id='line_1_21' title="bbox 3509 501 3618 559; baseline -0.055 0"><span class='ocrx_word' id='word_1_148' title='bbox 3509 501 3618 559; x_wconf 64' lang='grc' dir='ltr'><strong>δη</strong></span> 
     </span>
    </p>
   </div>
   <div class='ocr_carea' id='block_1_21' title="bbox 2031 611 3610 689">
    <p class='ocr_par' dir='ltr' id='par_1_21' title="bbox 2031 611 3610 689">
     <span class='ocr_line' id='line_1_22' title="bbox 2031 611 3610 689; baseline 0.006 -25"><span class='ocrx_word' id='word_1_149' title='bbox 2031 611 2307 681; x_wconf 78' lang='lat' dir='ltr'><strong>vigilantes</strong></span> <span class='ocrx_word' id='word_1_150' title='bbox 2335 613 2518 668; x_wconf 91' lang='lat' dir='ltr'><strong>simus.</strong></span> <span class='ocrx_word' id='word_1_151' title='bbox 2571 615 2628 668; x_wconf 90' lang='lat' dir='ltr'><strong>ln</strong></span> <span class='ocrx_word' id='word_1_152' title='bbox 2654 617 2968 686; x_wconf 83' lang='lat' dir='ltr'><strong>corporibus</strong></span> <span class='ocrx_word' id='word_1_153' title='bbox 2993 633 3176 674; x_wconf 85' lang='lat' dir='ltr'><strong>rursus</strong></span> <span class='ocrx_word' id='word_1_154' title='bbox 3196 628 3317 688; x_wconf 87' lang='lat' dir='ltr'><strong>post</strong></span> <span class='ocrx_word' id='word_1_155' title='bbox 3351 620 3610 689; x_wconf 78' lang='lat' dir='ltr'><strong>juventu-</strong></span> 
     </span>
    </p>
   </div>
   <div class='ocr_carea' id='block_1_22' title="bbox 2036 707 3614 784">
    <p class='ocr_par' dir='ltr' id='par_1_22' title="bbox 2036 707 3614 784">
     <span class='ocr_line' id='line_1_23' title="bbox 2036 707 3614 784; baseline 0.008 -28"><span class='ocrx_word' id='word_1_156' title='bbox 2036 715 2140 757; x_wconf 88' lang='lat' dir='ltr'><strong>tem</strong></span> <span class='ocrx_word' id='word_1_157' title='bbox 2173 717 2418 760; x_wconf 87' lang='lat' dir='ltr'><strong>senectus</strong></span> <span class='ocrx_word' id='word_1_158' title='bbox 2446 723 2461 773; x_wconf 94' lang='lat'><strong>;</strong></span> <span class='ocrx_word' id='word_1_159' title='bbox 2493 707 2580 762; x_wconf 91' lang='lat' dir='ltr'><strong>hic</strong></span> <span class='ocrx_word' id='word_1_160' title='bbox 2621 717 2741 777; x_wconf 92' lang='lat' dir='ltr'><strong>post</strong></span> <span class='ocrx_word' id='word_1_161' title='bbox 2765 721 3088 766; x_wconf 87' lang='lat' dir='ltr'><strong>senectutem</strong></span> <span class='ocrx_word' id='word_1_162' title='bbox 3129 713 3411 782; x_wconf 84' lang='lat' dir='ltr'><strong>juventus,</strong></span> <span class='ocrx_word' id='word_1_163' title='bbox 3441 725 3494 768; x_wconf 86' lang='lat' dir='ltr'><strong>et</strong></span> <span class='ocrx_word' id='word_1_164' title='bbox 3530 713 3614 784; x_wconf 88' lang='lat' dir='ltr'><strong>ju-</strong></span> 
     </span>
    </p>
   </div>
   <div class='ocr_carea' id='block_1_23' title="bbox 2029 797 3611 869">
    <p class='ocr_par' dir='ltr' id='par_1_23' title="bbox 2029 797 3611 869">
     <span class='ocr_line' id='line_1_24' title="bbox 2029 797 3611 869; baseline 0.009 -23"><span class='ocrx_word' id='word_1_165' title='bbox 2029 804 2226 848; x_wconf 81' lang='lat' dir='ltr'><strong>ventus</strong></span> <span class='ocrx_word' id='word_1_166' title='bbox 2275 811 2393 864; x_wconf 67' lang='lat' dir='ltr'><strong>quze</strong></span> <span class='ocrx_word' id='word_1_167' title='bbox 2441 797 2602 852; x_wconf 81' lang='lat' dir='ltr'><strong>finem</strong></span> <span class='ocrx_word' id='word_1_168' title='bbox 2652 800 2854 854; x_wconf 90' lang='lat' dir='ltr'><strong>nullum</strong></span> <span class='ocrx_word' id='word_1_169' title='bbox 2906 801 3104 869; x_wconf 88' lang='lat' dir='ltr'><strong>habet,</strong></span> <span class='ocrx_word' id='word_1_170' title='bbox 3157 805 3201 858; x_wconf 93' lang='lat' dir='ltr'><strong>si</strong></span> <span class='ocrx_word' id='word_1_171' title='bbox 3268 804 3611 860; x_wconf 84' lang='lat' dir='ltr'><strong>voluerimus.</strong></span> 
     </span>
    </p>
   </div>
   <div class='ocr_carea' id='block_1_24' title="bbox 2029 884 3614 967">
    <p class='ocr_par' dir='ltr' id='par_1_24' title="bbox 2029 884 3614 967">
     <span class='ocr_line' id='line_1_25' title="bbox 2029 884 3614 967; baseline 0.008 -30"><span class='ocrx_word' id='word_1_172' title='bbox 2029 884 2214 955; x_wconf 83' lang='lat' dir='ltr'><strong>Magna</strong></span> <span class='ocrx_word' id='word_1_173' title='bbox 2241 888 2432 956; x_wconf 87' lang='lat' dir='ltr'><strong>gratia,</strong></span> <span class='ocrx_word' id='word_1_174' title='bbox 2461 889 2554 944; x_wconf 91' lang='lat' dir='ltr'><strong>sed</strong></span> <span class='ocrx_word' id='word_1_175' title='bbox 2585 892 2754 959; x_wconf 89' lang='lat' dir='ltr'><strong>major</strong></span> <span class='ocrx_word' id='word_1_176' title='bbox 2784 895 2952 949; x_wconf 90' lang='lat' dir='ltr'><strong>eritsi</strong></span> <span class='ocrx_word' id='word_1_177' title='bbox 2993 896 3318 952; x_wconf 89' lang='lat' dir='ltr'><strong>voluerimus</strong></span> <span class='ocrx_word' id='word_1_178' title='bbox 3347 914 3360 950; x_wconf 89' lang='lat'><strong>:</strong></span> <span class='ocrx_word' id='word_1_179' title='bbox 3393 913 3614 967; x_wconf 85' lang='lat' dir='ltr'><strong>magnus</strong></span> 
     </span>
    </p>
   </div>
   <div class='ocr_carea' id='block_1_25' title="bbox 2026 979 3610 1054">
    <p class='ocr_par' dir='ltr' id='par_1_25' title="bbox 2026 979 3610 1054">
     <span class='ocr_line' id='line_1_26' title="bbox 2026 979 3610 1054; baseline 0.011 -26"><span class='ocrx_word' id='word_1_180' title='bbox 2026 986 2141 1030; x_wconf 89' lang='lat' dir='ltr'><strong>erat</strong></span> <span class='ocrx_word' id='word_1_181' title='bbox 2167 979 2324 1032; x_wconf 89' lang='lat' dir='ltr'><strong>etiam</strong></span> <span class='ocrx_word' id='word_1_182' title='bbox 2349 979 2565 1045; x_wconf 84' lang='lat' dir='ltr'><strong>Paulus,</strong></span> <span class='ocrx_word' id='word_1_183' title='bbox 2588 997 2707 1036; x_wconf 90' lang='lat' dir='ltr'><strong>cum</strong></span> <span class='ocrx_word' id='word_1_184' title='bbox 2734 985 3088 1053; x_wconf 87' lang='lat' dir='ltr'><strong>baptizaretur</strong></span> <span class='ocrx_word' id='word_1_185' title='bbox 3111 1005 3126 1054; x_wconf 90' lang='lat'><strong>;</strong></span> <span class='ocrx_word' id='word_1_186' title='bbox 3149 998 3204 1042; x_wconf 89' lang='lat' dir='ltr'><strong>at</strong></span> <span class='ocrx_word' id='word_1_187' title='bbox 3230 990 3398 1042; x_wconf 90' lang='lat' dir='ltr'><strong>multo</strong></span> <span class='ocrx_word' id='word_1_188' title='bbox 3417 989 3610 1045; x_wconf 84' lang='lat' dir='ltr'><strong>deinde</strong></span> 
     </span>
    </p>
   </div>
   <div class='ocr_carea' id='block_1_26' title="bbox 2027 1069 3616 1145">
    <p class='ocr_par' dir='ltr' id='par_1_26' title="bbox 2027 1069 3616 1145">
     <span class='ocr_line' id='line_1_27' title="bbox 2027 1069 3616 1145; baseline 0.01 -25"><span class='ocrx_word' id='word_1_189' title='bbox 2027 1069 2197 1136; x_wconf 85' lang='lat' dir='ltr'><strong>major</strong></span> <span class='ocrx_word' id='word_1_190' title='bbox 2225 1078 2308 1124; x_wconf 89' lang='lat' dir='ltr'><strong>est</strong></span> <span class='ocrx_word' id='word_1_191' title='bbox 2338 1071 2508 1127; x_wconf 79' lang='lat' dir='ltr'><strong>factus</strong></span> <span class='ocrx_word' id='word_1_192' title='bbox 2537 1091 2549 1126; x_wconf 90' lang='lat'>:</span> <span class='ocrx_word' id='word_1_193' title='bbox 2583 1089 2701 1127; x_wconf 91' lang='lat' dir='ltr'><strong>cum</strong></span> <span class='ocrx_word' id='word_1_194' title='bbox 2734 1077 3046 1145; x_wconf 57' lang='lat' dir='ltr'><strong>praedicaret</strong></span> <span class='ocrx_word' id='word_1_195' title='bbox 3065 1122 3080 1145; x_wconf 95' lang='lat'><strong>,</strong></span> <span class='ocrx_word' id='word_1_196' title='bbox 3129 1080 3495 1136; x_wconf 86' lang='lat' dir='ltr'><strong>confundebat</strong></span> <span class='ocrx_word' id='word_1_197' title='bbox 3523 1082 3616 1136; x_wconf 83' lang='lat' dir='ltr'><strong>Ju-</strong></span> 
     </span>
    </p>
   </div>
   <div class='ocr_carea' id='block_1_27' title="bbox 2032 1158 3616 1237">
    <p class='ocr_par' dir='ltr' id='par_1_27' title="bbox 2032 1158 3616 1237">
     <span class='ocr_line' id='line_1_28' title="bbox 2032 1158 3616 1237; baseline 0.01 -27"><span class='ocrx_word' id='word_1_198' title='bbox 2032 1158 2212 1224; x_wconf 73' lang='lat' dir='ltr'><strong>dzeos;</strong></span> <span class='ocrx_word' id='word_1_199' title='bbox 2273 1170 2455 1229; x_wconf 87' lang='lat' dir='ltr'><strong>postea</strong></span> <span class='ocrx_word' id='word_1_200' title='bbox 2505 1173 2692 1232; x_wconf 87' lang='lat' dir='ltr'><strong>raptus</strong></span> <span class='ocrx_word' id='word_1_201' title='bbox 2721 1175 2802 1220; x_wconf 88' lang='lat' dir='ltr'><strong>est</strong></span> <span class='ocrx_word' id='word_1_202' title='bbox 2853 1167 2906 1221; x_wconf 93' lang='lat' dir='ltr'><strong>in</strong></span> <span class='ocrx_word' id='word_1_203' title='bbox 2940 1169 3275 1237; x_wconf 88' lang='lat' dir='ltr'><strong>paradisum,</strong></span> <span class='ocrx_word' id='word_1_204' title='bbox 3307 1171 3358 1224; x_wconf 89' lang='lat' dir='ltr'><strong>in</strong></span> <span class='ocrx_word' id='word_1_205' title='bbox 3400 1172 3616 1226; x_wconf 90' lang='lat' dir='ltr'><strong>tertium</strong></span> 
     </span>
    </p>
   </div>
   <div class='ocr_carea' id='block_1_28' title="bbox 2027 1249 3615 1327">
    <p class='ocr_par' dir='ltr' id='par_1_28' title="bbox 2027 1249 3615 1327">
     <span class='ocr_line' id='line_1_29' title="bbox 2027 1249 3615 1327; baseline 0.008 -25"><span class='ocrx_word' id='word_1_206' title='bbox 2027 1249 2216 1302; x_wconf 67' lang='lat' dir='ltr'><strong>catlum</strong></span> <span class='ocrx_word' id='word_1_207' title='bbox 2243 1252 2501 1308; x_wconf 85' lang='lat' dir='ltr'><strong>ascendit.</strong></span> <span class='ocrx_word' id='word_1_208' title='bbox 2533 1252 2714 1324; x_wconf 88' lang='lat' dir='ltr'><strong>Itaque</strong></span> <span class='ocrx_word' id='word_1_209' title='bbox 2737 1257 2887 1312; x_wconf 87' lang='lat' dir='ltr'><strong>nobis</strong></span> <span class='ocrx_word' id='word_1_210' title='bbox 2931 1258 3090 1313; x_wconf 90' lang='lat' dir='ltr'><strong>etiam</strong></span> <span class='ocrx_word' id='word_1_211' title='bbox 3116 1260 3240 1316; x_wconf 89' lang='lat' dir='ltr'><strong>licet</strong></span> <span class='ocrx_word' id='word_1_212' title='bbox 3261 1275 3527 1327; x_wconf 89' lang='lat' dir='ltr'><strong>crescere,</strong></span> <span class='ocrx_word' id='word_1_213' title='bbox 3571 1262 3615 1316; x_wconf 84' lang='lat' dir='ltr'><strong>si</strong></span> 
     </span>
    </p>
   </div>
   <div class='ocr_carea' id='block_1_29' title="bbox 2028 1340 3622 1421">
    <p class='ocr_par' dir='ltr' id='par_1_29' title="bbox 2028 1340 3622 1421">
     <span class='ocr_line' id='line_1_30' title="bbox 2028 1340 3622 1421; baseline 0.009 -29"><span class='ocrx_word' id='word_1_214' title='bbox 2028 1340 2291 1406; x_wconf 89' lang='lat' dir='ltr'><strong>velimus,</strong></span> <span class='ocrx_word' id='word_1_215' title='bbox 2353 1353 2408 1398; x_wconf 85' lang='lat' dir='ltr'><strong>et</strong></span> <span class='ocrx_word' id='word_1_216' title='bbox 2456 1345 2701 1400; x_wconf 87' lang='lat' dir='ltr'><strong>collatam</strong></span> <span class='ocrx_word' id='word_1_217' title='bbox 2757 1363 2853 1416; x_wconf 89' lang='lat' dir='ltr'><strong>per</strong></span> <span class='ocrx_word' id='word_1_218' title='bbox 2895 1348 3213 1418; x_wconf 89' lang='lat' dir='ltr'><strong>baptismum</strong></span> <span class='ocrx_word' id='word_1_219' title='bbox 3255 1354 3480 1421; x_wconf 83' lang='lat' dir='ltr'><strong>gratiam</strong></span> <span class='ocrx_word' id='word_1_220' title='bbox 3524 1367 3622 1406; x_wconf 90' lang='lat' dir='ltr'><strong>au-</strong></span> 
     </span>
    </p>
   </div>
   <div class='ocr_carea' id='block_1_30' title="bbox 2027 1429 3616 1507">
    <p class='ocr_par' dir='ltr' id='par_1_30' title="bbox 2027 1429 3616 1507">
     <span class='ocr_line' id='line_1_31' title="bbox 2027 1429 3616 1507; baseline 0.008 -25"><span class='ocrx_word' id='word_1_221' title='bbox 2027 1443 2154 1498; x_wconf 87' lang='lat' dir='ltr'><strong>gere</strong></span> <span class='ocrx_word' id='word_1_222' title='bbox 2180 1447 2194 1483; x_wconf 88' lang='lat'><strong>:</strong></span> <span class='ocrx_word' id='word_1_223' title='bbox 2230 1429 2384 1486; x_wconf 83' lang='lat' dir='ltr'><strong>bonis</strong></span> <span class='ocrx_word' id='word_1_224' title='bbox 2412 1442 2588 1488; x_wconf 89' lang='lat' dir='ltr'><strong>autem</strong></span> <span class='ocrx_word' id='word_1_225' title='bbox 2616 1435 2866 1504; x_wconf 89' lang='lat' dir='ltr'><strong>operibus</strong></span> <span class='ocrx_word' id='word_1_226' title='bbox 2889 1447 3128 1507; x_wconf 83' lang='lat' dir='ltr'><strong>augetur,</strong></span> <span class='ocrx_word' id='word_1_227' title='bbox 3157 1455 3220 1494; x_wconf 89' lang='lat' dir='ltr'><strong>ac</strong></span> <span class='ocrx_word' id='word_1_228' title='bbox 3248 1441 3305 1494; x_wconf 84' lang='lat' dir='ltr'><strong>lit</strong></span> <span class='ocrx_word' id='word_1_229' title='bbox 3334 1441 3616 1507; x_wconf 86' lang='lat' dir='ltr'><strong>illustrior,</strong></span> 
     </span>
    </p>
   </div>
   <div class='ocr_carea' id='block_1_31' title="bbox 2031 1520 3617 1599">
    <p class='ocr_par' dir='ltr' id='par_1_31' title="bbox 2031 1520 3617 1599">
     <span class='ocr_line' id='line_1_32' title="bbox 2031 1520 3617 1599; baseline 0.009 -26"><span class='ocrx_word' id='word_1_230' title='bbox 2031 1520 2309 1590; x_wconf 85' lang='lat' dir='ltr'><strong>lucemque</strong></span> <span class='ocrx_word' id='word_1_231' title='bbox 2338 1524 2494 1579; x_wconf 92' lang='lat' dir='ltr'><strong>nobis</strong></span> <span class='ocrx_word' id='word_1_232' title='bbox 2519 1526 2931 1594; x_wconf 83' lang='lat' dir='ltr'><strong>splendidiorem</strong></span> <span class='ocrx_word' id='word_1_233' title='bbox 2962 1531 3282 1599; x_wconf 87' lang='lat' dir='ltr'><strong>suppeditat.</strong></span> <span class='ocrx_word' id='word_1_234' title='bbox 3307 1533 3453 1599; x_wconf 87' lang='lat' dir='ltr'><strong>Quod</strong></span> <span class='ocrx_word' id='word_1_235' title='bbox 3475 1535 3517 1586; x_wconf 81' lang='lat' dir='ltr'><strong>si</strong></span> <span class='ocrx_word' id='word_1_236' title='bbox 3547 1534 3617 1589; x_wconf 82' lang='lat' dir='ltr'><strong>ita</strong></span> 
     </span>
    </p>
   </div>
   <div class='ocr_carea' id='block_1_32' title="bbox 2033 1612 3614 1691">
    <p class='ocr_par' dir='ltr' id='par_1_32' title="bbox 2033 1612 3614 1691">
     <span class='ocr_line' id='line_1_33' title="bbox 2033 1612 3614 1691; baseline 0.009 -27"><span class='ocrx_word' id='word_1_237' title='bbox 2033 1612 2144 1677; x_wconf 80' lang='lat' dir='ltr'><strong>ﬁat,</strong></span> <span class='ocrx_word' id='word_1_238' title='bbox 2181 1613 2344 1668; x_wconf 87' lang='lat' dir='ltr'><strong>multa</strong></span> <span class='ocrx_word' id='word_1_239' title='bbox 2381 1630 2503 1669; x_wconf 91' lang='lat' dir='ltr'><strong>cum</strong></span> <span class='ocrx_word' id='word_1_240' title='bbox 2545 1616 2734 1672; x_wconf 84' lang='lat' dir='ltr'><strong>ﬁducia</strong></span> <span class='ocrx_word' id='word_1_241' title='bbox 2756 1620 2806 1672; x_wconf 90' lang='lat' dir='ltr'><strong>in</strong></span> <span class='ocrx_word' id='word_1_242' title='bbox 2833 1621 3084 1676; x_wconf 86' lang='lat' dir='ltr'><strong>conclave</strong></span> <span class='ocrx_word' id='word_1_243' title='bbox 3136 1625 3318 1691; x_wconf 85' lang='lat' dir='ltr'><strong>sponsi</strong></span> <span class='ocrx_word' id='word_1_244' title='bbox 3367 1640 3469 1678; x_wconf 89' lang='lat' dir='ltr'><strong>una</strong></span> <span class='ocrx_word' id='word_1_245' title='bbox 3493 1641 3614 1678; x_wconf 91' lang='lat' dir='ltr'><strong>cum</strong></span> 
     </span>
    </p>
   </div>
   <div class='ocr_carea' id='block_1_33' title="bbox 2037 1703 3617 1784">
    <p class='ocr_par' dir='ltr' id='par_1_33' title="bbox 2037 1703 3617 1784">
     <span class='ocr_line' id='line_1_34' title="bbox 2037 1703 3617 1784; baseline 0.009 -28"><span class='ocrx_word' id='word_1_246' title='bbox 2037 1703 2156 1770; x_wconf 88' lang='lat' dir='ltr'><strong>ipso</strong></span> <span class='ocrx_word' id='word_1_247' title='bbox 2205 1705 2548 1771; x_wconf 87' lang='lat' dir='ltr'><strong>intrabimus,</strong></span> <span class='ocrx_word' id='word_1_248' title='bbox 2578 1717 2632 1762; x_wconf 88' lang='lat' dir='ltr'><strong>et</strong></span> <span class='ocrx_word' id='word_1_249' title='bbox 2658 1710 2720 1763; x_wconf 91' lang='lat' dir='ltr'><strong>iis</strong></span> <span class='ocrx_word' id='word_1_250' title='bbox 2750 1710 2901 1765; x_wconf 90' lang='lat' dir='ltr'><strong>bonis</strong></span> <span class='ocrx_word' id='word_1_251' title='bbox 2927 1713 3281 1781; x_wconf 73' lang='lat' dir='ltr'><strong>perfruentur,</strong></span> <span class='ocrx_word' id='word_1_252' title='bbox 3322 1731 3439 1783; x_wconf 72' lang='lat' dir='ltr'><strong>qua:</strong></span> <span class='ocrx_word' id='word_1_253' title='bbox 3465 1732 3617 1784; x_wconf 88' lang='lat' dir='ltr'><strong>repo-</strong></span> 
     </span>
    </p>
   </div>
   <div class='ocr_carea' id='block_1_34' title="bbox 2035 1797 3616 1870">
    <p class='ocr_par' dir='ltr' id='par_1_34' title="bbox 2035 1797 3616 1870">
     <span class='ocr_line' id='line_1_35' title="bbox 2035 1797 3616 1870; baseline 0.007 -23"><span class='ocrx_word' id='word_1_254' title='bbox 2035 1797 2136 1848; x_wconf 89' lang='lat' dir='ltr'><strong>sita</strong></span> <span class='ocrx_word' id='word_1_255' title='bbox 2161 1805 2284 1850; x_wconf 91' lang='lat' dir='ltr'><strong>sunt</strong></span> <span class='ocrx_word' id='word_1_256' title='bbox 2310 1797 2374 1850; x_wconf 91' lang='lat' dir='ltr'><strong>iis</strong></span> <span class='ocrx_word' id='word_1_257' title='bbox 2425 1799 2513 1868; x_wconf 92' lang='lat' dir='ltr'><strong>qui</strong></span> <span class='ocrx_word' id='word_1_258' title='bbox 2537 1800 2764 1868; x_wconf 87' lang='lat' dir='ltr'><strong>diligunt</strong></span> <span class='ocrx_word' id='word_1_259' title='bbox 2811 1802 2984 1856; x_wconf 88' lang='lat' dir='ltr'><strong>illum.</strong></span> <span class='ocrx_word' id='word_1_260' title='bbox 3028 1803 3156 1870; x_wconf 68' lang='lat' dir='ltr'><strong>Quae</strong></span> <span class='ocrx_word' id='word_1_261' title='bbox 3188 1805 3343 1858; x_wconf 90' lang='lat' dir='ltr'><strong>nobis</strong></span> <span class='ocrx_word' id='word_1_262' title='bbox 3368 1806 3616 1859; x_wconf 89' lang='lat' dir='ltr'><strong>omnibus</strong></span> 
     </span>
    </p>
   </div>
   <div class='ocr_carea' id='block_1_35' title="bbox 2035 1887 3618 1963">
    <p class='ocr_par' dir='ltr' id='par_1_35' title="bbox 2035 1887 3618 1963">
     <span class='ocr_line' id='line_1_36' title="bbox 2035 1887 3618 1963; baseline 0.008 -26"><span class='ocrx_word' id='word_1_263' title='bbox 2035 1887 2289 1956; x_wconf 89' lang='lat' dir='ltr'><strong>consequi</strong></span> <span class='ocrx_word' id='word_1_264' title='bbox 2319 1887 2492 1955; x_wconf 88' lang='lat' dir='ltr'><strong>detur,</strong></span> <span class='ocrx_word' id='word_1_265' title='bbox 2539 1892 2704 1960; x_wconf 86' lang='lat' dir='ltr'><strong>gratia</strong></span> <span class='ocrx_word' id='word_1_266' title='bbox 2734 1903 2788 1946; x_wconf 90' lang='lat' dir='ltr'><strong>et</strong></span> <span class='ocrx_word' id='word_1_267' title='bbox 2830 1893 3152 1963; x_wconf 79' lang='lat' dir='ltr'><strong>benignitate</strong></span> <span class='ocrx_word' id='word_1_268' title='bbox 3196 1896 3404 1949; x_wconf 89' lang='lat' dir='ltr'><strong>Domini</strong></span> <span class='ocrx_word' id='word_1_269' title='bbox 3452 1900 3618 1951; x_wconf 88' lang='lat' dir='ltr'><strong>nostri</strong></span> 
     </span>
    </p>
   </div>
   <div class='ocr_carea' id='block_1_36' title="bbox 2031 1975 3620 2057">
    <p class='ocr_par' dir='ltr' id='par_1_36' title="bbox 2031 1975 3620 2057">
     <span class='ocr_line' id='line_1_37' title="bbox 2031 1975 3620 2057; baseline 0.009 -29"><span class='ocrx_word' id='word_1_270' title='bbox 2031 1975 2157 2029; x_wconf 86' lang='lat' dir='ltr'><strong>Jesu</strong></span> <span class='ocrx_word' id='word_1_271' title='bbox 2183 1975 2411 2043; x_wconf 86' lang='lat' dir='ltr'><strong>Christi,</strong></span> <span class='ocrx_word' id='word_1_272' title='bbox 2443 1995 2562 2034; x_wconf 90' lang='lat' dir='ltr'><strong>cum</strong></span> <span class='ocrx_word' id='word_1_273' title='bbox 2612 1997 2720 2051; x_wconf 90' lang='lat' dir='ltr'><strong>quo</strong></span> <span class='ocrx_word' id='word_1_274' title='bbox 2747 1983 2884 2036; x_wconf 86' lang='lat' dir='ltr'><strong>Patri</strong></span> <span class='ocrx_word' id='word_1_275' title='bbox 2913 1992 2967 2038; x_wconf 93' lang='lat' dir='ltr'><strong>et</strong></span> <span class='ocrx_word' id='word_1_276' title='bbox 2995 1982 3211 2053; x_wconf 86' lang='lat' dir='ltr'><strong>Spiritui</strong></span> <span class='ocrx_word' id='word_1_277' title='bbox 3243 1995 3426 2041; x_wconf 87' lang='lat' dir='ltr'><strong>sancto</strong></span> <span class='ocrx_word' id='word_1_278' title='bbox 3453 1987 3620 2057; x_wconf 84' lang='lat' dir='ltr'><strong>gloria</strong></span> 
     </span>
    </p>
   </div>
   <div class='ocr_carea' id='block_1_37' title="bbox 2037 2068 3269 2132">
    <p class='ocr_par' dir='ltr' id='par_1_37' title="bbox 2037 2068 3269 2132">
     <span class='ocr_line' id='line_1_38' title="bbox 2037 2068 3269 2132; baseline 0.009 -11"><span class='ocrx_word' id='word_1_279' title='bbox 2037 2079 2090 2121; x_wconf 86' lang='lat' dir='ltr'><strong>et</strong></span> <span class='ocrx_word' id='word_1_280' title='bbox 2115 2068 2364 2127; x_wconf 85' lang='lat' dir='ltr'><strong>adoran</strong></span> <span class='ocrx_word' id='word_1_281' title='bbox 2402 2075 2456 2127; x_wconf 86' lang='lat' dir='ltr'><strong>in</strong></span> <span class='ocrx_word' id='word_1_282' title='bbox 2485 2077 2677 2130; x_wconf 70' lang='lat' dir='ltr'><strong>saecula</strong></span> <span class='ocrx_word' id='word_1_283' title='bbox 2707 2077 3043 2130; x_wconf 81' lang='lat' dir='ltr'><strong>saeculorum.</strong></span> <span class='ocrx_word' id='word_1_284' title='bbox 3078 2079 3269 2132; x_wconf 86' lang='lat' dir='ltr'><strong>Amen.</strong></span> 
     </span>
    </p>
   </div>
   <div class='ocr_carea' id='block_1_38' title="bbox 2230 2329 3591 2364">
    <p class='ocr_par' dir='ltr' id='par_1_38' title="bbox 2230 2329 3591 2364">
     <span class='ocr_line' id='line_1_39' title="bbox 2230 2329 3591 2364; baseline 0.001 -25"><span class='ocrx_word' id='word_1_285' title='bbox 2230 2329 2536 2342; x_wconf 58' lang='lat' dir='ltr'><strong>-————-—v‘——</strong></span> <span class='ocrx_word' id='word_1_286' title='bbox 2543 2330 3591 2364; x_wconf 52' lang='lat' dir='ltr'><strong>*w</strong></span> 
     </span>
     <span class='ocr_line' id='line_1_40' title="bbox 2230 2345 2933 2358; baseline 0.001 -1"><span class='ocrx_word' id='word_1_287' title='bbox 2230 2345 2933 2358; x_wconf 45' lang='grc' dir='ltr'><strong><em>*νη-Ψ</em></strong></span> 
     </span>
    </p>
   </div>
   <div class='ocr_carea' id='block_1_39' title="bbox 1392 2528 2566 2592">
    <p class='ocr_par' dir='ltr' id='par_1_39' title="bbox 1392 2528 2566 2592">
     <span class='ocr_line' id='line_1_41' title="bbox 1392 2528 2566 2592; baseline 0.002 -4"><span class='ocrx_word' id='word_1_288' title='bbox 1392 2528 1472 2588; x_wconf 78' lang='lat' dir='ltr'><strong>IN</strong></span> <span class='ocrx_word' id='word_1_289' title='bbox 1515 2528 1897 2589; x_wconf 84' lang='lat' dir='ltr'><strong>IIOMILIAM</strong></span> <span class='ocrx_word' id='word_1_290' title='bbox 1939 2529 2037 2590; x_wconf 92' lang='lat' dir='ltr'><strong>DE</strong></span> <span class='ocrx_word' id='word_1_291' title='bbox 2079 2531 2566 2592; x_wconf 85' lang='lat' dir='ltr'><strong>ASCENSIONE.</strong></span> 
     </span>
    </p>
   </div>
   <div class='ocr_carea' id='block_1_40' title="bbox 349 2709 3611 2792">
    <p class='ocr_par' dir='ltr' id='par_1_40' title="bbox 349 2709 3611 2792">
     <span class='ocr_line' id='line_1_42' title="bbox 349 2709 3611 2792; baseline 0.003 -29"><span class='ocrx_word' id='word_1_292' title='bbox 349 2709 459 2764; x_wconf 76' lang='lat' dir='ltr'><strong>lata</strong></span> <span class='ocrx_word' id='word_1_293' title='bbox 499 2715 810 2779; x_wconf 73' lang='lat' dir='ltr'><strong>statuerint,</strong></span> <span class='ocrx_word' id='word_1_294' title='bbox 839 2724 897 2768; x_wconf 71' lang='lat' dir='ltr'><strong>ut</strong></span> <span class='ocrx_word' id='word_1_295' title='bbox 927 2724 1083 2769; x_wconf 75' lang='lat' dir='ltr'><strong>extra</strong></span> <span class='ocrx_word' id='word_1_296' title='bbox 1112 2715 1376 2768; x_wconf 76' lang='lat' dir='ltr'><strong>civitatem</strong></span> <span class='ocrx_word' id='word_1_297' title='bbox 1427 2715 1602 2780; x_wconf 80' lang='lat' dir='ltr'><strong>hodie,</strong></span> <span class='ocrx_word' id='word_1_298' title='bbox 1630 2725 1680 2770; x_wconf 78' lang='lat' dir='ltr'><strong>et</strong></span> <span class='ocrx_word' id='word_1_299' title='bbox 1717 2716 1927 2786; x_wconf 79' lang='lat' dir='ltr'><strong>quidem</strong></span> <span class='ocrx_word' id='word_1_300' title='bbox 1956 2717 2010 2770; x_wconf 86' lang='lat' dir='ltr'><strong>in</strong></span> <span class='ocrx_word' id='word_1_301' title='bbox 2042 2715 2138 2770; x_wconf 81' lang='lat' dir='ltr'><strong>hoc</strong></span> <span class='ocrx_word' id='word_1_302' title='bbox 2179 2718 2293 2770; x_wconf 88' lang='lat' dir='ltr'><strong>loco</strong></span> <span class='ocrx_word' id='word_1_303' title='bbox 2315 2718 2726 2772; x_wconf 76' lang='lat' dir='ltr'><strong>conveniremus.</strong></span> <span class='ocrx_word' id='word_1_304' title='bbox 2758 2718 2901 2790; x_wconf 86' lang='lat' dir='ltr'><strong>Ergo</strong></span> <span class='ocrx_word' id='word_1_305' title='bbox 2937 2737 3002 2776; x_wconf 82' lang='lat' dir='ltr'><strong>ex</strong></span> <span class='ocrx_word' id='word_1_306' title='bbox 3035 2721 3138 2776; x_wconf 89' lang='lat' dir='ltr'><strong>lata</strong></span> <span class='ocrx_word' id='word_1_307' title='bbox 3173 2722 3290 2792; x_wconf 85' lang='lat' dir='ltr'><strong>lege</strong></span> <span class='ocrx_word' id='word_1_308' title='bbox 3315 2721 3611 2791; x_wconf 82' lang='lat' dir='ltr'><strong>quotannis</strong></span> 
     </span>
    </p>
   </div>
   <div class='ocr_carea' id='block_1_41' title="bbox 345 2825 3610 2906">
    <p class='ocr_par' dir='ltr' id='par_1_41' title="bbox 345 2825 3610 2906">
     <span class='ocr_line' id='line_1_43' title="bbox 345 2825 3610 2906; baseline 0.004 -27"><span class='ocrx_word' id='word_1_309' title='bbox 345 2837 496 2880; x_wconf 80' lang='lat' dir='ltr'><strong>extra</strong></span> <span class='ocrx_word' id='word_1_310' title='bbox 534 2825 724 2880; x_wconf 88' lang='lat' dir='ltr'><strong>urbem</strong></span> <span class='ocrx_word' id='word_1_311' title='bbox 755 2827 808 2880; x_wconf 93' lang='lat' dir='ltr'><strong>in</strong></span> <span class='ocrx_word' id='word_1_312' title='bbox 833 2828 918 2882; x_wconf 88' lang='lat' dir='ltr'><strong>die</strong></span> <span class='ocrx_word' id='word_1_313' title='bbox 947 2825 1297 2890; x_wconf 85' lang='lat' dir='ltr'><strong>Parasceves,</strong></span> <span class='ocrx_word' id='word_1_314' title='bbox 1324 2827 1391 2882; x_wconf 87' lang='lat' dir='ltr'><strong>de</strong></span> <span class='ocrx_word' id='word_1_315' title='bbox 1416 2844 1528 2899; x_wconf 90' lang='lat' dir='ltr'><strong>quo</strong></span> <span class='ocrx_word' id='word_1_316' title='bbox 1559 2831 1761 2902; x_wconf 87' lang='lat' dir='ltr'><strong>agitur,</strong></span> <span class='ocrx_word' id='word_1_317' title='bbox 1793 2844 1860 2884; x_wconf 91' lang='lat' dir='ltr'><strong>eo</strong></span> <span class='ocrx_word' id='word_1_318' title='bbox 1889 2829 1944 2884; x_wconf 94' lang='lat' dir='ltr'><strong>in</strong></span> <span class='ocrx_word' id='word_1_319' title='bbox 1973 2831 2096 2886; x_wconf 90' lang='lat' dir='ltr'><strong>loco</strong></span> <span class='ocrx_word' id='word_1_320' title='bbox 2155 2839 2457 2888; x_wconf 90' lang='lat' dir='ltr'><strong>conventus</strong></span> <span class='ocrx_word' id='word_1_321' title='bbox 2494 2831 2839 2889; x_wconf 79' lang='lat' dir='ltr'><strong>habebantur</strong></span> <span class='ocrx_word' id='word_1_322' title='bbox 2872 2853 2886 2889; x_wconf 89' lang='lat'><strong>:</strong></span> <span class='ocrx_word' id='word_1_323' title='bbox 2914 2851 3014 2890; x_wconf 88' lang='lat' dir='ltr'><strong>nec</strong></span> <span class='ocrx_word' id='word_1_324' title='bbox 3042 2846 3217 2905; x_wconf 86' lang='lat' dir='ltr'><strong>potest</strong></span> <span class='ocrx_word' id='word_1_325' title='bbox 3243 2837 3516 2906; x_wconf 86' lang='lat' dir='ltr'><strong>quidpiam</strong></span> <span class='ocrx_word' id='word_1_326' title='bbox 3545 2853 3610 2893; x_wconf 78' lang='lat' dir='ltr'><strong>ex</strong></span> 
     </span>
    </p>
   </div>
   <div class='ocr_carea' id='block_1_42' title="bbox 347 2938 1884 3012">
    <p class='ocr_par' dir='ltr' id='par_1_42' title="bbox 347 2938 1884 3012">
     <span class='ocr_line' id='line_1_44' title="bbox 347 2938 1884 3012; baseline 0.001 -19"><span class='ocrx_word' id='word_1_327' title='bbox 347 2954 512 3010; x_wconf 85' lang='lat' dir='ltr'><strong>supra</strong></span> <span class='ocrx_word' id='word_1_328' title='bbox 539 2938 719 2994; x_wconf 85' lang='lat' dir='ltr'><strong>allatis</strong></span> <span class='ocrx_word' id='word_1_329' title='bbox 748 2941 926 2995; x_wconf 87' lang='lat' dir='ltr'><strong>verbis</strong></span> <span class='ocrx_word' id='word_1_330' title='bbox 964 2941 1029 2996; x_wconf 89' lang='lat' dir='ltr'><strong>ad</strong></span> <span class='ocrx_word' id='word_1_331' title='bbox 1053 2958 1257 2997; x_wconf 89' lang='lat' dir='ltr'><strong>annum</strong></span> <span class='ocrx_word' id='word_1_332' title='bbox 1292 2941 1643 2998; x_wconf 88' lang='lat' dir='ltr'><strong>statuendum</strong></span> <span class='ocrx_word' id='word_1_333' title='bbox 1679 2940 1884 3012; x_wconf 91' lang='lat' dir='ltr'><strong>colligi.</strong></span> 
     </span>
    </p>
   </div>
   <div class='ocr_carea' id='block_1_43' title="bbox 413 3079 3614 3155">
    <p class='ocr_par' dir='ltr' id='par_1_43' title="bbox 413 3079 3614 3155">
     <span class='ocr_line' id='line_1_45' title="bbox 413 3079 3614 3155; baseline 0.004 -23"><span class='ocrx_word' id='word_1_334' title='bbox 413 3079 513 3134; x_wconf 92' lang='lat' dir='ltr'><strong>llic</strong></span> <span class='ocrx_word' id='word_1_335' title='bbox 537 3080 692 3136; x_wconf 86' lang='lat' dir='ltr'><strong>vides</strong></span> <span class='ocrx_word' id='word_1_336' title='bbox 723 3096 977 3152; x_wconf 86' lang='lat' dir='ltr'><strong>magnam</strong></span> <span class='ocrx_word' id='word_1_337' title='bbox 1007 3081 1254 3137; x_wconf 82' lang='lat' dir='ltr'><strong>Flaviani</strong></span> <span class='ocrx_word' id='word_1_338' title='bbox 1280 3082 1610 3137; x_wconf 83' lang='lat' dir='ltr'><strong>Antiocheni</strong></span> <span class='ocrx_word' id='word_1_339' title='bbox 1641 3079 1886 3152; x_wconf 88' lang='lat' dir='ltr'><strong>episcopi</strong></span> <span class='ocrx_word' id='word_1_340' title='bbox 1911 3096 2039 3152; x_wconf 83' lang='lat' dir='ltr'><strong>erga</strong></span> <span class='ocrx_word' id='word_1_341' title='bbox 2068 3082 2332 3153; x_wconf 85' lang='lat' dir='ltr'><strong>reliquias</strong></span> <span class='ocrx_word' id='word_1_342' title='bbox 2358 3093 2659 3155; x_wconf 85' lang='lat' dir='ltr'><strong>martyrum</strong></span> <span class='ocrx_word' id='word_1_343' title='bbox 2698 3085 3059 3140; x_wconf 87' lang='lat' dir='ltr'><strong>reverentiam</strong></span> <span class='ocrx_word' id='word_1_344' title='bbox 3095 3099 3111 3139; x_wconf 88' lang='lat'><strong>:</strong></span> <span class='ocrx_word' id='word_1_345' title='bbox 3144 3103 3270 3140; x_wconf 89' lang='lat' dir='ltr'><strong>natn</strong></span> <span class='ocrx_word' id='word_1_346' title='bbox 3305 3104 3429 3142; x_wconf 89' lang='lat' dir='ltr'><strong>cum</strong></span> <span class='ocrx_word' id='word_1_347' title='bbox 3453 3099 3614 3145; x_wconf 81' lang='lat' dir='ltr'><strong>antea</strong></span> 
     </span>
    </p>
   </div>
   <div class='ocr_carea' id='block_1_44' title="bbox 341 3199 3612 3276">
    <p class='ocr_par' dir='ltr' id='par_1_44' title="bbox 341 3199 3612 3276">
     <span class='ocr_line' id='line_1_46' title="bbox 341 3199 3612 3276; baseline 0.002 -20"><span class='ocrx_word' id='word_1_348' title='bbox 341 3201 442 3258; x_wconf 83' lang='lat' dir='ltr'><strong>sub</strong></span> <span class='ocrx_word' id='word_1_349' title='bbox 466 3201 715 3257; x_wconf 67' lang='lat' dir='ltr'><strong>ecclesia:</strong></span> <span class='ocrx_word' id='word_1_350' title='bbox 744 3201 1393 3272; x_wconf 87' lang='lat' dir='ltr'><strong>pavimentojacuissent,</strong></span> <span class='ocrx_word' id='word_1_351' title='bbox 1420 3216 1514 3259; x_wconf 91' lang='lat' dir='ltr'><strong>eas</strong></span> <span class='ocrx_word' id='word_1_352' title='bbox 1540 3200 1672 3256; x_wconf 91' lang='lat' dir='ltr'><strong>hinc</strong></span> <span class='ocrx_word' id='word_1_353' title='bbox 1699 3199 1924 3256; x_wconf 88' lang='lat' dir='ltr'><strong>eductas</strong></span> <span class='ocrx_word' id='word_1_354' title='bbox 1953 3199 2009 3254; x_wconf 92' lang='lat' dir='ltr'><strong>in</strong></span> <span class='ocrx_word' id='word_1_355' title='bbox 2042 3199 2286 3268; x_wconf 88' lang='lat' dir='ltr'><strong>sublimi,</strong></span> <span class='ocrx_word' id='word_1_356' title='bbox 2315 3217 2457 3272; x_wconf 90' lang='lat' dir='ltr'><strong>puro</strong></span> <span class='ocrx_word' id='word_1_357' title='bbox 2495 3202 2809 3272; x_wconf 87' lang='lat' dir='ltr'><strong>mundoque</strong></span> <span class='ocrx_word' id='word_1_358' title='bbox 2837 3202 2958 3258; x_wconf 92' lang='lat' dir='ltr'><strong>loco</strong></span> <span class='ocrx_word' id='word_1_359' title='bbox 2985 3203 3188 3272; x_wconf 84' lang='lat' dir='ltr'><strong>posuit,</strong></span> <span class='ocrx_word' id='word_1_360' title='bbox 3226 3213 3285 3258; x_wconf 92' lang='lat' dir='ltr'><strong>ut</strong></span> <span class='ocrx_word' id='word_1_361' title='bbox 3308 3207 3490 3276; x_wconf 91' lang='lat' dir='ltr'><strong>populi</strong></span> <span class='ocrx_word' id='word_1_362' title='bbox 3517 3223 3612 3262; x_wconf 86' lang='lat' dir='ltr'><strong>ve-</strong></span> 
     </span>
    </p>
   </div>
   <div class='ocr_carea' id='block_1_45' title="bbox 339 3320 908 3391">
    <p class='ocr_par' dir='ltr' id='par_1_45' title="bbox 339 3320 908 3391">
     <span class='ocr_line' id='line_1_47' title="bbox 339 3320 908 3391; baseline -0.002 -16"><span class='ocrx_word' id='word_1_363' title='bbox 339 3320 606 3375; x_wconf 86' lang='lat' dir='ltr'><strong>nerationi</strong></span> <span class='ocrx_word' id='word_1_364' title='bbox 640 3328 908 3391; x_wconf 81' lang='lat' dir='ltr'><strong>paterent.</strong></span> 
     </span>
    </p>
   </div>
   <div class='ocr_carea' id='block_1_46' title="bbox 408 3455 3370 3529">
    <p class='ocr_par' dir='ltr' id='par_1_46' title="bbox 408 3455 3370 3529">
     <span class='ocr_line' id='line_1_48' title="bbox 408 3455 3370 3529; baseline -0.001 -15"><span class='ocrx_word' id='word_1_365' title='bbox 408 3459 920 3529; x_wconf 72' lang='lat' dir='ltr'><strong>[interpretationem</strong></span> <span class='ocrx_word' id='word_1_366' title='bbox 949 3459 1176 3516; x_wconf 88' lang='lat' dir='ltr'><strong>Gerardi</strong></span> <span class='ocrx_word' id='word_1_367' title='bbox 1212 3458 1415 3527; x_wconf 79' lang='lat' dir='ltr'><strong>Vossii,</strong></span> <span class='ocrx_word' id='word_1_368' title='bbox 1442 3459 1632 3514; x_wconf 89' lang='lat' dir='ltr'><strong>multis</strong></span> <span class='ocrx_word' id='word_1_369' title='bbox 1655 3458 1708 3512; x_wconf 93' lang='lat' dir='ltr'><strong>in</strong></span> <span class='ocrx_word' id='word_1_370' title='bbox 1743 3458 1881 3514; x_wconf 90' lang='lat' dir='ltr'><strong>locis</strong></span> <span class='ocrx_word' id='word_1_371' title='bbox 1913 3456 2284 3522; x_wconf 87' lang='lat' dir='ltr'><strong>emendatam,</strong></span> <span class='ocrx_word' id='word_1_372' title='bbox 2323 3471 2354 3511; x_wconf 90' lang='lat' dir='ltr'><strong>e</strong></span> <span class='ocrx_word' id='word_1_373' title='bbox 2381 3456 2608 3526; x_wconf 82' lang='lat' dir='ltr'><strong>regione</strong></span> <span class='ocrx_word' id='word_1_374' title='bbox 2645 3455 2822 3511; x_wconf 68' lang='grc' dir='ltr'>αι’πεί</span> <span class='ocrx_word' id='word_1_375' title='bbox 2854 3464 3040 3512; x_wconf 75' lang='lat' dir='ltr'><strong>textus</strong></span> <span class='ocrx_word' id='word_1_376' title='bbox 3065 3459 3370 3524; x_wconf 81' lang='lat' dir='ltr'><strong>posuimus.</strong></span> 
     </span>
    </p>
   </div>
   <div class='ocr_carea' id='block_1_47' title="bbox 345 4019 3619 4074">
    <p class='ocr_par' dir='ltr' id='par_1_47' title="bbox 345 4019 3619 4074">
     <span class='ocr_line' id='line_1_49' title="bbox 345 4019 3619 4074; baseline 0 -11"><span class='ocrx_word' id='word_1_377' title='bbox 345 4022 406 4064; x_wconf 72' lang='lat' dir='ltr'><strong>IN</strong></span> <span class='ocrx_word' id='word_1_378' title='bbox 457 4021 878 4065; x_wconf 71' lang='lat' dir='ltr'><strong>ASCENSIONEM</strong></span> <span class='ocrx_word' id='word_1_379' title='bbox 921 4019 1150 4062; x_wconf 74' lang='lat' dir='ltr'><strong>DOMINI</strong></span> <span class='ocrx_word' id='word_1_380' title='bbox 1193 4019 1419 4062; x_wconf 78' lang='lat' dir='ltr'><strong>NOSTRI</strong></span> <span class='ocrx_word' id='word_1_381' title='bbox 1447 4019 1593 4061; x_wconf 84' lang='lat' dir='ltr'><strong>JESU</strong></span> <span class='ocrx_word' id='word_1_382' title='bbox 1637 4019 1911 4073; x_wconf 73' lang='lat' dir='ltr'><strong>CHRISTI,</strong></span> <span class='ocrx_word' id='word_1_383' title='bbox 1958 4019 2167 4063; x_wconf 70' lang='lat' dir='ltr'><strong>SERMO</strong></span> <span class='ocrx_word' id='word_1_384' title='bbox 2210 4020 2560 4064; x_wconf 75' lang='lat' dir='ltr'><strong>RECITATUS</strong></span> <span class='ocrx_word' id='word_1_385' title='bbox 2604 4022 2668 4064; x_wconf 81' lang='lat' dir='ltr'><strong>IN</strong></span> <span class='ocrx_word' id='word_1_386' title='bbox 2713 4021 3041 4065; x_wconf 72' lang='lat' dir='ltr'><strong>MARTYRIO</strong></span> <span class='ocrx_word' id='word_1_387' title='bbox 3071 4021 3468 4074; x_wconf 64' lang='lat' dir='ltr'><strong>ROMANISUE,</strong></span> <span class='ocrx_word' id='word_1_388' title='bbox 3517 4022 3619 4063; x_wconf 85' lang='lat' dir='ltr'><strong>UBI</strong></span> 
     </span>
    </p>
   </div>
   <div class='ocr_carea' id='block_1_48' title="bbox 423 4119 3621 4178">
    <p class='ocr_par' dir='ltr' id='par_1_48' title="bbox 423 4119 3621 4178">
     <span class='ocr_line' id='line_1_50' title="bbox 423 4119 3621 4178; baseline -0 -12"><span class='ocrx_word' id='word_1_389' title='bbox 423 4123 782 4166; x_wconf 67' lang='lat' dir='ltr'><strong>MABTYBUM</strong></span> <span class='ocrx_word' id='word_1_390' title='bbox 835 4121 1146 4172; x_wconf 73' lang='lat' dir='ltr'><strong>CORPORA,</strong></span> <span class='ocrx_word' id='word_1_391' title='bbox 1219 4120 1335 4161; x_wconf 86' lang='lat' dir='ltr'><strong>SUB</strong></span> <span class='ocrx_word' id='word_1_392' title='bbox 1393 4119 1760 4162; x_wconf 67' lang='lat' dir='ltr'><strong>PAV’IMENTO</strong></span> <span class='ocrx_word' id='word_1_393' title='bbox 1821 4119 2023 4163; x_wconf 77' lang='lat' dir='ltr'><strong>PROPE</strong></span> <span class='ocrx_word' id='word_1_394' title='bbox 2093 4121 2436 4164; x_wconf 77' lang='lat' dir='ltr'><strong>CADAVEBA</strong></span> <span class='ocrx_word' id='word_1_395' title='bbox 2497 4121 2975 4165; x_wconf 70' lang='lat' dir='ltr'><strong>HERETICORUM</strong></span> <span class='ocrx_word' id='word_1_396' title='bbox 3025 4121 3315 4178; x_wconf 68' lang='grc' dir='ltr'><strong>εωωΤΑ,</strong></span> <span class='ocrx_word' id='word_1_397' title='bbox 3385 4123 3621 4165; x_wconf 70' lang='lat' dir='ltr'><strong>ABLATA</strong></span> 
     </span>
    </p>
   </div>
   <div class='ocr_carea' id='block_1_49' title="bbox 424 4207 2268 4280">
    <p class='ocr_par' dir='ltr' id='par_1_49' title="bbox 424 4207 2268 4280">
     <span class='ocr_line' id='line_1_51' title="bbox 424 4207 2268 4280; baseline -0.003 -10"><span class='ocrx_word' id='word_1_398' title='bbox 424 4226 746 4280; x_wconf 76' lang='lat' dir='ltr'><strong>FUERUNT,</strong></span> <span class='ocrx_word' id='word_1_399' title='bbox 781 4225 862 4265; x_wconf 84' lang='lat' dir='ltr'><strong>ET</strong></span> <span class='ocrx_word' id='word_1_400' title='bbox 905 4223 1206 4265; x_wconf 75' lang='lat' dir='ltr'><strong>EDITIORE</strong></span> <span class='ocrx_word' id='word_1_401' title='bbox 1249 4221 1404 4264; x_wconf 86' lang='lat' dir='ltr'><strong>LOCO</strong></span> <span class='ocrx_word' id='word_1_402' title='bbox 1449 4221 1806 4263; x_wconf 76' lang='lat' dir='ltr'><strong>SEPARATIM</strong></span> <span class='ocrx_word' id='word_1_403' title='bbox 1853 4221 2128 4264; x_wconf 78' lang='lat' dir='ltr'><strong>SEPULTA</strong></span> <span class='ocrx_word' id='word_1_404' title='bbox 2171 4207 2268 4280; x_wconf 81' lang='grc' dir='ltr'><strong>(α).</strong></span> 
     </span>
    </p>
   </div>
   <div class='ocr_carea' id='block_1_50' title="bbox 1653 4388 1882 4402">
    <p class='ocr_par' dir='ltr' id='par_1_50' title="bbox 1653 4388 1882 4402">
     <span class='ocr_line' id='line_1_52' title="bbox 1653 4388 1882 4402; baseline 0 -2"><span class='ocrx_word' id='word_1_405' title='bbox 1653 4388 1882 4402; x_wconf 55' lang='lat'><strong>~—</strong></span> 
     </span>
    </p>
   </div>
   <div class='ocr_carea' id='block_1_51' title="bbox 422 4479 1930 4540">
    <p class='ocr_par' dir='ltr' id='par_1_51' title="bbox 422 4479 1930 4540">
     <span class='ocr_line' id='line_1_53' title="bbox 422 4479 1930 4540; baseline -0.001 -2"><span class='ocrx_word' id='word_1_406' title='bbox 422 4489 474 4540; x_wconf 81' lang='grc'><strong>1.</strong></span> <span class='ocrx_word' id='word_1_407' title='bbox 499 4483 600 4538; x_wconf 84' lang='lat' dir='ltr'><strong>Cnr</strong></span> <span class='ocrx_word' id='word_1_408' title='bbox 627 4494 768 4537; x_wconf 78' lang='lat' dir='ltr'><strong>extra</strong></span> <span class='ocrx_word' id='word_1_409' title='bbox 812 4482 1059 4536; x_wconf 77' lang='lat' dir='ltr'><strong>civitatem</strong></span> <span class='ocrx_word' id='word_1_410' title='bbox 1089 4491 1359 4534; x_wconf 83' lang='lat' dir='ltr'><strong>conventus</strong></span> <span class='ocrx_word' id='word_1_411' title='bbox 1398 4479 1615 4534; x_wconf 78' lang='lat' dir='ltr'><strong>habitus.</strong></span> <span class='ocrx_word' id='word_1_412' title='bbox 1650 4511 1721 4521; x_wconf 92' lang='lat'><strong>—-—</strong></span> <span class='ocrx_word' id='word_1_413' title='bbox 1757 4483 1930 4538; x_wconf 85' lang='lat' dir='ltr'><strong>Etiam</strong></span> 
     </span>
    </p>
   </div>
   <div class='ocr_carea' id='block_1_52' title="bbox 351 4571 1932 4642">
    <p class='ocr_par' dir='ltr' id='par_1_52' title="bbox 351 4571 1932 4642">
     <span class='ocr_line' id='line_1_54' title="bbox 351 4571 1932 4642; baseline -0.003 -11"><span class='ocrx_word' id='word_1_414' title='bbox 351 4593 474 4631; x_wconf 86' lang='lat' dir='ltr'><strong>cum</strong></span> <span class='ocrx_word' id='word_1_415' title='bbox 501 4576 674 4630; x_wconf 82' lang='lat' dir='ltr'><strong>crucis</strong></span> <span class='ocrx_word' id='word_1_416' title='bbox 699 4573 1008 4628; x_wconf 85' lang='lat' dir='ltr'><strong>memoriam</strong></span> <span class='ocrx_word' id='word_1_417' title='bbox 1039 4571 1365 4625; x_wconf 89' lang='lat' dir='ltr'><strong>recoluimus</strong></span> <span class='ocrx_word' id='word_1_418' title='bbox 1384 4612 1397 4635; x_wconf 92' lang='lat'><strong>,</strong></span> <span class='ocrx_word' id='word_1_419' title='bbox 1428 4581 1574 4624; x_wconf 82' lang='lat' dir='ltr'><strong>extra</strong></span> <span class='ocrx_word' id='word_1_420' title='bbox 1604 4571 1787 4626; x_wconf 85' lang='lat' dir='ltr'><strong>urbem</strong></span> <span class='ocrx_word' id='word_1_421' title='bbox 1817 4574 1932 4642; x_wconf 86' lang='lat' dir='ltr'><strong>ejus</strong></span> 
     </span>
    </p>
   </div>
   <div class='ocr_carea' id='block_1_53' title="bbox 354 4663 1934 4732">
    <p class='ocr_par' dir='ltr' id='par_1_53' title="bbox 354 4663 1934 4732">
     <span class='ocr_line' id='line_1_55' title="bbox 354 4663 1934 4732; baseline -0.003 -9"><span class='ocrx_word' id='word_1_422' title='bbox 354 4669 744 4723; x_wconf 80' lang='lat' dir='ltr'><strong>solemnitatem</strong></span> <span class='ocrx_word' id='word_1_423' title='bbox 792 4665 1177 4720; x_wconf 86' lang='lat' dir='ltr'><strong>celebravimus</strong></span> <span class='ocrx_word' id='word_1_424' title='bbox 1205 4681 1218 4716; x_wconf 90' lang='lat'><strong>:</strong></span> <span class='ocrx_word' id='word_1_425' title='bbox 1250 4672 1303 4718; x_wconf 92' lang='lat' dir='ltr'><strong>et</strong></span> <span class='ocrx_word' id='word_1_426' title='bbox 1345 4677 1484 4717; x_wconf 90' lang='lat' dir='ltr'><strong>nunc</strong></span> <span class='ocrx_word' id='word_1_427' title='bbox 1511 4663 1722 4732; x_wconf 87' lang='lat' dir='ltr'><strong>quando</strong></span> <span class='ocrx_word' id='word_1_428' title='bbox 1760 4665 1934 4719; x_wconf 77' lang='lat' dir='ltr'><strong>cruri-</strong></span> 
     </span>
    </p>
   </div>
   <div class='ocr_carea' id='block_1_54' title="bbox 354 4752 1935 4825">
    <p class='ocr_par' dir='ltr' id='par_1_54' title="bbox 354 4752 1935 4825">
     <span class='ocr_line' id='line_1_56' title="bbox 354 4752 1935 4825; baseline -0.001 -12"><span class='ocrx_word' id='word_1_429' title='bbox 354 4759 827 4814; x_wconf 77' lang='lat' dir='ltr'><strong>tixiascensionem</strong></span> <span class='ocrx_word' id='word_1_430' title='bbox 855 4757 1080 4825; x_wconf 85' lang='lat' dir='ltr'><strong>agimus,</strong></span> <span class='ocrx_word' id='word_1_431' title='bbox 1113 4754 1368 4808; x_wconf 89' lang='lat' dir='ltr'><strong>illustrem</strong></span> <span class='ocrx_word' id='word_1_432' title='bbox 1413 4752 1551 4807; x_wconf 90' lang='lat' dir='ltr'><strong>hunc</strong></span> <span class='ocrx_word' id='word_1_433' title='bbox 1578 4764 1738 4822; x_wconf 89' lang='lat' dir='ltr'><strong>atque</strong></span> <span class='ocrx_word' id='word_1_434' title='bbox 1773 4755 1935 4811; x_wconf 79' lang='lat' dir='ltr'><strong>reful-</strong></span> 
     </span>
    </p>
   </div>
   <div class='ocr_carea' id='block_1_55' title="bbox 351 4841 1935 4919">
    <p class='ocr_par' dir='ltr' id='par_1_55' title="bbox 351 4841 1935 4919">
     <span class='ocr_line' id='line_1_57' title="bbox 351 4841 1935 4919; baseline -0.004 -15"><span class='ocrx_word' id='word_1_435' title='bbox 351 4859 562 4919; x_wconf 86' lang='lat' dir='ltr'><strong>gentem</strong></span> <span class='ocrx_word' id='word_1_436' title='bbox 611 4848 774 4912; x_wconf 90' lang='lat' dir='ltr'><strong>diem,</strong></span> <span class='ocrx_word' id='word_1_437' title='bbox 821 4857 970 4900; x_wconf 83' lang='lat' dir='ltr'><strong>extra</strong></span> <span class='ocrx_word' id='word_1_438' title='bbox 1001 4845 1265 4900; x_wconf 89' lang='lat' dir='ltr'><strong>civitatem</strong></span> <span class='ocrx_word' id='word_1_439' title='bbox 1293 4858 1476 4898; x_wconf 91' lang='lat' dir='ltr'><strong>rursus</strong></span> <span class='ocrx_word' id='word_1_440' title='bbox 1513 4841 1703 4896; x_wconf 86' lang='lat' dir='ltr'><strong>festum</strong></span> <span class='ocrx_word' id='word_1_441' title='bbox 1731 4845 1935 4914; x_wconf 56' lang='lat' dir='ltr'><strong>peragio</strong></span> 
     </span>
    </p>
   </div>
   <div class='ocr_carea' id='block_1_56' title="bbox 414 4975 1937 5042">
    <p class='ocr_par' dir='ltr' id='par_1_56' title="bbox 414 4975 1937 5042">
     <span class='ocr_line' id='line_1_58' title="bbox 414 4975 1937 5042; baseline -0.001 -15"><span class='ocrx_word' id='word_1_442' title='bbox 414 4981 488 5042; x_wconf 78' lang='grc' dir='ltr'><strong>(α)</strong></span> <span class='ocrx_word' id='word_1_443' title='bbox 520 4977 703 5042; x_wconf 65' lang='lat' dir='ltr'><strong>foliata</strong></span> <span class='ocrx_word' id='word_1_444' title='bbox 722 4991 836 5042; x_wconf 82' lang='lat' dir='ltr'><strong>cum</strong></span> <span class='ocrx_word' id='word_1_445' title='bbox 860 4985 964 5042; x_wconf 70' lang='lat' dir='ltr'><strong>Mss.</strong></span> <span class='ocrx_word' id='word_1_446' title='bbox 988 4977 1147 5042; x_wconf 72' lang='lat' dir='ltr'><strong>Regiis</strong></span> <span class='ocrx_word' id='word_1_447' title='bbox 1162 4976 1326 5042; x_wconf 28' lang='lat' dir='ltr'><strong>A1970,</strong></span> <span class='ocrx_word' id='word_1_448' title='bbox 1345 4975 1486 5042; x_wconf 71' lang='lat'><strong>2927,</strong></span> <span class='ocrx_word' id='word_1_449' title='bbox 1513 4982 1562 5024; x_wconf 87' lang='lat' dir='ltr'><strong>et</strong></span> <span class='ocrx_word' id='word_1_450' title='bbox 1583 4975 1726 5042; x_wconf 69' lang='lat'><strong>2424,</strong></span> <span class='ocrx_word' id='word_1_451' title='bbox 1752 4982 1803 5024; x_wconf 90' lang='lat' dir='ltr'><strong>et</strong></span> <span class='ocrx_word' id='word_1_452' title='bbox 1827 4990 1937 5042; x_wconf 83' lang='lat' dir='ltr'><strong>cum</strong></span> 
     </span>
    </p>
   </div>
   <div class='ocr_carea' id='block_1_57' title="bbox 353 5036 1939 5100">
    <p class='ocr_par' dir='ltr' id='par_1_57' title="bbox 353 5036 1939 5100">
     <span class='ocr_line' id='line_1_59' title="bbox 353 5036 1939 5100; baseline -0.004 -9"><span class='ocrx_word' id='word_1_453' title='bbox 353 5036 628 5091; x_wconf 47' lang='lat' dir='ltr'><strong>Col&#39;bertino</strong></span> <span class='ocrx_word' id='word_1_454' title='bbox 649 5040 788 5088; x_wconf 70' lang='grc'><strong>2445.</strong></span> <span class='ocrx_word' id='word_1_455' title='bbox 837 5041 1014 5100; x_wconf 75' lang='lat' dir='ltr'><strong>Regius</strong></span> <span class='ocrx_word' id='word_1_456' title='bbox 1054 5036 1196 5100; x_wconf 70' lang='lat'><strong>2424,</strong></span> <span class='ocrx_word' id='word_1_457' title='bbox 1223 5039 1269 5086; x_wconf 93' lang='lat' dir='ltr'><strong>in</strong></span> <span class='ocrx_word' id='word_1_458' title='bbox 1295 5037 1450 5094; x_wconf 84' lang='lat' dir='ltr'><strong>titulo,</strong></span> <span class='ocrx_word' id='word_1_459' title='bbox 1477 5036 1767 5100; x_wconf 69' lang='lat' dir='ltr'><strong>Romanesia;</strong></span> <span class='ocrx_word' id='word_1_460' title='bbox 1785 5075 1798 5096; x_wconf 93' lang='lat'><strong>,</strong></span> <span class='ocrx_word' id='word_1_461' title='bbox 1826 5038 1939 5100; x_wconf 81' lang='lat' dir='ltr'><strong>etin</strong></span> 
     </span>
    </p>
   </div>
   <div class='ocr_carea' id='block_1_58' title="bbox 355 5097 1937 5165">
    <p class='ocr_par' dir='ltr' id='par_1_58' title="bbox 355 5097 1937 5165">
     <span class='ocr_line' id='line_1_60' title="bbox 355 5097 1937 5165; baseline -0.003 -13"><span class='ocrx_word' id='word_1_462' title='bbox 355 5110 626 5165; x_wconf 75' lang='lat' dir='ltr'><strong>martyrum</strong></span> <span class='ocrx_word' id='word_1_463' title='bbox 662 5114 869 5165; x_wconf 65' lang='lat' dir='ltr'><strong>corpora</strong></span> <span class='ocrx_word' id='word_1_464' title='bbox 891 5097 992 5165; x_wconf 54' lang='lat' dir='ltr'><strong>sua</strong></span> <span class='ocrx_word' id='word_1_465' title='bbox 1008 5098 1280 5165; x_wconf 69' lang='lat' dir='ltr'><strong>pavimento</strong></span> <span class='ocrx_word' id='word_1_466' title='bbox 1309 5112 1458 5162; x_wconf 81' lang='lat' dir='ltr'><strong>prope</strong></span> <span class='ocrx_word' id='word_1_467' title='bbox 1483 5099 1722 5165; x_wconf 73' lang='lat' dir='ltr'><strong>cadavera</strong></span> <span class='ocrx_word' id='word_1_468' title='bbox 1743 5097 1937 5165; x_wconf 63' lang='lat' dir='ltr'><strong>literati-</strong></span> 
     </span>
    </p>
   </div>
   <div class='ocr_carea' id='block_1_59' title="bbox 357 5160 1940 5230">
    <p class='ocr_par' dir='ltr' id='par_1_59' title="bbox 357 5160 1940 5230">
     <span class='ocr_line' id='line_1_61' title="bbox 357 5160 1940 5230; baseline -0.001 -18"><span class='ocrx_word' id='word_1_469' title='bbox 357 5160 523 5214; x_wconf 77' lang='lat' dir='ltr'><strong>eorum</strong></span> <span class='ocrx_word' id='word_1_470' title='bbox 545 5160 758 5230; x_wconf 64' lang='lat' dir='ltr'><strong>condita,</strong></span> <span class='ocrx_word' id='word_1_471' title='bbox 781 5174 891 5230; x_wconf 69' lang='lat' dir='ltr'><strong>qua:</strong></span> <span class='ocrx_word' id='word_1_472' title='bbox 913 5160 1074 5230; x_wconf 76' lang='lat' dir='ltr'><strong>ablata</strong></span> <span class='ocrx_word' id='word_1_473' title='bbox 1097 5162 1288 5230; x_wconf 74' lang='lat' dir='ltr'><strong>ruerunt</strong></span> <span class='ocrx_word' id='word_1_474' title='bbox 1306 5160 1636 5230; x_wconf 34' lang='lat' dir='ltr'><strong>etheparatim</strong></span> <span class='ocrx_word' id='word_1_475' title='bbox 1666 5161 1870 5230; x_wconf 76' lang='lat' dir='ltr'><strong>sepulta,</strong></span> <span class='ocrx_word' id='word_1_476' title='bbox 1893 5167 1940 5210; x_wconf 88' lang='lat' dir='ltr'><strong>et</strong></span> 
     </span>
    </p>
   </div>
   <div class='ocr_carea' id='block_1_60' title="bbox 357 5221 1939 5284">
    <p class='ocr_par' dir='ltr' id='par_1_60' title="bbox 357 5221 1939 5284">
     <span class='ocr_line' id='line_1_62' title="bbox 357 5221 1939 5284; baseline -0.004 -9"><span class='ocrx_word' id='word_1_477' title='bbox 357 5227 592 5284; x_wconf 84' lang='lat' dir='ltr'><strong>quomodo</strong></span> <span class='ocrx_word' id='word_1_478' title='bbox 613 5221 957 5284; x_wconf 72' lang='lat' dir='ltr'><strong>explicandum</strong></span> <span class='ocrx_word' id='word_1_479' title='bbox 973 5221 1171 5273; x_wconf 79' lang='lat' dir='ltr'><strong>verbum</strong></span> <span class='ocrx_word' id='word_1_480' title='bbox 1200 5221 1377 5284; x_wconf 75' lang='lat' dir='ltr'><strong>Christi</strong></span> <span class='ocrx_word' id='word_1_481' title='bbox 1401 5221 1566 5271; x_wconf 78' lang='lat' dir='ltr'><strong>dicens</strong></span> <span class='ocrx_word' id='word_1_482' title='bbox 1595 5234 1612 5270; x_wconf 95' lang='lat'><em>:</em></span> <span class='ocrx_word' id='word_1_483' title='bbox 1646 5239 1668 5266; x_wconf 70' lang='grc' dir='ltr'><strong>α</strong></span> <span class='ocrx_word' id='word_1_484' title='bbox 1697 5221 1939 5270; x_wconf 79' lang='lat' dir='ltr'><strong>Invenien-</strong></span> 
     </span>
    </p>
   </div>
   <div class='ocr_carea' id='block_1_61' title="bbox 358 5282 1938 5345">
    <p class='ocr_par' dir='ltr' id='par_1_61' title="bbox 358 5282 1938 5345">
     <span class='ocr_line' id='line_1_63' title="bbox 358 5282 1938 5345; baseline -0.003 -11"><span class='ocrx_word' id='word_1_485' title='bbox 358 5282 436 5334; x_wconf 80' lang='lat' dir='ltr'><strong>tur</strong></span> <span class='ocrx_word' id='word_1_486' title='bbox 461 5286 572 5337; x_wconf 74' lang='lat' dir='ltr'><strong>dua:</strong></span> <span class='ocrx_word' id='word_1_487' title='bbox 595 5282 822 5336; x_wconf 72' lang='lat' dir='ltr'><strong>metentes</strong></span> <span class='ocrx_word' id='word_1_488' title='bbox 841 5284 1049 5334; x_wconf 80' lang='lat' dir='ltr'><strong>inmota.</strong></span> <span class='ocrx_word' id='word_1_489' title='bbox 1077 5299 1099 5328; x_wconf 69' lang='grc' dir='ltr'><strong>ι</strong></span> <span class='ocrx_word' id='word_1_490' title='bbox 1128 5285 1170 5333; x_wconf 84' lang='lat' dir='ltr'><strong>si</strong></span> <span class='ocrx_word' id='word_1_491' title='bbox 1194 5284 1325 5345; x_wconf 76' lang='lat' dir='ltr'><strong>Regii</strong></span> <span class='ocrx_word' id='word_1_492' title='bbox 1360 5282 1506 5332; x_wconf 82' lang='lat' dir='ltr'><strong>lectio</strong></span> <span class='ocrx_word' id='word_1_493' title='bbox 1527 5296 1644 5332; x_wconf 86' lang='lat' dir='ltr'><strong>vera</strong></span> <span class='ocrx_word' id='word_1_494' title='bbox 1665 5289 1817 5340; x_wconf 85' lang='lat' dir='ltr'><strong>esset,</strong></span> <span class='ocrx_word' id='word_1_495' title='bbox 1843 5296 1938 5345; x_wconf 90' lang='lat' dir='ltr'><strong>non</strong></span> 
     </span>
    </p>
   </div>
   <div class='ocr_carea' id='block_1_62' title="bbox 359 5344 1942 5411">
    <p class='ocr_par' dir='ltr' id='par_1_62' title="bbox 359 5344 1942 5411">
     <span class='ocr_line' id='line_1_64' title="bbox 359 5344 1942 5411; baseline -0.001 -17"><span class='ocrx_word' id='word_1_496' title='bbox 359 5356 613 5411; x_wconf 82' lang='lat' dir='ltr'><strong>martyrum</strong></span> <span class='ocrx_word' id='word_1_497' title='bbox 632 5359 828 5407; x_wconf 82' lang='lat' dir='ltr'><strong>corpora</strong></span> <span class='ocrx_word' id='word_1_498' title='bbox 845 5346 1089 5411; x_wconf 77' lang='lat' dir='ltr'><strong>locornota</strong></span> <span class='ocrx_word' id='word_1_499' title='bbox 1107 5345 1259 5411; x_wconf 72' lang='lat' dir='ltr'><strong>fuisse</strong></span> <span class='ocrx_word' id='word_1_500' title='bbox 1268 5344 1565 5411; x_wconf 61' lang='lat' dir='ltr'><strong>vida-cntum</strong></span> <span class='ocrx_word' id='word_1_501' title='bbox 1584 5345 1672 5393; x_wconf 91' lang='lat' dir='ltr'><strong>sed</strong></span> <span class='ocrx_word' id='word_1_502' title='bbox 1687 5344 1942 5411; x_wconf 62' lang='lat' dir='ltr'><strong>haeretico-</strong></span> 
     </span>
    </p>
   </div>
   <div class='ocr_carea' id='block_1_63' title="bbox 361 5404 1939 5471">
    <p class='ocr_par' dir='ltr' id='par_1_63' title="bbox 361 5404 1939 5471">
     <span class='ocr_line' id='line_1_65' title="bbox 361 5404 1939 5471; baseline -0.002 -16"><span class='ocrx_word' id='word_1_503' title='bbox 361 5404 497 5456; x_wconf 52' lang='lat' dir='ltr'><strong>rum:</strong></span> <span class='ocrx_word' id='word_1_504' title='bbox 512 5418 566 5460; x_wconf 82' lang='lat' dir='ltr'><strong>At</strong></span> <span class='ocrx_word' id='word_1_505' title='bbox 597 5404 794 5471; x_wconf 61' lang='lat' dir='ltr'><strong>prestat.</strong></span> <span class='ocrx_word' id='word_1_506' title='bbox 827 5409 977 5457; x_wconf 81' lang='lat' dir='ltr'><strong>\‘ossii</strong></span> <span class='ocrx_word' id='word_1_507' title='bbox 1017 5416 1069 5457; x_wconf 86' lang='lat' dir='ltr'><strong>et</strong></span> <span class='ocrx_word' id='word_1_508' title='bbox 1108 5407 1263 5456; x_wconf 79' lang='lat' dir='ltr'><strong>Savilii</strong></span> <span class='ocrx_word' id='word_1_509' title='bbox 1307 5405 1455 5471; x_wconf 77' lang='lat' dir='ltr'><strong>lectio</strong></span> <span class='ocrx_word' id='word_1_510' title='bbox 1480 5420 1491 5453; x_wconf 92' lang='lat'><strong>:</strong></span> <span class='ocrx_word' id='word_1_511' title='bbox 1520 5420 1613 5454; x_wconf 90' lang='lat' dir='ltr'><strong>non</strong></span> <span class='ocrx_word' id='word_1_512' title='bbox 1630 5404 1787 5471; x_wconf 82' lang='lat' dir='ltr'><strong>solum</strong></span> <span class='ocrx_word' id='word_1_513' title='bbox 1810 5406 1939 5471; x_wconf 82' lang='lat' dir='ltr'><strong>enim</strong></span> 
     </span>
    </p>
   </div>
   <div class='ocr_carea' id='block_1_64' title="bbox 362 5467 1940 5532">
    <p class='ocr_par' dir='ltr' id='par_1_64' title="bbox 362 5467 1940 5532">
     <span class='ocr_line' id='line_1_66' title="bbox 362 5467 1940 5532; baseline -0.002 -15"><span class='ocrx_word' id='word_1_514' title='bbox 362 5471 472 5530; x_wconf 74' lang='lat' dir='ltr'><strong>quia</strong></span> <span class='ocrx_word' id='word_1_515' title='bbox 495 5467 644 5532; x_wconf 80' lang='lat' dir='ltr'><strong>prope</strong></span> <span class='ocrx_word' id='word_1_516' title='bbox 669 5471 1004 5518; x_wconf 80' lang='lat' dir='ltr'><strong>haereticorum</strong></span> <span class='ocrx_word' id='word_1_517' title='bbox 1039 5481 1257 5532; x_wconf 80' lang='lat' dir='ltr'><strong>corpora,</strong></span> <span class='ocrx_word' id='word_1_518' title='bbox 1279 5467 1368 5518; x_wconf 87' lang='lat' dir='ltr'><strong>sed</strong></span> <span class='ocrx_word' id='word_1_519' title='bbox 1393 5469 1537 5532; x_wconf 78' lang='lat' dir='ltr'><strong>etiam</strong></span> <span class='ocrx_word' id='word_1_520' title='bbox 1561 5467 1673 5532; x_wconf 86' lang='lat' dir='ltr'><strong>quia</strong></span> <span class='ocrx_word' id='word_1_521' title='bbox 1694 5467 1787 5532; x_wconf 71' lang='lat' dir='ltr'><strong>sub</strong></span> <span class='ocrx_word' id='word_1_522' title='bbox 1810 5467 1940 5532; x_wconf 80' lang='lat' dir='ltr'><strong>pavi-</strong></span> 
     </span>
    </p>
   </div>
   <div class='ocr_carea' id='block_1_65' title="bbox 362 5527 1940 5593">
    <p class='ocr_par' dir='ltr' id='par_1_65' title="bbox 362 5527 1940 5593">
     <span class='ocr_line' id='line_1_67' title="bbox 362 5527 1940 5593; baseline -0.001 -15"><span class='ocrx_word' id='word_1_523' title='bbox 362 5527 526 5593; x_wconf 74' lang='lat' dir='ltr'><strong>mento</strong></span> <span class='ocrx_word' id='word_1_524' title='bbox 550 5527 690 5581; x_wconf 82' lang='lat' dir='ltr'><strong>erant</strong></span> <span class='ocrx_word' id='word_1_525' title='bbox 711 5538 970 5593; x_wconf 79' lang='lat' dir='ltr'><strong>martyrum</strong></span> <span class='ocrx_word' id='word_1_526' title='bbox 1001 5527 1239 5593; x_wconf 59' lang='lat' dir='ltr'><strong>reliquias,</strong></span> <span class='ocrx_word' id='word_1_527' title='bbox 1260 5527 1502 5593; x_wconf 71' lang='lat' dir='ltr'><strong>translatas</strong></span> <span class='ocrx_word' id='word_1_528' title='bbox 1521 5527 1639 5593; x_wconf 77' lang='lat' dir='ltr'><strong>etin</strong></span> <span class='ocrx_word' id='word_1_529' title='bbox 1661 5527 1940 5593; x_wconf 76' lang='lat' dir='ltr'><strong>sublimiore</strong></span> 
     </span>
    </p>
   </div>
   <div class='ocr_carea' id='block_1_66' title="bbox 363 5589 1938 5654">
    <p class='ocr_par' dir='ltr' id='par_1_66' title="bbox 363 5589 1938 5654">
     <span class='ocr_line' id='line_1_68' title="bbox 363 5589 1938 5654; baseline -0.003 -15"><span class='ocrx_word' id='word_1_530' title='bbox 363 5601 410 5640; x_wconf 87' lang='lat' dir='ltr'><strong>et</strong></span> <span class='ocrx_word' id='word_1_531' title='bbox 435 5592 714 5654; x_wconf 84' lang='lat' dir='ltr'><strong>honestiore</strong></span> <span class='ocrx_word' id='word_1_532' title='bbox 736 5589 849 5641; x_wconf 76' lang='lat' dir='ltr'><strong>loco</strong></span> <span class='ocrx_word' id='word_1_533' title='bbox 864 5594 1030 5654; x_wconf 71' lang='lat' dir='ltr'><strong>posita:</strong></span> <span class='ocrx_word' id='word_1_534' title='bbox 1061 5589 1283 5650; x_wconf 76' lang='lat' dir='ltr'><strong>fuerunt;</strong></span> <span class='ocrx_word' id='word_1_535' title='bbox 1326 5591 1451 5651; x_wconf 89' lang='lat' dir='ltr'><strong>quod</strong></span> <span class='ocrx_word' id='word_1_536' title='bbox 1488 5591 1633 5638; x_wconf 89' lang='lat' dir='ltr'><strong>etiam</strong></span> <span class='ocrx_word' id='word_1_537' title='bbox 1664 5589 1798 5638; x_wconf 88' lang='lat' dir='ltr'><strong>initio</strong></span> <span class='ocrx_word' id='word_1_538' title='bbox 1823 5602 1938 5654; x_wconf 77' lang='lat' dir='ltr'><strong>con-</strong></span> 
     </span>
    </p>
   </div>
   <div class='ocr_carea' id='block_1_67' title="bbox 363 5649 1942 5704">
    <p class='ocr_par' dir='ltr' id='par_1_67' title="bbox 363 5649 1942 5704">
     <span class='ocr_line' id='line_1_69' title="bbox 363 5649 1942 5704; baseline -0.002 -4"><span class='ocrx_word' id='word_1_539' title='bbox 363 5654 512 5701; x_wconf 87' lang='lat' dir='ltr'><strong>cionis</strong></span> <span class='ocrx_word' id='word_1_540' title='bbox 531 5653 820 5704; x_wconf 86' lang='lat' dir='ltr'><strong>declaratur.</strong></span> <span class='ocrx_word' id='word_1_541' title='bbox 857 5649 1201 5702; x_wconf 62' lang='lat' dir='ltr'><strong>Haereticorum</strong></span> <span class='ocrx_word' id='word_1_542' title='bbox 1238 5649 1402 5700; x_wconf 85' lang='lat' dir='ltr'><strong>autem</strong></span> <span class='ocrx_word' id='word_1_543' title='bbox 1436 5663 1544 5700; x_wconf 83' lang='lat' dir='ltr'><strong>ossa</strong></span> <span class='ocrx_word' id='word_1_544' title='bbox 1579 5664 1672 5699; x_wconf 91' lang='lat' dir='ltr'><strong>non</strong></span> <span class='ocrx_word' id='word_1_545' title='bbox 1713 5649 1942 5699; x_wconf 80' lang='lat' dir='ltr'><strong>translata</strong></span> 
     </span>
    </p>
   </div>
   <div class='ocr_carea' id='block_1_68' title="bbox 363 5710 1940 5778">
    <p class='ocr_par' dir='ltr' id='par_1_68' title="bbox 363 5710 1940 5778">
     <span class='ocr_line' id='line_1_70' title="bbox 363 5710 1940 5778; baseline -0.001 -17"><span class='ocrx_word' id='word_1_546' title='bbox 363 5712 512 5778; x_wconf 66' lang='lat' dir='ltr'><strong>fuisse</strong></span> <span class='ocrx_word' id='word_1_547' title='bbox 535 5715 676 5777; x_wconf 77' lang='lat' dir='ltr'><strong>paulo</strong></span> <span class='ocrx_word' id='word_1_548' title='bbox 696 5721 866 5778; x_wconf 85' lang='lat' dir='ltr'><strong>postea</strong></span> <span class='ocrx_word' id='word_1_549' title='bbox 885 5715 1022 5778; x_wconf 21' lang='lat' dir='ltr'><strong>dicit,</strong></span> <span class='ocrx_word' id='word_1_550' title='bbox 1031 5715 1414 5778; x_wconf 60' lang='lat' dir='ltr'><strong>tthsostomus.</strong></span> <span class='ocrx_word' id='word_1_551' title='bbox 1459 5712 1630 5762; x_wconf 79' lang='lat' dir='ltr'><strong>Eadem</strong></span> <span class='ocrx_word' id='word_1_552' title='bbox 1666 5713 1768 5775; x_wconf 89' lang='lat' dir='ltr'><strong>ipsa</strong></span> <span class='ocrx_word' id='word_1_553' title='bbox 1792 5710 1940 5761; x_wconf 87' lang='lat' dir='ltr'><strong>lectio</strong></span> 
     </span>
    </p>
   </div>
   <div class='ocr_carea' id='block_1_69' title="bbox 364 5775 1108 5839">
    <p class='ocr_par' dir='ltr' id='par_1_69' title="bbox 364 5775 1108 5839">
     <span class='ocr_line' id='line_1_71' title="bbox 364 5775 1108 5839; baseline 0.001 -14"><span class='ocrx_word' id='word_1_554' title='bbox 364 5775 566 5826; x_wconf 74' lang='lat' dir='ltr'><strong>habetur</strong></span> <span class='ocrx_word' id='word_1_555' title='bbox 590 5775 737 5827; x_wconf 84' lang='lat' dir='ltr'><strong>etiam</strong></span> <span class='ocrx_word' id='word_1_556' title='bbox 757 5777 805 5825; x_wconf 90' lang='lat' dir='ltr'><strong>in</strong></span> <span class='ocrx_word' id='word_1_557' title='bbox 828 5784 944 5839; x_wconf 73' lang='lat' dir='ltr'><strong>Reg.</strong></span> <span class='ocrx_word' id='word_1_558' title='bbox 973 5775 1108 5826; x_wconf 79' lang='grc'>1970.</span> 
     </span>
    </p>
   </div>
   <div class='ocr_carea' id='block_1_70' title="bbox 1890 4328 2409 4421">
    <p class='ocr_par' dir='ltr' id='par_1_70' title="bbox 1890 4328 2409 4421">
     <span class='ocr_line' id='line_1_72' title="bbox 1890 4328 2409 4421; baseline 0.008 -4"><span class='ocrx_word' id='word_1_559' title='bbox 1890 4328 2409 4421; x_wconf 26' lang='grc' dir='ltr'><strong>δέῃ’</strong></span> 
     </span>
    </p>
   </div>
   <div class='ocr_carea' id='block_1_71' title="bbox 2038 4483 3624 4554">
    <p class='ocr_par' dir='ltr' id='par_1_71' title="bbox 2038 4483 3624 4554">
     <span class='ocr_line' id='line_1_73' title="bbox 2038 4483 3624 4554; baseline 0 -14"><span class='ocrx_word' id='word_1_560' title='bbox 2038 4501 2177 4540; x_wconf 91' lang='lat' dir='ltr'><strong>mus.</strong></span> <span class='ocrx_word' id='word_1_561' title='bbox 2210 4485 2364 4554; x_wconf 88' lang='lat' dir='ltr'><strong>Atqui</strong></span> <span class='ocrx_word' id='word_1_562' title='bbox 2393 4483 2494 4539; x_wconf 92' lang='lat' dir='ltr'><strong>hoc</strong></span> <span class='ocrx_word' id='word_1_563' title='bbox 2515 4525 2528 4546; x_wconf 93' lang='lat'><strong>,</strong></span> <span class='ocrx_word' id='word_1_564' title='bbox 2559 4498 2663 4537; x_wconf 93' lang='lat' dir='ltr'><strong>non</strong></span> <span class='ocrx_word' id='word_1_565' title='bbox 2695 4483 2834 4554; x_wconf 90' lang='lat' dir='ltr'><strong>quod</strong></span> <span class='ocrx_word' id='word_1_566' title='bbox 2867 4483 3134 4539; x_wconf 88' lang='lat' dir='ltr'><strong>civitatem</strong></span> <span class='ocrx_word' id='word_1_567' title='bbox 3185 4485 3459 4553; x_wconf 87' lang='lat' dir='ltr'><strong>despicere</strong></span> <span class='ocrx_word' id='word_1_568' title='bbox 3491 4487 3624 4541; x_wconf 91' lang='lat' dir='ltr'><strong>veli-</strong></span> 
     </span>
    </p>
   </div>
   <div class='ocr_carea' id='block_1_72' title="bbox 2037 4572 3628 4643">
    <p class='ocr_par' dir='ltr' id='par_1_72' title="bbox 2037 4572 3628 4643">
     <span class='ocr_line' id='line_1_74' title="bbox 2037 4572 3628 4643; baseline 0.001 -15"><span class='ocrx_word' id='word_1_569' title='bbox 2037 4589 2191 4640; x_wconf 88' lang='lat' dir='ltr'><strong>mus,</strong></span> <span class='ocrx_word' id='word_1_570' title='bbox 2247 4573 2339 4627; x_wconf 90' lang='lat' dir='ltr'><strong>sed</strong></span> <span class='ocrx_word' id='word_1_571' title='bbox 2391 4583 2653 4643; x_wconf 81' lang='lat' dir='ltr'><strong>martyres</strong></span> <span class='ocrx_word' id='word_1_572' title='bbox 2677 4573 2853 4641; x_wconf 90' lang='lat' dir='ltr'><strong>potius</strong></span> <span class='ocrx_word' id='word_1_573' title='bbox 2900 4572 3164 4627; x_wconf 86' lang='lat' dir='ltr'><strong>honorare</strong></span> <span class='ocrx_word' id='word_1_574' title='bbox 3207 4574 3502 4642; x_wconf 90' lang='lat' dir='ltr'><strong>cupiamus.</strong></span> <span class='ocrx_word' id='word_1_575' title='bbox 3550 4574 3628 4629; x_wconf 84' lang='lat' dir='ltr'><strong>Ne</strong></span> 
     </span>
    </p>
   </div>
   <div class='ocr_carea' id='block_1_73' title="bbox 2038 4662 3628 4732">
    <p class='ocr_par' dir='ltr' id='par_1_73' title="bbox 2038 4662 3628 4732">
     <span class='ocr_line' id='line_1_75' title="bbox 2038 4662 3628 4732; baseline -0.001 -12"><span class='ocrx_word' id='word_1_576' title='bbox 2038 4665 2180 4720; x_wconf 89' lang='lat' dir='ltr'><strong>enim</strong></span> <span class='ocrx_word' id='word_1_577' title='bbox 2206 4664 2303 4717; x_wconf 91' lang='lat' dir='ltr'><strong>viri</strong></span> <span class='ocrx_word' id='word_1_578' title='bbox 2345 4663 2512 4717; x_wconf 89' lang='lat' dir='ltr'><strong>sancti</strong></span> <span class='ocrx_word' id='word_1_579' title='bbox 2554 4663 2620 4716; x_wconf 94' lang='lat' dir='ltr'><strong>de</strong></span> <span class='ocrx_word' id='word_1_580' title='bbox 2651 4662 2806 4717; x_wconf 87' lang='lat' dir='ltr'><strong>nobis</strong></span> <span class='ocrx_word' id='word_1_581' title='bbox 2855 4663 3047 4716; x_wconf 89' lang='lat' dir='ltr'><strong>merito</strong></span> <span class='ocrx_word' id='word_1_582' title='bbox 3075 4672 3506 4732; x_wconf 88' lang='lat' dir='ltr'><strong>conquerantur,</strong></span> <span class='ocrx_word' id='word_1_583' title='bbox 3563 4681 3628 4718; x_wconf 90' lang='lat' dir='ltr'><strong>ac</strong></span> 
     </span>
    </p>
   </div>
   <div class='ocr_carea' id='block_1_74' title="bbox 2040 4754 3629 4825">
    <p class='ocr_par' dir='ltr' id='par_1_74' title="bbox 2040 4754 3629 4825">
     <span class='ocr_line' id='line_1_76' title="bbox 2040 4754 3629 4825; baseline -0.005 -12"><span class='ocrx_word' id='word_1_584' title='bbox 2040 4759 2216 4813; x_wconf 86' lang='lat' dir='ltr'><strong>dicant</strong></span> <span class='ocrx_word' id='word_1_585' title='bbox 2243 4773 2257 4809; x_wconf 91' lang='lat'><strong>:</strong></span> <span class='ocrx_word' id='word_1_586' title='bbox 2285 4755 2394 4811; x_wconf 82' lang='lat' dir='ltr'><strong>Nos</strong></span> <span class='ocrx_word' id='word_1_587' title='bbox 2433 4771 2501 4810; x_wconf 90' lang='lat' dir='ltr'><strong>ne</strong></span> <span class='ocrx_word' id='word_1_588' title='bbox 2525 4755 2666 4825; x_wconf 85' lang='lat' dir='ltr'><strong>digni</strong></span> <span class='ocrx_word' id='word_1_589' title='bbox 2707 4754 2922 4824; x_wconf 89' lang='lat' dir='ltr'><strong>quidem</strong></span> <span class='ocrx_word' id='word_1_590' title='bbox 2953 4769 3186 4816; x_wconf 86' lang='lat' dir='ltr'><strong>eramus,</strong></span> <span class='ocrx_word' id='word_1_591' title='bbox 3219 4755 3306 4824; x_wconf 92' lang='lat' dir='ltr'><strong>qui</strong></span> <span class='ocrx_word' id='word_1_592' title='bbox 3335 4770 3496 4809; x_wconf 88' lang='lat' dir='ltr'><strong>unum</strong></span> <span class='ocrx_word' id='word_1_593' title='bbox 3529 4755 3629 4809; x_wconf 86' lang='lat' dir='ltr'><strong>Do-</strong></span> 
     </span>
    </p>
   </div>
   <div class='ocr_carea' id='block_1_75' title="bbox 2041 4845 3626 4903">
    <p class='ocr_par' dir='ltr' id='par_1_75' title="bbox 2041 4845 3626 4903">
     <span class='ocr_line' id='line_1_77' title="bbox 2041 4845 3626 4903; baseline -0.002 -1"><span class='ocrx_word' id='word_1_594' title='bbox 2041 4849 2170 4902; x_wconf 90' lang='lat' dir='ltr'><strong>mini</strong></span> <span class='ocrx_word' id='word_1_595' title='bbox 2195 4847 2358 4903; x_wconf 90' lang='lat' dir='ltr'><strong>nostri</strong></span> <span class='ocrx_word' id='word_1_596' title='bbox 2385 4847 2526 4901; x_wconf 90' lang='lat' dir='ltr'><strong>diem</strong></span> <span class='ocrx_word' id='word_1_597' title='bbox 2572 4847 2623 4900; x_wconf 94' lang='lat' dir='ltr'><strong>in</strong></span> <span class='ocrx_word' id='word_1_598' title='bbox 2646 4845 2999 4900; x_wconf 87' lang='lat' dir='ltr'><strong>tabernaculis</strong></span> <span class='ocrx_word' id='word_1_599' title='bbox 3023 4846 3224 4900; x_wconf 87' lang='lat' dir='ltr'><strong>nostris</strong></span> <span class='ocrx_word' id='word_1_600' title='bbox 3250 4845 3508 4900; x_wconf 90' lang='lat' dir='ltr'><strong>celebrari</strong></span> <span class='ocrx_word' id='word_1_601' title='bbox 3541 4847 3626 4899; x_wconf 88' lang='lat' dir='ltr'><strong>vi-</strong></span> 
     </span>
    </p>
   </div>
   <div class='ocr_carea' id='block_1_76' title="bbox 2040 4936 3628 5006">
    <p class='ocr_par' dir='ltr' id='par_1_76' title="bbox 2040 4936 3628 5006">
     <span class='ocr_line' id='line_1_78' title="bbox 2040 4936 3628 5006; baseline -0.001 -14"><span class='ocrx_word' id='word_1_602' title='bbox 2040 4940 2319 5002; x_wconf 88' lang='lat' dir='ltr'><strong>deremus;</strong></span> <span class='ocrx_word' id='word_1_603' title='bbox 2365 4953 2499 4992; x_wconf 86' lang='lat' dir='ltr'><strong>neve</strong></span> <span class='ocrx_word' id='word_1_604' title='bbox 2520 4937 2797 4991; x_wconf 90' lang='lat' dir='ltr'><strong>nobiscum</strong></span> <span class='ocrx_word' id='word_1_605' title='bbox 2824 4937 3207 5006; x_wconf 76' lang='lat' dir='ltr'><strong>expostulando</strong></span> <span class='ocrx_word' id='word_1_606' title='bbox 3251 4936 3428 4994; x_wconf 89' lang='lat' dir='ltr'><strong>dicant</strong></span> <span class='ocrx_word' id='word_1_607' title='bbox 3457 4937 3628 4991; x_wconf 88' lang='lat' dir='ltr'><strong>:San-</strong></span> 
     </span>
    </p>
   </div>
   <div class='ocr_carea' id='block_1_77' title="bbox 2041 5024 3721 5099">
    <p class='ocr_par' dir='ltr' id='par_1_77' title="bbox 2041 5024 3721 5099">
     <span class='ocr_line' id='line_1_79' title="bbox 2041 5024 3721 5099; baseline -0.003 -16"><span class='ocrx_word' id='word_1_608' title='bbox 2041 5030 2251 5099; x_wconf 87' lang='lat' dir='ltr'><strong>guinem</strong></span> <span class='ocrx_word' id='word_1_609' title='bbox 2276 5028 2491 5098; x_wconf 88' lang='lat' dir='ltr'><strong>quidem</strong></span> <span class='ocrx_word' id='word_1_610' title='bbox 2519 5036 2758 5082; x_wconf 88' lang='lat' dir='ltr'><strong>nostrum</strong></span> <span class='ocrx_word' id='word_1_611' title='bbox 2803 5041 2901 5096; x_wconf 79' lang='lat' dir='ltr'><strong>pro</strong></span> <span class='ocrx_word' id='word_1_612' title='bbox 2931 5027 3047 5095; x_wconf 90' lang='lat' dir='ltr'><strong>ipso</strong></span> <span class='ocrx_word' id='word_1_613' title='bbox 3078 5025 3378 5090; x_wconf 82' lang='lat' dir='ltr'><strong>etl&#39;udimus,</strong></span> <span class='ocrx_word' id='word_1_614' title='bbox 3407 5034 3461 5079; x_wconf 90' lang='lat' dir='ltr'><strong>et</strong></span> <span class='ocrx_word' id='word_1_615' title='bbox 3479 5026 3627 5095; x_wconf 87' lang='lat' dir='ltr'><strong>digtti</strong></span> <span class='ocrx_word' id='word_1_616' title='bbox 3707 5024 3721 5032; x_wconf 82' lang='grc'><strong><em>“</em></strong></span> 
     </span>
    </p>
   </div>
   <div class='ocr_carea' id='block_1_78' title="bbox 2043 5119 3636 5188">
    <p class='ocr_par' dir='ltr' id='par_1_78' title="bbox 2043 5119 3636 5188">
     <span class='ocr_line' id='line_1_80' title="bbox 2043 5119 3636 5188; baseline -0.004 -14"><span class='ocrx_word' id='word_1_617' title='bbox 2043 5120 2209 5177; x_wconf 82' lang='lat' dir='ltr'><strong>habiti</strong></span> <span class='ocrx_word' id='word_1_618' title='bbox 2250 5134 2470 5182; x_wconf 89' lang='lat' dir='ltr'><strong>sumus,</strong></span> <span class='ocrx_word' id='word_1_619' title='bbox 2529 5119 2722 5188; x_wconf 88' lang='lat' dir='ltr'><strong>quibus</strong></span> <span class='ocrx_word' id='word_1_620' title='bbox 2771 5133 2867 5186; x_wconf 90' lang='lat' dir='ltr'><strong>pro</strong></span> <span class='ocrx_word' id='word_1_621' title='bbox 2919 5133 2984 5171; x_wconf 90' lang='lat' dir='ltr'><strong>eo</strong></span> <span class='ocrx_word' id='word_1_622' title='bbox 3030 5127 3194 5186; x_wconf 88' lang='lat' dir='ltr'><strong>caput</strong></span> <span class='ocrx_word' id='word_1_623' title='bbox 3240 5125 3636 5186; x_wconf 79' lang='lat' dir='ltr'><strong>amputaretur,</strong></span> 
     </span>
    </p>
   </div>
   <div class='ocr_carea' id='block_1_79' title="bbox 2044 5204 3644 5280">
    <p class='ocr_par' dir='ltr' id='par_1_79' title="bbox 2044 5204 3644 5280">
     <span class='ocr_line' id='line_1_81' title="bbox 2044 5204 3644 5280; baseline -0.002 -16"><span class='ocrx_word' id='word_1_624' title='bbox 2044 5210 2209 5280; x_wconf 86' lang='lat' dir='ltr'><strong>ipsius</strong></span> <span class='ocrx_word' id='word_1_625' title='bbox 2237 5220 2411 5263; x_wconf 87' lang='lat' dir='ltr'><strong>autem</strong></span> <span class='ocrx_word' id='word_1_626' title='bbox 2439 5208 2767 5262; x_wconf 78' lang='lat' dir='ltr'><strong>salutiferam</strong></span> <span class='ocrx_word' id='word_1_627' title='bbox 2798 5206 2996 5261; x_wconf 83' lang='lat' dir='ltr'><strong>festum</strong></span> <span class='ocrx_word' id='word_1_628' title='bbox 3012 5207 3268 5261; x_wconf 86' lang='lat' dir='ltr'><strong>celebrari</strong></span> <span class='ocrx_word' id='word_1_629' title='bbox 3286 5207 3425 5260; x_wconf 88' lang='lat' dir='ltr'><strong>diem</strong></span> <span class='ocrx_word' id='word_1_630' title='bbox 3449 5204 3644 5261; x_wconf 81' lang='lat' dir='ltr'><strong>videre</strong></span> 
     </span>
    </p>
   </div>
   <div class='ocr_carea' id='block_1_80' title="bbox 2043 5296 3639 5369">
    <p class='ocr_par' dir='ltr' id='par_1_80' title="bbox 2043 5296 3639 5369">
     <span class='ocr_line' id='line_1_82' title="bbox 2043 5296 3639 5369; baseline -0.005 -13"><span class='ocrx_word' id='word_1_631' title='bbox 2043 5317 2149 5356; x_wconf 90' lang='lat' dir='ltr'><strong>non</strong></span> <span class='ocrx_word' id='word_1_632' title='bbox 2177 5315 2360 5356; x_wconf 89' lang='lat' dir='ltr'><strong>sumus</strong></span> <span class='ocrx_word' id='word_1_633' title='bbox 2387 5299 2658 5369; x_wconf 90' lang='lat' dir='ltr'><strong>promeriti</strong></span> <span class='ocrx_word' id='word_1_634' title='bbox 2689 5300 2738 5352; x_wconf 92' lang='lat' dir='ltr'><strong>in</strong></span> <span class='ocrx_word' id='word_1_635' title='bbox 2771 5298 3086 5352; x_wconf 86' lang='lat' dir='ltr'><strong>habitaculis</strong></span> <span class='ocrx_word' id='word_1_636' title='bbox 3110 5297 3308 5352; x_wconf 88' lang='lat' dir='ltr'><strong>nostris</strong></span> <span class='ocrx_word' id='word_1_637' title='bbox 3337 5314 3349 5348; x_wconf 93' lang='lat'>:</span> <span class='ocrx_word' id='word_1_638' title='bbox 3382 5296 3504 5349; x_wconf 88' lang='lat' dir='ltr'><strong>ideo</strong></span> <span class='ocrx_word' id='word_1_639' title='bbox 3535 5310 3639 5349; x_wconf 87' lang='lat' dir='ltr'><strong>re-</strong></span> 
     </span>
    </p>
   </div>
   <div class='ocr_carea' id='block_1_81' title="bbox 2045 5391 3619 5462">
    <p class='ocr_par' dir='ltr' id='par_1_81' title="bbox 2045 5391 3619 5462">
     <span class='ocr_line' id='line_1_83' title="bbox 2045 5391 3619 5462; baseline -0.006 -11"><span class='ocrx_word' id='word_1_640' title='bbox 2045 5397 2166 5451; x_wconf 89' lang='lat' dir='ltr'><strong>licta</strong></span> <span class='ocrx_word' id='word_1_641' title='bbox 2193 5395 2402 5449; x_wconf 84' lang='lat' dir='ltr'><strong>civitate</strong></span> <span class='ocrx_word' id='word_1_642' title='bbox 2421 5393 2486 5450; x_wconf 90' lang='lat' dir='ltr'><strong>ad</strong></span> <span class='ocrx_word' id='word_1_643' title='bbox 2511 5393 2671 5462; x_wconf 87' lang='lat' dir='ltr'><strong>pedes</strong></span> <span class='ocrx_word' id='word_1_644' title='bbox 2699 5401 3002 5446; x_wconf 88' lang='lat' dir='ltr'><strong>sanctorum</strong></span> <span class='ocrx_word' id='word_1_645' title='bbox 3033 5391 3220 5444; x_wconf 90' lang='lat' dir='ltr'><strong>horum</strong></span> <span class='ocrx_word' id='word_1_646' title='bbox 3250 5401 3619 5457; x_wconf 87' lang='lat' dir='ltr'><strong>properamus,</strong></span> 
     </span>
    </p>
   </div>
   <div class='ocr_carea' id='block_1_82' title="bbox 2045 5479 3621 5554">
    <p class='ocr_par' dir='ltr' id='par_1_82' title="bbox 2045 5479 3621 5554">
     <span class='ocr_line' id='line_1_84' title="bbox 2045 5479 3621 5554; baseline -0.008 -11"><span class='ocrx_word' id='word_1_647' title='bbox 2045 5487 2324 5543; x_wconf 87' lang='lat' dir='ltr'><strong>occasione</strong></span> <span class='ocrx_word' id='word_1_648' title='bbox 2341 5484 2616 5554; x_wconf 72' lang='lat' dir='ltr'><strong>prtesentis</strong></span> <span class='ocrx_word' id='word_1_649' title='bbox 2636 5483 2738 5536; x_wconf 91' lang='lat' dir='ltr'><strong>diei</strong></span> <span class='ocrx_word' id='word_1_650' title='bbox 2761 5524 2775 5545; x_wconf 90' lang='lat'><strong>,</strong></span> <span class='ocrx_word' id='word_1_651' title='bbox 2799 5491 2852 5536; x_wconf 85' lang='lat' dir='ltr'><strong>ct</strong></span> <span class='ocrx_word' id='word_1_652' title='bbox 2879 5482 2946 5536; x_wconf 89' lang='lat' dir='ltr'><strong>de</strong></span> <span class='ocrx_word' id='word_1_653' title='bbox 2976 5490 3213 5548; x_wconf 88' lang='lat' dir='ltr'><strong>tempore</strong></span> <span class='ocrx_word' id='word_1_654' title='bbox 3243 5479 3512 5548; x_wconf 70' lang='lat' dir='ltr'><strong>prmterito</strong></span> <span class='ocrx_word' id='word_1_655' title='bbox 3533 5495 3621 5531; x_wconf 78' lang='lat' dir='ltr'><strong>ex-</strong></span> 
     </span>
    </p>
   </div>
   <div class='ocr_carea' id='block_1_83' title="bbox 2045 5568 3624 5642">
    <p class='ocr_par' dir='ltr' id='par_1_83' title="bbox 2045 5568 3624 5642">
     <span class='ocr_line' id='line_1_85' title="bbox 2045 5568 3624 5642; baseline -0.007 -10"><span class='ocrx_word' id='word_1_656' title='bbox 2045 5587 2291 5632; x_wconf 89' lang='lat' dir='ltr'><strong>cusantes</strong></span> <span class='ocrx_word' id='word_1_657' title='bbox 2320 5589 2418 5630; x_wconf 91' lang='lat' dir='ltr'><strong>nos</strong></span> <span class='ocrx_word' id='word_1_658' title='bbox 2457 5573 2594 5642; x_wconf 90' lang='lat' dir='ltr'><strong>apud</strong></span> <span class='ocrx_word' id='word_1_659' title='bbox 2636 5573 2800 5642; x_wconf 91' lang='lat' dir='ltr'><strong>ipsos.</strong></span> <span class='ocrx_word' id='word_1_660' title='bbox 2848 5570 2978 5624; x_wconf 83' lang='lat' dir='ltr'><strong>Nam</strong></span> <span class='ocrx_word' id='word_1_661' title='bbox 3008 5569 3050 5622; x_wconf 90' lang='lat' dir='ltr'><strong>si</strong></span> <span class='ocrx_word' id='word_1_662' title='bbox 3101 5580 3254 5622; x_wconf 86' lang='lat' dir='ltr'><strong>antea</strong></span> <span class='ocrx_word' id='word_1_663' title='bbox 3278 5568 3343 5622; x_wconf 85' lang='lat' dir='ltr'><strong>ad</strong></span> <span class='ocrx_word' id='word_1_664' title='bbox 3375 5577 3624 5622; x_wconf 82' lang='lat' dir='ltr'><strong>strenuos</strong></span> 
     </span>
    </p>
   </div>
   <div class='ocr_carea' id='block_1_84' title="bbox 2047 5657 3630 5737">
    <p class='ocr_par' dir='ltr' id='par_1_84' title="bbox 2047 5657 3630 5737">
     <span class='ocr_line' id='line_1_86' title="bbox 2047 5657 3630 5737; baseline -0.01 -13"><span class='ocrx_word' id='word_1_665' title='bbox 2047 5671 2145 5724; x_wconf 90' lang='lat' dir='ltr'><strong>hos</strong></span> <span class='ocrx_word' id='word_1_666' title='bbox 2169 5668 2375 5737; x_wconf 89' lang='lat' dir='ltr'><strong>pictatis</strong></span> <span class='ocrx_word' id='word_1_667' title='bbox 2400 5666 2626 5719; x_wconf 80' lang='lat' dir='ltr'><strong>athletas</strong></span> <span class='ocrx_word' id='word_1_668' title='bbox 2645 5679 2863 5717; x_wconf 90' lang='lat' dir='ltr'><strong>currere</strong></span> <span class='ocrx_word' id='word_1_669' title='bbox 2892 5662 3194 5728; x_wconf 85' lang='lat' dir='ltr'><strong>oportebat,</strong></span> <span class='ocrx_word' id='word_1_670' title='bbox 3224 5657 3438 5728; x_wconf 90' lang='lat' dir='ltr'><strong>quando</strong></span> <span class='ocrx_word' id='word_1_671' title='bbox 3458 5658 3630 5710; x_wconf 85' lang='lat' dir='ltr'><strong>adhuc</strong></span> 
     </span>
    </p>
   </div>
   <div class='ocr_carea' id='block_1_85' title="bbox 2047 5751 3632 5829">
    <p class='ocr_par' dir='ltr' id='par_1_85' title="bbox 2047 5751 3632 5829">
     <span class='ocr_line' id='line_1_87' title="bbox 2047 5751 3632 5829; baseline -0.008 -13"><span class='ocrx_word' id='word_1_672' title='bbox 2047 5762 2145 5816; x_wconf 85' lang='lat' dir='ltr'><strong>sub</strong></span> <span class='ocrx_word' id='word_1_673' title='bbox 2171 5759 2475 5829; x_wconf 84' lang='lat' dir='ltr'><strong>pavimento</strong></span> <span class='ocrx_word' id='word_1_674' title='bbox 2522 5753 2780 5810; x_wconf 87' lang='lat' dir='ltr'><strong>reconditi</strong></span> <span class='ocrx_word' id='word_1_675' title='bbox 2811 5753 3053 5825; x_wconf 80' lang='lat' dir='ltr'><strong>jaccbant</strong></span> <span class='ocrx_word' id='word_1_676' title='bbox 3072 5790 3090 5820; x_wconf 91' lang='lat'><strong>,</strong></span> <span class='ocrx_word' id='word_1_677' title='bbox 3116 5753 3284 5806; x_wconf 87' lang='lat' dir='ltr'><strong>multo</strong></span> <span class='ocrx_word' id='word_1_678' title='bbox 3308 5765 3435 5806; x_wconf 80' lang='lat' dir='ltr'><strong>sane</strong></span> <span class='ocrx_word' id='word_1_679' title='bbox 3466 5751 3632 5818; x_wconf 84' lang='lat' dir='ltr'><strong>magis</strong></span> 
     </span>
    </p>
   </div>
  </div>
