  <div class='ocr_page' id='page_1' title='image "/cluster/home/n/w/nwhite01/storage/ocr_20150623/50:no.2:pt.2/coo.31924054869494/039.png"; bbox 0 0 4130 6448; ppageno 0'>
   <div class='ocr_carea' id='block_1_1' title="bbox 474 489 575 545">
    <p class='ocr_par' dir='ltr' id='par_1_1' title="bbox 474 489 575 545">
     <span class='ocr_line' id='line_1_1' title="bbox 474 489 575 545; baseline -0.01 -1"><span class='ocrx_word' id='word_1_1' title='bbox 474 489 575 545; x_wconf 67' lang='lat' dir='ltr'><strong>H5</strong></span> 
     </span>
    </p>
   </div>
   <div class='ocr_carea' id='block_1_2' title="bbox 474 592 2054 671">
    <p class='ocr_par' dir='ltr' id='par_1_2' title="bbox 474 592 2054 671">
     <span class='ocr_line' id='line_1_2' title="bbox 474 592 2054 671; baseline -0.006 -15"><span class='ocrx_word' id='word_1_2' title='bbox 474 604 523 656; x_wconf 89' lang='lat' dir='ltr'><strong>id</strong></span> <span class='ocrx_word' id='word_1_3' title='bbox 549 604 658 671; x_wconf 85' lang='lat' dir='ltr'><strong>jam</strong></span> <span class='ocrx_word' id='word_1_4' title='bbox 694 615 948 671; x_wconf 89' lang='lat' dir='ltr'><strong>peragere</strong></span> <span class='ocrx_word' id='word_1_5' title='bbox 972 597 1275 668; x_wconf 83' lang='lat' dir='ltr'><strong>Oportebit,</strong></span> <span class='ocrx_word' id='word_1_6' title='bbox 1305 594 1516 666; x_wconf 82' lang='lat' dir='ltr'><strong>quando</strong></span> <span class='ocrx_word' id='word_1_7' title='bbox 1539 593 1764 649; x_wconf 86' lang='lat' dir='ltr'><strong>seorsim</strong></span> <span class='ocrx_word' id='word_1_8' title='bbox 1795 592 2054 661; x_wconf 90' lang='lat' dir='ltr'><strong>repositas</strong></span> 
     </span>
    </p>
   </div>
   <div class='ocr_carea' id='block_1_3' title="bbox 477 685 2058 760">
    <p class='ocr_par' dir='ltr' id='par_1_3' title="bbox 477 685 2058 760">
     <span class='ocr_line' id='line_1_3' title="bbox 477 685 2058 760; baseline -0.007 -14"><span class='ocrx_word' id='word_1_9' title='bbox 477 694 719 746; x_wconf 86' lang='lat' dir='ltr'><strong>videmus</strong></span> <span class='ocrx_word' id='word_1_10' title='bbox 755 692 1101 760; x_wconf 72' lang='lat' dir='ltr'><strong>margaritas,</strong></span> <span class='ocrx_word' id='word_1_11' title='bbox 1133 689 1344 759; x_wconf 82' lang='lat' dir='ltr'><strong>quando</strong></span> <span class='ocrx_word' id='word_1_12' title='bbox 1375 702 1404 741; x_wconf 89' lang='lat' dir='ltr'><strong>a</strong></span> <span class='ocrx_word' id='word_1_13' title='bbox 1454 686 1593 755; x_wconf 90' lang='lat' dir='ltr'><strong>lupis</strong></span> <span class='ocrx_word' id='word_1_14' title='bbox 1642 685 1879 739; x_wconf 69' lang='lat' dir='ltr'><strong>liberatae</strong></span> <span class='ocrx_word' id='word_1_15' title='bbox 1933 691 2058 737; x_wconf 89' lang='lat' dir='ltr'><strong>sunt</strong></span> 
     </span>
    </p>
   </div>
   <div class='ocr_carea' id='block_1_4' title="bbox 474 776 2056 854">
    <p class='ocr_par' dir='ltr' id='par_1_4' title="bbox 474 776 2056 854">
     <span class='ocr_line' id='line_1_4' title="bbox 474 776 2056 854; baseline -0.005 -17"><span class='ocrx_word' id='word_1_16' title='bbox 474 798 631 845; x_wconf 87' lang='lat' dir='ltr'><strong>oves,</strong></span> <span class='ocrx_word' id='word_1_17' title='bbox 660 783 874 854; x_wconf 83' lang='lat' dir='ltr'><strong>quando</strong></span> <span class='ocrx_word' id='word_1_18' title='bbox 899 798 928 836; x_wconf 92' lang='lat' dir='ltr'><strong>a</strong></span> <span class='ocrx_word' id='word_1_19' title='bbox 978 782 1200 836; x_wconf 77' lang='lat' dir='ltr'><strong>mortuis</strong></span> <span class='ocrx_word' id='word_1_20' title='bbox 1231 787 1565 834; x_wconf 89' lang='lat' dir='ltr'><strong>recesserunt</strong></span> <span class='ocrx_word' id='word_1_21' title='bbox 1611 777 1736 832; x_wconf 87' lang='lat' dir='ltr'><strong>vivi.</strong></span> <span class='ocrx_word' id='word_1_22' title='bbox 1784 776 1861 831; x_wconf 84' lang='lat' dir='ltr'><strong>Ne</strong></span> <span class='ocrx_word' id='word_1_23' title='bbox 1903 784 2056 831; x_wconf 85' lang='lat' dir='ltr'><strong>antea</strong></span> 
     </span>
    </p>
   </div>
   <div class='ocr_carea' id='block_1_5' title="bbox 474 869 2055 946">
    <p class='ocr_par' dir='ltr' id='par_1_5' title="bbox 474 869 2055 946">
     <span class='ocr_line' id='line_1_5' title="bbox 474 869 2055 946; baseline -0.006 -17"><span class='ocrx_word' id='word_1_24' title='bbox 474 877 687 946; x_wconf 85' lang='lat' dir='ltr'><strong>quidem</strong></span> <span class='ocrx_word' id='word_1_25' title='bbox 730 876 893 929; x_wconf 91' lang='lat' dir='ltr'><strong>ullum</strong></span> <span class='ocrx_word' id='word_1_26' title='bbox 929 874 1301 929; x_wconf 89' lang='lat' dir='ltr'><strong>detrimentum</strong></span> <span class='ocrx_word' id='word_1_27' title='bbox 1334 871 1471 940; x_wconf 84' lang='lat' dir='ltr'><strong>passi</strong></span> <span class='ocrx_word' id='word_1_28' title='bbox 1513 879 1637 926; x_wconf 89' lang='lat' dir='ltr'><strong>sunt</strong></span> <span class='ocrx_word' id='word_1_29' title='bbox 1680 885 1746 925; x_wconf 85' lang='lat' dir='ltr'><strong>ex</strong></span> <span class='ocrx_word' id='word_1_30' title='bbox 1789 869 2055 924; x_wconf 89' lang='lat' dir='ltr'><strong>communi</strong></span> 
     </span>
    </p>
   </div>
   <div class='ocr_carea' id='block_1_6' title="bbox 476 961 2058 1034">
    <p class='ocr_par' dir='ltr' id='par_1_6' title="bbox 476 961 2058 1034">
     <span class='ocr_line' id='line_1_6' title="bbox 476 961 2058 1034; baseline -0.004 -13"><span class='ocrx_word' id='word_1_31' title='bbox 476 981 595 1021; x_wconf 91' lang='lat' dir='ltr'><strong>cum</strong></span> <span class='ocrx_word' id='word_1_32' title='bbox 624 966 728 1020; x_wconf 84' lang='lat' dir='ltr'><strong>illis</strong></span> <span class='ocrx_word' id='word_1_33' title='bbox 758 966 1026 1034; x_wconf 74' lang='lat' dir='ltr'><strong>sepultura</strong></span> <span class='ocrx_word' id='word_1_34' title='bbox 1060 982 1074 1019; x_wconf 90' lang='lat'><strong>:</strong></span> <span class='ocrx_word' id='word_1_35' title='bbox 1105 978 1329 1034; x_wconf 89' lang='lat' dir='ltr'><strong>quorum</strong></span> <span class='ocrx_word' id='word_1_36' title='bbox 1359 962 1503 1017; x_wconf 91' lang='lat' dir='ltr'><strong>enim</strong></span> <span class='ocrx_word' id='word_1_37' title='bbox 1557 962 1774 1031; x_wconf 76' lang='lat' dir='ltr'><strong>spiritus</strong></span> <span class='ocrx_word' id='word_1_38' title='bbox 1825 961 1876 1014; x_wconf 92' lang='lat' dir='ltr'><strong>in</strong></span> <span class='ocrx_word' id='word_1_39' title='bbox 1911 961 2058 1015; x_wconf 85' lang='lat' dir='ltr'><strong>ca-lis</strong></span> 
     </span>
    </p>
   </div>
   <div class='ocr_carea' id='block_1_7' title="bbox 476 1053 2060 1128">
    <p class='ocr_par' dir='ltr' id='par_1_7' title="bbox 476 1053 2060 1128">
     <span class='ocr_line' id='line_1_7' title="bbox 476 1053 2060 1128; baseline -0.003 -15"><span class='ocrx_word' id='word_1_40' title='bbox 476 1069 641 1125; x_wconf 87' lang='lat' dir='ltr'><strong>sunt,</strong></span> <span class='ocrx_word' id='word_1_41' title='bbox 672 1075 857 1113; x_wconf 89' lang='lat' dir='ltr'><strong>eorum</strong></span> <span class='ocrx_word' id='word_1_42' title='bbox 895 1073 1067 1128; x_wconf 89' lang='lat' dir='ltr'><strong>neque</strong></span> <span class='ocrx_word' id='word_1_43' title='bbox 1115 1071 1337 1124; x_wconf 88' lang='lat' dir='ltr'><strong>corpora</strong></span> <span class='ocrx_word' id='word_1_44' title='bbox 1380 1071 1448 1110; x_wconf 85' lang='lat' dir='ltr'><strong>ex</strong></span> <span class='ocrx_word' id='word_1_45' title='bbox 1478 1053 1871 1124; x_wconf 86' lang='lat' dir='ltr'><strong>prepinquitate</strong></span> <span class='ocrx_word' id='word_1_46' title='bbox 1899 1053 2060 1108; x_wconf 78' lang='lat' dir='ltr'><strong>hede-</strong></span> 
     </span>
    </p>
   </div>
   <div class='ocr_carea' id='block_1_8' title="bbox 475 1145 2060 1219">
    <p class='ocr_par' dir='ltr' id='par_1_8' title="bbox 475 1145 2060 1219">
     <span class='ocr_line' id='line_1_8' title="bbox 475 1145 2060 1219; baseline -0.003 -15"><span class='ocrx_word' id='word_1_47' title='bbox 475 1150 701 1215; x_wconf 88' lang='lat' dir='ltr'><strong>bautur;</strong></span> <span class='ocrx_word' id='word_1_48' title='bbox 724 1165 945 1219; x_wconf 89' lang='lat' dir='ltr'><strong>quorum</strong></span> <span class='ocrx_word' id='word_1_49' title='bbox 985 1148 1177 1202; x_wconf 81' lang='lat' dir='ltr'><strong>animm</strong></span> <span class='ocrx_word' id='word_1_50' title='bbox 1200 1147 1253 1201; x_wconf 93' lang='lat' dir='ltr'><strong>in</strong></span> <span class='ocrx_word' id='word_1_51' title='bbox 1280 1161 1442 1201; x_wconf 89' lang='lat' dir='ltr'><strong>manu</strong></span> <span class='ocrx_word' id='word_1_52' title='bbox 1469 1145 1561 1200; x_wconf 91' lang='lat' dir='ltr'><strong>Dei</strong></span> <span class='ocrx_word' id='word_1_53' title='bbox 1587 1155 1739 1209; x_wconf 92' lang='lat' dir='ltr'><strong>sunt,</strong></span> <span class='ocrx_word' id='word_1_54' title='bbox 1770 1159 1942 1215; x_wconf 88' lang='lat' dir='ltr'><strong>neque</strong></span> <span class='ocrx_word' id='word_1_55' title='bbox 1967 1159 2060 1199; x_wconf 87' lang='lat' dir='ltr'><strong>re-</strong></span> 
     </span>
    </p>
   </div>
   <div class='ocr_carea' id='block_1_9' title="bbox 470 1236 2054 1310">
    <p class='ocr_par' dir='ltr' id='par_1_9' title="bbox 470 1236 2054 1310">
     <span class='ocr_line' id='line_1_9' title="bbox 470 1236 2054 1310; baseline -0.003 -15"><span class='ocrx_word' id='word_1_56' title='bbox 470 1240 648 1310; x_wconf 73' lang='lat' dir='ltr'><strong>liquize</strong></span> <span class='ocrx_word' id='word_1_57' title='bbox 676 1256 858 1295; x_wconf 91' lang='lat' dir='ltr'><strong>eorum</strong></span> <span class='ocrx_word' id='word_1_58' title='bbox 882 1256 949 1293; x_wconf 86' lang='lat' dir='ltr'><strong>ex</strong></span> <span class='ocrx_word' id='word_1_59' title='bbox 975 1240 1089 1293; x_wconf 92' lang='lat' dir='ltr'><strong>loco</strong></span> <span class='ocrx_word' id='word_1_60' title='bbox 1110 1279 1124 1305; x_wconf 94' lang='lat'><strong>,</strong></span> <span class='ocrx_word' id='word_1_61' title='bbox 1154 1239 1205 1292; x_wconf 92' lang='lat' dir='ltr'><strong>iu</strong></span> <span class='ocrx_word' id='word_1_62' title='bbox 1224 1253 1330 1308; x_wconf 86' lang='lat' dir='ltr'><strong>quo</strong></span> <span class='ocrx_word' id='word_1_63' title='bbox 1359 1237 1644 1293; x_wconf 66' lang='lat' dir='ltr'><strong>reconditae</strong></span> <span class='ocrx_word' id='word_1_64' title='bbox 1675 1246 1830 1301; x_wconf 87' lang='lat' dir='ltr'><strong>sunt,</strong></span> <span class='ocrx_word' id='word_1_65' title='bbox 1857 1236 2054 1306; x_wconf 89' lang='lat' dir='ltr'><strong>aliquid</strong></span> 
     </span>
    </p>
   </div>
   <div class='ocr_carea' id='block_1_10' title="bbox 473 1326 2059 1402">
    <p class='ocr_par' dir='ltr' id='par_1_10' title="bbox 473 1326 2059 1402">
     <span class='ocr_line' id='line_1_10' title="bbox 473 1326 2059 1402; baseline -0.001 -18"><span class='ocrx_word' id='word_1_66' title='bbox 473 1333 582 1402; x_wconf 85' lang='lat' dir='ltr'><strong>pati</strong></span> <span class='ocrx_word' id='word_1_67' title='bbox 617 1340 873 1400; x_wconf 81' lang='lat' dir='ltr'><strong>poterant.</strong></span> <span class='ocrx_word' id='word_1_68' title='bbox 899 1330 1041 1385; x_wconf 89' lang='lat' dir='ltr'><strong>Nihil</strong></span> <span class='ocrx_word' id='word_1_69' title='bbox 1086 1344 1216 1400; x_wconf 90' lang='lat' dir='ltr'><strong>ergo</strong></span> <span class='ocrx_word' id='word_1_70' title='bbox 1247 1330 1311 1383; x_wconf 90' lang='lat' dir='ltr'><strong>iis</strong></span> <span class='ocrx_word' id='word_1_71' title='bbox 1365 1328 1593 1383; x_wconf 90' lang='lat' dir='ltr'><strong>antehac</strong></span> <span class='ocrx_word' id='word_1_72' title='bbox 1621 1326 1928 1382; x_wconf 81' lang='lat' dir='ltr'><strong>detrimenti</strong></span> <span class='ocrx_word' id='word_1_73' title='bbox 1970 1342 2059 1383; x_wconf 86' lang='lat' dir='ltr'><strong>ac-</strong></span> 
     </span>
    </p>
   </div>
   <div class='ocr_carea' id='block_1_11' title="bbox 469 1418 2061 1491">
    <p class='ocr_par' dir='ltr' id='par_1_11' title="bbox 469 1418 2061 1491">
     <span class='ocr_line' id='line_1_11' title="bbox 469 1418 2061 1491; baseline -0.002 -16"><span class='ocrx_word' id='word_1_74' title='bbox 469 1422 669 1476; x_wconf 87' lang='lat' dir='ltr'><strong>cessit:</strong></span> <span class='ocrx_word' id='word_1_75' title='bbox 702 1422 926 1491; x_wconf 91' lang='lat' dir='ltr'><strong>populus</strong></span> <span class='ocrx_word' id='word_1_76' title='bbox 951 1431 1126 1474; x_wconf 90' lang='lat' dir='ltr'><strong>tamen</strong></span> <span class='ocrx_word' id='word_1_77' title='bbox 1156 1430 1339 1475; x_wconf 90' lang='lat' dir='ltr'><strong>noster</strong></span> <span class='ocrx_word' id='word_1_78' title='bbox 1366 1434 1471 1474; x_wconf 92' lang='lat' dir='ltr'><strong>non</strong></span> <span class='ocrx_word' id='word_1_79' title='bbox 1501 1420 1750 1489; x_wconf 89' lang='lat' dir='ltr'><strong>exiguum</strong></span> <span class='ocrx_word' id='word_1_80' title='bbox 1777 1433 1807 1472; x_wconf 91' lang='lat' dir='ltr'><strong>a</strong></span> <span class='ocrx_word' id='word_1_81' title='bbox 1830 1418 1946 1473; x_wconf 92' lang='lat' dir='ltr'><strong>loco</strong></span> <span class='ocrx_word' id='word_1_82' title='bbox 1965 1418 2061 1473; x_wconf 91' lang='lat' dir='ltr'><strong>da-</strong></span> 
     </span>
    </p>
   </div>
   <div class='ocr_carea' id='block_1_12' title="bbox 470 1512 2064 1583">
    <p class='ocr_par' dir='ltr' id='par_1_12' title="bbox 470 1512 2064 1583">
     <span class='ocr_line' id='line_1_12' title="bbox 470 1512 2064 1583; baseline -0.002 -15"><span class='ocrx_word' id='word_1_83' title='bbox 470 1530 653 1568; x_wconf 85' lang='lat' dir='ltr'><strong>mnum</strong></span> <span class='ocrx_word' id='word_1_84' title='bbox 704 1515 907 1568; x_wconf 82' lang='lat' dir='ltr'><strong>ferehat</strong></span> <span class='ocrx_word' id='word_1_85' title='bbox 933 1530 946 1566; x_wconf 87' lang='lat'><strong>:</strong></span> <span class='ocrx_word' id='word_1_86' title='bbox 977 1513 1171 1583; x_wconf 87' lang='lat' dir='ltr'><strong>quippe</strong></span> <span class='ocrx_word' id='word_1_87' title='bbox 1208 1512 1298 1583; x_wconf 90' lang='lat' dir='ltr'><strong>qui</strong></span> <span class='ocrx_word' id='word_1_88' title='bbox 1318 1512 1567 1567; x_wconf 87' lang='lat' dir='ltr'><strong>currebat</strong></span> <span class='ocrx_word' id='word_1_89' title='bbox 1585 1512 1796 1583; x_wconf 86' lang='lat' dir='ltr'><strong>quidem</strong></span> <span class='ocrx_word' id='word_1_90' title='bbox 1823 1512 1889 1565; x_wconf 92' lang='lat' dir='ltr'><strong>ad</strong></span> <span class='ocrx_word' id='word_1_91' title='bbox 1921 1526 2064 1565; x_wconf 86' lang='lat' dir='ltr'><strong>mar-</strong></span> 
     </span>
    </p>
   </div>
   <div class='ocr_carea' id='block_1_13' title="bbox 470 1604 2060 1675">
    <p class='ocr_par' dir='ltr' id='par_1_13' title="bbox 470 1604 2060 1675">
     <span class='ocr_line' id='line_1_13' title="bbox 470 1604 2060 1675; baseline 0 -17"><span class='ocrx_word' id='word_1_92' title='bbox 470 1614 646 1675; x_wconf 89' lang='lat' dir='ltr'><strong>tyrum</strong></span> <span class='ocrx_word' id='word_1_93' title='bbox 695 1605 984 1675; x_wconf 85' lang='lat' dir='ltr'><strong>reliquias,</strong></span> <span class='ocrx_word' id='word_1_94' title='bbox 1012 1614 1066 1658; x_wconf 86' lang='lat' dir='ltr'><strong>at</strong></span> <span class='ocrx_word' id='word_1_95' title='bbox 1090 1620 1209 1659; x_wconf 91' lang='lat' dir='ltr'><strong>cum</strong></span> <span class='ocrx_word' id='word_1_96' title='bbox 1254 1605 1598 1675; x_wconf 78' lang='lat' dir='ltr'><strong>ambiguitate</strong></span> <span class='ocrx_word' id='word_1_97' title='bbox 1640 1614 1695 1659; x_wconf 90' lang='lat' dir='ltr'><strong>et</strong></span> <span class='ocrx_word' id='word_1_98' title='bbox 1725 1604 2060 1659; x_wconf 64' lang='lat' dir='ltr'><strong>haesitatione</strong></span> 
     </span>
    </p>
   </div>
   <div class='ocr_carea' id='block_1_14' title="bbox 471 1695 2056 1766">
    <p class='ocr_par' dir='ltr' id='par_1_14' title="bbox 471 1695 2056 1766">
     <span class='ocr_line' id='line_1_14' title="bbox 471 1695 2056 1766; baseline 0.002 -20"><span class='ocrx_word' id='word_1_99' title='bbox 471 1711 658 1765; x_wconf 82' lang='lat' dir='ltr'><strong>preces</strong></span> <span class='ocrx_word' id='word_1_100' title='bbox 687 1695 965 1762; x_wconf 72' lang='lat' dir='ltr'><strong>offerebat,</strong></span> <span class='ocrx_word' id='word_1_101' title='bbox 992 1696 1131 1765; x_wconf 86' lang='lat' dir='ltr'><strong>quod</strong></span> <span class='ocrx_word' id='word_1_102' title='bbox 1159 1704 1462 1750; x_wconf 89' lang='lat' dir='ltr'><strong>sanctorum</strong></span> <span class='ocrx_word' id='word_1_103' title='bbox 1492 1696 1737 1765; x_wconf 86' lang='lat' dir='ltr'><strong>sepulcra</strong></span> <span class='ocrx_word' id='word_1_104' title='bbox 1765 1696 2056 1766; x_wconf 76' lang='lat' dir='ltr'><strong>ignoraret,</strong></span> 
     </span>
    </p>
   </div>
   <div class='ocr_carea' id='block_1_15' title="bbox 470 1785 2062 1856">
    <p class='ocr_par' dir='ltr' id='par_1_15' title="bbox 470 1785 2062 1856">
     <span class='ocr_line' id='line_1_15' title="bbox 470 1785 2062 1856; baseline 0.002 -19"><span class='ocrx_word' id='word_1_105' title='bbox 470 1799 534 1839; x_wconf 85' lang='lat' dir='ltr'><strong>ac</strong></span> <span class='ocrx_word' id='word_1_106' title='bbox 580 1786 669 1839; x_wconf 91' lang='lat' dir='ltr'><strong>ubi</strong></span> <span class='ocrx_word' id='word_1_107' title='bbox 714 1786 821 1839; x_wconf 89' lang='lat' dir='ltr'><strong>veri</strong></span> <span class='ocrx_word' id='word_1_108' title='bbox 875 1786 948 1839; x_wconf 93' lang='lat' dir='ltr'><strong>illi</strong></span> <span class='ocrx_word' id='word_1_109' title='bbox 1002 1786 1234 1840; x_wconf 76' lang='lat' dir='ltr'><strong>thesauri</strong></span> <span class='ocrx_word' id='word_1_110' title='bbox 1281 1785 1541 1841; x_wconf 84' lang='lat' dir='ltr'><strong>reconditi</strong></span> <span class='ocrx_word' id='word_1_111' title='bbox 1568 1796 1768 1841; x_wconf 88' lang='lat' dir='ltr'><strong>essent.</strong></span> <span class='ocrx_word' id='word_1_112' title='bbox 1811 1785 2062 1856; x_wconf 90' lang='lat' dir='ltr'><strong>Idemque</strong></span> 
     </span>
    </p>
   </div>
   <div class='ocr_carea' id='block_1_16' title="bbox 471 1876 2060 1948">
    <p class='ocr_par' dir='ltr' id='par_1_16' title="bbox 471 1876 2060 1948">
     <span class='ocr_line' id='line_1_16' title="bbox 471 1876 2060 1948; baseline 0.001 -18"><span class='ocrx_word' id='word_1_113' title='bbox 471 1876 669 1931; x_wconf 88' lang='lat' dir='ltr'><strong>factum</strong></span> <span class='ocrx_word' id='word_1_114' title='bbox 686 1886 769 1932; x_wconf 91' lang='lat' dir='ltr'><strong>est</strong></span> <span class='ocrx_word' id='word_1_115' title='bbox 787 1878 948 1932; x_wconf 86' lang='lat' dir='ltr'><strong>veluti</strong></span> <span class='ocrx_word' id='word_1_116' title='bbox 967 1880 1010 1932; x_wconf 91' lang='lat' dir='ltr'><strong>si</strong></span> <span class='ocrx_word' id='word_1_117' title='bbox 1039 1893 1225 1948; x_wconf 78' lang='lat' dir='ltr'><strong>greges</strong></span> <span class='ocrx_word' id='word_1_118' title='bbox 1250 1878 1426 1932; x_wconf 87' lang='lat' dir='ltr'><strong>ovium</strong></span> <span class='ocrx_word' id='word_1_119' title='bbox 1448 1877 1661 1932; x_wconf 83' lang='lat' dir='ltr'><strong>adducti</strong></span> <span class='ocrx_word' id='word_1_120' title='bbox 1688 1878 1754 1932; x_wconf 89' lang='lat' dir='ltr'><strong>ad</strong></span> <span class='ocrx_word' id='word_1_121' title='bbox 1782 1877 2060 1947; x_wconf 68' lang='lat' dir='ltr'><strong>perfrueno</strong></span> 
     </span>
    </p>
   </div>
   <div class='ocr_carea' id='block_1_17' title="bbox 477 1967 2060 2038">
    <p class='ocr_par' dir='ltr' id='par_1_17' title="bbox 477 1967 2060 2038">
     <span class='ocr_line' id='line_1_17' title="bbox 477 1967 2060 2038; baseline 0.002 -18"><span class='ocrx_word' id='word_1_122' title='bbox 477 1967 605 2020; x_wconf 90' lang='lat' dir='ltr'><strong>dum</strong></span> <span class='ocrx_word' id='word_1_123' title='bbox 641 1968 807 2022; x_wconf 85' lang='lat' dir='ltr'><strong>alveis</strong></span> <span class='ocrx_word' id='word_1_124' title='bbox 826 1970 1000 2037; x_wconf 90' lang='lat' dir='ltr'><strong>puris,</strong></span> <span class='ocrx_word' id='word_1_125' title='bbox 1028 1969 1114 2038; x_wconf 88' lang='lat' dir='ltr'><strong>qui</strong></span> <span class='ocrx_word' id='word_1_126' title='bbox 1140 2008 1156 2034; x_wconf 93' lang='lat'><strong>,</strong></span> <span class='ocrx_word' id='word_1_127' title='bbox 1186 1968 1275 2022; x_wconf 91' lang='lat' dir='ltr'><strong>ubi</strong></span> <span class='ocrx_word' id='word_1_128' title='bbox 1318 1968 1383 2022; x_wconf 89' lang='lat' dir='ltr'><strong>ad</strong></span> <span class='ocrx_word' id='word_1_129' title='bbox 1414 1968 1589 2023; x_wconf 86' lang='lat' dir='ltr'><strong>fontes</strong></span> <span class='ocrx_word' id='word_1_130' title='bbox 1617 1969 1865 2038; x_wconf 87' lang='lat' dir='ltr'><strong>limpidos</strong></span> <span class='ocrx_word' id='word_1_131' title='bbox 1896 1984 2060 2025; x_wconf 86' lang='lat' dir='ltr'><strong>vene-</strong></span> 
     </span>
    </p>
   </div>
   <div class='ocr_carea' id='block_1_18' title="bbox 470 2056 2057 2127">
    <p class='ocr_par' dir='ltr' id='par_1_18' title="bbox 470 2056 2057 2127">
     <span class='ocr_line' id='line_1_18' title="bbox 470 2056 2057 2127; baseline 0.002 -16"><span class='ocrx_word' id='word_1_132' title='bbox 470 2057 612 2121; x_wconf 88' lang='lat' dir='ltr'><strong>rint,</strong></span> <span class='ocrx_word' id='word_1_133' title='bbox 647 2067 781 2111; x_wconf 91' lang='lat' dir='ltr'><strong>tetro</strong></span> <span class='ocrx_word' id='word_1_134' title='bbox 808 2057 1036 2127; x_wconf 87' lang='lat' dir='ltr'><strong>quodam</strong></span> <span class='ocrx_word' id='word_1_135' title='bbox 1058 2058 1224 2112; x_wconf 89' lang='lat' dir='ltr'><strong>odore</strong></span> <span class='ocrx_word' id='word_1_136' title='bbox 1251 2067 1408 2127; x_wconf 88' lang='lat' dir='ltr'><strong>atque</strong></span> <span class='ocrx_word' id='word_1_137' title='bbox 1436 2056 1628 2113; x_wconf 67' lang='lat' dir='ltr'><strong>fauore</strong></span> <span class='ocrx_word' id='word_1_138' title='bbox 1655 2058 1868 2114; x_wconf 87' lang='lat' dir='ltr'><strong>aliunde</strong></span> <span class='ocrx_word' id='word_1_139' title='bbox 1885 2074 2057 2114; x_wconf 86' lang='lat' dir='ltr'><strong>comt-</strong></span> 
     </span>
    </p>
   </div>
   <div class='ocr_carea' id='block_1_19' title="bbox 471 2150 2059 2219">
    <p class='ocr_par' dir='ltr' id='par_1_19' title="bbox 471 2150 2059 2219">
     <span class='ocr_line' id='line_1_19' title="bbox 471 2150 2059 2219; baseline 0.002 -15"><span class='ocrx_word' id='word_1_140' title='bbox 471 2150 554 2204; x_wconf 89' lang='lat' dir='ltr'><strong>nis</strong></span> <span class='ocrx_word' id='word_1_141' title='bbox 579 2159 927 2219; x_wconf 87' lang='lat' dir='ltr'><strong>erumpente,</strong></span> <span class='ocrx_word' id='word_1_142' title='bbox 977 2150 1167 2204; x_wconf 90' lang='lat' dir='ltr'><strong>iterum</strong></span> <span class='ocrx_word' id='word_1_143' title='bbox 1222 2150 1606 2206; x_wconf 90' lang='lat' dir='ltr'><strong>inhibeantur:</strong></span> <span class='ocrx_word' id='word_1_144' title='bbox 1658 2152 1727 2205; x_wconf 90' lang='lat' dir='ltr'><strong>ita</strong></span> <span class='ocrx_word' id='word_1_145' title='bbox 1771 2159 1825 2206; x_wconf 91' lang='lat' dir='ltr'><strong>et</strong></span> <span class='ocrx_word' id='word_1_146' title='bbox 1871 2153 1923 2205; x_wconf 90' lang='lat' dir='ltr'><strong>in</strong></span> <span class='ocrx_word' id='word_1_147' title='bbox 1953 2151 2059 2207; x_wconf 90' lang='lat' dir='ltr'><strong>isto</strong></span> 
     </span>
    </p>
   </div>
   <div class='ocr_carea' id='block_1_20' title="bbox 469 2244 2054 2314">
    <p class='ocr_par' dir='ltr' id='par_1_20' title="bbox 469 2244 2054 2314">
     <span class='ocr_line' id='line_1_20' title="bbox 469 2244 2054 2314; baseline 0.002 -16"><span class='ocrx_word' id='word_1_148' title='bbox 469 2244 595 2298; x_wconf 83' lang='lat' dir='ltr'><strong>ovili</strong></span> <span class='ocrx_word' id='word_1_149' title='bbox 631 2245 868 2314; x_wconf 76' lang='lat' dir='ltr'><strong>contigit.</strong></span> <span class='ocrx_word' id='word_1_150' title='bbox 925 2245 1038 2299; x_wconf 89' lang='lat' dir='ltr'><strong>Ibat</strong></span> <span class='ocrx_word' id='word_1_151' title='bbox 1091 2244 1307 2313; x_wconf 88' lang='lat' dir='ltr'><strong>quidem</strong></span> <span class='ocrx_word' id='word_1_152' title='bbox 1356 2244 1581 2313; x_wconf 86' lang='lat' dir='ltr'><strong>pepulus</strong></span> <span class='ocrx_word' id='word_1_153' title='bbox 1636 2244 1701 2298; x_wconf 89' lang='lat' dir='ltr'><strong>ad</strong></span> <span class='ocrx_word' id='word_1_154' title='bbox 1744 2259 1904 2313; x_wconf 89' lang='lat' dir='ltr'><strong>puros</strong></span> <span class='ocrx_word' id='word_1_155' title='bbox 1934 2246 2054 2301; x_wconf 89' lang='lat' dir='ltr'><strong>illos</strong></span> 
     </span>
    </p>
   </div>
   <div class='ocr_carea' id='block_1_21' title="bbox 469 2332 2059 2409">
    <p class='ocr_par' dir='ltr' id='par_1_21' title="bbox 469 2332 2059 2409">
     <span class='ocr_line' id='line_1_21' title="bbox 469 2332 2059 2409; baseline 0.001 -21"><span class='ocrx_word' id='word_1_156' title='bbox 469 2343 762 2409; x_wconf 81' lang='lat' dir='ltr'><strong>martyrum</strong></span> <span class='ocrx_word' id='word_1_157' title='bbox 791 2334 981 2399; x_wconf 87' lang='lat' dir='ltr'><strong>fontes,</strong></span> <span class='ocrx_word' id='word_1_158' title='bbox 1009 2334 1103 2388; x_wconf 90' lang='lat' dir='ltr'><strong>sed</strong></span> <span class='ocrx_word' id='word_1_159' title='bbox 1130 2334 1256 2388; x_wconf 91' lang='lat' dir='ltr'><strong>dum</strong></span> <span class='ocrx_word' id='word_1_160' title='bbox 1280 2332 1524 2389; x_wconf 77' lang='lat' dir='ltr'><strong>fmtorem</strong></span> <span class='ocrx_word' id='word_1_161' title='bbox 1548 2333 1916 2388; x_wconf 69' lang='lat' dir='ltr'><strong>haereticorum</strong></span> <span class='ocrx_word' id='word_1_162' title='bbox 1934 2334 2059 2390; x_wconf 86' lang='lat' dir='ltr'><strong>inde</strong></span> 
     </span>
    </p>
   </div>
   <div class='ocr_carea' id='block_1_22' title="bbox 468 2426 2052 2497">
    <p class='ocr_par' dir='ltr' id='par_1_22' title="bbox 468 2426 2052 2497">
     <span class='ocr_line' id='line_1_22' title="bbox 468 2426 2052 2497; baseline -0.002 -12"><span class='ocrx_word' id='word_1_163' title='bbox 468 2432 711 2485; x_wconf 91' lang='lat' dir='ltr'><strong>cominus</strong></span> <span class='ocrx_word' id='word_1_164' title='bbox 755 2436 1121 2497; x_wconf 82' lang='lat' dir='ltr'><strong>erumpentem</strong></span> <span class='ocrx_word' id='word_1_165' title='bbox 1151 2427 1407 2491; x_wconf 88' lang='lat' dir='ltr'><strong>sentiret,</strong></span> <span class='ocrx_word' id='word_1_166' title='bbox 1464 2436 1658 2481; x_wconf 80' lang='lat' dir='ltr'><strong>iterum</strong></span> <span class='ocrx_word' id='word_1_167' title='bbox 1697 2426 2052 2482; x_wconf 87' lang='lat' dir='ltr'><strong>inhibebatur.</strong></span> 
     </span>
    </p>
   </div>
   <div class='ocr_carea' id='block_1_23' title="bbox 468 2516 2056 2590">
    <p class='ocr_par' dir='ltr' id='par_1_23' title="bbox 468 2516 2056 2590">
     <span class='ocr_line' id='line_1_23' title="bbox 468 2516 2056 2590; baseline -0.001 -15"><span class='ocrx_word' id='word_1_168' title='bbox 468 2522 622 2590; x_wconf 86' lang='lat' dir='ltr'><strong>Quod</strong></span> <span class='ocrx_word' id='word_1_169' title='bbox 643 2520 859 2590; x_wconf 83' lang='lat' dir='ltr'><strong>quidem</strong></span> <span class='ocrx_word' id='word_1_170' title='bbox 907 2519 1243 2587; x_wconf 86' lang='lat' dir='ltr'><strong>conspiciens</strong></span> <span class='ocrx_word' id='word_1_171' title='bbox 1296 2516 1526 2586; x_wconf 85' lang='lat' dir='ltr'><strong>prudens</strong></span> <span class='ocrx_word' id='word_1_172' title='bbox 1550 2516 1641 2572; x_wconf 89' lang='lat' dir='ltr'><strong>hic</strong></span> <span class='ocrx_word' id='word_1_173' title='bbox 1682 2526 1865 2586; x_wconf 86' lang='lat' dir='ltr'><strong>pastor</strong></span> <span class='ocrx_word' id='word_1_174' title='bbox 1897 2527 2056 2588; x_wconf 82' lang='lat' dir='ltr'><strong>atque</strong></span> 
     </span>
    </p>
   </div>
   <div class='ocr_carea' id='block_1_24' title="bbox 467 2608 2053 2683">
    <p class='ocr_par' dir='ltr' id='par_1_24' title="bbox 467 2608 2053 2683">
     <span class='ocr_line' id='line_1_24' title="bbox 467 2608 2053 2683; baseline -0.003 -17"><span class='ocrx_word' id='word_1_175' title='bbox 467 2614 738 2683; x_wconf 82' lang='lat' dir='ltr'><strong>magister,</strong></span> <span class='ocrx_word' id='word_1_176' title='bbox 757 2619 945 2667; x_wconf 89' lang='lat' dir='ltr'><strong>cuncta</strong></span> <span class='ocrx_word' id='word_1_177' title='bbox 964 2609 1028 2662; x_wconf 86' lang='lat' dir='ltr'><strong>ad</strong></span> <span class='ocrx_word' id='word_1_178' title='bbox 1044 2609 1295 2663; x_wconf 63' lang='lat' dir='ltr'><strong>Ecclesia:</strong></span> <span class='ocrx_word' id='word_1_179' title='bbox 1317 2608 1720 2663; x_wconf 74' lang='lat' dir='ltr'><strong>aediﬁcationem</strong></span> <span class='ocrx_word' id='word_1_180' title='bbox 1743 2608 2053 2678; x_wconf 88' lang='lat' dir='ltr'><strong>disponens,</strong></span> 
     </span>
    </p>
   </div>
   <div class='ocr_carea' id='block_1_25' title="bbox 469 2701 2051 2774">
    <p class='ocr_par' dir='ltr' id='par_1_25' title="bbox 469 2701 2051 2774">
     <span class='ocr_line' id='line_1_25' title="bbox 469 2701 2051 2774; baseline -0.002 -16"><span class='ocrx_word' id='word_1_181' title='bbox 469 2719 575 2760; x_wconf 88' lang='lat' dir='ltr'><strong>non</strong></span> <span class='ocrx_word' id='word_1_182' title='bbox 616 2716 698 2758; x_wconf 90' lang='lat' dir='ltr'><strong>est</strong></span> <span class='ocrx_word' id='word_1_183' title='bbox 745 2717 930 2774; x_wconf 88' lang='lat' dir='ltr'><strong>passus</strong></span> <span class='ocrx_word' id='word_1_184' title='bbox 957 2701 1045 2755; x_wconf 93' lang='lat' dir='ltr'><strong>diu</strong></span> <span class='ocrx_word' id='word_1_185' title='bbox 1096 2702 1197 2756; x_wconf 91' lang='lat' dir='ltr'><strong>hoc</strong></span> <span class='ocrx_word' id='word_1_186' title='bbox 1246 2701 1499 2755; x_wconf 84' lang='lat' dir='ltr'><strong>damnum</strong></span> <span class='ocrx_word' id='word_1_187' title='bbox 1541 2716 1636 2770; x_wconf 90' lang='lat' dir='ltr'><strong>pro</strong></span> <span class='ocrx_word' id='word_1_188' title='bbox 1686 2701 1788 2755; x_wconf 87' lang='lat' dir='ltr'><strong>levi</strong></span> <span class='ocrx_word' id='word_1_189' title='bbox 1831 2701 2051 2767; x_wconf 83' lang='lat' dir='ltr'><strong>haberi,</strong></span> 
     </span>
    </p>
   </div>
   <div class='ocr_carea' id='block_1_26' title="bbox 469 2791 2055 2863">
    <p class='ocr_par' dir='ltr' id='par_1_26' title="bbox 469 2791 2055 2863">
     <span class='ocr_line' id='line_1_26' title="bbox 469 2791 2055 2863; baseline 0 -15"><span class='ocrx_word' id='word_1_190' title='bbox 469 2794 683 2850; x_wconf 80' lang='lat' dir='ltr'><strong>fervens</strong></span> <span class='ocrx_word' id='word_1_191' title='bbox 728 2794 814 2848; x_wconf 92' lang='lat' dir='ltr'><strong>hic</strong></span> <span class='ocrx_word' id='word_1_192' title='bbox 840 2803 1048 2849; x_wconf 90' lang='lat' dir='ltr'><strong>amator</strong></span> <span class='ocrx_word' id='word_1_193' title='bbox 1087 2800 1141 2846; x_wconf 92' lang='lat' dir='ltr'><strong>et</strong></span> <span class='ocrx_word' id='word_1_194' title='bbox 1169 2791 1450 2847; x_wconf 80' lang='lat' dir='ltr'><strong>aemulator</strong></span> <span class='ocrx_word' id='word_1_195' title='bbox 1478 2799 1772 2863; x_wconf 89' lang='lat' dir='ltr'><strong>martyrum</strong></span> <span class='ocrx_word' id='word_1_196' title='bbox 1822 2793 1920 2863; x_wconf 91' lang='lat' dir='ltr'><strong>(a).</strong></span> <span class='ocrx_word' id='word_1_197' title='bbox 1949 2792 2055 2848; x_wconf 89' lang='lat' dir='ltr'><strong>Sed</strong></span> 
     </span>
    </p>
   </div>
   <div class='ocr_carea' id='block_1_27' title="bbox 467 2885 2052 2957">
    <p class='ocr_par' dir='ltr' id='par_1_27' title="bbox 467 2885 2052 2957">
     <span class='ocr_line' id='line_1_27' title="bbox 467 2885 2052 2957; baseline 0.001 -17"><span class='ocrx_word' id='word_1_198' title='bbox 467 2887 592 2955; x_wconf 91' lang='lat' dir='ltr'><strong>quid</strong></span> <span class='ocrx_word' id='word_1_199' title='bbox 620 2887 766 2957; x_wconf 88' lang='lat' dir='ltr'><strong>agit?</strong></span> <span class='ocrx_word' id='word_1_200' title='bbox 795 2887 1030 2956; x_wconf 80' lang='lat' dir='ltr'><strong>ASpieite</strong></span> <span class='ocrx_word' id='word_1_201' title='bbox 1055 2885 1368 2954; x_wconf 83' lang='lat' dir='ltr'><strong>sapientiam</strong></span> <span class='ocrx_word' id='word_1_202' title='bbox 1408 2885 1526 2955; x_wconf 89' lang='lat' dir='ltr'><strong>ejus</strong></span> <span class='ocrx_word' id='word_1_203' title='bbox 1555 2902 1569 2938; x_wconf 88' lang='lat'><strong>:</strong></span> <span class='ocrx_word' id='word_1_204' title='bbox 1600 2886 1808 2941; x_wconf 90' lang='lat' dir='ltr'><strong>turbida</strong></span> <span class='ocrx_word' id='word_1_205' title='bbox 1838 2886 2052 2956; x_wconf 90' lang='lat' dir='ltr'><strong>quidem</strong></span> 
     </span>
    </p>
   </div>
   <div class='ocr_carea' id='block_1_28' title="bbox 467 2977 2050 3046">
    <p class='ocr_par' dir='ltr' id='par_1_28' title="bbox 467 2977 2050 3046">
     <span class='ocr_line' id='line_1_28' title="bbox 467 2977 2050 3046; baseline -0.001 -13"><span class='ocrx_word' id='word_1_206' title='bbox 467 2994 532 3034; x_wconf 90' lang='lat' dir='ltr'><strong>ac</strong></span> <span class='ocrx_word' id='word_1_207' title='bbox 557 2980 737 3035; x_wconf 65' lang='lat' dir='ltr'><strong>fretida</strong></span> <span class='ocrx_word' id='word_1_208' title='bbox 779 2980 974 3034; x_wconf 83' lang='lat' dir='ltr'><strong>ﬂuenta</strong></span> <span class='ocrx_word' id='word_1_209' title='bbox 1005 2977 1219 3041; x_wconf 89' lang='lat' dir='ltr'><strong>obruit,</strong></span> <span class='ocrx_word' id='word_1_210' title='bbox 1264 2986 1423 3046; x_wconf 89' lang='lat' dir='ltr'><strong>atque</strong></span> <span class='ocrx_word' id='word_1_211' title='bbox 1445 2977 1712 3032; x_wconf 82' lang='lat' dir='ltr'><strong>obstruxit</strong></span> <span class='ocrx_word' id='word_1_212' title='bbox 1749 2978 2005 3033; x_wconf 88' lang='lat' dir='ltr'><strong>deorsum</strong></span> <span class='ocrx_word' id='word_1_213' title='bbox 2035 2995 2050 3032; x_wconf 88' lang='lat'><strong>:</strong></span> 
     </span>
    </p>
   </div>
   <div class='ocr_carea' id='block_1_29' title="bbox 469 3069 2053 3143">
    <p class='ocr_par' dir='ltr' id='par_1_29' title="bbox 469 3069 2053 3143">
     <span class='ocr_line' id='line_1_29' title="bbox 469 3069 2053 3143; baseline 0.001 -19"><span class='ocrx_word' id='word_1_214' title='bbox 469 3086 633 3141; x_wconf 88' lang='lat' dir='ltr'><strong>puros</strong></span> <span class='ocrx_word' id='word_1_215' title='bbox 651 3082 828 3126; x_wconf 87' lang='lat' dir='ltr'><strong>autem</strong></span> <span class='ocrx_word' id='word_1_216' title='bbox 856 3081 1148 3143; x_wconf 86' lang='lat' dir='ltr'><strong>martyrum</strong></span> <span class='ocrx_word' id='word_1_217' title='bbox 1176 3069 1350 3124; x_wconf 86' lang='lat' dir='ltr'><strong>fontes</strong></span> <span class='ocrx_word' id='word_1_218' title='bbox 1376 3084 1618 3125; x_wconf 87' lang='lat' dir='ltr'><strong>seorsum</strong></span> <span class='ocrx_word' id='word_1_219' title='bbox 1645 3070 1698 3125; x_wconf 92' lang='lat' dir='ltr'><strong>in</strong></span> <span class='ocrx_word' id='word_1_220' title='bbox 1732 3085 1868 3141; x_wconf 86' lang='lat' dir='ltr'><strong>puro</strong></span> <span class='ocrx_word' id='word_1_221' title='bbox 1895 3086 2053 3127; x_wconf 89' lang='lat' dir='ltr'><strong>mun-</strong></span> 
     </span>
    </p>
   </div>
   <div class='ocr_carea' id='block_1_30' title="bbox 467 3160 2051 3232">
    <p class='ocr_par' dir='ltr' id='par_1_30' title="bbox 467 3160 2051 3232">
     <span class='ocr_line' id='line_1_30' title="bbox 467 3160 2051 3232; baseline 0 -16"><span class='ocrx_word' id='word_1_222' title='bbox 467 3162 643 3232; x_wconf 90' lang='lat' dir='ltr'><strong>doque</strong></span> <span class='ocrx_word' id='word_1_223' title='bbox 690 3163 806 3218; x_wconf 90' lang='lat' dir='ltr'><strong>loco</strong></span> <span class='ocrx_word' id='word_1_224' title='bbox 850 3161 1151 3218; x_wconf 88' lang='lat' dir='ltr'><strong>collocavit.</strong></span> <span class='ocrx_word' id='word_1_225' title='bbox 1200 3160 1546 3216; x_wconf 87' lang='lat' dir='ltr'><strong>Considerate</strong></span> <span class='ocrx_word' id='word_1_226' title='bbox 1592 3161 1755 3216; x_wconf 90' lang='lat' dir='ltr'><strong>etiam</strong></span> <span class='ocrx_word' id='word_1_227' title='bbox 1798 3170 2051 3232; x_wconf 87' lang='lat' dir='ltr'><strong>quantam</strong></span> 
     </span>
    </p>
   </div>
   <div class='ocr_carea' id='block_1_31' title="bbox 467 3250 2053 3324">
    <p class='ocr_par' dir='ltr' id='par_1_31' title="bbox 467 3250 2053 3324">
     <span class='ocr_line' id='line_1_31' title="bbox 467 3250 2053 3324; baseline 0 -17"><span class='ocrx_word' id='word_1_228' title='bbox 467 3268 593 3322; x_wconf 89' lang='lat' dir='ltr'><strong>erga</strong></span> <span class='ocrx_word' id='word_1_229' title='bbox 625 3257 728 3307; x_wconf 89' lang='lat' dir='ltr'><strong>vita</strong></span> <span class='ocrx_word' id='word_1_230' title='bbox 758 3252 963 3307; x_wconf 89' lang='lat' dir='ltr'><strong>functos</strong></span> <span class='ocrx_word' id='word_1_231' title='bbox 993 3250 1295 3307; x_wconf 78' lang='lat' dir='ltr'><strong>exhibuerit</strong></span> <span class='ocrx_word' id='word_1_232' title='bbox 1317 3250 1719 3315; x_wconf 88' lang='lat' dir='ltr'><strong>humanitatem,</strong></span> <span class='ocrx_word' id='word_1_233' title='bbox 1750 3260 1910 3323; x_wconf 89' lang='lat' dir='ltr'><strong>atque</strong></span> <span class='ocrx_word' id='word_1_234' title='bbox 1926 3268 2053 3324; x_wconf 86' lang='lat' dir='ltr'><strong>erga</strong></span> 
     </span>
    </p>
   </div>
   <div class='ocr_carea' id='block_1_32' title="bbox 467 3342 2053 3415">
    <p class='ocr_par' dir='ltr' id='par_1_32' title="bbox 467 3342 2053 3415">
     <span class='ocr_line' id='line_1_32' title="bbox 467 3342 2053 3415; baseline 0.004 -20"><span class='ocrx_word' id='word_1_235' title='bbox 467 3353 730 3415; x_wconf 89' lang='lat' dir='ltr'><strong>martyres</strong></span> <span class='ocrx_word' id='word_1_236' title='bbox 760 3343 1014 3399; x_wconf 84' lang='lat' dir='ltr'><strong>honorem</strong></span> <span class='ocrx_word' id='word_1_237' title='bbox 1035 3385 1051 3410; x_wconf 95' lang='lat'><strong>,</strong></span> <span class='ocrx_word' id='word_1_238' title='bbox 1076 3352 1130 3399; x_wconf 91' lang='lat' dir='ltr'><strong>et</strong></span> <span class='ocrx_word' id='word_1_239' title='bbox 1158 3344 1208 3397; x_wconf 92' lang='lat' dir='ltr'><strong>in</strong></span> <span class='ocrx_word' id='word_1_240' title='bbox 1239 3342 1491 3414; x_wconf 85' lang='lat' dir='ltr'><strong>pepulum</strong></span> <span class='ocrx_word' id='word_1_241' title='bbox 1518 3357 1722 3398; x_wconf 88' lang='lat' dir='ltr'><strong>curam.</strong></span> <span class='ocrx_word' id='word_1_242' title='bbox 1748 3344 1886 3414; x_wconf 87' lang='lat' dir='ltr'><strong>Erga</strong></span> <span class='ocrx_word' id='word_1_243' title='bbox 1908 3359 2053 3400; x_wconf 88' lang='lat' dir='ltr'><strong>mor-</strong></span> 
     </span>
    </p>
   </div>
   <div class='ocr_carea' id='block_1_33' title="bbox 469 3434 2051 3507">
    <p class='ocr_par' dir='ltr' id='par_1_33' title="bbox 469 3434 2051 3507">
     <span class='ocr_line' id='line_1_33' title="bbox 469 3434 2051 3507; baseline 0.003 -20"><span class='ocrx_word' id='word_1_244' title='bbox 469 3444 590 3490; x_wconf 89' lang='lat' dir='ltr'><strong>tuos</strong></span> <span class='ocrx_word' id='word_1_245' title='bbox 617 3436 830 3507; x_wconf 89' lang='lat' dir='ltr'><strong>quidem</strong></span> <span class='ocrx_word' id='word_1_246' title='bbox 875 3435 1254 3491; x_wconf 78' lang='lat' dir='ltr'><strong>humanitatem</strong></span> <span class='ocrx_word' id='word_1_247' title='bbox 1274 3476 1289 3500; x_wconf 93' lang='lat'><strong>,</strong></span> <span class='ocrx_word' id='word_1_248' title='bbox 1320 3434 1461 3504; x_wconf 87' lang='lat' dir='ltr'><strong>quod</strong></span> <span class='ocrx_word' id='word_1_249' title='bbox 1491 3449 1585 3489; x_wconf 86' lang='lat' dir='ltr'><strong>eos</strong></span> <span class='ocrx_word' id='word_1_250' title='bbox 1614 3434 1734 3490; x_wconf 92' lang='lat' dir='ltr'><strong>loco</strong></span> <span class='ocrx_word' id='word_1_251' title='bbox 1785 3450 1890 3491; x_wconf 91' lang='lat' dir='ltr'><strong>non</strong></span> <span class='ocrx_word' id='word_1_252' title='bbox 1932 3451 2051 3492; x_wconf 85' lang='lat' dir='ltr'><strong>mo-</strong></span> 
     </span>
    </p>
   </div>
   <div class='ocr_carea' id='block_1_34' title="bbox 466 3526 2051 3598">
    <p class='ocr_par' dir='ltr' id='par_1_34' title="bbox 466 3526 2051 3598">
     <span class='ocr_line' id='line_1_34' title="bbox 466 3526 2051 3598; baseline 0.001 -19"><span class='ocrx_word' id='word_1_253' title='bbox 466 3528 624 3592; x_wconf 85' lang='lat' dir='ltr'><strong>verit,</strong></span> <span class='ocrx_word' id='word_1_254' title='bbox 646 3526 739 3582; x_wconf 85' lang='lat' dir='ltr'><strong>sed</strong></span> <span class='ocrx_word' id='word_1_255' title='bbox 760 3527 848 3583; x_wconf 88' lang='lat' dir='ltr'><strong>ubi</strong></span> <span class='ocrx_word' id='word_1_256' title='bbox 878 3534 1050 3595; x_wconf 89' lang='lat' dir='ltr'><strong>erant,</strong></span> <span class='ocrx_word' id='word_1_257' title='bbox 1080 3526 1152 3581; x_wconf 89' lang='lat' dir='ltr'><strong>ibi</strong></span> <span class='ocrx_word' id='word_1_258' title='bbox 1181 3526 1486 3596; x_wconf 83' lang='lat' dir='ltr'><strong>reliquerit;</strong></span> <span class='ocrx_word' id='word_1_259' title='bbox 1515 3540 1641 3596; x_wconf 81' lang='lat' dir='ltr'><strong>erga</strong></span> <span class='ocrx_word' id='word_1_260' title='bbox 1666 3536 1929 3598; x_wconf 88' lang='lat' dir='ltr'><strong>martyres</strong></span> <span class='ocrx_word' id='word_1_261' title='bbox 1953 3542 2051 3581; x_wconf 89' lang='lat' dir='ltr'><strong>au-</strong></span> 
     </span>
    </p>
   </div>
   <div class='ocr_carea' id='block_1_35' title="bbox 469 3616 2046 3685">
    <p class='ocr_par' dir='ltr' id='par_1_35' title="bbox 469 3616 2046 3685">
     <span class='ocr_line' id='line_1_35' title="bbox 469 3616 2046 3685; baseline 0.002 -15"><span class='ocrx_word' id='word_1_262' title='bbox 469 3626 575 3672; x_wconf 90' lang='lat' dir='ltr'><strong>tem</strong></span> <span class='ocrx_word' id='word_1_263' title='bbox 604 3617 896 3682; x_wconf 90' lang='lat' dir='ltr'><strong>honorem,</strong></span> <span class='ocrx_word' id='word_1_264' title='bbox 930 3631 1023 3672; x_wconf 91' lang='lat' dir='ltr'><strong>eos</strong></span> <span class='ocrx_word' id='word_1_265' title='bbox 1064 3617 1132 3670; x_wconf 91' lang='lat' dir='ltr'><strong>ab</strong></span> <span class='ocrx_word' id='word_1_266' title='bbox 1170 3616 1409 3685; x_wconf 86' lang='lat' dir='ltr'><strong>improba</strong></span> <span class='ocrx_word' id='word_1_267' title='bbox 1437 3616 1709 3671; x_wconf 88' lang='lat' dir='ltr'><strong>vicinitate</strong></span> <span class='ocrx_word' id='word_1_268' title='bbox 1757 3619 1999 3672; x_wconf 84' lang='lat' dir='ltr'><strong>eximens</strong></span> <span class='ocrx_word' id='word_1_269' title='bbox 2031 3636 2046 3672; x_wconf 92' lang='lat'><strong>:</strong></span> 
     </span>
    </p>
   </div>
   <div class='ocr_carea' id='block_1_36' title="bbox 465 3705 2050 3776">
    <p class='ocr_par' dir='ltr' id='par_1_36' title="bbox 465 3705 2050 3776">
     <span class='ocr_line' id='line_1_36' title="bbox 465 3705 2050 3776; baseline 0.002 -16"><span class='ocrx_word' id='word_1_270' title='bbox 465 3721 593 3776; x_wconf 87' lang='lat' dir='ltr'><strong>erga</strong></span> <span class='ocrx_word' id='word_1_271' title='bbox 642 3708 890 3775; x_wconf 90' lang='lat' dir='ltr'><strong>populum</strong></span> <span class='ocrx_word' id='word_1_272' title='bbox 916 3722 1044 3761; x_wconf 88' lang='lat' dir='ltr'><strong>vero</strong></span> <span class='ocrx_word' id='word_1_273' title='bbox 1074 3721 1255 3760; x_wconf 89' lang='lat' dir='ltr'><strong>curam</strong></span> <span class='ocrx_word' id='word_1_274' title='bbox 1282 3716 1441 3775; x_wconf 89' lang='lat' dir='ltr'><strong>atque</strong></span> <span class='ocrx_word' id='word_1_275' title='bbox 1466 3705 1878 3762; x_wconf 87' lang='lat' dir='ltr'><strong>sollicitudinem</strong></span> <span class='ocrx_word' id='word_1_276' title='bbox 1899 3750 1914 3773; x_wconf 89' lang='lat'><strong>,</strong></span> <span class='ocrx_word' id='word_1_277' title='bbox 1944 3724 2050 3764; x_wconf 90' lang='lat' dir='ltr'><strong>non</strong></span> 
     </span>
    </p>
   </div>
   <div class='ocr_carea' id='block_1_37' title="bbox 470 3797 2051 3868">
    <p class='ocr_par' dir='ltr' id='par_1_37' title="bbox 470 3797 2051 3868">
     <span class='ocr_line' id='line_1_37' title="bbox 470 3797 2051 3868; baseline 0.003 -16"><span class='ocrx_word' id='word_1_278' title='bbox 470 3798 781 3866; x_wconf 88' lang='lat' dir='ltr'><strong>permittens</strong></span> <span class='ocrx_word' id='word_1_279' title='bbox 801 3813 895 3852; x_wconf 91' lang='lat' dir='ltr'><strong>eos</strong></span> <span class='ocrx_word' id='word_1_280' title='bbox 930 3797 1158 3868; x_wconf 90' lang='lat' dir='ltr'><strong>amplius</strong></span> <span class='ocrx_word' id='word_1_281' title='bbox 1172 3812 1291 3853; x_wconf 91' lang='lat' dir='ltr'><strong>cum</strong></span> <span class='ocrx_word' id='word_1_282' title='bbox 1310 3797 1621 3854; x_wconf 90' lang='lat' dir='ltr'><strong>discrimine</strong></span> <span class='ocrx_word' id='word_1_283' title='bbox 1642 3806 1696 3853; x_wconf 92' lang='lat' dir='ltr'><strong>et</strong></span> <span class='ocrx_word' id='word_1_284' title='bbox 1717 3799 2051 3856; x_wconf 65' lang='lat' dir='ltr'><strong>haesitatione</strong></span> 
     </span>
    </p>
   </div>
   <div class='ocr_carea' id='block_1_38' title="bbox 463 3878 1573 3960">
    <p class='ocr_par' dir='ltr' id='par_1_38' title="bbox 463 3878 1573 3960">
     <span class='ocr_line' id='line_1_38' title="bbox 463 3878 1573 3960; baseline -0.002 -16"><span class='ocrx_word' id='word_1_285' title='bbox 463 3903 589 3944; x_wconf 84' lang='lat' dir='ltr'><strong>suas</strong></span> <span class='ocrx_word' id='word_1_286' title='bbox 616 3904 801 3960; x_wconf 87' lang='lat' dir='ltr'><strong>preces</strong></span> <span class='ocrx_word' id='word_1_287' title='bbox 827 3889 1072 3946; x_wconf 81' lang='lat' dir='ltr'><strong>fundere.</strong></span> <span class='ocrx_word' id='word_1_288' title='bbox 1568 3878 1573 3883; x_wconf 62' lang='grc'><em>’</em></span> 
     </span>
    </p>
   </div>
   <div class='ocr_carea' id='block_1_39' title="bbox 536 3982 2050 4054">
    <p class='ocr_par' dir='ltr' id='par_1_39' title="bbox 536 3982 2050 4054">
     <span class='ocr_line' id='line_1_39' title="bbox 536 3982 2050 4054; baseline 0.003 -19"><span class='ocrx_word' id='word_1_289' title='bbox 536 3982 716 4053; x_wconf 82' lang='lat' dir='ltr'><strong>Angeli</strong></span> <span class='ocrx_word' id='word_1_290' title='bbox 733 3982 919 4036; x_wconf 78' lang='lat' dir='ltr'><strong>adsunt</strong></span> <span class='ocrx_word' id='word_1_291' title='bbox 937 3983 992 4036; x_wconf 84' lang='lat' dir='ltr'><strong>in</strong></span> <span class='ocrx_word' id='word_1_292' title='bbox 1016 3983 1226 4038; x_wconf 78' lang='lat' dir='ltr'><strong>ecclesia</strong></span> <span class='ocrx_word' id='word_1_293' title='bbox 1249 3993 1295 4038; x_wconf 82' lang='lat' dir='ltr'><strong>et</strong></span> <span class='ocrx_word' id='word_1_294' title='bbox 1324 3983 1524 4054; x_wconf 85' lang='lat' dir='ltr'><strong>ubique.</strong></span> <span class='ocrx_word' id='word_1_295' title='bbox 1548 4014 1615 4024; x_wconf 92' lang='lat'><strong>-—</strong></span> <span class='ocrx_word' id='word_1_296' title='bbox 1637 3984 1927 4053; x_wconf 84' lang='lat' dir='ltr'><strong>Propterea</strong></span> <span class='ocrx_word' id='word_1_297' title='bbox 1954 4000 2050 4041; x_wconf 88' lang='lat' dir='ltr'><strong>vos</strong></span> 
     </span>
    </p>
   </div>
   <div class='ocr_carea' id='block_1_40' title="bbox 465 4072 2053 4146">
    <p class='ocr_par' dir='ltr' id='par_1_40' title="bbox 465 4072 2053 4146">
     <span class='ocr_line' id='line_1_40' title="bbox 465 4072 2053 4146; baseline 0.003 -20"><span class='ocrx_word' id='word_1_298' title='bbox 465 4072 569 4127; x_wconf 92' lang='lat' dir='ltr'><strong>huc</strong></span> <span class='ocrx_word' id='word_1_299' title='bbox 587 4072 904 4127; x_wconf 79' lang='lat' dir='ltr'><strong>adduximus</strong></span> <span class='ocrx_word' id='word_1_300' title='bbox 923 4114 938 4139; x_wconf 93' lang='lat'><strong>,</strong></span> <span class='ocrx_word' id='word_1_301' title='bbox 967 4081 1027 4126; x_wconf 91' lang='lat' dir='ltr'><strong>ut</strong></span> <span class='ocrx_word' id='word_1_302' title='bbox 1052 4074 1307 4128; x_wconf 80' lang='lat' dir='ltr'><strong>illllSll‘iOl‘</strong></span> <span class='ocrx_word' id='word_1_303' title='bbox 1332 4083 1628 4129; x_wconf 86' lang='lat' dir='ltr'><strong>conventus</strong></span> <span class='ocrx_word' id='word_1_304' title='bbox 1658 4077 1843 4141; x_wconf 88' lang='lat' dir='ltr'><strong>lieret,</strong></span> <span class='ocrx_word' id='word_1_305' title='bbox 1872 4076 2053 4146; x_wconf 87' lang='lat' dir='ltr'><strong>splen-</strong></span> 
     </span>
    </p>
   </div>
   <div class='ocr_carea' id='block_1_41' title="bbox 462 4162 2051 4233">
    <p class='ocr_par' dir='ltr' id='par_1_41' title="bbox 462 4162 2051 4233">
     <span class='ocr_line' id='line_1_41' title="bbox 462 4162 2051 4233; baseline 0.004 -16"><span class='ocrx_word' id='word_1_306' title='bbox 462 4162 743 4232; x_wconf 86' lang='lat' dir='ltr'><strong>didiusque</strong></span> <span class='ocrx_word' id='word_1_307' title='bbox 767 4165 1126 4233; x_wconf 86' lang='lat' dir='ltr'><strong>spectaculum</strong></span> <span class='ocrx_word' id='word_1_308' title='bbox 1168 4180 1272 4220; x_wconf 92' lang='lat' dir='ltr'><strong>non</strong></span> <span class='ocrx_word' id='word_1_309' title='bbox 1319 4166 1591 4221; x_wconf 88' lang='lat' dir='ltr'><strong>hominum</strong></span> <span class='ocrx_word' id='word_1_310' title='bbox 1618 4167 1791 4222; x_wconf 91' lang='lat' dir='ltr'><strong>solum</strong></span> <span class='ocrx_word' id='word_1_311' title='bbox 1813 4208 1829 4233; x_wconf 92' lang='lat'><strong>,</strong></span> <span class='ocrx_word' id='word_1_312' title='bbox 1876 4168 1970 4223; x_wconf 90' lang='lat' dir='ltr'><strong>sed</strong></span> <span class='ocrx_word' id='word_1_313' title='bbox 1996 4177 2051 4224; x_wconf 88' lang='lat' dir='ltr'><strong>et</strong></span> 
     </span>
    </p>
   </div>
   <div class='ocr_carea' id='block_1_42' title="bbox 465 4254 2046 4328">
    <p class='ocr_par' dir='ltr' id='par_1_42' title="bbox 465 4254 2046 4328">
     <span class='ocr_line' id='line_1_42' title="bbox 465 4254 2046 4328; baseline 0.004 -21"><span class='ocrx_word' id='word_1_314' title='bbox 465 4262 758 4324; x_wconf 89' lang='lat' dir='ltr'><strong>martyrum</strong></span> <span class='ocrx_word' id='word_1_315' title='bbox 788 4254 1136 4309; x_wconf 88' lang='lat' dir='ltr'><strong>collectorum</strong></span> <span class='ocrx_word' id='word_1_316' title='bbox 1159 4297 1174 4322; x_wconf 98' lang='lat'><strong>,</strong></span> <span class='ocrx_word' id='word_1_317' title='bbox 1207 4272 1380 4327; x_wconf 88' lang='lat' dir='ltr'><strong>neque</strong></span> <span class='ocrx_word' id='word_1_318' title='bbox 1407 4265 1703 4328; x_wconf 86' lang='lat' dir='ltr'><strong>martyrum</strong></span> <span class='ocrx_word' id='word_1_319' title='bbox 1730 4259 2006 4313; x_wconf 83' lang='lat' dir='ltr'><strong>dumtaxat</strong></span> <span class='ocrx_word' id='word_1_320' title='bbox 2031 4299 2046 4322; x_wconf 90' lang='lat'><strong>,</strong></span> 
     </span>
    </p>
   </div>
   <div class='ocr_carea' id='block_1_43' title="bbox 464 4344 2050 4419">
    <p class='ocr_par' dir='ltr' id='par_1_43' title="bbox 464 4344 2050 4419">
     <span class='ocr_line' id='line_1_43' title="bbox 464 4344 2050 4419; baseline 0.004 -21"><span class='ocrx_word' id='word_1_321' title='bbox 464 4358 647 4398; x_wconf 77' lang='lat' dir='ltr'><strong>verum</strong></span> <span class='ocrx_word' id='word_1_322' title='bbox 677 4344 837 4400; x_wconf 85' lang='lat' dir='ltr'><strong>etiam</strong></span> <span class='ocrx_word' id='word_1_323' title='bbox 866 4345 1199 4415; x_wconf 89' lang='lat' dir='ltr'><strong>angelorum.</strong></span> <span class='ocrx_word' id='word_1_324' title='bbox 1234 4347 1443 4402; x_wconf 86' lang='lat' dir='ltr'><strong>Etenim</strong></span> <span class='ocrx_word' id='word_1_325' title='bbox 1471 4358 1528 4403; x_wconf 92' lang='lat' dir='ltr'><strong>et</strong></span> <span class='ocrx_word' id='word_1_326' title='bbox 1556 4349 1730 4419; x_wconf 84' lang='lat' dir='ltr'><strong>angeli</strong></span> <span class='ocrx_word' id='word_1_327' title='bbox 1760 4360 2050 4418; x_wconf 67' lang='lat' dir='ltr'><strong>praesentes</strong></span> 
     </span>
    </p>
   </div>
   <div class='ocr_carea' id='block_1_44' title="bbox 461 4436 2044 4507">
    <p class='ocr_par' dir='ltr' id='par_1_44' title="bbox 461 4436 2044 4507">
     <span class='ocr_line' id='line_1_44' title="bbox 461 4436 2044 4507; baseline 0.003 -18"><span class='ocrx_word' id='word_1_328' title='bbox 461 4443 620 4501; x_wconf 84' lang='lat' dir='ltr'><strong>sunt,</strong></span> <span class='ocrx_word' id='word_1_329' title='bbox 648 4436 957 4505; x_wconf 85' lang='lat' dir='ltr'><strong>angelorum</strong></span> <span class='ocrx_word' id='word_1_330' title='bbox 986 4444 1041 4490; x_wconf 92' lang='lat' dir='ltr'><strong>et</strong></span> <span class='ocrx_word' id='word_1_331' title='bbox 1084 4445 1378 4507; x_wconf 90' lang='lat' dir='ltr'><strong>martyrum</strong></span> <span class='ocrx_word' id='word_1_332' title='bbox 1429 4453 1719 4494; x_wconf 91' lang='lat' dir='ltr'><strong>concursus</strong></span> <span class='ocrx_word' id='word_1_333' title='bbox 1761 4440 1817 4493; x_wconf 86' lang='lat' dir='ltr'><strong>lit</strong></span> <span class='ocrx_word' id='word_1_334' title='bbox 1868 4440 2044 4495; x_wconf 90' lang='lat' dir='ltr'><strong>hodie.</strong></span> 
     </span>
    </p>
   </div>
   <div class='ocr_carea' id='block_1_45' title="bbox 463 4526 2047 4602">
    <p class='ocr_par' dir='ltr' id='par_1_45' title="bbox 463 4526 2047 4602">
     <span class='ocr_line' id='line_1_45' title="bbox 463 4526 2047 4602; baseline 0.003 -22"><span class='ocrx_word' id='word_1_335' title='bbox 463 4526 658 4581; x_wconf 85' lang='lat' dir='ltr'><strong>Videre</strong></span> <span class='ocrx_word' id='word_1_336' title='bbox 705 4528 858 4597; x_wconf 90' lang='lat' dir='ltr'><strong>cupis</strong></span> <span class='ocrx_word' id='word_1_337' title='bbox 908 4528 1124 4597; x_wconf 85' lang='lat' dir='ltr'><strong>angelos</strong></span> <span class='ocrx_word' id='word_1_338' title='bbox 1173 4529 1373 4597; x_wconf 89' lang='lat' dir='ltr'><strong>pariter</strong></span> <span class='ocrx_word' id='word_1_339' title='bbox 1419 4545 1481 4583; x_wconf 88' lang='lat' dir='ltr'><strong>ac</strong></span> <span class='ocrx_word' id='word_1_340' title='bbox 1535 4531 1835 4602; x_wconf 85' lang='lat' dir='ltr'><strong>martyres?</strong></span> <span class='ocrx_word' id='word_1_341' title='bbox 1886 4532 2047 4601; x_wconf 90' lang='lat' dir='ltr'><strong>Aperi</strong></span> 
     </span>
    </p>
   </div>
   <div class='ocr_carea' id='block_1_46' title="bbox 461 4621 2051 4690">
    <p class='ocr_par' dir='ltr' id='par_1_46' title="bbox 461 4621 2051 4690">
     <span class='ocr_line' id='line_1_46' title="bbox 461 4621 2051 4690; baseline 0.004 -17"><span class='ocrx_word' id='word_1_342' title='bbox 461 4622 643 4675; x_wconf 90' lang='lat' dir='ltr'><strong>oculos</strong></span> <span class='ocrx_word' id='word_1_343' title='bbox 671 4621 789 4676; x_wconf 76' lang='lat' dir='ltr'><strong>fidei</strong></span> <span class='ocrx_word' id='word_1_344' title='bbox 816 4631 871 4677; x_wconf 88' lang='lat' dir='ltr'><strong>et</strong></span> <span class='ocrx_word' id='word_1_345' title='bbox 905 4638 1097 4678; x_wconf 89' lang='lat' dir='ltr'><strong>cernes</strong></span> <span class='ocrx_word' id='word_1_346' title='bbox 1124 4623 1490 4690; x_wconf 85' lang='lat' dir='ltr'><strong>spectaculum</strong></span> <span class='ocrx_word' id='word_1_347' title='bbox 1524 4624 1672 4678; x_wconf 90' lang='lat' dir='ltr'><strong>illud.</strong></span> <span class='ocrx_word' id='word_1_348' title='bbox 1700 4624 1834 4678; x_wconf 88' lang='lat' dir='ltr'><strong>Nam</strong></span> <span class='ocrx_word' id='word_1_349' title='bbox 1861 4625 1906 4678; x_wconf 91' lang='lat' dir='ltr'><strong>si</strong></span> <span class='ocrx_word' id='word_1_350' title='bbox 1935 4640 2051 4679; x_wconf 91' lang='lat' dir='ltr'><strong>om-</strong></span> 
     </span>
    </p>
   </div>
   <div class='ocr_carea' id='block_1_47' title="bbox 422 4714 2043 4786">
    <p class='ocr_par' dir='ltr' id='par_1_47' title="bbox 422 4714 2043 4786">
     <span class='ocr_line' id='line_1_47' title="bbox 422 4714 2043 4786; baseline 0.004 -21"><span class='ocrx_word' id='word_1_351' title='bbox 422 4760 429 4765; x_wconf 90' lang='lat'><strong>.</strong></span> <span class='ocrx_word' id='word_1_352' title='bbox 460 4714 542 4767; x_wconf 89' lang='lat' dir='ltr'><strong>nis</strong></span> <span class='ocrx_word' id='word_1_353' title='bbox 570 4728 663 4767; x_wconf 89' lang='lat' dir='ltr'><strong>aer</strong></span> <span class='ocrx_word' id='word_1_354' title='bbox 682 4715 881 4784; x_wconf 80' lang='lat' dir='ltr'><strong>angelis</strong></span> <span class='ocrx_word' id='word_1_355' title='bbox 909 4715 1142 4784; x_wconf 89' lang='lat' dir='ltr'><strong>repletus</strong></span> <span class='ocrx_word' id='word_1_356' title='bbox 1165 4717 1269 4780; x_wconf 88' lang='lat' dir='ltr'><strong>sit,</strong></span> <span class='ocrx_word' id='word_1_357' title='bbox 1299 4727 1497 4785; x_wconf 89' lang='lat' dir='ltr'><strong>quanto</strong></span> <span class='ocrx_word' id='word_1_358' title='bbox 1517 4717 1744 4786; x_wconf 83' lang='lat' dir='ltr'><strong>amplius</strong></span> <span class='ocrx_word' id='word_1_359' title='bbox 1769 4717 1996 4773; x_wconf 89' lang='lat' dir='ltr'><strong>ecclesia</strong></span> <span class='ocrx_word' id='word_1_360' title='bbox 2029 4735 2043 4772; x_wconf 91' lang='lat'>:</span> 
     </span>
    </p>
   </div>
   <div class='ocr_carea' id='block_1_48' title="bbox 460 4804 2044 4877">
    <p class='ocr_par' dir='ltr' id='par_1_48' title="bbox 460 4804 2044 4877">
     <span class='ocr_line' id='line_1_48' title="bbox 460 4804 2044 4877; baseline 0.003 -20"><span class='ocrx_word' id='word_1_361' title='bbox 460 4804 505 4857; x_wconf 90' lang='lat' dir='ltr'><strong>si</strong></span> <span class='ocrx_word' id='word_1_362' title='bbox 553 4819 680 4857; x_wconf 88' lang='lat' dir='ltr'><strong>vero</strong></span> <span class='ocrx_word' id='word_1_363' title='bbox 717 4805 981 4872; x_wconf 88' lang='lat' dir='ltr'><strong>ecclesia,</strong></span> <span class='ocrx_word' id='word_1_364' title='bbox 1009 4818 1206 4874; x_wconf 87' lang='lat' dir='ltr'><strong>quanto</strong></span> <span class='ocrx_word' id='word_1_365' title='bbox 1248 4808 1419 4876; x_wconf 86' lang='lat' dir='ltr'><strong>magis</strong></span> <span class='ocrx_word' id='word_1_366' title='bbox 1464 4808 1579 4861; x_wconf 89' lang='lat' dir='ltr'><strong>dies</strong></span> <span class='ocrx_word' id='word_1_367' title='bbox 1611 4808 1721 4877; x_wconf 89' lang='lat' dir='ltr'><strong>jam</strong></span> <span class='ocrx_word' id='word_1_368' title='bbox 1772 4822 2044 4877; x_wconf 74' lang='lat' dir='ltr'><strong>prmsens,</strong></span> 
     </span>
    </p>
   </div>
   <div class='ocr_carea' id='block_1_49' title="bbox 461 4893 2045 4965">
    <p class='ocr_par' dir='ltr' id='par_1_49' title="bbox 461 4893 2045 4965">
     <span class='ocr_line' id='line_1_49' title="bbox 461 4893 2045 4965; baseline 0.005 -20"><span class='ocrx_word' id='word_1_369' title='bbox 461 4893 674 4963; x_wconf 87' lang='lat' dir='ltr'><strong>quanth</strong></span> <span class='ocrx_word' id='word_1_370' title='bbox 715 4910 902 4948; x_wconf 87' lang='lat' dir='ltr'><strong>eorum</strong></span> <span class='ocrx_word' id='word_1_371' title='bbox 932 4904 1235 4965; x_wconf 85' lang='lat' dir='ltr'><strong>assumptus</strong></span> <span class='ocrx_word' id='word_1_372' title='bbox 1262 4905 1346 4951; x_wconf 90' lang='lat' dir='ltr'><strong>est</strong></span> <span class='ocrx_word' id='word_1_373' title='bbox 1376 4896 1666 4951; x_wconf 87' lang='lat' dir='ltr'><strong>Dominus?</strong></span> <span class='ocrx_word' id='word_1_374' title='bbox 1695 4896 1845 4963; x_wconf 85' lang='lat' dir='ltr'><strong>Quod</strong></span> <span class='ocrx_word' id='word_1_375' title='bbox 1869 4908 2045 4953; x_wconf 87' lang='lat' dir='ltr'><strong>autem</strong></span> 
     </span>
    </p>
   </div>
   <div class='ocr_carea' id='block_1_50' title="bbox 465 4986 2049 5060">
    <p class='ocr_par' dir='ltr' id='par_1_50' title="bbox 465 4986 2049 5060">
     <span class='ocr_line' id='line_1_50' title="bbox 465 4986 2049 5060; baseline 0.003 -20"><span class='ocrx_word' id='word_1_376' title='bbox 465 4986 641 5040; x_wconf 84' lang='lat' dir='ltr'><strong>otnnis</strong></span> <span class='ocrx_word' id='word_1_377' title='bbox 671 5002 765 5040; x_wconf 87' lang='lat' dir='ltr'><strong>aer</strong></span> <span class='ocrx_word' id='word_1_378' title='bbox 790 4986 993 5053; x_wconf 82' lang='lat' dir='ltr'><strong>angelis</strong></span> <span class='ocrx_word' id='word_1_379' title='bbox 1039 4988 1108 5042; x_wconf 90' lang='lat' dir='ltr'><strong>sit</strong></span> <span class='ocrx_word' id='word_1_380' title='bbox 1146 4988 1400 5057; x_wconf 88' lang='lat' dir='ltr'><strong>repletus,</strong></span> <span class='ocrx_word' id='word_1_381' title='bbox 1430 4988 1553 5042; x_wconf 88' lang='lat' dir='ltr'><strong>audi</strong></span> <span class='ocrx_word' id='word_1_382' title='bbox 1599 4989 1725 5058; x_wconf 91' lang='lat' dir='ltr'><strong>quid</strong></span> <span class='ocrx_word' id='word_1_383' title='bbox 1747 4990 1890 5045; x_wconf 89' lang='lat' dir='ltr'><strong>dicat</strong></span> <span class='ocrx_word' id='word_1_384' title='bbox 1910 4994 2049 5060; x_wconf 82' lang='lat' dir='ltr'><strong>Apo-</strong></span> 
     </span>
    </p>
   </div>
   <div class='ocr_carea' id='block_1_51' title="bbox 457 5078 2043 5153">
    <p class='ocr_par' dir='ltr' id='par_1_51' title="bbox 457 5078 2043 5153">
     <span class='ocr_line' id='line_1_51' title="bbox 457 5078 2043 5153; baseline 0.003 -21"><span class='ocrx_word' id='word_1_385' title='bbox 457 5080 659 5144; x_wconf 85' lang='lat' dir='ltr'><strong>stolus,</strong></span> <span class='ocrx_word' id='word_1_386' title='bbox 701 5078 997 5132; x_wconf 88' lang='lat' dir='ltr'><strong>admonens</strong></span> <span class='ocrx_word' id='word_1_387' title='bbox 1033 5079 1317 5146; x_wconf 87' lang='lat' dir='ltr'><strong>mulieres,</strong></span> <span class='ocrx_word' id='word_1_388' title='bbox 1373 5089 1429 5134; x_wconf 90' lang='lat' dir='ltr'><strong>ut</strong></span> <span class='ocrx_word' id='word_1_389' title='bbox 1469 5080 1642 5135; x_wconf 86' lang='lat' dir='ltr'><strong>velato</strong></span> <span class='ocrx_word' id='word_1_390' title='bbox 1679 5081 1791 5134; x_wconf 89' lang='lat' dir='ltr'><strong>sint</strong></span> <span class='ocrx_word' id='word_1_391' title='bbox 1833 5083 2043 5153; x_wconf 88' lang='lat' dir='ltr'><strong>capite:</strong></span> 
     </span>
    </p>
   </div>
   <div class='ocr_carea' id='block_1_52' title="bbox 458 5168 2046 5243">
    <p class='ocr_par' dir='ltr' id='par_1_52' title="bbox 458 5168 2046 5243">
     <span class='ocr_line' id='line_1_52' title="bbox 458 5168 2046 5243; baseline 0.003 -21"><span class='ocrx_word' id='word_1_392' title='bbox 458 5170 653 5223; x_wconf 82' lang='lat' dir='ltr'><strong>Debent</strong></span> <span class='ocrx_word' id='word_1_393' title='bbox 683 5170 824 5223; x_wconf 90' lang='lat' dir='ltr'><strong>enim</strong></span> <span class='ocrx_word' id='word_1_394' title='bbox 847 5208 864 5234; x_wconf 90' lang='lat'><strong>,</strong></span> <span class='ocrx_word' id='word_1_395' title='bbox 892 5168 1064 5238; x_wconf 88' lang='lat' dir='ltr'><strong>inquit</strong></span> <span class='ocrx_word' id='word_1_396' title='bbox 1090 5209 1105 5234; x_wconf 96' lang='lat'><strong>,</strong></span> <span class='ocrx_word' id='word_1_397' title='bbox 1150 5171 1383 5225; x_wconf 76' lang='lat' dir='ltr'><strong>mulieres</strong></span> <span class='ocrx_word' id='word_1_398' title='bbox 1408 5171 1632 5225; x_wconf 81' lang='lat' dir='ltr'><strong>velamen</strong></span> <span class='ocrx_word' id='word_1_399' title='bbox 1679 5171 1860 5226; x_wconf 87' lang='lat' dir='ltr'><strong>habere</strong></span> <span class='ocrx_word' id='word_1_400' title='bbox 1887 5189 2046 5243; x_wconf 81' lang='lat' dir='ltr'><strong>supra</strong></span> 
     </span>
    </p>
   </div>
   <div class='ocr_carea' id='block_1_53' title="bbox 454 5262 2046 5335">
    <p class='ocr_par' dir='ltr' id='par_1_53' title="bbox 454 5262 2046 5335">
     <span class='ocr_line' id='line_1_53' title="bbox 454 5262 2046 5335; baseline 0.003 -21"><span class='ocrx_word' id='word_1_401' title='bbox 454 5272 606 5330; x_wconf 80' lang='lat' dir='ltr'><strong>caput</strong></span> <span class='ocrx_word' id='word_1_402' title='bbox 635 5279 784 5316; x_wconf 86' lang='lat' dir='ltr'><strong>suum</strong></span> <span class='ocrx_word' id='word_1_403' title='bbox 802 5303 817 5327; x_wconf 92' lang='lat'><strong>,</strong></span> <span class='ocrx_word' id='word_1_404' title='bbox 850 5272 1056 5332; x_wconf 80' lang='lat' dir='ltr'><strong>prapter</strong></span> <span class='ocrx_word' id='word_1_405' title='bbox 1074 5262 1278 5331; x_wconf 77' lang='lat' dir='ltr'><strong>angelos</strong></span> <span class='ocrx_word' id='word_1_406' title='bbox 1306 5262 1382 5334; x_wconf 93' lang='lat' dir='ltr'><strong>(l.</strong></span> <span class='ocrx_word' id='word_1_407' title='bbox 1410 5262 1528 5316; x_wconf 84' lang='lat' dir='ltr'><strong>Cor.</strong></span> <span class='ocrx_word' id='word_1_408' title='bbox 1562 5265 1651 5318; x_wconf 70' lang='lat' dir='ltr'><strong>‘ll.</strong></span> <span class='ocrx_word' id='word_1_409' title='bbox 1677 5264 1789 5335; x_wconf 71' lang='lat'><strong>10).</strong></span> <span class='ocrx_word' id='word_1_410' title='bbox 1816 5264 2046 5319; x_wconf 80' lang='lat' dir='ltr'><strong>Rursus-</strong></span> 
     </span>
    </p>
   </div>
   <div class='ocr_carea' id='block_1_54' title="bbox 455 5353 2041 5427">
    <p class='ocr_par' dir='ltr' id='par_1_54' title="bbox 455 5353 2041 5427">
     <span class='ocr_line' id='line_1_54' title="bbox 455 5353 2041 5427; baseline 0.004 -26"><span class='ocrx_word' id='word_1_411' title='bbox 455 5368 558 5421; x_wconf 87' lang='lat' dir='ltr'><strong>que</strong></span> <span class='ocrx_word' id='word_1_412' title='bbox 575 5353 735 5409; x_wconf 73' lang='lat' dir='ltr'><strong>Jacoh</strong></span> <span class='ocrx_word' id='word_1_413' title='bbox 764 5372 776 5408; x_wconf 88' lang='lat'><strong>:</strong></span> <span class='ocrx_word' id='word_1_414' title='bbox 808 5354 1028 5423; x_wconf 80' lang='lat' dir='ltr'><strong>Angelus</strong></span> <span class='ocrx_word' id='word_1_415' title='bbox 1053 5353 1137 5423; x_wconf 88' lang='lat' dir='ltr'><strong>qui</strong></span> <span class='ocrx_word' id='word_1_416' title='bbox 1166 5354 1294 5406; x_wconf 85' lang='lat' dir='ltr'><strong>eruit</strong></span> <span class='ocrx_word' id='word_1_417' title='bbox 1315 5369 1393 5406; x_wconf 88' lang='lat' dir='ltr'><strong>me</strong></span> <span class='ocrx_word' id='word_1_418' title='bbox 1419 5371 1450 5405; x_wconf 93' lang='lat' dir='ltr'><strong>a</strong></span> <span class='ocrx_word' id='word_1_419' title='bbox 1470 5354 1732 5423; x_wconf 81' lang='lat' dir='ltr'><strong>jnventute</strong></span> <span class='ocrx_word' id='word_1_420' title='bbox 1752 5371 1860 5407; x_wconf 88' lang='lat' dir='ltr'><strong>mea</strong></span> <span class='ocrx_word' id='word_1_421' title='bbox 1890 5353 2041 5427; x_wconf 85' lang='lat' dir='ltr'><strong>(Gen.</strong></span> 
     </span>
    </p>
   </div>
   <div class='ocr_carea' id='block_1_55' title="bbox 463 5444 2043 5514">
    <p class='ocr_par' dir='ltr' id='par_1_55' title="bbox 463 5444 2043 5514">
     <span class='ocr_line' id='line_1_55' title="bbox 463 5444 2043 5514; baseline 0.004 -19"><span class='ocrx_word' id='word_1_422' title='bbox 463 5444 550 5495; x_wconf 70' lang='grc'><strong>48.</strong></span> <span class='ocrx_word' id='word_1_423' title='bbox 593 5444 701 5512; x_wconf 81' lang='grc'><strong>16).</strong></span> <span class='ocrx_word' id='word_1_424' title='bbox 741 5446 802 5497; x_wconf 79' lang='lat' dir='ltr'><strong>Et</strong></span> <span class='ocrx_word' id='word_1_425' title='bbox 829 5446 919 5512; x_wconf 90' lang='lat' dir='ltr'><strong>qui</strong></span> <span class='ocrx_word' id='word_1_426' title='bbox 969 5445 1019 5498; x_wconf 93' lang='lat' dir='ltr'><strong>in</strong></span> <span class='ocrx_word' id='word_1_427' title='bbox 1075 5445 1236 5498; x_wconf 85' lang='lat' dir='ltr'><strong>domo</strong></span> <span class='ocrx_word' id='word_1_428' title='bbox 1281 5459 1402 5499; x_wconf 90' lang='lat' dir='ltr'><strong>cum</strong></span> <span class='ocrx_word' id='word_1_429' title='bbox 1438 5447 1695 5514; x_wconf 86' lang='lat' dir='ltr'><strong>apostolis</strong></span> <span class='ocrx_word' id='word_1_430' title='bbox 1736 5456 1923 5513; x_wconf 90' lang='lat' dir='ltr'><strong>erant,</strong></span> <span class='ocrx_word' id='word_1_431' title='bbox 1978 5447 2043 5501; x_wconf 89' lang='lat' dir='ltr'><strong>ad</strong></span> 
     </span>
    </p>
   </div>
   <div class='ocr_carea' id='block_1_56' title="bbox 464 5533 2042 5612">
    <p class='ocr_par' dir='ltr' id='par_1_56' title="bbox 464 5533 2042 5612">
     <span class='ocr_line' id='line_1_56' title="bbox 464 5533 2042 5612; baseline 0.005 -26"><span class='ocrx_word' id='word_1_432' title='bbox 464 5533 504 5586; x_wconf 74' lang='lat' dir='ltr'><strong>ll</strong></span> <span class='ocrx_word' id='word_1_433' title='bbox 515 5535 685 5588; x_wconf 85' lang='lat' dir='ltr'><strong>hoden</strong></span> <span class='ocrx_word' id='word_1_434' title='bbox 707 5537 932 5605; x_wconf 88' lang='lat' dir='ltr'><strong>puellam</strong></span> <span class='ocrx_word' id='word_1_435' title='bbox 946 5537 1223 5593; x_wconf 85' lang='lat' dir='ltr'><strong>dicebant:</strong></span> <span class='ocrx_word' id='word_1_436' title='bbox 1243 5538 1464 5608; x_wconf 82' lang='lat' dir='ltr'><strong>Angelus</strong></span> <span class='ocrx_word' id='word_1_437' title='bbox 1477 5540 1584 5609; x_wconf 84' lang='lat' dir='ltr'><strong>ejus</strong></span> <span class='ocrx_word' id='word_1_438' title='bbox 1600 5551 1671 5595; x_wconf 81' lang='lat' dir='ltr'><strong>est</strong></span> <span class='ocrx_word' id='word_1_439' title='bbox 1684 5540 1817 5610; x_wconf 83' lang='lat' dir='ltr'><strong>(Act.</strong></span> <span class='ocrx_word' id='word_1_440' title='bbox 1836 5542 1857 5594; x_wconf 75' lang='lat' dir='ltr'><strong>-l</strong></span> <span class='ocrx_word' id='word_1_441' title='bbox 1868 5541 1903 5593; x_wconf 73' lang='grc' dir='ltr'><strong>ε).</strong></span> <span class='ocrx_word' id='word_1_442' title='bbox 1933 5539 2042 5612; x_wconf 80' lang='lat' dir='ltr'><strong>l5).</strong></span> 
     </span>
    </p>
   </div>
   <div class='ocr_carea' id='block_1_57' title="bbox 462 5625 2046 5705">
    <p class='ocr_par' dir='ltr' id='par_1_57' title="bbox 462 5625 2046 5705">
     <span class='ocr_line' id='line_1_57' title="bbox 462 5625 2046 5705; baseline 0.004 -25"><span class='ocrx_word' id='word_1_443' title='bbox 462 5626 537 5680; x_wconf 81' lang='lat' dir='ltr'><strong>Ac</strong></span> <span class='ocrx_word' id='word_1_444' title='bbox 563 5625 754 5679; x_wconf 89' lang='lat' dir='ltr'><strong>iterum</strong></span> <span class='ocrx_word' id='word_1_445' title='bbox 808 5625 1019 5680; x_wconf 87' lang='lat' dir='ltr'><strong>Jacob:</strong></span> <span class='ocrx_word' id='word_1_446' title='bbox 1067 5627 1228 5695; x_wconf 84' lang='lat' dir='ltr'><strong>Vidi,</strong></span> <span class='ocrx_word' id='word_1_447' title='bbox 1286 5629 1488 5699; x_wconf 88' lang='lat' dir='ltr'><strong>inquit,</strong></span> <span class='ocrx_word' id='word_1_448' title='bbox 1535 5644 1700 5687; x_wconf 86' lang='lat' dir='ltr'><strong>castra</strong></span> <span class='ocrx_word' id='word_1_449' title='bbox 1749 5633 2046 5705; x_wconf 82' lang='lat' dir='ltr'><strong>angelorum</strong></span> 
     </span>
    </p>
   </div>
   <div class='ocr_carea' id='block_1_58' title="bbox 457 5713 2035 5789">
    <p class='ocr_par' dir='ltr' id='par_1_58' title="bbox 457 5713 2035 5789">
     <span class='ocr_line' id='line_1_58' title="bbox 457 5713 2035 5789; baseline 0.006 -22"><span class='ocrx_word' id='word_1_450' title='bbox 457 5713 612 5782; x_wconf 78' lang='lat' dir='ltr'><strong>(Gen.</strong></span> <span class='ocrx_word' id='word_1_451' title='bbox 657 5714 747 5769; x_wconf 73' lang='lat'><strong>52.</strong></span> <span class='ocrx_word' id='word_1_452' title='bbox 778 5713 861 5781; x_wconf 75' lang='lat'><strong>2).</strong></span> <span class='ocrx_word' id='word_1_453' title='bbox 890 5715 993 5770; x_wconf 85' lang='lat' dir='ltr'><strong>Sed</strong></span> <span class='ocrx_word' id='word_1_454' title='bbox 1033 5732 1286 5786; x_wconf 88' lang='lat' dir='ltr'><strong>quorsum</strong></span> <span class='ocrx_word' id='word_1_455' title='bbox 1313 5720 1620 5789; x_wconf 80' lang='lat' dir='ltr'><strong>angelorum</strong></span> <span class='ocrx_word' id='word_1_456' title='bbox 1654 5732 1824 5779; x_wconf 85' lang='lat' dir='ltr'><strong>castra</strong></span> <span class='ocrx_word' id='word_1_457' title='bbox 1857 5739 1918 5779; x_wconf 91' lang='lat' dir='ltr'><strong>ac</strong></span> <span class='ocrx_word' id='word_1_458' title='bbox 1945 5739 2035 5779; x_wconf 84' lang='lat' dir='ltr'><strong>cu-</strong></span> 
     </span>
    </p>
   </div>
   <div class='ocr_carea' id='block_1_59' title="bbox 524 5910 1436 5977">
    <p class='ocr_par' dir='ltr' id='par_1_59' title="bbox 524 5910 1436 5977">
     <span class='ocr_line' id='line_1_59' title="bbox 524 5910 1436 5977; baseline 0.003 -16"><span class='ocrx_word' id='word_1_459' title='bbox 524 5912 597 5975; x_wconf 90' lang='lat' dir='ltr'><strong>(a)</strong></span> <span class='ocrx_word' id='word_1_460' title='bbox 631 5919 699 5961; x_wconf 89' lang='lat' dir='ltr'><strong>De</strong></span> <span class='ocrx_word' id='word_1_461' title='bbox 722 5910 942 5961; x_wconf 73' lang='lat' dir='ltr'><strong>Flaviano</strong></span> <span class='ocrx_word' id='word_1_462' title='bbox 961 5915 1184 5977; x_wconf 66' lang='lat' dir='ltr'><strong>Episcopo</strong></span> <span class='ocrx_word' id='word_1_463' title='bbox 1208 5914 1436 5977; x_wconf 87' lang='lat' dir='ltr'><strong>loquitur.</strong></span> 
     </span>
    </p>
   </div>
   <div class='ocr_carea' id='block_1_60' title="bbox 1182 477 3009 541">
    <p class='ocr_par' dir='ltr' id='par_1_60' title="bbox 1182 477 3009 541">
     <span class='ocr_line' id='line_1_60' title="bbox 1182 477 3009 541; baseline -0.002 -2"><span class='ocrx_word' id='word_1_464' title='bbox 1182 481 1242 541; x_wconf 88' lang='lat' dir='ltr'><strong>S.</strong></span> <span class='ocrx_word' id='word_1_465' title='bbox 1282 481 1563 538; x_wconf 82' lang='lat' dir='ltr'><strong>JOANNIS</strong></span> <span class='ocrx_word' id='word_1_466' title='bbox 1598 477 2072 535; x_wconf 76' lang='lat' dir='ltr'><strong>CHRYSOSTOMI</strong></span> <span class='ocrx_word' id='word_1_467' title='bbox 2109 477 2432 536; x_wconf 78' lang='lat' dir='ltr'><strong>ARCHIEP.</strong></span> <span class='ocrx_word' id='word_1_468' title='bbox 2471 478 3009 539; x_wconf 79' lang='lat' dir='ltr'><strong>CONSTANTINOP.</strong></span> 
     </span>
    </p>
   </div>
   <div class='ocr_carea' id='block_1_61' title="bbox 3646 474 3756 534">
    <p class='ocr_par' dir='ltr' id='par_1_61' title="bbox 3646 474 3756 534">
     <span class='ocr_line' id='line_1_61' title="bbox 3646 474 3756 534; baseline 0.064 -7"><span class='ocrx_word' id='word_1_469' title='bbox 3646 474 3756 534; x_wconf 59' lang='grc' dir='ltr'><strong>ΛΗ</strong></span> 
     </span>
    </p>
   </div>
   <div class='ocr_carea' id='block_1_62' title="bbox 2169 592 3754 667">
    <p class='ocr_par' dir='ltr' id='par_1_62' title="bbox 2169 592 3754 667">
     <span class='ocr_line' id='line_1_62' title="bbox 2169 592 3754 667; baseline 0.005 -23"><span class='ocrx_word' id='word_1_470' title='bbox 2169 592 2283 661; x_wconf 91' lang='lat' dir='ltr'><strong>pias</strong></span> <span class='ocrx_word' id='word_1_471' title='bbox 2316 608 2477 662; x_wconf 86' lang='lat' dir='ltr'><strong>super</strong></span> <span class='ocrx_word' id='word_1_472' title='bbox 2511 604 2706 649; x_wconf 88' lang='lat' dir='ltr'><strong>terram</strong></span> <span class='ocrx_word' id='word_1_473' title='bbox 2736 596 2901 651; x_wconf 86' lang='lat' dir='ltr'><strong>vidit?</strong></span> <span class='ocrx_word' id='word_1_474' title='bbox 2927 595 3076 651; x_wconf 83' lang='lat' dir='ltr'><strong>Sicut</strong></span> <span class='ocrx_word' id='word_1_475' title='bbox 3106 612 3196 652; x_wconf 87' lang='lat' dir='ltr'><strong>rex</strong></span> <span class='ocrx_word' id='word_1_476' title='bbox 3220 595 3371 665; x_wconf 87' lang='lat' dir='ltr'><strong>jubet</strong></span> <span class='ocrx_word' id='word_1_477' title='bbox 3397 611 3489 666; x_wconf 86' lang='lat' dir='ltr'><strong>per</strong></span> <span class='ocrx_word' id='word_1_478' title='bbox 3518 595 3754 667; x_wconf 86' lang='lat' dir='ltr'><strong>singulas</strong></span> 
     </span>
    </p>
   </div>
   <div class='ocr_carea' id='block_1_63' title="bbox 2164 684 3753 757">
    <p class='ocr_par' dir='ltr' id='par_1_63' title="bbox 2164 684 3753 757">
     <span class='ocr_line' id='line_1_63' title="bbox 2164 684 3753 757; baseline 0.003 -20"><span class='ocrx_word' id='word_1_479' title='bbox 2164 684 2407 739; x_wconf 84' lang='lat' dir='ltr'><strong>civitates</strong></span> <span class='ocrx_word' id='word_1_480' title='bbox 2430 700 2555 740; x_wconf 89' lang='lat' dir='ltr'><strong>suas</strong></span> <span class='ocrx_word' id='word_1_481' title='bbox 2581 687 2780 741; x_wconf 90' lang='lat' dir='ltr'><strong>milites</strong></span> <span class='ocrx_word' id='word_1_482' title='bbox 2806 687 3013 757; x_wconf 89' lang='lat' dir='ltr'><strong>disponi</strong></span> <span class='ocrx_word' id='word_1_483' title='bbox 3036 731 3048 750; x_wconf 91' lang='lat'><strong>,</strong></span> <span class='ocrx_word' id='word_1_484' title='bbox 3097 703 3163 742; x_wconf 91' lang='lat' dir='ltr'><strong>ne</strong></span> <span class='ocrx_word' id='word_1_485' title='bbox 3184 703 3344 756; x_wconf 79' lang='lat' dir='ltr'><strong>grave</strong></span> <span class='ocrx_word' id='word_1_486' title='bbox 3372 688 3588 757; x_wconf 78' lang='lat' dir='ltr'><strong>aliquod</strong></span> <span class='ocrx_word' id='word_1_487' title='bbox 3632 688 3753 743; x_wconf 83' lang='lat' dir='ltr'><strong>bel-</strong></span> 
     </span>
    </p>
   </div>
   <div class='ocr_carea' id='block_1_64' title="bbox 2166 773 3756 835">
    <p class='ocr_par' dir='ltr' id='par_1_64' title="bbox 2166 773 3756 835">
     <span class='ocr_line' id='line_1_64' title="bbox 2166 773 3756 835; baseline 0.004 -9"><span class='ocrx_word' id='word_1_488' title='bbox 2166 773 2272 828; x_wconf 90' lang='lat' dir='ltr'><strong>lum</strong></span> <span class='ocrx_word' id='word_1_489' title='bbox 2305 775 2584 830; x_wconf 86' lang='lat' dir='ltr'><strong>imminens</strong></span> <span class='ocrx_word' id='word_1_490' title='bbox 2609 777 2998 832; x_wconf 79' lang='lat' dir='ltr'><strong>incursionibus</strong></span> <span class='ocrx_word' id='word_1_491' title='bbox 3027 777 3241 832; x_wconf 81' lang='lat' dir='ltr'><strong>infestet</strong></span> <span class='ocrx_word' id='word_1_492' title='bbox 3268 794 3360 832; x_wconf 89' lang='lat' dir='ltr'><strong>eas</strong></span> <span class='ocrx_word' id='word_1_493' title='bbox 3393 780 3503 835; x_wconf 81' lang='lat' dir='ltr'><strong>:ita</strong></span> <span class='ocrx_word' id='word_1_494' title='bbox 3531 788 3585 833; x_wconf 89' lang='lat' dir='ltr'><strong>et</strong></span> <span class='ocrx_word' id='word_1_495' title='bbox 3616 779 3756 833; x_wconf 90' lang='lat' dir='ltr'><strong>Deus</strong></span> 
     </span>
    </p>
   </div>
   <div class='ocr_carea' id='block_1_65' title="bbox 2164 866 3752 939">
    <p class='ocr_par' dir='ltr' id='par_1_65' title="bbox 2164 866 3752 939">
     <span class='ocr_line' id='line_1_65' title="bbox 2164 866 3752 939; baseline 0.003 -19"><span class='ocrx_word' id='word_1_496' title='bbox 2164 866 2497 921; x_wconf 69' lang='lat' dir='ltr'><strong>dminouibus</strong></span> <span class='ocrx_word' id='word_1_497' title='bbox 2524 868 2574 922; x_wconf 91' lang='lat' dir='ltr'><strong>in</strong></span> <span class='ocrx_word' id='word_1_498' title='bbox 2601 884 2727 924; x_wconf 89' lang='lat' dir='ltr'><strong>aere</strong></span> <span class='ocrx_word' id='word_1_499' title='bbox 2761 869 2889 934; x_wconf 91' lang='lat' dir='ltr'><strong>isto,</strong></span> <span class='ocrx_word' id='word_1_500' title='bbox 2923 868 3162 923; x_wconf 89' lang='lat' dir='ltr'><strong>barbaris</strong></span> <span class='ocrx_word' id='word_1_501' title='bbox 3190 881 3349 939; x_wconf 85' lang='lat' dir='ltr'><strong>atque</strong></span> <span class='ocrx_word' id='word_1_502' title='bbox 3394 871 3716 925; x_wconf 88' lang='lat' dir='ltr'><strong>immanibus</strong></span> <span class='ocrx_word' id='word_1_503' title='bbox 3736 911 3752 935; x_wconf 93' lang='lat'><strong>,</strong></span> 
     </span>
    </p>
   </div>
   <div class='ocr_carea' id='block_1_66' title="bbox 2163 961 3753 1033">
    <p class='ocr_par' dir='ltr' id='par_1_66' title="bbox 2163 961 3753 1033">
     <span class='ocr_line' id='line_1_66' title="bbox 2163 961 3753 1033; baseline 0.004 -21"><span class='ocrx_word' id='word_1_504' title='bbox 2163 973 2377 1026; x_wconf 89' lang='lat' dir='ltr'><strong>semper</strong></span> <span class='ocrx_word' id='word_1_505' title='bbox 2400 961 2541 1015; x_wconf 89' lang='lat' dir='ltr'><strong>bella</strong></span> <span class='ocrx_word' id='word_1_506' title='bbox 2579 963 2956 1017; x_wconf 89' lang='lat' dir='ltr'><strong>suscitantibus</strong></span> <span class='ocrx_word' id='word_1_507' title='bbox 2976 1003 2991 1027; x_wconf 91' lang='lat'><strong>,</strong></span> <span class='ocrx_word' id='word_1_508' title='bbox 3020 963 3273 1032; x_wconf 87' lang='lat' dir='ltr'><strong>pacisque</strong></span> <span class='ocrx_word' id='word_1_509' title='bbox 3300 963 3529 1017; x_wconf 88' lang='lat' dir='ltr'><strong>inimicis</strong></span> <span class='ocrx_word' id='word_1_510' title='bbox 3548 1003 3564 1028; x_wconf 94' lang='lat'><strong>,</strong></span> <span class='ocrx_word' id='word_1_511' title='bbox 3587 979 3753 1033; x_wconf 85' lang='lat' dir='ltr'><strong>ange-</strong></span> 
     </span>
    </p>
   </div>
   <div class='ocr_carea' id='block_1_67' title="bbox 2162 1051 3753 1124">
    <p class='ocr_par' dir='ltr' id='par_1_67' title="bbox 2162 1051 3753 1124">
     <span class='ocr_line' id='line_1_67' title="bbox 2162 1051 3753 1124; baseline 0.002 -19"><span class='ocrx_word' id='word_1_512' title='bbox 2162 1051 2334 1105; x_wconf 82' lang='lat' dir='ltr'><strong>lorum</strong></span> <span class='ocrx_word' id='word_1_513' title='bbox 2373 1062 2546 1107; x_wconf 88' lang='lat' dir='ltr'><strong>castra</strong></span> <span class='ocrx_word' id='word_1_514' title='bbox 2585 1054 2833 1123; x_wconf 85' lang='lat' dir='ltr'><strong>opponit,</strong></span> <span class='ocrx_word' id='word_1_515' title='bbox 2880 1065 2934 1108; x_wconf 90' lang='lat' dir='ltr'><strong>ut</strong></span> <span class='ocrx_word' id='word_1_516' title='bbox 2972 1054 3098 1109; x_wconf 88' lang='lat' dir='ltr'><strong>dum</strong></span> <span class='ocrx_word' id='word_1_517' title='bbox 3138 1055 3218 1109; x_wconf 84' lang='lat' dir='ltr'><strong>vel</strong></span> <span class='ocrx_word' id='word_1_518' title='bbox 3244 1063 3505 1124; x_wconf 74' lang='lat' dir='ltr'><strong>apparent</strong></span> <span class='ocrx_word' id='word_1_519' title='bbox 3539 1054 3753 1120; x_wconf 86' lang='lat' dir='ltr'><strong>solum,</strong></span> 
     </span>
    </p>
   </div>
   <div class='ocr_carea' id='block_1_68' title="bbox 2162 1139 3753 1214">
    <p class='ocr_par' dir='ltr' id='par_1_68' title="bbox 2162 1139 3753 1214">
     <span class='ocr_line' id='line_1_68' title="bbox 2162 1139 3753 1214; baseline 0.004 -21"><span class='ocrx_word' id='word_1_520' title='bbox 2162 1139 2306 1209; x_wconf 91' lang='lat' dir='ltr'><strong>ipsos</strong></span> <span class='ocrx_word' id='word_1_521' title='bbox 2332 1143 2656 1211; x_wconf 87' lang='lat' dir='ltr'><strong>reprimant,</strong></span> <span class='ocrx_word' id='word_1_522' title='bbox 2692 1145 2951 1213; x_wconf 87' lang='lat' dir='ltr'><strong>uobisque</strong></span> <span class='ocrx_word' id='word_1_523' title='bbox 2992 1159 3173 1214; x_wconf 88' lang='lat' dir='ltr'><strong>pacem</strong></span> <span class='ocrx_word' id='word_1_524' title='bbox 3222 1154 3532 1214; x_wconf 86' lang='lat' dir='ltr'><strong>perpetuam</strong></span> <span class='ocrx_word' id='word_1_525' title='bbox 3572 1146 3753 1200; x_wconf 89' lang='lat' dir='ltr'><strong>conci-</strong></span> 
     </span>
    </p>
   </div>
   <div class='ocr_carea' id='block_1_69' title="bbox 2163 1230 3755 1304">
    <p class='ocr_par' dir='ltr' id='par_1_69' title="bbox 2163 1230 3755 1304">
     <span class='ocr_line' id='line_1_69' title="bbox 2163 1230 3755 1304; baseline 0.003 -20"><span class='ocrx_word' id='word_1_526' title='bbox 2163 1230 2313 1285; x_wconf 87' lang='lat' dir='ltr'><strong>lient.</strong></span> <span class='ocrx_word' id='word_1_527' title='bbox 2336 1234 2509 1302; x_wconf 82' lang='lat' dir='ltr'><strong>Atque</strong></span> <span class='ocrx_word' id='word_1_528' title='bbox 2529 1242 2586 1286; x_wconf 90' lang='lat' dir='ltr'><strong>ut</strong></span> <span class='ocrx_word' id='word_1_529' title='bbox 2612 1234 2785 1288; x_wconf 84' lang='lat' dir='ltr'><strong>discas</strong></span> <span class='ocrx_word' id='word_1_530' title='bbox 2812 1235 3032 1304; x_wconf 90' lang='lat' dir='ltr'><strong>angelos</strong></span> <span class='ocrx_word' id='word_1_531' title='bbox 3054 1236 3199 1304; x_wconf 86' lang='lat' dir='ltr'><strong>pacis</strong></span> <span class='ocrx_word' id='word_1_532' title='bbox 3220 1249 3338 1289; x_wconf 86' lang='lat' dir='ltr'><strong>esse</strong></span> <span class='ocrx_word' id='word_1_533' title='bbox 3359 1276 3374 1298; x_wconf 92' lang='lat'><strong>,</strong></span> <span class='ocrx_word' id='word_1_534' title='bbox 3406 1235 3528 1288; x_wconf 81' lang='lat' dir='ltr'><strong>audi</strong></span> <span class='ocrx_word' id='word_1_535' title='bbox 3552 1235 3604 1289; x_wconf 90' lang='lat' dir='ltr'><strong>in</strong></span> <span class='ocrx_word' id='word_1_536' title='bbox 3632 1250 3755 1304; x_wconf 87' lang='lat' dir='ltr'><strong>pre-</strong></span> 
     </span>
    </p>
   </div>
   <div class='ocr_carea' id='block_1_70' title="bbox 2163 1321 3753 1396">
    <p class='ocr_par' dir='ltr' id='par_1_70' title="bbox 2163 1321 3753 1396">
     <span class='ocr_line' id='line_1_70' title="bbox 2163 1321 3753 1396; baseline 0.003 -22"><span class='ocrx_word' id='word_1_537' title='bbox 2163 1321 2462 1376; x_wconf 86' lang='lat' dir='ltr'><strong>cationibus</strong></span> <span class='ocrx_word' id='word_1_538' title='bbox 2492 1322 2747 1378; x_wconf 89' lang='lat' dir='ltr'><strong>diaconos</strong></span> <span class='ocrx_word' id='word_1_539' title='bbox 2774 1338 2988 1393; x_wconf 88' lang='lat' dir='ltr'><strong>semper</strong></span> <span class='ocrx_word' id='word_1_540' title='bbox 3020 1324 3261 1379; x_wconf 84' lang='lat' dir='ltr'><strong>dicentes</strong></span> <span class='ocrx_word' id='word_1_541' title='bbox 3288 1342 3302 1378; x_wconf 90' lang='lat'><strong>:</strong></span> <span class='ocrx_word' id='word_1_542' title='bbox 3336 1324 3585 1395; x_wconf 71' lang='lat' dir='ltr'><strong>Angelum</strong></span> <span class='ocrx_word' id='word_1_543' title='bbox 3612 1327 3753 1396; x_wconf 81' lang='lat' dir='ltr'><strong>pacis</strong></span> 
     </span>
    </p>
   </div>
   <div class='ocr_carea' id='block_1_71' title="bbox 2162 1413 3752 1485">
    <p class='ocr_par' dir='ltr' id='par_1_71' title="bbox 2162 1413 3752 1485">
     <span class='ocr_line' id='line_1_71' title="bbox 2162 1413 3752 1485; baseline 0.003 -20"><span class='ocrx_word' id='word_1_544' title='bbox 2162 1422 2337 1482; x_wconf 82' lang='lat' dir='ltr'><strong>rogate</strong></span> <span class='ocrx_word' id='word_1_545' title='bbox 2361 1413 2463 1483; x_wconf 86' lang='lat' dir='ltr'><strong>(a).</strong></span> <span class='ocrx_word' id='word_1_546' title='bbox 2497 1413 2655 1469; x_wconf 86' lang='lat' dir='ltr'><strong>Vides</strong></span> <span class='ocrx_word' id='word_1_547' title='bbox 2701 1416 2920 1485; x_wconf 84' lang='lat' dir='ltr'><strong>angelos</strong></span> <span class='ocrx_word' id='word_1_548' title='bbox 2960 1416 3150 1470; x_wconf 85' lang='lat' dir='ltr'><strong>adesse</strong></span> <span class='ocrx_word' id='word_1_549' title='bbox 3188 1424 3242 1469; x_wconf 87' lang='lat' dir='ltr'><strong>et</strong></span> <span class='ocrx_word' id='word_1_550' title='bbox 3284 1415 3587 1485; x_wconf 88' lang='lat' dir='ltr'><strong>martyres?</strong></span> <span class='ocrx_word' id='word_1_551' title='bbox 3613 1414 3752 1483; x_wconf 88' lang='lat' dir='ltr'><strong>Quid</strong></span> 
     </span>
    </p>
   </div>
   <div class='ocr_carea' id='block_1_72' title="bbox 2163 1502 3755 1575">
    <p class='ocr_par' dir='ltr' id='par_1_72' title="bbox 2163 1502 3755 1575">
     <span class='ocr_line' id='line_1_72' title="bbox 2163 1502 3755 1575; baseline 0.004 -20"><span class='ocrx_word' id='word_1_552' title='bbox 2163 1502 2322 1571; x_wconf 85' lang='lat' dir='ltr'><strong>igitur</strong></span> <span class='ocrx_word' id='word_1_553' title='bbox 2367 1505 2728 1560; x_wconf 89' lang='lat' dir='ltr'><strong>miserabilius</strong></span> <span class='ocrx_word' id='word_1_554' title='bbox 2754 1506 2857 1570; x_wconf 91' lang='lat' dir='ltr'><strong>iis,</strong></span> <span class='ocrx_word' id='word_1_555' title='bbox 2884 1506 3061 1575; x_wconf 89' lang='lat' dir='ltr'><strong>quise</strong></span> <span class='ocrx_word' id='word_1_556' title='bbox 3097 1521 3131 1561; x_wconf 88' lang='lat' dir='ltr'><strong>a</strong></span> <span class='ocrx_word' id='word_1_557' title='bbox 3177 1515 3445 1561; x_wconf 85' lang='lat' dir='ltr'><strong>conventu</strong></span> <span class='ocrx_word' id='word_1_558' title='bbox 3492 1506 3755 1562; x_wconf 87' lang='lat' dir='ltr'><strong>hodierno</strong></span> 
     </span>
    </p>
   </div>
   <div class='ocr_carea' id='block_1_73' title="bbox 2163 1596 3754 1670">
    <p class='ocr_par' dir='ltr' id='par_1_73' title="bbox 2163 1596 3754 1670">
     <span class='ocr_line' id='line_1_73' title="bbox 2163 1596 3754 1670; baseline 0.003 -19"><span class='ocrx_word' id='word_1_559' title='bbox 2163 1596 2577 1652; x_wconf 79' lang='lat' dir='ltr'><strong>abstraxerunt?</strong></span> <span class='ocrx_word' id='word_1_560' title='bbox 2598 1605 2653 1653; x_wconf 89' lang='lat' dir='ltr'><strong>et</strong></span> <span class='ocrx_word' id='word_1_561' title='bbox 2678 1598 2804 1668; x_wconf 92' lang='lat' dir='ltr'><strong>quid</strong></span> <span class='ocrx_word' id='word_1_562' title='bbox 2819 1599 3025 1655; x_wconf 87' lang='lat' dir='ltr'><strong>beatius</strong></span> <span class='ocrx_word' id='word_1_563' title='bbox 3053 1600 3206 1656; x_wconf 89' lang='lat' dir='ltr'><strong>nobis</strong></span> <span class='ocrx_word' id='word_1_564' title='bbox 3231 1602 3320 1670; x_wconf 86' lang='lat' dir='ltr'><strong>qui</strong></span> <span class='ocrx_word' id='word_1_565' title='bbox 3341 1600 3674 1668; x_wconf 80' lang='lat' dir='ltr'><strong>advenimus,</strong></span> <span class='ocrx_word' id='word_1_566' title='bbox 3696 1612 3754 1656; x_wconf 88' lang='lat' dir='ltr'><strong>et</strong></span> 
     </span>
    </p>
   </div>
   <div class='ocr_carea' id='block_1_74' title="bbox 2163 1688 3748 1763">
    <p class='ocr_par' dir='ltr' id='par_1_74' title="bbox 2163 1688 3748 1763">
     <span class='ocr_line' id='line_1_74' title="bbox 2163 1688 3748 1763; baseline 0.003 -21"><span class='ocrx_word' id='word_1_567' title='bbox 2163 1688 2474 1745; x_wconf 88' lang='lat' dir='ltr'><strong>celebritate</strong></span> <span class='ocrx_word' id='word_1_568' title='bbox 2501 1690 2598 1744; x_wconf 90' lang='lat' dir='ltr'><strong>ista</strong></span> <span class='ocrx_word' id='word_1_569' title='bbox 2628 1690 2983 1759; x_wconf 85' lang='lat' dir='ltr'><strong>perfruimur?</strong></span> <span class='ocrx_word' id='word_1_570' title='bbox 3008 1692 3271 1747; x_wconf 59' lang='lat' dir='ltr'><strong>Caeterum</strong></span> <span class='ocrx_word' id='word_1_571' title='bbox 3302 1694 3391 1747; x_wconf 86' lang='lat' dir='ltr'><strong>isti</strong></span> <span class='ocrx_word' id='word_1_572' title='bbox 3411 1692 3481 1748; x_wconf 87' lang='lat' dir='ltr'><strong>de</strong></span> <span class='ocrx_word' id='word_1_573' title='bbox 3507 1693 3709 1763; x_wconf 87' lang='lat' dir='ltr'><strong>angelis</strong></span> <span class='ocrx_word' id='word_1_574' title='bbox 3732 1694 3748 1724; x_wconf 84' lang='lat'>&#39;</span> 
     </span>
    </p>
   </div>
   <div class='ocr_carea' id='block_1_75' title="bbox 2164 1781 3753 1853">
    <p class='ocr_par' dir='ltr' id='par_1_75' title="bbox 2164 1781 3753 1853">
     <span class='ocr_line' id='line_1_75' title="bbox 2164 1781 3753 1853; baseline 0.003 -18"><span class='ocrx_word' id='word_1_575' title='bbox 2164 1794 2443 1836; x_wconf 87' lang='lat' dir='ltr'><strong>sermones</strong></span> <span class='ocrx_word' id='word_1_576' title='bbox 2479 1781 2531 1835; x_wconf 93' lang='lat' dir='ltr'><strong>in</strong></span> <span class='ocrx_word' id='word_1_577' title='bbox 2558 1782 2701 1837; x_wconf 88' lang='lat' dir='ltr'><strong>aliud</strong></span> <span class='ocrx_word' id='word_1_578' title='bbox 2731 1782 2885 1837; x_wconf 89' lang='lat' dir='ltr'><strong>nobis</strong></span> <span class='ocrx_word' id='word_1_579' title='bbox 2916 1793 3122 1853; x_wconf 89' lang='lat' dir='ltr'><strong>tempus</strong></span> <span class='ocrx_word' id='word_1_580' title='bbox 3165 1783 3454 1840; x_wconf 86' lang='lat' dir='ltr'><strong>referendi.</strong></span> <span class='ocrx_word' id='word_1_581' title='bbox 3478 1783 3606 1840; x_wconf 76' lang='lat' dir='ltr'><strong>Jam-</strong></span> <span class='ocrx_word' id='word_1_582' title='bbox 3622 1799 3753 1840; x_wconf 87' lang='lat' dir='ltr'><strong>vero</strong></span> 
     </span>
    </p>
   </div>
   <div class='ocr_carea' id='block_1_76' title="bbox 2164 1871 3387 1944">
    <p class='ocr_par' dir='ltr' id='par_1_76' title="bbox 2164 1871 3387 1944">
     <span class='ocr_line' id='line_1_76' title="bbox 2164 1871 3387 1944; baseline 0.002 -18"><span class='ocrx_word' id='word_1_583' title='bbox 2164 1871 2233 1926; x_wconf 85' lang='lat' dir='ltr'><strong>ad</strong></span> <span class='ocrx_word' id='word_1_584' title='bbox 2258 1872 2555 1928; x_wconf 86' lang='lat' dir='ltr'><strong>institutum</strong></span> <span class='ocrx_word' id='word_1_585' title='bbox 2584 1876 2862 1944; x_wconf 74' lang='lat' dir='ltr'><strong>prtesentis</strong></span> <span class='ocrx_word' id='word_1_586' title='bbox 2893 1874 3012 1931; x_wconf 82' lang='lat' dir='ltr'><strong>festi</strong></span> <span class='ocrx_word' id='word_1_587' title='bbox 3032 1884 3387 1931; x_wconf 83' lang='lat' dir='ltr'><strong>revertamur.</strong></span> 
     </span>
    </p>
   </div>
   <div class='ocr_carea' id='block_1_77' title="bbox 2232 1962 3744 2036">
    <p class='ocr_par' dir='ltr' id='par_1_77' title="bbox 2232 1962 3744 2036">
     <span class='ocr_line' id='line_1_77' title="bbox 2232 1962 3744 2036; baseline 0.006 -20"><span class='ocrx_word' id='word_1_588' title='bbox 2232 1962 2291 2017; x_wconf 77' lang='grc'><strong>2.</strong></span> <span class='ocrx_word' id='word_1_589' title='bbox 2342 1964 2473 2031; x_wconf 75' lang='lat' dir='ltr'><strong>Quze</strong></span> <span class='ocrx_word' id='word_1_590' title='bbox 2507 1965 2665 2036; x_wconf 88' lang='lat' dir='ltr'><strong>igitur</strong></span> <span class='ocrx_word' id='word_1_591' title='bbox 2705 1980 2940 2036; x_wconf 65' lang='lat' dir='ltr'><strong>praesens</strong></span> <span class='ocrx_word' id='word_1_592' title='bbox 2966 1976 3049 2021; x_wconf 89' lang='lat' dir='ltr'><strong>est</strong></span> <span class='ocrx_word' id='word_1_593' title='bbox 3080 1968 3180 2024; x_wconf 88' lang='lat' dir='ltr'><strong>ista</strong></span> <span class='ocrx_word' id='word_1_594' title='bbox 3216 1968 3541 2023; x_wconf 79' lang='lat' dir='ltr'><strong>celebritas?</strong></span> <span class='ocrx_word' id='word_1_595' title='bbox 3573 1968 3744 2025; x_wconf 81' lang='lat' dir='ltr'><strong>Vene-</strong></span> 
     </span>
    </p>
   </div>
   <div class='ocr_carea' id='block_1_78' title="bbox 2162 2056 3751 2130">
    <p class='ocr_par' dir='ltr' id='par_1_78' title="bbox 2162 2056 3751 2130">
     <span class='ocr_line' id='line_1_78' title="bbox 2162 2056 3751 2130; baseline 0.004 -20"><span class='ocrx_word' id='word_1_596' title='bbox 2162 2056 2329 2111; x_wconf 85' lang='lat' dir='ltr'><strong>randa</strong></span> <span class='ocrx_word' id='word_1_597' title='bbox 2359 2058 2541 2127; x_wconf 88' lang='lat' dir='ltr'><strong>utique</strong></span> <span class='ocrx_word' id='word_1_598' title='bbox 2566 2067 2621 2112; x_wconf 90' lang='lat' dir='ltr'><strong>et</strong></span> <span class='ocrx_word' id='word_1_599' title='bbox 2651 2073 2862 2128; x_wconf 87' lang='lat' dir='ltr'><strong>magna,</strong></span> <span class='ocrx_word' id='word_1_600' title='bbox 2889 2059 3184 2123; x_wconf 87' lang='lat' dir='ltr'><strong>carissime,</strong></span> <span class='ocrx_word' id='word_1_601' title='bbox 3223 2073 3544 2130; x_wconf 85' lang='lat' dir='ltr'><strong>sensumque</strong></span> <span class='ocrx_word' id='word_1_602' title='bbox 3576 2076 3641 2116; x_wconf 86' lang='lat' dir='ltr'><strong>ac</strong></span> <span class='ocrx_word' id='word_1_603' title='bbox 3666 2060 3751 2115; x_wconf 90' lang='lat' dir='ltr'><strong>in-</strong></span> 
     </span>
    </p>
   </div>
   <div class='ocr_carea' id='block_1_79' title="bbox 2164 2148 3752 2223">
    <p class='ocr_par' dir='ltr' id='par_1_79' title="bbox 2164 2148 3752 2223">
     <span class='ocr_line' id='line_1_79' title="bbox 2164 2148 3752 2223; baseline 0.003 -21"><span class='ocrx_word' id='word_1_604' title='bbox 2164 2148 2429 2203; x_wconf 88' lang='lat' dir='ltr'><strong>tellectum</strong></span> <span class='ocrx_word' id='word_1_605' title='bbox 2465 2164 2680 2204; x_wconf 91' lang='lat' dir='ltr'><strong>omnem</strong></span> <span class='ocrx_word' id='word_1_606' title='bbox 2707 2149 2994 2205; x_wconf 89' lang='lat' dir='ltr'><strong>humanum</strong></span> <span class='ocrx_word' id='word_1_607' title='bbox 3027 2151 3311 2218; x_wconf 84' lang='lat' dir='ltr'><strong>excedens,</strong></span> <span class='ocrx_word' id='word_1_608' title='bbox 3357 2152 3555 2223; x_wconf 89' lang='lat' dir='ltr'><strong>Deique</strong></span> <span class='ocrx_word' id='word_1_609' title='bbox 3579 2154 3752 2207; x_wconf 90' lang='lat' dir='ltr'><strong>muni-</strong></span> 
     </span>
    </p>
   </div>
   <div class='ocr_carea' id='block_1_80' title="bbox 2162 2228 3753 2313">
    <p class='ocr_par' dir='ltr' id='par_1_80' title="bbox 2162 2228 3753 2313">
     <span class='ocr_line' id='line_1_80' title="bbox 2162 2228 3753 2313; baseline 0.003 -20"><span class='ocrx_word' id='word_1_610' title='bbox 2162 2240 2399 2307; x_wconf 84' lang='lat' dir='ltr'><strong>ficentia,</strong></span> <span class='ocrx_word' id='word_1_611' title='bbox 2421 2241 2510 2311; x_wconf 92' lang='lat' dir='ltr'><strong>qui</strong></span> <span class='ocrx_word' id='word_1_612' title='bbox 2537 2241 2682 2295; x_wconf 89' lang='lat' dir='ltr'><strong>illam</strong></span> <span class='ocrx_word' id='word_1_613' title='bbox 2706 2241 2848 2309; x_wconf 89' lang='lat' dir='ltr'><strong>fecit,</strong></span> <span class='ocrx_word' id='word_1_614' title='bbox 2884 2242 3062 2313; x_wconf 90' lang='lat' dir='ltr'><strong>digna.</strong></span> <span class='ocrx_word' id='word_1_615' title='bbox 3091 2242 3261 2298; x_wconf 84' lang='lat' dir='ltr'><strong>Hodie</strong></span> <span class='ocrx_word' id='word_1_616' title='bbox 3289 2244 3429 2299; x_wconf 92' lang='lat' dir='ltr'><strong>enim</strong></span> <span class='ocrx_word' id='word_1_617' title='bbox 3461 2228 3753 2298; x_wconf 88' lang='lat' dir='ltr'><strong>humanum</strong></span> 
     </span>
    </p>
   </div>
   <div class='ocr_carea' id='block_1_81' title="bbox 2161 2334 3755 2404">
    <p class='ocr_par' dir='ltr' id='par_1_81' title="bbox 2161 2334 3755 2404">
     <span class='ocr_line' id='line_1_81' title="bbox 2161 2334 3755 2404; baseline 0.002 -18"><span class='ocrx_word' id='word_1_618' title='bbox 2161 2347 2330 2403; x_wconf 87' lang='lat' dir='ltr'><strong>genus</strong></span> <span class='ocrx_word' id='word_1_619' title='bbox 2350 2334 2748 2388; x_wconf 89' lang='lat' dir='ltr'><strong>reconciliatum</strong></span> <span class='ocrx_word' id='word_1_620' title='bbox 2767 2344 2851 2389; x_wconf 91' lang='lat' dir='ltr'><strong>est</strong></span> <span class='ocrx_word' id='word_1_621' title='bbox 2869 2335 2978 2390; x_wconf 89' lang='lat' dir='ltr'><strong>Deo</strong></span> <span class='ocrx_word' id='word_1_622' title='bbox 3000 2353 3013 2389; x_wconf 88' lang='lat'><strong>:</strong></span> <span class='ocrx_word' id='word_1_623' title='bbox 3035 2334 3192 2390; x_wconf 84' lang='lat' dir='ltr'><strong>hodie</strong></span> <span class='ocrx_word' id='word_1_624' title='bbox 3211 2336 3459 2391; x_wconf 87' lang='lat' dir='ltr'><strong>diuturna</strong></span> <span class='ocrx_word' id='word_1_625' title='bbox 3482 2337 3755 2404; x_wconf 85' lang='lat' dir='ltr'><strong>simultas,</strong></span> 
     </span>
    </p>
   </div>
   <div class='ocr_carea' id='block_1_82' title="bbox 2163 2423 3749 2496">
    <p class='ocr_par' dir='ltr' id='par_1_82' title="bbox 2163 2423 3749 2496">
     <span class='ocr_line' id='line_1_82' title="bbox 2163 2423 3749 2496; baseline 0.003 -18"><span class='ocrx_word' id='word_1_626' title='bbox 2163 2423 2484 2495; x_wconf 90' lang='lat' dir='ltr'><strong>longumque</strong></span> <span class='ocrx_word' id='word_1_627' title='bbox 2510 2424 2705 2479; x_wconf 89' lang='lat' dir='ltr'><strong>bellum</strong></span> <span class='ocrx_word' id='word_1_628' title='bbox 2738 2425 2969 2480; x_wconf 89' lang='lat' dir='ltr'><strong>deletum</strong></span> <span class='ocrx_word' id='word_1_629' title='bbox 3005 2435 3087 2481; x_wconf 90' lang='lat' dir='ltr'><strong>est</strong></span> <span class='ocrx_word' id='word_1_630' title='bbox 3112 2436 3272 2496; x_wconf 88' lang='lat' dir='ltr'><strong>atque</strong></span> <span class='ocrx_word' id='word_1_631' title='bbox 3305 2427 3569 2482; x_wconf 87' lang='lat' dir='ltr'><strong>sublatum</strong></span> <span class='ocrx_word' id='word_1_632' title='bbox 3602 2445 3616 2480; x_wconf 90' lang='lat'><strong>:</strong></span> <span class='ocrx_word' id='word_1_633' title='bbox 3648 2427 3749 2482; x_wconf 83' lang='lat' dir='ltr'><strong>ho-</strong></span> 
     </span>
    </p>
   </div>
   <div class='ocr_carea' id='block_1_83' title="bbox 2159 2516 3762 2588">
    <p class='ocr_par' dir='ltr' id='par_1_83' title="bbox 2159 2516 3762 2588">
     <span class='ocr_line' id='line_1_83' title="bbox 2159 2516 3762 2588; baseline 0.003 -17"><span class='ocrx_word' id='word_1_634' title='bbox 2159 2516 2248 2572; x_wconf 90' lang='lat' dir='ltr'><strong>die</strong></span> <span class='ocrx_word' id='word_1_635' title='bbox 2276 2533 2372 2587; x_wconf 85' lang='lat' dir='ltr'><strong>pax</strong></span> <span class='ocrx_word' id='word_1_636' title='bbox 2400 2518 2641 2588; x_wconf 67' lang='lat' dir='ltr'><strong>quaadam</strong></span> <span class='ocrx_word' id='word_1_637' title='bbox 2683 2519 2836 2574; x_wconf 84' lang='lat' dir='ltr'><strong>nobis</strong></span> <span class='ocrx_word' id='word_1_638' title='bbox 2864 2520 3192 2574; x_wconf 83' lang='lat' dir='ltr'><strong>admirabilis</strong></span> <span class='ocrx_word' id='word_1_639' title='bbox 3223 2520 3416 2585; x_wconf 91' lang='lat' dir='ltr'><strong>rediit,</strong></span> <span class='ocrx_word' id='word_1_640' title='bbox 3447 2536 3552 2575; x_wconf 92' lang='lat' dir='ltr'><strong>non</strong></span> <span class='ocrx_word' id='word_1_641' title='bbox 3597 2528 3762 2576; x_wconf 69' lang='lat' dir='ltr'><strong>antes</strong></span> 
     </span>
    </p>
   </div>
   <div class='ocr_carea' id='block_1_84' title="bbox 2161 2610 3752 2681">
    <p class='ocr_par' dir='ltr' id='par_1_84' title="bbox 2161 2610 3752 2681">
     <span class='ocr_line' id='line_1_84' title="bbox 2161 2610 3752 2681; baseline 0.003 -19"><span class='ocrx_word' id='word_1_642' title='bbox 2161 2623 2410 2677; x_wconf 89' lang='lat' dir='ltr'><strong>umquam</strong></span> <span class='ocrx_word' id='word_1_643' title='bbox 2430 2618 2753 2679; x_wconf 86' lang='lat' dir='ltr'><strong>exspectata.</strong></span> <span class='ocrx_word' id='word_1_644' title='bbox 2772 2610 2903 2678; x_wconf 90' lang='lat' dir='ltr'><strong>Quis</strong></span> <span class='ocrx_word' id='word_1_645' title='bbox 2918 2611 3058 2665; x_wconf 91' lang='lat' dir='ltr'><strong>enim</strong></span> <span class='ocrx_word' id='word_1_646' title='bbox 3073 2622 3343 2681; x_wconf 87' lang='lat' dir='ltr'><strong>sperasset</strong></span> <span class='ocrx_word' id='word_1_647' title='bbox 3367 2611 3503 2679; x_wconf 87' lang='lat' dir='ltr'><strong>fore,</strong></span> <span class='ocrx_word' id='word_1_648' title='bbox 3532 2625 3590 2667; x_wconf 90' lang='lat' dir='ltr'><strong>ut</strong></span> <span class='ocrx_word' id='word_1_649' title='bbox 3611 2613 3752 2667; x_wconf 87' lang='lat' dir='ltr'><strong>Deus</strong></span> 
     </span>
    </p>
   </div>
   <div class='ocr_carea' id='block_1_85' title="bbox 2160 2700 3752 2773">
    <p class='ocr_par' dir='ltr' id='par_1_85' title="bbox 2160 2700 3752 2773">
     <span class='ocr_line' id='line_1_85' title="bbox 2160 2700 3752 2773; baseline 0.003 -19"><span class='ocrx_word' id='word_1_650' title='bbox 2160 2700 2362 2755; x_wconf 89' lang='lat' dir='ltr'><strong>homini</strong></span> <span class='ocrx_word' id='word_1_651' title='bbox 2401 2702 2879 2757; x_wconf 84' lang='lat' dir='ltr'><strong>reconciliaretur?</strong></span> <span class='ocrx_word' id='word_1_652' title='bbox 2911 2718 3014 2758; x_wconf 91' lang='lat' dir='ltr'><strong>non</strong></span> <span class='ocrx_word' id='word_1_653' title='bbox 3044 2703 3184 2773; x_wconf 89' lang='lat' dir='ltr'><strong>quod</strong></span> <span class='ocrx_word' id='word_1_654' title='bbox 3208 2703 3531 2759; x_wconf 89' lang='lat' dir='ltr'><strong>inhumanus</strong></span> <span class='ocrx_word' id='word_1_655' title='bbox 3554 2705 3624 2760; x_wconf 90' lang='lat' dir='ltr'><strong>sit</strong></span> <span class='ocrx_word' id='word_1_656' title='bbox 3650 2704 3752 2759; x_wconf 86' lang='lat' dir='ltr'><strong>Do-</strong></span> 
     </span>
    </p>
   </div>
   <div class='ocr_carea' id='block_1_86' title="bbox 2110 2792 3751 2866">
    <p class='ocr_par' dir='ltr' id='par_1_86' title="bbox 2110 2792 3751 2866">
     <span class='ocr_line' id='line_1_86' title="bbox 2110 2792 3751 2866; baseline 0.002 -19"><span class='ocrx_word' id='word_1_657' title='bbox 2110 2816 2117 2825; x_wconf 86' lang='lat'><strong>-</strong></span> <span class='ocrx_word' id='word_1_658' title='bbox 2158 2793 2355 2857; x_wconf 89' lang='lat' dir='ltr'><strong>minus,</strong></span> <span class='ocrx_word' id='word_1_659' title='bbox 2383 2792 2477 2848; x_wconf 88' lang='lat' dir='ltr'><strong>sed</strong></span> <span class='ocrx_word' id='word_1_660' title='bbox 2513 2793 2633 2863; x_wconf 87' lang='lat' dir='ltr'><strong>quia</strong></span> <span class='ocrx_word' id='word_1_661' title='bbox 2664 2794 2844 2864; x_wconf 88' lang='lat' dir='ltr'><strong>segnis</strong></span> <span class='ocrx_word' id='word_1_662' title='bbox 2880 2793 3110 2849; x_wconf 89' lang='lat' dir='ltr'><strong>famulus</strong></span> <span class='ocrx_word' id='word_1_663' title='bbox 3139 2803 3195 2851; x_wconf 90' lang='lat' dir='ltr'><strong>et</strong></span> <span class='ocrx_word' id='word_1_664' title='bbox 3228 2797 3406 2860; x_wconf 86' lang='lat' dir='ltr'><strong>iners;</strong></span> <span class='ocrx_word' id='word_1_665' title='bbox 3454 2810 3559 2850; x_wconf 89' lang='lat' dir='ltr'><strong>non</strong></span> <span class='ocrx_word' id='word_1_666' title='bbox 3605 2796 3751 2866; x_wconf 90' lang='lat' dir='ltr'><strong>quod</strong></span> 
     </span>
    </p>
   </div>
   <div class='ocr_carea' id='block_1_87' title="bbox 2158 2884 3749 2955">
    <p class='ocr_par' dir='ltr' id='par_1_87' title="bbox 2158 2884 3749 2955">
     <span class='ocr_line' id='line_1_87' title="bbox 2158 2884 3749 2955; baseline 0.002 -18"><span class='ocrx_word' id='word_1_667' title='bbox 2158 2884 2389 2938; x_wconf 88' lang='lat' dir='ltr'><strong>crudelis</strong></span> <span class='ocrx_word' id='word_1_668' title='bbox 2403 2898 2466 2938; x_wconf 90' lang='lat' dir='ltr'><strong>ac</strong></span> <span class='ocrx_word' id='word_1_669' title='bbox 2495 2899 2673 2939; x_wconf 82' lang='lat' dir='ltr'><strong>saevus</strong></span> <span class='ocrx_word' id='word_1_670' title='bbox 2687 2884 2961 2949; x_wconf 81' lang='lat' dir='ltr'><strong>Dominus,</strong></span> <span class='ocrx_word' id='word_1_671' title='bbox 2989 2884 3085 2940; x_wconf 85' lang='lat' dir='ltr'><strong>sed</strong></span> <span class='ocrx_word' id='word_1_672' title='bbox 3106 2887 3226 2955; x_wconf 89' lang='lat' dir='ltr'><strong>quia</strong></span> <span class='ocrx_word' id='word_1_673' title='bbox 3254 2900 3440 2941; x_wconf 88' lang='lat' dir='ltr'><strong>servus</strong></span> <span class='ocrx_word' id='word_1_674' title='bbox 3463 2895 3749 2941; x_wconf 76' lang='lat' dir='ltr'><strong>contumax</strong></span> 
     </span>
    </p>
   </div>
   <div class='ocr_carea' id='block_1_88' title="bbox 2158 2975 3755 3047">
    <p class='ocr_par' dir='ltr' id='par_1_88' title="bbox 2158 2975 3755 3047">
     <span class='ocr_line' id='line_1_88' title="bbox 2158 2975 3755 3047; baseline 0.002 -19"><span class='ocrx_word' id='word_1_675' title='bbox 2158 2984 2319 3044; x_wconf 90' lang='lat' dir='ltr'><strong>atque</strong></span> <span class='ocrx_word' id='word_1_676' title='bbox 2345 2976 2601 3045; x_wconf 88' lang='lat' dir='ltr'><strong>ingratus.</strong></span> <span class='ocrx_word' id='word_1_677' title='bbox 2628 2975 2720 3030; x_wconf 89' lang='lat' dir='ltr'><strong>Vis</strong></span> <span class='ocrx_word' id='word_1_678' title='bbox 2741 2976 2973 3042; x_wconf 89' lang='lat' dir='ltr'><strong>discere,</strong></span> <span class='ocrx_word' id='word_1_679' title='bbox 3002 2992 3109 3046; x_wconf 92' lang='lat' dir='ltr'><strong>quo</strong></span> <span class='ocrx_word' id='word_1_680' title='bbox 3131 2985 3284 3046; x_wconf 91' lang='lat' dir='ltr'><strong>pacto</strong></span> <span class='ocrx_word' id='word_1_681' title='bbox 3308 2977 3755 3047; x_wconf 81' lang='lat' dir='ltr'><strong>benignissimum</strong></span> 
     </span>
    </p>
   </div>
   <div class='ocr_carea' id='block_1_89' title="bbox 2158 3064 3750 3135">
    <p class='ocr_par' dir='ltr' id='par_1_89' title="bbox 2158 3064 3750 3135">
     <span class='ocr_line' id='line_1_89' title="bbox 2158 3064 3750 3135; baseline 0.003 -16"><span class='ocrx_word' id='word_1_682' title='bbox 2158 3064 2301 3121; x_wconf 90' lang='lat' dir='ltr'><strong>hunc</strong></span> <span class='ocrx_word' id='word_1_683' title='bbox 2326 3076 2486 3135; x_wconf 89' lang='lat' dir='ltr'><strong>atque</strong></span> <span class='ocrx_word' id='word_1_684' title='bbox 2512 3068 2843 3122; x_wconf 90' lang='lat' dir='ltr'><strong>lenissimum</strong></span> <span class='ocrx_word' id='word_1_685' title='bbox 2886 3068 3167 3123; x_wconf 90' lang='lat' dir='ltr'><strong>Dominum</strong></span> <span class='ocrx_word' id='word_1_686' title='bbox 3199 3076 3437 3123; x_wconf 89' lang='lat' dir='ltr'><strong>nostrum</strong></span> <span class='ocrx_word' id='word_1_687' title='bbox 3464 3068 3750 3123; x_wconf 85' lang='lat' dir='ltr'><strong>exacerba-</strong></span> 
     </span>
    </p>
   </div>
   <div class='ocr_carea' id='block_1_90' title="bbox 2158 3158 3749 3228">
    <p class='ocr_par' dir='ltr' id='par_1_90' title="bbox 2158 3158 3749 3228">
     <span class='ocr_line' id='line_1_90' title="bbox 2158 3158 3749 3228; baseline 0.002 -20"><span class='ocrx_word' id='word_1_688' title='bbox 2158 3159 2395 3213; x_wconf 85' lang='lat' dir='ltr'><strong>verimus</strong></span> <span class='ocrx_word' id='word_1_689' title='bbox 2414 3158 2439 3210; x_wconf 86' lang='lat'><strong>?</strong></span> <span class='ocrx_word' id='word_1_690' title='bbox 2461 3158 2695 3228; x_wconf 66' lang='lat' dir='ltr'><strong>Equum</strong></span> <span class='ocrx_word' id='word_1_691' title='bbox 2743 3174 2972 3228; x_wconf 86' lang='lat' dir='ltr'><strong>namque</strong></span> <span class='ocrx_word' id='word_1_692' title='bbox 2998 3170 3084 3214; x_wconf 86' lang='lat' dir='ltr'><strong>est</strong></span> <span class='ocrx_word' id='word_1_693' title='bbox 3112 3159 3302 3227; x_wconf 90' lang='lat' dir='ltr'><strong>prioris</strong></span> <span class='ocrx_word' id='word_1_694' title='bbox 3330 3168 3522 3211; x_wconf 66' lang='lat' dir='ltr'><strong>trusum</strong></span> <span class='ocrx_word' id='word_1_695' title='bbox 3557 3158 3749 3213; x_wconf 87' lang='lat' dir='ltr'><strong>simul-</strong></span> 
     </span>
    </p>
   </div>
   <div class='ocr_carea' id='block_1_91' title="bbox 2158 3248 3757 3318">
    <p class='ocr_par' dir='ltr' id='par_1_91' title="bbox 2158 3248 3757 3318">
     <span class='ocr_line' id='line_1_91' title="bbox 2158 3248 3757 3318; baseline -0.001 -15"><span class='ocrx_word' id='word_1_696' title='bbox 2158 3252 2280 3303; x_wconf 87' lang='lat' dir='ltr'><strong>tatis</strong></span> <span class='ocrx_word' id='word_1_697' title='bbox 2317 3263 2639 3318; x_wconf 90' lang='lat' dir='ltr'><strong>cognoscere</strong></span> <span class='ocrx_word' id='word_1_698' title='bbox 2679 3248 3080 3303; x_wconf 88' lang='lat' dir='ltr'><strong>fundamentum</strong></span> <span class='ocrx_word' id='word_1_699' title='bbox 3106 3290 3122 3315; x_wconf 90' lang='lat'><strong>,</strong></span> <span class='ocrx_word' id='word_1_700' title='bbox 3157 3257 3213 3302; x_wconf 92' lang='lat' dir='ltr'><strong>ut</strong></span> <span class='ocrx_word' id='word_1_701' title='bbox 3233 3248 3447 3318; x_wconf 87' lang='lat' dir='ltr'><strong>quando</strong></span> <span class='ocrx_word' id='word_1_702' title='bbox 3475 3249 3757 3317; x_wconf 79' lang='lat' dir='ltr'><strong>aspexeris</strong></span> 
     </span>
    </p>
   </div>
   <div class='ocr_carea' id='block_1_92' title="bbox 2158 3332 3746 3401">
    <p class='ocr_par' dir='ltr' id='par_1_92' title="bbox 2158 3332 3746 3401">
     <span class='ocr_line' id='line_1_92' title="bbox 2158 3332 3746 3401; baseline -0.001 -15"><span class='ocrx_word' id='word_1_703' title='bbox 2158 3347 2257 3387; x_wconf 87' lang='lat' dir='ltr'><strong>nos</strong></span> <span class='ocrx_word' id='word_1_704' title='bbox 2281 3333 2524 3387; x_wconf 90' lang='lat' dir='ltr'><strong>inimicos</strong></span> <span class='ocrx_word' id='word_1_705' title='bbox 2549 3341 2604 3387; x_wconf 92' lang='lat' dir='ltr'><strong>et</strong></span> <span class='ocrx_word' id='word_1_706' title='bbox 2632 3332 2814 3387; x_wconf 85' lang='lat' dir='ltr'><strong>hostes</strong></span> <span class='ocrx_word' id='word_1_707' title='bbox 2856 3335 3061 3388; x_wconf 89' lang='lat' dir='ltr'><strong>honore</strong></span> <span class='ocrx_word' id='word_1_708' title='bbox 3092 3332 3331 3399; x_wconf 73' lang='lat' dir='ltr'><strong>allectos,</strong></span> <span class='ocrx_word' id='word_1_709' title='bbox 3364 3333 3527 3401; x_wconf 82' lang='lat' dir='ltr'><strong>ipsius</strong></span> <span class='ocrx_word' id='word_1_710' title='bbox 3572 3332 3746 3385; x_wconf 65' lang='lat' dir='ltr'><strong>hono-</strong></span> 
     </span>
    </p>
   </div>
   <div class='ocr_carea' id='block_1_93' title="bbox 2157 3423 3757 3494">
    <p class='ocr_par' dir='ltr' id='par_1_93' title="bbox 2157 3423 3757 3494">
     <span class='ocr_line' id='line_1_93' title="bbox 2157 3423 3757 3494; baseline -0.001 -16"><span class='ocrx_word' id='word_1_711' title='bbox 2157 3425 2325 3478; x_wconf 90' lang='lat' dir='ltr'><strong>rantis</strong></span> <span class='ocrx_word' id='word_1_712' title='bbox 2367 3424 2650 3480; x_wconf 88' lang='lat' dir='ltr'><strong>admireris</strong></span> <span class='ocrx_word' id='word_1_713' title='bbox 2688 3423 3097 3494; x_wconf 85' lang='lat' dir='ltr'><strong>benignitatem,</strong></span> <span class='ocrx_word' id='word_1_714' title='bbox 3134 3439 3202 3478; x_wconf 86' lang='lat' dir='ltr'><strong>ne</strong></span> <span class='ocrx_word' id='word_1_715' title='bbox 3234 3439 3301 3477; x_wconf 81' lang='lat' dir='ltr'><strong>ex</strong></span> <span class='ocrx_word' id='word_1_716' title='bbox 3349 3423 3580 3492; x_wconf 87' lang='lat' dir='ltr'><strong>propriis</strong></span> <span class='ocrx_word' id='word_1_717' title='bbox 3605 3432 3757 3476; x_wconf 82' lang='lat' dir='ltr'><strong>recte</strong></span> 
     </span>
    </p>
   </div>
   <div class='ocr_carea' id='block_1_94' title="bbox 2156 3512 3733 3577">
    <p class='ocr_par' dir='ltr' id='par_1_94' title="bbox 2156 3512 3733 3577">
     <span class='ocr_line' id='line_1_94' title="bbox 2156 3512 3733 3577; baseline -0.003 -9"><span class='ocrx_word' id='word_1_718' title='bbox 2156 3513 2310 3570; x_wconf 86' lang='lat' dir='ltr'><strong>factis</strong></span> <span class='ocrx_word' id='word_1_719' title='bbox 2338 3516 2478 3569; x_wconf 88' lang='lat' dir='ltr'><strong>illam</strong></span> <span class='ocrx_word' id='word_1_720' title='bbox 2501 3513 2693 3569; x_wconf 85' lang='lat' dir='ltr'><strong>factam</strong></span> <span class='ocrx_word' id='word_1_721' title='bbox 2717 3516 3060 3569; x_wconf 90' lang='lat' dir='ltr'><strong>mutationem</strong></span> <span class='ocrx_word' id='word_1_722' title='bbox 3085 3514 3379 3577; x_wconf 90' lang='lat' dir='ltr'><strong>arbitreris,</strong></span> <span class='ocrx_word' id='word_1_723' title='bbox 3405 3524 3460 3566; x_wconf 89' lang='lat' dir='ltr'><strong>et</strong></span> <span class='ocrx_word' id='word_1_724' title='bbox 3490 3512 3733 3567; x_wconf 81' lang='lat' dir='ltr'><strong>beneficii</strong></span> 
     </span>
    </p>
   </div>
   <div class='ocr_carea' id='block_1_95' title="bbox 2157 3604 3753 3676">
    <p class='ocr_par' dir='ltr' id='par_1_95' title="bbox 2157 3604 3753 3676">
     <span class='ocr_line' id='line_1_95' title="bbox 2157 3604 3753 3676; baseline -0.003 -16"><span class='ocrx_word' id='word_1_725' title='bbox 2157 3606 2513 3661; x_wconf 83' lang='lat' dir='ltr'><strong>immensitate</strong></span> <span class='ocrx_word' id='word_1_726' title='bbox 2557 3617 2835 3676; x_wconf 88' lang='lat' dir='ltr'><strong>perspecta</strong></span> <span class='ocrx_word' id='word_1_727' title='bbox 2864 3647 2881 3671; x_wconf 88' lang='lat'><strong>,</strong></span> <span class='ocrx_word' id='word_1_728' title='bbox 2933 3606 3002 3660; x_wconf 89' lang='lat' dir='ltr'><strong>de</strong></span> <span class='ocrx_word' id='word_1_729' title='bbox 3051 3604 3411 3675; x_wconf 87' lang='lat' dir='ltr'><strong>magnitudine</strong></span> <span class='ocrx_word' id='word_1_730' title='bbox 3466 3617 3753 3657; x_wconf 80' lang='lat' dir='ltr'><strong>munerum</strong></span> 
     </span>
    </p>
   </div>
   <div class='ocr_carea' id='block_1_96' title="bbox 2155 3696 3752 3768">
    <p class='ocr_par' dir='ltr' id='par_1_96' title="bbox 2155 3696 3752 3768">
     <span class='ocr_line' id='line_1_96' title="bbox 2155 3696 3752 3768; baseline -0.002 -18"><span class='ocrx_word' id='word_1_731' title='bbox 2155 3698 2352 3768; x_wconf 88' lang='lat' dir='ltr'><strong>gratias</strong></span> <span class='ocrx_word' id='word_1_732' title='bbox 2390 3698 2465 3750; x_wconf 92' lang='lat' dir='ltr'><strong>illi</strong></span> <span class='ocrx_word' id='word_1_733' title='bbox 2510 3712 2671 3768; x_wconf 86' lang='lat' dir='ltr'><strong>agere</strong></span> <span class='ocrx_word' id='word_1_734' title='bbox 2699 3713 2804 3751; x_wconf 91' lang='lat' dir='ltr'><strong>non</strong></span> <span class='ocrx_word' id='word_1_735' title='bbox 2847 3697 3098 3752; x_wconf 88' lang='lat' dir='ltr'><strong>desistas.</strong></span> <span class='ocrx_word' id='word_1_736' title='bbox 3124 3696 3214 3750; x_wconf 88' lang='lat' dir='ltr'><strong>Vis</strong></span> <span class='ocrx_word' id='word_1_737' title='bbox 3257 3710 3387 3765; x_wconf 91' lang='lat' dir='ltr'><strong>ergo</strong></span> <span class='ocrx_word' id='word_1_738' title='bbox 3428 3710 3590 3749; x_wconf 85' lang='lat' dir='ltr'><strong>nosse</strong></span> <span class='ocrx_word' id='word_1_739' title='bbox 3613 3710 3752 3764; x_wconf 81' lang='lat' dir='ltr'><strong>quo-</strong></span> 
     </span>
    </p>
   </div>
   <div class='ocr_carea' id='block_1_97' title="bbox 2156 3790 3747 3856">
    <p class='ocr_par' dir='ltr' id='par_1_97' title="bbox 2156 3790 3747 3856">
     <span class='ocr_line' id='line_1_97' title="bbox 2156 3790 3747 3856; baseline -0.001 -12"><span class='ocrx_word' id='word_1_740' title='bbox 2156 3790 2316 3845; x_wconf 90' lang='lat' dir='ltr'><strong>modo</strong></span> <span class='ocrx_word' id='word_1_741' title='bbox 2342 3790 2621 3846; x_wconf 90' lang='lat' dir='ltr'><strong>Dominum</strong></span> <span class='ocrx_word' id='word_1_742' title='bbox 2648 3801 2752 3845; x_wconf 88' lang='lat' dir='ltr'><strong>tam</strong></span> <span class='ocrx_word' id='word_1_743' title='bbox 2779 3791 3050 3847; x_wconf 88' lang='lat' dir='ltr'><strong>liberalem</strong></span> <span class='ocrx_word' id='word_1_744' title='bbox 3074 3832 3089 3856; x_wconf 88' lang='lat'><strong>,</strong></span> <span class='ocrx_word' id='word_1_745' title='bbox 3124 3799 3491 3855; x_wconf 89' lang='lat' dir='ltr'><strong>mansuetum,</strong></span> <span class='ocrx_word' id='word_1_746' title='bbox 3522 3790 3747 3855; x_wconf 87' lang='lat' dir='ltr'><strong>bonum,</strong></span> 
     </span>
    </p>
   </div>
   <div class='ocr_carea' id='block_1_98' title="bbox 2155 3884 3743 3954">
    <p class='ocr_par' dir='ltr' id='par_1_98' title="bbox 2155 3884 3743 3954">
     <span class='ocr_line' id='line_1_98' title="bbox 2155 3884 3743 3954; baseline 0.001 -17"><span class='ocrx_word' id='word_1_747' title='bbox 2155 3884 2438 3953; x_wconf 89' lang='lat' dir='ltr'><strong>omniaque</strong></span> <span class='ocrx_word' id='word_1_748' title='bbox 2465 3884 2532 3938; x_wconf 87' lang='lat' dir='ltr'><strong>ad</strong></span> <span class='ocrx_word' id='word_1_749' title='bbox 2554 3885 2778 3939; x_wconf 86' lang='lat' dir='ltr'><strong>salutem</strong></span> <span class='ocrx_word' id='word_1_750' title='bbox 2806 3894 3040 3938; x_wconf 90' lang='lat' dir='ltr'><strong>nostram</strong></span> <span class='ocrx_word' id='word_1_751' title='bbox 3063 3884 3432 3954; x_wconf 87' lang='lat' dir='ltr'><strong>disponentem</strong></span> <span class='ocrx_word' id='word_1_752' title='bbox 3453 3884 3743 3939; x_wconf 75' lang='lat' dir='ltr'><strong>exacerba-</strong></span> 
     </span>
    </p>
   </div>
   <div class='ocr_carea' id='block_1_99' title="bbox 2154 3977 3752 4046">
    <p class='ocr_par' dir='ltr' id='par_1_99' title="bbox 2154 3977 3752 4046">
     <span class='ocr_line' id='line_1_99' title="bbox 2154 3977 3752 4046; baseline -0.001 -15"><span class='ocrx_word' id='word_1_753' title='bbox 2154 3978 2432 4032; x_wconf 84' lang='lat' dir='ltr'><strong>verimus‘t</strong></span> <span class='ocrx_word' id='word_1_754' title='bbox 2477 3977 2798 4032; x_wconf 87' lang='lat' dir='ltr'><strong>Deliberavit</strong></span> <span class='ocrx_word' id='word_1_755' title='bbox 2843 3977 3128 4046; x_wconf 88' lang='lat' dir='ltr'><strong>aliquando</strong></span> <span class='ocrx_word' id='word_1_756' title='bbox 3151 3977 3219 4032; x_wconf 91' lang='lat' dir='ltr'><strong>de</strong></span> <span class='ocrx_word' id='word_1_757' title='bbox 3267 3978 3517 4031; x_wconf 88' lang='lat' dir='ltr'><strong>universo</strong></span> <span class='ocrx_word' id='word_1_758' title='bbox 3566 3986 3752 4031; x_wconf 88' lang='lat' dir='ltr'><strong>nostro</strong></span> 
     </span>
    </p>
   </div>
   <div class='ocr_carea' id='block_1_100' title="bbox 2155 4067 3747 4136">
    <p class='ocr_par' dir='ltr' id='par_1_100' title="bbox 2155 4067 3747 4136">
     <span class='ocr_line' id='line_1_100' title="bbox 2155 4067 3747 4136; baseline -0.003 -12"><span class='ocrx_word' id='word_1_759' title='bbox 2155 4083 2355 4136; x_wconf 84' lang='lat' dir='ltr'><strong>genere</strong></span> <span class='ocrx_word' id='word_1_760' title='bbox 2377 4069 2595 4122; x_wconf 92' lang='lat' dir='ltr'><strong>omnino</strong></span> <span class='ocrx_word' id='word_1_761' title='bbox 2620 4068 2848 4122; x_wconf 90' lang='lat' dir='ltr'><strong>delendo</strong></span> <span class='ocrx_word' id='word_1_762' title='bbox 2871 4109 2887 4133; x_wconf 92' lang='lat'><strong>,</strong></span> <span class='ocrx_word' id='word_1_763' title='bbox 2915 4076 3073 4136; x_wconf 89' lang='lat' dir='ltr'><strong>atque</strong></span> <span class='ocrx_word' id='word_1_764' title='bbox 3116 4067 3186 4121; x_wconf 89' lang='lat' dir='ltr'><strong>ita</strong></span> <span class='ocrx_word' id='word_1_765' title='bbox 3217 4067 3370 4121; x_wconf 89' lang='lat' dir='ltr'><strong>nobis</strong></span> <span class='ocrx_word' id='word_1_766' title='bbox 3409 4068 3572 4122; x_wconf 88' lang='lat' dir='ltr'><strong>iratus</strong></span> <span class='ocrx_word' id='word_1_767' title='bbox 3609 4077 3747 4130; x_wconf 85' lang='lat' dir='ltr'><strong>erat,</strong></span> 
     </span>
    </p>
   </div>
   <div class='ocr_carea' id='block_1_101' title="bbox 2155 4158 3751 4229">
    <p class='ocr_par' dir='ltr' id='par_1_101' title="bbox 2155 4158 3751 4229">
     <span class='ocr_line' id='line_1_101' title="bbox 2155 4158 3751 4229; baseline -0.001 -16"><span class='ocrx_word' id='word_1_768' title='bbox 2155 4169 2213 4214; x_wconf 92' lang='lat' dir='ltr'><strong>ut</strong></span> <span class='ocrx_word' id='word_1_769' title='bbox 2242 4159 2462 4229; x_wconf 88' lang='lat' dir='ltr'><strong>perdere</strong></span> <span class='ocrx_word' id='word_1_770' title='bbox 2502 4173 2600 4214; x_wconf 91' lang='lat' dir='ltr'><strong>nos</strong></span> <span class='ocrx_word' id='word_1_771' title='bbox 2627 4160 2786 4215; x_wconf 89' lang='lat' dir='ltr'><strong>vellet</strong></span> <span class='ocrx_word' id='word_1_772' title='bbox 2811 4175 2932 4214; x_wconf 92' lang='lat' dir='ltr'><strong>eum</strong></span> <span class='ocrx_word' id='word_1_773' title='bbox 2961 4158 3215 4214; x_wconf 90' lang='lat' dir='ltr'><strong>uxoribus</strong></span> <span class='ocrx_word' id='word_1_774' title='bbox 3242 4173 3304 4214; x_wconf 90' lang='lat' dir='ltr'><strong>ac</strong></span> <span class='ocrx_word' id='word_1_775' title='bbox 3325 4158 3535 4226; x_wconf 88' lang='lat' dir='ltr'><strong>liberis,</strong></span> <span class='ocrx_word' id='word_1_776' title='bbox 3567 4158 3751 4213; x_wconf 80' lang='lat' dir='ltr'><strong>bestiis</strong></span> 
     </span>
    </p>
   </div>
   <div class='ocr_carea' id='block_1_102' title="bbox 2101 4245 3748 4322">
    <p class='ocr_par' dir='ltr' id='par_1_102' title="bbox 2101 4245 3748 4322">
     <span class='ocr_line' id='line_1_102' title="bbox 2101 4245 3748 4322; baseline -0.002 -16"><span class='ocrx_word' id='word_1_777' title='bbox 2101 4245 2119 4265; x_wconf 69' lang='lat'>&quot;</span> <span class='ocrx_word' id='word_1_778' title='bbox 2153 4262 2314 4321; x_wconf 87' lang='lat' dir='ltr'><strong>atque</strong></span> <span class='ocrx_word' id='word_1_779' title='bbox 2347 4250 2606 4322; x_wconf 90' lang='lat' dir='ltr'><strong>jumentis</strong></span> <span class='ocrx_word' id='word_1_780' title='bbox 2631 4294 2646 4319; x_wconf 93' lang='lat'><strong>,</strong></span> <span class='ocrx_word' id='word_1_781' title='bbox 2695 4262 2893 4306; x_wconf 91' lang='lat' dir='ltr'><strong>etcum</strong></span> <span class='ocrx_word' id='word_1_782' title='bbox 2925 4252 3169 4305; x_wconf 86' lang='lat' dir='ltr'><strong>tmiversa</strong></span> <span class='ocrx_word' id='word_1_783' title='bbox 3219 4260 3377 4306; x_wconf 86' lang='lat' dir='ltr'><strong>terra.</strong></span> <span class='ocrx_word' id='word_1_784' title='bbox 3429 4250 3497 4306; x_wconf 86' lang='lat' dir='ltr'><strong>Et</strong></span> <span class='ocrx_word' id='word_1_785' title='bbox 3522 4251 3567 4305; x_wconf 91' lang='lat' dir='ltr'><strong>si</strong></span> <span class='ocrx_word' id='word_1_786' title='bbox 3597 4250 3748 4313; x_wconf 87' lang='lat' dir='ltr'><strong>velis,</strong></span> 
     </span>
    </p>
   </div>
   <div class='ocr_carea' id='block_1_103' title="bbox 2154 4340 3752 4413">
    <p class='ocr_par' dir='ltr' id='par_1_103' title="bbox 2154 4340 3752 4413">
     <span class='ocr_line' id='line_1_103' title="bbox 2154 4340 3752 4413; baseline -0.003 -15"><span class='ocrx_word' id='word_1_787' title='bbox 2154 4344 2354 4398; x_wconf 88' lang='lat' dir='ltr'><strong>curabo</strong></span> <span class='ocrx_word' id='word_1_788' title='bbox 2380 4352 2438 4398; x_wconf 91' lang='lat' dir='ltr'><strong>ut</strong></span> <span class='ocrx_word' id='word_1_789' title='bbox 2462 4345 2629 4413; x_wconf 90' lang='lat' dir='ltr'><strong>ipsam</strong></span> <span class='ocrx_word' id='word_1_790' title='bbox 2652 4358 2865 4413; x_wconf 90' lang='lat' dir='ltr'><strong>quoque</strong></span> <span class='ocrx_word' id='word_1_791' title='bbox 2892 4343 3210 4398; x_wconf 89' lang='lat' dir='ltr'><strong>sententiam</strong></span> <span class='ocrx_word' id='word_1_792' title='bbox 3245 4342 3361 4412; x_wconf 90' lang='lat' dir='ltr'><strong>ejus</strong></span> <span class='ocrx_word' id='word_1_793' title='bbox 3381 4343 3566 4397; x_wconf 89' lang='lat' dir='ltr'><strong>audias</strong></span> <span class='ocrx_word' id='word_1_794' title='bbox 3597 4358 3612 4397; x_wconf 93' lang='lat'><strong>:</strong></span> <span class='ocrx_word' id='word_1_795' title='bbox 3642 4340 3752 4394; x_wconf 86' lang='lat' dir='ltr'><strong>De-</strong></span> 
     </span>
    </p>
   </div>
   <div class='ocr_carea' id='block_1_104' title="bbox 2155 4433 3747 4505">
    <p class='ocr_par' dir='ltr' id='par_1_104' title="bbox 2155 4433 3747 4505">
     <span class='ocr_line' id='line_1_104' title="bbox 2155 4433 3747 4505; baseline -0.003 -15"><span class='ocrx_word' id='word_1_796' title='bbox 2155 4436 2286 4503; x_wconf 84' lang='lat' dir='ltr'><strong>lebo,</strong></span> <span class='ocrx_word' id='word_1_797' title='bbox 2318 4435 2506 4505; x_wconf 90' lang='lat' dir='ltr'><strong>inquit,</strong></span> <span class='ocrx_word' id='word_1_798' title='bbox 2536 4435 2787 4488; x_wconf 80' lang='lat' dir='ltr'><strong>hominem</strong></span> <span class='ocrx_word' id='word_1_799' title='bbox 2826 4451 2973 4505; x_wconf 87' lang='lat' dir='ltr'><strong>quem</strong></span> <span class='ocrx_word' id='word_1_800' title='bbox 2999 4434 3162 4487; x_wconf 71' lang='lat' dir='ltr'><strong>creari</strong></span> <span class='ocrx_word' id='word_1_801' title='bbox 3182 4451 3214 4487; x_wconf 92' lang='lat' dir='ltr'><strong>a</strong></span> <span class='ocrx_word' id='word_1_802' title='bbox 3238 4434 3370 4503; x_wconf 78' lang='lat' dir='ltr'><strong>[acie</strong></span> <span class='ocrx_word' id='word_1_803' title='bbox 3384 4433 3545 4487; x_wconf 83' lang='lat' dir='ltr'><strong>omnis</strong></span> <span class='ocrx_word' id='word_1_804' title='bbox 3572 4442 3747 4498; x_wconf 75' lang='lat' dir='ltr'><strong>teme,</strong></span> 
     </span>
    </p>
   </div>
   <div class='ocr_carea' id='block_1_105' title="bbox 2153 4524 3756 4597">
    <p class='ocr_par' dir='ltr' id='par_1_105' title="bbox 2153 4524 3756 4597">
     <span class='ocr_line' id='line_1_105' title="bbox 2153 4524 3756 4597; baseline -0.004 -15"><span class='ocrx_word' id='word_1_805' title='bbox 2153 4539 2201 4582; x_wconf 89' lang='lat' dir='ltr'><strong>et</strong></span> <span class='ocrx_word' id='word_1_806' title='bbox 2241 4528 2388 4582; x_wconf 85' lang='lat' dir='ltr'><strong>bruta</strong></span> <span class='ocrx_word' id='word_1_807' title='bbox 2423 4528 2667 4580; x_wconf 83' lang='lat' dir='ltr'><strong>animalia</strong></span> <span class='ocrx_word' id='word_1_808' title='bbox 2709 4536 2755 4580; x_wconf 91' lang='lat' dir='ltr'><strong>et</strong></span> <span class='ocrx_word' id='word_1_809' title='bbox 2770 4527 3027 4597; x_wconf 79' lang='lat' dir='ltr'><strong>jumenta,</strong></span> <span class='ocrx_word' id='word_1_810' title='bbox 3079 4527 3198 4593; x_wconf 87' lang='lat' dir='ltr'><strong>quia</strong></span> <span class='ocrx_word' id='word_1_811' title='bbox 3224 4525 3429 4595; x_wconf 71' lang='lat' dir='ltr'><strong>pmiiitet</strong></span> <span class='ocrx_word' id='word_1_812' title='bbox 3453 4541 3533 4578; x_wconf 83' lang='lat' dir='ltr'><strong>me</strong></span> <span class='ocrx_word' id='word_1_813' title='bbox 3575 4524 3756 4595; x_wconf 78' lang='lat' dir='ltr'><strong>fecisse</strong></span> 
     </span>
    </p>
   </div>
   <div class='ocr_carea' id='block_1_106' title="bbox 2155 4617 3747 4690">
    <p class='ocr_par' dir='ltr' id='par_1_106' title="bbox 2155 4617 3747 4690">
     <span class='ocr_line' id='line_1_106' title="bbox 2155 4617 3747 4690; baseline -0.003 -19"><span class='ocrx_word' id='word_1_814' title='bbox 2155 4619 2406 4672; x_wconf 75' lang='lat' dir='ltr'><strong>hominem</strong></span> <span class='ocrx_word' id='word_1_815' title='bbox 2437 4617 2588 4690; x_wconf 77' lang='lat' dir='ltr'><strong>(Gen.</strong></span> <span class='ocrx_word' id='word_1_816' title='bbox 2624 4617 2677 4672; x_wconf 85' lang='lat'><strong>6.</strong></span> <span class='ocrx_word' id='word_1_817' title='bbox 2701 4618 2789 4688; x_wconf 87' lang='lat'><strong>7).</strong></span> <span class='ocrx_word' id='word_1_818' title='bbox 2828 4618 2896 4672; x_wconf 81' lang='lat' dir='ltr'><strong>Et</strong></span> <span class='ocrx_word' id='word_1_819' title='bbox 2919 4628 2977 4671; x_wconf 93' lang='lat' dir='ltr'><strong>ut</strong></span> <span class='ocrx_word' id='word_1_820' title='bbox 3014 4617 3189 4671; x_wconf 84' lang='lat' dir='ltr'><strong>discas</strong></span> <span class='ocrx_word' id='word_1_821' title='bbox 3220 4629 3339 4671; x_wconf 89' lang='lat' dir='ltr'><strong>eum</strong></span> <span class='ocrx_word' id='word_1_822' title='bbox 3360 4631 3465 4669; x_wconf 89' lang='lat' dir='ltr'><strong>non</strong></span> <span class='ocrx_word' id='word_1_823' title='bbox 3513 4623 3747 4669; x_wconf 83' lang='lat' dir='ltr'><strong>nostram</strong></span> 
     </span>
    </p>
   </div>
   <div class='ocr_carea' id='block_1_107' title="bbox 2153 4705 3749 4775">
    <p class='ocr_par' dir='ltr' id='par_1_107' title="bbox 2153 4705 3749 4775">
     <span class='ocr_line' id='line_1_107' title="bbox 2153 4705 3749 4775; baseline -0.003 -12"><span class='ocrx_word' id='word_1_824' title='bbox 2153 4709 2333 4764; x_wconf 89' lang='lat' dir='ltr'><strong>odisse</strong></span> <span class='ocrx_word' id='word_1_825' title='bbox 2362 4720 2622 4775; x_wconf 89' lang='lat' dir='ltr'><strong>naturam,</strong></span> <span class='ocrx_word' id='word_1_826' title='bbox 2665 4708 2759 4764; x_wconf 88' lang='lat' dir='ltr'><strong>sed</strong></span> <span class='ocrx_word' id='word_1_827' title='bbox 2807 4708 3062 4763; x_wconf 87' lang='lat' dir='ltr'><strong>malitiam</strong></span> <span class='ocrx_word' id='word_1_828' title='bbox 3088 4706 3450 4762; x_wconf 89' lang='lat' dir='ltr'><strong>abominatum</strong></span> <span class='ocrx_word' id='word_1_829' title='bbox 3490 4721 3631 4772; x_wconf 90' lang='lat' dir='ltr'><strong>esse,</strong></span> <span class='ocrx_word' id='word_1_830' title='bbox 3658 4705 3749 4775; x_wconf 87' lang='lat' dir='ltr'><strong>qui</strong></span> 
     </span>
    </p>
   </div>
   <div class='ocr_carea' id='block_1_108' title="bbox 2154 4797 3745 4869">
    <p class='ocr_par' dir='ltr' id='par_1_108' title="bbox 2154 4797 3745 4869">
     <span class='ocr_line' id='line_1_108' title="bbox 2154 4797 3745 4869; baseline -0.005 -13"><span class='ocrx_word' id='word_1_831' title='bbox 2154 4801 2384 4867; x_wconf 88' lang='lat' dir='ltr'><strong>dicebat,</strong></span> <span class='ocrx_word' id='word_1_832' title='bbox 2413 4801 2601 4856; x_wconf 87' lang='lat' dir='ltr'><strong>Delebo</strong></span> <span class='ocrx_word' id='word_1_833' title='bbox 2631 4802 2903 4865; x_wconf 80' lang='lat' dir='ltr'><strong>hominem,</strong></span> <span class='ocrx_word' id='word_1_834' title='bbox 2927 4816 3073 4869; x_wconf 85' lang='lat' dir='ltr'><strong>quem</strong></span> <span class='ocrx_word' id='word_1_835' title='bbox 3098 4802 3261 4854; x_wconf 69' lang='grc' dir='ltr'><strong>θνραυὶ</strong></span> <span class='ocrx_word' id='word_1_836' title='bbox 3290 4800 3340 4852; x_wconf 87' lang='lat' dir='ltr'><strong>in</strong></span> <span class='ocrx_word' id='word_1_837' title='bbox 3362 4809 3496 4852; x_wconf 86' lang='lat' dir='ltr'><strong>terra</strong></span> <span class='ocrx_word' id='word_1_838' title='bbox 3518 4797 3745 4869; x_wconf 79' lang='lat' dir='ltr'><strong>(Ibid.o.</strong></span> 
     </span>
    </p>
   </div>
   <div class='ocr_carea' id='block_1_109' title="bbox 2155 4891 3744 4965">
    <p class='ocr_par' dir='ltr' id='par_1_109' title="bbox 2155 4891 3744 4965">
     <span class='ocr_line' id='line_1_109' title="bbox 2155 4891 3744 4965; baseline -0.003 -16"><span class='ocrx_word' id='word_1_839' title='bbox 2155 4895 2222 4949; x_wconf 80' lang='grc'><strong>15</strong></span> <span class='ocrx_word' id='word_1_840' title='bbox 2240 4897 2257 4965; x_wconf 96' lang='grc'>)</span> <span class='ocrx_word' id='word_1_841' title='bbox 2276 4937 2290 4957; x_wconf 83' lang='grc'>,</span> <span class='ocrx_word' id='word_1_842' title='bbox 2327 4896 2486 4949; x_wconf 85' lang='lat' dir='ltr'><strong>etiam</strong></span> <span class='ocrx_word' id='word_1_843' title='bbox 2517 4894 2648 4949; x_wconf 79' lang='lat' dir='ltr'><strong>dixit</strong></span> <span class='ocrx_word' id='word_1_844' title='bbox 2677 4894 2874 4948; x_wconf 90' lang='lat' dir='ltr'><strong>homini</strong></span> <span class='ocrx_word' id='word_1_845' title='bbox 2902 4911 2915 4947; x_wconf 90' lang='lat'><strong>:</strong></span> <span class='ocrx_word' id='word_1_846' title='bbox 2947 4892 3170 4961; x_wconf 84' lang='lat' dir='ltr'><strong>Tempus</strong></span> <span class='ocrx_word' id='word_1_847' title='bbox 3199 4892 3363 4946; x_wconf 86' lang='lat' dir='ltr'><strong>omnis</strong></span> <span class='ocrx_word' id='word_1_848' title='bbox 3413 4891 3628 4945; x_wconf 78' lang='lat' dir='ltr'><strong>hominis</strong></span> <span class='ocrx_word' id='word_1_849' title='bbox 3657 4907 3744 4944; x_wconf 84' lang='lat' dir='ltr'><strong>ve-</strong></span> 
     </span>
    </p>
   </div>
   <div class='ocr_carea' id='block_1_110' title="bbox 2154 4982 3745 5045">
    <p class='ocr_par' dir='ltr' id='par_1_110' title="bbox 2154 4982 3745 5045">
     <span class='ocr_line' id='line_1_110' title="bbox 2154 4982 3745 5045; baseline -0.003 -5"><span class='ocrx_word' id='word_1_850' title='bbox 2154 4988 2225 5040; x_wconf 85' lang='lat' dir='ltr'><strong>nit</strong></span> <span class='ocrx_word' id='word_1_851' title='bbox 2253 4987 2320 5039; x_wconf 90' lang='lat' dir='ltr'><strong>ad</strong></span> <span class='ocrx_word' id='word_1_852' title='bbox 2340 5002 2436 5039; x_wconf 74' lang='lat' dir='ltr'><strong>ine.</strong></span> <span class='ocrx_word' id='word_1_853' title='bbox 2464 4985 2595 5040; x_wconf 83' lang='lat' dir='ltr'><strong>Nam</strong></span> <span class='ocrx_word' id='word_1_854' title='bbox 2627 4986 2671 5039; x_wconf 91' lang='lat' dir='ltr'><strong>si</strong></span> <span class='ocrx_word' id='word_1_855' title='bbox 2701 4984 2970 5039; x_wconf 89' lang='lat' dir='ltr'><strong>hominem</strong></span> <span class='ocrx_word' id='word_1_856' title='bbox 2993 4983 3212 5045; x_wconf 89' lang='lat' dir='ltr'><strong>odisset,</strong></span> <span class='ocrx_word' id='word_1_857' title='bbox 3238 4999 3342 5037; x_wconf 87' lang='lat' dir='ltr'><strong>non</strong></span> <span class='ocrx_word' id='word_1_858' title='bbox 3374 4997 3502 5037; x_wconf 86' lang='lat' dir='ltr'><strong>cum</strong></span> <span class='ocrx_word' id='word_1_859' title='bbox 3528 4982 3745 5036; x_wconf 84' lang='lat' dir='ltr'><strong>homine</strong></span> 
     </span>
    </p>
   </div>
   <div class='ocr_carea' id='block_1_111' title="bbox 2150 5074 3752 5145">
    <p class='ocr_par' dir='ltr' id='par_1_111' title="bbox 2150 5074 3752 5145">
     <span class='ocr_line' id='line_1_111' title="bbox 2150 5074 3752 5145; baseline -0.004 -11"><span class='ocrx_word' id='word_1_860' title='bbox 2150 5080 2312 5134; x_wconf 89' lang='lat' dir='ltr'><strong>verba</strong></span> <span class='ocrx_word' id='word_1_861' title='bbox 2335 5079 2551 5134; x_wconf 88' lang='lat' dir='ltr'><strong>faceret.</strong></span> <span class='ocrx_word' id='word_1_862' title='bbox 2571 5077 2723 5134; x_wconf 81' lang='lat' dir='ltr'><strong>Nunc</strong></span> <span class='ocrx_word' id='word_1_863' title='bbox 2738 5087 2914 5131; x_wconf 91' lang='lat' dir='ltr'><strong>autem</strong></span> <span class='ocrx_word' id='word_1_864' title='bbox 2934 5075 3085 5131; x_wconf 87' lang='lat' dir='ltr'><strong>vides</strong></span> <span class='ocrx_word' id='word_1_865' title='bbox 3101 5075 3275 5145; x_wconf 89' lang='lat' dir='ltr'><strong>ipsum</strong></span> <span class='ocrx_word' id='word_1_866' title='bbox 3297 5074 3531 5129; x_wconf 87' lang='lat' dir='ltr'><strong>noluisse</strong></span> <span class='ocrx_word' id='word_1_867' title='bbox 3549 5075 3721 5127; x_wconf 87' lang='lat' dir='ltr'><strong>lacere</strong></span> <span class='ocrx_word' id='word_1_868' title='bbox 3735 5115 3752 5138; x_wconf 89' lang='lat'><strong>,</strong></span> 
     </span>
    </p>
   </div>
   <div class='ocr_carea' id='block_1_112' title="bbox 2153 5166 3744 5244">
    <p class='ocr_par' dir='ltr' id='par_1_112' title="bbox 2153 5166 3744 5244">
     <span class='ocr_line' id='line_1_112' title="bbox 2153 5166 3744 5244; baseline -0.006 -16"><span class='ocrx_word' id='word_1_869' title='bbox 2153 5172 2293 5244; x_wconf 87' lang='lat' dir='ltr'><strong>quod</strong></span> <span class='ocrx_word' id='word_1_870' title='bbox 2330 5170 2686 5227; x_wconf 89' lang='lat' dir='ltr'><strong>comminatus</strong></span> <span class='ocrx_word' id='word_1_871' title='bbox 2715 5170 2917 5235; x_wconf 88' lang='lat' dir='ltr'><strong>fuerat;</strong></span> <span class='ocrx_word' id='word_1_872' title='bbox 2950 5170 3075 5240; x_wconf 90' lang='lat' dir='ltr'><strong>quin</strong></span> <span class='ocrx_word' id='word_1_873' title='bbox 3104 5177 3157 5223; x_wconf 89' lang='lat' dir='ltr'><strong>et</strong></span> <span class='ocrx_word' id='word_1_874' title='bbox 3188 5182 3401 5223; x_wconf 84' lang='lat' dir='ltr'><strong>servum</strong></span> <span class='ocrx_word' id='word_1_875' title='bbox 3435 5166 3744 5230; x_wconf 84' lang='lat' dir='ltr'><strong>excusabat,</strong></span> 
     </span>
    </p>
   </div>
   <div class='ocr_carea' id='block_1_113' title="bbox 2153 5256 3746 5331">
    <p class='ocr_par' dir='ltr' id='par_1_113' title="bbox 2153 5256 3746 5331">
     <span class='ocr_line' id='line_1_113' title="bbox 2153 5256 3746 5331; baseline -0.004 -14"><span class='ocrx_word' id='word_1_876' title='bbox 2153 5280 2217 5319; x_wconf 86' lang='lat' dir='ltr'><strong>ac</strong></span> <span class='ocrx_word' id='word_1_877' title='bbox 2244 5277 2364 5316; x_wconf 90' lang='lat' dir='ltr'><strong>cum</strong></span> <span class='ocrx_word' id='word_1_878' title='bbox 2402 5277 2489 5328; x_wconf 91' lang='lat' dir='ltr'><strong>eo,</strong></span> <span class='ocrx_word' id='word_1_879' title='bbox 2522 5262 2668 5316; x_wconf 87' lang='lat' dir='ltr'><strong>velut</strong></span> <span class='ocrx_word' id='word_1_880' title='bbox 2709 5261 2948 5331; x_wconf 89' lang='lat' dir='ltr'><strong>ejusdem</strong></span> <span class='ocrx_word' id='word_1_881' title='bbox 2991 5259 3311 5315; x_wconf 90' lang='lat' dir='ltr'><strong>conditionis</strong></span> <span class='ocrx_word' id='word_1_882' title='bbox 3358 5257 3552 5321; x_wconf 89' lang='lat' dir='ltr'><strong>amico,</strong></span> <span class='ocrx_word' id='word_1_883' title='bbox 3583 5256 3746 5311; x_wconf 84' lang='lat' dir='ltr'><strong>verba</strong></span> 
     </span>
    </p>
   </div>
   <div class='ocr_carea' id='block_1_114' title="bbox 2153 5347 3745 5423">
    <p class='ocr_par' dir='ltr' id='par_1_114' title="bbox 2153 5347 3745 5423">
     <span class='ocr_line' id='line_1_114' title="bbox 2153 5347 3745 5423; baseline -0.006 -13"><span class='ocrx_word' id='word_1_884' title='bbox 2153 5355 2379 5410; x_wconf 82' lang='lat' dir='ltr'><strong>faciebat</strong></span> <span class='ocrx_word' id='word_1_885' title='bbox 2410 5355 2683 5418; x_wconf 91' lang='lat' dir='ltr'><strong>Dominus,</strong></span> <span class='ocrx_word' id='word_1_886' title='bbox 2718 5368 3013 5423; x_wconf 87' lang='lat' dir='ltr'><strong>causasque</strong></span> <span class='ocrx_word' id='word_1_887' title='bbox 3054 5359 3453 5422; x_wconf 67' lang='lat' dir='ltr'><strong>superventura:</strong></span> <span class='ocrx_word' id='word_1_888' title='bbox 3483 5347 3745 5419; x_wconf 85' lang='lat' dir='ltr'><strong>perditio-</strong></span> 
     </span>
    </p>
   </div>
   <div class='ocr_carea' id='block_1_115' title="bbox 2153 5440 3743 5520">
    <p class='ocr_par' dir='ltr' id='par_1_115' title="bbox 2153 5440 3743 5520">
     <span class='ocr_line' id='line_1_115' title="bbox 2153 5440 3743 5520; baseline -0.006 -15"><span class='ocrx_word' id='word_1_889' title='bbox 2153 5454 2236 5506; x_wconf 86' lang='lat' dir='ltr'><strong>nis</strong></span> <span class='ocrx_word' id='word_1_890' title='bbox 2253 5452 2533 5505; x_wconf 86' lang='lat' dir='ltr'><strong>cnarrabat</strong></span> <span class='ocrx_word' id='word_1_891' title='bbox 2552 5468 2566 5503; x_wconf 95' lang='lat'>:</span> <span class='ocrx_word' id='word_1_892' title='bbox 2587 5466 2692 5505; x_wconf 91' lang='lat' dir='ltr'><strong>non</strong></span> <span class='ocrx_word' id='word_1_893' title='bbox 2713 5450 2926 5520; x_wconf 85' lang='lat' dir='ltr'><strong>quidem</strong></span> <span class='ocrx_word' id='word_1_894' title='bbox 2956 5457 3014 5502; x_wconf 91' lang='lat' dir='ltr'><strong>ut</strong></span> <span class='ocrx_word' id='word_1_895' title='bbox 3039 5462 3228 5501; x_wconf 89' lang='lat' dir='ltr'><strong>causas</strong></span> <span class='ocrx_word' id='word_1_896' title='bbox 3246 5444 3416 5498; x_wconf 83' lang='lat' dir='ltr'><strong>discat</strong></span> <span class='ocrx_word' id='word_1_897' title='bbox 3447 5443 3631 5505; x_wconf 89' lang='lat' dir='ltr'><strong>homo,</strong></span> <span class='ocrx_word' id='word_1_898' title='bbox 3654 5440 3743 5495; x_wconf 87' lang='lat' dir='ltr'><strong>sed</strong></span> 
     </span>
    </p>
   </div>
   <div class='ocr_carea' id='block_1_116' title="bbox 2156 5534 3743 5612">
    <p class='ocr_par' dir='ltr' id='par_1_116' title="bbox 2156 5534 3743 5612">
     <span class='ocr_line' id='line_1_116' title="bbox 2156 5534 3743 5612; baseline -0.008 -13"><span class='ocrx_word' id='word_1_899' title='bbox 2156 5557 2211 5599; x_wconf 89' lang='lat' dir='ltr'><strong>ut</strong></span> <span class='ocrx_word' id='word_1_900' title='bbox 2236 5545 2354 5598; x_wconf 90' lang='lat' dir='ltr'><strong>aliis</strong></span> <span class='ocrx_word' id='word_1_901' title='bbox 2382 5558 2591 5612; x_wconf 86' lang='lat' dir='ltr'><strong>quoque</strong></span> <span class='ocrx_word' id='word_1_902' title='bbox 2617 5557 2707 5597; x_wconf 89' lang='lat' dir='ltr'><strong>eas</strong></span> <span class='ocrx_word' id='word_1_903' title='bbox 2738 5541 3014 5595; x_wconf 84' lang='lat' dir='ltr'><strong>insinuans</strong></span> <span class='ocrx_word' id='word_1_904' title='bbox 3035 5537 3477 5607; x_wconf 85' lang='lat' dir='ltr'><strong>temperantiores</strong></span> <span class='ocrx_word' id='word_1_905' title='bbox 3504 5550 3598 5588; x_wconf 85' lang='lat' dir='ltr'><strong>eos</strong></span> <span class='ocrx_word' id='word_1_906' title='bbox 3621 5534 3743 5588; x_wconf 81' lang='lat' dir='ltr'><strong>red-</strong></span> 
     </span>
    </p>
   </div>
   <div class='ocr_carea' id='block_1_117' title="bbox 2150 5627 3746 5702">
    <p class='ocr_par' dir='ltr' id='par_1_117' title="bbox 2150 5627 3746 5702">
     <span class='ocr_line' id='line_1_117' title="bbox 2150 5627 3746 5702; baseline -0.008 -12"><span class='ocrx_word' id='word_1_907' title='bbox 2150 5636 2261 5690; x_wconf 87' lang='lat' dir='ltr'><strong>dat.</strong></span> <span class='ocrx_word' id='word_1_908' title='bbox 2289 5637 2356 5689; x_wconf 77' lang='lat' dir='ltr'><strong>At</strong></span> <span class='ocrx_word' id='word_1_909' title='bbox 2379 5634 2521 5702; x_wconf 89' lang='lat' dir='ltr'><strong>quod</strong></span> <span class='ocrx_word' id='word_1_910' title='bbox 2551 5634 2709 5687; x_wconf 87' lang='lat' dir='ltr'><strong>modo</strong></span> <span class='ocrx_word' id='word_1_911' title='bbox 2733 5631 2972 5686; x_wconf 89' lang='lat' dir='ltr'><strong>dicebam</strong></span> <span class='ocrx_word' id='word_1_912' title='bbox 3014 5673 3029 5695; x_wconf 94' lang='lat'><strong>,</strong></span> <span class='ocrx_word' id='word_1_913' title='bbox 3057 5630 3126 5683; x_wconf 90' lang='lat' dir='ltr'><strong>ita</strong></span> <span class='ocrx_word' id='word_1_914' title='bbox 3155 5627 3295 5681; x_wconf 89' lang='lat' dir='ltr'><strong>male</strong></span> <span class='ocrx_word' id='word_1_915' title='bbox 3322 5638 3558 5681; x_wconf 83' lang='lat' dir='ltr'><strong>nostrum</strong></span> <span class='ocrx_word' id='word_1_916' title='bbox 3580 5640 3746 5695; x_wconf 88' lang='lat' dir='ltr'><strong>genus</strong></span> 
     </span>
    </p>
   </div>
   <div class='ocr_carea' id='block_1_118' title="bbox 2153 5719 3745 5798">
    <p class='ocr_par' dir='ltr' id='par_1_118' title="bbox 2153 5719 3745 5798">
     <span class='ocr_line' id='line_1_118' title="bbox 2153 5719 3745 5798; baseline -0.009 -15"><span class='ocrx_word' id='word_1_917' title='bbox 2153 5742 2212 5783; x_wconf 90' lang='lat' dir='ltr'><strong>se</strong></span> <span class='ocrx_word' id='word_1_918' title='bbox 2238 5727 2456 5798; x_wconf 86' lang='lat' dir='ltr'><strong>gerebat</strong></span> <span class='ocrx_word' id='word_1_919' title='bbox 2484 5734 2659 5790; x_wconf 89' lang='lat' dir='ltr'><strong>antea,</strong></span> <span class='ocrx_word' id='word_1_920' title='bbox 2683 5733 2739 5778; x_wconf 92' lang='lat' dir='ltr'><strong>ut</strong></span> <span class='ocrx_word' id='word_1_921' title='bbox 2760 5722 3047 5793; x_wconf 89' lang='lat' dir='ltr'><strong>periculum</strong></span> <span class='ocrx_word' id='word_1_922' title='bbox 3064 5730 3228 5787; x_wconf 89' lang='lat' dir='ltr'><strong>esset,</strong></span> <span class='ocrx_word' id='word_1_923' title='bbox 3262 5735 3329 5774; x_wconf 90' lang='lat' dir='ltr'><strong>ne</strong></span> <span class='ocrx_word' id='word_1_924' title='bbox 3380 5734 3445 5774; x_wconf 82' lang='lat' dir='ltr'><strong>ex</strong></span> <span class='ocrx_word' id='word_1_925' title='bbox 3469 5719 3577 5788; x_wconf 81' lang='lat' dir='ltr'><strong>ipsa</strong></span> <span class='ocrx_word' id='word_1_926' title='bbox 3606 5727 3745 5771; x_wconf 85' lang='lat' dir='ltr'><strong>terra</strong></span> 
     </span>
    </p>
   </div>
   <div class='ocr_carea' id='block_1_119' title="bbox 2223 5854 3320 5921">
    <p class='ocr_par' dir='ltr' id='par_1_119' title="bbox 2223 5854 3320 5921">
     <span class='ocr_line' id='line_1_119' title="bbox 2223 5854 3320 5921; baseline -0.003 -14"><span class='ocrx_word' id='word_1_927' title='bbox 2223 5865 2237 5892; x_wconf 76' lang='grc' dir='ltr'>ι</span> <span class='ocrx_word' id='word_1_928' title='bbox 2272 5868 2410 5919; x_wconf 60' lang='grc' dir='ltr'><strong>ηομ..</strong></span> <span class='ocrx_word' id='word_1_929' title='bbox 2432 5858 2493 5910; x_wconf 83' lang='lat' dir='ltr'><strong>de</strong></span> <span class='ocrx_word' id='word_1_930' title='bbox 2517 5856 2846 5921; x_wconf 77' lang='lat' dir='ltr'><strong>martyribus;</strong></span> <span class='ocrx_word' id='word_1_931' title='bbox 2870 5858 3010 5916; x_wconf 67' lang='lat' dir='ltr'><strong>mliti,</strong></span> <span class='ocrx_word' id='word_1_932' title='bbox 3036 5857 3096 5907; x_wconf 89' lang='lat' dir='ltr'><strong>de</strong></span> <span class='ocrx_word' id='word_1_933' title='bbox 3120 5854 3320 5915; x_wconf 69' lang='lat' dir='ltr'><strong>rchlis.</strong></span> 
     </span>
    </p>
   </div>
   <div class='ocr_carea' id='block_1_120' title="bbox 2220 5923 2742 5986">
    <p class='ocr_par' dir='ltr' id='par_1_120' title="bbox 2220 5923 2742 5986">
     <span class='ocr_line' id='line_1_120' title="bbox 2220 5923 2742 5986; baseline 0.002 -16"><span class='ocrx_word' id='word_1_934' title='bbox 2220 5927 2293 5985; x_wconf 76' lang='grc' dir='ltr'><strong>(ιι)</strong></span> <span class='ocrx_word' id='word_1_935' title='bbox 2329 5923 2483 5971; x_wconf 74' lang='lat' dir='ltr'><strong>Verba</strong></span> <span class='ocrx_word' id='word_1_936' title='bbox 2504 5924 2742 5986; x_wconf 57' lang='lat' dir='ltr'><strong>liturgite.</strong></span> 
     </span>
    </p>
   </div>
  </div>
