4130 6446
396 292 505 347 445

395 406 588 473 ἔδαφος
626 397 835 457 ἔκειντο
854 417 868 432 ·
906 402 1086 473 πολλῷ
1119 402 1318 474 μᾶλλον
1350 405 1445 459 νῦν
1479 404 1635 460 τοῦτο
1656 408 1828 461 ποιεῖν
1851 406 1976 477 χρὴ,

397 491 487 544 ὅτε
514 488 635 540 καθ’
660 486 887 550 ἐαυτοὺς
911 488 959 538 οί
990 489 1344 558 μαργαρῖται,
1372 489 1462 542 ὅτε
1492 502 1517 529 α
1551 489 1844 560 ἀπηλλάγη
1870 488 1982 542 τῶν

398 574 579 628 λύκων
628 570 698 624 τὰ
753 569 1035 640 πρόϐατα,
1070 571 1159 623 ὅτε
1188 573 1508 643 ἀπέστησαν
1536 574 1644 627 τῶν
1678 574 1889 644 νεκρῶν
1932 575 1981 626 οἰ

398 656 620 722 ζῶντες.
676 654 870 716 Ᾱύτοῖς
902 653 999 724 μὲν
1036 653 1144 724 γὰρ
1180 655 1302 707 οὐδὲ
1336 657 1443 727 πρὸ
1468 656 1657 710 τούτου
1690 656 1861 727 βλάϐη
1898 672 1982 719 τις

396 736 465 808 ἦν
513 737 621 792 ἀπὸ
662 736 762 805 τῆς
791 737 1076 801 κοινωνίας
1106 737 1207 806 τῆς
1234 739 1376 792 κατά
1396 739 1496 806 τὴν
1524 742 1731 810 ταφήν·
1763 733 1837 792 ὧν
1872 738 1981 809 γάρ

398 825 465 877 τά
505 821 791 891 πνεύματα
830 822 888 874 ὲν
934 823 1047 885 τοῖς
1097 822 1375 893 οὐρανοῖς,
1428 825 1581 877 οὐδὲν
1626 825 1695 878 τά
1753 823 1982 893 σώματα

398 908 698 961 ἐϐλάπτετο
729 906 837 957 ἀπὸ
871 909 970 977 τῆς
1014 908 1365 973 γειτνιάσεως
1386 925 1397 937 ·
1437 902 1512 962 ὧν
1545 912 1577 980 ή
1624 908 1770 980 ψυχὴ
1819 910 1876 960 ἐν
1911 910 1978 979 τῇ

396 992 542 1063 χειρὶ
588 988 680 1044 τοῦ
707 987 878 1057 Θεόῦ,
911 990 1064 1043 οὐδὲν
1092 992 1160 1045 τὰ
1206 991 1433 1063 λείψανα
1486 993 1593 1047 ἀπὸ
1636 993 1735 1062 τῆς
1780 990 1982 1055 θέσεως

398 1076 658 1144 ἔπασχεν.
703 1072 898 1138 Αύτοῖς
934 1076 1034 1144 μὲν
1083 1071 1177 1129 οῦν
1226 1078 1451 1147 οὐδεμία
1507 1076 1679 1147 βλάϐη
1727 1071 1829 1147 ἦν,
1860 1076 1981 1129 οὐδὲ

396 1159 506 1229 πρὸ
527 1156 750 1210 τούτου·
787 1158 817 1209 6
854 1156 912 1210 δέ
946 1158 1072 1221 λαὸς
1113 1161 1245 1230 ἡμῖν
1276 1160 1334 1213 ού
1367 1159 1466 1230 τὴν
1488 1159 1755 1230 τυχοῦσαν
1778 1157 1980 1228 ζημίαν

394 1241 691 1311 ὑπέμεινεν
719 1240 827 1294 ἀπὸ
860 1240 968 1293 τῶν
999 1241 1202 1305 τόπων,
1237 1242 1446 1313 τρέχων
1478 1245 1575 1313 μὲν
1605 1242 1741 1315 πρὸς
1763 1241 1829 1295 τά
1871 1241 1981 1293 λεί-

394 1325 542 1394 ψανα
566 1324 674 1376 τῶν
707 1323 1022 1395 μαρτύρων,
1055 1324 1192 1394 μετά
1215 1325 1271 1378 δὲ
1299 1326 1627 1397 ἀμφιϐολίας
1653 1328 1746 1379 καί¹
1771 1326 1981 1394 διακρί-

396 1425 535 1471 σεως
583 1406 900 1478 παυόμενος
932 1408 1033 1470 τὰς
1059 1408 1224 1478 εὐχάς
1262 1408 1349 1463 διὰ
1376 1410 1438 1462 τὸ
1488 1410 1800 1479 ἀγνοεῖσθαι
1831 1410 1859 1449 b
1881 1409 1980 1474 τάς

398 1491 569 1560 θήκας
595 1490 704 1543 τῶν
738 1490 943 1559 ἁγίων,
978 1491 1074 1544 καὶ
1120 1491 1222 1544 ποῦ
1277 1494 1485 1546 κεῖνται
1538 1494 1586 1545 οἰ
1641 1493 1903 1563 θησαυροὶ
1930 1493 1980 1545 οί

396 1572 659 1642 ἀληθινοί.
693 1574 801 1626 Kal
845 1574 1037 1627 ταυτὸν
1070 1575 1312 1641 ἐγίνετο,
1342 1575 1532 1647 ὥσπερ
1579 1575 1644 1629 ἂν
1672 1578 1720 1629 εἰ
1754 1577 1979 1647 ποίμνια

397 1656 686 1726 προϐάτων
725 1656 979 1727 καθαρῶν
1023 1657 1332 1711 ἀπολαῦσαι
1372 1660 1604 1730 ῥείθρων
1650 1659 1981 1729 ὲπειγόμενα

395 1742 610 1811 ἔρχοιτο
651 1740 750 1811 μὲν
783 1742 876 1794 ἐπὶ
901 1741 999 1805 τὰς
1021 1742 1202 1811 πηγὰς
1230 1742 1331 1807 τὰς
1354 1744 1601 1815 καθαράς
1624 1783 1639 1807 ,
1677 1742 1895 1814 βρώμου
1923 1742 1981 1795 δέ

397 1825 561 1878 ποθεν
590 1824 821 1894 ἐγγύθεν
856 1826 948 1878 καὶ
993 1824 1254 1890 δυσωδίας
1308 1829 1654 1898 ἐμπεσούσης
1699 1827 1979 1897 ἀναχαιτί-

396 1909 543 1972 ζοιτο
574 1907 734 1961 πάλιν
766 1919 783 1938 ⁸
822 1907 964 1961 οὕτω
998 1909 1091 1961 καὶ
1118 1911 1214 1963 ἐπὶ
1236 1910 1333 1979 τῆς
1366 1910 1600 1981 ποίμνης
1626 1910 1829 1980 ταύτης
1858 1925 1980 1961 συν-

398 1992 633 2045 έϐαινεν.
694 1991 942 2055 Ἐϐάδιζε
976 1992 1074 2062 μὲν
1098 1993 1127 2044 6
1146 1992 1275 2055 λαὸς
1304 1993 1439 2063 πρὸς
1469 1994 1566 2056 τὰς
1599 1993 1846 2064 καθαράς
1872 1992 1981 2045 τῶν

401 2075 693 2145 μαρτύρων
726 2076 913 2146 πηγάς
933 2094 947 2105 ·
982 2075 1368 2145 αἰσθανόμενος
1393 2074 1450 2129 δὲ
1482 2075 1742 2139 δυσωδίας
1775 2078 1980 2147 αἱρετι-

396 2158 501 2227 κῆς
530 2156 761 2226 ἐγγύθεν
814 2157 1070 2229 ἀνιούσης
1096 2199 1110 2221 ,
1166 2159 1538 2229 ἀνεχαιτίξετο
1585 2159 1767 2211 πάλιν.
1802 2159 1978 2229 Ὅπερ

393 2236 490 2293 οὖν
531 2239 787 2302 συνειδὼς
818 2244 847 2294 ὁ
885 2242 1046 2311 σοφὸς
1078 2233 1232 2306 οὗτος
1262 2242 1467 2313 ποιμὴν
1512 2243 1606 2295 καὶ
1631 2242 1807 2305 κοινὸς
1836 2241 1980 2295 διδά-

398 2324 627 2388 σκαλος,
676 2326 705 2377 6
759 2325 936 2379 πάντα
986 2325 1122 2394 πρὸς
1165 2326 1455 2395 οἰκοδομὴν
1500 2326 1599 2396 τῆς
1655 2326 1980 2394 Ἐκκλησίας

399 2406 549 2479 1448]
576 2408 875 2478 οἰκονομῶν
895 2448 910 2471 ,
941 2409 1040 2461 οὐκ
1068 2409 1331 2479 ἠνέσχετο
1359 2411 1517 2481 μέχρι
1549 2408 1745 2463 πολλοῦ
1776 2408 1981 2478 ταύτην

397 2491 496 2562 τὴν
514 2490 719 2561 ζημίαν
747 2492 1007 2563 περιιδεῖν
1029 2485 1184 2556 οὗτος
1217 2496 1246 2546 6
1276 2493 1476 2564 θερμὸς
1506 2493 1742 2565 ἐραστὴς
1774 2494 1868 2547 καὶ
1895 2495 1983 2565 ζηο

398 2575 573 2647 λωτὴς
595 2576 702 2629 τῶν
733 2575 1045 2648 μαρτύρων.
1091 2576 1249 2629 Ἀλλὰ
1280 2577 1331 2629 τί
1366 2579 1545 2643 ποιεῖ;
1572 2577 1851 2631 Θεάσασθε
1882 2579 1982 2650 τὴν

400 2660 610 2727 σοφίαν·
667 2658 737 2713 τά
783 2661 880 2731 μὲν
930 2659 1127 2732 θολερά
1159 2661 1253 2714 καὶ
1286 2659 1495 2733 δυσώδη
1539 2660 1790 2732 ῥεύματα
1860 2678 1984 2713 κατ⁴

399 2741 570 2812 έχωσε
596 2742 692 2796 καὶ
716 2742 997 2815 ἀπέφραξε
1028 2745 1199 2808 κάτω,
1228 2742 1327 2808 τὰς
1347 2744 1403 2797 δὲ
1428 2743 1677 2816 καθαρὰς
1696 2744 1805 2797 τῶν
1841 2763 1983 2817 μαρ-

397 2825 580 2896 τύρων
609 2825 790 2895 πηγὰς
809 2828 867 2879 ἐν
896 2826 1122 2898 καθαρῷ
1158 2826 1343 2899 χωρίῳ
1364 2826 1685 2898 κατέστησε.
1723 2828 1832 2881 Καὶ
1867 2846 1985 2881 σκο-

396 2911 552 2962 πεῖτε
595 2909 728 2980 ὅσην
755 2910 1006 2981 καὶπερὶ
1036 2912 1162 2973 τοὺς
1206 2911 1627 2980 κατοιχομένους
1668 2911 1769 2982 τὴν
1804 2911 1984 2980 φιλαν-

396 2992 647 3063 θρωπίαν
695 2993 1036 3058 ἐπεδείξατο,
1077 2992 1173 3046 καὶ
1219 2992 1350 3063 περὶ
1394 2994 1521 3056 τοὺς
1553 2993 1838 3066 μάρτυρας
1883 2997 1982 3066 τὴν

399 3075 564 3147 τιμὴν
587 3116 603 3139 ,
636 3077 731 3130 καὶ
760 3078 890 3148 περὶ
922 3077 1013 3130 τὸν
1042 3076 1171 3132 λαὸν
1203 3076 1305 3148 τὴν
1333 3078 1677 3148 κηδεμονίαν.
1711 3081 1845 3152 Περί
1882 3083 1982 3153 μὲν

394 3160 527 3223 τοὺς
570 3160 994 3231 κατοιχομένους
1042 3159 1454 3231 φιλανθρωπίαν
1494 3162 1804 3229 ἐπεδείξατο
1828 3204 1843 3229 ,
1907 3166 1982 3238 μὴ

401 3242 628 3313 κινήσας
666 3243 846 3297 αὐτῶν
876 3244 948 3297 τά
976 3244 1128 3311 ὀστᾶ,
1157 3244 1272 3298 ἀλλ’
1304 3245 1462 3313 ἀφεὶς
1494 3247 1586 3299 ἐπὶ
1635 3246 1730 3300 τοῦ
1758 3248 1924 3302 τόπου
1954 3260 1978 3287 ο

402 3325 585 3394 μένειν
610 3344 622 3355 ·
654 3328 784 3397 περὶ
827 3327 884 3380 δὲ
926 3328 1053 3391 τοὺς
1103 3328 1388 3399 μάρτυρας
1416 3329 1581 3400 τιμὴν
1604 3371 1621 3395 ,
1667 3331 1981 3397 ἀπαλλάξας

398 3409 597 3473 αὐτοὺς
626 3410 721 3463 τοῦ
750 3409 987 3481 πονηροῦ
1026 3411 1240 3482 γειτονή
1250 3428 1416 3481 ματος
1436 3428 1451 3443 ·
1484 3410 1615 3482 περὶ
1650 3412 1706 3465 δὲ
1736 3412 1827 3467 τὸν
1854 3413 1981 3468 λαὸν

400 3491 750 3562 κηδεμονίαν,
773 3495 873 3547 οὐκ
899 3496 1059 3564 ἀφεὶς
1086 3495 1284 3558 αὐτοὺς
1316 3493 1455 3565 μετά
1473 3493 1801 3566 διακρίσεως
1820 3500 1984 3550 ποιεί-

404 3576 524 3629 σθαι
550 3576 647 3639 τάς
677 3578 862 3648 εὐχάς.

473 3659 569 3713 Διά
589 3659 763 3712 ταῦτα
790 3660 933 3732 ὑμᾶς
953 3660 1185 3714 ἐνταῦθα
1213 3661 1493 3731 ἠγάγομεν
1514 3660 1564 3728 δ,
1594 3661 1679 3717 ἵνα
1709 3663 1984 3736 φαιδρότε-

406 3759 496 3812 ρος
517 3743 545 3794 6
571 3742 826 3811 σύλλογος
850 3743 1097 3816 γένηται,
1132 3745 1217 3798 ἰνα
1244 3744 1622 3818 λαμπρότερον
1644 3748 1704 3801 τὸ
1733 3748 1978 3821 θέατρον,

400 3825 521 3895 ούχὶ
566 3824 872 3897 ἀνθρώπων
903 3826 1084 3898 μόνον,
1112 3827 1249 3881 ἀλλά
1282 3830 1372 3881 καὶ
1412 3829 1706 3902 μαρτύρων
1738 3831 1984 3902 συλλεγο-

405 3908 610 3976 μένων·
651 3909 774 3980 οὐχὶ
811 3909 1106 3981 μαρτύρων
1153 3911 1312 3982 μόνον
1333 3950 1348 3977 ,
1388 3912 1524 3967 ἀλλά
1574 3916 1668 3969 καὶ
1709 3915 1977 3985 ἀγγέλων.

400 3992 513 4045 Kal
540 3991 650 4063 γὰρ
672 3994 768 4045 καὶ
795 3992 1017 4062 ἄγγελοι
1047 3995 1300 4065 πάρεισιν
1323 4033 1339 4058 ,
1377 3995 1627 4064 ἀγγέλων
1652 3999 1745 4053 καὶ
1784 4003 1983 4071 μαρτύ-

404 4092 516 4145 ρων
549 4081 585 4151 ﬁ
624 4075 841 4142 σύνοδος
879 4078 1071 4147 γέγονε
1113 4080 1374 4151 σήμερον.
1425 4081 1538 4134 Καὶ
1570 4081 1617 4133 εί
1650 4081 1828 4152 βούλει
1855 4086 1984 4142 ἰδεῖν

402 4160 499 4215 καὶ
548 4161 831 4233 μάρτυρας
858 4164 953 4216 καὶ
1000 4163 1262 4233 ἀγγέλους
1281 4204 1296 4229 ,
1336 4164 1543 4231 ἄνοιξον
1598 4166 1700 4237 τῆς
1749 4168 1984 4236 πίστεως

402 4243 529 4306 τοὺς
547 4243 889 4315 ὀφθαλμοὺς,
924 4247 1018 4300 καὶ
1034 4246 1155 4316 ὄψει
1185 4246 1245 4300 τὸ
1274 4246 1501 4319 θέατρον
1536 4251 1713 4303 ἐκεῖνο
1739 4267 1754 4284 ·
1797 4254 1846 4306 εί
1874 4254 1984 4325 γάρ

405 4343 522 4391 πως
568 4329 598 4380 6
641 4328 748 4400 ἀὴρ
780 4328 1029 4398 ἀγγέλων
1060 4329 1445 4400 ἐμπέπλησται
1462 4371 1479 4396 ,
1508 4332 1688 4404 πολλῷ
1720 4335 1920 4405 μᾶλλον
1947 4341 1981 4409 ἡ

405 4409 698 4482 ἐκκλησία·
728 4414 779 4465 εἰ
808 4411 866 4465 δὲ
917 4413 1201 4484 ἐκκλησία,
1236 4415 1416 4488 πολλῷ
1444 4418 1645 4488 μᾶλλον
1670 4420 1705 4491 ἡ
1740 4420 1986 4491 παροῦσα

404 4491 616 4562 ἡμέρα,
664 4494 751 4546 ὅτε
797 4495 826 4548 6
853 4495 1129 4567 Δεσπότης
1161 4500 1339 4554 αὐτῶν
1369 4500 1826 4571 ἀναλαμϐάνεται.
1861 4503 1985 4557 Ὅτι

404 4576 514 4646 γάρ
549 4576 694 4639 ἄπας
724 4581 753 4630 ὁ
786 4578 892 4649 ἀὴρ
920 4579 1165 4649 ἀγγέλων
1203 4582 1622 4655 ἐμπέπλησται,
1674 4585 1903 4640 ἄκουσον
1932 4588 1985 4641 τί

406 4675 571 4728 φησιν
600 4661 629 4711 6
665 4660 1013 4724 Ἀπόστολος,
1068 4665 1342 4733 ἐντρέπων
1382 4667 1481 4731 τάς
1529 4671 1792 4736 γυναῖκας
1843 4668 1983 4723 ὥστε

405 4741 552 4810 ἔχειν
579 4741 842 4815 κάλυμμα
896 4746 989 4798 ἐπὶ
1034 4747 1136 4815 τῆς
1177 4750 1448 4819 κεφαλῆς·
1497 4751 1874 4820 Ὀφείλουσιν
1924 4758 1985 4809 αἱ

407 4829 689 4897 ’γυναῖκες
736 4832 1027 4895 ἐξουσίαν
1085 4835 1250 4904 ἔχειν
1294 4837 1393 4890 ἐπὶ
1430 4837 1543 4907 τῆς
1574 4840 1847 4910 κεφαλῆς
1889 4842 1987 4898 διὰ

405 4916 548 4981 τοὺς
576 4916 891 4986 ἀγγέλους.
943 4921 1050 4973 Kal
1078 4921 1241 4976 πάλιν
1279 4925 1308 4976 6
1349 4923 1543 4977 Ἰακὼϐ
1562 4968 1576 4992 ,
1628 4928 1681 4980 '0
1710 4927 1983 4999 ἄγγελος,

408 4999 574 5067 φησὶν
592 5040 606 5062 ,
639 5003 672 5053 ὁ
714 5003 1012 5071 ρυόμενός
1039 5019 1117 5071 με
1149 5006 1217 5058 ἐκ
1243 5006 1527 5075 νεότητός
1548 5028 1689 5079 μου.
1718 5013 1828 5066 Kal
1854 5017 1902 5067 οἱ
1927 5015 1985 5067 ἐν

496 5082 676 5168 οἰκίῇ
706 5083 762 5136 δὲ
816 5085 954 5155 μετά
996 5085 1106 5168 τῶν
1152 5088 1464 5143 ἀποστόλων
1503 5091 1655 5156 ὄντες
1709 5096 1847 5166 πρὸς
1886 5097 1986 5168 τὴν

420 5162 605 5233 Ῥόδην
636 5164 820 5234 ἔλεγον
841 5184 854 5195 ·
904 5168 958 5219 '0
986 5167 1241 5238 ἅγγελος
1275 5172 1462 5226 αὐτοῦ
1492 5173 1624 5228 ἐστι
1643 5192 1658 5208 ·
1699 5162 1794 5230 καὶ
1827 5162 1986 5233 πάλίν

405 5245 436 5298 6
478 5244 671 5300 Ἰακὼϐ
694 5288 709 5311 ,
737 5245 936 5311 Εἶδον,
964 5252 1118 5322 φησὶ,
1152 5255 1540 5322 παρεμϐολὴν
1564 5258 1855 5328 ἀγγέλων.
1877 5264 1986 5316 Kal

405 5328 551 5391 τίνος
573 5329 758 5383 ἕνεκεν
785 5333 1134 5405 παρεμϐολὴν
1158 5335 1403 5404 ἀγγέλων
1434 5332 1573 5393 εἶδεν
1617 5343 1710 5395 ἐπὶ
1755 5344 1852 5414 τῆς
1882 5345 1986 5417 γῆς

471 5534 495 5601 ξι
518 5534 644 5601 βίος,
668 5536 698 5601 ξ
719 5538 997 5601 μαργαρῖται
1014 5540 1190 5590 κεῖνται
1214 5542 1310 5592 ὅτε.

468 5594 497 5661 ξ»
671 5599 700 5645 3
721 5594 919 5661 ἀγνοεῖν.

472 5659 496 5726 ξ
523 5657 663 5726 Ili-Pin
686 5657 785 5708 dub
804 5662 880 5709 ὲπί
900 5664 971 5726 τῷ
992 5663 1148 5726 τόπῳ.

467 5715 495 5757 ιι
521 5715 741 5771 εὶέιηςς.
757 5729 914 5786 recte,
940 5715 1088 5788 inque
1103 5715 1177 5775 ἠε
1200 5725 1327 5790 legit
1344 5729 1613 5795 inlerpres.
1632 5729 1763 5781 Edili
1787 5733 1978 5796 ἤγαγεν.

1386 293 1453 347 ΙΝ
1494 286 1974 348 ASCENSIONEM
2010 286 2074 340 D.
2115 286 2183 347 Ν.
2223 286 2386 345 JESU
2429 287 2728 345 CHRISTI.

3553 297 3662 352 4M

2089 403 2183 457 καὶ
2209 405 2499 475 στρατιάν;
2529 406 2792 476 Καθάπερ
2818 404 3067 476 βασιλεὺς
3097 405 3306 461 κελεύει
3338 407 3407 461 τά
3437 416 3661 477 στρατό-

2087 487 2222 540 πεδα
2247 489 2304 540 ἐν
2330 490 2587 552 ἐκάσταις
2619 488 2941 553 καθέζεσθαι
2971 488 3177 553 πόλεσι,
3216 492 3423 561 μήποτε
3459 491 3661 564 βαρϐα-

2088 570 2238 639 ρικὸς
2283 571 2515 641 πόλεμος
2566 572 2876 635 ἐπαναστὰς
2920 572 3242 644 καταδράμῃ
3292 573 3391 637 τάς
3445 576 3659 641 πόλεις·

2082 652 2222 706 οὕτω
2248 653 2311 725 δὴ
2341 655 2435 708 καὶ
2463 658 2492 707 6
2515 655 2648 718 Θεὸς
2666 693 2682 719 ,
2714 656 2899 727 ἐπειδὴ
2921 657 3015 711 καὶ
3041 658 3294 727 δαίμονές
3327 660 3463 713 εἰσιν
3491 662 3551 714 ἐν
3582 660 3662 731 τῷ

2085 737 2206 808 ἀέρι
2242 738 2416 809 τούτῳ
2446 738 2709 811 βάρϐαροι
2734 741 2827 793 καὶ
2867 742 3067 812 ἄγριοι,
3101 742 3193 795 καὶ
3216 741 3483 812 πολέμους
3520 744 3664 812 ἐγεί-

2086 837 2267 890 ροντες
2304 822 2389 874 ἀεὶ
2428 823 2521 875 καὶ
2568 822 2668 890 τῆς
2710 823 2931 894 εἰρήνης
2959 824 3176 895 ἐχθροὶ,
3209 827 3662 897 ἀντικατέστησεν

2083 904 2265 967 αὐτοῖς
2291 904 2360 957 τά
2400 906 2733 977 στρατόπεδα
2761 907 2869 959 τῶν
2903 908 3148 975 ἀγγέλων
3175 949 3190 973 ,
3223 910 3309 963 ἵνα
3349 911 3662 981 φαινόμενοι

2087 988 2245 1058 μόνον
2276 990 2459 1052 αὐτοῖς
2494 991 2925 1045 καταστέλλωσιν
2952 1032 2966 1054 ,
2997 993 3084 1045 ἵνα
3131 993 3231 1063 τὴν
3276 995 3497 1064 εἰρήνην
3528 997 3662 1065 ἡμῖν

2083 1071 2171 1123 ἀεὶ
2198 1072 2631 1141 πρυτανεύσωσι.
2659 1074 2769 1125 Kal
2800 1075 2887 1127 ἵνα
2916 1074 3091 1147 μάθῃς
3135 1076 3217 1128 ὅτι
3249 1077 3468 1144 ἄγγελοι
3510 1078 3662 1149 εἰρή-

2082 1171 2179 1225 νης
2205 1156 2342 1207 εἰσὶν
2366 1196 2381 1219 ,
2424 1157 2653 1210 ἄκουσον
2682 1159 2738 1210 ἐν
2760 1160 2875 1221 ταῖς
2907 1163 3234 1229 προσευχαῖς
3268 1161 3354 1213 ἀεὶ
3398 1160 3662 1228 λεγόντων

2080 1238 2190 1290 τῶν
2217 1237 2496 1292 διακόνων·
2533 1239 2648 1293 Τὸν
2674 1239 2929 1311 ἄγγελον
2954 1241 3066 1309 τῆς
3089 1243 3333 1311 εἰρήνης
3351 1244 3658 1310 αὶτήσατε.

2096 1321 2257 1392 Ὁρᾷς
2286 1322 2367 1374 ὄτι
2397 1324 2488 1376 καὶ
2516 1323 2737 1391 ἄγγελοι
2768 1325 2986 1394 πάρεισι
3013 1327 3107 1379 καὶ
3139 1328 3446 1396 μάρτυρες;
3475 1322 3538 1380 Ί⁴ί
3568 1323 3663 1381 οὖν

2081 1403 2408 1475 ἀθλιώτερον
2459 1405 2567 1459 τῶν
2601 1407 3033 1475 ἀπολειφθέντων
3064 1409 3333 1479 σήμερον;
3381 1408 3434 1461 τί
3486 1426 3662 1478 μακα-

2086 1486 2343 1558 ριώτερον
2367 1490 2522 1559 ἡμῶν
2541 1488 2649 1542 τῶν
2672 1492 3127 1562 παραγενομένων
3158 1492 3251 1544 καὶ
3283 1492 3662 1546 ἀπολαυόντων

2079 1571 2178 1639 τῆς
2207 1571 2564 1642 πανηγύρεως
2586 1573 2789 1643 ταύτης
2816 1591 2830 1639 ;
2872 1574 3009 1626 Ἀλλ’
3038 1576 3086 1627 οἰ
3115 1575 3213 1644 μὲν
3262 1577 3389 1645 περὶ
3425 1576 3535 1629 τῶν
3562 1576 3663 1644 ἀγ-

2079 1655 2253 1722 γέλων
2286 1666 2309 1694 °
2348 1654 2495 1723 λόγοι
2539 1659 2597 1709 ἐν
2626 1655 2834 1728 ἑτέροις
2879 1658 3025 1727 ἡμᾶς
3067 1658 3512 1728 ἀναμεινάτωσαν
3540 1676 3662 1713 και-

2084 1740 2226 1807 ροῖς·
2254 1741 2411 1810 ἡμεῖς
2443 1738 2499 1791 δὲ
2528 1740 2619 1792 ἐπὶ
2658 1739 2755 1810 τὴν
2792 1740 3048 1794 ὑπόθεσιν
3088 1741 3189 1811 τῆς
3232 1740 3510 1814 παρούσης
3541 1743 3663 1813 ἐορ-

2078 1821 2181 1891 τῆς
2208 1821 2298 1874 τὸν
2330 1822 2483 1890 λόγον
2505 1823 2820 1896 ἀγάγωμεν.

2155 1906 2217 1974 β’.
2240 1906 2334 1969 Τίς
2369 1903 2462 1959 οὖν
2492 1909 2638 1961 ἐστιν
2661 1910 2695 1977 ή
2732 1908 2981 1979 παροῦσα
3006 1910 3198 1982 ἐορτής
3231 1910 3410 1980 Σεμνὴ
3445 1910 3540 1962 καὶ
3564 1925 3661 1978 με·

2078 1989 2219 2060 γάλη
2242 2031 2256 2053 ,
2294 1990 2544 2060 ἀγαπητὲ
2566 2029 2580 2053 ,
2632 1990 2727 2043 καὶ
2764 1991 2856 2043 τὸν
2908 1991 3017 2046 τῶν
3051 1991 3353 2063 ἀνθρώπων
3401 1990 3665 2063 ὑπερϐαί-

2080 2088 2245 2124 νουσα
2269 2072 2415 2134 νοῦν,
2448 2074 2540 2127 καὶ
2566 2072 2663 2141 τῆς
2695 2074 3109 2145 μεγαλοδωρεοὶτ
3134 2075 3258 2141 ἀξία
3280 2075 3373 2128 τοῦ
3405 2076 3664 2145 ποιήσαν-

2078 2172 2170 2219 τος
2200 2156 2369 2225 αὑτὴν
2403 2154 2557 2208 Θεοῦ.
2611 2156 2856 2227 Σήμερον
2906 2157 3014 2228 γάρ
3049 2158 3382 2227 καταλλαγαὶ
3417 2157 3494 2228 τῷ
3544 2157 3663 2228 Θεῷ

2082 2239 2217 2309 πρὸς
2251 2238 2310 2292 τὸ
2338 2238 2445 2292 τῶν
2497 2238 2802 2310 ἀνθρώπων
2835 2241 3090 2309 γεγόνασι
3125 2242 3280 2309 γένος
3300 2258 3316 2274 ο
3348 2242 3588 2312 σήμερον
3624 2242 3659 2309 ὴ

2081 2321 2272 2392 χρονία
2298 2321 2468 2393 ἔχθρα
2508 2322 2804 2391 κατελύθη,
2835 2325 2927 2375 καὶ
2970 2325 3000 2375 6
3054 2323 3263 2397 μακρὸς
3288 2324 3520 2394 πόλεμος
3565 2324 3661 2376 ἀν-

2080 2405 2250 2478 ηρέθη
2270 2421 2287 2437 ⁸
2313 2408 2551 2478 σήμερον
2585 2408 2774 2478 εἰρήνη
2811 2406 3086 2478 θαυμασία
3108 2426 3191 2473 τις
3211 2408 3536 2477 ἐπανῆλθεν,
3568 2409 3662 2461 οὑ-

2080 2489 2271 2542 δέποτε
2301 2488 2451 2560 [469]
2484 2490 2915 2561 προσδοκηθείσα
2956 2491 3238 2561 πρότερον.
3291 2490 3387 2553 Τίς
3436 2493 3546 2560 γάρ
3596 2490 3664 2544 ἂν

2087 2571 2314 2642 ἤλπισεν
2339 2572 2569 2636 ὅτιθεὸς
2595 2572 2867 2643 ἀνθρώπῳ
2918 2572 3376 2627 καταλλάττεσθαι
3402 2573 3660 2644 έμελλεν;

2085 2656 2184 2727 οὐχ
2203 2657 2285 2709 ὅτι
2312 2656 2677 2727 ἀπάνθρωπος
2705 2659 2734 2709 6
2766 2656 3043 2727 Δεσπότης
3061 2696 3076 2721 ,
3110 2656 3224 2710 ἀλλ’
3255 2658 3334 2711 ὅτι
3369 2657 3609 2730 ῥᾴθυμος
3635 2660 3665 2711 6

2081 2739 2302 2810 οἰκέτης
2323 2756 2336 2769 ·
2374 2739 2471 2810 οὐχ
2497 2740 2578 2793 ὅτι
2616 2740 2764 2810 ὠμὸς
2804 2742 2832 2792 6
2859 2740 3063 2811 Κύριος
3090 2780 3105 2804 ,
3132 2740 3243 2793 ἀλλ’
3273 2741 3355 2793 ὅτι
3394 2741 3666 2812 ἀγνώμων

2081 2824 2111 2875 6
2139 2821 2343 2886 δοῦλος.
2382 2823 2571 2876 Βούλει
2622 2824 2811 2894 μαθεῖν
2844 2823 2961 2888 πῶς
3008 2824 3404 2895 παρωξύναμεν
3448 2825 3539 2878 τὸν
3586 2842 3667 2894 φι-

2082 2906 2399 2978 λάνθρωπον
2426 2908 2637 2973 τοῦτον,
2672 2909 2763 2962 τὸν
2791 2910 2997 2981 ἥμερον
3028 2910 3183 2979 ήμῶν
3213 2911 3525 2982 Δεσπότην;
3555 2912 3666 2964 Καὶ

2082 2991 2191 3063 γὰρ
2235 2991 2439 3045 δίκαιον
2480 2992 2672 3063 μαθεῖν
2722 2994 2821 3064 τῆς
2846 2992 3118 3064 προτέρας
3149 2993 3305 3065 ἡμῶν
3348 2994 3545 3065 ἔχθρας
3568 2995 3665 3066 τὴν

2085 3076 2375 3143 ὑπόθεσιν,
2427 3079 2515 3144 ἵν’,
2569 3078 2698 3131 ὅταν
2757 3077 2875 3148 ίδῃς
2930 3078 3260 3148 τιμηθέντας
3318 3079 3504 3148 ἡμᾶς,
3538 3082 3666 3146 τοὺς

2084 3159 2309 3230 ἐχθροὺς
2345 3160 2439 3213 ml
2473 3160 2761 3231 πολεμίους
2784 3202 2799 3228 ,
2840 3160 3126 3231 θαυμάσῃς
3183 3161 3276 3213 τοῦ
3335 3164 3667 3233 τιμήσαντος

2082 3245 2182 3315 τὴν
2212 3244 2642 3316 φιλανθρωπίαν,
2683 3247 2771 3298 ’ίνα
2797 3246 2870 3317 μὴ
2902 3246 3128 3319 νομίσῃς
3158 3245 3218 3311 ἐξ
3241 3247 3454 3300 οἰκείων
3479 3264 3669 3317 κατορο

2084 3327 2354 3397 θωμάτων
2382 3329 2708 3398 γεγενῆσθαι
2737 3329 2835 3399 τὴν
2872 3330 3192 3400 μεταϐολὴν,
3229 3331 3315 3383 ἵνα
3352 3330 3538 3400 μαθὼν
3566 3333 3666 3383 αὑ·-
3728 3392 3735 3397 ε

2082 3411 2177 3464 τοῦ
2208 3412 2309 3481 τῆς
2334 3413 2551 3483 χάριτος
2578 3412 2675 3481 τὴν
2706 3411 3032 3482 ὑπερϐολὴν,
3069 3413 3142 3482 μὴ
3167 3412 3350 3484 παύσῃ
3374 3414 3665 3478 διαπαντὸς

2084 3493 2421 3564 εὐχαριστῶν
2458 3494 2609 3564 αὐτῷ
2659 3494 2798 3563 ὑπὲρ
2840 3492 2935 3547 τοῦ
2991 3494 3253 3564 μεγέθους
3291 3496 3400 3547 τῶν
3423 3494 3662 3567 δωρεῶν.

2083 3577 2271 3631 Βούλει
2303 3575 2479 3632 τοίνυν
2509 3576 2700 3647 μαθεῖν
2726 3617 2740 3641 ,
2777 3576 2894 3641 πῶς
2942 3577 3339 3649 παρωξύναμεν
3384 3579 3537 3649 ἡμῶν
3572 3580 3666 3633 τὸν

2082 3661 2379 3731 Δεσπότην,
2404 3660 2496 3714 τὸν
2527 3660 2926 3732 φιλάνθρωπον,
2953 3663 3043 3716 τὸν
3080 3663 3309 3735 ἥμερον,
3329 3663 3420 3716 τὸν
3439 3664 3662 3733 ἀγαθὸν,

2081 3745 2176 3799 τὸν
2206 3743 2384 3798 πάντα
2421 3743 2569 3815 ὑπὲρ
2595 3745 2694 3815 τῆς
2731 3746 3006 3818 ἡμετέρας
3038 3746 3312 3817 σωτηρίας
3333 3747 3668 3819 οίκονομοῦν·

2082 3846 2194 3894 τας
2254 3829 2640 3882 Ἐϐουλεύσατό
2693 3846 2824 3882 ποτε
2853 3832 2982 3902 περί
3022 3831 3320 3895 παντελοῦς
3355 3832 3664 3904 ἀφανισμοῦ

2081 3913 2177 3967 τοῦ
2202 3913 2394 3982 γένους
2425 3913 2604 3985 ήμῶν,
2633 3915 2726 3966 καὶ
2752 3912 2925 3976 οὕτως
2957 3915 3092 3985 ἡμῖν
3115 3913 3360 3986 ὠργίσθη
3381 3957 3396 3979 ,
3426 3916 3503 3980 ὡς
3529 3917 3666 3970 ἀπο-

2084 3997 2237 4053 λέσαι
2275 4000 2423 4071 ἡμᾶς
2453 3998 2591 4069 μετά
2627 3997 2899 4067 γυναικῶν
2930 4000 3027 4052 καὶ
3082 3998 3291 4052 παίδων
3337 4001 3429 4053 καὶ
3461 3999 3666 4071 θηρίων

2084 4083 2181 4139 καὶ
2213 4083 2424 4154 κτηνῶν
2453 4083 2548 4135 καὶ
2572 4082 2668 4152 τῆς
2693 4082 2797 4152 γῆς
2825 4082 3062 4153 ἀπάσης.
3096 4082 3284 4136 Καίλεί
3325 4082 3524 4152 βούλει,
3553 4083 3665 4152 ἐγώ

2086 4185 2147 4221 σε
2179 4170 2389 4238 ποιήσω
2415 4166 2509 4219 καὶ
2538 4166 2635 4235 τῆς
2663 4165 2988 4234 ἀποφάσεως
3044 4165 3208 4237 αὐτῆς
3237 4167 3467 4221 ἀκοῦσαι
3492 4183 3507 4197 ·
3550 4168 3666 4231 Ἐεο

2084 4253 2316 4320 αλείψω
2336 4250 2464 4319 γὰρ,
2496 4251 2650 4320 φησι,
2675 4248 2784 4302 τὸν
2800 4248 3136 4316 ἄνθρωπον,
3157 4248 3229 4302 ὃν
3248 4250 3526 4319 ἐποίησα,
3545 4251 3665 4306 ἀπὸ

2086 4334 2410 4405 προσώπου
2437 4332 2640 4400 πάσης
2676 4331 2788 4401 τῆς
2812 4331 2960 4403 γῆς,
2997 4333 3195 4387 καὶτὰ
3227 4335 3422 4403 θηρία,
3453 4336 3552 4389 καὶ
3594 4337 3667 4391 τὰ

2086 4418 2274 4487 κτήνη
2296 4458 2311 4482 ,
2344 4418 2433 4472 ὅτι
2461 4416 2856 4487 ἐνεθυμήθην,
2889 4418 2977 4471 ὅτι
3001 4418 3260 4484 ἐποίησα
3296 4420 3406 4473 τὸν
3443 4419 3665 4488 ἅνθρωα

2085 4517 2222 4558 πον.
2256 4505 2365 4557 Kal
2391 4502 2477 4555 ἵνα
2520 4500 2698 4572 μάθῃς
2724 4504 2806 4555 ὅτι
2853 4501 2912 4553 οὐ
2941 4501 3041 4572 τὴν
3083 4501 3242 4571 φύσιν
3277 4503 3433 4573 ἡμῶν
3461 4505 3663 4575 ἐμίσει,

2086 4586 2221 4640 ἀλλά
2266 4587 2364 4657 τὴν
2404 4583 2606 4639 κακίαν
2644 4584 3046 4653 ἀπεστρέφετο,
3095 4587 3124 4636 6
3166 4583 3334 4637 εἰπὼν
3359 4625 3373 4647 ,
3418 4586 3500 4640 ὅτι
3542 4590 3666 4653 Ἐξ.

2085 4669 2313 4737 αλείψω
2336 4667 2443 4721 τὸν
2468 4666 2801 4735 ἄνθρωπον,
2821 4665 2892 4720 ὃν
2905 4666 3184 4734 ἐποίησα,
3201 4668 3320 4721 ἀπὸ
3339 4672 3666 4736 προσώπου

2086 4752 2195 4820 τῆς
2225 4751 2368 4821 γῆς,
2402 4750 2550 4818 λέγει
2583 4750 2662 4821 τῷ
2700 4748 2998 4822 ἀνθρώπῳ·
3039 4751 3255 4819 Καιρὸς
3292 4756 3520 4821 παντὸς
3558 4757 3667 4809 ἀν-

2086 4834 2322 4903 θρὼπου
2362 4833 2495 4901 ἣκει
2526 4836 2677 4902 πρός
2710 4851 2806 4903 με.
2848 4834 2993 4887 Εἰδέ
3020 4835 3111 4891 τὸν
3148 4834 3433 4907 ἄνθρωπον
3463 4839 3663 4909 ἐμίσει,

2085 4922 2184 4973 οὐκ
2218 4917 2285 4971 ἂν
2310 4916 2582 4988 ἀνθρώπῳ
2617 4916 2883 4989 διελέχθη.
2921 4917 3035 4971 Νῦν
3078 4917 3135 4970 δὲ
3165 4920 3297 4991 ὁρᾷς
3340 4922 3502 4975 αὑτὸν
3541 4922 3663 4975 οὒτε

2089 5001 2409 5073 βουλόμενον
2431 5001 2675 5073 ποιῆσαι,
2695 5001 2833 5072 ὅπερ
2858 5002 3121 5073 ἠπείλησε
3148 5008 3392 5076 ποιῆσαι,
3418 5007 3556 5060 ἀλλά
3571 5009 3665 5060 καὶ

2087 5084 2520 5155 ἀπολογούμενον
2558 5085 2634 5155 τῷ
2662 5084 2833 5156 δούλῳ
2869 5086 2961 5139 τὸν
2995 5087 3225 5157 Κύριον,
3257 5090 3352 5142 καὶ
3382 5090 3457 5154 ὡς
3483 5092 3665 5161 ὁμοτί-

2090 5184 2176 5238 μῳ
2202 5167 2340 5238 φίλῳ
2372 5167 2754 5238 διαλεγόμενον
2800 5169 2895 5221 καὶ
2938 5169 3166 5238 λέγοντα
3200 5171 3301 5236 τὰς
3344 5174 3523 5236 αίτίας
3562 5174 3663 5244 τῆς

2090 5251 2391 5323 μελλούσης
2419 5252 2694 5316 ἀπωλείας
2726 5252 2973 5319 ἔσεσθαι,
3000 5255 3096 5326 οὐχ
3144 5256 3230 5310 ἵνα
3261 5255 3406 5327 μάθῃ
3440 5257 3539 5320 τὰς
3579 5261 3663 5311 αἰ-

2085 5334 2207 5398 τίας
2241 5338 2270 5389 ὁ
2322 5334 2643 5406 ἄνθρωπος,
2670 5337 2786 5390 ἀλλ’
2823 5339 2910 5392 ’ίνα
2940 5342 3052 5403 τοῖς
3090 5340 3271 5403 ἄλλοις
3326 5339 3529 5408 εἰπὼν,
3561 5358 3660 5394 σω-

2088 5419 2479 5493 φρονεστέρους
2518 5421 2716 5484 αὐτοὺς
2738 5422 3060 5494 ἐργάσηται.
3109 5423 3247 5475 Ἀλλ’
3279 5423 3417 5495 ὅπερ
3456 5424 3660 5494 ἔλεγον,

2086 5498 2229 5555 οὕτω
2257 5502 2442 5567 κακῶς
2471 5504 2627 5574 ἡμῶν
2672 5504 2907 5576 ἔπραττε
2942 5506 3001 5558 τὸ
3023 5505 3177 5573 γένος
3214 5505 3521 5578 ἔμπροσθεν
3545 5549 3560 5573 ,
3587 5509 3665 5573 ώς

2088 5586 2427 5641 κινδυνεῦσαι
2460 5590 2554 5642 καὶ
2583 5589 2680 5660 τῆς
2706 5590 2806 5660 γῆς
2829 5590 3000 5659 αὐτῆς
3029 5591 3303 5645 ἐκπεσεῖν.
3344 5592 3484 5646 Ἀλλ’
3504 5596 3666 5664 ἡμεῖς

2156 5747 2180 5774 ε
2201 5738 2321 5800 Reg.
2342 5741 2448 5803 περὶ
2480 5742 2576 5787 τῶν
2609 5742 2870 5803 μαρτύρων.
2902 5740 3031 5791 Edili
3055 5745 3160 5803 περί
3190 5746 3287 5793 τῶν
3310 5745 3539 5804 ἀγγέλων.
