4130 6472
495 291 605 348 με

494 410 541 462 οί
569 406 668 476 τῆς
702 403 807 473 γῆς
838 399 1046 463 ἀνάξιοι
1098 396 1387 466 φανέντες,
1419 396 1659 466 τήμερον
1684 395 1764 455 είς
1807 388 2071 462 οὐρανοὺς

494 493 811 564 ἀνήχθημεν
829 506 842 520 ·
864 490 915 541 οί
947 486 1081 557 μηδὲ
1103 485 1199 555 τῆς
1226 484 1377 538 κάτω
1399 483 1572 553 ἀρχῆς
1595 481 1745 542 ὄντες
1762 479 1920 542 ἄξιοι,
1935 476 2072 547 πρὸς

495 586 593 651 τὴν
627 581 905 653 βασιλείαν
932 576 1206 647 ἀνέϐημεν
1231 576 1331 652 τῂν
1365 573 1477 627 ἀνω
1497 610 1513 633 ,
1561 569 1912 640 ὑπερέϐημεν
1943 568 2070 629 τοὺς

494 670 758 741 οὐρανοὺς
782 709 796 732 ,
836 662 1214 735 ἐπελαϐόμεθα
1242 660 1337 715 τοῦ
1382 660 1572 731 θρόνου
1614 657 1709 709 τοῦ
1751 654 2028 725 βασιλικοῦ
2052 666 2070 681 ⁰

497 757 590 810 καὶ
621 758 657 827 ή
689 755 881 825 φύσις,
909 753 975 807 δι’
1003 754 1071 822 ἢν
1113 750 1375 819 ἐφύλαττε
1397 748 1490 800 τὸν
1524 745 1847 816 παράδεισον
1871 743 1939 795 τά
1969 743 2074 794 Χε-

498 844 718 915 ρουϐὶμ,
749 843 887 913 αῦτη
911 841 1096 894 ἐπάνω
1114 839 1225 892 τῶν
1249 834 1528 906 Χερουϐὶμ
1548 833 1783 903 κάθηται
1812 832 2070 900 σήμερον.

524 931 671 984 Αλλά
707 929 826 993 πῶς
865 929 1023 982 τοῦτο
1076 927 1267 995 γέγονε
1313 923 1374 975 τὸ
1422 919 1735 992 θαυμαστὸν
1764 918 1858 972 καὶ
1890 917 2070 987 μέγα;

498 1022 615 1085 πῶς
649 1022 809 1091 ήμείς
860 1019 910 1071 οί
944 1011 1475 1086 προσκεκρουκότες,
1513 1011 1560 1062 οί
1592 1008 1692 1080 τῆς
1733 1007 1837 1077 γῆς
1864 1005 2072 1071 ἀνάξιοι

498 1110 789 1179 ερανέντες,
842 1106 935 1160 καὶ
979 1106 1080 1173 τῆς
1121 1102 1296 1174 ἀρχῆς
1325 1100 1425 1167 τῆς
1459 1096 1703 1151 κάτωθεν
1753 1094 2074 1157 ἐκπεσόντες

498 1196 634 1268 πρὸς
661 1194 912 1249 τοσοῦτον
941 1191 1072 1261 ὕψος
1101 1188 1308 1260 ἀνήχθη
1318 1202 1453 1256 μεν;
1486 1183 1605 1248 πῶς
1630 1184 1659 1235 6
1680 1181 1914 1252 πόλεμος
1943 1198 2075 1234 κατ-

497 1288 694 1357 ελὺθη,
735 1284 852 1347 πῶς
878 1284 911 1354 ή
937 1280 1073 1352 ὀργὴ
1115 1276 1389 1350 ἀνῃρέθης
1425 1274 1583 1340 Πῶς;
1628 1270 1787 1325 τοῦτο
1815 1272 1922 1340 γάρ
1959 1270 2076 1322 ἐστι

504 1378 555 1430 ιὸ
585 1375 917 1445 θαυμαστὸν,
956 1373 1039 1424 ὅτι
1066 1370 1189 1438 οὐχὶ¹
1217 1368 1325 1421 τῶν
1368 1366 1568 1428 ἀδίκως
1608 1361 1974 1435 ὀργιζομένων
1998 1361 2077 1432 τῷ

496 1462 642 1533 Θεῷ,
671 1462 784 1516 ἀλλ’
825 1459 988 1513 αὑτοῦ
1028 1457 1121 1511 τοῦ
1164 1454 1387 1517 δικαίως
1414 1450 1851 1521 ἀγανακτοῦντος
1892 1466 2075 1521 παρα-

496 1548 822 1609 καλέσαντος
851 1547 1000 1616 ἡμᾶς
1018 1584 1034 1607 ,
1061 1541 1234 1605 οὑτως
1264 1541 1454 1612 εἰρήνη
1485 1539 1728 1608 γέγονεν.
1752 1538 1919 1604 Ὑπὲρ
1941 1539 2075 1604 Χρι-

495 1636 646 1690 στοῦ
696 1634 809 1705 γὰρ
860 1632 1307 1701 πρεσϐεύομεν,
1365 1627 1446 1693 ὡς
1483 1626 1588 1680 τοῦ
1619 1624 1766 1679 Θεοῦ
1812 1640 2077 1691 παρακα-

498 1722 753 1789 λοῦντος
784 1721 857 1774 δι’
893 1718 1084 1788 ἡμῶν.
1111 1718 1176 1771 Τί
1209 1715 1400 1778 τοῦτο;
1433 1713 1584 1785 [650]
1611 1712 1770 1775 αὑτὸς
1800 1710 2073 1780 ὕϐρισται,

498 1814 592 1866 καὶ
638 1811 801 1875 αὑτὸς
832 1807 1176 1879 παρακαλεῖ;
1203 1805 1341 1859 Ναί·
1386 1804 1519 1866 Θεὸς
1550 1802 1658 1873 γάρ
1685 1803 1833 1864 ἐστι,
1865 1801 1959 1854 καὶ
1989 1799 2078 1852 διά

498 1900 654 1953 τοῦτο
676 1898 753 1962 ὼς
772 1896 1154 1967 φιλάνθρωπος
1183 1893 1366 1964 πατὴρ
1402 1891 1727 1962 παρακαλεῖ.

570 1987 682 2040 Kal
713 1986 814 2057 δρα
835 1985 888 2039 τί
925 1984 1136 2052 γίνεται
1154 1997 1168 2010 '
1192 1980 1436 2049 Μεσίτης
1462 1978 1491 2029 6
1519 1976 1613 2031 τοῦ
1638 1973 2079 2047 παρακαλοῦντος

501 2075 629 2138 Υἱὸς
645 2115 660 2140 ,
682 2075 785 2128 οὑκ
805 2073 1088 2144 ἄνθρωπος
1106 2110 1122 2133 ,
1144 2070 1266 2123 οὑδὲ
1295 2068 1523 2135 ἄγγελος
1537 2106 1552 2130 ,
1577 2066 1698 2119 οὑδὲ
1720 2064 2077 2137 ἀρχάγγελος,

498 2166 617 2220 οὑδέ
646 2165 753 2219 τῶν
798 2162 1026 2216 οίκετῶν
1072 2160 1267 2223 οὐδείς.
1301 2159 1412 2212 Kal
1461 2157 1515 2209 τί
1559 2158 1703 2209 ποιεῖ
1755 2156 1784 2207 6
1819 2156 2078 2226 μεσίτης;

504 2255 701 2327 Ἔργον
727 2252 968 2323 μεσίτου.
999 2248 1268 2317 Καθάπερ
1301 2244 1412 2317 γάρ
1437 2244 1530 2297 δύο
1559 2243 1719 2297 τινῶν
1742 2244 2081 2313 ἀποστρεφο-

502 2341 680 2411 μένων
731 2336 993 2406 ἀλλήλους
1025 2335 1119 2389 καὶ
1170 2333 1231 2386 οὑ
1282 2331 1620 2404 βουλομένων
1647 2330 1999 2400 διαλλαγῆναι
2028 2342 2079 2394 ι,

498 2427 682 2499 ἕτερός
711 2443 795 2489 τις
824 2422 1025 2487 ἐλθὼν,
1068 2421 1162 2476 καὶ
1193 2420 1358 2491 μέσον
1392 2420 1579 2474 ἐαυτὸν
1605 2419 1857 2489 ἐμϐαλὼν
1889 2419 2082 2473 ἐκατέ-

504 2533 611 2586 ρων
638 2513 755 2566 λύει
782 2512 884 2581 τὴν
913 2510 1109 2581 ἔχθραν
1129 2525 1143 2538 ·
1183 2507 1328 2561 οὑτω
1353 2507 1449 2561 καὶ
1489 2508 1518 2559 6
1545 2504 1777 2577 Χριστὸς
1804 2507 2075 2579 ἐποίησεν.

514 2602 792 2676 Ὠργίζετο
842 2604 976 2673 ἡμῖν
1005 2604 1033 2656 6
1084 2599 1255 2664 Θεὸς,
1296 2598 1755 2670 ἀπεστρεφόμεθα
1796 2599 1956 2669 ἡμεῖς
1987 2598 2080 2651 τὸν

500 2692 655 2757 Θεὸν,
684 2690 777 2744 τὸν
801 2688 1182 2761 φιλάνθρωπον
1212 2686 1488 2757 Δεσπότην
1509 2705 1521 2717 ·
1560 2685 1723 2757 μέσον
1758 2686 1949 2739 ἐαυτὸν
1982 2687 2083 2757 ὲμ-

503 2779 682 2835 ϐαλὼν
708 2781 737 2832 6
766 2778 999 2850 Χριστὸς
1026 2776 1294 2847 ἑκατέραν
1317 2775 1415 2846 τήν
1445 2774 1604 2845 φύσιν
1630 2774 1946 2846 κατήλλαξε.
1974 2770 2085 2827 Kal

502 2868 624 2930 πιῖις
653 2867 814 2938 μέσον
844 2865 1033 2918 ἐαυτὸν
1068 2862 1285 2918 ἐνέϐαλε
1313 2881 1327 2930 ;
1365 2863 1477 2935 Τὴν
1505 2864 1775 2935 τιμωρεαν
1808 2864 1906 2936 τὴν
1936 2865 2085 2935 ὀφει-

503 2954 737 3025 λομένην
765 2956 899 3025 ήμῖν
928 2951 1078 3022 παρά
1111 2950 1205 3004 τοῦ
1229 2950 1442 3022 Πατρὸς
1471 2951 1632 3014 αὑτὸς
1653 2951 1929 3018 ἐνεδέξατο
1950 2992 1966 3018 ,
1991 2954 2085 3006 καὶ

504 3046 605 3117 τὴν
654 3042 860 3096 ἐκεῖθεν
889 3041 1156 3113 τιμωρίαν
1197 3040 1290 3093 καὶ
1339 3039 1408 3092 τά
1463 3038 1696 3093 ἐνταῦθα
1749 3040 1922 3111 ὀνείδη
1981 3042 2086 3094 ὑπ-

507 3134 709 3204 έμεινε.
744 3130 932 3184 Βούλει
974 3128 1160 3199 μαθεῖν
1208 3126 1324 3191 πῶς
1361 3127 1595 3198 ἐκάτερα
1646 3128 1807 3192 αὐτὸς
1840 3129 2082 3196 ἐδέξατο;

504 3221 764 3291 Χριστὸς
788 3213 947 3290 ἡμᾶς
975 3220 1026 3284 ιι,
1055 3219 1240 3289 φησὶν,
1291 3215 1659 3284 ἐξηγόρασεν
1700 3217 1771 3271 ἐκ
1800 3215 1909 3285 τῆς
1947 3236 2084 3273 κατ-

504 3310 655 3377 άρας
696 3308 802 3364 τοῦ
832 3310 1039 3379 νόμου,
1087 3307 1410 3378 γενόμενος
1453 3305 1607 3376 ὑπὲρ
1642 3306 1813 3375 ἡμῶν
1838 3306 2080 3376 κατάρα.

508 3396 661 3463 Εἶδες
681 3399 797 3462 πῶς
821 3397 1027 3453 ἀνωθεν
1046 3396 1145 3468 τὴν
1178 3395 1484 3468 φερομένην
1519 3397 1789 3466 τιμωρίαν
1833 3395 2048 3460 ἐδέξατο
2066 3411 2082 3429 ·

504 3488 606 3558 ὅρα
630 3486 749 3551 πῶς
771 3488 866 3542 καὶ
890 3486 959 3541 τά
978 3485 1225 3540 κάτωθεν
1238 3484 1515 3556 φερόμενα
1537 3484 1712 3554 ὀνείδη
1745 3484 2034 3555 ὑπέμεινεν
2062 3501 2077 3515 ·

511 3579 575 3629 Ol
604 3575 931 3643 ὀνειδισμοὶ
956 3573 1076 3628 τῶν
1105 3571 1510 3632 ὀνειδιζόντων
1534 3586 1630 3632 σε,
1663 3572 1848 3640 φησὶν,
1871 3573 2084 3625 ἐπέπε-

507 3678 625 3716 σον
652 3662 746 3715 ἐπ’
770 3661 895 3731 ἐμέ.
926 3659 1077 3723 Εἶδες
1105 3659 1223 3723 πῶς
1244 3659 1453 3713 διέλυσε
1476 3658 1575 3726 τὴν
1609 3657 1805 3727 ἔχθραν
1821 3699 1839 3723 ,
1880 3658 1997 3721 πῶς
2021 3658 2083 3710 οὑ

509 3749 774 3820 πρότερον
811 3746 1024 3818 ἀπέστη
1047 3748 1225 3800 πάντα
1256 3746 1426 3798 ποιῶν
1466 3746 1559 3798 καὶ
1580 3746 1804 3813 πάσχων
1831 3745 1926 3798 καὶ
1950 3762 2087 3816 πρα-

503 3835 915 3905 γματευόμενος
938 3874 953 3896 ,
976 3834 1081 3898 ἕως
1111 3833 1203 3887 τὸν
1241 3833 1500 3901 πολέμιον
1531 3832 1625 3885 καὶ
1656 3832 1849 3902 ἐχθρὸν
1882 3833 2085 3903 ἀνήγα-

504 3937 605 3989 γεν
633 3921 781 3991 αὐτῷ
816 3921 893 3992 τῷ
924 3920 1062 3991 Θεῷ,
1091 3922 1186 3974 καὶ
1233 3920 1386 3990 φίλον
1431 3919 1693 3989 ἐποίησες
1734 3919 1846 3972 Kal
1882 3921 2083 3974 τούτων

505 4008 617 4063 τῶν
648 4008 868 4076 ἀγαθῶν
909 4007 1163 4072 ὑπόθεσις
1194 4008 1229 4078 ή
1280 4010 1515 4077 σήμερον
1566 4008 1784 4078 ἡμέρα·
1833 4007 2084 4079 καθάπερ

507 4096 615 4170 γὰρ
639 4098 895 4168 ἀπαρχὴν
932 4100 1030 4168 της
1082 4096 1295 4167 φύσεως
1337 4087 1502 4167 ήμῶν
1533 4096 1744 4157 λαϐὼν,
1778 4095 1951 4160 οὕτως
1986 4097 2083 4149 ἀν-

508 4187 683 4255 ήγαγε
714 4184 791 4255 τῷ
816 4186 1080 4258 Δεσπότῃ.
1108 4185 1217 4238 Kal
1237 4185 1373 4256 ὅπερ
1397 4184 1606 4252 γίνεται
1636 4186 1726 4238 ὲπὶ
1742 4184 1849 4238 τῶν
1885 4184 2085 4237 πεδίων

506 4273 616 4326 τῶν
649 4273 1036 4344 σταχυηφόρων
1058 4313 1073 4338 ,
1104 4272 1314 4342 ὀλίγους
1346 4290 1429 4336 τις
1466 4274 1705 4344 στάχυας
1744 4271 1954 4334 λαϐὼν,
1990 4273 2085 4325 καὶ

510 4360 705 4433 μικρὸν
733 4361 949 4433 δράγμα
977 4361 1208 4431 ποιήσας
1227 4404 1242 4427 ,
1276 4362 1371 4414 καὶ
1419 4359 1799 4431 προσενεγκὼν
1824 4360 1902 4434 τῷ
1943 4360 2082 4431 Θεῷ,

506 4449 593 4502 διά
621 4447 714 4501 τοῦ
749 4447 945 4521 μικροῦ
974 4449 1153 4501 πᾶσαν
1206 4448 1304 4518 τὴν
1341 4448 1580 4520 ἄρουραν
1627 4449 1840 4517 εὑλογεῖ
1862 4465 1876 4479 ⁸
1926 4448 2086 4502 τοῦτο

507 4541 603 4591 καί
626 4541 654 4593 ὁ
694 4539 928 4610 Χριστὸς
953 4538 1176 4609 ἐποίησε
1196 4580 1213 4605 ,
1242 4537 1308 4590 δι’
1346 4540 1562 4607 ἐκείνης
1598 4538 1695 4610 τῆς
1726 4540 1855 4609 μιᾶς
1885 4538 2085 4609 σαρκὸς

509 4627 727 4698 καὶτῆς
755 4629 1005 4701 ἀπαρχῆς
1031 4628 1092 4681 τὸ
1131 4627 1286 4697 γένος
1321 4629 1382 4682 τὸ
1421 4629 1685 4700 ἡμέτερον
1729 4629 2085 4700 εὑλογηθῆναι

509 4714 781 4785 ἐποίησεν.
817 4717 976 4770 Ἀλλά
1004 4716 1092 4770 διὰ
1119 4717 1171 4769 τί
1215 4718 1277 4771 οὑ
1321 4718 1498 4772 πᾶσαν
1526 4716 1624 4788 τὴν
1656 4716 1816 4786 φύσιν
1859 4718 2086 4788 ἀνήνεγ-

510 4819 642 4866 κεν;
672 4803 792 4856 Ὅτι
819 4805 920 4858 οὐκ
947 4803 1062 4856 ἔστι
1082 4803 1240 4857 τοῦτο
1269 4804 1523 4875 ἀπαρχῆς
1559 4817 1579 4842 ο
1601 4846 1618 4867 ,
1654 4804 1747 4858 ἐὰν
1773 4804 1835 4857 τὸ
1858 4804 1977 4857 ὅλον
2003 4822 2085 4869 τις

512 4892 851 4965 προσενέγκῃ
870 4933 885 4956 ,
912 4894 1031 4947 ἀλλ’
1064 4893 1158 4948 ἐάν
1198 4909 1282 4956 τις
1315 4893 1509 4963 μικρὸν
1538 4895 1916 4964 προσενεγκὼν
1936 4936 1951 4957 ,
1995 4894 2086 4948 διὰ

508 4981 604 5033 τοῦ
633 4981 831 5051 μικροῦ
875 4983 937 5037 τὸ
967 4983 1085 5036 ὅλον
1131 4983 1487 5053 εὑλογηθῆναι
1529 4984 1945 5056 παρασκευάσῃ.
1976 4983 2086 5036 Kal

514 5070 620 5139 μὴν
648 5070 698 5122 εἰ
746 5071 968 5141 ἀπαρχὴ
994 5110 1009 5134 ,
1040 5072 1206 5141 φησὶν
1225 5112 1241 5133 ,
1272 5067 1372 5142 ἦν,
1421 5071 1589 5141 ἐχρῆν
1624 5072 1716 5125 τὸν
1744 5072 1957 5142 πρῶτον
1990 5073 2085 5126 ἄν-

510 5156 729 5230 θρωπον
769 5157 1058 5227 γενόμενον
1106 5160 1265 5212 αὑτὸν
1318 5159 1699 5231 ἀνενεχθῆναι·
1727 5161 1949 5231 ἀπαρχὴ
1977 5161 2086 5227 γάρ

574 5325 777 5435 ἒκξῐίὶίὲὶί
798 5327 1111 5389 διαλεχθῆναι.
1129 5326 1273 5377 Hunc
1292 5328 1450 5377 locum
1472 5329 1620 5378 θεῖοι-ι
1638 5326 1739 5377 Leo
1761 5342 1883 5389 papa
1917 5328 1965 5377 in
1988 5329 2086 5377 ﬁne

512 5396 642 5439 ειιικῑ
686 5396 707 5434 ι
717 5396 745 5435 2")
756 5396 794 5439 ι.

565 5399 642 5433 nst
686 5399 794 5439 ιδι.

546 5399 611 5521 ξι,
626 5448 746 5526 “fg.
920 5447 1006 5498 τοῦ
1028 5453 1246 5526 ξωτῆρος
1266 5451 1405 5526 αὑτὸς
1423 5451 1614 5526 ἐδέξατο
1632 5452 1815 5526 καὶῖτάς
1835 5451 1989 5526 ι’ξϐρεις
2007 5452 2086 5498 καὶ

511 5510 578 5574 τὰ
593 5509 769 5574 ὀνείδη,
790 5513 823 5559 ἃ
842 5509 1180 5574 ἓποιησάμεθα’
1208 5513 1331 5560 κατά
1367 5510 1452 5574 τοῦ
1494 5511 1638 5569 Θεοῦ,
1684 5513 1824 5566 αὐτὸς
1847 5509 2083 5574 ὑπέμεινε.

514 5564 684 5637 Βούλει
709 5564 866 5637 μαθεῖν
906 5564 1009 5637 πᾶξς
1034 5564 1416 5637 ἔκάτεραῌαὺτὸς
1438 5564 1644 5637 ἐδέξατο,
1667 5575 1748 5621 καὶ
1787 5564 1872 5631 τὴν
1915 5564 2086 5621 ἐκεῖθεν

514 5630 758 5737 τιμέωὲἰαν,
778 5634 857 5737 ἰαὶ
876 5635 934 5680 τὰ
952 5635 1140 5706 ’ἐκεῖθεν
1158 5630 1312 5691 ὄνείδη
1327 5669 1340 5694 ,
1361 5635 1561 5696 Χριστὸς
1577 5637 1719 5694 ἡμᾶς.

671 5703 751 5737 EE.
809 5710 985 5737 παονγτ-

648 5692 751 5751 leg.
778 5692 986 5757 ἀπαρχὴ.

1196 282 1253 335 S.
1290 277 1575 334 JUANNIS
1618 272 2111 332 CIIRYSOSTOMI
2152 272 2476 333 ARCHIFP.
2522 275 3074 334 CONSTANTINOP.

3648 281 3751 333 ιιο

2176 392 2292 444 ἐστι
2315 392 2378 446 τὸ
2420 394 2634 464 πρῶτον
2675 396 3041 466 ἐκφερόμενον
3063 437 3079 461 ,
3109 395 3168 447 τὸ
3195 395 3409 467 πρῶτον
3438 397 3754 466 βλαστάνον.

2175 482 2290 535 Οὑκ
2318 483 2435 537 ἔστι
2458 484 2617 538 τοῦτο
2654 486 2877 555 ἀπαρχὴ
2899 525 2917 550 ,
2954 486 3235 555 ἀγαπητὴ
3274 486 3371 539 ἐὰν
3401 487 3493 541 τὸν
3540 488 3754 559 πρῶτον

2174 576 2630 647 προσενέγκωμεν
2688 578 2902 648 καρπὸν
2944 578 3186 648 ἐξίτηλον
3221 579 3349 633 δντα
3394 580 3489 633 καὶ
3531 582 3751 650 ἀσθενῆ,

2172 666 2289 720 ἀλλ’
2317 667 2412 720 ἐὰν
2432 668 2522 722 τὸν
2548 668 2769 740 δόκιμον
2798 670 3275 742 προσενέγκωμεν.
3313 674 3464 726 Ἐπεὶ
3490 670 3582 728 οὖν
3616 676 3759 728 ἐκεῖ·

2174 774 2263 821 νος
2290 758 2317 810 ὁ
2341 759 2551 830 καρπὸς
2581 758 2879 824 ὑπεύθυνος
2918 762 3189 833 ἁμαρτίας
3216 758 3283 834 ἦν
3306 805 3321 829 ,
3353 765 3440 816 διά
3467 765 3624 819 τοῦτο
3657 768 3759 820 οὑκ

2174 846 2442 917 ἀνηνέχθη
2464 888 2478 906 .
2502 850 2550 902 εί
2585 849 2680 902 καὶ
2713 849 2926 921 πρῶτος
2960 852 3176 920 ἐγένετο
3197 870 3212 884 ·
3253 852 3366 905 ἀλλ’
3396 850 3548 918 οὗτος
3579 856 3757 926 ἀπηλ-

2174 938 2440 1009 λαγμένος
2463 941 2734 1012 ἁμαρτίας
2756 958 2769 972 ·
2808 942 2895 996 διά
2920 942 3078 996 τοῦτο
3099 944 3193 997 καὶ
3221 944 3493 1015 ἀνηνέχθη
3512 986 3526 1012 ,
3572 946 3622 998 εί
3662 945 3759 999 καὶ

2177 1029 2315 1099 μετά
2335 1030 2508 1085 ταῦτα
2536 1032 2749 1101 ἐγένετο
2767 1050 2781 1065 ·
2811 1032 2970 1087 τοῦτο
2996 1034 3105 1105 γὰρ
3137 1034 3358 1107 ἀπαρχὴ
3378 1034 3427 1089 ἀ.

2245 1120 2314 1189 γ’.
2351 1124 2461 1176 Καὶ
2489 1123 2573 1177 ίνα
2608 1124 2814 1195 μάθῃς.
2850 1126 2933 1179 ὄτι
2967 1127 3089 1195 οὑχὶ
3125 1128 3155 1180 6
3192 1126 3408 1197 πρῶτος
3443 1125 3758 1196 βλαστάνων

2176 1203 2584 1283 καρπὸςζτοῦτο
2604 1215 2849 1285 ἀπαρχὴ,
2875 1214 2990 1268 ἀλλ’
3008 1218 3037 1268 ό
3050 1215 3267 1286 δόκιμος
3284 1216 3375 1268 καὶ
3392 1217 3636 1283 γενναῖος
3662 1215 3759 1267 καὶ

2176 1304 2256 1364 είς
2280 1301 2464 1371 ἀκμὴν
2494 1302 2647 1373 ἥκων
2686 1305 2786 1374 τὴν
2819 1304 3221 1374 προσήκουσαν,
3252 1302 3360 1356 ἀπὸ
3388 1301 3496 1356 τῶν
3523 1302 3562 1355 Γ
3568 1302 3757 1373 ραφῶν

2180 1411 2261 1447 σοι
2288 1395 2508 1464 παρέξω
2531 1396 2630 1465 τὴν
2659 1395 2982 1466 μαρτυρίαν.
3023 1396 3157 1449 Ἐὰν
3195 1394 3498 1462 είσέλθῃς,
3532 1394 3698 1465 φησὶν
3727 1395 3758 1446 6

2177 1487 2416 1557 Μωῦσῆς
2447 1487 2585 1557 πρὸς
2617 1487 2707 1540 τὸν
2741 1486 2890 1551 λαὸν,
2920 1489 3009 1553 είς
3044 1486 3159 1554 τὴν
3191 1485 3307 1555 γῆν
3349 1485 3460 1553 τῆς
3506 1487 3759 1555 ἐπαγ-γορ

2176 1578 2338 1643 λίας,
2362 1575 2444 1644 ἣν
2474 1578 2688 1645 Κύριος
2715 1580 2747 1631 ό
2784 1580 2930 1643 Θεός
2964 1594 3080 1631 σου
3109 1577 3319 1631 δίδωσί
3355 1593 3473 1640 σοι,
3510 1578 3608 1629 καί
3642 1595 3757 1645 φισ-

2178 1672 2408 1739 τεύσῃς
2441 1669 2590 1743 [151]
2613 1672 2683 1724 ἐν
2716 1669 2872 1738 αὐτῇ
2910 1668 3034 1724 πᾶν
3062 1669 3253 1734 ξύλον
3278 1670 3494 1723 ποιοῦν
3525 1669 3759 1737 καρπ‹’ν

2171 1760 2505 1830 βρώσιμον,
2538 1762 2671 1830 τρία
2699 1760 2803 1827 ἔτη
2830 1761 2902 1814 οῠ
2931 1760 3364 1829 περικαθαριεῖς
3394 1761 3502 1812 τάν
3526 1760 3760 1827 καρπὸν
3807 1820 3822 1832 .

2177 1853 2364 1908 αὐτοῦ
2385 1853 2496 1919 ’τῷ
2527 1853 2596 1905 δὲ
2628 1851 2883 1922 τετάρτῳ
2913 1852 3031 1906 ἔτει
3059 1856 3092 1906 ό
3120 1851 3346 1919 καρπὸς
3372 1851 3560 1906 αὐτοῦ
3587 1851 3759 1919 ἅγιος

2178 1944 2350 1998 ἔσται
2374 1942 2455 2010 τῷ
2487 1946 2700 2014 Κυρίῳ.
2737 1945 2848 1998 Kal
2877 1944 2982 2014 μὴν
3012 1945 3060 1997 εἰ
3089 1944 3310 2015 ἀπαρχὴ
3344 1940 3410 2012 ἦν
3451 1943 3513 1996 τὸ
3542 1939 3761 2015 πρῶτον

2180 2034 2567 2106 ἐκφερόμενον,
2599 2034 2690 2087 τὸν
2719 2035 2776 2087 ἐν
2818 2033 2895 2105 τῷ
2917 2032 3117 2105 πρώτῳ
3142 2033 3371 2103 ἐνιαυτῷ
3402 2035 3635 2107 καρπὸν,
3661 2035 3763 2088 αὑ-

2180 2127 2270 2181 τὸν
2345 2127 2452 2180 ἔδει
2496 2126 2680 2181 δοῦναι
2734 2125 2812 2197 τῷ
2859 2126 3080 2198 Κυρίῳ·
3144 2127 3259 2179 νυνὶ
3303 2127 3362 2180 δέ
3408 2143 3561 2198 φησι·
3624 2129 3764 2196 Tpc’a

2180 2218 2285 2285 ἐτη
2340 2221 2414 2273 οὐ
2448 2218 2879 2286 περικαθᾳριεὶς
2924 2218 3030 2272 τὸν
3080 2217 3315 2286 καρπὸν
3363 2218 3574 2282 αὐτοῦ,
3623 2219 3763 2273 ἀλλά

2181 2312 2413 2383 ἀφήσεις
2462 2310 2647 2377 αὑτὸν,
2686 2311 2819 2364 διότι
2852 2309 3092 2380 ἐξίτηλον
3120 2311 3179 2363 τὸ
3210 2311 3425 2381 δένδρον
3454 2312 3592 2373 ἐστὶ,
3624 2310 3763 2364 διότι

2183 2402 2438 2475 ἀσθενής,
2469 2402 2608 2456 διότι
2639 2402 2818 2473 ἄωρος
2851 2406 2884 2473 ή
2916 2405 3047 2475 γονή
3067 2419 3081 2433 ⁸
3110 2404 3140 2456 6
3169 2403 3225 2456 δὲ
3254 2402 3533 2473 τέταρτος,
3571 2403 3762 2472 φησὶν,

2185 2494 2340 2562 ἀγιος
2380 2493 2531 2546 ἔσται
2559 2492 2639 2564 τῷ
2672 2492 2880 2564 Κυρίῳ.
2913 2494 3020 2547 Kal
3059 2494 3253 2547 σκόπει
3303 2494 3497 2562 σοφίαν
3534 2494 3766 2564 νομοθέ-

2182 2605 2310 2641 του⁸
2348 2586 2473 2641 οὔτε
2504 2590 2696 2657 φαγεῖν
2720 2588 2880 2641 αὑτὸν
2903 2589 3107 2651 εῐασεν,
3144 2587 3231 2642 ἵνα
3265 2586 3340 2658 μὴ
3361 2587 3466 2659 πρὸ
3493 2586 3587 2640 τοῦ
3623 2587 3762 2641 Θεοῦ

2182 2680 2346 2744 αὑτὸς
2377 2679 2517 2751 λάϐῃ
2566 2681 2657 2733 τὸν
2695 2681 2935 2752 καρπόν·
2968 2678 3092 2734 οὔτε
3141 2679 3569 2752 προσενεχθῆναι
3599 2679 3765 2733 αὑτὸν

2183 2769 2504 2841 ἐπέτρεψεν,
2550 2771 2638 2823 ἵνα
2694 2770 2769 2841 μὴ
2821 2772 2999 2841 ἄωρος
3044 2770 3382 2844 προσενεχθῇ
3433 2769 3513 2841 τῷ
3550 2771 3763 2842 Κυρίῳ.

2197 2861 2376 2927 Ἀλλὰ,
2414 2864 2583 2931 Ἀφες
2631 2862 2751 2932 μὲν,
2797 2865 2983 2932 φησὶν,
3032 2862 3221 2935 ἐπειδὴ
3256 2863 3471 2934 πρῶτόν
3500 2864 3649 2916 ἐστι·
3684 2856 3771 2934 μὴ’

2185 2956 2557 3028 προσενέγκῃς
2584 2955 2663 3020 δὲ,
2695 2955 2881 3026 ἐπειδὴ
2914 2955 3131 3023 ἀνάξιόν
3174 2957 3289 3008 ἐστι
3333 2956 3435 3025 τῆς
3460 2956 3627 3026 τιμῆς
3666 2957 3763 3008 τοῦ

2183 3047 2569 3119 λαμϐάνοντος.
2610 3047 2773 3118 Ὁρᾷς
2809 3047 2891 3099 ὅτι
2940 3048 3001 3100 οὐ
3034 3046 3097 3101 τὸ
3125 3047 3341 3119 πρῶτον
3370 3048 3762 3118 ἐκφερόμενον,
3864 3068 3867 3069 ν

2183 3142 2318 3196 ἀλλά
2346 3142 2407 3195 τὸ
2437 3142 2677 3211 δόκιμον,
2705 3140 2863 3193 τοῦτό
2919 3140 3068 3196 ἐστιν
3105 3128 3370 3211 ἀπαρχής
3428 3140 3540 3194 Kal
3586 3142 3767 3195 ταῦτα

2182 3236 2317 3305 ἡμῖν
2347 3232 2437 3287 διά
2477 3231 2578 3304 τὴν
2623 3232 2803 3303 σάρκα
2832 3233 2899 3302 ἣν
2931 3232 3308 3303 προσήνεγκεν
3346 3232 3581 3302 εἴρηται.
3644 3233 3766 3284 Ἀν-

2184 3332 2386 3397 ήνεγκε
2406 3325 2586 3378 τοίνυν
2600 3324 2699 3394 τὴν
2725 3323 2978 3394 ἀπαρχὴν
3004 3323 3101 3391 τῆς
3120 3322 3333 3391 φύσεως
3357 3323 3457 3393 τῆς
3487 3324 3765 3396 ἡμετέρας

2181 3416 2261 3485 τῷ
2285 3413 2461 3483 Πατρί
2481 3431 2497 3447 ο
2528 3413 2625 3467 xal
2650 3412 2826 3477 οὕτως
2873 3411 3153 3482 ἐθαύμασε
3181 3411 3244 3465 τὸ
3282 3411 3456 3483 δῶρον
3486 3415 3516 3465 ό
3548 3412 3760 3481 Πατὴρ,

2185 3508 2280 3562 καὶ
2328 3507 2417 3561 διά
2455 3506 2555 3578 τὴν
2588 3505 2745 3571 ἀξίαν
2793 3504 2887 3558 τοῦ
2947 3503 3428 3577 προσενέγκαντος,
3453 3503 3546 3557 καὶ
3587 3504 3674 3557 διά
3701 3504 3765 3557 τὸ

2184 3600 2411 3669 ἄμωμον
2456 3600 2552 3651 τοῦ
2588 3596 3059 3669 προσενεχθέντος,
3092 3595 3165 3658 ὡς
3194 3596 3423 3659 οἰκείαις
3444 3594 3576 3648 αὑτὸ
3605 3594 3765 3661 δέξα-

2187 3694 2310 3742 σθαι
2331 3689 2508 3760 χερσὶ,
2541 3690 2635 3741 καὶ
2665 3688 2837 3742 θεῖναι
2874 3687 3101 3757 πλησίον
3129 3687 3188 3740 τὸ
3209 3686 3400 3759 δῶρον,
3428 3690 3524 3742 καὶ
3551 3690 3761 3742 είπεῖνο

2185 3778 2382 3834 Κάθου
2414 3781 2483 3833 ἐκ
2524 3778 2741 3845 δεξιῶν
2766 3799 2903 3849 μου.
2943 3781 3088 3853 Πρὸς
3126 3781 3284 3836 ποίαν
3341 3781 3504 3850 φύσιν
3556 3776 3764 3837 εἶπενό

2183 3869 2337 3933 Θεὸς,
2386 3870 2585 3926 Κάθου
2637 3871 2707 3924 ἐκ
2751 3869 2967 3937 δεξιῶν
3010 3890 3162 3941 pou;
3222 3873 3368 3944 Πρὸς
3405 3873 3618 3945 ἐκείνην
3663 3874 3764 3943 τὴν

2184 3962 2519 4025 ἀκούσασαν,
2550 3961 2642 4033 Γῆ
2668 3958 2744 4026 εἴ,
2784 3963 2887 4017 καὶ
2916 3966 3004 4029 εις
3030 3962 3146 4034 γῆν
3176 3965 3515 4033 ἀπελεύσῃ.
3546 3966 3620 4018 Οὑ
3651 3967 3764 4033 γάρ

2184 4056 2344 4127 ἤρκει
2379 4056 2686 4126 ὑπερϐῆναι
2708 4058 2836 4120 τοὺς
2862 4056 3159 4126 οὑρανοὺςς
3194 4058 3254 4112 οὑ
3294 4056 3401 4128 γὰρ
3436 4059 3593 4128 ήρκει
3624 4058 3764 4128 μετά

2183 4149 2430 4218 ἀγγέλων
2477 4149 2699 4217 στῆναι;
2745 4150 2849 4202 οὑκ
2880 4144 2949 4218 ἦν
2986 4149 3192 4218 ἀφατος
3236 4149 3333 4202 καὶ
3363 4149 3502 4220 αὕτη
3529 4152 3562 4219 ἡ
3593 4151 3762 4220 τιμὴς

2197 4241 2337 4294 Ἀλλ’
2371 4240 2615 4312 ὑπερέϐη
2674 4240 2959 4309 ἀγγέλους,
3010 4242 3291 4312 παρῆλθεν
3361 4243 3760 4314 ἀρχαγγέλους.

2184 4331 2430 4403 ὑπερέϐη
2469 4331 2538 4385 τά
2563 4331 2866 4402 Χερουϐὶμ,
2911 4330 3077 4402 ἀνέϐη
3110 4333 3380 4404 ἀνώτερον
3425 4333 3534 4387 τῶν
3589 4335 3763 4405 Σερα-

2185 4423 2341 4494 φεὶμ,
2374 4423 2694 4494 παρέδραμε
2716 4422 2817 4486 τάς
2850 4423 3046 4493 ἀρχάς,
3080 4424 3139 4476 οὐ
3175 4425 3438 4495 πρότερον
3475 4424 3630 4495 ἔστη,
3657 4425 3765 4489 ἕως

2184 4510 2245 4570 οὗ
2272 4514 2369 4569 τοῦ
2400 4513 2593 4586 θρόνου
2631 4512 2928 4568 ἐπελάϐετο
2969 4515 3065 4568 τοῦ
3097 4515 3452 4569 Δεσποτικοῦ.
3486 4517 3602 4587 Οὐχ
3630 4519 3763 4587 ὁρᾷς

2185 4608 2336 4661 τουτὶ
2358 4607 2415 4659 τὸ
2453 4607 2618 4677 μέσον
2639 4605 2732 4659 τοῦ
2755 4606 2986 4679 οὐρανοῦ
3021 4607 3158 4677 πρὸς
3196 4607 3293 4676 τήν
3318 4607 3453 4676 γῆν;
3482 4608 3679 4678 μᾶλλον
3704 4609 3762 4661 δὲ

2186 4699 2431 4753 κάτωθεν
2464 4698 2789 4769 ἀρξώμεθα*
2844 4699 2942 4770 οὑχ
2988 4700 3140 4770 ὁρᾷς,
3192 4700 3300 4753 ἀπὸ
3348 4702 3442 4754 τοῦ
3469 4701 3596 4771 ᾂδου
3627 4702 3764 4772 πρὸς

2186 4792 2285 4862 τὴν
2316 4789 2422 4860 γῆν
2451 4790 2515 4843 τὸ
2542 4790 2817 4861 διάστημα
2850 4791 3004 4857 ὅσον;
3040 4790 3146 4843 ἀπὸ
3177 4790 3278 4859 τῆς
3304 4790 3405 4860 γῆς
3432 4791 3593 4843 πάλιν
3627 4792 3764 4862 πρὸς

2186 4882 2277 4935 τὸν
2297 4882 2557 4952 οὐρανόνς
2587 4882 2698 4935 ἀπὸ
2731 4881 2827 4934 τοῦ
2864 4881 3097 4953 οὐρανοῦ
3129 4881 3292 4935 πάλιν
3321 4883 3457 4952 πρὸς
3488 4884 3580 4936 τὸν
3602 4884 3768 4953 οὑρα-

2187 4972 2276 5025 νὸν
2310 4970 2401 5024 τὸν
2442 4971 2715 5042 ἀνώτερον
2736 4990 2751 5038 ;
2776 4971 2870 5023 ἀπ’
2899 4972 3107 5024 ἐκείνου
3141 4971 3279 5042 πρὸς
3316 4973 3443 5035 τοὺς
3476 4972 3761 5039 ἀγγέλους,
3799 5031 3805 5035 ,

2189 5064 2327 5136 πρὸς
2378 5064 2504 5127 τοὺς
2551 5062 2947 5135 ἀρχαγγέλους,
2997 5063 3133 5134 πρὸς
3179 5063 3279 5126 τὰς
3325 5064 3439 5117 ἀνω
3476 5064 3762 5133 δυνάμεις,

2189 5156 2323 5227 πρὸς
2350 5156 2514 5210 αὑτὸν
2556 5155 2647 5208 τὸν
2676 5155 2866 5226 θρόνον
2893 5155 2985 5208 τὸν
3012 5154 3323 5225 βασιλικόν;
3350 5154 3521 5208 Τοῦτο
3550 5156 3672 5208 ὅλον
3705 5156 3766 5207 τὸ

2186 5249 2461 5319 διάστημα
2486 5249 2583 5302 καὶ
2615 5249 2676 5301 τὸ
2718 5248 2853 5317 ὕψος
2893 5248 2992 5316 τὴν
3022 5248 3185 5315 φύσιν
3214 5249 3313 5315 τὴν
3362 5248 3638 5316 ἡμετέραν
3679 5247 3765 5298 άν-

2187 5342 2382 5412 ήγαγε.
2423 5341 2595 5393 Βλέπε
2624 5340 2728 5393 ποῦ
2758 5341 2909 5394 κάτω
2931 5340 3127 5399 ἔκειτο,
3155 5338 3253 5392 καὶ
3281 5337 3383 5391 ποῦ
3415 5338 3606 5409 ἀνέϐη·
3640 5336 3763 5391 οὔτε

2248 5508 2275 5549 d
2306 5506 2387 5555 Sic
2420 5503 2582 5569 Regii,
2632 5512 2781 5567 alquo
2826 5508 2891 5555 ita
2916 5519 3092 5557 sonans
3135 5506 3461 5569 (μιαίνεις-ευ
3496 5503 3643 5569 editis
3682 5517 3772 5550 se-

2188 5574 2289 5620 ries
2324 5565 2515 5631 mutila?
2537 5573 2631 5631 03!.
2676 5565 2723 5631 εί
2752 5569 2832 5631 καῖ
2870 5570 3055 5631 πρῶτος
3084 5565 3281 5629 ἐγένετο.
3307 5565 3462 5631 Τοῦτο
3488 5566 3590 5631 ⁸γὰρ
3613 5567 3763 5631 ἀπαρ-

2188 5635 2266 5694 χή.
2294 5630 2384 5679 Ubi
2406 5632 2569 5694 ra'iqna
2598 5629 2726 5675 haud
2751 5627 3462 5694 dubieidesidefanlur.‘Aliud
3488 5628 3613 5694 legi}
3642 5627 3763 5676 Vos-

2190 5690 2310 5752 's'nus,
2337 5693 2477 5752 cujus
2501 5692 2844 5750 nuerprelalio
2870 5691 2929 5740 ad
2953 5700 3167 5743 nostram
3191 5692 3456 5741 lectionem
3478 5690 3699 5749 quadrat.
