4130 6470
403 309 500 366 ιιδ

397 425 688 478 excideret.
708 420 982 476 Czeterum
1004 432 1110 475 nos
1137 417 1227 489 qui
1244 426 1385 473 terra
1413 417 1727 472 videbamur
1752 416 1973 486 indigni,

398 514 560 570 hodie
578 512 643 568 in
679 512 869 566 caelum
915 510 1107 565 sublati
1136 523 1319 562 sumus
1345 525 1361 561 :
1398 507 1488 576 qui
1516 522 1587 562 ne
1615 517 1828 562 terreno
1853 506 1970 575 qui-

397 605 518 662 dem
546 603 842 674 principatu
879 615 1092 679 eramus
1114 600 1282 671 digni,
1321 598 1390 654 ad
1433 613 1720 668 supernum
1758 598 1976 653 calesto

399 710 617 766 regnum
648 693 1001 754 ascendimus.
1033 692 1193 746 caelos
1220 690 1566 760 pervasimus,
1615 689 1862 744 thronum
1893 704 1977 743 re-

398 787 566 857 galem
600 793 762 855 atque
806 782 1139 838 Dominicum
1165 780 1647 851 apprehendimus;
1687 788 1742 834 et
1768 788 1973 843 natura,

399 885 613 946 propter
646 888 804 944 quam
835 871 1137 943 paradisum
1179 870 1464 927 servabant
1504 868 1812 933 Cherubim,
1863 868 1977 936 ipsa

400 980 560 1034 supra
591 962 874 1018 Cberubim
922 960 1073 1016 sedet
1110 958 1296 1014 hodie.
1324 959 1394 1014 At
1419 973 1526 1028 quo
1552 966 1709 1028 pacto
1743 956 1976 1011 admira-

398 1055 500 1109 bile
525 1054 627 1109 hoc
645 1062 701 1109 et
725 1067 974 1122 magnum
1003 1048 1228 1105 accidit?
1249 1064 1356 1119 quo
1370 1058 1525 1118 pacto
1548 1062 1647 1102 nos
1661 1047 1750 1117 qui
1776 1055 1975 1101 tantam

394 1145 730 1201 clementiam
759 1141 1169 1207 offenderamus,
1216 1149 1464 1209 terraque
1510 1138 1625 1208 ipsa
1672 1137 1980 1192 videbamur

395 1235 629 1306 indigni,
658 1248 723 1289 ac
780 1245 990 1289 terreno
1025 1232 1169 1289 omni
1220 1231 1516 1302 principatu
1563 1236 1722 1299 atque
1777 1228 1979 1284 honore

391 1328 759 1383 excideramus
782 1367 797 1392 ,
828 1325 892 1379 ad
929 1333 1127 1378 tantam
1168 1323 1502 1379 altitudinem
1549 1336 1734 1377 sumus
1771 1320 1979 1376 evecti?

390 1434 499 1487 quo
525 1428 677 1487 pacto
702 1417 897 1472 bellum
918 1415 1243 1486 dissolutum
1266 1413 1391 1468 est?
1416 1428 1523 1483 quo
1562 1422 1715 1481 pacto
1753 1411 1827 1467 ira
1853 1410 1980 1465 sub-

393 1510 539 1562 lata?
566 1506 880 1576 Quomodo?
912 1522 1033 1560 nam
1075 1505 1212 1560 istud
1240 1502 1551 1559 admirabile
1574 1512 1678 1566 est,
1701 1518 1806 1557 non
1833 1501 1977 1571 quod

398 1601 484 1666 iis,
521 1600 611 1670 qui
650 1600 839 1669 injuria
867 1598 1231 1653 irascebantur
1261 1597 1388 1659 Deo,
1411 1595 1506 1649 sed
1531 1593 1672 1664 quod
1696 1594 1812 1662 ipso
1842 1593 1975 1657 Deo,

389 1694 479 1761 qui
516 1692 639 1762 jure
682 1691 837 1746 nobis
875 1688 1263 1750 succensebat,
1316 1695 1637 1756 provocante
1687 1700 1782 1739 nos
1819 1695 1979 1752 atque

390 1785 664 1846 invitante,
694 1798 794 1852 pax
820 1781 954 1836 facta
979 1783 1067 1835 sit.
1093 1780 1199 1835 Pro
1221 1779 1417 1834 Christo
1436 1780 1566 1832 enim
1589 1778 1835 1846 legatione
1854 1780 1977 1847 fun-

387 1876 573 1944 g'tnur,
601 1873 771 1942 inquit
806 1871 1123 1938 Apostolus.
1154 1880 1408 1938 tamquam
1432 1868 1542 1923 Deo
1572 1868 1864 1923 exhortante
1890 1882 1978 1936 per

388 1965 699 2038 nos(2.Cor.
723 1967 776 2021 5.
790 1963 1056 2032 20).Quid
1078 1961 1242 2018 istud?
1259 1962 1373 2032 ipse
1396 1969 1480 2017 est
1507 1960 1733 2016 violatus
1753 1958 1966 2028 injuria,

385 2068 443 2113 et
461 2060 577 2129 ipse
597 2057 662 2111 ad
689 2071 871 2126 pacem
896 2054 1112 2110 invitat?
1136 2052 1211 2108 Ita
1230 2067 1360 2108 sane
1380 2070 1393 2106 :
1416 2053 1610 2123 quippe
1623 2051 1711 2121 qui
1726 2051 1865 2105 Deus
1882 2051 1970 2116 sit;

392 2159 554 2218 atque
591 2148 662 2202 ob
698 2146 751 2201 id
773 2157 830 2200 ut
856 2146 1113 2216 benignus
1151 2152 1298 2213 pater
1326 2143 1568 2197 hortatur
1594 2151 1648 2196 et
1667 2140 1851 2195 allicit.

458 2240 689 2294 Christus
708 2237 956 2309 quomodo
985 2237 1249 2292 mediator.
1295 2265 1366 2276 --
1400 2234 1506 2290 Sed
1533 2234 1656 2290 vide
1688 2233 1813 2302 quid
1851 2247 1976 2302 aga-

388 2343 526 2387 tur:
571 2332 833 2387 mediator
880 2331 1060 2399 utique
1102 2338 1187 2383 est
1229 2327 1499 2382 invitantis
1537 2336 1592 2382 et
1642 2326 1974 2381 adhortantis

390 2424 580 2487 Filius,
612 2438 718 2477 non
747 2423 907 2475 homo
937 2434 1115 2490 purus,
1140 2434 1245 2473 non
1272 2419 1510 2489 angelus,
1543 2431 1717 2486 neque
1743 2416 1973 2473 archan-

389 2514 563 2583 gelus,
577 2528 749 2582 neque
760 2511 1075 2566 famulorum
1094 2510 1250 2564 ullus.
1271 2509 1337 2564 Et
1357 2507 1481 2579 quid
1503 2506 1974 2564 eilicitmediator?

384 2603 533 2673 Opus
562 2600 889 2657 mediatoris.
919 2597 1375 2666 Quemadmodum
1405 2597 1546 2652 enim
1572 2596 1779 2651 duobus
1802 2610 1862 2652 se
1885 2596 1971 2649 iu-

383 2699 556 2752 vicem
582 2693 968 2758 aversantibus,
999 2699 1054 2745 et
1077 2690 1144 2745 ad
1178 2688 1516 2745 concordiam
1539 2700 1829 2757 pacemque
1856 2701 1974 2743 mu-

384 2800 535 2843 tuam
573 2783 765 2841 adduci
794 2782 1093 2838 nolentibus
1120 2782 1174 2849 ί,
1205 2781 1392 2837 tertius
1421 2779 1680 2850 quispiam
1729 2778 1969 2846 veniens,

382 2890 440 2933 et
473 2891 532 2931 se
557 2874 790 2931 medium
826 2874 1189 2942 interponens,
1229 2875 1503 2939 utriusque
1537 2868 1863 2925 inimicitiam
1892 2868 1974 2924 di-

384 2967 485 3023 luit
511 2984 527 3023 :
557 2965 626 3021 ita
644 2975 705 3019 et
740 2963 985 3020 Christus
1010 2962 1135 3033 egit.
1165 2961 1333 3018 iratus
1372 2959 1633 3030 siquidem
1677 2958 1831 3013 nobis
1860 2966 1976 3015 erat

382 3057 550 3121 Deus,
574 3064 630 3110 et
670 3070 770 3110 nos
806 3053 972 3109 Deum
1009 3050 1443 3121 benignissimum
1489 3049 1771 3105 Dominum
1816 3063 1973 3104 aver-

380 3146 679 3209 sabamur;
708 3144 943 3199 medium
977 3143 1138 3213 igitur
1188 3156 1248 3197 se
1293 3141 1539 3197 Christus
1595 3141 1960 3210 interponens,

382 3246 665 3307 utramque
710 3243 951 3291 naturam
1007 3234 1390 3293 reconciliavit.
1430 3233 1536 3291 Sed
1573 3249 1680 3303 quo
1722 3242 1876 3303 pacto
1913 3249 1974 3289 se

381 3328 734 3384 mediatorem
775 3326 1089 3383 constituit?
1116 3325 1337 3382 Poenam
1371 3341 1491 3395 qum
1539 3325 1692 3381 nobis
1730 3340 1762 3379 a
1816 3325 1973 3379 Patre

384 3417 672 3488 inﬂigcnda
702 3425 839 3484 erat,
866 3416 917 3472 in
946 3431 1006 3474 se
1040 3416 1292 3485 suscepit,
1324 3415 1748 3485 suppliciumque
1766 3415 1972 3469 caelitus

384 3509 683 3565 immissum
704 3524 768 3565 ac
785 3508 1133 3565 contumelias
1160 3508 1214 3562 in
1236 3508 1339 3561 hoc
1358 3506 1557 3561 mundo
1574 3506 1845 3563 sustinuit.
1877 3505 1972 3561 Vis

384 3614 548 3655 nosse
564 3600 833 3669 quomodo
862 3611 1084 3668 utraque
1102 3598 1216 3668 ipse
1239 3597 1573 3669 susceperit?
1596 3595 1850 3661 Christus,
1874 3597 1965 3653 in-

384 3689 506 3759 quit
530 3687 841 3760 Apostolus,
857 3690 877 3719 ²
899 3705 995 3745 nos
1022 3688 1229 3745 redemit
1252 3688 1316 3742 de
1339 3688 1604 3742 maledicto
1641 3687 1784 3758 legis,
1809 3691 1972 3758 factus

386 3798 485 3851 pro
513 3782 653 3838 nobis
691 3783 1012 3837 nwledictum
1044 3780 1202 3853 (Gal.
1230 3782 1283 3836 '5.
1308 3781 1377 3838 15
1398 3782 1440 3851 ).
1466 3780 1654 3837 Vidisti
1680 3796 1786 3851 quo
1816 3790 1973 3851 pacto

390 3887 605 3942 pinnam
648 3872 854 3927 Cil'iillls
887 3873 1047 3927 latam
1092 3873 1208 3941 ipse
1255 3872 1590 3941 susceperit?
1644 3873 1766 3928 vide
1812 3874 1970 3933 etiam

387 3964 657 4034 quomodo
699 3965 981 4034 opprobria
1011 3964 1063 4019 in
1105 3965 1261 4022 terris
1302 3966 1651 4022 sustinuerit:
1685 3964 1973 4034 Opprobria

385 4056 802 4124 exprobrantium
822 4096 837 4121 ,
866 4055 1056 4123 inquit,
1082 4054 1190 4121 tibi,
1211 4054 1492 4110 ceciderunt
1517 4071 1668 4124 super
1699 4071 1778 4109 me
1799 4054 1972 4125 (Psal.

390 4148 481 4202 68.
512 4148 635 4218 10).
658 4147 843 4205 Cernis
870 4162 976 4217 quo
994 4155 1146 4214 pacto
1172 4146 1448 4203 diremerit
1474 4146 1804 4203 inimicitiam
1823 4148 1846 4202 ?
1865 4164 1971 4218 quo

391 4247 547 4305 pasto
573 4252 679 4291 non
723 4246 845 4291 ante
872 4237 1138 4292 destiterit
1174 4236 1390 4306 quidvis
1432 4252 1610 4306 agere,
1658 4238 1768 4308 pati
1815 4247 1975 4309 atque

391 4326 589 4394 moliri,
617 4343 772 4397 quam
796 4328 1002 4383 hostem
1033 4336 1088 4383 et
1117 4327 1387 4384 inimicum
1417 4342 1538 4382 cum
1566 4328 1677 4385 Deo
1703 4328 1975 4385 reduxerit

393 4420 443 4472 in
476 4421 718 4488 gratiam.
751 4420 818 4474 Et
858 4419 1083 4476 istorum
1116 4427 1381 4475 tantorum
1412 4420 1671 4475 bonorum
1709 4436 1868 4477 causa
1892 4431 1975 4477 est

395 4507 646 4577 hodierna
672 4510 787 4565 dies
811 4529 824 4565 :
856 4509 1301 4579 quemadmodum
1319 4510 1459 4565 enim
1483 4511 1742 4580 primitias
1768 4522 1974 4569 natura:

396 4610 593 4657 nostra;
630 4602 938 4672 assumpsit,
972 4603 1049 4659 sic
1094 4603 1324 4659 restituit
1351 4602 1594 4657 Domino.
1634 4602 1701 4658 Et
1739 4604 1880 4674 quod
1906 4603 1976 4658 de

336 4746 339 4749 .
392 4695 596 4764 campis
648 4693 840 4748 accidit
883 4694 1148 4764 spicarum
1193 4693 1396 4763 plenis,
1426 4693 1513 4748 ubi
1543 4694 1661 4763 quis
1700 4709 1768 4750 ex
1794 4696 1977 4766 paucis

391 4787 555 4856 spicis
568 4786 803 4843 collectis
825 4801 1048 4856 parvum
1074 4785 1400 4855 manipulum
1415 4785 1723 4852 conliciens,
1750 4802 1978 4856 eumque

395 4878 505 4934 Deo
518 4878 768 4945 oll‘crens,
795 4879 1054 4949 paucitate
1070 4878 1158 4932 illa
1182 4879 1273 4933 toti
1292 4893 1419 4933 arvo
1432 4877 1694 4933 benedicit
1714 4896 1728 4933 :
1745 4878 1813 4933 ita
1827 4879 1979 4934 Chri-

392 4979 510 5026 stus
534 4970 675 5037 fecit,
701 4970 791 5040 qui
822 4984 916 5039 per
939 4983 1096 5024 unam
1120 4969 1262 5023 illam
1288 4983 1501 5025 carnem
1526 4977 1687 5039 atque
1715 4970 1977 5038 primitias

396 5070 562 5115 totum
587 5075 755 5131 genus
784 5070 1024 5119 nostrum
1053 5059 1475 5115 benedicendum
1496 5060 1720 5115 curavit.
1749 5059 1856 5116 Sed
1880 5077 1978 5116 cur

397 5168 502 5210 non
547 5162 710 5209 totam
748 5161 991 5209 naturam
1018 5150 1245 5208 obtulit?
1277 5151 1355 5209 Eo
1384 5150 1526 5222 quod
1555 5166 1661 5207 non
1686 5151 1757 5206 sit
1778 5152 1880 5207 hoc
1900 5155 1980 5208 ol-

399 5246 536 5302 lerre
559 5246 815 5317 primitias
833 5284 851 5310 ,
882 5245 928 5300 si
974 5255 1142 5300 totum
1169 5245 1288 5314 quis
1307 5244 1495 5300 oli‘erat
1519 5263 1533 5300 :
1561 5245 1656 5300 sed
1685 5246 1732 5301 si
1758 5261 1977 5316 parvum

424 5361 478 5430 nl
515 5367 583 5411 ιω
606 5359 739 5422 negii
759 5357 939 5409 melius
952 5370 1098 5422 quam
1112 5356 1249 5416 Editi,
1271 5359 1357 5420 qui
1378 5356 1581 5417 habent,
1594 5354 1798 5420 colloqui
1819 5357 1981 5409 ualeri-

462 5484 483 5514 ¹
515 5491 652 5553 ueg,
676 5489 1041 5553 Penamgurnn
1080 5491 1170 5549 pro
1190 5477 1322 5553 nobis
1343 5477 1522 5553 solrere
1542 5478 1782 5553 oportebat
1816 5479 1979 5531 salva-

401 5540 621 5612 mrmﬁt
639 5540 691 5595 se
706 5540 930 5612 suscepit,
947 5540 1244 5604 Mariosque
1266 5547 1313 5611 et
1335 5540 1656 5612 contioneligs,
1672 5554 1877 5612 aratrum
1895 5555 1981 5593 nos

402 5604 628 5656 adtersus
655 5612 807 5654 Deum
836 5602 1117 5666 feceramus
1126 5602 1376 5666 reos,_ipse
1396 5602 1633 5653 sustinuit.
1682 5602 1760 5666 Vis
1792 5602 1980 5654 discere

403 5666 633 5726 quonwdo
653 5662 854 5723 utraque
874 5662 1153 5727 susceperit,
1181 5670 1233 5727 et»
1249 5662 1372 5714 hanc
1394 5676 1602 5727 pomum,
1626 5670 1671 5714 et
1709 5663 1796 5714 has
1815 5672 1979 5715 contu-

405 5725 566 5777 melias
582 5727 607 5778 .9
622 5726 855 5788 Christus,
879 5726 1032 5788 inquit
1054 5725 1310 5788 apostolus,
1338 5725 1434 5778 etc.

1365 302 1431 358 IN
1470 300 1937 359 ASCENSIONEM
1976 302 2040 357 D.
2081 302 2145 359 Ν.
2186 302 2351 361 JESU
2381 302 2673 361 CHRISTI.

3563 317 3668 373 446

2088 416 2288 486 aliquid
2315 418 2437 487 quis
2464 417 2712 483 offerens,
2749 434 2841 488 per
2866 435 3104 489 parvum,
3141 433 3308 481 totum
3350 428 3670 483 benetttcen~

2085 506 2213 561 dum
2238 517 2407 562 curet.
2438 509 2595 578 Atqui
2612 511 2656 563 si
2687 510 2932 578 primitiae
2956 552 2972 577 ,
2999 512 3140 571 dicet
3162 517 3445 586 quispiam,
3467 531 3668 587 essent,

2084 598 2312 665 primum
2340 599 2510 667 ipsum
2534 599 2798 654 hominem
2820 612 3152 669 procreatum
3179 605 3356 662 ol‘l'erri
3384 611 3617 677 oportuit
3647 626 3662 663 :

2083 688 2331 758 primitiae
2373 690 2515 744 enim
2562 698 2706 755 sunt,
2737 707 2856 761 quae
2890 694 3114 761 primum
3158 698 3446 765 tolluntur,
3478 710 3532 755 et
3559 704 3668 770 pri-

2084 792 2231 830 mum
2253 779 2570 847 germinant.
2602 780 2719 837 Non
2745 793 2868 837 sunt
2909 786 3154 852 primitiae
3177 790 3478 854 censenda,
3502 794 3668 845 caris-

2083 867 2239 933 sime,
2268 868 2312 922 si
2339 869 2566 938 primum
2615 871 2841 927 fructum
2868 874 3219 932 obtulerimus
3237 881 3427 935 exilem
3449 892 3504 937 et
3539 899 3670 937 eva-

2083 965 2415 1025 nescentem,
2431 959 2524 1014 sed
2553 961 2598 1016 si
2628 963 2847 1031 probum
2869 975 3027 1035 atque
3045 967 3336 1037 permotum
3358 971 3663 1028 olferamus.

2082 1047 2344 1114 Quoniam
2390 1051 2547 1119 igitur
2588 1051 2789 1109 fructus
2830 1056 2919 1109 ille
2948 1067 3167 1126 peccato
3216 1061 3476 1117 obnoxius
3525 1079 3663 1125 erat,

2085 1140 2206 1196 ideo
2230 1156 2336 1196 non
2366 1151 2448 1197 est
2466 1142 2697 1211 oblatus,
2727 1148 2885 1201 etiam
2914 1148 2960 1202 si
2996 1152 3197 1217 primus
3216 1162 3360 1208 esset
3385 1170 3403 1218 ;
3431 1163 3488 1209 at
3520 1154 3607 1209 hic
3635 1174 3666 1210 ει

2082 1240 2303 1299 peccato
2332 1232 2467 1286 liber
2494 1244 2647 1298 erat;
2681 1235 2905 1306 ideoque
2934 1239 3145 1294 oblatus
3171 1252 3277 1308 est,
3322 1244 3448 1300 licet
3481 1257 3662 1315 poste-

2082 1322 2194 1376 rius
2214 1323 2515 1380 exstiterit:
2539 1324 2622 1378 lue
2650 1327 2792 1381 enim
2817 1336 2941 1383 sunt
2966 1331 3234 1398 primitiae.

2151 1412 2203 1466 5.
2229 1411 2296 1469 Et
2324 1421 2381 1468 ut
2403 1414 2597 1476 discas,
2629 1432 2735 1471 non
2768 1419 2992 1486 primum
3018 1428 3403 1490 germinantem
3431 1426 3660 1482 fructum

2080 1504 2342 1573 primitias
2367 1505 2491 1571 dici,
2538 1506 2633 1562 sed
2664 1508 2965 1576 probatum,
3010 1527 3350 1581 generosum,
3394 1526 3448 1571 et
3472 1518 3560 1586 qui
3590 1519 3657 1571 ad

2080 1594 2314 1661 vigorem
2362 1604 2721 1664 opportunum
2768 1598 3248 1673 perfectionemque
3288 1608 3583 1673 perveniat,
3630 1626 3663 1663 θ

2082 1682 2372 1751 Scripturis
2420 1685 2511 1738 tibi
2539 1685 2847 1756 dcpromam
2879 1691 3239 1746 testimonium
3274 1709 3288 1747 :
3322 1695 3383 1749 Si
3407 1697 3661 1766 ingressus

2080 1776 2236 1846 fueris
2260 1776 2311 1829 in
2338 1786 2521 1831 terram
2542 1779 2907 1845 promissionis,
2929 1797 3078 1850 quant
3109 1782 3355 1839 Dominus
3382 1785 3519 1840 Deus
3547 1797 3663 1841 tuus

2079 1866 2169 1920 dat
2195 1866 2301 1932 tibi,
2339 1868 2547 1939 Moyses
2571 1868 2638 1924 ad
2668 1871 2920 1939 populum
2965 1873 3059 1938 ait,
3098 1882 3147 1927 et
3174 1874 3481 1945 plantaveris
3512 1879 3565 1931 in
3602 1897 3660 1931 ea

2078 1974 2227 2012 omne
2265 1958 2460 2028 lignum
2490 1961 2811 2031 pomiferum,
2845 1962 3036 2032 faciens
3079 1967 3302 2034 fructum
3346 1967 3414 2019 ad
3456 1984 3661 2022 vescen-

2078 2048 2222 2115 dum,
2258 2050 2415 2104 tribus
2441 2052 2589 2105 annis
2623 2068 2725 2108 non
2753 2054 3017 2108 mundabis
3059 2058 3283 2125 fructum
3309 2058 3417 2128 ejus
3439 2073 3459 2114 .'
3480 2072 3661 2128 quarto

2078 2151 2243 2193 autem
2268 2157 2404 2194 anno
2431 2142 2623 2212 fructus
2642 2143 2754 2212 ejus
2778 2153 2981 2199 sanctus
3009 2147 3101 2199 erit
3120 2145 3340 2201 Domino
3363 2148 3546 2219 (Leuit.
3569 2153 3658 2206 19.

2076 2228 2302 2298 23.24).
2333 2230 2493 2297 Atqui
2509 2231 2552 2284 si
2571 2240 2749 2286 essent
2777 2234 3021 2300 primitiae
3035 2236 3334 2306 primusqui
3355 2240 3661 2307 producitur

2077 2318 2300 2398 fructus,
2317 2336 2437 2376 eum
2457 2321 2544 2390 qui
2563 2322 2733 2391 primo
2747 2337 2887 2378 anno
2901 2328 3216 2381 nascebatur
3229 2328 3408 2383 olTerri
3438 2331 3661 2385 Domino

2075 2413 2375 2481 oportebat.
2403 2413 2551 2468 Nunc
2575 2429 2703 2468 vero
2728 2414 2802 2468 ait
2829 2433 2842 2469 :
2870 2414 3051 2469 Tribus
3093 2419 3241 2472 annis
3268 2437 3370 2473 non
3396 2421 3662 2476 mundabis

2077 2504 2297 2574 fructum
2339 2505 2449 2574 ejus
2474 2505 2608 2560 :sed
2648 2506 2914 2576 relinques
2959 2508 3142 2574 illum,
3196 2522 3473 2579 prepterea
3517 2514 3660 2582 quod

2073 2594 2297 2649 evanida
2323 2594 2498 2650 adhuc
2524 2605 2577 2650 et
2599 2595 2860 2651 imbecilla
2889 2608 2971 2652 est
2990 2599 3172 2665 arbor,
3212 2609 3266 2654 et
3290 2599 3492 2656 fructus
3517 2618 3658 2672 pra:-

2070 2699 2233 2740 ~coces
2258 2692 2313 2740 et
2339 2686 2628 2761 immaturi.
2672 2686 2871 2755 Quarto
2908 2698 3086 2744 autem
3130 2705 3292 2758 anno,
3324 2692 3511 2761 inquit,
3543 2693 3660 2748 fru-

2074 2784 2193 2830 ctus
2235 2774 2351 2846 ejus
2393 2759 2609 2833 sanctus
2652 2777 2756 2831 crit
2796 2777 3041 2833 Domino.
3081 2780 3149 2834 Et
3174 2781 3226 2834 in
3257 2781 3359 2837 hoc
3382 2759 3545 2839 cerne
3572 2800 3662 2838 sa-

2076 2865 2328 2935 pientiam
2369 2867 2706 2936 legislatoris,
2754 2870 2842 2938 qui
2886 2869 2977 2924 illo
3000 2871 3142 2925 vesci
3166 2887 3274 2926 non
3302 2874 3561 2941 permisit,
3593 2891 3661 2930 ne

2078 2968 2202 3012 ante
2228 2957 2394 3012 Deum
2425 2959 2701 3028 quisquam
2731 2958 2956 3014 fructum
2983 2973 3249 3018 sumeret:
3281 2980 3454 3035 neque
3481 2965 3661 3020 oll'erri

2076 3047 2223 3105 illum
2264 3048 2554 3115 mandavit,
2603 3066 2673 3105 ne
2710 3051 2909 3105 crudus
2953 3062 3006 3106 et
3045 3054 3361 3109 immaturus
3410 3055 3664 3112 oll'eratur

2077 3136 2324 3195 Domino:
2373 3138 2480 3194 Sed
2525 3139 2755 3205 dimitte,
2796 3140 2983 3212 inquit,
3027 3144 3148 3212 quia
3192 3144 3396 3214 primus
3441 3155 3561 3201 est:
3594 3164 3663 3202 ne

2076 3228 2269 3284 olferas
2291 3239 2489 3297 autem,
2516 3232 2765 3301 quoniam
2787 3232 3033 3302 indignus
3049 3244 3132 3289 est
3156 3234 3360 3292 honore
3383 3247 3664 3307 acceptan-

2082 3321 2172 3377 tis.
2203 3321 2365 3377 Vides
2392 3337 2520 3390 ergo
2545 3338 2650 3378 non
2681 3325 2909 3393 primum
2939 3324 3188 3392 fructum,
3216 3328 3304 3397 qui
3334 3330 3661 3397 producitur,

2075 3409 2169 3465 sed
2199 3410 2394 3465 bonum
2439 3420 2601 3481 atque
2643 3414 2922 3482 probatum
2967 3417 3224 3483 primitias
3245 3419 3373 3473 dici.
3401 3419 3469 3473 Et
3495 3422 3608 3474 haec
3631 3438 3659 3473 a

2076 3502 2230 3556 nobis
2248 3510 2463 3573 propter
2486 3519 2723 3570 carnem,
2749 3522 2908 3577 quam
2933 3507 3142 3573 obtulit,
3169 3509 3308 3564 dicta
3334 3520 3476 3566 sunt.
3499 3511 3664 3567 Obtu-

2076 3592 2288 3663 litergo
2316 3594 2391 3665 (a)
2418 3595 2678 3665 primitias
2723 3609 2920 3654 nostra:
2964 3608 3168 3654 naturae
3213 3600 3375 3667 Patri,
3406 3611 3565 3672 atque
3590 3602 3662 3656 ita

2074 3685 2274 3741 donum
2301 3687 2538 3743 oblatum
2567 3687 2858 3745 admiratus
2883 3699 2965 3747 est
2988 3691 3165 3757 Pater,
3190 3702 3402 3761 propter
3431 3693 3659 3763 dignita-

2076 3784 2183 3832 tem
2211 3777 2482 3833 oll‘erentis
2509 3778 2900 3851 puritatemque
2941 3783 3107 3851 ipsius
3136 3783 3321 3849 oblati,
3353 3793 3410 3838 ut
3433 3786 3663 3855 propriis

2077 3867 2204 3943 illud
2252 3869 2495 3923 manibus
2540 3871 2825 3940 acceperit,
2871 3872 3078 3941 sibique
3125 3875 3422 3940 proximum
3461 3876 3662 3928 consti-

2079 3961 2255 4027 tuerit,
2285 3960 2507 4017 dicens:
2539 3961 2674 4017 Sede
2693 3979 2725 4017 a
2750 3964 2941 4018 dextris
2956 3966 3078 4018 meis
3099 3963 3274 4034 (Psal.
3306 3966 3424 4023 109.
3450 3965 3530 4035 l).
3554 3964 3662 4021 Sed
3704 4006 3711 4011 .

2077 4050 2144 4105 ad
2170 4066 2327 4121 quam
2370 4050 2504 4107 dixit
2546 4061 2789 4108 naturam
2837 4054 3001 4119 Deus,
3047 4053 3181 4110 Sede
3228 4071 3261 4108 a
3287 4055 3476 4111 dextris
3503 4057 3667 4110 meis?

2076 4142 2438 4199 Clarissimum
2482 4152 2583 4210 est,
2631 4144 2698 4200 ad
2723 4160 2841 4201 eam
2885 4146 2987 4201 hoc
3015 4146 3235 4214 dictum,
3276 4163 3396 4217 quae
3425 4148 3662 4202 audivit:

2078 4235 2237 4290 Terra
2269 4253 2358 4303 es,
2403 4246 2448 4290 et
2489 4237 2543 4292 in
2570 4244 2755 4291 terram
2795 4237 3052 4292 reverteris
3078 4237 3230 4308 (Gen.
3254 4240 3308 4294 '5.
3337 4239 3448 4311 19).
3480 4238 3667 4295 Nonne

2078 4325 2208 4381 satis
2233 4334 2349 4381 erat
2373 4341 2626 4397 superare
2650 4327 2843 4382 caelos?
2867 4343 3044 4383 nonne
3070 4327 3201 4384 satis
3224 4337 3480 4384 eratcum
3505 4344 3664 4399 ange-

2081 4419 2147 4472 lis
2174 4419 2501 4474 consistere?
2542 4435 2609 4474 an
2652 4435 2758 4475 non
2800 4428 2943 4476 esset
2966 4422 3126 4477 etiam
3156 4421 3242 4477 hic
3285 4421 3666 4478 honosineli‘a-

2081 4506 2240 4563 bilis?
2285 4510 2355 4563 At
2395 4510 2634 4563 ascendit
2672 4526 2834 4580 super
2857 4511 3095 4581 angelos,
3125 4513 3412 4581 praeterivit
3438 4494 3688 4565 archan-i

2057 4599 2249 4668 .gelos,
2282 4600 2553 4668 superavit
2575 4598 2884 4664 Cherubim,
2915 4601 3154 4656 ascendit
3172 4615 3330 4670 supra
3360 4600 3665 4670 Seraphim,
3712 4644 3715 4649 .

2083 4701 2486 4760 praetergressus
2526 4700 2611 4748 est
2656 4692 2953 4748 Potestates
2982 4733 2998 4757 ,
3044 4707 3143 4749 nec
3210 4692 3360 4762 prius
3408 4693 3660 4760 substitit,

2081 4797 2238 4851 quam
2272 4781 2521 4837 thronum
2549 4781 2719 4853 ipsum
2749 4781 2963 4837 Domini
2990 4783 3418 4853 comprehendit.
3447 4783 3565 4839 Non
3588 4786 3670 4838 vi-

2080 4873 2176 4928 des
2204 4873 2329 4943 quid
2371 4872 2601 4928 medium
2625 4888 2656 4928 a
2686 4875 2817 4929 caelo
2843 4874 2910 4928 ad
2953 4875 3188 4929 terram?
3216 4874 3313 4930 sed
3336 4875 3404 4929 ab
3432 4875 3541 4931 imo
3570 4890 3669 4946 po-

2056 4965 2516 5036 .tiusincipiamus
2536 4982 2670 5021 :non
2691 4968 2840 5023 vides
2867 4967 2935 5022 ab
2956 4967 3163 5023 inferno
3189 4968 3253 5024 ad
3282 4977 3478 5023 terram
3508 4969 3671 5023 inter-

2083 5057 2277 5113 vallum
2303 5060 2595 5129 quantum?
2634 5074 2821 5115 rursus
2859 5074 2891 5114 a
2917 5068 3057 5116 terra
3084 5060 3139 5114 in
3177 5060 3401 5116 caelum?
3426 5075 3611 5115 rursus
3636 5074 3666 5112 a

2083 5148 2215 5205 caelo
2253 5149 2320 5205 ad
2364 5149 2554 5204 caalum
2597 5150 2891 5216 sublimius,
2934 5158 2991 5206 et
3029 5150 3097 5206 ab
3136 5151 3225 5205 illo
3252 5150 3317 5205 ad
3337 5151 3571 5219 angelos,
3602 5149 3670 5204 ad

2083 5239 2455 5310 ambangelos,
2500 5240 2565 5296 ad
2612 5255 2870 5310 supernas
2893 5241 3214 5309 Potestates,
3244 5241 3312 5296 ad
3340 5241 3512 5309 ipsum
3539 5254 3671 5311 quo-

2084 5344 2187 5400 que
2230 5330 2477 5386 thronum
2515 5333 2788 5402 regalem?
2816 5332 2985 5402 Supra
3013 5332 3115 5388 hoc
3141 5341 3310 5387 totum
3336 5330 3669 5386 intervallum

2084 5435 2149 5475 ac
2192 5422 2419 5490 spatium
2463 5430 2705 5477 naturam
2735 5431 2970 5478 nostram
3017 5422 3248 5480 sustulit.
3292 5421 3462 5476 Cerne
3509 5436 3668 5491 quam

2086 5513 2271 5569 humili
2301 5523 2424 5570 ante
2451 5515 2569 5569 loco
2611 5515 2698 5571 illa
2740 5523 2874 5582 erat,
2907 5523 2963 5570 et
3003 5529 3160 5585 quam
3189 5513 3296 5570 alte
3324 5513 3621 5571 ascenderit
3655 5530 3669 5568 :

2151 5667 2222 5732 (a)
2254 5674 2426 5718 locum
2453 5669 2599 5732 hunc.
2637 5668 2813 5721 obtulit
2843 5681 2973 5732 ergo,
3002 5677 3117 5730 etc,
3165 5676 3259 5720 Leo
3302 5677 3421 5732 rapa
3446 5667 3588 5719 elfert
3613 5666 3669 5716 ad

2087 5729 2267 5779 calcem
2294 5730 2510 5792 epistolae
2541 5731 2644 5781 151.
