4130 6470
455 318 555 375 “7

457 443 630 499 neque
676 426 817 482 enim
849 420 1175 480 descendere
1215 421 1451 474 licuisset
1479 415 1714 480 inferius,
1746 426 1904 481 quam
1933 423 2040 478 quo

460 518 809 575 descenderat
839 516 1020 581 homo,
1053 527 1224 581 neque
1244 509 1530 564 ascendere
1556 503 1854 568 sublimius,
1882 515 2041 570 quam

459 626 566 680 quo
600 625 722 663 eum
768 621 950 661 rursus
996 613 1247 659 evexerat
1292 600 1554 654 Christus.
1597 598 1769 664 Atque
1795 595 1894 647 ista
1923 607 2048 661 per-

462 702 643 768 Spicue
686 698 878 752 Paulus
909 696 1153 750 dicebat:
1189 693 1286 758 Qui
1328 688 1599 752 descendit,
1639 687 1747 756 ipse
1786 693 1856 736 est
1881 683 1968 752 qui
1997 690 2044 734 et

461 791 686 844 ascendit
713 788 922 860 (Ep/tes.
950 788 1002 840 4.
1024 786 1132 854 10).
1158 785 1344 851 thuo
1365 777 1666 835 descendit?
1693 775 1761 829 In
1783 774 2046 846 inferiores

467 893 634 951 partes
673 889 820 933 terra:
861 877 970 946 (Ib.
1003 891 1050 929 υ.
1082 875 1136 945 9)
1163 891 1176 937 ;
1206 872 1443 926 ascendit
1466 879 1642 923 autem
1674 882 1829 936 supra
1859 879 2046 919 omnes

463 972 648 1024 cados.
680 969 834 1023 Disce
855 969 972 1037 quis
996 964 1313 1024 ascenderit,
1337 971 1391 1015 et
1418 958 1716 1029 cujusmodi
1745 967 1952 1019 natura,
1981 969 2044 1009 ac

467 1059 908 1129 quemadmodum
953 1065 1108 1110 antea
1151 1069 1269 1107 sese
1317 1053 1578 1105 haberet:
1630 1049 1859 1102 libenter
1900 1045 2044 1099 enim

468 1165 654 1205 versor
679 1151 820 1205 circa
849 1148 1106 1203 vilitatem
1133 1145 1344 1215 generis
1371 1143 1555 1205 nostri,
1602 1150 1658 1195 ut
1698 1139 2045 1195 excellentius

467 1241 746 1306 honorem,
774 1241 861 1310 qui
892 1255 922 1292 a
955 1239 1275 1308 benignitate
1309 1235 1514 1289 Domini
1543 1233 1607 1286 ad
1635 1248 1732 1285 nos
1757 1231 2043 1297 derivatur,

467 1331 780 1401 perdisCam.
814 1330 974 1385 Terra
1001 1339 1055 1384 et
1097 1328 1232 1383 cinis
1273 1341 1485 1382 eramus
1528 1339 1623 1378 nos
1649 1342 1663 1379 :
1691 1323 1783 1378 sed
1813 1323 2046 1376 nondum

468 1422 571 1476 hoc
595 1423 784 1490 culpa:
815 1431 1018 1474 natura:
1045 1420 1187 1473 enim
1225 1417 1502 1471 inlirmitas
1537 1426 1670 1470 erat.
1712 1413 2046 1468 lrrationabi-

466 1512 605 1565 libus
628 1511 750 1564 facti
777 1524 964 1566 sumus
990 1509 1382 1577 insipientiores
1419 1525 1432 1561 :
1459 1505 1791 1574 Comparatus
1812 1514 1882 1557 est
1905 1504 2046 1558 enim

465 1603 701 1669 iumentis
747 1601 1093 1671 insipientibus
1130 1600 1298 1662 homo,
1343 1607 1389 1651 et
1424 1597 1602 1650 similis
1644 1601 1805 1665 factus
1849 1604 1920 1647 est
1945 1593 2050 1647 illis

465 1694 638 1762 (Psal.
691 1693 782 1748 48.
825 1691 946 1760 ﬁt).
1004 1690 1374 1745 Animantibus
1440 1697 1616 1741 autem
1660 1686 2050 1740 irrationalibus

467 1784 582 1836 fieri
613 1782 806 1836 similis
833 1781 935 1835 hoc
961 1790 1045 1834 est
1085 1779 1320 1833 deterior
1350 1778 1470 1830 illis.
1514 1776 1783 1845 Siquidem
1833 1777 2051 1828 rationis

467 1885 739 1943 expertem
762 1888 879 1927 esse
905 1882 1114 1937 natura,
1136 1879 1190 1924 et
1212 1871 1288 1923 sic
1315 1883 1644 1938 permanere,
1676 1866 1916 1920 naturale
1939 1874 2048 1919 est:

467 1965 564 2018 sed
595 1971 773 2017 mente
801 1976 863 2016 ac
901 1961 1106 2015 ratione
1137 1969 1352 2013 ornatos
1395 1959 1446 2012 in
1480 1959 1620 2010 illam
1647 1957 1930 2010 amentiam
1959 1955 2052 2008 de-

469 2056 596 2122 labi,
642 2057 926 2109 voluntatis
973 2062 1056 2107 est
1097 2053 1268 2120 culpa.
1303 2051 1483 2120 Itaque
1512 2065 1631 2104 cum
1656 2048 1886 2101 audieris
1910 2045 2050 2116 quod

467 2147 653 2200 similis
681 2144 850 2199 factus
875 2147 943 2198 sit
970 2144 1189 2197 rationis
1213 2142 1539 2211 expertibus,
1568 2155 1633 2194 ne
1659 2138 1930 2193 arbitreris
1952 2138 2054 2191 hoc

467 2239 666 2303 dicere,
713 2246 770 2291 ut
810 2236 1056 2290 ostendat
1099 2234 1341 2288 homines
1369 2248 1488 2287 esse
1531 2232 1718 2286 belluis
1749 2245 1921 2300 pares,
1957 2229 2053 2283 sed

469 2330 572 2382 illis
599 2327 806 2397 pejores
845 2326 1126 2382 ostendere
1171 2325 1423 2380 voluisse.
1472 2323 1681 2378 Etenim
1710 2321 1929 2375 rationis
1955 2335 2051 2375 ex-

469 2422 706 2490 pertibus
746 2420 1012 2474 evasimus
1057 2418 1264 2487 pejores
1308 2426 1362 2470 et
1389 2415 1698 2469 insulsiores
1725 2431 1739 2468 :
1769 2427 1875 2467 non
1912 2410 2055 2480 quod

469 2523 525 2565 ut
555 2512 797 2565 homines
823 2511 947 2564 illuc
974 2510 1174 2579 delapsi
1205 2509 1391 2573 simus,
1423 2518 1476 2560 at
1501 2506 1640 2576 quod
1661 2505 1822 2559 etiam
1849 2503 1916 2558 ad
1943 2518 2056 2557 ma-

466 2605 634 2672 jorem
678 2601 1102 2671 ingratitndinem
1149 2599 1554 2667 prosilierimus.
1604 2597 1671 2650 Et
1715 2597 1815 2650 hoc
1849 2593 2054 2666 patefa-

468 2693 614 2748 ciens
643 2694 804 2747 lsaias
828 2693 1034 2746 dicebat
1058 2709 1070 2745 :
1095 2689 1334 2761 Cognovit
1361 2689 1448 2743 bos
1469 2704 1799 2759 possessorem
1820 2705 1984 2752 suum,
2009 2695 2056 2741 et

469 2786 642 2839 asinus
678 2800 899 2854 prazsepe
931 2783 1122 2836 domini
1160 2783 1238 2836 sui
1256 2798 1276 2846 ;
1314 2780 1480 2835 Israel
1517 2790 1683 2833 autem
1718 2796 1798 2833 me
1825 2796 1924 2832 non
1965 2794 2054 2832 co-

471 2877 640 2948 gnovit
669 2875 820 2946 (Isai.
846 2876 898 2929 1.
929 2875 1003 2945 5).
1046 2874 1311 2928 Cat-terum
1354 2888 1459 2926 non
1486 2871 1870 2926 confundantur
1897 2884 2058 2940 super

474 2968 739 3038 prioribus
765 2984 777 3020 :
813 2966 909 3022 Ubi
936 2967 1077 3020 enim
1107 2965 1376 3018 abundavit
1401 2964 1658 3028 delictum,
1687 2961 2058 3032 superabunda-

473 3063 540 3113 vit
569 3071 617 3112 et
656 3060 818 3131 gratia
846 3058 1018 3128 (Ilom.
1049 3059 1103 3112 5.
1130 3056 1247 3128 20).
1287 3055 1473 3110 Vidisti
1513 3054 1778 3124 quomodo
1806 3054 2059 3123 jumentis

474 3152 863 3221 insipientiorcs
908 3163 1160 3204 eramus:
1190 3150 1339 3217 cupis
1382 3157 1437 3201 et
1465 3147 1763 3202 volucribus
1805 3147 1934 3216 ipsis
1961 3160 2060 3201 nos

475 3243 948 3297 irrationabiliores
981 3241 1258 3310 aspicere?
1289 3238 1497 3305 Turtur,
1531 3247 1577 3291 et
1604 3238 1840 3303 hirundo,
1871 3248 1915 3290 et
1944 3253 2060 3308 pas-

474 3350 608 3386 seres
634 3334 743 3403 agri
785 3343 1120 3402 cognoverunt
1159 3343 1354 3400 tempus
1401 3332 1640 3382 adventus
1686 3331 1763 3382 sui
1787 3344 1806 3382 :
1845 3330 2060 3399 populus

475 3435 642 3478 autem
686 3440 824 3477 meus
865 3440 964 3476 non
1007 3425 1236 3493 cognovit
1274 3423 1477 3492 judicia
1523 3438 1634 3474 mea
1677 3421 1810 3492 (Jer.
1857 3422 1911 3476 8.
1957 3422 2058 3492 7).

477 3515 618 3570 Ecce
661 3523 715 3569 et
760 3515 923 3569 asinis
961 3522 1017 3569 et
1063 3515 1252 3582 bobus,
1281 3530 1406 3569 ecce
1433 3523 1487 3568 et
1506 3514 1827 3578 volucribus,
1858 3523 2062 3568 turture

477 3615 636 3676 atque
680 3607 961 3660 hirundine
1007 3621 1105 3660 nos
1147 3606 1538 3674 insipientiores
1589 3604 1936 3659 ostendimur.
1971 3605 2062 3659 Vis

482 3697 689 3750 discere
734 3706 788 3750 et
834 3695 991 3748 aliam
1022 3705 1256 3749 nostram
1285 3694 1680 3762 insipientiam?
1710 3693 1790 3747 Ad
1816 3692 2063 3746 formicas

481 3803 694 3857 quoque
709 3801 825 3853 nos,
846 3797 899 3841 ut
921 3787 988 3839 ab
1009 3786 1071 3839 iis
1088 3787 1374 3850 discamus,
1405 3784 1644 3848 remittit;
1665 3785 1734 3837 ita
1770 3783 2064 3838 naturalem

483 3889 716 3932 mentem
738 3877 1112 3931 amiseramus:
1150 3875 1289 3928 Vade
1315 3876 1454 3928 enim
1481 3875 1549 3927 ad
1577 3874 1859 3946 formicam,
1875 3875 2063 3945 inquit,

481 3979 527 4024 et
546 3968 815 4023 considera
835 3968 940 4022 vias
958 3969 1068 4038 ejus
1085 3966 1265 4040 (Prov.
1283 3965 1428 4038 6.6).
1452 3965 1711 4022 Formica!
1734 3966 1854 4020 facti
1882 3981 2067 4022 sumus

484 4063 750 4132 discipuli,
766 4076 862 4116 nos
880 4062 968 4132 qui
995 4061 1059 4115 ad
1075 4061 1353 4131 imaginem
1374 4061 1466 4114 Dei
1488 4059 1608 4114 facti
1627 4075 1842 4115 eramus
1858 4079 1870 4115 :
1886 4070 1939 4114 at
1959 4076 2066 4115 non

487 4155 577 4225 qui
591 4171 687 4210 nos
707 4154 853 4218 fecit,
883 4163 964 4209 est
984 4165 1186 4218 auctor,
1201 4151 1296 4207 sed
1317 4167 1414 4206 nos
1432 4153 1529 4222 ipsi
1551 4153 1642 4221 qui
1659 4152 1936 4222 imaginem
1951 4152 2068 4221 ejus

486 4250 717 4303 retinere
747 4248 1032 4302 noluimus.
1069 4247 1134 4300 Et
1161 4246 1286 4316 quid
1311 4246 1430 4300 dico
1461 4246 1731 4300 formicis?
1759 4246 1866 4299 imo
1892 4245 2067 4315 lapidi.

487 4342 586 4395 bus
609 4341 737 4409 ipsis
783 4339 1101 4408 stupidiores
1124 4339 1404 4392 evasimus.
1441 4337 1600 4391 Visne
1643 4338 1832 4390 horum
1861 4352 2070 4406 quoque

487 4431 751 4502 proferam
777 4430 1172 4484 testimonium?
1201 4430 1383 4483 Audite
1401 4431 1650 4483 convalles
1675 4441 1719 4483 et
1742 4431 2071 4499 fundamenta

487 4536 668 4590 terrae;
707 4525 823 4592 quia
843 4523 1094 4593 judicium
1130 4521 1346 4575 Domino
1371 4522 1608 4574 adversus
1643 4522 1885 4592 pepulum
1923 4538 2072 4575 suum

489 4614 676 4682 (Mich.
718 4614 770 4668 6.
816 4613 895 4685 2).
923 4613 1054 4668 Cum
1102 4611 1404 4666 hominibus
1448 4611 1703 4682 judicium
1742 4626 1986 4674 exerces,
2017 4621 2071 4666 et

490 4721 646 4760 vocas
693 4705 1030 4761 fundamenta
1085 4705 1278 4759 teme?
1322 4704 1432 4758 lmo
1473 4719 1600 4758 vero
1629 4705 1797 4772 inquit
1824 4719 1838 4756 :
1868 4719 1987 4756 nam
2018 4714 2072 4757 et

489 4807 646 4852 terra:
691 4796 1046 4853 fundamentis
1091 4797 1390 4852 stolidiores
1431 4806 1555 4851 sunt
1598 4796 1861 4850 homines.
1901 4797 2070 4864 Quem

490 4907 620 4960 ergo
659 4891 831 4945 adhuc
883 4892 1077 4961 quaeris
1107 4893 1158 4945 in
1191 4891 1252 4944 iis
1279 4904 1558 4945 excessum
1603 4890 1834 4954 malitia},
1862 4889 2072 4958 quando

489 4996 544 5038 et
571 4983 734 5037 asinis
777 4983 1113 5052 stupidiores,
1161 4991 1215 5036 et
1258 4982 1428 5036 bobus
1473 4981 1972 5046 irrationabiliores,
2018 4991 2073 5037 et

491 5073 774 5129 hirundine
798 5087 861 5125 ac
886 5081 1090 5127 turture
1130 5075 1461 5144 ingratiores,
1503 5083 1556 5126 et
1581 5071 1815 5126 formicis
1851 5073 2072 5127 demen-

488 5168 674 5233 tiores,
705 5165 934 5236 ipsisque
956 5164 1216 5232 lapidibus
1259 5165 1597 5235 stupidiores,
1625 5165 1750 5233 quin
1776 5174 1830 5219 et
1855 5180 2072 5234 serpen-

489 5256 617 5310 tiutn
647 5257 846 5310 similes
873 5255 1182 5309 videamur?
1225 5253 1394 5308 Furor
1422 5257 1562 5310 enim
1602 5256 1722 5322 illis,
1765 5255 1951 5324 inquit,
1989 5273 2072 5308 se-

489 5349 710 5401 cundum
737 5347 1120 5401 similitudinem
1152 5349 1393 5417 serpentis
1417 5363 1434 5400 :
1454 5363 1692 5401 venenum
1721 5349 1955 5416 aspidum
1981 5349 2072 5401 sub

492 5439 635 5491 labiis
662 5457 832 5492 eorum
875 5440 1044 5510 (Psal.
1083 5441 1170 5494 57.
1197 5441 1249 5494 4.
1295 5451 1341 5494 et
1373 5443 1458 5496 13.
1483 5442 1561 5511 5).
1609 5441 1743 5509 Quid
1788 5452 1960 5496 autem
1991 5451 2072 5497 est

491 5546 625 5598 opus
649 5531 869 5586 rationis
893 5534 1188 5601 expertium
1234 5541 1502 5601 stuporem
1533 5543 1690 5601 atque
1729 5535 2070 5588 stoliditatem

492 5636 928 5688 commemorare,
962 5624 1171 5692 quando
1201 5633 1255 5678 et
1295 5624 1462 5692 ipsius
1492 5624 1685 5678 diaboli
1716 5624 1960 5680 videmur
1980 5627 2068 5680 lilii

494 5711 652 5766 dicti?
691 5711 790 5766 Vos
810 5713 972 5779 cnim,
999 5713 1185 5783 inquit,
1205 5715 1300 5783 ﬁlii
1330 5713 1516 5768 diaboli
1534 5715 1648 5770 estis
1672 5715 1850 5787 (Joan.
1877 5717 1927 5770 8.
1949 5719 2062 5788 4:2).

1143 310 1199 365 S.
1239 305 1514 363 JUANNIS
1548 295 2020 359 CHRYSOSTOMI
2062 290 2381 347 ARCHIEP.
2421 289 2954 347 CONSTANTINOP.

3615 296 3724 352 με

2221 405 2275 460 4.
2317 403 2693 459 Verumtamen
2723 418 2818 456 nos
2838 401 3028 471 stupidi
3050 410 3208 472 atque
3233 402 3445 473 ingrati,
3470 405 3733 476 insipien.

2152 504 2251 560 tes,
2275 503 2328 549 et
2353 494 2613 563 lapidibus
2657 493 2786 563 ipsis
2830 491 3268 559 insensibiliores,
3290 493 3379 562 qui
3409 497 3615 552 cunctis
3651 497 3733 552 iu-

2146 585 2370 642 feriores
2409 601 2621 642 eramus
2645 625 2659 650 ,
2705 584 3051 655 abjectissimi
3091 593 3252 655 atque
3305 585 3548 642 vilissimi
3581 605 3594 641 :
3631 605 3736 658 quo

2150 688 2306 748 pacto
2355 679 2526 734 dicam
2561 678 2659 751 (a),
2702 687 2793 732 aut
2843 677 2970 748 quid
3011 675 3250 747 eloquar,
3280 680 3549 748 quomodo
3597 681 3736 736 istud

2152 772 2371 827 verbum
2422 772 2682 828 eﬂ'eram?
2713 772 2976 826 Vilissima
3005 771 3092 825 illa
3132 781 3313 824 nostra
3365 781 3588 840 natura,
3614 789 3738 844 quae

2149 864 2354 917 cunctis
2381 863 2714 932 insipientior
2737 871 2870 926 erat,
2891 863 3095 916 cunctis
3123 871 3204 916 est
3228 861 3386 916 hodie
3405 862 3546 918 facta
3573 866 3740 920 subli-

2150 955 2306 1008 mior.
2334 954 2500 1008 Hodie
2537 965 2915 1023 recuperarunt
2955 954 3147 1022 angeli,
3178 954 3318 1023 quod
3363 954 3563 1010 dudum
3591 957 3737 1012 desi-

2149 1045 2510 1100 deraverant:
2545 1045 2701 1098 hodie
2744 1055 3064 1114 aspexerunt
3098 1045 3436 1114 archangeli,
3461 1047 3599 1115 quod
3647 1047 3742 1102 diu

2151 1137 2531 1206 concupierant
2553 1152 2567 1188 :
2587 1135 2745 1190 hodie
2761 1146 2992 1189 nostram
3018 1145 3257 1189 naturam
3281 1137 3347 1190 de
3366 1137 3556 1190 throno
3576 1140 3740 1208 regali

2151 1226 2372 1297 fulgoris
2402 1228 2568 1281 instar
2596 1227 3024 1296 resplendentem
3048 1228 3216 1298 gloria
3259 1236 3313 1281 et
3350 1228 3740 1297 pulchritudine

2152 1320 2440 1374 immortali
2467 1320 2734 1375 viderunt.
2764 1318 2820 1373 ld
2841 1319 2982 1374 enim
3013 1320 3179 1374 multo
3211 1329 3336 1374 ante
3365 1320 3740 1376 desiderabant

2152 1411 2347 1481 angeli,
2376 1420 2431 1465 et
2469 1411 2916 1479 concupiscebant
2953 1411 3281 1480 archangeli.
3313 1410 3442 1466 Nam
3481 1413 3602 1467 licet
3645 1427 3743 1468 cos

2155 1512 2339 1557 natura
2362 1502 2590 1556 humana
2615 1516 2874 1556 concesso
2899 1503 2998 1556 sibi
3029 1501 3232 1557 honore
3257 1515 3568 1572 superaret,
3599 1513 3741 1557 atta-

2154 1610 2276 1648 men
2298 1595 2366 1648 de
2389 1595 2540 1648 bouis
2566 1594 2761 1648 nostris
2791 1595 3124 1664 gaudebant:
3157 1610 3278 1648 nam
3307 1604 3361 1649 et
3380 1596 3590 1665 quando
3615 1611 3742 1651 cru-

2154 1687 2448 1750 ciabamur,
2501 1686 2787 1750 dolebant;
2823 1696 2876 1740 et
2914 1686 3038 1741 licet
3071 1687 3358 1741 Cherubin]
3411 1688 3745 1744 custodirent

2155 1779 2493 1848 paradisum,
2527 1780 2694 1832 vicem
2721 1788 2894 1834 tamen
2927 1789 3161 1833 nostram
3208 1780 3478 1835 dolebant.
3512 1782 3579 1835 Et
3606 1783 3746 1838 sicut

2156 1871 2417 1935 minister,
2441 1885 2755 1924 conservum
2788 1886 2854 1924 ex
2900 1871 3148 1926 mandato
3193 1872 3392 1926 domini
3439 1873 3742 1942 apprehen-

2163 1975 2280 2014 sum
2303 1971 2358 2015 et
2382 1962 2582 2014 carceri
2606 1962 2877 2026 traditum,
2908 1963 3141 2018 custodit
3180 1963 3427 2032 quidem,
3455 1967 3746 2019 commise-

2156 2053 2361 2106 ratione
2384 2063 2556 2106 tamen
2579 2053 2821 2107 conservi
2843 2053 3051 2116 ductus,
3073 2068 3234 2124 super
3257 2055 3345 2108 illo
3365 2055 3507 2124 quod
3528 2055 3742 2120 accidit,

2156 2140 2301 2195 dolet
2324 2150 2378 2195 et
2408 2143 2618 2212 angitur
2649 2159 2660 2194 :
2697 2143 2766 2196 ita
2804 2152 2859 2196 et
2901 2142 3187 2197 Cherubim
3239 2158 3584 2215 susceperant
3625 2149 3745 2217 qui-

2157 2233 2276 2288 dem
2304 2232 2708 2288 custodiendum
2754 2235 3078 2304 paradisum,
3110 2251 3174 2290 ac
3199 2236 3266 2290 de
3303 2238 3542 2293 custodia
3592 2238 3746 2294 dole-

2159 2323 2304 2378 bant.
2331 2325 2398 2378 Et
2424 2333 2478 2378 nt
2505 2325 2676 2378 discas
2706 2327 2847 2394 quod
2876 2327 3162 2392 doluerint,
3191 2328 3258 2382 ab
3284 2329 3589 2384 hominibus
3615 2331 3747 2386 illud

2165 2415 2260 2470 tibi
2291 2416 2626 2484 perspicuum
2655 2417 2893 2470 reddam.
2926 2417 3151 2484 Quando
3171 2420 3312 2472 enim
3349 2419 3590 2476 homines
3617 2437 3748 2476 con-

2159 2507 2328 2560 servis
2357 2507 2586 2575 compati
2610 2506 2757 2561 vides
2779 2547 2792 2569 ,
2817 2507 2926 2574 jam
2961 2523 3063 2561 non
3091 2509 3316 2577 amplius
3348 2510 3622 2565 dubitandi
3654 2513 3746 2566 tibi

2166 2597 2317 2650 locus
2346 2598 2663 2667 relinquitur
2687 2598 2754 2652 de
2780 2597 3066 2652 Cheruhim
3093 2614 3106 2650 :
3134 2599 3301 2653 multo
3327 2601 3466 2654 enim
3496 2611 3619 2655 sunt
3645 2602 3748 2656 illa:

2163 2697 2452 2756 potestates
2528 2688 2943 2758 indulgentiores
3009 2688 3334 2743 hominibus.
3389 2692 3521 2759 Quis
3589 2693 3748 2762 igitur

2159 2778 2424 2848 justorum
2457 2794 2560 2832 non
2581 2779 2768 2844 doluit,
2801 2794 2920 2833 cum
2949 2779 3090 2848 juste
3116 2782 3431 2849 punirentur
3469 2783 3747 2851 homines,

2162 2871 2322 2926 etiam
2351 2880 2473 2941 post
2493 2880 2740 2925 sexcenta
2770 2879 2987 2941 peccata
3013 2872 3035 2923 ?
3083 2871 3194 2926 lloc
3219 2874 3361 2926 enim
3397 2883 3479 2928 est
3517 2875 3747 2930 admira-

2163 2965 2307 3019 tione
2327 2964 2716 3034 dignissimum,
2735 2964 2878 3033 quod
2897 2979 3016 3019 eum
3047 2964 3256 3018 illorum
3280 2966 3480 3020 scelera
3509 2979 3746 3036 nossent,

2163 3055 2699 3125 atqueintelligercnt
2726 3055 2846 3109 illos
2876 3055 2927 3108 in
2963 3056 3241 3110 Dominum
3271 3055 3664 3122 olfendisse,ex
3686 3075 3750 3114 ea

2167 3156 2342 3201 tamen
2393 3162 2450 3201 re
2489 3147 2726 3201 dolorem
2755 3147 2934 3201 animo
2985 3148 3280 3216 capiebant.
3311 3147 3506 3218 Utique
3543 3150 3750 3221 Moyses

2166 3249 2286 3308 post
2312 3237 2486 3308 populi
2521 3238 2868 3291 idololatriam
2890 3237 3099 3292 dicebat
3131 3255 3142 3289 :
3177 3239 3278 3290 Aut
3307 3240 3503 3294 dimitte
3521 3241 3591 3294 eis
3617 3243 3747 3295 hanc

2165 3346 2349 3383 noxam
2373 3345 2392 3382 .'
2422 3329 2497 3381 sin
2529 3345 2674 3393 vero,
2713 3327 2824 3380 dele
2852 3329 3002 3381 etiam
3039 3344 3118 3380 me
3155 3330 3217 3382 de
3262 3330 3407 3394 libro,
3432 3347 3578 3399 quem
3623 3333 3749 3384 scri—

2167 3421 2308 3490 psisti
2340 3418 2531 3488 (Exod.
2562 3419 2649 3473 52.
2680 3419 2765 3473 51.
2789 3419 2919 3488 ⁸52).
2949 3419 3086 3484 Quid
3123 3421 3222 3474 sibi
3250 3421 3360 3474 vult
3401 3421 3575 3475 istud?
3604 3423 3752 3477 vides

2167 3511 2492 3580 impietatem
2535 3511 2830 3576 hominum,
2858 3519 2913 3564 et
2956 3511 3166 3565 illorum
3209 3511 3359 3566 doles
3395 3513 3752 3568 afﬂictiones?

2167 3602 2489 3672 Propterea,
2515 3602 2721 3672 inquit,
2761 3603 2939 3666 doleo,
2965 3612 3076 3656 tum
3120 3605 3242 3672 quia
3291 3606 3599 3673 puniuntur,
3644 3615 3750 3659 tmn

2169 3695 2291 3764 quia
2312 3694 2484 3764 jusus
2511 3696 2748 3763 prmbent
2776 3709 2888 3750 sua:
2923 3695 3212 3764 punitionis
3247 3711 3458 3751 causas.
3507 3697 3752 3752 Ezechiel

2168 3800 2380 3856 quoque
2419 3785 2684 3857 aspiciens
2738 3787 2982 3857 angelum
3035 3789 3420 3857 pereutientem
3475 3790 3748 3860 populum,

2170 3893 2361 3948 magna
2385 3879 2691 3934 exclamans
2718 3895 2850 3934 voce
2870 3896 2988 3935 cum
3031 3881 3230 3949 ejulatu
3251 3881 3383 3935 dixit
3411 3899 3422 3934 :
3456 3882 3571 3937 Heu
3592 3883 3714 3936 mihi
3737 3923 3753 3948 ,

2170 3970 2387 4025 Domine
2415 3971 2552 4024 Deus
2580 3986 2599 4025 :
2625 3973 3102 4025 consummationem
3143 3983 3198 4025 tu
3239 3974 3365 4042 facis
3420 3973 3755 4043 reliquiarum

2171 4061 2337 4116 Israel
2366 4061 2579 4135 (Ezech.
2607 4061 2659 4116 9.
2687 4061 2741 4131 8)
2765 4063 2788 4116 ?
2817 4063 2882 4116 Et
2913 4064 3176 4118 Jeremias
3211 4081 3223 4116 :
3256 4063 3466 4134 Corripe
3487 4081 3577 4118 nos
3599 4105 3615 4129 ,
3648 4063 3755 4118 Do-

2171 4155 2324 4220 mine,
2356 4166 2692 4210 verumtamen
2734 4157 2786 4208 in
2806 4155 3023 4226 judicio,
3052 4167 3096 4208 et
3122 4173 3222 4209 non
3262 4157 3315 4210 in
3345 4157 3518 4225 furore
3546 4168 3630 4210 tuo
3649 4198 3663 4217 .
3692 4175 3756 4213 ne

2171 4263 2263 4301 nos
2293 4247 2619 4317 paucissimos
2644 4246 2803 4314 facias
2833 4247 2850 4312 (
2867 4245 2978 4300 Jer.
3008 4248 3093 4301 10.
3114 4247 3185 4301 24
3211 4248 3249 4317 ).
3288 4248 3426 4317 Ergo
3447 4250 3489 4302 si
3509 4248 3712 4319 Moyses
3737 4291 3753 4312 ,

2174 4339 2441 4404 Ezechiel,
2469 4347 2628 4407 atque
2647 4338 2904 4393 Jeremias
2934 4354 3096 4405 super
3136 4339 3249 4392 istis
3281 4341 3470 4394 tristati
3503 4340 3616 4394 'si-nt
3645 4357 3658 4393 :
3687 4355 3753 4394 an

2174 4440 2465 4502 potestates
2496 4431 2598 4485 ilhc
2640 4431 2766 4484 nihil
2811 4433 3007 4485 nostris
3059 4434 3411 4486 movebantur
3461 4433 3658 4487 malis?
3689 4436 3756 4487 At

2174 4540 2274 4594 qua
2299 4527 2502 4580 ratione
2524 4524 2572 4578 id
2603 4532 2743 4577 esset
2766 4523 2867 4577 ulla
2884 4537 2948 4576 ex
2971 4530 3118 4591 parte
3138 4521 3429 4576 credibile?
3449 4523 3597 4591 Quod
3615 4523 3756 4578 enim

2175 4631 2261 4671 res
2289 4625 2498 4670 nostras
2527 4631 2620 4686 pro
2641 4616 2752 4668 suis
2779 4614 3004 4678 ducant,
3037 4614 3181 4669 disce
3208 4624 3461 4683 quantmn
3506 4614 3755 4684 gaudium

2175 4711 2538 4778 conceperint,
2566 4709 2807 4764 videntes
2847 4709 3002 4763 nobis
3035 4709 3376 4763 conciliatum
3430 4725 3548 4764 esse
3581 4710 3758 4763 Domi-

2177 4817 2324 4856 num.
2357 4801 2410 4856 Si
2437 4803 2576 4856 enim
2599 4810 2752 4854 antea
2782 4816 2888 4853 non
2919 4801 3232 4864 doluissent,
3268 4816 3372 4855 non
3399 4817 3528 4855 sane
3567 4816 3628 4856 ea
3669 4816 3758 4854 es-

2176 4905 2295 4948 sent
2325 4903 2504 4964 postea
2552 4893 2747 4948 laetitiae
2791 4895 3058 4964 voluptate
3108 4894 3356 4963 perfusae.
3389 4895 3538 4961 Quod
3582 4904 3757 4948 autem

2175 4987 2368 5054 gavisae
2413 4985 2538 5050 sint,
2565 4994 2708 5052 patet
2748 5001 2814 5039 ex
2843 4985 2906 5038 iis
2937 5003 3052 5054 qua:
3097 4996 3149 5040 et
3176 4985 3418 5039 Christus
3444 4988 3557 5055 ipse
3587 4986 3719 5040 dixit
3744 5003 3757 5038 :

2181 5077 2430 5143 Quoniam
2451 5077 2695 5146 gaudium
2737 5078 2829 5129 erit
2867 5077 2918 5130 in
2946 5076 3068 5130 caelo
3090 5118 3102 5142 ,
3132 5086 3186 5129 et
3229 5077 3280 5130 in
3315 5088 3454 5130 terra
3481 5093 3633 5145 super
3663 5094 3763 5131 uno

2179 5178 2438 5236 peccatore
2493 5167 2834 5235 paenitentiam
2873 5178 3048 5237 agente
3075 5167 3223 5238 (Luc.
3260 5167 3345 5221 15.
3375 5168 3452 5235 7).
3499 5168 3669 5222 Porro
3716 5169 3763 5223 si

2178 5276 2337 5313 unum
2380 5269 2718 5330 peccatorum
2766 5268 3163 5314 convertentem
3211 5273 3270 5314 se
3299 5259 3540 5315 videntes
3589 5261 3763 5329 angeli

2174 5351 2408 5420 gaudent
2438 5369 2449 5402 :
2476 5349 2743 5420 quomodo
2805 5349 2962 5404 hodie
3005 5365 3101 5418 per
3151 5350 3412 5418 primitias
3456 5352 3761 5404 universam

2178 5457 2419 5497 naturam
2448 5443 2732 5497 humanam
2778 5443 3094 5512 aspicientes
3121 5443 3173 5496 in
3197 5443 3383 5497 cadum
3416 5443 3760 5508 illatam,non

2178 5535 2408 5590 maximo
2443 5535 2636 5605 gaudio
2675 5537 2782 5589 sint
2831 5533 3200 5589 aliecti?Audi
3250 5533 3408 5603 igitur
3450 5543 3503 5588 et
3547 5533 3762 5588 aliunde

2243 5666 2317 5728 (η)
2353 5673 2483 5729 [tunc
2507 5667 2650 5715 etiam
2667 5664 2853 5729 locum,
2876 5677 2968 5725 quo
2988 5670 3127 5729 pacto
3144 5663 3321 5724 dicam,
3361 5674 3477 5723 etc.,
3502 5665 3637 5715 affert
3669 5671 3760 5716 Leo

2176 5726 2304 5790 l'apa
2319 5726 2376 5776 ad
2394 5727 2575 5777 calcem
2599 5728 2743 5790 Epist.
2771 5727 2876 5775 154.
