4130 6446
339 321 443 377 647

340 446 665 524 καταϐῆναι⁸
690 443 757 520 ἦν
808 449 1145 522 κατώτερον,
1189 440 1248 503 οὗ
1287 450 1493 520 κατέϐη
1539 453 1566 504 ὁ
1606 450 1913 523 ἄνθρωπος,

338 534 465 589 οὔτε
499 535 767 606 ἀναϐῆναι
792 537 1081 610 ἀνώτερον,
1129 533 1190 594 οὗ
1232 541 1505 612 ἀνήγαγεν
1542 541 1705 596 αὑτὸν
1733 542 1912 595 πάλιν.

340 627 457 681 Kal
499 627 673 682 ταῦτα
710 629 885 701 δηλῶν
939 632 967 684 ὁ
1010 631 1221 697 Παῦλος
1279 632 1464 702 ἔλεγεν
1490 650 1501 661 ·
1549 634 1606 687 '0
1653 634 1918 702 καταϐὰς

339 720 526 786 αὐτός
576 720 708 776 ἐστι
759 720 858 775 καὶ
888 725 920 777 ὀ
948 724 1193 790 ἀναϐάς.
1243 725 1351 780 Kal
1379 725 1483 780 ποῦ
1529 726 1777 802 κατέϐη;
1813 730 1919 793 Εἰς

338 806 416 864 τὰ
451 808 759 893 κατώτερα⁴
791 811 943 882 μέρη
982 812 1091 883 τῆς
1130 813 1264 884 γῆς,
1306 816 1399 869 καὶ
1444 816 1611 887 ἀνέϐη
1664 817 1919 888 ὑπεράνω

339 901 560 956 πάντων
580 901 690 955 τῶν
707 903 973 977 οὐρανῶν.
997 904 1146 958 Μάθε
1166 907 1248 969 τίς
1264 906 1451 978 ἀνέϐη,
1474 907 1507 978 ἡ
1535 908 1662 961 ποία
1680 908 1859 978 φύσις,
1881 911 1915 983 ἢ

337 995 461 1060 πῶς
476 994 582 1065 πρὸ
594 995 785 1049 τούτου
808 996 1127 1069 διακειμένη
1144 1017 1157 1031 ο
1187 999 1356 1072 ἡδέως
1378 1000 1486 1072 γάρ
1512 1001 1830 1076 ὲνδιατρίϐω
1850 1007 1916 1076 τῇ

337 1089 585 1161 εὐτελείᾳ
612 1088 709 1143 τοῦ
738 1090 927 1159 γένους
944 1092 1348 1167 τοῦἡμετέρου,
1369 1097 1457 1150 ἶνα
1484 1097 1601 1168 μεθ’
1618 1098 1918 1170 ὑπερϐολῆς

341 1184 503 1255 μάθω
528 1184 627 1257 τὴν
660 1187 825 1259 τιμὴν
852 1187 951 1271 τῂν
987 1188 1096 1243 ἀπὸ
1124 1190 1224 1260 τῆς
1258 1191 1663 1265 φιλανθρωπίας
1692 1194 1786 1249 τοῦ
1823 1197 1917 1247 Δε-

340 1277 560 1333 σπότου.
576 1278 653 1350 Γῆ
670 1278 762 1334 καὶ
779 1280 971 1345 σποδὸς
984 1276 1124 1352 ἦμεν
1148 1284 1307 1355 ἡμεῖς
1319 1301 1332 1315 ⁸
1350 1284 1463 1338 ἀλλ’
1478 1284 1629 1340 οὔπω
1654 1287 1811 1341 τοῦτο
1828 1288 1917 1359 ἔγ-

336 1370 551 1442 κλημα’
583 1371 682 1442 τῆς
725 1371 940 1441 φύσεως
964 1373 1072 1448 γάρ
1088 1369 1157 1445 ἦν
1194 1376 1225 1446 ἡ
1267 1375 1538 1430 ἀσθένεια.
1579 1378 1813 1446 Ἀλόγων
1839 1378 1916 1432 δι-

335 1463 597 1535 εκείμεθα
608 1464 978 1537 ἀνοητότερον’
995 1453 1507 1536 Παρασυνεϐλήθη
1521 1469 1628 1545 γὰρ
1649 1473 1680 1525 ὀ
1697 1456 1916 1541 ἅνθρω-

336 1569 455 1619 πος
488 1554 613 1621 τοῖς
640 1553 890 1621 κτήνεσι
926 1555 1049 1621 τοῖς
1070 1556 1370 1625 ἀνοήτοις,
1398 1560 1496 1613 καί
1518 1559 1781 1630 ὡμοιώθη
1805 1563 1913 1615 αὺ-

335 1646 484 1712 τοῖς.
506 1645 657 1719 [452]
676 1645 847 1701 Τοῦτο
874 1644 931 1701 δέ
967 1649 1133 1711 ἐστιν.
1152 1649 1360 1719 ἀλόγων
1390 1652 1631 1725 χείρονα,
1661 1651 1914 1723 γενέσθαι

335 1738 522 1809 ὅμοιον
540 1741 653 1805 τοῖς
673 1738 908 1809 ἀλόγοις.
930 1741 1004 1794 Τὸ
1024 1741 1123 1813 μὲν
1137 1742 1244 1814 γάρ
1265 1740 1403 1797 εἶναι
1418 1744 1611 1813 ἄλογον
1625 1745 1805 1814 φύσει,
1820 1749 1914 1801 καί

336 1829 523 1900 μένειν
542 1831 633 1885 am
661 1828 759 1902 τῆς
786 1831 1031 1900 ἀλογίας,
1053 1833 1154 1902 τῆς
1177 1828 1397 1903 φύσεως
1426 1835 1544 1888 ἐστί
1560 1851 1577 1869 ο
1608 1836 1669 1889 τὸ
1690 1836 1746 1889 δὲ
1771 1837 1913 1909 λόγῳ

333 1921 666 1993 τιμηθέντας
684 1922 827 1995 πρὸς
860 1924 1075 1996 ἐκείνην
1103 1924 1204 1995 τὴν
1229 1924 1413 1978 ἄνοιαν
1434 1931 1790 1991 καταπεσεῖν,
1813 1929 1913 2000 τῆς

334 2014 711 2086 προαιρέσεώς
752 2017 902 2069 ἐστιν
958 2015 1234 2089 ἔγκλημα.
1288 2020 1454 2073 Ὥστε
1492 2020 1619 2074 ὅταν
1647 2021 1908 2093 ἀκούσῃς,

332 2109 417 2163 ὅτι
444 2107 705 2179 ὡμοιώθη
734 2111 849 2172 τοῖς
870 2109 1108 2179 ἀλόγοις,
1144 2112 1219 2181 μὴ
1253 2112 1504 2184 νομίσῃς,
1541 2115 1621 2167 ὅτι
1648 2113 1757 2166 τῶν
1790 2112 1912 2167 ἁλόσ

332 2216 449 2268 γων
478 2199 626 2264 ἴσους
648 2198 818 2265 δεῖξαι
844 2202 971 2264 τοὺς
995 2200 1346 2273 ἀνθρώπους,
1382 2203 1498 2257 ἀλλ’
1537 2205 1619 2258 ὅτι
1644 2205 1913 2259 κάκείνων

332 2292 553 2364 χείρους
572 2292 849 2362 ἀποφῆναι
870 2292 1214 2364 βουλόμενος,
1237 2293 1397 2347 τοῦτο
1426 2296 1638 2365 εἴρηκε.
1671 2296 1781 2350 Kal
1805 2296 1914 2369 γὰρ

332 2381 441 2436 τῶν
473 2381 687 2449 ἀλόγων
715 2379 1016 2451 ἐγενόμεθα
1041 2380 1258 2452 χείρους
1297 2382 1391 2434 καὶ
1427 2382 1871 2453 ἀναισθητότερω
1894 2424 1910 2448 ,

331 2476 432 2546 οὑχ
467 2473 551 2527 ὅτι
577 2471 857 2543 ἄνθρωποι
890 2472 1044 2536 ὄντες
1067 2474 1186 2525 ἐκεῖ
1228 2472 1638 2543 κατεπέσομεν,
1682 2474 1801 2528 ἀλλ’
1831 2476 1913 2530 ὅτι

331 2567 428 2621 καὶ
458 2565 595 2637 πρὸς
630 2564 852 2633 μείζονα
872 2562 1155 2634 ἡλάσαμεν
1172 2564 1587 2634 ἀγνωμοσύνην.
1621 2564 1732 2618 Kal
1755 2564 1915 2622 τοῦτο

329 2655 507 2728 δηλῶν
546 2656 773 2718 Ἡσαΐας
798 2653 1012 2723 ἔλεγεν·
1060 2656 1253 2724 Ἔγνω
1274 2654 1433 2721 ⁴βοῦς
1470 2655 1577 2709 τὸν
1613 2657 1912 2728 κτησάμεο

330 2768 464 2815 νον,
507 2749 605 2803 καί
666 2747 809 2813 ὄνος
860 2745 976 2814 τὴν
1004 2734 1244 2815 φάτνην
1288 2745 1393 2799 τοῦ
1435 2746 1644 2814 κιφίου
1687 2732 1908 2804 αὐτοῦ’

344 2841 583 2911 Ἰσραὴλ
602 2840 671 2894 δέ
681 2856 758 2910 με
787 2842 900 2894 οὐκ
919 2837 1092 2907 ἔγνω.
1124 2835 1290 2891 Ἀλλά
1318 2836 1393 2908 μὴ
1413 2837 1798 2910 αἰσχυνώμεθα
1822 2842 1913 2896 ἐπὶ

328 2939 445 3000 τοῖς
487 2933 806 3007 προτέροις·
858 2928 940 2988 Οὗ
987 2931 1097 3003 γὰρ
1133 2917 1509 2984 ἐπλεόνασεν
1546 2932 1584 3001 ἡ
1635 2934 1910 3003 ἁμαρτία,

328 3023 923 3094 ὑπερεπερίσσευσεν
941 3023 976 3091 ἠ
1000 3020 1193 3091 χάρις.
1212 3015 1364 3085 Εἶδες
1391 3021 1511 3086 πῶς
1548 3010 1655 3094 τῶν
1701 3024 1913 3097 κτηνῶν

328 3123 645 3194 ὀλιγώτεροι
672 3116 817 3193 ἦμεν
840 3139 854 3152 ·
884 3119 1064 3191 βούλει
1102 3118 1198 3174 καλ⁸
1220 3119 1326 3174 τῶν
1354 3120 1616 3174 πετεινῶν
1639 3107 1910 3192 ἀλογωτέ-

332 3238 461 3294 ρους
498 3220 646 3291 ἡμᾶς
682 3219 845 3284 ίδείν;
885 3216 1121 3286 Τρυγὼν
1166 3215 1264 3270 καὶ
1302 3216 1580 3285 χελιδὼν,
1626 3220 1912 3287 στρουθία

328 3316 516 3387 ἁῃροῦ
531 3318 807 3387 ἔγνωσαν
824 3312 1071 3383 καιροὺς
1094 3312 1336 3367 εἰσόδου
1363 3313 1563 3367 αὐτῶν
1582 3332 1594 3345 ·
1621 3318 1653 3369 ό
1670 3315 1739 3369 δὲ
1762 3318 1913 3383 λαός

327 3433 445 3486 μου
475 3418 586 3470 οὐκ
625 3413 903 3483 ἔγνωσαν
934 3412 1006 3467 τὰ
1033 3410 1287 3481 κρίματά
1318 3429 1458 3481 μου.
1505 3412 1636 3469 ’1δοὺ
1682 3414 1776 3468 καὶ
1803 3414 1912 3469 τῶν

326 3516 469 3569 ϐνων
497 3512 590 3566 καὶ
616 3513 725 3565 τῶν
755 3510 915 3582 βοῶν,
943 3511 1054 3564 ίδοὺ
1086 3511 1179 3564 καὶ
1205 3509 1314 3563 τῶν
1336 3509 1621 3574 πετεινῶν,
1650 3513 1753 3581 τῆς
1788 3530 1915 3584 τρυ-

327 3612 489 3681 γόνος
533 3608 627 3663 καὶ
674 3610 776 3680 τῆς
807 3608 1080 3678 χελιδόνος
1122 3610 1287 3679 ἡμεῖς
1329 3608 1681 3681 ἀλογώτεροι.
1724 3611 1910 3667 Βούλει

332 3709 527 3782 μαθεῖν
573 3707 744 3778 ἀλλην
792 3705 1149 3778 ἀναισθησίαν
1199 3706 1393 3779 ἡμῶν;
1440 3707 1562 3761 Τῶν
1603 3712 1911 3783 μυρμήκων

328 3808 478 3879 ἡμᾶς
508 3807 653 3860 ποιεί
680 3803 958 3875 μαθητάς·
991 3803 1168 3867 οὑτως
1215 3803 1582 3874 ἀπωλέσαμεν
1619 3805 1720 3869 τὰς
1771 3807 1909 3861 κατά

328 3903 491 3974 φύσιν
521 3903 725 3974 φρένας
744 3917 758 3930 ·
777 3902 1102 3969 Πορεύθητι
1125 3898 1257 3970 γάρ,
1277 3902 1430 3971 φησὶ,
1460 3901 1611 3969 πρὸς
1639 3904 1747 3956 τὸν
1761 3906 1909 3973 μύρ-

324 4012 510 4071 μηκα,
532 3997 631 4052 καί
675 3993 950 4066 ζήλωσον
984 3996 1094 4060 τὰς
1130 3995 1312 4063 ὀδοὺς
1342 3996 1549 4050 αὐτοῦ.
1585 3997 1909 4069 Μυρμήκων

327 4093 629 4167 ἐγενόμεθα
662 4093 933 4165 μαθηταὶ,
961 4095 1010 4146 οἰ
1040 4093 1162 4146 κατ’
1194 4091 1380 4145 εἰκόνα
1424 4080 1561 4145 Θεοὺ
1601 4093 1905 4164 γενόμενοι.

339 4190 481 4244 Ἀλλ’
519 4191 618 4260 οὑχ
645 4192 674 4243 ὁ
707 4192 941 4259 ποιήσας
972 4188 1165 4252 αἴτιος,
1198 4188 1310 4244 ἀλλ’
1336 4190 1500 4259 ἡμεῖς
1523 4187 1597 4260 μὴ
1627 4188 1909 4259 μείναντες

326 4290 421 4342 ἰπὶ
443 4282 544 4358 τῆς
574 4288 802 4350 εἰκόνος.
824 4287 936 4340 Καὶ
965 4285 1018 4340 τί
1044 4284 1187 4354 λέγω
1220 4287 1554 4357 μυρμήκων;
1590 4284 1756 4340 λίθων
1786 4289 1907 4357 ὲγε-

324 4385 531 4458 νόμεθα
571 4376 1035 4456 ἀναισθητῶεροι.
1088 4377 1275 4435 Βούλει
1306 4380 1401 4435 καί
1441 4382 1646 4435 τούτων
1672 4384 1908 4453 παράγω

324 4484 429 4555 τὴν
462 4464 805 4554 μαρτυρίανς
836 4472 1490 4547 ’Δκούσατεφάραγγὲς
1511 4479 1611 4533 καί
1640 4479 1712 4535 τὰ
1740 4478 1908 4551 θεμέ-

313 4581 429 4631 ,ιια
456 4576 566 4646 τῆς
588 4568 720 4646 γῆς,
755 4574 844 4629 ὅτι
867 4569 1066 4644 κρίσις
1089 4568 1169 4639 τῷ
1192 4575 1386 4643 Κυρίῳ
1421 4573 1571 4642 πρὸς
1620 4573 1729 4629 τὸν
1752 4577 1907 4632 λαὸν

326 4673 532 4729 αὑτοῦ.
564 4673 707 4744 Πρὸς
736 4664 1051 4744 λινθρώπους
1071 4666 1287 4743 δικάζῃ,
1318 4667 1413 4725 καὶ
1451 4669 1523 4725 τὰ
1548 4664 1776 4744 θεμέλια
1809 4675 1907 4747 τῆς

325 4770 431 4841 γῆς
458 4769 677 4836 καλεῖς;
708 4766 837 4833 Ναὶ,
875 4768 1009 4840 φησί
1033 4785 1045 4798 ·
1088 4768 1195 4821 τῶν
1220 4769 1326 4839 γὰρ
1370 4763 1636 4840 θεμελίων
1674 4770 1775 4839 τῆς
1803 4772 1906 4843 γῆς

326 4864 774 4937 ἀναισθητότεροί
802 4868 939 4919 εἰσιν
967 4866 1017 4918 οί
1049 4864 1349 4935 ἀνθρωττοι.
1383 4866 1551 4919 Ποίαν
1585 4861 1679 4920 οὑν
1701 4867 1781 4920 ἔτι
1812 4868 1907 4940 ζη-

322 4963 439 5024 τεῖς
477 4959 783 5033 ὑπερϐολὴν
813 4961 1034 5025 κακίας,
1063 4961 1192 5015 ὅταν
1217 4962 1310 5014 καὶ
1338 4954 1477 5015 δνων
1520 4954 1906 5032 ἀναισθητότε-

326 5099 435 5153 ροι,
469 5079 563 5133 καὶ
587 5079 723 5151 βοῶν
745 5077 1099 5151 ἀλογώτεροι,
1125 5080 1221 5133 καὶ
1240 5079 1509 5150 χελιδόνος
1528 5081 1624 5134 καί
1644 5081 1904 5152 τρυγόνος

324 5178 817 5249 ἀγνωμονέστερα,
861 5177 959 5232 καὶ
999 5177 1307 5247 μυρμήκων
1340 5177 1764 5249 ἀσυνετώτεροι.
1810 5181 1906 5233 καὶ

327 5273 491 5328 λίθων
519 5273 984 5345 ἀναισθητότεροι,
1018 5275 1114 5327 καὶ
1153 5273 1330 5341 ὄφεων
1380 5273 1484 5329 ι’σοι
1538 5274 1902 5347 φαινώμεθα;

330 5370 527 5439 Θυμὸς
552 5369 662 5441 γὰρ
688 5369 892 5436 αὐτοῖς
916 5409 932 5434 ,
964 5368 1099 5439 φησί
1124 5408 1139 5433 ,
1168 5369 1318 5425 κατὰ
1344 5369 1463 5439 τὴν
1489 5372 1773 5441 ὁμοίωσιν
1798 5372 1906 5426 τοῦ

325 5464 550 5535 ὄφεως·
585 5465 676 5531 ἰὸς
706 5466 981 5520 ἀσπίδων
1002 5465 1121 5520 ὑπὸ
1144 5464 1216 5520 τὰ
1251 5466 1425 5535 χείλη
1451 5466 1671 5521 αὐτῶν.
1712 5469 1823 5522 Kal
1853 5471 1906 5523 τί

326 5563 435 5635 χρὴ
462 5562 644 5631 λέγειν
665 5562 775 5615 τῶν
801 5562 1013 5632 ἀλόγων
1059 5563 1159 5635 τὴν
1197 5563 1577 5634 ἀναισθησίαν,
1634 5565 1762 5619 ὅταν
1809 5570 1905 5621 καὶ

323 5659 492 5714 αὑτοῦ
523 5658 619 5713 τοῦ
650 5658 902 5731 διαϐόλου
954 5658 1275 5731 φαινώμεθα
1326 5660 1493 5716 τέκνα
1536 5661 1899 5734 καλούμενοι;

331 5772 531 5848 ’Υμεῖς
567 5774 697 5848 γὰρ,
724 5777 910 5847 φησὶν,
942 5775 1061 5830 υἱοί
1085 5776 1190 5831 τοῦ
1216 5777 1499 5835 διαϐόλου
1523 5779 1683 5836 ἐστέ.

650 5869 918 5931 ΡΑτιιοι.
967 5867 1085 5929 Gn.
1144 5868 1213 5930 L.

1297 325 1364 380 IN
1399 321 1880 383 ASCENSIONEM
1918 322 1981 377 D.
2023 323 2089 379 N.
2129 324 2294 381 JICSU
2331 326 2627 383 CHRISTI.

3491 332 3595 389 ιιε

2092 444 2154 498 δ’.
2183 444 2323 498 Ἀλλ’
2354 447 2504 517 ὅμως
2527 449 2688 518 ἡμεῖς
2709 450 2757 500 οἰ
2780 447 3100 520 ἀναίσθητοι
3123 447 3219 503 καὶ
3257 446 3591 521 ἀγνώμονες,

2019 551 2068 602 οί
2106 549 2344 622 ἀνόητοι,
2377 554 2426 606 οἰ
2455 549 2565 605 τῶν
2600 552 2763 606 λίθων
2798 553 3265 624 ἀναισθητότεροι,
3298 536 3347 606 οί
3380 552 3596 609 πάντων

2019 656 2343 728 κατώτεροι,
2362 659 2410 710 οἰ
2439 658 2645 729 ἄτιμοι,
2676 660 2725 711 οί
2761 656 3159 713 εὑτελέστατοι·
3191 657 3309 722 πῶς
3335 656 3509 725 eiu-tm;
3542 657 3596 711 τί

2018 760 2269 832 λαλήσω;
2315 761 2431 825 πῶς
2482 761 2753 828 ὲξενέγκω
2785 762 2846 815 τὸ
2893 762 3047 833 ῥῆμα
3091 761 3282 829 τοῦτο;
3315 762 3534 833 ἡφύσις
3559 763 3595 833 ἡ

2019 864 2262 936 εὐτελὴς,
2308 868 2341 935 ἡ
2390 865 2611 919 πάντων
2640 865 3045 935 ἀσυνετωτέρα,
3090 866 3307 920 πάντων
3345 867 3594 937 ἀνωτέρα

2018 969 2212 1039 γέγονε
2238 970 2494 1043 σήμερον.
2537 968 2784 1044 Σήμερον
2806 972 3080 1027 ἀπέλαϐον
3105 972 3346 1041 ἄγγελοι,
3366 971 3395 1025 δ
3424 972 3594 1027 πάλαι

2018 1066 2247 1121 ἐπόθουν
2272 1084 2286 1100 ο
2320 1070 2560 1141 σήμερον
2582 1067 2720 1123 εἶδον
2741 1069 3093 1141 άρχάγγελοι,
3124 1070 3153 1124 δ
3195 1069 3363 1123 πάλαι
3403 1068 3594 1122 ὲπεθύλ

2021 1177 2174 1233 μουν,
2198 1162 2295 1235 τὴν
2324 1164 2486 1234 φύσιν
2512 1163 2611 1235 τὴν
2633 1166 2913 1236 ἡμετέραν
2928 1164 3035 1218 ἀπὸ
3052 1164 3147 1218 τοῦ
3176 1165 3367 1236 θρόνου
3396 1165 3595 1235 ἀστράδ

2017 1254 2255 1313 πτουσαν
2283 1258 2377 1313 τοῦ
2403 1259 2706 1331 βασιλικοῦ,
2730 1259 2854 1332 δόξῃ
2882 1260 2976 1313 καὶ
3021 1260 3209 1314 κάλλει
3252 1259 3403 1332 [455]
3446 1260 3594 1314 στίλὲ

2017 1350 2215 1409 ϐουσαν
2238 1355 2510 1426 ἀθανάτῳ.
2535 1355 2706 1409 Τοῦτο
2733 1356 2841 1426 γάρ
2861 1355 3026 1409 πάλαί
3069 1355 3296 1409 ἐπόθουν
3333 1355 3590 1426 ἄγγελοι,

2014 1452 2175 1506 τοῦτο
2195 1446 2303 1524 γάρ
2335 1450 2503 1507 πάλαι
2541 1450 2849 1523 ἐπεθύμουν
2874 1453 3220 1523 ἀρχάγγελοι.
3271 1454 3335 1506 Εἰ
3362 1452 3472 1524 γάρ
3498 1457 3593 1507 καὶ

2017 1551 2374 1622 ὑπερέϐαινεν
2411 1538 2610 1614 αὑτοὺς
2639 1553 2672 1622 ἠ
2705 1548 2857 1621 τιμὴ,
2904 1548 3018 1602 ἀλλ’
3048 1550 3197 1620 ὅμως
3246 1549 3460 1619 ἔχαιρον
3498 1550 3594 1603 καὶ

2015 1649 2110 1702 ἐπὶ
2139 1650 2254 1712 τοῖς
2282 1647 2575 1720 ἡμετέροις
2603 1646 2827 1715 ἀγαθοῖς
2854 1659 2869 1675 '
2897 1642 2992 1698 καὶ
3016 1644 3126 1716 γάρ
3146 1645 3234 1698 ὅτε
3264 1644 3593 1717 ὲκολαζόμε-

2016 1741 2106 1808 θα,
2128 1742 2359 1814 ἡλγουνο
2396 1743 2445 1795 εἰ
2477 1742 2588 1814 γὰρ
2618 1739 2712 1797 καὶ
2765 1738 3030 1811 ἐφύλαττε
3076 1740 3146 1793 τά
3194 1741 3475 1814 Χερουϐὶμ
3502 1742 3593 1796 τδν

2016 1838 2364 1910 παράδεισον,
2389 1838 2504 1893 ἀλλ’
2538 1839 2687 1909 ὅμως
2716 1838 2935 1910 ἡλγουν.
2970 1837 3081 1889 Kal
3104 1838 3354 1910 καθάπερ
3376 1836 3593 1908 οἰκέτης

2018 1935 2300 1991 σύνδουλον
2323 1934 2504 1990 λαϐὼν
2527 1938 2607 1998 εἰς
2639 1934 2909 2005 φυλακὴν,
2932 1933 3021 1990 διὰ
3056 1934 3118 1987 τὸ
3145 1933 3474 2005 πρόσταγμα
3497 1934 3591 1987 τοῦ

2013 2030 2274 2086 δεσπότου
2306 2034 2565 2101 φυλάττει
2596 2034 2693 2103 μὲν
2732 2031 2824 2085 τὸν
2857 2031 3169 2096 σύνδουλον,
3216 2030 3374 2100 ἀλγεῖ
3418 2030 3475 2083 δὲ
3499 2016 3594 2083 ἐπί

2012 2129 2091 2200 τῷ
2114 2130 2385 2201 γινομένῳ
2411 2129 2502 2183 διά
2531 2130 2630 2203 τὴν
2657 2129 3002 2200 συμπάθειαν
3031 2128 3128 2200 τὴν
3166 2131 3297 2199 περὶ
3334 2128 3425 2183 τὸν
3464 2129 3594 2199 ὁμό-

2012 2226 2197 2283 δουλον
2222 2241 2235 2256 ·
2268 2225 2413 2280 οὕτω
2442 2227 2537 2280 καὶ
2561 2228 2631 2280 τὰ
2652 2224 2935 2297 Χερουϐὶμ
2966 2224 3127 2278 ἔλαϐε
3172 2226 3271 2295 μὲν
3303 2222 3592 2294 φυλάττειν

2012 2323 2105 2377 τὸν
2126 2323 2476 2394 παράδεισον,
2508 2323 2663 2395 ἡλγει
2691 2322 2748 2375 δὲ
2785 2322 2936 2391 ὅμως
2963 2320 3057 2373 ἐπὶ
3087 2324 3152 2391 τῇ
3199 2321 3436 2392 φυλακῇ.
3485 2323 3593 2373 Kal

2016 2421 2104 2477 ἵνα
2127 2422 2306 2493 μάθῃς
2332 2422 2414 2474 ὅτι
2440 2421 2619 2493 ἡλγει,
2660 2420 2769 2473 ἀπὸ
2796 2419 2905 2472 τῶν
2945 2417 3251 2489 ἀνθρώπων
3303 2434 3386 2471 σοι
3433 2417 3591 2471 τοῦτο

2015 2521 2156 2574 ποιῶ
2188 2522 2440 2591 φανερόν.
2466 2521 2636 2573 Ὅταν
2670 2518 2780 2590 γάρ
2799 2519 2915 2590 ἴδῃς
2944 2518 3073 2581 τοὺς
3107 2514 3428 2587 ἀνθρώπους
3454 2532 3591 2585 σιομ⁴

2016 2617 2322 2681 ποθοῦντας
2338 2620 2453 2681 τοῖς
2472 2616 2800 2680 συνδούλοις,
2817 2614 3021 2686 ’μηκέτι
3040 2612 3226 2666 λοιπὸν
3245 2610 3593 2682 ἀμφιϐάλλῃς

2015 2718 2144 2787 περὶ
2166 2713 2275 2768 τῶν
2308 2712 2620 2785 Χερουϐίμ’
2651 2712 2787 2765 πολὺ
2821 2710 2932 2781 γὰρ
2963 2710 3073 2763 τῶν
3111 2707 3415 2779 ἀνθρώπων
3445 2708 3592 2779 φιλο-

2017 2813 2368 2885 στοργότεραι
2394 2815 2448 2867 αἰ
2481 2812 2739 2883 δυνάμεις
2766 2811 2991 2864 ἐκεῖναι.
3015 2808 3112 2873 Τίς
3136 2804 3228 2863 οὖν
3252 2807 3475 2862 δ.καίων
3494 2807 3592 2860 οὐκ

2014 2911 2239 2982 ἤλγησε,
2265 2908 2647 2979 κολαζομένων
2675 2907 2979 2978 ἀνθρώπων
3021 2906 3273 2971 δικαίωξ,
3326 2907 3422 2958 καὶ
3473 2906 3593 2977 μεθ’

2014 3009 2389 3081 ἁμαρτήματα
2423 3006 2625 3079 μυρία;
2654 3004 2828 3059 Τοῦτο
2870 3004 2979 3076 γάρ
3026 3006 3143 3057 ἐστι
3170 3003 3232 3057 τὸ
3258 3003 3590 3073 θαυμαστὸν,

2013 3107 2215 3170 ὃτιτάς
2253 3104 2527 3176 ἁμαρτίας
2556 3100 2737 3155 αὐτῶν
2791 3099 3073 3171 μαθόντες,
3139 3100 3233 3153 καὶ
3282 3099 3480 3163 ἰδόντες
3513 3100 3593 3153 ὅτι

2014 3202 2426 3275 προσέκρουσαν
2451 3198 2529 3269 τῷ
2557 3198 2824 3277 Δεσπότῃ,
2850 3197 3096 3268 ἡλγησαν
3116 3212 3130 3227 ο
3162 3197 3317 3267 ὁμὲν
3352 3196 3592 3266 Μωῦσῆς

2018 3300 2158 3372 μετά
2182 3299 2281 3370 τὴν
2341 3296 2815 3367 εἰδωλολατρείαν·
2864 3288 2946 3347 διὸ
2996 3290 3090 3346 καὶ
3118 3292 3302 3361 ἔλεγεν
3327 3308 3340 3319 ·
3367 3296 3436 3346 El
3478 3293 3592 3360 μὲν

2013 3398 2197 3468 ἀφίης
2225 3395 2433 3462 αὐτοῖς
2454 3394 2569 3462 τὴν
2595 3391 2907 3462 ἁμαρτίαν,
2938 3389 3086 3459 ἄφες
3108 3406 3121 3419 ο
3151 3392 3203 3441 εὶ
3240 3388 3425 3458 δὲμὴ,
3445 3387 3592 3457 κὰμδ

2011 3493 2342 3562 ἐξάλειψον
2373 3491 2441 3544 ἐκ
2462 3487 2572 3557 τῆς
2595 3488 2841 3553 βίϐλου,
2880 3483 2955 3557 ἧς
2979 3485 3266 3556 ἔγραψας.
3302 3484 3367 3536 Τί
3398 3485 3592 3551 τοῦτος

2011 3590 2143 3664 ὁρᾷς
2163 3590 2260 3662 τὴν
2283 3589 2539 3644 ἀσέϐειαν
2559 3629 2574 3654 ,
2607 3586 2702 3640 καὶ
2742 3584 2929 3653 ἀλγεῖς
2976 3582 3119 3653 ὑπὲρ
3142 3581 3251 3635 τῶν
3295 3582 3596 3653 κολαζομέ-

2011 3707 2118 3745 νων
2137 3708 2151 3757 ;
2185 3687 2285 3741 Διά
2303 3686 2463 3740 τοῦτο
2478 3685 2610 3756 γὰρ,
2632 3683 2820 3754 φησὶν,
2850 3679 3024 3749 ἀλγῶ,
3045 3681 3126 3733 ὅτι
3158 3681 3252 3732 καὶ
3273 3677 3592 3743 κολάζονται

2012 3788 2106 3841 καὶ
2128 3784 2343 3847 δικαίας
2381 3778 2657 3843 κολάσεως
2694 3778 3029 3850 παρέχονται
3078 3775 3177 3840 τὰς
3211 3776 3412 3840 αἰτίας.
3450 3776 3508 3827 ὐ
3538 3776 3594 3828 δὲ

2024 3883 2281 3956 Ἰεζεκιὴλ
2306 3881 2429 3936 ίδὼν
2456 3880 2548 3933 τὸν
2594 3876 2823 3947 ἄγγελον
2867 3876 3283 3930 κατακόπτοντα
3323 3875 3413 3929 τὸν
3443 3873 3590 3936 λαὸν.

2012 3982 2275 4052 ἀνεϐόησε
2316 3982 2460 4053 μέγα
2481 3978 2577 4033 καί
2607 3972 2863 4042 ώλόλυξε,
2895 3975 2991 4029 καί
3014 3990 3209 4044 φησιν’
3252 3972 3442 4044 Οἷμοι,
3477 3977 3593 4027 Iw-

2002 4100 2117 4149 ριε,
2158 4080 2246 4133 ὅτι
2293 4078 2632 4145 ἐξαλείφεις
2679 4072 2760 4126 σὺ
2808 4071 2875 4124 τὸ
2921 4070 3288 4124 κατάλοιπον
3320 4070 3426 4123 τοῦ
3475 4070 3594 4124 Ἰσο

2003 4176 2189 4249 ραήλ.
2237 4172 2350 4228 Kal
2382 4176 2410 4227 ὁ
2449 4171 2749 4245 Ἱερεμίας,
2798 4168 3138 4222 Παίδευσον
3171 4167 3365 4237 ἡμᾶς,
3393 4168 3591 4235 Κύριε,

2011 4274 2165 4348 φησί,
2199 4270 2366 4341 πλὴν
2391 4264 2461 4325 ἐν
2493 4271 2708 4339 κρίσει,
2738 4268 2840 4321 καί
2884 4262 2969 4336 μὴ
3021 4264 3089 4318 ἐν
3120 4262 3304 4334 θυμῷ,
3358 4266 3459 4317 ἵνα
3502 4265 3590 4340 μιὴ

2009 4362 2364 4443 ὀλιγοστοὺς
2388 4366 2547 4438 ἡμᾶς
2576 4363 2855 4432 ποιήσῃς.
2897 4358 3033 4415 Εἶτα
3076 4361 3315 4432 Μωὺσῆς
3363 4359 3462 4432 μὲν
3496 4358 3592 4415 καὶ

2021 4468 2281 4540 Ἰεζεκιὴλ
2330 4467 2424 4521 κικί¹
2477 4464 2740 4535 Ἱερεμίας
2792 4461 3071 4530 άλγοῠσιν,
3118 4462 3176 4517 αἱ
3227 4460 3283 4514 δὲ
3332 4459 3592 4530 δυνάμεις

2008 4569 2214 4621 ἐκεῖναι
2250 4564 2402 4619 οὐδὲν
2449 4564 2687 4634 ἔπασχον
2728 4560 2823 4614 ἐπὶ
2862 4563 2973 4623 τοῖς
3011 4559 3298 4630 ἡμετέροις
3353 4559 3589 4625 κακοίςε

2009 4666 2120 4720 Kal
2152 4664 2270 4727 πῶς
2317 4663 2385 4718 ἂν
2424 4662 2538 4732 ἔχοι
2580 4660 2740 4713 τοῦτο
2785 4658 2982 4728 λόγον;
3018 4658 3141 4709 ’Ὀτι
3183 4656 3291 4728 γὰρ
3329 4658 3592 4712 οἰκειοῦν-

2008 4778 2098 4817 ται
2129 4760 2199 4815 τὰ
2238 4759 2506 4832 ἡμετέρα,
2566 4756 2705 4828 μάθε
2754 4756 2883 4827 ὅσην
2961 4752 3140 4826 χαρὰν
3216 4754 3590 4820 ἐπεδείξαντο,

2007 4862 2097 4915 ὅτε
2145 4856 2283 4914 είδον
2346 4860 2481 4929 ἡμῖν
2548 4854 2957 4924 καταλλαγέντα
3024 4853 3114 4909 τὸν
3166 4855 3472 4926 Δεσπότην,
3525 4856 3591 4910 El

2005 4959 2062 5014 δὲ
2105 4958 2183 5031 μὴ
2219 4957 2327 5030 πρὸ
2363 4956 2557 5010 τούτου
2596 4955 2826 5027 ἡλγουν,
2848 4954 2950 5007 οὑκ
2986 4952 3053 5008 ἂν
3079 4953 3201 5007 οὑδὲ
3245 4953 3383 5026 μετά
3418 4953 3590 5007 ταῦτα

2006 5079 2272 5151 ἥσθησαν.
2326 5072 2450 5131 Ὅτι
2498 5073 2554 5130 δὲ
2609 5076 2867 5149 ἔχαιρον,
2932 5075 3092 5146 δῆλον
3131 5074 3190 5140 ἐξ
3237 5069 3312 5129 ὧν
3350 5093 3514 5144 φησιν
3564 5078 3591 5128 ὁ

2007 5173 2264 5248 Χριστὸς,
2308 5175 2436 5229 Ὅτι
2474 5174 2630 5244 χαρὰ
2667 5173 2838 5228 ἔσται
2878 5171 2948 5226 ὲν
2980 5169 3213 5241 οὐρανῷ
3240 5170 3335 5224 καὶ
3372 5172 3464 5224 ἐπὶ
3487 5170 3591 5240 γῆς

2006 5273 2104 5327 ἐπὶ
2134 5271 2227 5327 ἐνί
2261 5267 2586 5341 ἁμαρτωλῷ
2626 5268 3067 5339 ἐπιστρέφοντι.
3102 5269 3165 5321 Εἰ
3202 5268 3259 5320 δὲ
3283 5268 3377 5320 ἕνα
3408 5266 3590 5339 ἀμαρ-

2007 5367 2179 5425 τωλδν
2214 5368 2611 5440 ἐπιστρέφοντα
2647 5367 2881 5440 ὁρῶντες
2918 5366 3139 5437 ἄγγελοι
3176 5366 3460 5437 χαίρουσι,
3501 5364 3591 5420 διὰ

2007 5468 2107 5540 τῆς
2130 5461 2382 5540 ἀπαρχῆς
2405 5460 2645 5537 σήμερον
2663 5463 2898 5535 ὁρῶντες
2918 5464 3014 5537 τὴν
3044 5463 3203 5533 φύσιν
3233 5460 3450 5517 ἅπασαν
3478 5465 3593 5519 εἰσ·-

2009 5563 2376 5637 ενηνεγμένην
2418 5565 2497 5627 εἰς
2525 5556 2775 5633 οὐρανὸν,
2800 5559 2915 5623 πῶς
2944 5560 3044 5613 οὐκ
3084 5559 3150 5614 ἃν
3184 5560 3447 5634 μεγίστην
3471 5560 3586 5618 ὲδέ-

2010 5663 2169 5727 ξαντο
2188 5660 2420 5733 ἡδονήν;
2450 5660 2715 5713 Ἄκουσον
2746 5654 2874 5726 γοῦν
2905 5657 2999 5711 καὶ
3032 5656 3302 5730 ἑτέρωθεν
3340 5658 3448 5713 τῶν
3479 5660 3593 5716 ἄνω

2011 5780 2199 5850 δήμων
2241 5782 2337 5852 τὴν
2389 5780 2726 5851 εὐφροσύνην
2757 5782 2856 5852 τὴν
2881 5780 2973 5834 ἐπὶ
3000 5782 3066 5853 τῇ
3101 5780 3349 5919 ἡμετέιέᾳ
3383 5777 3585 5833 καταλι-
