4130 6456
570 358 676 417 μθ

568 482 708 553 λαγῇ
725 480 845 533 ’ὅτε
874 472 1204 547 γάρέτέχθη
1233 469 1482 544 ὁΚύριος
1505 468 1662 540 ήμῶν
1681 466 1743 521 τὸ
1770 464 1909 519 κατά
1942 461 2144 533 σάρκα,

574 576 772 637 ἰδόντες
792 574 873 626 ὅτι
897 568 1210 640 κατηλλάγη
1232 563 1418 619 λοιπὸν
1450 564 1562 626 τοῖς
1591 558 1921 633 ἀνθρώποις·
1952 557 2012 609 ού
2039 555 2149 625 γὰρ

569 666 656 727 ἂν,
687 667 734 718 εί
765 664 839 736 μὴ
864 641 1228 733 ’κατηλλάγτμ
1258 655 1508 710 τοσοῦτον
1553 651 1760 721 κατέϐη
1780 667 1794 681 θ
1826 648 2023 712 ἰδόντες
2055 642 2150 701 οὖν

569 756 748 820 τοῦτο,
781 754 942 825 χορδν
973 751 1303 822 στησάμενοι
1334 749 1427 802 ἐπὶ
1456 746 1557 817 τῆς
1580 745 1682 816 γῆς
1711 745 1879 801 ἐϐόων
1909 743 2004 800 καὶ
2035 741 2150 796 ελε-

570 865 666 918 γον
695 865 710 879 ο
747 846 902 912 Δόξα
928 844 999 900 ἐν
1021 844 1308 914 ὑψίστοις
1339 839 1481 906 Θεῷ,
1520 838 1620 894 καί
1647 836 1747 891 ἐπί
1775 836 1889 907 γῆς
1917 835 2146 903 εῑρηνη,

569 943 641 997 ἐν
666 941 1003 1009 ἀνθρώποις
1020 937 1284 992 εὐδοκία.
1310 935 1420 988 Καὶ
1440 933 1531 987 ἵνα
1558 931 1755 1003 μάθῃς.
1782 931 1864 984 ὅτι
1888 928 1975 982 διά
1995 928 2150 982 τοῦτο

568 1030 853 1098 δοξάζουσι
883 1029 973 1082 τὸν
991 1027 1142 1090 Θεὸν,
1172 1023 1362 1096 ἐπειδὴ
1388 1021 1661 1077 ἀπέλαϐεν
1689 1022 1723 1091 ή
1741 1018 1813 1089 γῆ
1840 1018 1910 1072 τά
1942 1017 2145 1087 ἀγαθά,

566 1123 850 1193 ἐπήγαγον
880 1120 975 1173 καὶ
997 1119 1095 1189 τὴν
1126 1116 1325 1179 αἰτίαν,
1372 1114 1503 1169 Ἐπί
1551 1112 1665 1182 τῆς
1708 1110 1916 1181 εἰρήνη
1974 1107 2147 1182 [454],

567 1212 840 1282 λέγοντες,
867 1210 936 1263 έν
957 1206 1290 1277 ἀνθρώποις
1318 1206 1584 1264 εὐδοκία,
1608 1206 1728 1267 (τοῖς
1760 1202 2149 1272 ἐκπεπολεμω-

570 1306 773 1378 μένοις,
802 1308 914 1369 τοῖς
934 1303 1264 1375 ἀγνώμοσιν.
1293 1296 1444 1363 Εἶδες
1474 1298 1588 1363 πῶς
1608 1296 1891 1363 δοξάζουσι
1906 1296 1995 1350 τὸν
2016 1295 2149 1350 Θεὸν

565 1398 660 1452 ἀπὶ
702 1399 813 1461 τοῖς
867 1394 1171 1467 ἀλλοτρίοις
1219 1393 1445 1464 ἀγαθοῖς
1465 1433 1479 1456 ,
1537 1391 1735 1464 μᾶλλον
1782 1391 1840 1445 δὲ
1892 1390 1985 1443 ἐπὶ
2036 1393 2147 1453 τοῖς

569 1488 720 1552 ίδίοις
742 1504 755 1519 -
784 1488 859 1541 .τά
888 1486 999 1558 7&9
1043 1485 1289 1556 ήμέτερα
1322 1482 1523 1552 ἀγαθὰ,
1577 1481 1787 1537 ἑαυτῶν
1833 1481 2144 1552 νομίζουσιν

563 1571 735 1633 εἶναι’
777 1578 957 1650 βούλει
992 1576 1209 1649 μαθεῖν,
1239 1576 1321 1629 ὅτι
1349 1575 1444 1629 καὶ
1497 1574 1783 1646 μέλλοντες
1824 1576 1956 1646 ὁρᾷν
1984 1574 2146 1626 αὐτὸν

564 1671 962 1734 ἀναϐαίνοντα,
1004 1668 1223 1741 ἔχαιρον
1269 1668 1362 1721 καὶ
1404 1666 1707 1739 ἐσκίρτων;
1738 1667 2006 1720 ΙἈκουσον
2052 1665 2144 1719 τοῦ

565 1760 804 1834 Χριστοῦ
832 1761 1104 1829 λέγοντος,
1135 1760 1216 1812 δτι
1238 1757 1518 1812 ἀνέϐαινον
1547 1756 1642 1812 καὶ
1676 1755 1995 1811 κατέϐαινον
2022 1772 2146 1807 συν-

566 1854 729 1926 εχῶς.
758 1852 931 1907 Τοῦτο
959 1852 1017 1907 δέ
1045 1849 1453 1923 ἐπιθυμούντων
1484 1850 1634 1903 εστιν
1667 1848 1793 1902 ίδείν
1824 1848 1886 1901 τὸ
1907 1847 2145 1918 παράδο-

568 1946 657 2013 ξον
706 1945 904 2016 θέαμα.
957 1944 1070 1999 Καὶ
1120 1941 1286 1996 πόθεν
1328 1941 1507 2011 δῆλον,
1562 1942 1647 1995 δτι
1690 1939 1994 2000 ἀνέϐαινον,
2049 1939 2145 1993 καὶ

568 2036 939 2101 κατέϐαινον;
1009 2034 1185 2090 Αὐτοῦ
1245 2033 1477 2089 ἄκουσον
1536 2032 1786 2101 λέγοντος
1821 2048 1835 2063 ο
1904 2031 2144 2099 Ἀπὰρτι

558 2129 797 2198 ’ὄψεσθε
828 2128 971 2194 τοὺς
1022 2126 1319 2196 οὐρανοὺς
1368 2123 1803 2195 ἀνεῳγμένους,
1850 2124 1949 2177 καί
2002 2124 2144 2190 τοὺς

560 2220 859 2291 ἀγγέλους
883 2218 987 2273 τοῦ
1009 2218 1157 2275 Θεοῦ
1174 2216 1610 2285 ἀναϐαίνοντας
1630 2218 1729 2272 καί
1759 2218 2146 2271 καταϐαίνον-

562 2329 674 2378 τας
696 2313 793 2364 ἐπὶ
817 2311 925 2365 τόν
966 2310 1106 2363 Υίὸν
1124 2309 1231 2363 τοῦ
1257 2309 1572 2378 ἀνθρώπου
1592 2325 1605 2339 ·
1633 2308 1874 2363 τοιοῦτον
1900 2308 2009 2379 7&9
2034 2308 2142 2362 τῶν

560 2401 816 2473 δρώντων
843 2402 905 2456 τὸ
925 2401 1045 2467 ἔθος
1063 2420 1077 2433 ·
1116 2402 1239 2457 οὐδὲ
1260 2402 1351 2456 τὸν
1371 2403 1562 2472 καιρὸν
1601 2401 1984 2471 ἀναμένουσιν,
2008 2400 2145 2454 ἀλλά

565 2494 1011 2567 προλαμϐάνουσι
1034 2494 1135 2566 τὴν
1169 2494 1508 2565 προθεσμίαν
1538 2496 1604 2565 τῇ
1644 2493 1822 2565 ἡδονῇ.
1852 2494 1952 2546 Διά
1985 2491 2144 2546 τοῦτο

563 2586 1001 2651 καταϐαίνουσιν,
1053 2582 1396 2658 ἐπειγόμενοι
1454 2586 1515 2641 τὸ
1573 2585 1758 2640 καινὸν
1813 2586 1906 2639 καὶ
1968 2584 2145 2658 παρά-

556 2679 714 2744 δοξον
769 2680 944 2735 ἐκεῖνο
999 2679 1127 2734 ἰδεῖν
1178 2680 1359 2751 θέαμα
1381 2721 1396 2747 ,
1455 2681 1739 2752 ἄνθρωπον
1799 2681 1857 2733 ἐν
1928 2680 2145 2753 οὐρανῷ

565 2771 803 2840 φανέντα
826 2788 840 2802 ο
892 2772 982 2827 διὰ
1028 2772 1186 2826 τοῦτο
1240 2772 1518 2845 πανταχοῦ
1567 2774 1785 2842 ἄγγελοι
1815 2814 1830 2839 ,
1909 2776 2003 2828 καὶ
2056 2775 2143 2828 ὅτε

564 2864 827 2929 ἐτίκτετο,
859 2866 951 2919 κοιλ⁸
990 2867 1080 2919 ὅτε
1127 2865 1402 2930 ἀνίστατο,
1435 2866 1530 2919 καὶ
1563 2866 1801 2937 σήμερον
1836 2867 1927 2920 ὅτε
1952 2866 2141 2938 ἀνέϐη.

576 2956 732 3011 Ἰδοὺ
756 2957 877 3035 ,γὰρ
902 2957 1032 3022 δύο,
1074 2957 1258 3028 φησὶν,
1279 2957 1349 3011 ἐν
1380 2957 1592 3026 ἐσθῆτι
1628 2957 1893 3028 λαμπρᾷ,
1934 2958 2023 3012 διά
2050 2958 2143 3012 τοῦ

565 3048 843 3119 σχήματος
872 3049 971 3119 τὴν
1004 3047 1194 3120 ἡδονὴν
1224 3048 1661 3119 δηλοῦντες-καὶ
1687 3045 1839 3103 εἷπον
1867 3052 2002 3121 πρὸς
2020 3049 2145 3113 τούς

567 3141 812 3212 μαθητάς
831 3160 846 3174 θ
880 3141 1130 3211 ’Ἄνδρες
1158 3142 1492 3209 Γαλιλαῖοι,
1527 3144 1584 3198 τί
1612 3142 1944 3210 ἐστήκατε;
1966 3139 2145 3210 οὗτος

562 3235 595 3286 ό
640 3233 881 3299 Ἰησοῦς
914 3235 947 3286 ό
975 3234 1344 3303 ἀναληφθεὶς
1374 3233 1475 3304 ἀφ’
1515 3233 1681 3303 ὑμῶν
1711 3236 1799 3301 είς
1823 3234 1933 3289 τὸν
1965 3237 2144 3303 οἱφα-

560 3323 689 3386 νὸν,
718 3323 905 3391 οὕτως
931 3325 1268 3389 ἐλεύσεται,
1310 3324 1383 3378 δν
1420 3325 1643 3393 τρόπον
1675 3326 2009 3381 ἐθεάσασθε
2032 3327 2142 3379 αὐ-

557 3415 667 3469 τὸν
688 3416 1092 3486 πορευόμενον
1117 3418 1206 3482 είς
1233 3415 1340 3469 τὸν
1367 3418 1646 3485 οὐρανόν.

625 3554 690 3611 ε’.
716 3557 985 3613 Ἐνταῦθά
1015 3576 1106 3630 μοι
1139 3558 1278 3630 μετά
1300 3559 1585 3631 ἀκριϐείας
1609 3562 1925 3633 προσέχετε.
1957 3564 2023 3617 Τί
2048 3563 2143 3634 δή-

559 3665 691 3701 ποτε
717 3646 892 3707 ταῦτα
919 3648 1138 3716 λέγουσι
1162 3667 1177 3713 ;
1208 3650 1286 3725 μὴ
1314 3650 1423 3721 γὰρ
1447 3652 1547 3705 οὐκ
1579 3648 1722 3722 εῐχον
1748 3654 2062 3726 ὀφθαλμοὺς
2092 3658 2142 3711 οἱ

553 3739 838 3811 μαθηταίς
872 3740 948 3811 μὴ
970 3740 1077 3811 γὰρ
1099 3742 1195 3812 οὐχ
1224 3741 1411 3813 ἐώρων
1429 3744 1491 3797 τὸ
1517 3744 1801 3817 γινόμενον
1821 3765 1835 3814 ;
1863 3748 1965 3802 οὐκ
1989 3744 2142 3804 εἶπεν

550 3836 589 3888 ‘6
613 3833 1021 3906 εὐαγγελιστής,
1066 3835 1148 3888 ὅτι
1178 3834 1483 3907 βλεπόντων
1509 3838 1687 3893 αὐτῶν
1710 3839 1958 3912 ἐπήρθη;
1990 3840 2143 3907 Τίνος

550 3925 654 3985 οὗν
707 3929 894 3983 ἕνεκεν
946 3931 1357 4004 παρεστήκασιν
1427 3933 1479 3986 οί
1528 3933 1747 4004 ἄγγελοι
1797 3935 2141 4001 διδάσκοντες

559 4019 778 4084 αὐτοὺς,
809 4018 892 4072 ὅτι
937 4021 1015 4084 είς
1048 4019 1140 4073 τὸν
1178 4021 1406 4093 οὐρανὸν
1432 4021 1638 4093 ἀνέϐη;
1671 4022 1772 4076 Διά
1812 4023 1905 4077 δύο
1940 4025 2142 4091 ταύτας

557 4110 761 4175 αἰτίας,
798 4111 926 4180 μίαν
963 4112 1085 4182 μὲν,
1137 4112 1324 4184 ἐπειδὴ
1373 4114 1572 4184 ήλγουν
1620 4115 1707 4169 ἀεὶ
1756 4116 1849 4169 ἐπὶ
1892 4119 1956 4188 τῇ
2010 4118 2143 4173 ἀνα-

560 4204 798 4274 χωρήσει
831 4202 925 4255 τοῦ
974 4204 1210 4275 Χριστοῦ
1232 4221 1245 4236 ·
1279 4205 1362 4258 ὃτι
1398 4206 1507 4278 7&9
1539 4205 1737 4277 ήλγουν
1757 4247 1773 4270 ,
1828 4208 2061 4263 ἄκουσον
2089 4209 2142 4263 τί

560 4296 696 4367 ’πρὸς
718 4294 913 4358 αὐτούς
938 4313 1101 4367 φησιν
1125 4311 1139 4324 ·
1178 4296 1390 4362 Οὐδείς
1406 4315 1484 4367 με
1503 4292 1689 4365 ἐρωτᾷ
1714 4299 1784 4363 ἐξ
1814 4298 1999 4369 ὑμῶν,
2018 4301 2142 4354 Ποῦ

557 4388 845 4458 ὑπάγεις
869 4388 1004 4441 ἀλλ’
1035 4386 1125 4441 ὅτι
1164 4388 1353 4442 ταῦτα
1386 4384 1583 4455 εἷπον,
1627 4390 1666 4459 η
1699 4392 1863 4457 λύπη
1911 4392 2143 4459 πεπλή-

558 4492 755 4546 ρωσεν
774 4476 940 4547 ὑμῶν
959 4478 1075 4545 τὴν
1089 4478 1363 4547 καρδίαν.
1387 4480 1450 4531 Et
1472 4479 1581 4551 7&9
1605 4479 1792 4549 φίλους
1811 4481 2025 4552 ἔχοντες
2048 4485 2141 4537 καὶ

561 4574 843 4642 συγγενεῖς
885 4571 1242 4642 χωριζόμενοι
1296 4571 1501 4626 τούτων
1548 4573 1610 4626 οὐ
1646 4572 1909 4645 φέρομεν,
1939 4577 2057 4640 πῶς
2088 4577 2139 4629 οί

562 4665 803 4738 μαθηταὶ
825 4665 915 4719 τὸν
949 4667 1199 4736 Σωτῆρα,
1226 4664 1315 4718 τὸν
1352 4664 1693 4733 διδάσκαλον,
1724 4666 1815 4720 τὸν
1844 4666 2139 4739 κηδεμόνα,

557 4758 648 4810 τον
696 4757 1096 4827 φιλάνθρωπον,
1145 4758 1235 4810 τὸν
1285 4757 1513 4827 ἥμερον.
1545 4758 1639 4811 τὸν
1677 4756 1882 4826 ἀγαθὸν
1907 4759 2143 4830 ὁρῶντες

560 4850 923 4920 χωριζόμενον
959 4847 1159 4911 αὐτῶν,
1194 4846 1310 4910 πῶς
1334 4849 1434 4901 οὐκ
1464 4847 1534 4901 ἂν
1565 4848 1846 4920 ήλγησαν;
1897 4850 2015 4915 πῶς
2043 4852 2143 4905 οὐκ

562 4942 627 4994 ἂν
673 4940 1067 5012 ὠδυνήθησαν;
1103 4941 1203 4994 Διά
1229 4939 1388 4993 τοῦτο
1436 4942 1668 5011 ἕστηκεν
1704 4946 1735 4997 6
1766 4944 1998 5014 ἄγγελος
2043 4945 2142 5017 τὴν

560 5035 669 5090 ἀπὺ
712 5033 810 5104 τῆς
846 5033 1032 5086 ἀνόδου
1064 5032 1355 5105 γινομένην
1385 5032 1566 5107 λύπην
1607 5034 1698 5088 διὰ
1742 5035 1844 5105 τῆς
1883 5036 2140 5095 ἐπανόδου

560 5127 723 5180 πάλιν
774 5123 1285 5194 παραμυθούμενος.
1320 5119 1510 5188 Οὗτος
1539 5123 1664 5194 7&9,
1706 5125 1893 5196 φησὶν,
1941 5128 1975 5179 d
2030 5127 2143 5194 ἰη-

559 5219 714 5285 σοῦς
763 5221 796 5274 ό
831 5215 1199 5285 ἀναληφθεὶς
1230 5216 1328 5286 ἀφ’
1361 5215 1531 5287 ὑμῶν
1569 5219 1661 5285 είς
1688 5218 1795 5271 τὸν
1845 5219 2139 5288 οὐρανὸν,

560 5313 748 5379 οὕτως
773 5312 1107 5367 ἐλεύσεται.
1146 5309 1476 5380 Ἦλγήσατε,
1500 5310 1682 5381 φησὶν,
1713 5311 1794 5364 ὅτι
1824 5309 2097 5373 ἀνελήφθη
2127 5327 2141 5373 ;

574 5403 735 5455 Ἀλλὰ
785 5402 981 5473 μηκέτι
1034 5399 1283 5467 ἀλγεῖτε·
1332 5400 1426 5453 καὶ
1474 5399 1584 5471 7&9
1617 5399 1901 5453 ἐλεύσεται
1955 5401 2139 5454 πάλιν.

564 5495 814 5567 Ἴναγάρ
850 5495 925 5567 μὴ
960 5495 1277 5564 ποιήσωσιν,
1322 5492 1457 5564 ὅπερ
1483 5490 1737 5562 ἐποίησεν
1768 5495 1797 5545 6
1844 5492 2145 5556 Ἐλισσαῖος

566 5566 793 5638 ίδὼνὶτὸν
821 5584 1137 5650 διδάσκαλον
1163 5582 1696 5653 ἀναλαμϐανόμενον,
1733 5584 1823 5636 καὶ
1846 5584 2145 5658 διαρρήξας

563 5677 656 5728 τὸν
689 5674 1007 5745 χιτωνίσκον
1027 5693 1040 5705 ’
1070 5676 1193 5727 οὐδὲ
1226 5674 1335 5745 γὰρ
1365 5671 1478 5746 εἷχέ
1528 5693 1646 5729 τινα
1680 5677 2010 5746 παρεστῶτα
2047 5678 2142 5730 καὶ

560 5767 809 5835 λέγοντα.
839 5768 923 5819 ὅτι
960 5765 1116 5820 πάλιν
1144 5764 1260 5830 ἥξει
1316 5766 1535 5831 Ἠλίας*
1566 5767 1654 5822 ἵνα
1701 5765 1793 5823 οὖν
1847 5770 1919 5836 μὴ
1975 5769 2136 5822 τοῦτο

1203 352 1260 407 S.
1302 349 1588 408 JOANNIS
1624 342 2121 404 CIIRYSOSTOMI
2160 341 2480 402 ARCHIEP.
2523 349 3076 410 CONSTANTINOP.

3727 354 3839 413 £50

2256 467 2555 537 ποιήσωσιν
2581 461 2746 533 οὗτοι,
2770 469 2859 523 διά
2876 470 3033 525 τοῦτο
3059 471 3109 524 οἱ
3136 470 3354 541 ἄγγελοι
3374 471 3838 543 παριστήκεισαν

2252 559 2734 631 παραμυθούμενοι
2764 561 2864 632 τὴν
2912 563 3171 634 ἀθυμίαν.
3221 562 3335 617 Καὶ
3390 562 3490 634 μία
3546 565 3646 635 μὲν
3687 562 3834 635 αὕτη

2252 651 2401 705 αίτία
2427 652 2526 723 τῆς
2551 653 2663 707 τῶν
2690 654 2937 723 ἀγγέλων
2981 656 3285 729 παρουσίας
3304 672 3317 684 ’
3348 656 3579 727 δευτέρα
3612 657 3671 711 δὲ
3699 656 3838 712 ταύ-

2250 762 2349 815 της
2385 746 2486 798 οὐκ
2515 745 2773 811 ἐλάττων,
2798 747 2865 801 δι’
2894 748 2962 819 ήν
2992 751 3173 802 αἰτίαν
3222 750 3315 803 καὶ
3364 749 3729 822 προσέθηκεν,
3766 751 3835 804 '0

2250 837 2639 908 ἀναληφθείς.
2668 841 2766 905 Τίς
2808 837 2901 896 οὖν
2928 844 3077 897 ἐστιν
3113 842 3286 914 αὖτη;
3323 843 3417 907 Εἰς
3466 843 3558 896 τὸν
3601 843 3838 916 οὐρανὸν

2250 933 2670 1005 ἀνελαμϐάνετο.
2704 935 2846 989 Πολύ
2874 936 2930 989 δὲ
2957 937 3016 990 τὸ
3042 935 3191 1007 [4551
3218 936 3493 1007 διάστημα
3512 931 3711 1007 ﬁmum!
3731 937 3839 991 οὐκ

2250 1024 2409 1095 ἢρκει
2440 1026 2472 1095 ή
2503 1024 2732 1096 δύναμις
2756 1027 2855 1095 τῆς
2878 1027 3156 1097 ἡμετέρας
3178 1026 3355 1096 ὅψεως
3380 1026 3543 1097 σῶμα
3582 1026 3837 1098 ἀναλαμο

2250 1116 2547 1187 ϐανόμενον
2581 1116 2710 1170 ίδεῐν
2751 1118 2917 1190 μέχρι
2942 1118 3052 1171 τῶν
3086 1118 3335 1190 οὐρανῶν
3359 1134 3372 1148 °
3407 1118 3545 1172 ἀλλά
3578 1118 3836 1190 καθάπερ

2210 1209 2497 1264 ’πετεινδν
2525 1211 2605 1273 είς
2643 1210 2778 1280 ὕψος
2828 1211 3143 1283 ίπτάμενον,
3182 1213 3403 1285 ὅσῳπερ
3454 1209 3521 1265 ἂν
3570 1213 3651 1274 εἰς
3698 1210 3838 1280 5'90;

2249 1302 2446 1375 ἀνέλθῃ
2473 1342 2489 1364 ,
2561 1303 2801 1373 τοσούτῳ
2851 1302 3052 1374 μᾶλλον
3112 1301 3529 1374 ἀποκρύπτεται
3581 1300 3691 1355 ἀπὸ
3733 1301 3836 1370 τῆς

2248 1395 2526 1467 ἡμετέρας
2581 1395 2756 1464 ὂψεως
2790 1411 2804 1427 ’
2861 1395 3007 1448 οὕτω
3055 1393 3119 1467 δὴ
3172 1395 3267 1448 καὶ
3318 1393 3382 1446 τὺ
3435 1393 3594 1464 σῶμα
3652 1393 3838 1447 ἐκεῖνο

2248 1487 2427 1556 ὃσῳπε
2435 1506 2466 1557 ρ
2485 1485 2551 1540 ἂν
2576 1489 2654 1551 εἰς
2675 1486 2806 1555 ὕψος
2823 1487 2994 1558 ἀνῄει,
3025 1488 3263 1556 τοσούτῳ
3282 1485 3483 1556 μᾶλλον
3507 1484 3836 1557 ἐκρύπτετο,

2248 1581 2348 1635 οὐκ
2381 1579 2657 1651 ἀρκούσης
2704 1579 2806 1647 τῆς
2858 1578 3141 1641 ἀσθενείας
3179 1578 3288 1631 τῶν
3326 1577 3627 1649 ὀφθαλμῶν
3688 1594 3835 1650 παρα

2248 1672 2609 1743 ἀκολουθῆσαι
2646 1671 2724 1741 τῷ
2758 1671 2924 1742 μήκει
2953 1671 3049 1724 τοῦ
3079 1671 3469 1741 διαστήματος.
3520 1670 3620 1723 Διά
3674 1668 3838 1724 τοῦτο

2250 1766 2719 1836 παρειστήκεισαν
2748 1764 2798 1816 οί
2820 1762 3071 1833 ἄγγελοι,
3101 1761 3450 1825 διδάσκοντες
3472 1755 3584 1837 ’τὴν
3630 1761 3711 1823 είς
3737 1760 3835 1814 τὸν

2247 1856 2473 1926 οὐρανὸν
2521 1855 2727 1918 ἄνοδον,
2782 1855 2870 1909 ἵνα
2917 1855 2993 1926 μὴ
3040 1854 3338 1925 νομίσωσιν
3386 1855 3467 1907 ὅτι
3503 1855 3579 1917 ὼς
3629 1855 3710 1918 εἰς
3739 1853 3835 1908 τὸν

2245 1945 2472 2018 οὐρανὸν
2505 1945 2673 2016 ἀνέϐη
2714 1944 2789 2006 ὡς
2837 1942 3045 2008 Ἠλίας,
3081 1943 3195 1997 ἀλλ’
3236 1945 3318 1997 ὅτι
3366 1945 3443 2007 είς
3472 1943 3563 1996 τὸν
3601 1943 3835 2015 οὐρανὸν

2245 2034 2412 2105 ἀνέϐη
2436 2051 2449 2064 ·
2490 2033 2577 2087 διά
2600 2033 2759 2087 τοῦτό
2797 2049 2984 2103 φησιν,
3032 2032 3087 2086 '0
3126 2033 3499 2102 ἀναληφθεὶς
3530 2035 3630 2103 ἀφ’
3662 2032 3836 2101 ὑμῶν

2244 2127 2331 2190 είς
2359 2126 2467 2179 τὸν
2497 2127 2773 2193 οὐρανόν.
2800 2125 2933 2178 Οὐδὲ
2960 2124 3065 2195 γάρ
3086 2123 3152 2178 ἀν
3168 2125 3353 2189 ἀπλῶς
3377 2126 3535 2179 τοῦτο
3559 2125 3836 2197 προσέθη-

2246 2236 2359 2272 κεν.
2405 2218 2592 2282 Ἠλίας
2631 2219 2730 2288 μὲν
2760 2215 2854 2272 οὖν
2881 2219 2956 2282 ὠς
3006 2221 3087 2282 είς
3128 2218 3220 2271 τὸν
3259 2218 3488 2289 οὐρανὸν
3528 2219 3835 2292 ἀνελήφθη,

2246 2310 2431 2375 δοῦλος
2469 2312 2578 2384 7&9
2597 2307 2665 2384 ἦν
2689 2329 2703 2343 ·
2733 2314 2761 2365 6
2791 2311 2846 2365 δέ
2887 2310 3098 2382 Ἰησοῦς
3124 2314 3206 2376 είς
3226 2311 3319 2365 τὸν
3342 2312 3592 2382 οὐρανὸν,
3622 2313 3834 2367 Δεσπό-

2245 2420 2346 2476 της
2382 2404 2489 2476 γάρ
2534 2400 2635 2475 ἦν·
2676 2405 2883 2468 ἐκεῖνος
2931 2406 2990 2458 ἐν
3038 2404 3245 2476 άρματι
3283 2404 3513 2477 πυρίνῳ,
3564 2399 3721 2470 οὗτος
3772 2407 3835 2458 ἐν

2246 2496 2463 2569 νεφέλῃ.
2496 2499 2623 2551 Ὅτε
2650 2498 2747 2568 μὲν
2775 2497 2883 2569 γὰρ
2903 2497 2994 2551 τὸν
3013 2497 3199 2551 δοῦλον
3227 2498 3333 2551 ἔδει
3364 2497 3654 2570 κληθῆναι,
3674 2500 3834 2571 ἅρμα

2246 2590 2524 2658 ἐπέμπετο
2550 2605 2565 2621 ’
2592 2589 2719 2642 ὃταν
2744 2588 2800 2641 δὲ
2835 2588 2927 2641 τὸν
2976 2588 3125 2653 Υίὸν,
3161 2587 3353 2660 θρόνος
3388 2588 3665 2658 βασιλικός
3689 2608 3700 2618 ο
3732 2592 3833 2644 καὶ

2244 2682 2366 2752 οὐχὶ
2401 2680 2586 2745 ἀπλῶς
2610 2678 2887 2750 βασιλικὸς
2909 2679 3119 2751 θρόνος,
3143 2678 3258 2734 ἀλλ’
3287 2679 3451 2743 αὐτὸς
3481 2682 3510 2733 6
3537 2681 3831 2750 πατρικός.

2246 2775 2355 2828 Καὶ
2379 2774 2488 2845 7&9
2520 2773 2649 2844 περὶ
2697 2773 2793 2827 τοῦ
2839 2773 3055 2844 Πατρός
3091 2789 3255 2845 φησιν
3297 2774 3325 2827 ό
3370 2772 3626 2837 Ἡσαΐας,
3681 2773 3833 2828 Ἰδοὺ

2244 2868 2463 2936 Κύριος
2489 2865 2735 2935 κάθηται
2776 2866 2874 2920 ἐπὶ
2914 2865 3178 2936 νεφέλης
3199 2867 3453 2935 κούρης.
3504 2865 3658 2919 Ἐπεὶ
3682 2862 3776 2920 οὖν
3801 2867 3834 2920 6

2246 2959 2435 3031 Πατὴρ
2461 2960 2554 3013 ἐπὶ
2598 2960 2828 3030 νεφέλης
2866 2959 3122 3030 κάθηται,
3153 2959 3243 3014 διά
3267 2959 3426 3013 τοῦτο
3480 2960 3575 3014 καὶ
3600 2956 3679 3030 τῷ
3712 2956 3829 3028 Υἱῷ

2245 3049 2345 3120 τὴν
2392 3049 2621 3121 νεφέλην
2672 3049 2906 3119 έπεμψε.
2960 3051 3072 3104 Καὶ
3120 3052 3150 3103 6
3203 3050 3303 3121 μὲν
3365 3050 3554 3113 Ἠλίας
3589 3049 3833 3104 ἀνελθὼν

2244 3140 2425 3209 ἀφῆκε
2481 3139 2737 3209 μηλωτὴν
2781 3139 2874 3192 ἐπὶ
2927 3138 3019 3193 τὸν
3068 3140 3409 3194 Ἐλισσαῖον·
3447 3143 3477 3195 6
3523 3140 3583 3194 δέ
3619 3138 3837 3212 Ἰησοῦς

2247 3230 2453 3295 ἀναϐὰς
2476 3231 2654 3301 ἀφῆκε
2681 3231 3000 3303 χαρίσματα
3027 3232 3119 3285 ἐπὶ
3141 3233 3269 3297 τοὺς
3303 3231 3577 3311 μαθητάς,
3601 3233 3703 3303 οὐχ
3727 3233 3835 3291 ινα

2248 3326 2538 3397 προφήτην
2593 3323 2881 3389 ποιοῦντα,
2943 3323 3081 3377 ἀλλά
3141 3325 3369 3395 μυρίους
3425 3324 3767 3391 Ἐλισσαίους
3813 3340 3831 3358 ⁸

2249 3412 2452 3483 μᾶλλον
2476 3412 2533 3466 δὲ
2560 3413 2772 3468 ἐκείνου
2812 3412 2995 3484 πολλῷ
3021 3414 3242 3483 μείζους
3264 3416 3360 3468 καὶ
3388 3414 3829 3489 λαμπροτέρους.

2244 3504 2633 3575 Διαναστῶμεν
2654 3504 2856 3569 τοίνυν,
2884 3506 3184 3577 ἀγαπητοὶ,
3216 3507 3311 3560 καὶ
3342 3507 3481 3578 πρὸς
3501 3508 3598 3578 τὴν
3632 3508 3833 3564 ἐπάνο-

2244 3595 2335 3650 δον
2389 3596 2609 3669 ἐκείνην
2666 3596 2972 3667 βλέψωμεν.
3010 3596 3118 3653 Καὶ
3164 3600 3272 3670 7&9
3303 3600 3335 3652 6
3363 3599 3574 3664 Παῦλός
3623 3617 3829 3671 φησιν,

2244 3689 2440 3755 Αὐτὸς
2494 3688 2893 3755 καταϐήσεται
2942 3692 3044 3749 ἀπ’
3091 3691 3351 3759 οὐρανοῦ
3402 3695 3436 3749 ό
3487 3693 3702 3760 Κύριος
3752 3694 3830 3747 ἐν

2246 3782 2631 3851 κελεύσματι,
2675 3781 2746 3837 ἐν
2769 3781 2941 3852 φωνῇ’
2972 3783 3380 3853 ἀρχαγγέλου·
3427 3784 3524 3838 καί
3559 3784 3731 3854 ἡμεῖς
3767 3787 3831 3840 οι

2247 3874 2458 3942 ζῶντες
2480 3913 2495 3935 .
2553 3880 2607 3932 οί
2654 3878 3137 3946 περιλειπόμενοι
3155 3916 3171 3940 ,
3239 3877 3710 3947 ἁρπαγησόμεθα
3754 3878 3833 3934 ἐν

2244 3967 2528 4038 νεφέλαις
2558 3970 2647 4035 εις
2668 3966 3015 4037 ἀπάντησιν
3035 3966 3141 4022 τοῦ
3155 3970 3377 4039 Κιφίου
3410 3972 3498 4034 εις
3516 3969 3683 4039 ἀέρα,
3708 3971 3829 4027 ἀλλ’

2244 4066 2304 4119 οὐ
2342 4065 2563 4129 πάντες.
2594 4064 2720 4119 Ὅτι
2746 4063 2855 4134 7&9
2887 4065 2948 4117 οὐ
2974 4063 3177 4131 πάντες
3212 4064 3675 4137 ἁρπαγησόμεθα,
3706 4064 3830 4121 ἀλλ’

2245 4158 2294 4210 οἱ
2341 4155 2441 4226 μὲν
2491 4155 2765 4227 μενοῦσιν,
2817 4156 2869 4208 οί
2917 4155 2975 4209 δὲ
3007 4156 3444 4228 ἀρπαγήσονται,
3488 4158 3720 4213 ἄκουσον
3770 4158 3831 4213 τί

2246 4265 2408 4318 φησιν
2460 4250 2489 4301 6
2532 4247 2789 4319 Χριστός·
2821 4248 2973 4301 Πότε
3027 4247 3458 4316 εὑρεθήσονται
3492 4248 3603 4303 δύο
3644 4248 3715 4302 ἐν
3744 4246 3829 4314 τῷ

2238 4341 2472 4410 μύλωνι
2494 4337 2835 4405 ἀλήθουσαι
2852 4353 2868 4369 ’
2879 4338 2991 4407 μία
3023 4336 3568 4407 παραλαμϐάνεται,
3597 4339 3697 4394 καί
3713 4340 3828 4409 μία

2243 4430 2478 4499 ἀφίεται
2500 4443 2514 4457 ο
2544 4428 2643 4481 καί
2693 4427 2803 4482 δύο
2834 4427 3081 4482 ἔσονται
3132 4428 3232 4482 ἐπί
3265 4429 3480 4497 κλίνης
3514 4428 3657 4500 μιᾶς
3682 4446 3694 4459 ·
3736 4428 3828 4498 εἴς

2245 4519 2787 4592 παραλαμϐάνεται,
2823 4520 2921 4574 καί
2959 4514 3047 4586 εἷς
3082 4519 3337 4589 ἀφίεται.
3374 4520 3440 4572 Τί
3486 4520 3735 4591 βούλεται
3763 4506 3830 4575 τδ

2244 4619 2472 4687 αἴνιγμα
2519 4615 2715 4679 τοῦτο;
2748 4614 2799 4666 τί
2831 4612 3077 4682 βούλεται
3129 4612 3191 4665 τὸ
3222 4613 3519 4684 μυστήριον
3555 4612 3716 4667 τοῦτο
3760 4615 3826 4668 τὸ

2244 4708 2587 4778 ἀπόρρητον;
2608 4704 2706 4767 Διά
2726 4704 2818 4758 τοῦ
2860 4704 3028 4776 μύλου
3061 4706 3185 4768 τοὺς
3210 4706 3269 4758 ἐν
3295 4706 3457 4775 πενίᾳ
3487 4703 3696 4769 ζῶντας
3729 4706 3828 4760 καὶ

2244 4797 2588 4869 ταλαιπωρίᾳ
2613 4798 2820 4861 πάντας
2847 4798 2981 4867 ήμῖν
3005 4796 3271 4867 ἐδήλωσευ
3306 4795 3398 4850 διὰ
3435 4797 3491 4850 δέ
3513 4798 3613 4867 τῆς
3634 4797 3825 4869 κλίνης

2245 4895 2341 4949 καὶ
2367 4894 2467 4964 τῆς
2506 4893 2870 4955 ἀναπαύσεως
2897 4893 3024 4955 τοὺς
3060 4894 3119 4945 ἐν
3145 4891 3362 4963 πλούτῳ
3392 4893 3489 4946 καὶ
3509 4894 3642 4965 τιμῇ
3682 4893 3826 4946 πάν-

2244 5010 2343 5057 τας
2398 4992 2637 5063 ᾑνίξατο.
2700 4990 2810 5043 Καὶ
2865 4988 3186 5059 βουλόμενος
3217 4987 3388 5056 δεῖξαι
3441 4989 3525 5041 ὅτι
3579 4986 3673 5042 καὶ
3717 4989 3826 5042 ἀπὸ

2247 5090 2497 5159 πενήτων
2545 5085 2811 5151 σώζονται
2843 5084 2940 5139 καὶ
2971 5083 3331 5150 ἀπόλλυνται,
3383 5077 3569 5151 εῐπεν,
3601 5083 3685 5137 δτι
3729 5085 3827 5147 καὶ

2246 5185 2354 5239 τῶν
2407 5187 2466 5237 ἐν
2515 5183 2592 5255 τῷ
2634 5182 2837 5255 μύλωνι
2872 5181 2971 5253 μία
3004 5178 3521 5253 παραλαμϐάνεται,
3579 5182 3675 5241 καὶ
3724 5182 3827 5251 μία

2246 5281 2505 5349 ἀφίεται·
2542 5281 2637 5334 καὶ
2664 5279 2774 5332 τῶν
2808 5280 2867 5332 ἐν
2898 5280 2965 5348 τῇ
2999 5277 3155 5347 κλίνῃ
3198 5270 3279 5339 εἷς
3311 5274 3826 5348 παραλαμϐάνεται,

2248 5381 2341 5435 καὶ
2370 5377 2450 5443 εἷς
2478 5378 2702 5447 ἀφίεται
2720 5393 2737 5408 ο
2764 5375 2939 5448 δηλῶν
2964 5376 3048 5429 ὅτι
3076 5376 3126 5428 οί
3174 5375 3273 5445 μὲν
3303 5372 3615 5445 ἁμαρτωλοὶ
3640 5373 3830 5441 ἀφίεν-

2245 5494 2334 5530 ται
2361 5473 2597 5529 ἐνταῦθα
2624 5475 2722 5528 καὶ
2753 5473 2975 5545 μένουσι
3003 5472 3100 5542 τὴν
3125 5473 3398 5543 τιμωρίαν
3417 5486 3431 5502 °
3469 5472 3519 5525 οί
3543 5470 3601 5525 δὲ
3627 5469 3826 5529 δίκαιοι

2247 5573 2581 5647 ἀρπάζονται
2611 5574 2692 5636 εἰς
2718 5570 2818 5635 τάς
2840 5569 3085 5639 νεφέλας.
3121 5567 3388 5639 Καθάπερ
3424 5567 3536 5638 γὰρ
3563 5566 3825 5638 βασιλέως

2247 5673 2328 5735 εἰς
2376 5671 2530 5724 πόλιν
2578 5668 2996 5730 εἰσελαύνοντος.
3050 5668 3100 5720 οί
3146 5665 3245 5737 μὲν
3298 5667 3356 5720 ἐν
3404 5664 3679 5735 ἀξιώμασι
3731 5667 3826 5718 καὶ

2250 5770 2468 5836 ἀρχαῖς,
2498 5769 2590 5822 καὶ
2626 5766 2825 5837 πολλὴν
2857 5765 2991 5835 πρὸς
3024 5764 3187 5820 αὐτὸν
3229 5763 3543 5835 παρρησίαν
3576 5762 3794 5833 ἔχοντες
3805 5799 3825 5830 ,
