  <div class='ocr_page' id='page_1' title='image "/cluster/home/n/w/nwhite01/storage/ocr_20150623/50:no.2:pt.2/coo.31924054869494/046.png"; bbox 0 0 4130 6476; ppageno 0'>
   <div class='ocr_carea' id='block_1_1' title="bbox 300 443 397 503">
    <p class='ocr_par' dir='ltr' id='par_1_1' title="bbox 300 443 397 503">
     <span class='ocr_line' id='line_1_1' title="bbox 300 443 397 503; baseline -0.021 0"><span class='ocrx_word' id='word_1_1' title='bbox 300 443 397 503; x_wconf 64' lang='grc'><strong>819</strong></span> 
     </span>
    </p>
   </div>
   <div class='ocr_carea' id='block_1_2' title="bbox 296 541 1871 626">
    <p class='ocr_par' dir='ltr' id='par_1_2' title="bbox 296 541 1871 626">
     <span class='ocr_line' id='line_1_2' title="bbox 296 541 1871 626; baseline -0.014 -13"><span class='ocrx_word' id='word_1_2' title='bbox 296 562 534 626; x_wconf 68' lang='lat' dir='ltr'><strong>superna:</strong></span> <span class='ocrx_word' id='word_1_3' title='bbox 564 544 731 607; x_wconf 63' lang='lat' dir='ltr'><strong>turbae</strong></span> <span class='ocrx_word' id='word_1_4' title='bbox 757 544 992 604; x_wconf 72' lang='lat' dir='ltr'><strong>imtitiam</strong></span> <span class='ocrx_word' id='word_1_5' title='bbox 1022 552 1183 615; x_wconf 77' lang='lat' dir='ltr'><strong>super</strong></span> <span class='ocrx_word' id='word_1_6' title='bbox 1210 552 1391 598; x_wconf 70' lang='lat' dir='ltr'><strong>neutra</strong></span> <span class='ocrx_word' id='word_1_7' title='bbox 1420 541 1871 598; x_wconf 72' lang='lat' dir='ltr'><strong>retonciliationc.</strong></span> 
     </span>
    </p>
   </div>
   <div class='ocr_carea' id='block_1_3' title="bbox 297 629 1879 714">
    <p class='ocr_par' dir='ltr' id='par_1_3' title="bbox 297 629 1879 714">
     <span class='ocr_line' id='line_1_3' title="bbox 297 629 1879 714; baseline -0.01 -13"><span class='ocrx_word' id='word_1_8' title='bbox 297 644 511 714; x_wconf 79' lang='lat' dir='ltr'><strong>Quando</strong></span> <span class='ocrx_word' id='word_1_9' title='bbox 561 642 706 698; x_wconf 80' lang='lat' dir='ltr'><strong>enim</strong></span> <span class='ocrx_word' id='word_1_10' title='bbox 752 639 1005 693; x_wconf 77' lang='lat' dir='ltr'><strong>Dominus</strong></span> <span class='ocrx_word' id='word_1_11' title='bbox 1042 642 1226 691; x_wconf 87' lang='lat' dir='ltr'><strong>noster</strong></span> <span class='ocrx_word' id='word_1_12' title='bbox 1254 640 1409 688; x_wconf 80' lang='lat' dir='ltr'><strong>natus</strong></span> <span class='ocrx_word' id='word_1_13' title='bbox 1458 641 1543 687; x_wconf 85' lang='lat' dir='ltr'><strong>est</strong></span> <span class='ocrx_word' id='word_1_14' title='bbox 1582 629 1879 686; x_wconf 84' lang='lat' dir='ltr'><strong>secundum</strong></span> 
     </span>
    </p>
   </div>
   <div class='ocr_carea' id='block_1_4' title="bbox 298 721 1877 801">
    <p class='ocr_par' dir='ltr' id='par_1_4' title="bbox 298 721 1877 801">
     <span class='ocr_line' id='line_1_4' title="bbox 298 721 1877 801; baseline -0.012 -9"><span class='ocrx_word' id='word_1_15' title='bbox 298 738 530 801; x_wconf 72' lang='lat' dir='ltr'><strong>carnem,</strong></span> <span class='ocrx_word' id='word_1_16' title='bbox 559 748 627 788; x_wconf 76' lang='lat' dir='ltr'><strong>ex</strong></span> <span class='ocrx_word' id='word_1_17' title='bbox 655 746 722 786; x_wconf 90' lang='lat' dir='ltr'><strong>eo</strong></span> <span class='ocrx_word' id='word_1_18' title='bbox 743 729 996 798; x_wconf 77' lang='lat' dir='ltr'><strong>deinceps</strong></span> <span class='ocrx_word' id='word_1_19' title='bbox 1024 726 1328 782; x_wconf 87' lang='lat' dir='ltr'><strong>hominibus</strong></span> <span class='ocrx_word' id='word_1_20' title='bbox 1357 725 1531 794; x_wconf 86' lang='lat' dir='ltr'><strong>ipsum</strong></span> <span class='ocrx_word' id='word_1_21' title='bbox 1561 721 1877 778; x_wconf 86' lang='lat' dir='ltr'><strong>reconcilia-</strong></span> 
     </span>
    </p>
   </div>
   <div class='ocr_carea' id='block_1_5' title="bbox 301 810 1879 888">
    <p class='ocr_par' dir='ltr' id='par_1_5' title="bbox 301 810 1879 888">
     <span class='ocr_line' id='line_1_5' title="bbox 301 810 1879 888; baseline -0.01 -6"><span class='ocrx_word' id='word_1_22' title='bbox 301 840 403 883; x_wconf 86' lang='lat' dir='ltr'><strong>tum</strong></span> <span class='ocrx_word' id='word_1_23' title='bbox 431 830 744 888; x_wconf 78' lang='lat' dir='ltr'><strong>cernentes;</strong></span> <span class='ocrx_word' id='word_1_24' title='bbox 776 835 884 877; x_wconf 81' lang='lat' dir='ltr'><strong>non</strong></span> <span class='ocrx_word' id='word_1_25' title='bbox 912 818 1077 883; x_wconf 76' lang='lat' dir='ltr'><strong>sitim,</strong></span> <span class='ocrx_word' id='word_1_26' title='bbox 1106 816 1152 875; x_wconf 85' lang='lat' dir='ltr'><strong>si</strong></span> <span class='ocrx_word' id='word_1_27' title='bbox 1193 814 1565 873; x_wconf 75' lang='lat' dir='ltr'><strong>reuonciliatus</strong></span> <span class='ocrx_word' id='word_1_28' title='bbox 1603 829 1715 868; x_wconf 82' lang='lat' dir='ltr'><strong>non</strong></span> <span class='ocrx_word' id='word_1_29' title='bbox 1747 810 1879 867; x_wconf 78' lang='lat' dir='ltr'><strong>tuis-</strong></span> 
     </span>
    </p>
   </div>
   <div class='ocr_carea' id='block_1_6' title="bbox 300 905 1877 988">
    <p class='ocr_par' dir='ltr' id='par_1_6' title="bbox 300 905 1877 988">
     <span class='ocr_line' id='line_1_6' title="bbox 300 905 1877 988; baseline -0.01 -13"><span class='ocrx_word' id='word_1_30' title='bbox 300 926 392 982; x_wconf 87' lang='lat' dir='ltr'><strong>set,</strong></span> <span class='ocrx_word' id='word_1_31' title='bbox 420 926 591 988; x_wconf 85' lang='lat' dir='ltr'><strong>usque</strong></span> <span class='ocrx_word' id='word_1_32' title='bbox 614 914 750 970; x_wconf 82' lang='lat' dir='ltr'><strong>adeo</strong></span> <span class='ocrx_word' id='word_1_33' title='bbox 780 911 1180 976; x_wconf 71' lang='lat' dir='ltr'><strong>descendisset;</strong></span> <span class='ocrx_word' id='word_1_34' title='bbox 1209 916 1493 968; x_wconf 83' lang='lat' dir='ltr'><strong>cernentes</strong></span> <span class='ocrx_word' id='word_1_35' title='bbox 1538 921 1667 977; x_wconf 85' lang='lat' dir='ltr'><strong>ergo</strong></span> <span class='ocrx_word' id='word_1_36' title='bbox 1697 905 1836 963; x_wconf 88' lang='lat' dir='ltr'><strong>istud</strong></span> <span class='ocrx_word' id='word_1_37' title='bbox 1862 946 1877 970; x_wconf 90' lang='lat'><strong>,</strong></span> 
     </span>
    </p>
   </div>
   <div class='ocr_carea' id='block_1_7' title="bbox 299 996 1881 1065">
    <p class='ocr_par' dir='ltr' id='par_1_7' title="bbox 299 996 1881 1065">
     <span class='ocr_line' id='line_1_7' title="bbox 299 996 1881 1065; baseline -0.009 0"><span class='ocrx_word' id='word_1_38' title='bbox 299 1010 471 1065; x_wconf 80' lang='lat' dir='ltr'><strong>choris</strong></span> <span class='ocrx_word' id='word_1_39' title='bbox 496 1007 551 1063; x_wconf 90' lang='lat' dir='ltr'><strong>in</strong></span> <span class='ocrx_word' id='word_1_40' title='bbox 577 1016 718 1063; x_wconf 79' lang='lat' dir='ltr'><strong>terra</strong></span> <span class='ocrx_word' id='word_1_41' title='bbox 745 1004 955 1060; x_wconf 73' lang='lat' dir='ltr'><strong>Statutis</strong></span> <span class='ocrx_word' id='word_1_42' title='bbox 983 1001 1351 1059; x_wconf 76' lang='lat' dir='ltr'><strong>exclamabant</strong></span> <span class='ocrx_word' id='word_1_43' title='bbox 1378 1016 1392 1054; x_wconf 86' lang='lat'><strong>:</strong></span> <span class='ocrx_word' id='word_1_44' title='bbox 1433 997 1611 1054; x_wconf 74' lang='lat' dir='ltr'><strong>Gloria</strong></span> <span class='ocrx_word' id='word_1_45' title='bbox 1635 999 1693 1052; x_wconf 83' lang='lat' dir='ltr'><strong>in</strong></span> <span class='ocrx_word' id='word_1_46' title='bbox 1718 996 1881 1052; x_wconf 75' lang='lat' dir='ltr'><strong>excel-</strong></span> 
     </span>
    </p>
   </div>
   <div class='ocr_carea' id='block_1_8' title="bbox 302 1091 1887 1163">
    <p class='ocr_par' dir='ltr' id='par_1_8' title="bbox 302 1091 1887 1163">
     <span class='ocr_line' id='line_1_8' title="bbox 302 1091 1887 1163; baseline -0.004 -9"><span class='ocrx_word' id='word_1_47' title='bbox 302 1102 366 1155; x_wconf 86' lang='lat' dir='ltr'><strong>sis</strong></span> <span class='ocrx_word' id='word_1_48' title='bbox 390 1100 494 1154; x_wconf 84' lang='lat' dir='ltr'><strong>Deo</strong></span> <span class='ocrx_word' id='word_1_49' title='bbox 523 1114 544 1155; x_wconf 88' lang='lat'><strong><em>:</em></strong></span> <span class='ocrx_word' id='word_1_50' title='bbox 568 1107 619 1154; x_wconf 87' lang='lat' dir='ltr'><strong>et</strong></span> <span class='ocrx_word' id='word_1_51' title='bbox 659 1097 711 1151; x_wconf 72' lang='lat' dir='ltr'><strong>in</strong></span> <span class='ocrx_word' id='word_1_52' title='bbox 740 1105 873 1151; x_wconf 81' lang='lat' dir='ltr'><strong>terra</strong></span> <span class='ocrx_word' id='word_1_53' title='bbox 903 1110 1043 1163; x_wconf 74' lang='lat' dir='ltr'><strong>pax,</strong></span> <span class='ocrx_word' id='word_1_54' title='bbox 1068 1094 1123 1148; x_wconf 89' lang='lat' dir='ltr'><strong>in</strong></span> <span class='ocrx_word' id='word_1_55' title='bbox 1148 1091 1434 1149; x_wconf 69' lang='lat' dir='ltr'><strong>honunibus</strong></span> <span class='ocrx_word' id='word_1_56' title='bbox 1480 1092 1611 1147; x_wconf 80' lang='lat' dir='ltr'><strong>bona</strong></span> <span class='ocrx_word' id='word_1_57' title='bbox 1653 1091 1887 1147; x_wconf 79' lang='lat' dir='ltr'><strong>voluntas</strong></span> 
     </span>
    </p>
   </div>
   <div class='ocr_carea' id='block_1_9' title="bbox 302 1167 1889 1263">
    <p class='ocr_par' dir='ltr' id='par_1_9' title="bbox 302 1167 1889 1263">
     <span class='ocr_line' id='line_1_9' title="bbox 302 1167 1889 1263; baseline -0.008 -18"><span class='ocrx_word' id='word_1_58' title='bbox 302 1191 442 1261; x_wconf 78' lang='lat' dir='ltr'><strong>(Luc.</strong></span> <span class='ocrx_word' id='word_1_59' title='bbox 472 1190 529 1244; x_wconf 75' lang='lat'><strong>2.</strong></span> <span class='ocrx_word' id='word_1_60' title='bbox 562 1188 672 1259; x_wconf 75' lang='lat' dir='ltr'><strong>is).</strong></span> <span class='ocrx_word' id='word_1_61' title='bbox 702 1187 774 1263; x_wconf 78' lang='grc' dir='ltr'><strong>Ει</strong></span> <span class='ocrx_word' id='word_1_62' title='bbox 801 1167 1091 1252; x_wconf 66' lang='grc' dir='ltr'><strong>ιη’άίεειε,</strong></span> <span class='ocrx_word' id='word_1_63' title='bbox 1123 1183 1266 1255; x_wconf 85' lang='lat' dir='ltr'><strong>quod</strong></span> <span class='ocrx_word' id='word_1_64' title='bbox 1295 1183 1365 1238; x_wconf 87' lang='lat' dir='ltr'><strong>ob</strong></span> <span class='ocrx_word' id='word_1_65' title='bbox 1393 1182 1444 1238; x_wconf 91' lang='lat' dir='ltr'><strong>id</strong></span> <span class='ocrx_word' id='word_1_66' title='bbox 1469 1180 1889 1252; x_wconf 57' lang='lat' dir='ltr'><strong>gloriﬁcaverunt</strong></span> 
     </span>
    </p>
   </div>
   <div class='ocr_carea' id='block_1_10' title="bbox 305 1274 1887 1352">
    <p class='ocr_par' dir='ltr' id='par_1_10' title="bbox 305 1274 1887 1352">
     <span class='ocr_line' id='line_1_10' title="bbox 305 1274 1887 1352; baseline -0.006 -14"><span class='ocrx_word' id='word_1_67' title='bbox 305 1283 459 1338; x_wconf 83' lang='lat' dir='ltr'><strong>Deum</strong></span> <span class='ocrx_word' id='word_1_68' title='bbox 483 1322 499 1349; x_wconf 92' lang='lat'><strong>,</strong></span> <span class='ocrx_word' id='word_1_69' title='bbox 530 1290 815 1352; x_wconf 74' lang='lat' dir='ltr'><strong>postquam</strong></span> <span class='ocrx_word' id='word_1_70' title='bbox 846 1288 986 1333; x_wconf 88' lang='lat' dir='ltr'><strong>terra</strong></span> <span class='ocrx_word' id='word_1_71' title='bbox 1024 1275 1225 1345; x_wconf 82' lang='lat' dir='ltr'><strong>recepit</strong></span> <span class='ocrx_word' id='word_1_72' title='bbox 1268 1275 1404 1333; x_wconf 79' lang='lat' dir='ltr'><strong>bona</strong></span> <span class='ocrx_word' id='word_1_73' title='bbox 1427 1315 1442 1340; x_wconf 93' lang='lat'><strong>,</strong></span> <span class='ocrx_word' id='word_1_74' title='bbox 1469 1274 1629 1331; x_wconf 82' lang='lat' dir='ltr'><strong>etiam</strong></span> <span class='ocrx_word' id='word_1_75' title='bbox 1666 1288 1887 1329; x_wconf 76' lang='lat' dir='ltr'><strong>causam</strong></span> 
     </span>
    </p>
   </div>
   <div class='ocr_carea' id='block_1_11' title="bbox 307 1365 1888 1436">
    <p class='ocr_par' dir='ltr' id='par_1_11' title="bbox 307 1365 1888 1436">
     <span class='ocr_line' id='line_1_11' title="bbox 307 1365 1888 1436; baseline -0.004 -11"><span class='ocrx_word' id='word_1_76' title='bbox 307 1372 677 1436; x_wconf 72' lang='lat' dir='ltr'><strong>adduxerunt,</strong></span> <span class='ocrx_word' id='word_1_77' title='bbox 724 1368 1009 1424; x_wconf 82' lang='lat' dir='ltr'><strong>dicentes:</strong></span> <span class='ocrx_word' id='word_1_78' title='bbox 1042 1365 1111 1420; x_wconf 87' lang='grc' dir='ltr'><strong>1η</strong></span> <span class='ocrx_word' id='word_1_79' title='bbox 1164 1376 1299 1421; x_wconf 82' lang='lat' dir='ltr'><strong>terra</strong></span> <span class='ocrx_word' id='word_1_80' title='bbox 1341 1380 1474 1435; x_wconf 66' lang='lat' dir='ltr'><strong>pas,</strong></span> <span class='ocrx_word' id='word_1_81' title='bbox 1500 1365 1554 1419; x_wconf 85' lang='lat' dir='ltr'><strong>in</strong></span> <span class='ocrx_word' id='word_1_82' title='bbox 1602 1365 1888 1419; x_wconf 55' lang='lat' dir='ltr'><strong>[iuuenibus</strong></span> 
     </span>
    </p>
   </div>
   <div class='ocr_carea' id='block_1_12' title="bbox 303 1456 1889 1527">
    <p class='ocr_par' dir='ltr' id='par_1_12' title="bbox 303 1456 1889 1527">
     <span class='ocr_line' id='line_1_12' title="bbox 303 1456 1889 1527; baseline -0.003 -10"><span class='ocrx_word' id='word_1_83' title='bbox 303 1462 423 1517; x_wconf 69' lang='lat' dir='ltr'><strong>bona</strong></span> <span class='ocrx_word' id='word_1_84' title='bbox 449 1462 684 1517; x_wconf 73' lang='lat' dir='ltr'><strong>vobtntas</strong></span> <span class='ocrx_word' id='word_1_85' title='bbox 711 1476 732 1514; x_wconf 89' lang='lat'><strong><em>:</em></strong></span> <span class='ocrx_word' id='word_1_86' title='bbox 764 1458 1091 1521; x_wconf 83' lang='lat' dir='ltr'><strong>hominibus,</strong></span> <span class='ocrx_word' id='word_1_87' title='bbox 1123 1457 1336 1527; x_wconf 77' lang='lat' dir='ltr'><strong>inquam</strong></span> <span class='ocrx_word' id='word_1_88' title='bbox 1359 1497 1373 1519; x_wconf 89' lang='lat'><strong>,</strong></span> <span class='ocrx_word' id='word_1_89' title='bbox 1403 1456 1494 1525; x_wconf 87' lang='lat' dir='ltr'><strong>qui</strong></span> <span class='ocrx_word' id='word_1_90' title='bbox 1534 1464 1688 1511; x_wconf 84' lang='lat' dir='ltr'><strong>erant</strong></span> <span class='ocrx_word' id='word_1_91' title='bbox 1728 1463 1889 1513; x_wconf 73' lang='lat' dir='ltr'><strong>antea</strong></span> 
     </span>
    </p>
   </div>
   <div class='ocr_carea' id='block_1_13' title="bbox 304 1546 1886 1620">
    <p class='ocr_par' dir='ltr' id='par_1_13' title="bbox 304 1546 1886 1620">
     <span class='ocr_line' id='line_1_13' title="bbox 304 1546 1886 1620; baseline -0.005 -12"><span class='ocrx_word' id='word_1_92' title='bbox 304 1556 476 1609; x_wconf 81' lang='lat' dir='ltr'><strong>hostes</strong></span> <span class='ocrx_word' id='word_1_93' title='bbox 497 1550 788 1616; x_wconf 82' lang='lat' dir='ltr'><strong>declarati,</strong></span> <span class='ocrx_word' id='word_1_94' title='bbox 817 1560 873 1606; x_wconf 84' lang='lat' dir='ltr'><strong>et</strong></span> <span class='ocrx_word' id='word_1_95' title='bbox 918 1548 1133 1620; x_wconf 88' lang='lat' dir='ltr'><strong>ingrati.</strong></span> <span class='ocrx_word' id='word_1_96' title='bbox 1164 1546 1352 1602; x_wconf 75' lang='lat' dir='ltr'><strong>Vidisti</strong></span> <span class='ocrx_word' id='word_1_97' title='bbox 1389 1562 1496 1616; x_wconf 89' lang='lat' dir='ltr'><strong>quo</strong></span> <span class='ocrx_word' id='word_1_98' title='bbox 1533 1555 1689 1615; x_wconf 85' lang='lat' dir='ltr'><strong>pacto</strong></span> <span class='ocrx_word' id='word_1_99' title='bbox 1718 1546 1886 1609; x_wconf 82' lang='lat' dir='ltr'><strong>Deum</strong></span> 
     </span>
    </p>
   </div>
   <div class='ocr_carea' id='block_1_14' title="bbox 303 1637 1886 1707">
    <p class='ocr_par' dir='ltr' id='par_1_14' title="bbox 303 1637 1886 1707">
     <span class='ocr_line' id='line_1_14' title="bbox 303 1637 1886 1707; baseline -0.004 -10"><span class='ocrx_word' id='word_1_100' title='bbox 303 1644 364 1698; x_wconf 84' lang='lat' dir='ltr'><strong>de</strong></span> <span class='ocrx_word' id='word_1_101' title='bbox 386 1643 572 1699; x_wconf 84' lang='lat' dir='ltr'><strong>alienis</strong></span> <span class='ocrx_word' id='word_1_102' title='bbox 601 1642 769 1697; x_wconf 85' lang='lat' dir='ltr'><strong>bonis</strong></span> <span class='ocrx_word' id='word_1_103' title='bbox 787 1640 999 1697; x_wconf 83' lang='lat' dir='ltr'><strong>laudent</strong></span> <span class='ocrx_word' id='word_1_104' title='bbox 1021 1680 1035 1705; x_wconf 92' lang='lat'><strong>,</strong></span> <span class='ocrx_word' id='word_1_105' title='bbox 1066 1648 1160 1695; x_wconf 81' lang='lat' dir='ltr'><strong>aut</strong></span> <span class='ocrx_word' id='word_1_106' title='bbox 1188 1637 1366 1707; x_wconf 86' lang='lat' dir='ltr'><strong>potius</strong></span> <span class='ocrx_word' id='word_1_107' title='bbox 1390 1638 1459 1692; x_wconf 89' lang='lat' dir='ltr'><strong>de</strong></span> <span class='ocrx_word' id='word_1_108' title='bbox 1482 1637 1731 1706; x_wconf 76' lang='lat' dir='ltr'><strong>propriis,</strong></span> <span class='ocrx_word' id='word_1_109' title='bbox 1763 1651 1886 1691; x_wconf 85' lang='lat' dir='ltr'><strong>cum</strong></span> 
     </span>
    </p>
   </div>
   <div class='ocr_carea' id='block_1_15' title="bbox 306 1726 1882 1796">
    <p class='ocr_par' dir='ltr' id='par_1_15' title="bbox 306 1726 1882 1796">
     <span class='ocr_line' id='line_1_15' title="bbox 306 1726 1882 1796; baseline -0.006 -7"><span class='ocrx_word' id='word_1_110' title='bbox 306 1741 479 1789; x_wconf 77' lang='lat' dir='ltr'><strong>nostra</strong></span> <span class='ocrx_word' id='word_1_111' title='bbox 504 1733 649 1787; x_wconf 87' lang='lat' dir='ltr'><strong>bona</strong></span> <span class='ocrx_word' id='word_1_112' title='bbox 673 1745 773 1786; x_wconf 82' lang='lat' dir='ltr'><strong>sua</strong></span> <span class='ocrx_word' id='word_1_113' title='bbox 805 1744 926 1785; x_wconf 82' lang='lat' dir='ltr'><strong>esse</strong></span> <span class='ocrx_word' id='word_1_114' title='bbox 968 1730 1198 1785; x_wconf 83' lang='lat' dir='ltr'><strong>ducant:</strong></span> <span class='ocrx_word' id='word_1_115' title='bbox 1233 1726 1312 1782; x_wconf 76' lang='lat' dir='ltr'><strong>vis</strong></span> <span class='ocrx_word' id='word_1_116' title='bbox 1351 1727 1515 1781; x_wconf 89' lang='lat' dir='ltr'><strong>etiam</strong></span> <span class='ocrx_word' id='word_1_117' title='bbox 1554 1740 1715 1782; x_wconf 87' lang='lat' dir='ltr'><strong>nosse</strong></span> <span class='ocrx_word' id='word_1_118' title='bbox 1754 1741 1882 1796; x_wconf 83' lang='lat' dir='ltr'><strong>quo-</strong></span> 
     </span>
    </p>
   </div>
   <div class='ocr_carea' id='block_1_16' title="bbox 304 1816 1883 1890">
    <p class='ocr_par' dir='ltr' id='par_1_16' title="bbox 304 1816 1883 1890">
     <span class='ocr_line' id='line_1_16' title="bbox 304 1816 1883 1890; baseline -0.004 -12"><span class='ocrx_word' id='word_1_119' title='bbox 304 1823 454 1878; x_wconf 86' lang='lat' dir='ltr'><strong>tnodo</strong></span> <span class='ocrx_word' id='word_1_120' title='bbox 500 1824 665 1879; x_wconf 84' lang='lat' dir='ltr'><strong>etiam</strong></span> <span class='ocrx_word' id='word_1_121' title='bbox 716 1822 889 1890; x_wconf 85' lang='lat' dir='ltr'><strong>ipsum</strong></span> <span class='ocrx_word' id='word_1_122' title='bbox 941 1819 1323 1877; x_wconf 77' lang='lat' dir='ltr'><strong>ascendentem</strong></span> <span class='ocrx_word' id='word_1_123' title='bbox 1370 1816 1659 1888; x_wconf 77' lang='lat' dir='ltr'><strong>aliquando</strong></span> <span class='ocrx_word' id='word_1_124' title='bbox 1698 1816 1883 1885; x_wconf 86' lang='lat' dir='ltr'><strong>visuri,</strong></span> 
     </span>
    </p>
   </div>
   <div class='ocr_carea' id='block_1_17' title="bbox 304 1909 1886 1986">
    <p class='ocr_par' dir='ltr' id='par_1_17' title="bbox 304 1909 1886 1986">
     <span class='ocr_line' id='line_1_17' title="bbox 304 1909 1886 1986; baseline -0.004 -15"><span class='ocrx_word' id='word_1_125' title='bbox 304 1926 412 1975; x_wconf 85' lang='lat' dir='ltr'><strong>tum</strong></span> <span class='ocrx_word' id='word_1_126' title='bbox 471 1915 640 1986; x_wconf 79' lang='lat' dir='ltr'><strong>gavisi</strong></span> <span class='ocrx_word' id='word_1_127' title='bbox 705 1915 814 1970; x_wconf 88' lang='lat' dir='ltr'><strong>sint</strong></span> <span class='ocrx_word' id='word_1_128' title='bbox 868 1921 923 1971; x_wconf 88' lang='lat' dir='ltr'><strong>et</strong></span> <span class='ocrx_word' id='word_1_129' title='bbox 971 1910 1331 1971; x_wconf 74' lang='lat' dir='ltr'><strong>exsultatint?</strong></span> <span class='ocrx_word' id='word_1_130' title='bbox 1386 1910 1561 1981; x_wconf 87' lang='lat' dir='ltr'><strong>ipsum</strong></span> <span class='ocrx_word' id='word_1_131' title='bbox 1613 1909 1886 1965; x_wconf 75' lang='lat' dir='ltr'><strong>Christum</strong></span> 
     </span>
    </p>
   </div>
   <div class='ocr_carea' id='block_1_18' title="bbox 303 2002 1889 2074">
    <p class='ocr_par' dir='ltr' id='par_1_18' title="bbox 303 2002 1889 2074">
     <span class='ocr_line' id='line_1_18' title="bbox 303 2002 1889 2074; baseline -0.003 -12"><span class='ocrx_word' id='word_1_132' title='bbox 303 2008 559 2063; x_wconf 78' lang='lat' dir='ltr'><strong>dicentem</strong></span> <span class='ocrx_word' id='word_1_133' title='bbox 581 2006 708 2062; x_wconf 70' lang='lat' dir='ltr'><strong>audi</strong></span> <span class='ocrx_word' id='word_1_134' title='bbox 736 2024 749 2060; x_wconf 92' lang='lat'><strong>:</strong></span> <span class='ocrx_word' id='word_1_135' title='bbox 775 2005 1039 2074; x_wconf 75' lang='lat' dir='ltr'><strong>Quoniam</strong></span> <span class='ocrx_word' id='word_1_136' title='bbox 1065 2003 1449 2070; x_wconf 72' lang='lat' dir='ltr'><strong>ascendebant,</strong></span> <span class='ocrx_word' id='word_1_137' title='bbox 1479 2002 1668 2072; x_wconf 82' lang='lat' dir='ltr'><strong>inquit,</strong></span> <span class='ocrx_word' id='word_1_138' title='bbox 1705 2012 1760 2058; x_wconf 90' lang='lat' dir='ltr'><strong>et</strong></span> <span class='ocrx_word' id='word_1_139' title='bbox 1801 2002 1889 2057; x_wconf 82' lang='lat' dir='ltr'><strong>de-</strong></span> 
     </span>
    </p>
   </div>
   <div class='ocr_carea' id='block_1_19' title="bbox 306 2093 1886 2166">
    <p class='ocr_par' dir='ltr' id='par_1_19' title="bbox 306 2093 1886 2166">
     <span class='ocr_line' id='line_1_19' title="bbox 306 2093 1886 2166; baseline -0.005 -11"><span class='ocrx_word' id='word_1_140' title='bbox 306 2098 623 2155; x_wconf 73' lang='lat' dir='ltr'><strong>scendebant</strong></span> <span class='ocrx_word' id='word_1_141' title='bbox 647 2097 924 2154; x_wconf 80' lang='lat' dir='ltr'><strong>continue.</strong></span> <span class='ocrx_word' id='word_1_142' title='bbox 953 2097 1131 2166; x_wconf 74' lang='lat' dir='ltr'><strong>Atque</strong></span> <span class='ocrx_word' id='word_1_143' title='bbox 1158 2094 1261 2149; x_wconf 86' lang='lat' dir='ltr'><strong>hoc</strong></span> <span class='ocrx_word' id='word_1_144' title='bbox 1296 2094 1573 2164; x_wconf 82' lang='lat' dir='ltr'><strong>proprium</strong></span> <span class='ocrx_word' id='word_1_145' title='bbox 1613 2102 1698 2149; x_wconf 85' lang='lat' dir='ltr'><strong>est</strong></span> <span class='ocrx_word' id='word_1_146' title='bbox 1738 2093 1886 2149; x_wconf 82' lang='lat' dir='ltr'><strong>desi-</strong></span> 
     </span>
    </p>
   </div>
   <div class='ocr_carea' id='block_1_20' title="bbox 306 2183 1890 2256">
    <p class='ocr_par' dir='ltr' id='par_1_20' title="bbox 306 2183 1890 2256">
     <span class='ocr_line' id='line_1_20' title="bbox 306 2183 1890 2256; baseline -0.003 -12"><span class='ocrx_word' id='word_1_147' title='bbox 306 2189 615 2255; x_wconf 85' lang='lat' dir='ltr'><strong>derantium,</strong></span> <span class='ocrx_word' id='word_1_148' title='bbox 640 2187 997 2256; x_wconf 83' lang='lat' dir='ltr'><strong>contemplari</strong></span> <span class='ocrx_word' id='word_1_149' title='bbox 1024 2186 1359 2255; x_wconf 86' lang='lat' dir='ltr'><strong>inopinatum</strong></span> <span class='ocrx_word' id='word_1_150' title='bbox 1405 2183 1790 2253; x_wconf 87' lang='lat' dir='ltr'><strong>spectaculum.</strong></span> <span class='ocrx_word' id='word_1_151' title='bbox 1822 2185 1890 2239; x_wconf 90' lang='lat' dir='ltr'><strong>Et</strong></span> 
     </span>
    </p>
   </div>
   <div class='ocr_carea' id='block_1_21' title="bbox 306 2274 1885 2344">
    <p class='ocr_par' dir='ltr' id='par_1_21' title="bbox 306 2274 1885 2344">
     <span class='ocr_line' id='line_1_21' title="bbox 306 2274 1885 2344; baseline -0.004 -9"><span class='ocrx_word' id='word_1_152' title='bbox 306 2281 434 2335; x_wconf 82' lang='lat' dir='ltr'><strong>unde</strong></span> <span class='ocrx_word' id='word_1_153' title='bbox 468 2289 682 2336; x_wconf 76' lang='lat' dir='ltr'><strong>constat</strong></span> <span class='ocrx_word' id='word_1_154' title='bbox 708 2276 926 2335; x_wconf 86' lang='lat' dir='ltr'><strong>assidue</strong></span> <span class='ocrx_word' id='word_1_155' title='bbox 968 2276 1089 2335; x_wconf 88' lang='lat' dir='ltr'><strong>illos</strong></span> <span class='ocrx_word' id='word_1_156' title='bbox 1130 2274 1420 2330; x_wconf 81' lang='lat' dir='ltr'><strong>ascendere</strong></span> <span class='ocrx_word' id='word_1_157' title='bbox 1470 2282 1628 2344; x_wconf 89' lang='lat' dir='ltr'><strong>atque</strong></span> <span class='ocrx_word' id='word_1_158' title='bbox 1660 2274 1885 2329; x_wconf 62' lang='lat' dir='ltr'><strong>desceno</strong></span> 
     </span>
    </p>
   </div>
   <div class='ocr_carea' id='block_1_22' title="bbox 307 2365 1890 2441">
    <p class='ocr_par' dir='ltr' id='par_1_22' title="bbox 307 2365 1890 2441">
     <span class='ocr_line' id='line_1_22' title="bbox 307 2365 1890 2441; baseline -0.004 -16"><span class='ocrx_word' id='word_1_159' title='bbox 307 2372 457 2426; x_wconf 81' lang='lat' dir='ltr'><strong>dere?</strong></span> <span class='ocrx_word' id='word_1_160' title='bbox 486 2370 669 2441; x_wconf 88' lang='lat' dir='ltr'><strong>Ipsum</strong></span> <span class='ocrx_word' id='word_1_161' title='bbox 714 2370 987 2424; x_wconf 87' lang='lat' dir='ltr'><strong>dicentem</strong></span> <span class='ocrx_word' id='word_1_162' title='bbox 1016 2365 1141 2421; x_wconf 88' lang='lat' dir='ltr'><strong>audi</strong></span> <span class='ocrx_word' id='word_1_163' title='bbox 1171 2383 1184 2420; x_wconf 91' lang='lat'><strong>:</strong></span> <span class='ocrx_word' id='word_1_164' title='bbox 1216 2365 1413 2419; x_wconf 77' lang='grc' dir='ltr'><strong><em>Δηιοάο</em></strong></span> <span class='ocrx_word' id='word_1_165' title='bbox 1439 2365 1667 2420; x_wconf 81' lang='lat' dir='ltr'><strong>videbitis</strong></span> <span class='ocrx_word' id='word_1_166' title='bbox 1707 2365 1890 2419; x_wconf 72' lang='lat' dir='ltr'><strong>cretum</strong></span> 
     </span>
    </p>
   </div>
   <div class='ocr_carea' id='block_1_23' title="bbox 309 2457 1882 2533">
    <p class='ocr_par' dir='ltr' id='par_1_23' title="bbox 309 2457 1882 2533">
     <span class='ocr_line' id='line_1_23' title="bbox 309 2457 1882 2533; baseline -0.003 -17"><span class='ocrx_word' id='word_1_167' title='bbox 309 2472 519 2533; x_wconf 84' lang='lat' dir='ltr'><strong>apertum</strong></span> <span class='ocrx_word' id='word_1_168' title='bbox 536 2500 554 2530; x_wconf 93' lang='lat'><strong>,</strong></span> <span class='ocrx_word' id='word_1_169' title='bbox 581 2470 633 2516; x_wconf 89' lang='lat' dir='ltr'><strong>et</strong></span> <span class='ocrx_word' id='word_1_170' title='bbox 661 2460 865 2532; x_wconf 84' lang='lat' dir='ltr'><strong>angelos</strong></span> <span class='ocrx_word' id='word_1_171' title='bbox 910 2457 1009 2513; x_wconf 95' lang='lat' dir='ltr'><strong>Dei</strong></span> <span class='ocrx_word' id='word_1_172' title='bbox 1056 2458 1381 2513; x_wconf 83' lang='lat' dir='ltr'><strong>ascendentes</strong></span> <span class='ocrx_word' id='word_1_173' title='bbox 1426 2466 1475 2512; x_wconf 88' lang='lat' dir='ltr'><strong>et</strong></span> <span class='ocrx_word' id='word_1_174' title='bbox 1528 2459 1882 2511; x_wconf 75' lang='lat' dir='ltr'><strong>descendentes</strong></span> 
     </span>
    </p>
   </div>
   <div class='ocr_carea' id='block_1_24' title="bbox 306 2546 1888 2623">
    <p class='ocr_par' dir='ltr' id='par_1_24' title="bbox 306 2546 1888 2623">
     <span class='ocr_line' id='line_1_24' title="bbox 306 2546 1888 2623; baseline -0.003 -17"><span class='ocrx_word' id='word_1_175' title='bbox 306 2570 449 2623; x_wconf 83' lang='lat' dir='ltr'><strong>supra</strong></span> <span class='ocrx_word' id='word_1_176' title='bbox 485 2551 685 2606; x_wconf 82' lang='lat' dir='ltr'><strong>Filium</strong></span> <span class='ocrx_word' id='word_1_177' title='bbox 738 2551 959 2606; x_wconf 81' lang='lat' dir='ltr'><strong>hominis</strong></span> <span class='ocrx_word' id='word_1_178' title='bbox 987 2548 1165 2623; x_wconf 81' lang='lat' dir='ltr'><strong>(Joan.</strong></span> <span class='ocrx_word' id='word_1_179' title='bbox 1200 2550 1250 2603; x_wconf 93' lang='grc'><strong>1.</strong></span> <span class='ocrx_word' id='word_1_180' title='bbox 1283 2546 1397 2621; x_wconf 79' lang='grc'><strong>51).</strong></span> <span class='ocrx_word' id='word_1_181' title='bbox 1439 2547 1582 2603; x_wconf 84' lang='lat' dir='ltr'><strong>Talis</strong></span> <span class='ocrx_word' id='word_1_182' title='bbox 1626 2548 1888 2617; x_wconf 88' lang='lat' dir='ltr'><strong>siquidem</strong></span> 
     </span>
    </p>
   </div>
   <div class='ocr_carea' id='block_1_25' title="bbox 307 2643 1888 2714">
    <p class='ocr_par' dir='ltr' id='par_1_25' title="bbox 307 2643 1888 2714">
     <span class='ocr_line' id='line_1_25' title="bbox 307 2643 1888 2714; baseline -0.001 -16"><span class='ocrx_word' id='word_1_183' title='bbox 307 2644 582 2700; x_wconf 70' lang='lat' dir='ltr'><strong>sitiantium</strong></span> <span class='ocrx_word' id='word_1_184' title='bbox 638 2658 756 2699; x_wconf 88' lang='lat' dir='ltr'><strong>mos</strong></span> <span class='ocrx_word' id='word_1_185' title='bbox 785 2652 904 2709; x_wconf 86' lang='lat' dir='ltr'><strong>est;</strong></span> <span class='ocrx_word' id='word_1_186' title='bbox 938 2657 1110 2714; x_wconf 89' lang='lat' dir='ltr'><strong>neque</strong></span> <span class='ocrx_word' id='word_1_187' title='bbox 1151 2652 1361 2713; x_wconf 86' lang='lat' dir='ltr'><strong>tempus</strong></span> <span class='ocrx_word' id='word_1_188' title='bbox 1403 2651 1747 2712; x_wconf 80' lang='lat' dir='ltr'><strong>exspectant,</strong></span> <span class='ocrx_word' id='word_1_189' title='bbox 1793 2643 1888 2697; x_wconf 89' lang='lat' dir='ltr'><strong>sed</strong></span> 
     </span>
    </p>
   </div>
   <div class='ocr_carea' id='block_1_26' title="bbox 310 2720 1891 2808">
    <p class='ocr_par' dir='ltr' id='par_1_26' title="bbox 310 2720 1891 2808">
     <span class='ocr_line' id='line_1_26' title="bbox 310 2720 1891 2808; baseline 0 -19"><span class='ocrx_word' id='word_1_190' title='bbox 310 2746 505 2807; x_wconf 89' lang='lat' dir='ltr'><strong>tempus</strong></span> <span class='ocrx_word' id='word_1_191' title='bbox 532 2736 856 2808; x_wconf 70' lang='lat' dir='ltr'><strong>przeiinitum</strong></span> <span class='ocrx_word' id='word_1_192' title='bbox 883 2720 1063 2791; x_wconf 66' lang='lat' dir='ltr'><strong>laetitia</strong></span> <span class='ocrx_word' id='word_1_193' title='bbox 1090 2734 1402 2803; x_wconf 91' lang='lat' dir='ltr'><strong>anticipant.</strong></span> <span class='ocrx_word' id='word_1_194' title='bbox 1430 2734 1633 2788; x_wconf 92' lang='lat' dir='ltr'><strong>Idcirco</strong></span> <span class='ocrx_word' id='word_1_195' title='bbox 1662 2733 1891 2789; x_wconf 86' lang='lat' dir='ltr'><strong>descen-</strong></span> 
     </span>
    </p>
   </div>
   <div class='ocr_carea' id='block_1_27' title="bbox 308 2827 1889 2899">
    <p class='ocr_par' dir='ltr' id='par_1_27' title="bbox 308 2827 1889 2899">
     <span class='ocr_line' id='line_1_27' title="bbox 308 2827 1889 2899; baseline 0.001 -16"><span class='ocrx_word' id='word_1_196' title='bbox 308 2829 428 2884; x_wconf 89' lang='lat' dir='ltr'><strong>dunt</strong></span> <span class='ocrx_word' id='word_1_197' title='bbox 455 2832 572 2885; x_wconf 89' lang='lat' dir='ltr'><strong>novi</strong></span> <span class='ocrx_word' id='word_1_198' title='bbox 604 2841 659 2885; x_wconf 90' lang='lat' dir='ltr'><strong>et</strong></span> <span class='ocrx_word' id='word_1_199' title='bbox 688 2829 904 2883; x_wconf 84' lang='lat' dir='ltr'><strong>inauditi</strong></span> <span class='ocrx_word' id='word_1_200' title='bbox 954 2828 1093 2883; x_wconf 89' lang='lat' dir='ltr'><strong>illius</strong></span> <span class='ocrx_word' id='word_1_201' title='bbox 1115 2828 1405 2899; x_wconf 82' lang='lat' dir='ltr'><strong>spectaculi</strong></span> <span class='ocrx_word' id='word_1_202' title='bbox 1436 2828 1642 2883; x_wconf 84' lang='lat' dir='ltr'><strong>visendi</strong></span> <span class='ocrx_word' id='word_1_203' title='bbox 1673 2827 1889 2884; x_wconf 88' lang='lat' dir='ltr'><strong>deside-</strong></span> 
     </span>
    </p>
   </div>
   <div class='ocr_carea' id='block_1_28' title="bbox 310 2920 1887 2992">
    <p class='ocr_par' dir='ltr' id='par_1_28' title="bbox 310 2920 1887 2992">
     <span class='ocr_line' id='line_1_28' title="bbox 310 2920 1887 2992; baseline 0.001 -17"><span class='ocrx_word' id='word_1_204' title='bbox 310 2921 643 2992; x_wconf 83' lang='lat' dir='ltr'><strong>rioimpulsi,</strong></span> <span class='ocrx_word' id='word_1_205' title='bbox 674 2921 945 2976; x_wconf 88' lang='lat' dir='ltr'><strong>hominem</strong></span> <span class='ocrx_word' id='word_1_206' title='bbox 970 2920 1173 2976; x_wconf 89' lang='lat' dir='ltr'><strong>scilicet</strong></span> <span class='ocrx_word' id='word_1_207' title='bbox 1225 2921 1277 2975; x_wconf 91' lang='lat' dir='ltr'><strong>in</strong></span> <span class='ocrx_word' id='word_1_208' title='bbox 1324 2920 1456 2975; x_wconf 74' lang='lat' dir='ltr'><strong>caelo</strong></span> <span class='ocrx_word' id='word_1_209' title='bbox 1499 2931 1842 2991; x_wconf 88' lang='lat' dir='ltr'><strong>apparentem</strong></span> <span class='ocrx_word' id='word_1_210' title='bbox 1873 2939 1887 2977; x_wconf 89' lang='lat'><strong>:</strong></span> 
     </span>
    </p>
   </div>
   <div class='ocr_carea' id='block_1_29' title="bbox 310 3012 1893 3083">
    <p class='ocr_par' dir='ltr' id='par_1_29' title="bbox 310 3012 1893 3083">
     <span class='ocr_line' id='line_1_29' title="bbox 310 3012 1893 3083; baseline 0 -16"><span class='ocrx_word' id='word_1_211' title='bbox 310 3013 525 3083; x_wconf 78' lang='lat' dir='ltr'><strong>ideoque</strong></span> <span class='ocrx_word' id='word_1_212' title='bbox 576 3012 778 3083; x_wconf 86' lang='lat' dir='ltr'><strong>ubique</strong></span> <span class='ocrx_word' id='word_1_213' title='bbox 826 3026 885 3066; x_wconf 89' lang='lat' dir='ltr'><strong>se</strong></span> <span class='ocrx_word' id='word_1_214' title='bbox 927 3012 1103 3083; x_wconf 81' lang='lat' dir='ltr'><strong>angeli</strong></span> <span class='ocrx_word' id='word_1_215' title='bbox 1155 3012 1519 3078; x_wconf 77' lang='lat' dir='ltr'><strong>manifestam,</strong></span> <span class='ocrx_word' id='word_1_216' title='bbox 1574 3022 1627 3067; x_wconf 92' lang='lat' dir='ltr'><strong>ct</strong></span> <span class='ocrx_word' id='word_1_217' title='bbox 1680 3013 1893 3081; x_wconf 87' lang='lat' dir='ltr'><strong>quando</strong></span> 
     </span>
    </p>
   </div>
   <div class='ocr_carea' id='block_1_30' title="bbox 313 3102 1889 3183">
    <p class='ocr_par' dir='ltr' id='par_1_30' title="bbox 313 3102 1889 3183">
     <span class='ocr_line' id='line_1_30' title="bbox 313 3102 1889 3183; baseline 0.003 -28"><span class='ocrx_word' id='word_1_218' title='bbox 313 3118 456 3158; x_wconf 80' lang='lat' dir='ltr'><strong>natus</strong></span> <span class='ocrx_word' id='word_1_219' title='bbox 480 3113 585 3171; x_wconf 89' lang='lat' dir='ltr'><strong>est,</strong></span> <span class='ocrx_word' id='word_1_220' title='bbox 616 3113 670 3159; x_wconf 91' lang='lat' dir='ltr'><strong>et</strong></span> <span class='ocrx_word' id='word_1_221' title='bbox 694 3103 910 3174; x_wconf 85' lang='lat' dir='ltr'><strong>quando</strong></span> <span class='ocrx_word' id='word_1_222' title='bbox 934 3103 1260 3170; x_wconf 71' lang='lat' dir='ltr'><strong>resurrexit,</strong></span> <span class='ocrx_word' id='word_1_223' title='bbox 1284 3117 1346 3158; x_wconf 88' lang='lat' dir='ltr'><strong>ac</strong></span> <span class='ocrx_word' id='word_1_224' title='bbox 1386 3102 1544 3158; x_wconf 90' lang='lat' dir='ltr'><strong>hodie</strong></span> <span class='ocrx_word' id='word_1_225' title='bbox 1572 3104 1784 3173; x_wconf 88' lang='lat' dir='ltr'><strong>quando</strong></span> <span class='ocrx_word' id='word_1_226' title='bbox 1835 3106 1889 3183; x_wconf 81' lang='lat' dir='ltr'><strong>in</strong></span> 
     </span>
    </p>
   </div>
   <div class='ocr_carea' id='block_1_31' title="bbox 311 3194 1875 3268">
    <p class='ocr_par' dir='ltr' id='par_1_31' title="bbox 311 3194 1875 3268">
     <span class='ocr_line' id='line_1_31' title="bbox 311 3194 1875 3268; baseline 0 -14"><span class='ocrx_word' id='word_1_227' title='bbox 311 3202 468 3255; x_wconf 77' lang='lat' dir='ltr'><strong>eteius</strong></span> <span class='ocrx_word' id='word_1_228' title='bbox 494 3197 741 3255; x_wconf 87' lang='lat' dir='ltr'><strong>ascendit</strong></span> <span class='ocrx_word' id='word_1_229' title='bbox 770 3214 785 3251; x_wconf 93' lang='lat'><strong>:</strong></span> <span class='ocrx_word' id='word_1_230' title='bbox 811 3195 945 3252; x_wconf 80' lang='lat' dir='ltr'><strong>Ecce</strong></span> <span class='ocrx_word' id='word_1_231' title='bbox 964 3197 1110 3251; x_wconf 83' lang='lat' dir='ltr'><strong>enim</strong></span> <span class='ocrx_word' id='word_1_232' title='bbox 1140 3194 1240 3250; x_wconf 85' lang='lat' dir='ltr'><strong>duo</strong></span> <span class='ocrx_word' id='word_1_233' title='bbox 1262 3199 1386 3265; x_wconf 85' lang='lat' dir='ltr'><strong>viri,</strong></span> <span class='ocrx_word' id='word_1_234' title='bbox 1415 3199 1612 3268; x_wconf 88' lang='lat' dir='ltr'><strong>inquit,</strong></span> <span class='ocrx_word' id='word_1_235' title='bbox 1637 3199 1694 3252; x_wconf 83' lang='lat' dir='ltr'><strong>in</strong></span> <span class='ocrx_word' id='word_1_236' title='bbox 1716 3200 1875 3256; x_wconf 79' lang='lat' dir='ltr'><strong>vesti-</strong></span> 
     </span>
    </p>
   </div>
   <div class='ocr_carea' id='block_1_32' title="bbox 314 3288 1872 3360">
    <p class='ocr_par' dir='ltr' id='par_1_32' title="bbox 314 3288 1872 3360">
     <span class='ocr_line' id='line_1_32' title="bbox 314 3288 1872 3360; baseline 0.002 -16"><span class='ocrx_word' id='word_1_237' title='bbox 314 3292 484 3346; x_wconf 83' lang='lat' dir='ltr'><strong>mentis</strong></span> <span class='ocrx_word' id='word_1_238' title='bbox 501 3291 642 3343; x_wconf 78' lang='lat' dir='ltr'><strong>atbis</strong></span> <span class='ocrx_word' id='word_1_239' title='bbox 655 3289 827 3359; x_wconf 69' lang='lat' dir='ltr'><strong>(AcM</strong></span> <span class='ocrx_word' id='word_1_240' title='bbox 839 3288 1071 3360; x_wconf 66' lang='lat' dir='ltr'><strong>.10),per</strong></span> <span class='ocrx_word' id='word_1_241' title='bbox 1084 3288 1329 3344; x_wconf 84' lang='lat' dir='ltr'><strong>habitum</strong></span> <span class='ocrx_word' id='word_1_242' title='bbox 1344 3288 1583 3344; x_wconf 65' lang='lat' dir='ltr'><strong>laetitiam</strong></span> <span class='ocrx_word' id='word_1_243' title='bbox 1597 3288 1872 3349; x_wconf 78' lang='lat' dir='ltr'><strong>declarau-</strong></span> 
     </span>
    </p>
   </div>
   <div class='ocr_carea' id='block_1_33' title="bbox 315 3377 1871 3450">
    <p class='ocr_par' dir='ltr' id='par_1_33' title="bbox 315 3377 1871 3450">
     <span class='ocr_line' id='line_1_33' title="bbox 315 3377 1871 3450; baseline 0.001 -13"><span class='ocrx_word' id='word_1_244' title='bbox 315 3391 408 3437; x_wconf 87' lang='lat' dir='ltr'><strong>tes:</strong></span> <span class='ocrx_word' id='word_1_245' title='bbox 424 3382 743 3437; x_wconf 80' lang='lat' dir='ltr'><strong>etdixerunt</strong></span> <span class='ocrx_word' id='word_1_246' title='bbox 755 3380 821 3437; x_wconf 83' lang='lat' dir='ltr'><strong>ad</strong></span> <span class='ocrx_word' id='word_1_247' title='bbox 832 3379 1129 3450; x_wconf 87' lang='lat' dir='ltr'><strong>discipulos</strong></span> <span class='ocrx_word' id='word_1_248' title='bbox 1143 3397 1158 3434; x_wconf 89' lang='lat'><strong>:</strong></span> <span class='ocrx_word' id='word_1_249' title='bbox 1178 3377 1287 3434; x_wconf 79' lang='lat' dir='ltr'><strong>Viri</strong></span> <span class='ocrx_word' id='word_1_250' title='bbox 1304 3378 1535 3444; x_wconf 75' lang='lat' dir='ltr'><strong>Galilwi,</strong></span> <span class='ocrx_word' id='word_1_251' title='bbox 1550 3378 1676 3449; x_wconf 86' lang='lat' dir='ltr'><strong>quid</strong></span> <span class='ocrx_word' id='word_1_252' title='bbox 1687 3380 1871 3438; x_wconf 74' lang='lat' dir='ltr'><strong>statis?</strong></span> 
     </span>
    </p>
   </div>
   <div class='ocr_carea' id='block_1_34' title="bbox 312 3470 1867 3543">
    <p class='ocr_par' dir='ltr' id='par_1_34' title="bbox 312 3470 1867 3543">
     <span class='ocr_line' id='line_1_34' title="bbox 312 3470 1867 3543; baseline -0.001 -17"><span class='ocrx_word' id='word_1_253' title='bbox 312 3472 429 3527; x_wconf 83' lang='lat' dir='ltr'><strong>hicJ</strong></span> <span class='ocrx_word' id='word_1_254' title='bbox 433 3489 570 3539; x_wconf 84' lang='lat' dir='ltr'><strong>esus,</strong></span> <span class='ocrx_word' id='word_1_255' title='bbox 585 3472 675 3543; x_wconf 89' lang='lat' dir='ltr'><strong>qui</strong></span> <span class='ocrx_word' id='word_1_256' title='bbox 692 3480 992 3540; x_wconf 75' lang='lat' dir='ltr'><strong>assumptus</strong></span> <span class='ocrx_word' id='word_1_257' title='bbox 1002 3480 1078 3526; x_wconf 86' lang='lat' dir='ltr'><strong>est</strong></span> <span class='ocrx_word' id='word_1_258' title='bbox 1097 3487 1129 3527; x_wconf 91' lang='lat' dir='ltr'><strong>a</strong></span> <span class='ocrx_word' id='word_1_259' title='bbox 1146 3471 1354 3525; x_wconf 85' lang='lat' dir='ltr'><strong>vobisin</strong></span> <span class='ocrx_word' id='word_1_260' title='bbox 1370 3471 1572 3535; x_wconf 74' lang='lat' dir='ltr'><strong>cretum,</strong></span> <span class='ocrx_word' id='word_1_261' title='bbox 1592 3470 1668 3524; x_wconf 85' lang='lat' dir='ltr'><strong>sic</strong></span> <span class='ocrx_word' id='word_1_262' title='bbox 1684 3472 1867 3538; x_wconf 78' lang='lat' dir='ltr'><strong>veniet,</strong></span> 
     </span>
    </p>
   </div>
   <div class='ocr_carea' id='block_1_35' title="bbox 311 3560 1869 3636">
    <p class='ocr_par' dir='ltr' id='par_1_35' title="bbox 311 3560 1869 3636">
     <span class='ocr_line' id='line_1_35' title="bbox 311 3560 1869 3636; baseline 0.002 -18"><span class='ocrx_word' id='word_1_263' title='bbox 311 3564 743 3634; x_wconf 85' lang='lat' dir='ltr'><strong>quemadmodum</strong></span> <span class='ocrx_word' id='word_1_264' title='bbox 758 3563 961 3617; x_wconf 77' lang='lat' dir='ltr'><strong>vidistis</strong></span> <span class='ocrx_word' id='word_1_265' title='bbox 973 3579 1088 3616; x_wconf 90' lang='lat' dir='ltr'><strong>eum</strong></span> <span class='ocrx_word' id='word_1_266' title='bbox 1103 3573 1309 3617; x_wconf 87' lang='lat' dir='ltr'><strong>euntem</strong></span> <span class='ocrx_word' id='word_1_267' title='bbox 1323 3564 1376 3616; x_wconf 89' lang='lat' dir='ltr'><strong>in</strong></span> <span class='ocrx_word' id='word_1_268' title='bbox 1388 3560 1571 3615; x_wconf 67' lang='lat' dir='ltr'><strong>calum</strong></span> <span class='ocrx_word' id='word_1_269' title='bbox 1588 3560 1779 3633; x_wconf 78' lang='lat' dir='ltr'><strong>(Ib.v.i</strong></span> <span class='ocrx_word' id='word_1_270' title='bbox 1795 3562 1869 3636; x_wconf 89' lang='grc'><strong>1).</strong></span> 
     </span>
    </p>
   </div>
   <div class='ocr_carea' id='block_1_36' title="bbox 373 3654 1872 3725">
    <p class='ocr_par' dir='ltr' id='par_1_36' title="bbox 373 3654 1872 3725">
     <span class='ocr_line' id='line_1_36' title="bbox 373 3654 1872 3725; baseline -0.003 -14"><span class='ocrx_word' id='word_1_271' title='bbox 373 3654 422 3711; x_wconf 76' lang='lat'><strong>5.</strong></span> <span class='ocrx_word' id='word_1_272' title='bbox 449 3654 556 3711; x_wconf 86' lang='lat' dir='ltr'><strong>Cur</strong></span> <span class='ocrx_word' id='word_1_273' title='bbox 581 3654 758 3725; x_wconf 80' lang='lat' dir='ltr'><strong>angeli</strong></span> <span class='ocrx_word' id='word_1_274' title='bbox 784 3654 838 3708; x_wconf 89' lang='lat' dir='ltr'><strong>in</strong></span> <span class='ocrx_word' id='word_1_275' title='bbox 867 3655 1169 3718; x_wconf 71' lang='lat' dir='ltr'><strong>ascensione</strong></span> <span class='ocrx_word' id='word_1_276' title='bbox 1202 3654 1414 3708; x_wconf 80' lang='lat' dir='ltr'><strong>Domini</strong></span> <span class='ocrx_word' id='word_1_277' title='bbox 1442 3654 1540 3707; x_wconf 83' lang='lat' dir='ltr'><strong>visi</strong></span> <span class='ocrx_word' id='word_1_278' title='bbox 1563 3654 1872 3722; x_wconf 60' lang='lat' dir='ltr'><strong>fuerint—-</strong></span> 
     </span>
    </p>
   </div>
   <div class='ocr_carea' id='block_1_37' title="bbox 312 3742 1870 3816">
    <p class='ocr_par' dir='ltr' id='par_1_37' title="bbox 312 3742 1870 3816">
     <span class='ocr_line' id='line_1_37' title="bbox 312 3742 1870 3816; baseline 0.001 -17"><span class='ocrx_word' id='word_1_279' title='bbox 312 3744 400 3799; x_wconf 84' lang='lat' dir='ltr'><strong>liic.</strong></span> <span class='ocrx_word' id='word_1_280' title='bbox 417 3747 528 3815; x_wconf 81' lang='lat' dir='ltr'><strong>jam</strong></span> <span class='ocrx_word' id='word_1_281' title='bbox 544 3747 679 3801; x_wconf 88' lang='lat' dir='ltr'><strong>mihi</strong></span> <span class='ocrx_word' id='word_1_282' title='bbox 705 3745 991 3816; x_wconf 73' lang='lat' dir='ltr'><strong>diligenter</strong></span> <span class='ocrx_word' id='word_1_283' title='bbox 1009 3746 1288 3802; x_wconf 84' lang='lat' dir='ltr'><strong>attendite.</strong></span> <span class='ocrx_word' id='word_1_284' title='bbox 1310 3744 1671 3812; x_wconf 83' lang='lat' dir='ltr'><strong>Quamobrem</strong></span> <span class='ocrx_word' id='word_1_285' title='bbox 1690 3744 1765 3803; x_wconf 75' lang='lat' dir='ltr'><strong>ita</strong></span> <span class='ocrx_word' id='word_1_286' title='bbox 1786 3742 1870 3801; x_wconf 87' lang='lat' dir='ltr'><strong>di-</strong></span> 
     </span>
    </p>
   </div>
   <div class='ocr_carea' id='block_1_38' title="bbox 312 3832 1868 3907">
    <p class='ocr_par' dir='ltr' id='par_1_38' title="bbox 312 3832 1868 3907">
     <span class='ocr_line' id='line_1_38' title="bbox 312 3832 1868 3907; baseline -0.001 -16"><span class='ocrx_word' id='word_1_287' title='bbox 312 3837 464 3891; x_wconf 81' lang='lat' dir='ltr'><strong>cunt?</strong></span> <span class='ocrx_word' id='word_1_288' title='bbox 477 3852 544 3891; x_wconf 89' lang='lat' dir='ltr'><strong>an</strong></span> <span class='ocrx_word' id='word_1_289' title='bbox 560 3838 705 3907; x_wconf 88' lang='lat' dir='ltr'><strong>quod</strong></span> <span class='ocrx_word' id='word_1_290' title='bbox 724 3838 911 3895; x_wconf 85' lang='lat' dir='ltr'><strong>oculos</strong></span> <span class='ocrx_word' id='word_1_291' title='bbox 929 3853 1034 3892; x_wconf 91' lang='lat' dir='ltr'><strong>non</strong></span> <span class='ocrx_word' id='word_1_292' title='bbox 1055 3837 1311 3891; x_wconf 79' lang='lat' dir='ltr'><strong>haberent</strong></span> <span class='ocrx_word' id='word_1_293' title='bbox 1327 3832 1612 3905; x_wconf 81' lang='lat' dir='ltr'><strong>discipuli?</strong></span> <span class='ocrx_word' id='word_1_294' title='bbox 1625 3841 1722 3889; x_wconf 72' lang='lat' dir='ltr'><strong>aut</strong></span> <span class='ocrx_word' id='word_1_295' title='bbox 1737 3835 1868 3907; x_wconf 77' lang='lat' dir='ltr'><strong>quia</strong></span> 
     </span>
    </p>
   </div>
   <div class='ocr_carea' id='block_1_39' title="bbox 312 3923 1891 3992">
    <p class='ocr_par' dir='ltr' id='par_1_39' title="bbox 312 3923 1891 3992">
     <span class='ocr_line' id='line_1_39' title="bbox 312 3923 1891 3992; baseline 0.002 -15"><span class='ocrx_word' id='word_1_296' title='bbox 312 3924 443 3992; x_wconf 87' lang='lat' dir='ltr'><strong>quod</strong></span> <span class='ocrx_word' id='word_1_297' title='bbox 512 3924 820 3992; x_wconf 84' lang='lat' dir='ltr'><strong>acciderat,</strong></span> <span class='ocrx_word' id='word_1_298' title='bbox 878 3933 983 3979; x_wconf 85' lang='lat' dir='ltr'><strong>n‘on</strong></span> <span class='ocrx_word' id='word_1_299' title='bbox 1037 3923 1323 3981; x_wconf 79' lang='lat' dir='ltr'><strong>viderent?</strong></span> <span class='ocrx_word' id='word_1_300' title='bbox 1371 3940 1547 3979; x_wconf 86' lang='lat' dir='ltr'><strong>nonne</strong></span> <span class='ocrx_word' id='word_1_301' title='bbox 1590 3927 1662 3980; x_wconf 86' lang='lat' dir='ltr'><strong>ait</strong></span> <span class='ocrx_word' id='word_1_302' title='bbox 1729 3943 1891 3983; x_wconf 72' lang='lat' dir='ltr'><strong>cvan-</strong></span> 
     </span>
    </p>
   </div>
   <div class='ocr_carea' id='block_1_40' title="bbox 310 4015 1891 4090">
    <p class='ocr_par' dir='ltr' id='par_1_40' title="bbox 310 4015 1891 4090">
     <span class='ocr_line' id='line_1_40' title="bbox 310 4015 1891 4090; baseline 0.004 -20"><span class='ocrx_word' id='word_1_303' title='bbox 310 4015 507 4085; x_wconf 85' lang='lat' dir='ltr'><strong>gelista,</strong></span> <span class='ocrx_word' id='word_1_304' title='bbox 536 4016 680 4088; x_wconf 89' lang='lat' dir='ltr'><strong>quod</strong></span> <span class='ocrx_word' id='word_1_305' title='bbox 707 4016 1008 4072; x_wconf 88' lang='lat' dir='ltr'><strong>videntibus</strong></span> <span class='ocrx_word' id='word_1_306' title='bbox 1034 4016 1163 4087; x_wconf 86' lang='lat' dir='ltr'><strong>ipsis</strong></span> <span class='ocrx_word' id='word_1_307' title='bbox 1182 4017 1421 4073; x_wconf 87' lang='lat' dir='ltr'><strong>elevatus</strong></span> <span class='ocrx_word' id='word_1_308' title='bbox 1451 4025 1533 4072; x_wconf 89' lang='lat' dir='ltr'><strong>est</strong></span> <span class='ocrx_word' id='word_1_309' title='bbox 1558 4018 1582 4072; x_wconf 70' lang='grc' dir='ltr'><strong><em>τ</em></strong></span> <span class='ocrx_word' id='word_1_310' title='bbox 1621 4018 1733 4086; x_wconf 83' lang='lat' dir='ltr'><strong>Qua</strong></span> <span class='ocrx_word' id='word_1_311' title='bbox 1764 4034 1891 4090; x_wconf 86' lang='lat' dir='ltr'><strong>ergo</strong></span> 
     </span>
    </p>
   </div>
   <div class='ocr_carea' id='block_1_41' title="bbox 309 4106 1897 4180">
    <p class='ocr_par' dir='ltr' id='par_1_41' title="bbox 309 4106 1897 4180">
     <span class='ocr_line' id='line_1_41' title="bbox 309 4106 1897 4180; baseline 0.003 -19"><span class='ocrx_word' id='word_1_312' title='bbox 309 4106 374 4163; x_wconf 90' lang='lat' dir='ltr'><strong>de</strong></span> <span class='ocrx_word' id='word_1_313' title='bbox 419 4123 578 4165; x_wconf 83' lang='lat' dir='ltr'><strong>causa</strong></span> <span class='ocrx_word' id='word_1_314' title='bbox 629 4109 952 4165; x_wconf 68' lang='lat' dir='ltr'><strong>assistebant</strong></span> <span class='ocrx_word' id='word_1_315' title='bbox 999 4109 1176 4180; x_wconf 84' lang='lat' dir='ltr'><strong>angeli</strong></span> <span class='ocrx_word' id='word_1_316' title='bbox 1202 4109 1461 4165; x_wconf 75' lang='lat' dir='ltr'><strong>decentes</strong></span> <span class='ocrx_word' id='word_1_317' title='bbox 1488 4124 1614 4175; x_wconf 84' lang='lat' dir='ltr'><strong>eos,</strong></span> <span class='ocrx_word' id='word_1_318' title='bbox 1647 4114 1786 4180; x_wconf 77' lang='lat' dir='ltr'><strong>quod</strong></span> <span class='ocrx_word' id='word_1_319' title='bbox 1839 4111 1897 4165; x_wconf 80' lang='lat' dir='ltr'><strong>in</strong></span> 
     </span>
    </p>
   </div>
   <div class='ocr_carea' id='block_1_42' title="bbox 311 4202 1894 4274">
    <p class='ocr_par' dir='ltr' id='par_1_42' title="bbox 311 4202 1894 4274">
     <span class='ocr_line' id='line_1_42' title="bbox 311 4202 1894 4274; baseline 0.001 -18"><span class='ocrx_word' id='word_1_320' title='bbox 311 4203 492 4259; x_wconf 61' lang='lat' dir='ltr'><strong>castum</strong></span> <span class='ocrx_word' id='word_1_321' title='bbox 513 4202 889 4260; x_wconf 73' lang='lat' dir='ltr'><strong>ascendisset?</strong></span> <span class='ocrx_word' id='word_1_322' title='bbox 915 4203 1141 4274; x_wconf 83' lang='lat' dir='ltr'><strong>Propter</strong></span> <span class='ocrx_word' id='word_1_323' title='bbox 1169 4202 1300 4258; x_wconf 82' lang='lat' dir='ltr'><strong>duas</strong></span> <span class='ocrx_word' id='word_1_324' title='bbox 1328 4203 1578 4259; x_wconf 83' lang='lat' dir='ltr'><strong>nimirum</strong></span> <span class='ocrx_word' id='word_1_325' title='bbox 1610 4203 1740 4261; x_wconf 79' lang='lat' dir='ltr'><strong>istas</strong></span> <span class='ocrx_word' id='word_1_326' title='bbox 1763 4218 1894 4258; x_wconf 90' lang='lat' dir='ltr'><strong>cau-</strong></span> 
     </span>
    </p>
   </div>
   <div class='ocr_carea' id='block_1_43' title="bbox 318 4293 1896 4368">
    <p class='ocr_par' dir='ltr' id='par_1_43' title="bbox 318 4293 1896 4368">
     <span class='ocr_line' id='line_1_43' title="bbox 318 4293 1896 4368; baseline -0.001 -17"><span class='ocrx_word' id='word_1_327' title='bbox 318 4308 399 4351; x_wconf 81' lang='lat' dir='ltr'><strong>sas</strong></span> <span class='ocrx_word' id='word_1_328' title='bbox 430 4313 443 4348; x_wconf 93' lang='lat'>:</span> <span class='ocrx_word' id='word_1_329' title='bbox 474 4311 638 4353; x_wconf 88' lang='lat' dir='ltr'><strong>unam</strong></span> <span class='ocrx_word' id='word_1_330' title='bbox 670 4296 889 4367; x_wconf 89' lang='lat' dir='ltr'><strong>quidem</strong></span> <span class='ocrx_word' id='word_1_331' title='bbox 911 4296 1051 4368; x_wconf 87' lang='lat' dir='ltr'><strong>quod</strong></span> <span class='ocrx_word' id='word_1_332' title='bbox 1082 4295 1326 4351; x_wconf 86' lang='lat' dir='ltr'><strong>dolerent</strong></span> <span class='ocrx_word' id='word_1_333' title='bbox 1369 4296 1445 4350; x_wconf 89' lang='lat' dir='ltr'><strong>illi</strong></span> <span class='ocrx_word' id='word_1_334' title='bbox 1490 4297 1558 4352; x_wconf 81' lang='lat' dir='ltr'><strong>ob</strong></span> <span class='ocrx_word' id='word_1_335' title='bbox 1585 4293 1782 4350; x_wconf 77' lang='lat' dir='ltr'><strong>Christi</strong></span> <span class='ocrx_word' id='word_1_336' title='bbox 1828 4296 1896 4351; x_wconf 88' lang='lat' dir='ltr'><strong>ab</strong></span> 
     </span>
    </p>
   </div>
   <div class='ocr_carea' id='block_1_44' title="bbox 313 4385 1894 4458">
    <p class='ocr_par' dir='ltr' id='par_1_44' title="bbox 313 4385 1894 4458">
     <span class='ocr_line' id='line_1_44' title="bbox 313 4385 1894 4458; baseline 0.003 -20"><span class='ocrx_word' id='word_1_337' title='bbox 313 4385 429 4454; x_wconf 83' lang='lat' dir='ltr'><strong>ipsis</strong></span> <span class='ocrx_word' id='word_1_338' title='bbox 456 4387 842 4443; x_wconf 86' lang='lat' dir='ltr'><strong>discessionem</strong></span> <span class='ocrx_word' id='word_1_339' title='bbox 871 4387 1046 4458; x_wconf 89' lang='lat' dir='ltr'><strong>:qnod</strong></span> <span class='ocrx_word' id='word_1_340' title='bbox 1072 4396 1247 4443; x_wconf 87' lang='lat' dir='ltr'><strong>autem</strong></span> <span class='ocrx_word' id='word_1_341' title='bbox 1277 4387 1522 4442; x_wconf 88' lang='lat' dir='ltr'><strong>dolerent</strong></span> <span class='ocrx_word' id='word_1_342' title='bbox 1549 4429 1564 4453; x_wconf 94' lang='lat'><strong>,</strong></span> <span class='ocrx_word' id='word_1_343' title='bbox 1597 4386 1720 4441; x_wconf 87' lang='lat' dir='ltr'><strong>audi</strong></span> <span class='ocrx_word' id='word_1_344' title='bbox 1769 4387 1894 4457; x_wconf 87' lang='lat' dir='ltr'><strong>quid</strong></span> 
     </span>
    </p>
   </div>
   <div class='ocr_carea' id='block_1_45' title="bbox 312 4479 1901 4550">
    <p class='ocr_par' dir='ltr' id='par_1_45' title="bbox 312 4479 1901 4550">
     <span class='ocr_line' id='line_1_45' title="bbox 312 4479 1901 4550; baseline 0.004 -21"><span class='ocrx_word' id='word_1_345' title='bbox 312 4479 371 4532; x_wconf 88' lang='lat' dir='ltr'><strong>ad</strong></span> <span class='ocrx_word' id='word_1_346' title='bbox 392 4495 485 4535; x_wconf 87' lang='lat' dir='ltr'><strong>eos</strong></span> <span class='ocrx_word' id='word_1_347' title='bbox 502 4480 677 4535; x_wconf 87' lang='lat' dir='ltr'><strong>dicat:</strong></span> <span class='ocrx_word' id='word_1_348' title='bbox 705 4479 870 4535; x_wconf 85' lang='lat' dir='ltr'><strong>Nemo</strong></span> <span class='ocrx_word' id='word_1_349' title='bbox 900 4498 964 4536; x_wconf 79' lang='lat' dir='ltr'><strong>ea:</strong></span> <span class='ocrx_word' id='word_1_350' title='bbox 982 4481 1137 4547; x_wconf 85' lang='lat' dir='ltr'><strong>vobis,</strong></span> <span class='ocrx_word' id='word_1_351' title='bbox 1154 4481 1345 4549; x_wconf 82' lang='lat' dir='ltr'><strong>inquit,</strong></span> <span class='ocrx_word' id='word_1_352' title='bbox 1362 4482 1637 4550; x_wconf 79' lang='lat' dir='ltr'><strong>interrogat</strong></span> <span class='ocrx_word' id='word_1_353' title='bbox 1659 4497 1756 4545; x_wconf 88' lang='lat' dir='ltr'><strong>me,</strong></span> <span class='ocrx_word' id='word_1_354' title='bbox 1783 4480 1901 4547; x_wconf 77' lang='lat' dir='ltr'><strong>Quo</strong></span> 
     </span>
    </p>
   </div>
   <div class='ocr_carea' id='block_1_46' title="bbox 311 4572 1896 4645">
    <p class='ocr_par' dir='ltr' id='par_1_46' title="bbox 311 4572 1896 4645">
     <span class='ocr_line' id='line_1_46' title="bbox 311 4572 1896 4645; baseline 0 -20"><span class='ocrx_word' id='word_1_355' title='bbox 311 4573 486 4628; x_wconf 79' lang='lat' dir='ltr'><strong>uadis?</strong></span> <span class='ocrx_word' id='word_1_356' title='bbox 503 4580 597 4629; x_wconf 83' lang='lat' dir='ltr'><strong>sed</strong></span> <span class='ocrx_word' id='word_1_357' title='bbox 614 4575 733 4645; x_wconf 78' lang='lat' dir='ltr'><strong>quia</strong></span> <span class='ocrx_word' id='word_1_358' title='bbox 761 4574 868 4629; x_wconf 63' lang='lat' dir='ltr'><strong>luet:</strong></span> <span class='ocrx_word' id='word_1_359' title='bbox 890 4573 1124 4644; x_wconf 62' lang='lat' dir='ltr'><strong>innuptas</strong></span> <span class='ocrx_word' id='word_1_360' title='bbox 1147 4589 1260 4628; x_wconf 77' lang='lat' dir='ltr'><strong>sunt</strong></span> <span class='ocrx_word' id='word_1_361' title='bbox 1288 4572 1443 4636; x_wconf 74' lang='lat' dir='ltr'><strong>vobis,</strong></span> <span class='ocrx_word' id='word_1_362' title='bbox 1457 4574 1658 4629; x_wconf 81' lang='lat' dir='ltr'><strong>tristitia</strong></span> <span class='ocrx_word' id='word_1_363' title='bbox 1673 4573 1896 4642; x_wconf 78' lang='lat' dir='ltr'><strong>impleuit</strong></span> 
     </span>
    </p>
   </div>
   <div class='ocr_carea' id='block_1_47' title="bbox 311 4662 1894 4737">
    <p class='ocr_par' dir='ltr' id='par_1_47' title="bbox 311 4662 1894 4737">
     <span class='ocr_line' id='line_1_47' title="bbox 311 4662 1894 4737; baseline 0.005 -24"><span class='ocrx_word' id='word_1_364' title='bbox 311 4678 391 4716; x_wconf 84' lang='lat' dir='ltr'><strong>cor</strong></span> <span class='ocrx_word' id='word_1_365' title='bbox 412 4675 633 4723; x_wconf 69' lang='lat' dir='ltr'><strong>uestrum</strong></span> <span class='ocrx_word' id='word_1_366' title='bbox 660 4663 840 4735; x_wconf 83' lang='lat' dir='ltr'><strong>(Joan.</strong></span> <span class='ocrx_word' id='word_1_367' title='bbox 872 4665 959 4720; x_wconf 83' lang='grc'><strong>16.</strong></span> <span class='ocrx_word' id='word_1_368' title='bbox 988 4665 1040 4719; x_wconf 87' lang='grc'><strong>5.</strong></span> <span class='ocrx_word' id='word_1_369' title='bbox 1065 4664 1142 4737; x_wconf 76' lang='grc'><strong>6).</strong></span> <span class='ocrx_word' id='word_1_370' title='bbox 1173 4662 1307 4723; x_wconf 85' lang='lat' dir='ltr'><strong>Nam</strong></span> <span class='ocrx_word' id='word_1_371' title='bbox 1348 4663 1392 4717; x_wconf 91' lang='lat' dir='ltr'><strong>si</strong></span> <span class='ocrx_word' id='word_1_372' title='bbox 1423 4665 1624 4719; x_wconf 82' lang='lat' dir='ltr'><strong>amicos</strong></span> <span class='ocrx_word' id='word_1_373' title='bbox 1670 4674 1723 4719; x_wconf 90' lang='lat' dir='ltr'><strong>ct</strong></span> <span class='ocrx_word' id='word_1_374' title='bbox 1766 4679 1894 4721; x_wconf 90' lang='lat' dir='ltr'><strong>con-</strong></span> 
     </span>
    </p>
   </div>
   <div class='ocr_carea' id='block_1_48' title="bbox 312 4754 1891 4828">
    <p class='ocr_par' dir='ltr' id='par_1_48' title="bbox 312 4754 1891 4828">
     <span class='ocr_line' id='line_1_48' title="bbox 312 4754 1891 4828; baseline 0.002 -23"><span class='ocrx_word' id='word_1_375' title='bbox 312 4754 632 4828; x_wconf 82' lang='lat' dir='ltr'><strong>sanguineos</strong></span> <span class='ocrx_word' id='word_1_376' title='bbox 678 4766 892 4812; x_wconf 87' lang='lat' dir='ltr'><strong>nostros</strong></span> <span class='ocrx_word' id='word_1_377' title='bbox 932 4754 1171 4826; x_wconf 84' lang='lat' dir='ltr'><strong>separari</strong></span> <span class='ocrx_word' id='word_1_378' title='bbox 1214 4770 1242 4808; x_wconf 92' lang='lat' dir='ltr'><strong>a</strong></span> <span class='ocrx_word' id='word_1_379' title='bbox 1292 4754 1445 4810; x_wconf 83' lang='lat' dir='ltr'><strong>nobis</strong></span> <span class='ocrx_word' id='word_1_380' title='bbox 1492 4770 1597 4808; x_wconf 90' lang='lat' dir='ltr'><strong>non</strong></span> <span class='ocrx_word' id='word_1_381' title='bbox 1649 4754 1891 4820; x_wconf 81' lang='lat' dir='ltr'><strong>ferimus,</strong></span> 
     </span>
    </p>
   </div>
   <div class='ocr_carea' id='block_1_49' title="bbox 315 4846 1896 4918">
    <p class='ocr_par' dir='ltr' id='par_1_49' title="bbox 315 4846 1896 4918">
     <span class='ocr_line' id='line_1_49' title="bbox 315 4846 1896 4918; baseline 0.002 -22"><span class='ocrx_word' id='word_1_382' title='bbox 315 4846 581 4912; x_wconf 87' lang='lat' dir='ltr'><strong>quomodo</strong></span> <span class='ocrx_word' id='word_1_383' title='bbox 602 4846 848 4918; x_wconf 87' lang='lat' dir='ltr'><strong>discipuli</strong></span> <span class='ocrx_word' id='word_1_384' title='bbox 878 4861 1031 4901; x_wconf 87' lang='lat' dir='ltr'><strong>suum</strong></span> <span class='ocrx_word' id='word_1_385' title='bbox 1059 4846 1126 4901; x_wconf 90' lang='lat' dir='ltr'><strong>ab</strong></span> <span class='ocrx_word' id='word_1_386' title='bbox 1166 4847 1295 4915; x_wconf 91' lang='lat' dir='ltr'><strong>ipsis</strong></span> <span class='ocrx_word' id='word_1_387' title='bbox 1350 4847 1585 4915; x_wconf 84' lang='lat' dir='ltr'><strong>separari</strong></span> <span class='ocrx_word' id='word_1_388' title='bbox 1615 4853 1896 4900; x_wconf 88' lang='lat' dir='ltr'><strong>cernentes</strong></span> 
     </span>
    </p>
   </div>
   <div class='ocr_carea' id='block_1_50' title="bbox 314 4934 1893 5009">
    <p class='ocr_par' dir='ltr' id='par_1_50' title="bbox 314 4934 1893 5009">
     <span class='ocr_line' id='line_1_50' title="bbox 314 4934 1893 5009; baseline 0.001 -20"><span class='ocrx_word' id='word_1_389' title='bbox 314 4934 661 5004; x_wconf 65' lang='lat' dir='ltr'><strong>Salvatorem,</strong></span> <span class='ocrx_word' id='word_1_390' title='bbox 684 4940 1015 5009; x_wconf 84' lang='lat' dir='ltr'><strong>magistrum,</strong></span> <span class='ocrx_word' id='word_1_391' title='bbox 1031 4953 1092 4992; x_wconf 85' lang='lat' dir='ltr'><strong>ac</strong></span> <span class='ocrx_word' id='word_1_392' title='bbox 1108 4948 1405 4993; x_wconf 82' lang='lat' dir='ltr'><strong>curatorem</strong></span> <span class='ocrx_word' id='word_1_393' title='bbox 1435 4938 1893 5009; x_wconf 70' lang='lat' dir='ltr'><strong>benignissimum,-</strong></span> 
     </span>
    </p>
   </div>
   <div class='ocr_carea' id='block_1_51' title="bbox 314 5028 1895 5098">
    <p class='ocr_par' dir='ltr' id='par_1_51' title="bbox 314 5028 1895 5098">
     <span class='ocr_line' id='line_1_51' title="bbox 314 5028 1895 5098; baseline 0.004 -20"><span class='ocrx_word' id='word_1_394' title='bbox 314 5028 797 5084; x_wconf 82' lang='lat' dir='ltr'><strong>mansuctissimmn</strong></span> <span class='ocrx_word' id='word_1_395' title='bbox 835 5038 891 5085; x_wconf 78' lang='lat' dir='ltr'><strong>et</strong></span> <span class='ocrx_word' id='word_1_396' title='bbox 939 5031 1226 5098; x_wconf 65' lang='lat' dir='ltr'><strong>optimm,</strong></span> <span class='ocrx_word' id='word_1_397' title='bbox 1261 5031 1421 5098; x_wconf 87' lang='lat' dir='ltr'><strong>plane</strong></span> <span class='ocrx_word' id='word_1_398' title='bbox 1455 5046 1561 5086; x_wconf 72' lang='lat' dir='ltr'><strong>non</strong></span> <span class='ocrx_word' id='word_1_399' title='bbox 1606 5030 1895 5087; x_wconf 70' lang='lat' dir='ltr'><strong>dolerent?</strong></span> 
     </span>
    </p>
   </div>
   <div class='ocr_carea' id='block_1_52' title="bbox 315 5119 1891 5192">
    <p class='ocr_par' dir='ltr' id='par_1_52' title="bbox 315 5119 1891 5192">
     <span class='ocr_line' id='line_1_52' title="bbox 315 5119 1891 5192; baseline 0.003 -22"><span class='ocrx_word' id='word_1_400' title='bbox 315 5119 575 5186; x_wconf 87' lang='lat' dir='ltr'><strong>quomodo</strong></span> <span class='ocrx_word' id='word_1_401' title='bbox 596 5135 704 5174; x_wconf 84' lang='lat' dir='ltr'><strong>non</strong></span> <span class='ocrx_word' id='word_1_402' title='bbox 733 5119 1215 5179; x_wconf 82' lang='lat' dir='ltr'><strong>contristarentur?</strong></span> <span class='ocrx_word' id='word_1_403' title='bbox 1236 5120 1438 5177; x_wconf 86' lang='lat' dir='ltr'><strong>Idcirco</strong></span> <span class='ocrx_word' id='word_1_404' title='bbox 1463 5121 1629 5179; x_wconf 87' lang='lat' dir='ltr'><strong>astitit</strong></span> <span class='ocrx_word' id='word_1_405' title='bbox 1653 5121 1891 5192; x_wconf 81' lang='lat' dir='ltr'><strong>angelus,</strong></span> 
     </span>
    </p>
   </div>
   <div class='ocr_carea' id='block_1_53' title="bbox 312 5212 1895 5282">
    <p class='ocr_par' dir='ltr' id='par_1_53' title="bbox 312 5212 1895 5282">
     <span class='ocr_line' id='line_1_53' title="bbox 312 5212 1895 5282; baseline 0.002 -19"><span class='ocrx_word' id='word_1_406' title='bbox 312 5212 396 5278; x_wconf 88' lang='lat' dir='ltr'><strong>qui</strong></span> <span class='ocrx_word' id='word_1_407' title='bbox 438 5212 680 5267; x_wconf 84' lang='lat' dir='ltr'><strong>dolorem</strong></span> <span class='ocrx_word' id='word_1_408' title='bbox 708 5228 774 5267; x_wconf 79' lang='lat' dir='ltr'><strong>ex</strong></span> <span class='ocrx_word' id='word_1_409' title='bbox 803 5227 1027 5267; x_wconf 85' lang='lat' dir='ltr'><strong>ascensu</strong></span> <span class='ocrx_word' id='word_1_410' title='bbox 1052 5214 1452 5282; x_wconf 83' lang='lat' dir='ltr'><strong>provenicntem</strong></span> <span class='ocrx_word' id='word_1_411' title='bbox 1502 5212 1708 5268; x_wconf 87' lang='lat' dir='ltr'><strong>reditus</strong></span> <span class='ocrx_word' id='word_1_412' title='bbox 1744 5228 1895 5267; x_wconf 84' lang='lat' dir='ltr'><strong>com-</strong></span> 
     </span>
    </p>
   </div>
   <div class='ocr_carea' id='block_1_54' title="bbox 315 5304 1897 5373">
    <p class='ocr_par' dir='ltr' id='par_1_54' title="bbox 315 5304 1897 5373">
     <span class='ocr_line' id='line_1_54' title="bbox 315 5304 1897 5373; baseline 0.005 -21"><span class='ocrx_word' id='word_1_413' title='bbox 315 5304 699 5358; x_wconf 85' lang='lat' dir='ltr'><strong>memoratione</strong></span> <span class='ocrx_word' id='word_1_414' title='bbox 772 5304 963 5358; x_wconf 90' lang='lat' dir='ltr'><strong>iterum</strong></span> <span class='ocrx_word' id='word_1_415' title='bbox 1039 5305 1350 5373; x_wconf 85' lang='lat' dir='ltr'><strong>mitigaret,</strong></span> <span class='ocrx_word' id='word_1_416' title='bbox 1427 5304 1897 5373; x_wconf 86' lang='lat' dir='ltr'><strong>consolareturque</strong></span> 
     </span>
    </p>
   </div>
   <div class='ocr_carea' id='block_1_55' title="bbox 317 5391 1897 5466">
    <p class='ocr_par' dir='ltr' id='par_1_55' title="bbox 317 5391 1897 5466">
     <span class='ocr_line' id='line_1_55' title="bbox 317 5391 1897 5466; baseline 0.005 -24"><span class='ocrx_word' id='word_1_417' title='bbox 317 5392 477 5461; x_wconf 86' lang='lat' dir='ltr'><strong>ipsos.</strong></span> <span class='ocrx_word' id='word_1_418' title='bbox 510 5391 609 5447; x_wconf 78' lang='lat' dir='ltr'><strong>llic</strong></span> <span class='ocrx_word' id='word_1_419' title='bbox 634 5396 778 5450; x_wconf 88' lang='lat' dir='ltr'><strong>enim</strong></span> <span class='ocrx_word' id='word_1_420' title='bbox 794 5394 969 5462; x_wconf 72' lang='lat' dir='ltr'><strong>Iesus,</strong></span> <span class='ocrx_word' id='word_1_421' title='bbox 993 5396 1086 5460; x_wconf 84' lang='lat' dir='ltr'><strong>ait,</strong></span> <span class='ocrx_word' id='word_1_422' title='bbox 1108 5396 1194 5464; x_wconf 86' lang='lat' dir='ltr'><strong>qui</strong></span> <span class='ocrx_word' id='word_1_423' title='bbox 1219 5405 1508 5466; x_wconf 76' lang='lat' dir='ltr'><strong>assumptus</strong></span> <span class='ocrx_word' id='word_1_424' title='bbox 1531 5407 1603 5450; x_wconf 85' lang='lat' dir='ltr'><strong>est</strong></span> <span class='ocrx_word' id='word_1_425' title='bbox 1624 5412 1655 5449; x_wconf 93' lang='lat' dir='ltr'><strong>a</strong></span> <span class='ocrx_word' id='word_1_426' title='bbox 1679 5395 1814 5451; x_wconf 76' lang='lat' dir='ltr'><strong>vobis</strong></span> <span class='ocrx_word' id='word_1_427' title='bbox 1843 5398 1897 5450; x_wconf 85' lang='lat' dir='ltr'><strong>in</strong></span> 
     </span>
    </p>
   </div>
   <div class='ocr_carea' id='block_1_56' title="bbox 275 5485 1897 5562">
    <p class='ocr_par' dir='ltr' id='par_1_56' title="bbox 275 5485 1897 5562">
     <span class='ocr_line' id='line_1_56' title="bbox 275 5485 1897 5562; baseline 0.006 -27"><span class='ocrx_word' id='word_1_428' title='bbox 275 5558 279 5562; x_wconf 12' lang='grc' dir='ltr'><strong><em>θ</em></strong></span> <span class='ocrx_word' id='word_1_429' title='bbox 313 5485 490 5537; x_wconf 77' lang='lat' dir='ltr'><strong>cretum</strong></span> <span class='ocrx_word' id='word_1_430' title='bbox 513 5525 530 5552; x_wconf 95' lang='lat'><strong>,</strong></span> <span class='ocrx_word' id='word_1_431' title='bbox 556 5488 630 5541; x_wconf 84' lang='lat' dir='ltr'><strong>sic</strong></span> <span class='ocrx_word' id='word_1_432' title='bbox 656 5487 821 5542; x_wconf 78' lang='lat' dir='ltr'><strong>veniet</strong></span> <span class='ocrx_word' id='word_1_433' title='bbox 847 5485 980 5559; x_wconf 78' lang='lat' dir='ltr'><strong>(Act.</strong></span> <span class='ocrx_word' id='word_1_434' title='bbox 1034 5490 1085 5543; x_wconf 92' lang='grc'><strong>1.</strong></span> <span class='ocrx_word' id='word_1_435' title='bbox 1115 5489 1223 5556; x_wconf 90' lang='grc'><strong>11).</strong></span> <span class='ocrx_word' id='word_1_436' title='bbox 1275 5488 1525 5543; x_wconf 88' lang='lat' dir='ltr'><strong>Doluistis</strong></span> <span class='ocrx_word' id='word_1_437' title='bbox 1561 5529 1574 5552; x_wconf 90' lang='lat'><strong>,</strong></span> <span class='ocrx_word' id='word_1_438' title='bbox 1610 5489 1798 5560; x_wconf 86' lang='lat' dir='ltr'><strong>inquit,</strong></span> <span class='ocrx_word' id='word_1_439' title='bbox 1829 5488 1897 5545; x_wconf 86' lang='lat' dir='ltr'><strong>de</strong></span> 
     </span>
    </p>
   </div>
   <div class='ocr_carea' id='block_1_57' title="bbox 313 5578 1895 5650">
    <p class='ocr_par' dir='ltr' id='par_1_57' title="bbox 313 5578 1895 5650">
     <span class='ocr_line' id='line_1_57' title="bbox 313 5578 1895 5650; baseline 0.004 -22"><span class='ocrx_word' id='word_1_440' title='bbox 313 5579 671 5648; x_wconf 73' lang='lat' dir='ltr'><strong>essttmptione</strong></span> <span class='ocrx_word' id='word_1_441' title='bbox 691 5579 892 5650; x_wconf 86' lang='lat' dir='ltr'><strong>ipsius?</strong></span> <span class='ocrx_word' id='word_1_442' title='bbox 908 5578 1012 5635; x_wconf 84' lang='lat' dir='ltr'><strong>Sed</strong></span> <span class='ocrx_word' id='word_1_443' title='bbox 1036 5580 1199 5634; x_wconf 90' lang='lat' dir='ltr'><strong>nolite</strong></span> <span class='ocrx_word' id='word_1_444' title='bbox 1220 5580 1447 5650; x_wconf 88' lang='lat' dir='ltr'><strong>amplius</strong></span> <span class='ocrx_word' id='word_1_445' title='bbox 1463 5580 1644 5636; x_wconf 89' lang='lat' dir='ltr'><strong>dolere</strong></span> <span class='ocrx_word' id='word_1_446' title='bbox 1660 5597 1673 5647; x_wconf 90' lang='lat'><strong>;</strong></span> <span class='ocrx_word' id='word_1_447' title='bbox 1698 5583 1895 5636; x_wconf 88' lang='lat' dir='ltr'><strong>ctenim</strong></span> 
     </span>
    </p>
   </div>
   <div class='ocr_carea' id='block_1_58' title="bbox 319 5667 1891 5742">
    <p class='ocr_par' dir='ltr' id='par_1_58' title="bbox 319 5667 1891 5742">
     <span class='ocr_line' id='line_1_58' title="bbox 319 5667 1891 5742; baseline 0.005 -24"><span class='ocrx_word' id='word_1_448' title='bbox 319 5676 498 5722; x_wconf 89' lang='lat' dir='ltr'><strong>rursus</strong></span> <span class='ocrx_word' id='word_1_449' title='bbox 523 5668 718 5725; x_wconf 81' lang='lat' dir='ltr'><strong>veniet.</strong></span> <span class='ocrx_word' id='word_1_450' title='bbox 750 5667 882 5723; x_wconf 83' lang='lat' dir='ltr'><strong>Nam</strong></span> <span class='ocrx_word' id='word_1_451' title='bbox 909 5677 966 5724; x_wconf 89' lang='lat' dir='ltr'><strong>ut</strong></span> <span class='ocrx_word' id='word_1_452' title='bbox 988 5684 1057 5725; x_wconf 90' lang='lat' dir='ltr'><strong>ne</strong></span> <span class='ocrx_word' id='word_1_453' title='bbox 1083 5669 1319 5726; x_wconf 77' lang='lat' dir='ltr'><strong>facerent</strong></span> <span class='ocrx_word' id='word_1_454' title='bbox 1343 5670 1485 5742; x_wconf 90' lang='lat' dir='ltr'><strong>quod</strong></span> <span class='ocrx_word' id='word_1_455' title='bbox 1512 5672 1621 5742; x_wconf 90' lang='lat' dir='ltr'><strong>egit</strong></span> <span class='ocrx_word' id='word_1_456' title='bbox 1648 5672 1891 5738; x_wconf 68' lang='lat' dir='ltr'><strong>Eliszcus,</strong></span> 
     </span>
    </p>
   </div>
   <div class='ocr_carea' id='block_1_59' title="bbox 316 5756 1895 5833">
    <p class='ocr_par' dir='ltr' id='par_1_59' title="bbox 316 5756 1895 5833">
     <span class='ocr_line' id='line_1_59' title="bbox 316 5756 1895 5833; baseline 0.007 -25"><span class='ocrx_word' id='word_1_457' title='bbox 316 5756 572 5826; x_wconf 87' lang='lat' dir='ltr'><strong>aspiciens</strong></span> <span class='ocrx_word' id='word_1_458' title='bbox 595 5762 905 5833; x_wconf 85' lang='lat' dir='ltr'><strong>magistrum</strong></span> <span class='ocrx_word' id='word_1_459' title='bbox 930 5777 1087 5817; x_wconf 89' lang='lat' dir='ltr'><strong>suum</strong></span> <span class='ocrx_word' id='word_1_460' title='bbox 1128 5764 1348 5828; x_wconf 88' lang='lat' dir='ltr'><strong>assumi,</strong></span> <span class='ocrx_word' id='word_1_461' title='bbox 1380 5764 1467 5832; x_wconf 91' lang='lat' dir='ltr'><strong>qui</strong></span> <span class='ocrx_word' id='word_1_462' title='bbox 1495 5763 1707 5819; x_wconf 68' lang='lat' dir='ltr'><strong>dieCidll</strong></span> <span class='ocrx_word' id='word_1_463' title='bbox 1733 5765 1895 5819; x_wconf 72' lang='lat' dir='ltr'><strong>vesti-</strong></span> 
     </span>
    </p>
   </div>
   <div class='ocr_carea' id='block_1_60' title="bbox 318 5851 1896 5927">
    <p class='ocr_par' dir='ltr' id='par_1_60' title="bbox 318 5851 1896 5927">
     <span class='ocr_line' id='line_1_60' title="bbox 318 5851 1896 5927; baseline 0.008 -26"><span class='ocrx_word' id='word_1_464' title='bbox 318 5857 549 5907; x_wconf 85' lang='lat' dir='ltr'><strong>mentum</strong></span> <span class='ocrx_word' id='word_1_465' title='bbox 580 5854 597 5922; x_wconf 88' lang='grc'><strong><em>&lt;</em></strong></span> <span class='ocrx_word' id='word_1_466' title='bbox 625 5852 671 5909; x_wconf 79' lang='grc' dir='ltr'><strong>ι.</strong></span> <span class='ocrx_word' id='word_1_467' title='bbox 729 5851 853 5925; x_wconf 79' lang='lat' dir='ltr'><strong>Reg.</strong></span> <span class='ocrx_word' id='word_1_468' title='bbox 880 5852 961 5927; x_wconf 62' lang='grc' dir='ltr'><strong>ἢ)</strong></span> <span class='ocrx_word' id='word_1_469' title='bbox 992 5871 1005 5909; x_wconf 89' lang='lat'><strong>:</strong></span> <span class='ocrx_word' id='word_1_470' title='bbox 1038 5869 1143 5912; x_wconf 88' lang='lat' dir='ltr'><strong>non</strong></span> <span class='ocrx_word' id='word_1_471' title='bbox 1195 5854 1336 5912; x_wconf 89' lang='lat' dir='ltr'><strong>enim</strong></span> <span class='ocrx_word' id='word_1_472' title='bbox 1384 5853 1612 5911; x_wconf 78' lang='lat' dir='ltr'><strong>habebat</strong></span> <span class='ocrx_word' id='word_1_473' title='bbox 1666 5855 1896 5926; x_wconf 83' lang='lat' dir='ltr'><strong>aliquem</strong></span> 
     </span>
    </p>
   </div>
   <div class='ocr_carea' id='block_1_61' title="bbox 1277 422 2593 486">
    <p class='ocr_par' dir='ltr' id='par_1_61' title="bbox 1277 422 2593 486">
     <span class='ocr_line' id='line_1_61' title="bbox 1277 422 2593 486; baseline -0.006 0"><span class='ocrx_word' id='word_1_474' title='bbox 1277 428 1343 485; x_wconf 78' lang='lat' dir='ltr'><strong>IN</strong></span> <span class='ocrx_word' id='word_1_475' title='bbox 1384 426 1852 486; x_wconf 69' lang='lat' dir='ltr'><strong>ASCENSIO‘NEM</strong></span> <span class='ocrx_word' id='word_1_476' title='bbox 1894 426 1958 480; x_wconf 89' lang='lat' dir='ltr'><strong>D.</strong></span> <span class='ocrx_word' id='word_1_477' title='bbox 2001 424 2066 481; x_wconf 84' lang='lat' dir='ltr'><strong>N.</strong></span> <span class='ocrx_word' id='word_1_478' title='bbox 2109 423 2272 482; x_wconf 86' lang='lat' dir='ltr'><strong>JESU</strong></span> <span class='ocrx_word' id='word_1_479' title='bbox 2302 422 2593 481; x_wconf 78' lang='lat' dir='ltr'><strong>CHRISTI.</strong></span> 
     </span>
    </p>
   </div>
   <div class='ocr_carea' id='block_1_62' title="bbox 3483 426 3590 483">
    <p class='ocr_par' dir='ltr' id='par_1_62' title="bbox 3483 426 3590 483">
     <span class='ocr_line' id='line_1_62' title="bbox 3483 426 3590 483; baseline 0 0"><span class='ocrx_word' id='word_1_480' title='bbox 3483 426 3590 483; x_wconf 61' lang='grc'><strong>430</strong></span> 
     </span>
    </p>
   </div>
   <div class='ocr_carea' id='block_1_63' title="bbox 1994 537 3580 609">
    <p class='ocr_par' dir='ltr' id='par_1_63' title="bbox 1994 537 3580 609">
     <span class='ocr_line' id='line_1_63' title="bbox 1994 537 3580 609; baseline 0 -16"><span class='ocrx_word' id='word_1_481' title='bbox 1994 537 2291 593; x_wconf 86' lang='lat' dir='ltr'><strong>adstantem</strong></span> <span class='ocrx_word' id='word_1_482' title='bbox 2315 539 2412 593; x_wconf 76' lang='lat' dir='ltr'><strong>sibi</strong></span> <span class='ocrx_word' id='word_1_483' title='bbox 2435 549 2591 609; x_wconf 84' lang='lat' dir='ltr'><strong>atque</strong></span> <span class='ocrx_word' id='word_1_484' title='bbox 2622 538 2888 593; x_wconf 79' lang='lat' dir='ltr'><strong>dicentem</strong></span> <span class='ocrx_word' id='word_1_485' title='bbox 2917 537 3058 608; x_wconf 86' lang='lat' dir='ltr'><strong>quod</strong></span> <span class='ocrx_word' id='word_1_486' title='bbox 3092 538 3282 592; x_wconf 87' lang='lat' dir='ltr'><strong>iterum</strong></span> <span class='ocrx_word' id='word_1_487' title='bbox 3322 547 3580 593; x_wconf 78' lang='lat' dir='ltr'><strong>venturus</strong></span> 
     </span>
    </p>
   </div>
   <div class='ocr_carea' id='block_1_64' title="bbox 1986 627 3589 699">
    <p class='ocr_par' dir='ltr' id='par_1_64' title="bbox 1986 627 3589 699">
     <span class='ocr_line' id='line_1_64' title="bbox 1986 627 3589 699; baseline -0.001 -16"><span class='ocrx_word' id='word_1_488' title='bbox 1986 638 2132 684; x_wconf 88' lang='lat' dir='ltr'><strong>esset</strong></span> <span class='ocrx_word' id='word_1_489' title='bbox 2160 628 2378 694; x_wconf 82' lang='lat' dir='ltr'><strong>Helias;</strong></span> <span class='ocrx_word' id='word_1_490' title='bbox 2411 645 2475 683; x_wconf 91' lang='lat' dir='ltr'><strong>ne</strong></span> <span class='ocrx_word' id='word_1_491' title='bbox 2504 629 2660 699; x_wconf 78' lang='lat' dir='ltr'><strong>igitur</strong></span> <span class='ocrx_word' id='word_1_492' title='bbox 2686 628 2786 682; x_wconf 76' lang='lat' dir='ltr'><strong>huc</strong></span> <span class='ocrx_word' id='word_1_493' title='bbox 2818 638 2874 682; x_wconf 85' lang='lat' dir='ltr'><strong>et</strong></span> <span class='ocrx_word' id='word_1_494' title='bbox 2906 628 2993 683; x_wconf 89' lang='lat' dir='ltr'><strong>isti</strong></span> <span class='ocrx_word' id='word_1_495' title='bbox 3023 627 3260 682; x_wconf 84' lang='lat' dir='ltr'><strong>facerent</strong></span> <span class='ocrx_word' id='word_1_496' title='bbox 3282 669 3296 692; x_wconf 91' lang='lat'><strong>,</strong></span> <span class='ocrx_word' id='word_1_497' title='bbox 3341 628 3461 682; x_wconf 89' lang='lat' dir='ltr'><strong>ideo</strong></span> <span class='ocrx_word' id='word_1_498' title='bbox 3491 642 3589 681; x_wconf 88' lang='lat' dir='ltr'><strong>an-</strong></span> 
     </span>
    </p>
   </div>
   <div class='ocr_carea' id='block_1_65' title="bbox 1986 719 3583 792">
    <p class='ocr_par' dir='ltr' id='par_1_65' title="bbox 1986 719 3583 792">
     <span class='ocr_line' id='line_1_65' title="bbox 1986 719 3583 792; baseline -0.003 -15"><span class='ocrx_word' id='word_1_499' title='bbox 1986 722 2090 792; x_wconf 80' lang='lat' dir='ltr'><strong>geli</strong></span> <span class='ocrx_word' id='word_1_500' title='bbox 2138 722 2493 786; x_wconf 77' lang='lat' dir='ltr'><strong>adstiterant,</strong></span> <span class='ocrx_word' id='word_1_501' title='bbox 2523 722 2611 792; x_wconf 89' lang='lat' dir='ltr'><strong>qui</strong></span> <span class='ocrx_word' id='word_1_502' title='bbox 2653 720 2923 776; x_wconf 76' lang='lat' dir='ltr'><strong>tristitiam</strong></span> <span class='ocrx_word' id='word_1_503' title='bbox 2969 720 3180 775; x_wconf 89' lang='lat' dir='ltr'><strong>illorum</strong></span> <span class='ocrx_word' id='word_1_504' title='bbox 3231 719 3465 773; x_wconf 86' lang='lat' dir='ltr'><strong>lenirent</strong></span> <span class='ocrx_word' id='word_1_505' title='bbox 3520 726 3583 773; x_wconf 82' lang='lat' dir='ltr'><strong>a’c</strong></span> 
     </span>
    </p>
   </div>
   <div class='ocr_carea' id='block_1_66' title="bbox 1987 811 3344 875">
    <p class='ocr_par' dir='ltr' id='par_1_66' title="bbox 1987 811 3344 875">
     <span class='ocr_line' id='line_1_66' title="bbox 1987 811 3344 875; baseline -0.002 -9"><span class='ocrx_word' id='word_1_506' title='bbox 1987 811 2411 867; x_wconf 84' lang='lat' dir='ltr'><strong>consolarentur.</strong></span> <span class='ocrx_word' id='word_1_507' title='bbox 3275 822 3344 875; x_wconf 58' lang='grc' dir='ltr'><strong><em>υ</em></strong></span> 
     </span>
    </p>
   </div>
   <div class='ocr_carea' id='block_1_67' title="bbox 2069 901 3588 973">
    <p class='ocr_par' dir='ltr' id='par_1_67' title="bbox 2069 901 3588 973">
     <span class='ocr_line' id='line_1_67' title="bbox 2069 901 3588 973; baseline -0.003 -14"><span class='ocrx_word' id='word_1_508' title='bbox 2069 904 2369 973; x_wconf 77' lang='grc' dir='ltr'><strong>υἰΙῙενεηιὶα</strong></span> <span class='ocrx_word' id='word_1_509' title='bbox 2396 906 2526 960; x_wconf 79' lang='lat' dir='ltr'><strong>inter</strong></span> <span class='ocrx_word' id='word_1_510' title='bbox 2551 905 2893 961; x_wconf 72' lang='lat' dir='ltr'><strong>ascensionem</strong></span> <span class='ocrx_word' id='word_1_511' title='bbox 2920 904 3084 968; x_wconf 72' lang='lat' dir='ltr'><strong>Elite,</strong></span> <span class='ocrx_word' id='word_1_512' title='bbox 3115 914 3162 958; x_wconf 88' lang='lat' dir='ltr'><strong>et</strong></span> <span class='ocrx_word' id='word_1_513' title='bbox 3190 902 3376 958; x_wconf 79' lang='lat' dir='ltr'><strong>Christi</strong></span> <span class='ocrx_word' id='word_1_514' title='bbox 3397 901 3588 957; x_wconf 82' lang='lat' dir='ltr'><strong>Salva—</strong></span> 
     </span>
    </p>
   </div>
   <div class='ocr_carea' id='block_1_68' title="bbox 1994 993 3590 1069">
    <p class='ocr_par' dir='ltr' id='par_1_68' title="bbox 1994 993 3590 1069">
     <span class='ocr_line' id='line_1_68' title="bbox 1994 993 3590 1069; baseline -0.002 -19"><span class='ocrx_word' id='word_1_515' title='bbox 1994 998 2138 1052; x_wconf 82' lang='lat' dir='ltr'><strong>toris.</strong></span> <span class='ocrx_word' id='word_1_516' title='bbox 2164 997 2328 1053; x_wconf 90' lang='lat' dir='ltr'><strong>—Et</strong></span> <span class='ocrx_word' id='word_1_517' title='bbox 2375 997 2490 1053; x_wconf 63' lang='lat' dir='ltr'><strong>hinc</strong></span> <span class='ocrx_word' id='word_1_518' title='bbox 2535 998 2750 1067; x_wconf 91' lang='lat' dir='ltr'><strong>quidem</strong></span> <span class='ocrx_word' id='word_1_519' title='bbox 2796 1004 2900 1052; x_wconf 80' lang='lat' dir='ltr'><strong>tina</strong></span> <span class='ocrx_word' id='word_1_520' title='bbox 2945 1006 3028 1052; x_wconf 85' lang='lat' dir='ltr'><strong>est</strong></span> <span class='ocrx_word' id='word_1_521' title='bbox 3082 1009 3242 1051; x_wconf 84' lang='lat' dir='ltr'><strong>causa</strong></span> <span class='ocrx_word' id='word_1_522' title='bbox 3286 993 3590 1069; x_wconf 67' lang='lat' dir='ltr'><strong>praesentiae</strong></span> 
     </span>
    </p>
   </div>
   <div class='ocr_carea' id='block_1_69' title="bbox 1988 1086 3586 1160">
    <p class='ocr_par' dir='ltr' id='par_1_69' title="bbox 1988 1086 3586 1160">
     <span class='ocr_line' id='line_1_69' title="bbox 1988 1086 3586 1160; baseline -0.004 -15"><span class='ocrx_word' id='word_1_523' title='bbox 1988 1089 2300 1160; x_wconf 76' lang='lat' dir='ltr'><strong>angelorum</strong></span> <span class='ocrx_word' id='word_1_524' title='bbox 2336 1107 2349 1141; x_wconf 89' lang='lat'><strong>:</strong></span> <span class='ocrx_word' id='word_1_525' title='bbox 2382 1089 2644 1160; x_wconf 87' lang='lat' dir='ltr'><strong>posterior</strong></span> <span class='ocrx_word' id='word_1_526' title='bbox 2668 1097 2844 1143; x_wconf 86' lang='lat' dir='ltr'><strong>autem</strong></span> <span class='ocrx_word' id='word_1_527' title='bbox 2875 1103 2937 1143; x_wconf 90' lang='lat' dir='ltr'><strong>ea</strong></span> <span class='ocrx_word' id='word_1_528' title='bbox 2960 1102 3068 1143; x_wconf 90' lang='lat' dir='ltr'><strong>non</strong></span> <span class='ocrx_word' id='word_1_529' title='bbox 3091 1086 3311 1142; x_wconf 80' lang='lat' dir='ltr'><strong>inferior</strong></span> <span class='ocrx_word' id='word_1_530' title='bbox 3335 1094 3437 1151; x_wconf 84' lang='lat' dir='ltr'><strong>est,</strong></span> <span class='ocrx_word' id='word_1_531' title='bbox 3466 1098 3586 1156; x_wconf 88' lang='lat' dir='ltr'><strong>pro-</strong></span> 
     </span>
    </p>
   </div>
   <div class='ocr_carea' id='block_1_70' title="bbox 1988 1173 3593 1252">
    <p class='ocr_par' dir='ltr' id='par_1_70' title="bbox 1988 1173 3593 1252">
     <span class='ocr_line' id='line_1_70' title="bbox 1988 1173 3593 1252; baseline -0.004 -15"><span class='ocrx_word' id='word_1_532' title='bbox 1988 1184 2110 1249; x_wconf 88' lang='lat' dir='ltr'><strong>pter</strong></span> <span class='ocrx_word' id='word_1_533' title='bbox 2124 1195 2283 1252; x_wconf 84' lang='lat' dir='ltr'><strong>quam</strong></span> <span class='ocrx_word' id='word_1_534' title='bbox 2309 1180 2470 1235; x_wconf 87' lang='lat' dir='ltr'><strong>etiam</strong></span> <span class='ocrx_word' id='word_1_535' title='bbox 2487 1191 2705 1234; x_wconf 84' lang='lat' dir='ltr'><strong>causam</strong></span> <span class='ocrx_word' id='word_1_536' title='bbox 2733 1177 2947 1247; x_wconf 83' lang='lat' dir='ltr'><strong>adjecit,</strong></span> <span class='ocrx_word' id='word_1_537' title='bbox 2973 1178 3072 1245; x_wconf 84' lang='lat' dir='ltr'><strong>Qui</strong></span> <span class='ocrx_word' id='word_1_538' title='bbox 3097 1186 3387 1247; x_wconf 78' lang='lat' dir='ltr'><strong>assumptus</strong></span> <span class='ocrx_word' id='word_1_539' title='bbox 3406 1185 3496 1231; x_wconf 83' lang='lat' dir='ltr'><strong>est.</strong></span> <span class='ocrx_word' id='word_1_540' title='bbox 3522 1173 3593 1231; x_wconf 78' lang='lat' dir='ltr'><strong>Et</strong></span> 
     </span>
    </p>
   </div>
   <div class='ocr_carea' id='block_1_71' title="bbox 1990 1266 3590 1345">
    <p class='ocr_par' dir='ltr' id='par_1_71' title="bbox 1990 1266 3590 1345">
     <span class='ocr_line' id='line_1_71' title="bbox 1990 1266 3590 1345; baseline -0.004 -19"><span class='ocrx_word' id='word_1_541' title='bbox 1990 1288 2109 1345; x_wconf 69' lang='lat' dir='ltr'><strong>quat</strong></span> <span class='ocrx_word' id='word_1_542' title='bbox 2136 1282 2219 1328; x_wconf 86' lang='lat' dir='ltr'><strong>est</strong></span> <span class='ocrx_word' id='word_1_543' title='bbox 2244 1272 2389 1328; x_wconf 83' lang='lat' dir='ltr'><strong>ista?</strong></span> <span class='ocrx_word' id='word_1_544' title='bbox 2433 1272 2489 1327; x_wconf 91' lang='lat' dir='ltr'><strong>In</strong></span> <span class='ocrx_word' id='word_1_545' title='bbox 2516 1271 2702 1326; x_wconf 76' lang='lat' dir='ltr'><strong>caelum</strong></span> <span class='ocrx_word' id='word_1_546' title='bbox 2730 1282 3034 1340; x_wconf 85' lang='lat' dir='ltr'><strong>assumptus</strong></span> <span class='ocrx_word' id='word_1_547' title='bbox 3060 1279 3161 1323; x_wconf 89' lang='lat' dir='ltr'><strong>est.</strong></span> <span class='ocrx_word' id='word_1_548' title='bbox 3192 1266 3382 1338; x_wconf 85' lang='lat' dir='ltr'><strong>Ingens</strong></span> <span class='ocrx_word' id='word_1_549' title='bbox 3411 1272 3590 1322; x_wconf 81' lang='lat' dir='ltr'><strong>autem</strong></span> 
     </span>
    </p>
   </div>
   <div class='ocr_carea' id='block_1_72' title="bbox 1992 1360 3591 1434">
    <p class='ocr_par' dir='ltr' id='par_1_72' title="bbox 1992 1360 3591 1434">
     <span class='ocr_line' id='line_1_72' title="bbox 1992 1360 3591 1434; baseline -0.005 -14"><span class='ocrx_word' id='word_1_550' title='bbox 1992 1366 2337 1423; x_wconf 69' lang='lat' dir='ltr'><strong>interminum</strong></span> <span class='ocrx_word' id='word_1_551' title='bbox 2381 1374 2516 1432; x_wconf 86' lang='lat' dir='ltr'><strong>erat,</strong></span> <span class='ocrx_word' id='word_1_552' title='bbox 2551 1380 2722 1434; x_wconf 83' lang='lat' dir='ltr'><strong>neque</strong></span> <span class='ocrx_word' id='word_1_553' title='bbox 2769 1360 3067 1417; x_wconf 79' lang='lat' dir='ltr'><strong>sufﬁciebat</strong></span> <span class='ocrx_word' id='word_1_554' title='bbox 3095 1362 3174 1415; x_wconf 80' lang='lat' dir='ltr'><strong>vis</strong></span> <span class='ocrx_word' id='word_1_555' title='bbox 3214 1360 3381 1414; x_wconf 85' lang='lat' dir='ltr'><strong>nostri</strong></span> <span class='ocrx_word' id='word_1_556' title='bbox 3434 1365 3591 1430; x_wconf 74' lang='lat' dir='ltr'><strong>aSp‘e-</strong></span> 
     </span>
    </p>
   </div>
   <div class='ocr_carea' id='block_1_73' title="bbox 1991 1451 3587 1531">
    <p class='ocr_par' dir='ltr' id='par_1_73' title="bbox 1991 1451 3587 1531">
     <span class='ocr_line' id='line_1_73' title="bbox 1991 1451 3587 1531; baseline -0.006 -16"><span class='ocrx_word' id='word_1_557' title='bbox 1991 1465 2133 1525; x_wconf 77' lang='lat' dir='ltr'><strong>etus,</strong></span> <span class='ocrx_word' id='word_1_558' title='bbox 2157 1466 2214 1513; x_wconf 91' lang='lat' dir='ltr'><strong>ut</strong></span> <span class='ocrx_word' id='word_1_559' title='bbox 2241 1471 2436 1531; x_wconf 88' lang='lat' dir='ltr'><strong>corpus</strong></span> <span class='ocrx_word' id='word_1_560' title='bbox 2467 1455 2534 1511; x_wconf 89' lang='lat' dir='ltr'><strong>ad</strong></span> <span class='ocrx_word' id='word_1_561' title='bbox 2579 1454 2741 1512; x_wconf 66' lang='lat' dir='ltr'><strong>caios</strong></span> <span class='ocrx_word' id='word_1_562' title='bbox 2766 1468 2936 1524; x_wconf 87' lang='lat' dir='ltr'><strong>usque</strong></span> <span class='ocrx_word' id='word_1_563' title='bbox 2976 1451 3173 1507; x_wconf 84' lang='lat' dir='ltr'><strong>assumi</strong></span> <span class='ocrx_word' id='word_1_564' title='bbox 3210 1451 3539 1523; x_wconf 86' lang='lat' dir='ltr'><strong>prospiceret</strong></span> <span class='ocrx_word' id='word_1_565' title='bbox 3571 1454 3587 1505; x_wconf 72' lang='grc' dir='ltr'><strong><em>ἑ</em></strong></span> 
     </span>
    </p>
   </div>
   <div class='ocr_carea' id='block_1_74' title="bbox 1992 1541 3590 1615">
    <p class='ocr_par' dir='ltr' id='par_1_74' title="bbox 1992 1541 3590 1615">
     <span class='ocr_line' id='line_1_74' title="bbox 1992 1541 3590 1615; baseline -0.006 -10"><span class='ocrx_word' id='word_1_566' title='bbox 1992 1548 2088 1605; x_wconf 79' lang='lat' dir='ltr'><strong>sed</strong></span> <span class='ocrx_word' id='word_1_567' title='bbox 2114 1548 2255 1605; x_wconf 88' lang='lat' dir='ltr'><strong>sicut</strong></span> <span class='ocrx_word' id='word_1_568' title='bbox 2277 1547 2390 1605; x_wconf 80' lang='lat' dir='ltr'><strong>avis</strong></span> <span class='ocrx_word' id='word_1_569' title='bbox 2425 1547 2477 1603; x_wconf 92' lang='lat' dir='ltr'><strong>in</strong></span> <span class='ocrx_word' id='word_1_570' title='bbox 2525 1546 2755 1602; x_wconf 86' lang='lat' dir='ltr'><strong>sublime</strong></span> <span class='ocrx_word' id='word_1_571' title='bbox 2807 1544 3059 1610; x_wconf 87' lang='lat' dir='ltr'><strong>volitans,</strong></span> <span class='ocrx_word' id='word_1_572' title='bbox 3089 1551 3291 1615; x_wconf 85' lang='lat' dir='ltr'><strong>quanto</strong></span> <span class='ocrx_word' id='word_1_573' title='bbox 3336 1541 3504 1611; x_wconf 88' lang='lat' dir='ltr'><strong>magis</strong></span> <span class='ocrx_word' id='word_1_574' title='bbox 3536 1541 3590 1596; x_wconf 85' lang='lat' dir='ltr'><strong>in</strong></span> 
     </span>
    </p>
   </div>
   <div class='ocr_carea' id='block_1_75' title="bbox 1993 1638 3593 1708">
    <p class='ocr_par' dir='ltr' id='par_1_75' title="bbox 1993 1638 3593 1708">
     <span class='ocr_line' id='line_1_75' title="bbox 1993 1638 3593 1708; baseline -0.008 -7"><span class='ocrx_word' id='word_1_575' title='bbox 1993 1643 2161 1701; x_wconf 85' lang='lat' dir='ltr'><strong>altum</strong></span> <span class='ocrx_word' id='word_1_576' title='bbox 2213 1641 2555 1707; x_wconf 71' lang='lat' dir='ltr'><strong>ascenderit,</strong></span> <span class='ocrx_word' id='word_1_577' title='bbox 2590 1647 2736 1694; x_wconf 89' lang='lat' dir='ltr'><strong>tanto</strong></span> <span class='ocrx_word' id='word_1_578' title='bbox 2776 1638 3007 1708; x_wconf 88' lang='lat' dir='ltr'><strong>amplius</strong></span> <span class='ocrx_word' id='word_1_579' title='bbox 3054 1651 3083 1688; x_wconf 88' lang='lat' dir='ltr'><strong>a</strong></span> <span class='ocrx_word' id='word_1_580' title='bbox 3139 1644 3324 1689; x_wconf 86' lang='lat' dir='ltr'><strong>nostro</strong></span> <span class='ocrx_word' id='word_1_581' title='bbox 3373 1640 3593 1701; x_wconf 79' lang='lat' dir='ltr'><strong>aspectu</strong></span> 
     </span>
    </p>
   </div>
   <div class='ocr_carea' id='block_1_76' title="bbox 1994 1724 3586 1801">
    <p class='ocr_par' dir='ltr' id='par_1_76' title="bbox 1994 1724 3586 1801">
     <span class='ocr_line' id='line_1_76' title="bbox 1994 1724 3586 1801; baseline -0.005 -15"><span class='ocrx_word' id='word_1_582' title='bbox 1994 1732 2328 1789; x_wconf 81' lang='lat' dir='ltr'><strong>subtrahitur</strong></span> <span class='ocrx_word' id='word_1_583' title='bbox 2360 1750 2375 1787; x_wconf 90' lang='lat'><strong>:</strong></span> <span class='ocrx_word' id='word_1_584' title='bbox 2408 1733 2480 1788; x_wconf 86' lang='lat' dir='ltr'><strong>ita</strong></span> <span class='ocrx_word' id='word_1_585' title='bbox 2507 1739 2560 1789; x_wconf 88' lang='lat' dir='ltr'><strong>ct</strong></span> <span class='ocrx_word' id='word_1_586' title='bbox 2584 1742 2779 1801; x_wconf 87' lang='lat' dir='ltr'><strong>corpus</strong></span> <span class='ocrx_word' id='word_1_587' title='bbox 2800 1728 2950 1797; x_wconf 83' lang='lat' dir='ltr'><strong>illud,</strong></span> <span class='ocrx_word' id='word_1_588' title='bbox 2978 1736 3178 1798; x_wconf 84' lang='lat' dir='ltr'><strong>quanto</strong></span> <span class='ocrx_word' id='word_1_589' title='bbox 3206 1726 3362 1781; x_wconf 88' lang='lat' dir='ltr'><strong>altius</strong></span> <span class='ocrx_word' id='word_1_590' title='bbox 3390 1724 3586 1780; x_wconf 54' lang='lat' dir='ltr'><strong>evehc‘</strong></span> 
     </span>
    </p>
   </div>
   <div class='ocr_carea' id='block_1_77' title="bbox 1994 1810 3593 1897">
    <p class='ocr_par' dir='ltr' id='par_1_77' title="bbox 1994 1810 3593 1897">
     <span class='ocr_line' id='line_1_77' title="bbox 1994 1810 3593 1897; baseline -0.006 -16"><span class='ocrx_word' id='word_1_591' title='bbox 1994 1825 2169 1893; x_wconf 87' lang='lat' dir='ltr'><strong>batur,</strong></span> <span class='ocrx_word' id='word_1_592' title='bbox 2203 1834 2351 1881; x_wconf 88' lang='lat' dir='ltr'><strong>tanto</strong></span> <span class='ocrx_word' id='word_1_593' title='bbox 2380 1825 2549 1897; x_wconf 82' lang='lat' dir='ltr'><strong>magis</strong></span> <span class='ocrx_word' id='word_1_594' title='bbox 2582 1821 3014 1881; x_wconf 86' lang='lat' dir='ltr'><strong>abscondebatur</strong></span> <span class='ocrx_word' id='word_1_595' title='bbox 3043 1837 3058 1888; x_wconf 88' lang='lat'><strong>;</strong></span> <span class='ocrx_word' id='word_1_596' title='bbox 3089 1835 3210 1875; x_wconf 89' lang='lat' dir='ltr'><strong>cum</strong></span> <span class='ocrx_word' id='word_1_597' title='bbox 3254 1834 3362 1875; x_wconf 86' lang='lat' dir='ltr'><strong>non</strong></span> <span class='ocrx_word' id='word_1_598' title='bbox 3413 1810 3593 1889; x_wconf 60' lang='lat' dir='ltr'><strong>posset</strong></span> 
     </span>
    </p>
   </div>
   <div class='ocr_carea' id='block_1_78' title="bbox 1994 1908 3590 1984">
    <p class='ocr_par' dir='ltr' id='par_1_78' title="bbox 1994 1908 3590 1984">
     <span class='ocr_line' id='line_1_78' title="bbox 1994 1908 3590 1984; baseline -0.006 -12"><span class='ocrx_word' id='word_1_599' title='bbox 1994 1918 2278 1973; x_wconf 84' lang='lat' dir='ltr'><strong>oculorum</strong></span> <span class='ocrx_word' id='word_1_600' title='bbox 2310 1917 2591 1975; x_wconf 84' lang='lat' dir='ltr'><strong>inﬁrmitas</strong></span> <span class='ocrx_word' id='word_1_601' title='bbox 2618 1914 2885 1973; x_wconf 83' lang='lat' dir='ltr'><strong>intervalli</strong></span> <span class='ocrx_word' id='word_1_602' title='bbox 2925 1908 3312 1984; x_wconf 85' lang='lat' dir='ltr'><strong>longitudinem</strong></span> <span class='ocrx_word' id='word_1_603' title='bbox 3355 1908 3590 1979; x_wconf 70' lang='lat' dir='ltr'><strong>assequi.</strong></span> 
     </span>
    </p>
   </div>
   <div class='ocr_carea' id='block_1_79' title="bbox 1998 2001 3595 2082">
    <p class='ocr_par' dir='ltr' id='par_1_79' title="bbox 1998 2001 3595 2082">
     <span class='ocr_line' id='line_1_79' title="bbox 1998 2001 3595 2082; baseline -0.006 -17"><span class='ocrx_word' id='word_1_604' title='bbox 1998 2009 2285 2082; x_wconf 86' lang='lat' dir='ltr'><strong>Propterea</strong></span> <span class='ocrx_word' id='word_1_605' title='bbox 2310 2010 2597 2067; x_wconf 88' lang='lat' dir='ltr'><strong>astiterunt</strong></span> <span class='ocrx_word' id='word_1_606' title='bbox 2642 2007 2849 2079; x_wconf 80' lang='lat' dir='ltr'><strong>angeli,</strong></span> <span class='ocrx_word' id='word_1_607' title='bbox 2879 2004 2970 2076; x_wconf 90' lang='lat' dir='ltr'><strong>qui</strong></span> <span class='ocrx_word' id='word_1_608' title='bbox 3023 2005 3281 2059; x_wconf 89' lang='lat' dir='ltr'><strong>docerent</strong></span> <span class='ocrx_word' id='word_1_609' title='bbox 3326 2001 3595 2056; x_wconf 50' lang='lat' dir='ltr'><strong>ascensius</strong></span> 
     </span>
    </p>
   </div>
   <div class='ocr_carea' id='block_1_80' title="bbox 1995 2092 3595 2167">
    <p class='ocr_par' dir='ltr' id='par_1_80' title="bbox 1995 2092 3595 2167">
     <span class='ocr_line' id='line_1_80' title="bbox 1995 2092 3595 2167; baseline -0.007 -11"><span class='ocrx_word' id='word_1_610' title='bbox 1995 2116 2120 2157; x_wconf 89' lang='lat' dir='ltr'><strong>nem</strong></span> <span class='ocrx_word' id='word_1_611' title='bbox 2142 2102 2194 2156; x_wconf 91' lang='lat' dir='ltr'><strong>in</strong></span> <span class='ocrx_word' id='word_1_612' title='bbox 2216 2101 2428 2167; x_wconf 66' lang='lat' dir='ltr'><strong>caelum,</strong></span> <span class='ocrx_word' id='word_1_613' title='bbox 2463 2116 2531 2157; x_wconf 90' lang='lat' dir='ltr'><strong>ne</strong></span> <span class='ocrx_word' id='word_1_614' title='bbox 2557 2094 2946 2157; x_wconf 84' lang='lat' dir='ltr'><strong>arbitrarentur</strong></span> <span class='ocrx_word' id='word_1_615' title='bbox 2975 2109 3098 2151; x_wconf 87' lang='lat' dir='ltr'><strong>eum</strong></span> <span class='ocrx_word' id='word_1_616' title='bbox 3128 2094 3281 2165; x_wconf 86' lang='lat' dir='ltr'><strong>quasi</strong></span> <span class='ocrx_word' id='word_1_617' title='bbox 3313 2094 3365 2147; x_wconf 91' lang='lat' dir='ltr'><strong>in</strong></span> <span class='ocrx_word' id='word_1_618' title='bbox 3403 2092 3595 2147; x_wconf 82' lang='lat' dir='ltr'><strong>caelum</strong></span> 
     </span>
    </p>
   </div>
   <div class='ocr_carea' id='block_1_81' title="bbox 1996 2182 3594 2257">
    <p class='ocr_par' dir='ltr' id='par_1_81' title="bbox 1996 2182 3594 2257">
     <span class='ocr_line' id='line_1_81' title="bbox 1996 2182 3594 2257; baseline -0.008 -8"><span class='ocrx_word' id='word_1_619' title='bbox 1996 2193 2309 2249; x_wconf 88' lang='lat' dir='ltr'><strong>ascendisse</strong></span> <span class='ocrx_word' id='word_1_620' title='bbox 2351 2193 2520 2248; x_wconf 79' lang='lat' dir='ltr'><strong>instar</strong></span> <span class='ocrx_word' id='word_1_621' title='bbox 2556 2190 2756 2256; x_wconf 78' lang='lat' dir='ltr'><strong>lieliac;</strong></span> <span class='ocrx_word' id='word_1_622' title='bbox 2789 2188 2884 2244; x_wconf 88' lang='lat' dir='ltr'><strong>sed</strong></span> <span class='ocrx_word' id='word_1_623' title='bbox 2927 2187 3069 2257; x_wconf 91' lang='lat' dir='ltr'><strong>quod</strong></span> <span class='ocrx_word' id='word_1_624' title='bbox 3124 2200 3251 2241; x_wconf 88' lang='lat' dir='ltr'><strong>vere</strong></span> <span class='ocrx_word' id='word_1_625' title='bbox 3294 2185 3347 2241; x_wconf 91' lang='lat' dir='ltr'><strong>in</strong></span> <span class='ocrx_word' id='word_1_626' title='bbox 3403 2182 3594 2238; x_wconf 81' lang='lat' dir='ltr'><strong>caelum</strong></span> 
     </span>
    </p>
   </div>
   <div class='ocr_carea' id='block_1_82' title="bbox 1995 2275 3593 2349">
    <p class='ocr_par' dir='ltr' id='par_1_82' title="bbox 1995 2275 3593 2349">
     <span class='ocr_line' id='line_1_82' title="bbox 1995 2275 3593 2349; baseline -0.006 -12"><span class='ocrx_word' id='word_1_627' title='bbox 1995 2282 2338 2349; x_wconf 73' lang='lat' dir='ltr'><strong>ascenderit,</strong></span> <span class='ocrx_word' id='word_1_628' title='bbox 2367 2281 2439 2338; x_wconf 93' lang='lat' dir='ltr'><strong>ob</strong></span> <span class='ocrx_word' id='word_1_629' title='bbox 2490 2281 2543 2337; x_wconf 90' lang='lat' dir='ltr'><strong>id</strong></span> <span class='ocrx_word' id='word_1_630' title='bbox 2592 2281 2666 2335; x_wconf 89' lang='lat' dir='ltr'><strong>ait</strong></span> <span class='ocrx_word' id='word_1_631' title='bbox 2694 2297 2707 2332; x_wconf 91' lang='lat'><strong>:</strong></span> <span class='ocrx_word' id='word_1_632' title='bbox 2742 2278 2846 2346; x_wconf 84' lang='lat' dir='ltr'><strong>Qui</strong></span> <span class='ocrx_word' id='word_1_633' title='bbox 2870 2285 3162 2346; x_wconf 86' lang='lat' dir='ltr'><strong>assumptus</strong></span> <span class='ocrx_word' id='word_1_634' title='bbox 3190 2284 3264 2330; x_wconf 85' lang='lat' dir='ltr'><strong>est</strong></span> <span class='ocrx_word' id='word_1_635' title='bbox 3298 2292 3331 2329; x_wconf 90' lang='lat' dir='ltr'><strong>a</strong></span> <span class='ocrx_word' id='word_1_636' title='bbox 3380 2275 3516 2327; x_wconf 80' lang='lat' dir='ltr'><strong>vobis</strong></span> <span class='ocrx_word' id='word_1_637' title='bbox 3542 2275 3593 2327; x_wconf 73' lang='lat' dir='ltr'><strong>in</strong></span> 
     </span>
    </p>
   </div>
   <div class='ocr_carea' id='block_1_83' title="bbox 1995 2367 3591 2445">
    <p class='ocr_par' dir='ltr' id='par_1_83' title="bbox 1995 2367 3591 2445">
     <span class='ocr_line' id='line_1_83' title="bbox 1995 2367 3591 2445; baseline -0.007 -14"><span class='ocrx_word' id='word_1_638' title='bbox 1995 2377 2197 2431; x_wconf 67' lang='lat' dir='ltr'><strong>ctutum.</strong></span> <span class='ocrx_word' id='word_1_639' title='bbox 2247 2375 2433 2445; x_wconf 79' lang='lat' dir='ltr'><strong>Neque</strong></span> <span class='ocrx_word' id='word_1_640' title='bbox 2471 2375 2615 2429; x_wconf 87' lang='lat' dir='ltr'><strong>enim</strong></span> <span class='ocrx_word' id='word_1_641' title='bbox 2660 2372 2762 2427; x_wconf 91' lang='lat' dir='ltr'><strong>hoc</strong></span> <span class='ocrx_word' id='word_1_642' title='bbox 2810 2368 3126 2439; x_wconf 87' lang='lat' dir='ltr'><strong>simpliciter</strong></span> <span class='ocrx_word' id='word_1_643' title='bbox 3167 2367 3433 2437; x_wconf 84' lang='lat' dir='ltr'><strong>adjectum</strong></span> <span class='ocrx_word' id='word_1_644' title='bbox 3486 2372 3591 2421; x_wconf 88' lang='lat' dir='ltr'><strong>est.</strong></span> 
     </span>
    </p>
   </div>
   <div class='ocr_carea' id='block_1_84' title="bbox 1996 2461 3591 2537">
    <p class='ocr_par' dir='ltr' id='par_1_84' title="bbox 1996 2461 3591 2537">
     <span class='ocr_line' id='line_1_84' title="bbox 1996 2461 3591 2537; baseline -0.006 -15"><span class='ocrx_word' id='word_1_645' title='bbox 1996 2468 2249 2537; x_wconf 87' lang='lat' dir='ltr'><strong>Quinimo</strong></span> <span class='ocrx_word' id='word_1_646' title='bbox 2277 2467 2456 2522; x_wconf 84' lang='lat' dir='ltr'><strong>Helias</strong></span> <span class='ocrx_word' id='word_1_647' title='bbox 2488 2476 2757 2534; x_wconf 84' lang='lat' dir='ltr'><strong>tamquam</strong></span> <span class='ocrx_word' id='word_1_648' title='bbox 2810 2463 2863 2517; x_wconf 91' lang='lat' dir='ltr'><strong>in</strong></span> <span class='ocrx_word' id='word_1_649' title='bbox 2894 2461 3083 2517; x_wconf 69' lang='lat' dir='ltr'><strong>cazlum</strong></span> <span class='ocrx_word' id='word_1_650' title='bbox 3128 2466 3436 2528; x_wconf 89' lang='lat' dir='ltr'><strong>assumptus</strong></span> <span class='ocrx_word' id='word_1_651' title='bbox 3464 2467 3546 2512; x_wconf 87' lang='lat' dir='ltr'><strong>est</strong></span> <span class='ocrx_word' id='word_1_652' title='bbox 3578 2476 3591 2511; x_wconf 68' lang='grc' dir='ltr'><strong>ι</strong></span> 
     </span>
    </p>
   </div>
   <div class='ocr_carea' id='block_1_85' title="bbox 1997 2551 3593 2623">
    <p class='ocr_par' dir='ltr' id='par_1_85' title="bbox 1997 2551 3593 2623">
     <span class='ocr_line' id='line_1_85' title="bbox 1997 2551 3593 2623; baseline -0.008 -7"><span class='ocrx_word' id='word_1_653' title='bbox 1997 2575 2187 2617; x_wconf 82' lang='lat' dir='ltr'><strong>servus</strong></span> <span class='ocrx_word' id='word_1_654' title='bbox 2214 2563 2358 2616; x_wconf 90' lang='lat' dir='ltr'><strong>enim</strong></span> <span class='ocrx_word' id='word_1_655' title='bbox 2397 2569 2547 2623; x_wconf 88' lang='lat' dir='ltr'><strong>erat;</strong></span> <span class='ocrx_word' id='word_1_656' title='bbox 2578 2558 2736 2614; x_wconf 84' lang='lat' dir='ltr'><strong>Jesus</strong></span> <span class='ocrx_word' id='word_1_657' title='bbox 2762 2565 2941 2611; x_wconf 88' lang='lat' dir='ltr'><strong>autem</strong></span> <span class='ocrx_word' id='word_1_658' title='bbox 2985 2556 3038 2609; x_wconf 90' lang='lat' dir='ltr'><strong>in</strong></span> <span class='ocrx_word' id='word_1_659' title='bbox 3066 2554 3291 2618; x_wconf 73' lang='lat' dir='ltr'><strong>etclam,</strong></span> <span class='ocrx_word' id='word_1_660' title='bbox 3325 2552 3445 2622; x_wconf 85' lang='lat' dir='ltr'><strong>quia</strong></span> <span class='ocrx_word' id='word_1_661' title='bbox 3486 2551 3593 2603; x_wconf 71' lang='grc' dir='ltr'><strong>Ι)ολ</strong></span> 
     </span>
    </p>
   </div>
   <div class='ocr_carea' id='block_1_86' title="bbox 1996 2642 3594 2718">
    <p class='ocr_par' dir='ltr' id='par_1_86' title="bbox 1996 2642 3594 2718">
     <span class='ocr_line' id='line_1_86' title="bbox 1996 2642 3594 2718; baseline -0.009 -10"><span class='ocrx_word' id='word_1_662' title='bbox 1996 2655 2173 2708; x_wconf 86' lang='lat' dir='ltr'><strong>minus</strong></span> <span class='ocrx_word' id='word_1_663' title='bbox 2211 2662 2326 2708; x_wconf 88' lang='lat' dir='ltr'><strong>erat</strong></span> <span class='ocrx_word' id='word_1_664' title='bbox 2359 2671 2372 2707; x_wconf 90' lang='lat'><strong>:</strong></span> <span class='ocrx_word' id='word_1_665' title='bbox 2402 2653 2492 2706; x_wconf 89' lang='lat' dir='ltr'><strong>ille</strong></span> <span class='ocrx_word' id='word_1_666' title='bbox 2522 2651 2574 2705; x_wconf 90' lang='lat' dir='ltr'><strong>in</strong></span> <span class='ocrx_word' id='word_1_667' title='bbox 2624 2665 2785 2705; x_wconf 89' lang='lat' dir='ltr'><strong>curru</strong></span> <span class='ocrx_word' id='word_1_668' title='bbox 2829 2649 3004 2718; x_wconf 84' lang='lat' dir='ltr'><strong>igneo,</strong></span> <span class='ocrx_word' id='word_1_669' title='bbox 3043 2646 3129 2699; x_wconf 89' lang='lat' dir='ltr'><strong>hic</strong></span> <span class='ocrx_word' id='word_1_670' title='bbox 3160 2647 3213 2699; x_wconf 90' lang='lat' dir='ltr'><strong>in</strong></span> <span class='ocrx_word' id='word_1_671' title='bbox 3254 2644 3414 2699; x_wconf 87' lang='lat' dir='ltr'><strong>nube.</strong></span> <span class='ocrx_word' id='word_1_672' title='bbox 3461 2642 3594 2696; x_wconf 81' lang='lat' dir='ltr'><strong>Nam</strong></span> 
     </span>
    </p>
   </div>
   <div class='ocr_carea' id='block_1_87' title="bbox 1997 2737 3589 2815">
    <p class='ocr_par' dir='ltr' id='par_1_87' title="bbox 1997 2737 3589 2815">
     <span class='ocr_line' id='line_1_87' title="bbox 1997 2737 3589 2815; baseline -0.004 -18"><span class='ocrx_word' id='word_1_673' title='bbox 1997 2744 2209 2815; x_wconf 88' lang='lat' dir='ltr'><strong>quando</strong></span> <span class='ocrx_word' id='word_1_674' title='bbox 2237 2757 2449 2798; x_wconf 87' lang='lat' dir='ltr'><strong>servum</strong></span> <span class='ocrx_word' id='word_1_675' title='bbox 2482 2742 2658 2797; x_wconf 85' lang='lat' dir='ltr'><strong>vocari</strong></span> <span class='ocrx_word' id='word_1_676' title='bbox 2689 2739 2991 2809; x_wconf 86' lang='lat' dir='ltr'><strong>Oportebat,</strong></span> <span class='ocrx_word' id='word_1_677' title='bbox 3022 2749 3211 2793; x_wconf 87' lang='lat' dir='ltr'><strong>currus</strong></span> <span class='ocrx_word' id='word_1_678' title='bbox 3242 2737 3589 2798; x_wconf 79' lang='lat' dir='ltr'><strong>mittebatur;</strong></span> 
     </span>
    </p>
   </div>
   <div class='ocr_carea' id='block_1_88' title="bbox 1998 2827 3596 2905">
    <p class='ocr_par' dir='ltr' id='par_1_88' title="bbox 1998 2827 3596 2905">
     <span class='ocr_line' id='line_1_88' title="bbox 1998 2827 3596 2905; baseline -0.007 -15"><span class='ocrx_word' id='word_1_679' title='bbox 1998 2835 2214 2905; x_wconf 89' lang='lat' dir='ltr'><strong>quando</strong></span> <span class='ocrx_word' id='word_1_680' title='bbox 2245 2843 2424 2890; x_wconf 89' lang='lat' dir='ltr'><strong>autem</strong></span> <span class='ocrx_word' id='word_1_681' title='bbox 2468 2833 2680 2898; x_wconf 89' lang='lat' dir='ltr'><strong>Filium,-</strong></span> <span class='ocrx_word' id='word_1_682' title='bbox 2714 2834 2941 2886; x_wconf 88' lang='lat' dir='ltr'><strong>thronus</strong></span> <span class='ocrx_word' id='word_1_683' title='bbox 2983 2829 3216 2899; x_wconf 84' lang='lat' dir='ltr'><strong>regalis;</strong></span> <span class='ocrx_word' id='word_1_684' title='bbox 3251 2842 3424 2896; x_wconf 90' lang='lat' dir='ltr'><strong>neque</strong></span> <span class='ocrx_word' id='word_1_685' title='bbox 3468 2827 3596 2880; x_wconf 65' lang='lat' dir='ltr'><strong>sim-t</strong></span> 
     </span>
    </p>
   </div>
   <div class='ocr_carea' id='block_1_89' title="bbox 1998 2917 3597 2997">
    <p class='ocr_par' dir='ltr' id='par_1_89' title="bbox 1998 2917 3597 2997">
     <span class='ocr_line' id='line_1_89' title="bbox 1998 2917 3597 2997; baseline -0.006 -16"><span class='ocrx_word' id='word_1_686' title='bbox 1998 2926 2208 2997; x_wconf 89' lang='lat' dir='ltr'><strong>pliciter</strong></span> <span class='ocrx_word' id='word_1_687' title='bbox 2226 2924 2450 2980; x_wconf 90' lang='lat' dir='ltr'><strong>thronus</strong></span> <span class='ocrx_word' id='word_1_688' title='bbox 2475 2922 2691 2995; x_wconf 81' lang='lat' dir='ltr'><strong>regalis,</strong></span> <span class='ocrx_word' id='word_1_689' title='bbox 2722 2921 2818 2977; x_wconf 89' lang='lat' dir='ltr'><strong>sed</strong></span> <span class='ocrx_word' id='word_1_690' title='bbox 2838 2921 3066 2991; x_wconf 87' lang='lat' dir='ltr'><strong>ipsemet</strong></span> <span class='ocrx_word' id='word_1_691' title='bbox 3087 2927 3359 2989; x_wconf 86' lang='lat' dir='ltr'><strong>paternus.</strong></span> <span class='ocrx_word' id='word_1_692' title='bbox 3384 2917 3597 2972; x_wconf 84' lang='lat' dir='ltr'><strong>Etenim</strong></span> 
     </span>
    </p>
   </div>
   <div class='ocr_carea' id='block_1_90' title="bbox 1998 3009 3592 3080">
    <p class='ocr_par' dir='ltr' id='par_1_90' title="bbox 1998 3009 3592 3080">
     <span class='ocr_line' id='line_1_90' title="bbox 1998 3009 3592 3080; baseline -0.008 -4"><span class='ocrx_word' id='word_1_693' title='bbox 1998 3019 2067 3076; x_wconf 88' lang='lat' dir='ltr'><strong>de</strong></span> <span class='ocrx_word' id='word_1_694' title='bbox 2096 3019 2254 3074; x_wconf 88' lang='lat' dir='ltr'><strong>Patre</strong></span> <span class='ocrx_word' id='word_1_695' title='bbox 2282 3020 2357 3072; x_wconf 88' lang='lat' dir='ltr'><strong>ait</strong></span> <span class='ocrx_word' id='word_1_696' title='bbox 2388 3017 2551 3072; x_wconf 87' lang='lat' dir='ltr'><strong>Isaias</strong></span> <span class='ocrx_word' id='word_1_697' title='bbox 2582 3034 2595 3071; x_wconf 91' lang='lat'><strong>:</strong></span> <span class='ocrx_word' id='word_1_698' title='bbox 2624 3013 2757 3069; x_wconf 86' lang='lat' dir='ltr'><strong>Ecce</strong></span> <span class='ocrx_word' id='word_1_699' title='bbox 2779 3012 3035 3068; x_wconf 86' lang='lat' dir='ltr'><strong>Dominus</strong></span> <span class='ocrx_word' id='word_1_700' title='bbox 3060 3011 3197 3066; x_wconf 82' lang='lat' dir='ltr'><strong>sedet</strong></span> <span class='ocrx_word' id='word_1_701' title='bbox 3231 3027 3382 3080; x_wconf 84' lang='lat' dir='ltr'><strong>super</strong></span> <span class='ocrx_word' id='word_1_702' title='bbox 3409 3009 3592 3063; x_wconf 80' lang='lat' dir='ltr'><strong>nubent</strong></span> 
     </span>
    </p>
   </div>
   <div class='ocr_carea' id='block_1_91' title="bbox 2002 3100 3596 3181">
    <p class='ocr_par' dir='ltr' id='par_1_91' title="bbox 2002 3100 3596 3181">
     <span class='ocr_line' id='line_1_91' title="bbox 2002 3100 3596 3181; baseline -0.007 -15"><span class='ocrx_word' id='word_1_703' title='bbox 2002 3108 2333 3181; x_wconf 81' lang='lat' dir='ltr'><strong>levemUsai.</strong></span> <span class='ocrx_word' id='word_1_704' title='bbox 2359 3108 2562 3178; x_wconf 89' lang='grc'><strong>19.1).</strong></span> <span class='ocrx_word' id='word_1_705' title='bbox 2594 3106 2729 3174; x_wconf 83' lang='lat' dir='ltr'><strong>Quia</strong></span> <span class='ocrx_word' id='word_1_706' title='bbox 2775 3120 2903 3177; x_wconf 86' lang='lat' dir='ltr'><strong>ergo</strong></span> <span class='ocrx_word' id='word_1_707' title='bbox 2924 3105 3083 3160; x_wconf 82' lang='lat' dir='ltr'><strong>Pater</strong></span> <span class='ocrx_word' id='word_1_708' title='bbox 3138 3103 3191 3157; x_wconf 91' lang='lat' dir='ltr'><strong>in</strong></span> <span class='ocrx_word' id='word_1_709' title='bbox 3237 3105 3377 3157; x_wconf 90' lang='lat' dir='ltr'><strong>nube</strong></span> <span class='ocrx_word' id='word_1_710' title='bbox 3422 3100 3596 3169; x_wconf 82' lang='lat' dir='ltr'><strong>sedet,</strong></span> 
     </span>
    </p>
   </div>
   <div class='ocr_carea' id='block_1_92' title="bbox 1998 3193 3595 3266">
    <p class='ocr_par' dir='ltr' id='par_1_92' title="bbox 1998 3193 3595 3266">
     <span class='ocr_line' id='line_1_92' title="bbox 1998 3193 3595 3266; baseline -0.008 -7"><span class='ocrx_word' id='word_1_711' title='bbox 1998 3203 2122 3259; x_wconf 89' lang='lat' dir='ltr'><strong>ideo</strong></span> <span class='ocrx_word' id='word_1_712' title='bbox 2173 3211 2227 3257; x_wconf 90' lang='lat' dir='ltr'><strong>et</strong></span> <span class='ocrx_word' id='word_1_713' title='bbox 2275 3201 2412 3256; x_wconf 78' lang='lat' dir='ltr'><strong>Filio</strong></span> <span class='ocrx_word' id='word_1_714' title='bbox 2459 3200 2655 3255; x_wconf 82' lang='lat' dir='ltr'><strong>nubem</strong></span> <span class='ocrx_word' id='word_1_715' title='bbox 2707 3198 2874 3253; x_wconf 75' lang='lat' dir='ltr'><strong>misit.</strong></span> <span class='ocrx_word' id='word_1_716' title='bbox 2921 3199 3098 3266; x_wconf 76' lang='lat' dir='ltr'><strong>Atque</strong></span> <span class='ocrx_word' id='word_1_717' title='bbox 3152 3195 3332 3252; x_wconf 80' lang='lat' dir='ltr'><strong>Helias</strong></span> <span class='ocrx_word' id='word_1_718' title='bbox 3377 3193 3595 3263; x_wconf 88' lang='lat' dir='ltr'><strong>quidem</strong></span> 
     </span>
    </p>
   </div>
   <div class='ocr_carea' id='block_1_93' title="bbox 2002 3285 3596 3361">
    <p class='ocr_par' dir='ltr' id='par_1_93' title="bbox 2002 3285 3596 3361">
     <span class='ocr_line' id='line_1_93' title="bbox 2002 3285 3596 3361; baseline -0.009 -10"><span class='ocrx_word' id='word_1_719' title='bbox 2002 3294 2304 3351; x_wconf 83' lang='lat' dir='ltr'><strong>ascendens</strong></span> <span class='ocrx_word' id='word_1_720' title='bbox 2343 3293 2553 3348; x_wconf 84' lang='lat' dir='ltr'><strong>ovinam</strong></span> <span class='ocrx_word' id='word_1_721' title='bbox 2585 3290 2785 3361; x_wconf 83' lang='lat' dir='ltr'><strong>pellem</strong></span> <span class='ocrx_word' id='word_1_722' title='bbox 2832 3303 2995 3361; x_wconf 84' lang='lat' dir='ltr'><strong>super</strong></span> <span class='ocrx_word' id='word_1_723' title='bbox 3039 3287 3292 3342; x_wconf 73' lang='lat' dir='ltr'><strong>Eiismum</strong></span> <span class='ocrx_word' id='word_1_724' title='bbox 3335 3285 3596 3349; x_wconf 88' lang='lat' dir='ltr'><strong>demisit,</strong></span> 
     </span>
    </p>
   </div>
   <div class='ocr_carea' id='block_1_94' title="bbox 1998 3377 3592 3452">
    <p class='ocr_par' dir='ltr' id='par_1_94' title="bbox 1998 3377 3592 3452">
     <span class='ocr_line' id='line_1_94' title="bbox 1998 3377 3592 3452; baseline -0.009 -7"><span class='ocrx_word' id='word_1_725' title='bbox 1998 3387 2157 3445; x_wconf 83' lang='lat' dir='ltr'><strong>Jesus</strong></span> <span class='ocrx_word' id='word_1_726' title='bbox 2174 3394 2358 3443; x_wconf 84' lang='lat' dir='ltr'><strong>autem</strong></span> <span class='ocrx_word' id='word_1_727' title='bbox 2389 3382 2686 3441; x_wconf 85' lang='lat' dir='ltr'><strong>ascendens</strong></span> <span class='ocrx_word' id='word_1_728' title='bbox 2710 3380 3001 3452; x_wconf 81' lang='lat' dir='ltr'><strong>gratiarum</strong></span> <span class='ocrx_word' id='word_1_729' title='bbox 3030 3378 3171 3433; x_wconf 87' lang='lat' dir='ltr'><strong>dona</strong></span> <span class='ocrx_word' id='word_1_730' title='bbox 3209 3379 3261 3433; x_wconf 92' lang='lat' dir='ltr'><strong>in</strong></span> <span class='ocrx_word' id='word_1_731' title='bbox 3298 3377 3592 3444; x_wconf 88' lang='lat' dir='ltr'><strong>discipulos</strong></span> 
     </span>
    </p>
   </div>
   <div class='ocr_carea' id='block_1_95' title="bbox 1998 3468 3588 3544">
    <p class='ocr_par' dir='ltr' id='par_1_95' title="bbox 1998 3468 3588 3544">
     <span class='ocr_line' id='line_1_95' title="bbox 1998 3468 3588 3544; baseline -0.007 -12"><span class='ocrx_word' id='word_1_732' title='bbox 1998 3476 2235 3544; x_wconf 89' lang='lat' dir='ltr'><strong>demisit,</strong></span> <span class='ocrx_word' id='word_1_733' title='bbox 2256 3492 2361 3530; x_wconf 90' lang='lat' dir='ltr'><strong>non</strong></span> <span class='ocrx_word' id='word_1_734' title='bbox 2393 3490 2556 3529; x_wconf 88' lang='lat' dir='ltr'><strong>unum</strong></span> <span class='ocrx_word' id='word_1_735' title='bbox 2584 3474 2899 3543; x_wconf 86' lang='lat' dir='ltr'><strong>prophetam</strong></span> <span class='ocrx_word' id='word_1_736' title='bbox 2928 3470 3199 3535; x_wconf 77' lang='lat' dir='ltr'><strong>facientia,</strong></span> <span class='ocrx_word' id='word_1_737' title='bbox 3230 3468 3323 3524; x_wconf 88' lang='lat' dir='ltr'><strong>sed</strong></span> <span class='ocrx_word' id='word_1_738' title='bbox 3355 3469 3588 3522; x_wconf 79' lang='lat' dir='ltr'><strong>infinitos</strong></span> 
     </span>
    </p>
   </div>
   <div class='ocr_carea' id='block_1_96' title="bbox 2001 3560 3599 3636">
    <p class='ocr_par' dir='ltr' id='par_1_96' title="bbox 2001 3560 3599 3636">
     <span class='ocr_line' id='line_1_96' title="bbox 2001 3560 3599 3636; baseline -0.008 -13"><span class='ocrx_word' id='word_1_739' title='bbox 2001 3568 2250 3634; x_wconf 73' lang='lat' dir='ltr'><strong>Elisaeos,</strong></span> <span class='ocrx_word' id='word_1_740' title='bbox 2278 3574 2438 3636; x_wconf 89' lang='lat' dir='ltr'><strong>atque</strong></span> <span class='ocrx_word' id='word_1_741' title='bbox 2479 3565 2616 3619; x_wconf 86' lang='lat' dir='ltr'><strong>adeo</strong></span> <span class='ocrx_word' id='word_1_742' title='bbox 2642 3563 2735 3619; x_wconf 88' lang='lat' dir='ltr'><strong>illo</strong></span> <span class='ocrx_word' id='word_1_743' title='bbox 2786 3562 2955 3617; x_wconf 87' lang='lat' dir='ltr'><strong>multo</strong></span> <span class='ocrx_word' id='word_1_744' title='bbox 2985 3561 3219 3631; x_wconf 84' lang='lat' dir='ltr'><strong>majores</strong></span> <span class='ocrx_word' id='word_1_745' title='bbox 3251 3570 3305 3615; x_wconf 91' lang='lat' dir='ltr'><strong>et</strong></span> <span class='ocrx_word' id='word_1_746' title='bbox 3345 3560 3599 3615; x_wconf 62' lang='lat' dir='ltr'><strong>illustrim</strong></span> 
     </span>
    </p>
   </div>
   <div class='ocr_carea' id='block_1_97' title="bbox 1999 3652 3597 3728">
    <p class='ocr_par' dir='ltr' id='par_1_97' title="bbox 1999 3652 3597 3728">
     <span class='ocr_line' id='line_1_97' title="bbox 1999 3652 3597 3728; baseline -0.006 -13"><span class='ocrx_word' id='word_1_747' title='bbox 1999 3670 2109 3715; x_wconf 82' lang='lat' dir='ltr'><strong>res.</strong></span> <span class='ocrx_word' id='word_1_748' title='bbox 2156 3659 2522 3728; x_wconf 75' lang='lat' dir='ltr'><strong>Exsurgamus</strong></span> <span class='ocrx_word' id='word_1_749' title='bbox 2564 3656 2749 3727; x_wconf 83' lang='lat' dir='ltr'><strong>igitur,</strong></span> <span class='ocrx_word' id='word_1_750' title='bbox 2775 3654 3128 3717; x_wconf 84' lang='lat' dir='ltr'><strong>dilectissimi,</strong></span> <span class='ocrx_word' id='word_1_751' title='bbox 3170 3662 3226 3709; x_wconf 87' lang='lat' dir='ltr'><strong>e&#39;t</strong></span> <span class='ocrx_word' id='word_1_752' title='bbox 3253 3652 3318 3708; x_wconf 90' lang='lat' dir='ltr'><strong>ad</strong></span> <span class='ocrx_word' id='word_1_753' title='bbox 3369 3652 3597 3708; x_wconf 85' lang='lat' dir='ltr'><strong>reditum</strong></span> 
     </span>
    </p>
   </div>
   <div class='ocr_carea' id='block_1_98' title="bbox 2001 3744 3597 3818">
    <p class='ocr_par' dir='ltr' id='par_1_98' title="bbox 2001 3744 3597 3818">
     <span class='ocr_line' id='line_1_98' title="bbox 2001 3744 3597 3818; baseline -0.008 -10"><span class='ocrx_word' id='word_1_754' title='bbox 2001 3750 2153 3809; x_wconf 86' lang='lat' dir='ltr'><strong>illum</strong></span> <span class='ocrx_word' id='word_1_755' title='bbox 2179 3749 2365 3806; x_wconf 86' lang='lat' dir='ltr'><strong>oculos</strong></span> <span class='ocrx_word' id='word_1_756' title='bbox 2404 3750 2601 3807; x_wconf 86' lang='lat' dir='ltr'><strong>mentis</strong></span> <span class='ocrx_word' id='word_1_757' title='bbox 2648 3746 2958 3818; x_wconf 78' lang='lat' dir='ltr'><strong>dirigamus.</strong></span> <span class='ocrx_word' id='word_1_758' title='bbox 2984 3745 3198 3803; x_wconf 83' lang='lat' dir='ltr'><strong>Etenim</strong></span> <span class='ocrx_word' id='word_1_759' title='bbox 3239 3744 3433 3803; x_wconf 85' lang='lat' dir='ltr'><strong>Paulus</strong></span> <span class='ocrx_word' id='word_1_760' title='bbox 3477 3745 3549 3798; x_wconf 87' lang='lat' dir='ltr'><strong>ait</strong></span> <span class='ocrx_word' id='word_1_761' title='bbox 3584 3752 3597 3796; x_wconf 88' lang='lat'><strong>:&#39;</strong></span> 
     </span>
    </p>
   </div>
   <div class='ocr_carea' id='block_1_99' title="bbox 2002 3837 3598 3913">
    <p class='ocr_par' dir='ltr' id='par_1_99' title="bbox 2002 3837 3598 3913">
     <span class='ocr_line' id='line_1_99' title="bbox 2002 3837 3598 3913; baseline -0.003 -17"><span class='ocrx_word' id='word_1_762' title='bbox 2002 3841 2124 3913; x_wconf 87' lang='lat' dir='ltr'><strong>Ipse</strong></span> <span class='ocrx_word' id='word_1_763' title='bbox 2150 3841 2412 3895; x_wconf 87' lang='lat' dir='ltr'><strong>descendet</strong></span> <span class='ocrx_word' id='word_1_764' title='bbox 2438 3841 2501 3894; x_wconf 88' lang='lat' dir='ltr'><strong>de</strong></span> <span class='ocrx_word' id='word_1_765' title='bbox 2526 3839 2661 3894; x_wconf 77' lang='lat' dir='ltr'><strong>cazlis</strong></span> <span class='ocrx_word' id='word_1_766' title='bbox 2679 3881 2693 3904; x_wconf 93' lang='lat'><strong>,</strong></span> <span class='ocrx_word' id='word_1_767' title='bbox 2724 3839 2777 3892; x_wconf 87' lang='lat' dir='ltr'><strong>in</strong></span> <span class='ocrx_word' id='word_1_768' title='bbox 2808 3840 2956 3911; x_wconf 83' lang='lat' dir='ltr'><strong>jussu</strong></span> <span class='ocrx_word' id='word_1_769' title='bbox 2979 3881 2992 3905; x_wconf 90' lang='lat'><strong>,</strong></span> <span class='ocrx_word' id='word_1_770' title='bbox 3023 3838 3077 3891; x_wconf 86' lang='lat' dir='ltr'><strong>in</strong></span> <span class='ocrx_word' id='word_1_771' title='bbox 3105 3853 3222 3891; x_wconf 83' lang='lat' dir='ltr'><strong>voce</strong></span> <span class='ocrx_word' id='word_1_772' title='bbox 3266 3837 3557 3906; x_wconf 78' lang='lat' dir='ltr'><strong>archangeli</strong></span> <span class='ocrx_word' id='word_1_773' title='bbox 3581 3844 3598 3891; x_wconf 65' lang='grc' dir='ltr'><strong><em>ἐ</em></strong></span> 
     </span>
    </p>
   </div>
   <div class='ocr_carea' id='block_1_100' title="bbox 2000 3931 3599 4001">
    <p class='ocr_par' dir='ltr' id='par_1_100' title="bbox 2000 3931 3599 4001">
     <span class='ocr_line' id='line_1_100' title="bbox 2000 3931 3599 4001; baseline -0.001 -13"><span class='ocrx_word' id='word_1_774' title='bbox 2000 3945 2048 3990; x_wconf 84' lang='lat' dir='ltr'><strong>et</strong></span> <span class='ocrx_word' id='word_1_775' title='bbox 2070 3950 2160 3988; x_wconf 89' lang='lat' dir='ltr'><strong>nos</strong></span> <span class='ocrx_word' id='word_1_776' title='bbox 2189 3934 2274 4001; x_wconf 87' lang='lat' dir='ltr'><strong>qui</strong></span> <span class='ocrx_word' id='word_1_777' title='bbox 2296 3934 2504 3987; x_wconf 85' lang='lat' dir='ltr'><strong>vivimus</strong></span> <span class='ocrx_word' id='word_1_778' title='bbox 2526 3942 2571 3986; x_wconf 85' lang='lat' dir='ltr'><strong>et</strong></span> <span class='ocrx_word' id='word_1_779' title='bbox 2598 3932 2786 3986; x_wconf 85' lang='lat' dir='ltr'><strong>residui</strong></span> <span class='ocrx_word' id='word_1_780' title='bbox 2813 3948 3008 3997; x_wconf 86' lang='lat' dir='ltr'><strong>sumus,-</strong></span> <span class='ocrx_word' id='word_1_781' title='bbox 3041 3931 3238 3984; x_wconf 86' lang='lat' dir='ltr'><strong>obviam</strong></span> <span class='ocrx_word' id='word_1_782' title='bbox 3269 3931 3525 3999; x_wconf 77' lang='lat' dir='ltr'><strong>rapientur</strong></span> <span class='ocrx_word' id='word_1_783' title='bbox 3545 3932 3599 3987; x_wconf 78' lang='lat' dir='ltr'><strong>in</strong></span> 
     </span>
    </p>
   </div>
   <div class='ocr_carea' id='block_1_101' title="bbox 2001 4022 3597 4088">
    <p class='ocr_par' dir='ltr' id='par_1_101' title="bbox 2001 4022 3597 4088">
     <span class='ocr_line' id='line_1_101' title="bbox 2001 4022 3597 4088; baseline -0.001 -10"><span class='ocrx_word' id='word_1_784' title='bbox 2001 4024 2216 4079; x_wconf 84' lang='lat' dir='ltr'><strong>nubibus</strong></span> <span class='ocrx_word' id='word_1_785' title='bbox 2256 4026 2309 4078; x_wconf 88' lang='lat' dir='ltr'><strong>in</strong></span> <span class='ocrx_word' id='word_1_786' title='bbox 2357 4040 2624 4078; x_wconf 76' lang='lat' dir='ltr'><strong>occursum</strong></span> <span class='ocrx_word' id='word_1_787' title='bbox 2670 4022 2883 4077; x_wconf 84' lang='lat' dir='ltr'><strong>Domini</strong></span> <span class='ocrx_word' id='word_1_788' title='bbox 2915 4022 2968 4076; x_wconf 88' lang='lat' dir='ltr'><strong>in</strong></span> <span class='ocrx_word' id='word_1_789' title='bbox 3005 4036 3146 4088; x_wconf 83' lang='lat' dir='ltr'><strong>aera,</strong></span> <span class='ocrx_word' id='word_1_790' title='bbox 3190 4032 3243 4076; x_wconf 84' lang='lat' dir='ltr'><strong>at</strong></span> <span class='ocrx_word' id='word_1_791' title='bbox 3269 4036 3375 4075; x_wconf 89' lang='lat' dir='ltr'><strong>non</strong></span> <span class='ocrx_word' id='word_1_792' title='bbox 3406 4036 3597 4077; x_wconf 87' lang='lat' dir='ltr'><strong>omnes</strong></span> 
     </span>
    </p>
   </div>
   <div class='ocr_carea' id='block_1_102' title="bbox 2006 4114 3599 4186">
    <p class='ocr_par' dir='ltr' id='par_1_102' title="bbox 2006 4114 3599 4186">
     <span class='ocr_line' id='line_1_102' title="bbox 2006 4114 3599 4186; baseline -0.001 -15"><span class='ocrx_word' id='word_1_793' title='bbox 2006 4116 2083 4186; x_wconf 91' lang='grc'><strong>(1.</strong></span> <span class='ocrx_word' id='word_1_794' title='bbox 2107 4114 2284 4172; x_wconf 70' lang='lat' dir='ltr'><strong>Thess.</strong></span> <span class='ocrx_word' id='word_1_795' title='bbox 2317 4116 2370 4171; x_wconf 70' lang='grc'><strong>1.</strong></span> <span class='ocrx_word' id='word_1_796' title='bbox 2398 4117 2484 4177; x_wconf 81' lang='grc'><strong>15-</strong></span> <span class='ocrx_word' id='word_1_797' title='bbox 2518 4115 2629 4186; x_wconf 76' lang='grc'><strong>16).</strong></span> <span class='ocrx_word' id='word_1_798' title='bbox 2661 4115 2815 4181; x_wconf 77' lang='lat' dir='ltr'><strong>Quod</strong></span> <span class='ocrx_word' id='word_1_799' title='bbox 2855 4124 3035 4170; x_wconf 84' lang='lat' dir='ltr'><strong>autem</strong></span> <span class='ocrx_word' id='word_1_800' title='bbox 3084 4129 3194 4170; x_wconf 88' lang='lat' dir='ltr'><strong>non</strong></span> <span class='ocrx_word' id='word_1_801' title='bbox 3214 4129 3401 4171; x_wconf 76' lang='lat' dir='ltr'><strong>names</strong></span> <span class='ocrx_word' id='word_1_802' title='bbox 3429 4116 3599 4183; x_wconf 77' lang='lat' dir='ltr'><strong>rapie-</strong></span> 
     </span>
    </p>
   </div>
   <div class='ocr_carea' id='block_1_103' title="bbox 2004 4205 3597 4275">
    <p class='ocr_par' dir='ltr' id='par_1_103' title="bbox 2004 4205 3597 4275">
     <span class='ocr_line' id='line_1_103' title="bbox 2004 4205 3597 4275; baseline -0.002 -14"><span class='ocrx_word' id='word_1_803' title='bbox 2004 4222 2145 4272; x_wconf 87' lang='lat' dir='ltr'><strong>mur,</strong></span> <span class='ocrx_word' id='word_1_804' title='bbox 2174 4206 2270 4262; x_wconf 89' lang='lat' dir='ltr'><strong>sed</strong></span> <span class='ocrx_word' id='word_1_805' title='bbox 2312 4206 2404 4261; x_wconf 86' lang='lat' dir='ltr'><strong>alii</strong></span> <span class='ocrx_word' id='word_1_806' title='bbox 2451 4207 2784 4275; x_wconf 86' lang='lat' dir='ltr'><strong>permansuri</strong></span> <span class='ocrx_word' id='word_1_807' title='bbox 2836 4206 2977 4271; x_wconf 89' lang='lat' dir='ltr'><strong>sint,</strong></span> <span class='ocrx_word' id='word_1_808' title='bbox 3010 4205 3101 4260; x_wconf 82' lang='lat' dir='ltr'><strong>alii</strong></span> <span class='ocrx_word' id='word_1_809' title='bbox 3149 4219 3277 4261; x_wconf 78' lang='lat' dir='ltr'><strong>vero</strong></span> <span class='ocrx_word' id='word_1_810' title='bbox 3318 4207 3597 4275; x_wconf 82' lang='lat' dir='ltr'><strong>rapiendi,</strong></span> 
     </span>
    </p>
   </div>
   <div class='ocr_carea' id='block_1_104' title="bbox 2005 4292 3597 4370">
    <p class='ocr_par' dir='ltr' id='par_1_104' title="bbox 2005 4292 3597 4370">
     <span class='ocr_line' id='line_1_104' title="bbox 2005 4292 3597 4370; baseline -0.001 -18"><span class='ocrx_word' id='word_1_811' title='bbox 2005 4299 2130 4352; x_wconf 88' lang='lat' dir='ltr'><strong>audi</strong></span> <span class='ocrx_word' id='word_1_812' title='bbox 2177 4298 2304 4370; x_wconf 88' lang='lat' dir='ltr'><strong>quid</strong></span> <span class='ocrx_word' id='word_1_813' title='bbox 2330 4299 2473 4353; x_wconf 88' lang='lat' dir='ltr'><strong>dicat</strong></span> <span class='ocrx_word' id='word_1_814' title='bbox 2505 4298 2751 4353; x_wconf 89' lang='lat' dir='ltr'><strong>Christus</strong></span> <span class='ocrx_word' id='word_1_815' title='bbox 2781 4313 2799 4352; x_wconf 89' lang='lat'><strong><em>:</em></strong></span> <span class='ocrx_word' id='word_1_816' title='bbox 2826 4292 2968 4352; x_wconf 87' lang='lat' dir='ltr'><strong>Tunc</strong></span> <span class='ocrx_word' id='word_1_817' title='bbox 3002 4298 3322 4352; x_wconf 80' lang='lat' dir='ltr'><strong>invenientur</strong></span> <span class='ocrx_word' id='word_1_818' title='bbox 3346 4298 3461 4352; x_wconf 72' lang='lat' dir='ltr'><strong>dum</strong></span> <span class='ocrx_word' id='word_1_819' title='bbox 3488 4315 3597 4351; x_wconf 84' lang='lat' dir='ltr'><strong>mo-</strong></span> 
     </span>
    </p>
   </div>
   <div class='ocr_carea' id='block_1_105' title="bbox 2004 4390 3596 4461">
    <p class='ocr_par' dir='ltr' id='par_1_105' title="bbox 2004 4390 3596 4461">
     <span class='ocr_line' id='line_1_105' title="bbox 2004 4390 3596 4461; baseline 0 -18"><span class='ocrx_word' id='word_1_820' title='bbox 2004 4390 2158 4444; x_wconf 87' lang='lat' dir='ltr'><strong>lentes</strong></span> <span class='ocrx_word' id='word_1_821' title='bbox 2184 4392 2237 4444; x_wconf 88' lang='lat' dir='ltr'><strong>in</strong></span> <span class='ocrx_word' id='word_1_822' title='bbox 2268 4392 2424 4458; x_wconf 84' lang='lat' dir='ltr'><strong>mola,</strong></span> <span class='ocrx_word' id='word_1_823' title='bbox 2452 4407 2553 4444; x_wconf 89' lang='lat' dir='ltr'><strong>una</strong></span> <span class='ocrx_word' id='word_1_824' title='bbox 2583 4400 2887 4456; x_wconf 85' lang='lat' dir='ltr'><strong>assumetur,</strong></span> <span class='ocrx_word' id='word_1_825' title='bbox 2918 4399 2964 4443; x_wconf 84' lang='lat' dir='ltr'><strong>et</strong></span> <span class='ocrx_word' id='word_1_826' title='bbox 2985 4407 3086 4444; x_wconf 89' lang='lat' dir='ltr'><strong>una</strong></span> <span class='ocrx_word' id='word_1_827' title='bbox 3112 4391 3425 4461; x_wconf 80' lang='lat' dir='ltr'><strong>relinquetur</strong></span> <span class='ocrx_word' id='word_1_828' title='bbox 3452 4406 3470 4444; x_wconf 87' lang='lat'><strong><em>:</em></strong></span> <span class='ocrx_word' id='word_1_829' title='bbox 3497 4393 3596 4445; x_wconf 83' lang='lat' dir='ltr'><strong>duo</strong></span> 
     </span>
    </p>
   </div>
   <div class='ocr_carea' id='block_1_106' title="bbox 2003 4474 3591 4547">
    <p class='ocr_par' dir='ltr' id='par_1_106' title="bbox 2003 4474 3591 4547">
     <span class='ocr_line' id='line_1_106' title="bbox 2003 4474 3591 4547; baseline 0 -13"><span class='ocrx_word' id='word_1_830' title='bbox 2003 4480 2057 4534; x_wconf 89' lang='lat' dir='ltr'><strong>in</strong></span> <span class='ocrx_word' id='word_1_831' title='bbox 2108 4481 2235 4536; x_wconf 83' lang='lat' dir='ltr'><strong>lecto</strong></span> <span class='ocrx_word' id='word_1_832' title='bbox 2287 4494 2392 4535; x_wconf 80' lang='lat' dir='ltr'><strong>uno</strong></span> <span class='ocrx_word' id='word_1_833' title='bbox 2436 4490 2611 4547; x_wconf 74' lang='lat' dir='ltr'><strong>emt,</strong></span> <span class='ocrx_word' id='word_1_834' title='bbox 2661 4496 2796 4534; x_wconf 76' lang='lat' dir='ltr'><strong>mitts</strong></span> <span class='ocrx_word' id='word_1_835' title='bbox 2839 4491 3143 4546; x_wconf 76' lang='lat' dir='ltr'><strong>assumatur,</strong></span> <span class='ocrx_word' id='word_1_836' title='bbox 3171 4492 3218 4534; x_wconf 82' lang='lat' dir='ltr'><strong>et</strong></span> <span class='ocrx_word' id='word_1_837' title='bbox 3258 4474 3401 4534; x_wconf 59' lang='grc' dir='ltr'><strong>νῆες’</strong></span> <span class='ocrx_word' id='word_1_838' title='bbox 3432 4483 3591 4534; x_wconf 84' lang='lat' dir='ltr'><strong>relin—</strong></span> 
     </span>
    </p>
   </div>
   <div class='ocr_carea' id='block_1_107' title="bbox 2002 4570 3594 4644">
    <p class='ocr_par' dir='ltr' id='par_1_107' title="bbox 2002 4570 3594 4644">
     <span class='ocr_line' id='line_1_107' title="bbox 2002 4570 3594 4644; baseline 0 -18"><span class='ocrx_word' id='word_1_839' title='bbox 2002 4582 2185 4644; x_wconf 85' lang='lat' dir='ltr'><strong>quetur</strong></span> <span class='ocrx_word' id='word_1_840' title='bbox 2231 4570 2460 4644; x_wconf 67' lang='lat' dir='ltr'><strong>(Matth.</strong></span> <span class='ocrx_word' id='word_1_841' title='bbox 2513 4573 2605 4633; x_wconf 72' lang='grc'><strong>24.</strong></span> <span class='ocrx_word' id='word_1_842' title='bbox 2633 4572 2723 4629; x_wconf 73' lang='grc' dir='ltr'><strong>ιθ.</strong></span> <span class='ocrx_word' id='word_1_843' title='bbox 2745 4571 2862 4643; x_wconf 72' lang='grc'><strong>41).</strong></span> <span class='ocrx_word' id='word_1_844' title='bbox 2893 4571 3035 4640; x_wconf 72' lang='lat' dir='ltr'><strong>Quid</strong></span> <span class='ocrx_word' id='word_1_845' title='bbox 3074 4573 3175 4627; x_wconf 88' lang='lat' dir='ltr'><strong>sibi</strong></span> <span class='ocrx_word' id='word_1_846' title='bbox 3233 4572 3341 4627; x_wconf 73' lang='lat' dir='ltr'><strong>vult</strong></span> <span class='ocrx_word' id='word_1_847' title='bbox 3369 4573 3594 4643; x_wconf 65' lang='lat' dir='ltr'><strong>amigma</strong></span> 
     </span>
    </p>
   </div>
   <div class='ocr_carea' id='block_1_108' title="bbox 2005 4664 3599 4737">
    <p class='ocr_par' dir='ltr' id='par_1_108' title="bbox 2005 4664 3599 4737">
     <span class='ocr_line' id='line_1_108' title="bbox 2005 4664 3599 4737; baseline -0.002 -16"><span class='ocrx_word' id='word_1_848' title='bbox 2005 4666 2144 4725; x_wconf 87' lang='lat' dir='ltr'><strong>istud</strong></span> <span class='ocrx_word' id='word_1_849' title='bbox 2169 4665 2192 4720; x_wconf 84' lang='lat'><strong>?</strong></span> <span class='ocrx_word' id='word_1_850' title='bbox 2220 4664 2347 4736; x_wconf 89' lang='lat' dir='ltr'><strong>quid</strong></span> <span class='ocrx_word' id='word_1_851' title='bbox 2381 4665 2601 4723; x_wconf 88' lang='lat' dir='ltr'><strong>denotat</strong></span> <span class='ocrx_word' id='word_1_852' title='bbox 2634 4664 2946 4737; x_wconf 81' lang='lat' dir='ltr'><strong>mysterium</strong></span> <span class='ocrx_word' id='word_1_853' title='bbox 2977 4664 3078 4718; x_wconf 90' lang='lat' dir='ltr'><strong>hoc</strong></span> <span class='ocrx_word' id='word_1_854' title='bbox 3099 4664 3471 4719; x_wconf 84' lang='lat' dir='ltr'><strong>reconditum?</strong></span> <span class='ocrx_word' id='word_1_855' title='bbox 3496 4665 3599 4718; x_wconf 82' lang='lat' dir='ltr'><strong>Per</strong></span> 
     </span>
    </p>
   </div>
   <div class='ocr_carea' id='block_1_109' title="bbox 2004 4755 3601 4827">
    <p class='ocr_par' dir='ltr' id='par_1_109' title="bbox 2004 4755 3601 4827">
     <span class='ocr_line' id='line_1_109' title="bbox 2004 4755 3601 4827; baseline -0.001 -14"><span class='ocrx_word' id='word_1_856' title='bbox 2004 4758 2202 4813; x_wconf 85' lang='lat' dir='ltr'><strong>molam</strong></span> <span class='ocrx_word' id='word_1_857' title='bbox 2230 4771 2418 4813; x_wconf 89' lang='lat' dir='ltr'><strong>omnes</strong></span> <span class='ocrx_word' id='word_1_858' title='bbox 2455 4756 2509 4811; x_wconf 93' lang='lat' dir='ltr'><strong>in</strong></span> <span class='ocrx_word' id='word_1_859' title='bbox 2538 4765 2853 4827; x_wconf 86' lang='lat' dir='ltr'><strong>paupertate</strong></span> <span class='ocrx_word' id='word_1_860' title='bbox 2879 4766 2929 4811; x_wconf 91' lang='lat' dir='ltr'><strong>et</strong></span> <span class='ocrx_word' id='word_1_861' title='bbox 2962 4755 3177 4810; x_wconf 81' lang='lat' dir='ltr'><strong>miseria</strong></span> <span class='ocrx_word' id='word_1_862' title='bbox 3224 4758 3461 4811; x_wconf 68' lang='lat' dir='ltr'><strong>virentes</strong></span> <span class='ocrx_word' id='word_1_863' title='bbox 3504 4774 3601 4811; x_wconf 83' lang='lat' dir='ltr'><strong>no-</strong></span> 
     </span>
    </p>
   </div>
   <div class='ocr_carea' id='block_1_110' title="bbox 2004 4846 3599 4919">
    <p class='ocr_par' dir='ltr' id='par_1_110' title="bbox 2004 4846 3599 4919">
     <span class='ocr_line' id='line_1_110' title="bbox 2004 4846 3599 4919; baseline 0.001 -17"><span class='ocrx_word' id='word_1_864' title='bbox 2004 4847 2090 4902; x_wconf 85' lang='lat' dir='ltr'><strong>bis</strong></span> <span class='ocrx_word' id='word_1_865' title='bbox 2148 4846 2519 4912; x_wconf 89' lang='lat' dir='ltr'><strong>demonstrat;</strong></span> <span class='ocrx_word' id='word_1_866' title='bbox 2567 4862 2664 4917; x_wconf 88' lang='lat' dir='ltr'><strong>per</strong></span> <span class='ocrx_word' id='word_1_867' title='bbox 2718 4847 2915 4902; x_wconf 88' lang='lat' dir='ltr'><strong>lectum</strong></span> <span class='ocrx_word' id='word_1_868' title='bbox 2994 4856 3171 4902; x_wconf 87' lang='lat' dir='ltr'><strong>autem</strong></span> <span class='ocrx_word' id='word_1_869' title='bbox 3228 4862 3290 4902; x_wconf 90' lang='lat' dir='ltr'><strong>ac</strong></span> <span class='ocrx_word' id='word_1_870' title='bbox 3357 4850 3599 4919; x_wconf 87' lang='lat' dir='ltr'><strong>requiem</strong></span> 
     </span>
    </p>
   </div>
   <div class='ocr_carea' id='block_1_111' title="bbox 2005 4939 3597 5009">
    <p class='ocr_par' dir='ltr' id='par_1_111' title="bbox 2005 4939 3597 5009">
     <span class='ocr_line' id='line_1_111' title="bbox 2005 4939 3597 5009; baseline 0.001 -15"><span class='ocrx_word' id='word_1_871' title='bbox 2005 4950 2231 4995; x_wconf 78' lang='lat' dir='ltr'><strong>cunctus</strong></span> <span class='ocrx_word' id='word_1_872' title='bbox 2257 4941 2454 4995; x_wconf 70' lang='lat' dir='ltr'><strong>divitiis</strong></span> <span class='ocrx_word' id='word_1_873' title='bbox 2483 4939 2766 4996; x_wconf 60' lang='lat' dir='ltr'><strong>afﬂuentes</strong></span> <span class='ocrx_word' id='word_1_874' title='bbox 2785 4982 2801 5007; x_wconf 92' lang='lat'><strong>,</strong></span> <span class='ocrx_word' id='word_1_875' title='bbox 2833 4950 2889 4995; x_wconf 83' lang='lat' dir='ltr'><strong>et</strong></span> <span class='ocrx_word' id='word_1_876' title='bbox 2931 4939 3226 4997; x_wconf 70' lang='lat' dir='ltr'><strong>honoribus</strong></span> <span class='ocrx_word' id='word_1_877' title='bbox 3270 4942 3597 5009; x_wconf 77' lang='lat' dir='ltr'><strong>conspicuos</strong></span> 
     </span>
    </p>
   </div>
   <div class='ocr_carea' id='block_1_112' title="bbox 2006 5031 3605 5110">
    <p class='ocr_par' dir='ltr' id='par_1_112' title="bbox 2006 5031 3605 5110">
     <span class='ocr_line' id='line_1_112' title="bbox 2006 5031 3605 5110; baseline -0.003 -19"><span class='ocrx_word' id='word_1_878' title='bbox 2006 5032 2182 5095; x_wconf 83' lang='lat' dir='ltr'><strong>innuit</strong></span> <span class='ocrx_word' id='word_1_879' title='bbox 2216 5051 2230 5093; x_wconf 71' lang='grc' dir='ltr'>ι</span> <span class='ocrx_word' id='word_1_880' title='bbox 2262 5033 2555 5102; x_wconf 69' lang='lat' dir='ltr'><strong>Valensque</strong></span> <span class='ocrx_word' id='word_1_881' title='bbox 2608 5031 2898 5091; x_wconf 78' lang='lat' dir='ltr'><strong>estelidere</strong></span> <span class='ocrx_word' id='word_1_882' title='bbox 2947 5033 3108 5088; x_wconf 85' lang='lat' dir='ltr'><strong>etiam</strong></span> <span class='ocrx_word' id='word_1_883' title='bbox 3161 5048 3228 5095; x_wconf 73' lang='lat' dir='ltr'><strong>ex</strong></span> <span class='ocrx_word' id='word_1_884' title='bbox 3280 5037 3605 5110; x_wconf 70' lang='lat' dir='ltr'><strong>pauperibus</strong></span> 
     </span>
    </p>
   </div>
   <div class='ocr_carea' id='block_1_113' title="bbox 2009 5124 3604 5199">
    <p class='ocr_par' dir='ltr' id='par_1_113' title="bbox 2009 5124 3604 5199">
     <span class='ocr_line' id='line_1_113' title="bbox 2009 5124 3604 5199; baseline -0.002 -20"><span class='ocrx_word' id='word_1_885' title='bbox 2009 5124 2294 5189; x_wconf 81' lang='lat' dir='ltr'><strong>salvandos</strong></span> <span class='ocrx_word' id='word_1_886' title='bbox 2333 5124 2449 5189; x_wconf 76' lang='lat' dir='ltr'><strong>fore</strong></span> <span class='ocrx_word' id='word_1_887' title='bbox 2480 5134 2640 5199; x_wconf 80' lang='lat' dir='ltr'><strong>atque</strong></span> <span class='ocrx_word' id='word_1_888' title='bbox 2668 5125 2971 5197; x_wconf 87' lang='lat' dir='ltr'><strong>perdendos</strong></span> <span class='ocrx_word' id='word_1_889' title='bbox 2993 5167 3006 5190; x_wconf 87' lang='lat'><strong>,</strong></span> <span class='ocrx_word' id='word_1_890' title='bbox 3037 5126 3172 5181; x_wconf 79' lang='lat' dir='ltr'><strong>dixit</strong></span> <span class='ocrx_word' id='word_1_891' title='bbox 3199 5127 3337 5197; x_wconf 91' lang='lat' dir='ltr'><strong>quod</strong></span> <span class='ocrx_word' id='word_1_892' title='bbox 3369 5128 3423 5182; x_wconf 91' lang='lat' dir='ltr'><strong>in</strong></span> <span class='ocrx_word' id='word_1_893' title='bbox 3460 5128 3604 5182; x_wconf 74' lang='lat' dir='ltr'><strong>mole</strong></span> 
     </span>
    </p>
   </div>
   <div class='ocr_carea' id='block_1_114' title="bbox 2006 5212 3597 5288">
    <p class='ocr_par' dir='ltr' id='par_1_114' title="bbox 2006 5212 3597 5288">
     <span class='ocr_line' id='line_1_114' title="bbox 2006 5212 3597 5288; baseline 0.001 -17"><span class='ocrx_word' id='word_1_894' title='bbox 2006 5232 2108 5271; x_wconf 88' lang='lat' dir='ltr'><strong>una</strong></span> <span class='ocrx_word' id='word_1_895' title='bbox 2139 5227 2462 5284; x_wconf 87' lang='lat' dir='ltr'><strong>assumctur,</strong></span> <span class='ocrx_word' id='word_1_896' title='bbox 2492 5226 2544 5271; x_wconf 89' lang='lat' dir='ltr'><strong>et</strong></span> <span class='ocrx_word' id='word_1_897' title='bbox 2567 5234 2667 5271; x_wconf 87' lang='lat' dir='ltr'><strong>una</strong></span> <span class='ocrx_word' id='word_1_898' title='bbox 2703 5218 3073 5288; x_wconf 88' lang='lat' dir='ltr'><strong>relinquetur;</strong></span> <span class='ocrx_word' id='word_1_899' title='bbox 3104 5212 3391 5274; x_wconf 81' lang='lat' dir='ltr'><strong>eteorum</strong></span> <span class='ocrx_word' id='word_1_900' title='bbox 3429 5220 3517 5288; x_wconf 87' lang='lat' dir='ltr'><strong>qui</strong></span> <span class='ocrx_word' id='word_1_901' title='bbox 3547 5219 3597 5273; x_wconf 91' lang='lat' dir='ltr'><strong>in</strong></span> 
     </span>
    </p>
   </div>
   <div class='ocr_carea' id='block_1_115' title="bbox 2008 5310 3596 5380">
    <p class='ocr_par' dir='ltr' id='par_1_115' title="bbox 2008 5310 3596 5380">
     <span class='ocr_line' id='line_1_115' title="bbox 2008 5310 3596 5380; baseline 0 -17"><span class='ocrx_word' id='word_1_902' title='bbox 2008 5310 2147 5366; x_wconf 88' lang='lat' dir='ltr'><strong>lecto</strong></span> <span class='ocrx_word' id='word_1_903' title='bbox 2192 5319 2348 5364; x_wconf 90' lang='lat' dir='ltr'><strong>erunt</strong></span> <span class='ocrx_word' id='word_1_904' title='bbox 2396 5324 2534 5364; x_wconf 90' lang='lat' dir='ltr'><strong>unus</strong></span> <span class='ocrx_word' id='word_1_905' title='bbox 2582 5320 2920 5378; x_wconf 70' lang='lat' dir='ltr'><strong>assumatur,</strong></span> <span class='ocrx_word' id='word_1_906' title='bbox 2950 5321 3006 5366; x_wconf 86' lang='lat' dir='ltr'><strong>et</strong></span> <span class='ocrx_word' id='word_1_907' title='bbox 3053 5326 3192 5366; x_wconf 88' lang='lat' dir='ltr'><strong>unus</strong></span> <span class='ocrx_word' id='word_1_908' title='bbox 3244 5311 3596 5380; x_wconf 72' lang='lat' dir='ltr'><strong>relinquetur,</strong></span> 
     </span>
    </p>
   </div>
   <div class='ocr_carea' id='block_1_116' title="bbox 2007 5402 3601 5473">
    <p class='ocr_par' dir='ltr' id='par_1_116' title="bbox 2007 5402 3601 5473">
     <span class='ocr_line' id='line_1_116' title="bbox 2007 5402 3601 5473; baseline 0 -17"><span class='ocrx_word' id='word_1_909' title='bbox 2007 5402 2281 5458; x_wconf 87' lang='lat' dir='ltr'><strong>declarare</strong></span> <span class='ocrx_word' id='word_1_910' title='bbox 2311 5403 2521 5468; x_wconf 80' lang='lat' dir='ltr'><strong>volens,</strong></span> <span class='ocrx_word' id='word_1_911' title='bbox 2551 5402 2694 5471; x_wconf 88' lang='lat' dir='ltr'><strong>quod</strong></span> <span class='ocrx_word' id='word_1_912' title='bbox 2724 5414 3035 5473; x_wconf 83' lang='lat' dir='ltr'><strong>peccatores</strong></span> <span class='ocrx_word' id='word_1_913' title='bbox 3056 5402 3269 5473; x_wconf 87' lang='lat' dir='ltr'><strong>quidem</strong></span> <span class='ocrx_word' id='word_1_914' title='bbox 3310 5402 3394 5455; x_wconf 88' lang='lat' dir='ltr'><strong>hic</strong></span> <span class='ocrx_word' id='word_1_915' title='bbox 3437 5403 3601 5457; x_wconf 87' lang='lat' dir='ltr'><strong>relin-</strong></span> 
     </span>
    </p>
   </div>
   <div class='ocr_carea' id='block_1_117' title="bbox 2007 5493 3598 5564">
    <p class='ocr_par' dir='ltr' id='par_1_117' title="bbox 2007 5493 3598 5564">
     <span class='ocr_line' id='line_1_117' title="bbox 2007 5493 3598 5564; baseline 0.001 -16"><span class='ocrx_word' id='word_1_916' title='bbox 2007 5502 2277 5564; x_wconf 80' lang='lat' dir='ltr'><strong>qlianlttt‘,</strong></span> <span class='ocrx_word' id='word_1_917' title='bbox 2329 5494 2646 5563; x_wconf 89' lang='lat' dir='ltr'><strong>supplicium</strong></span> <span class='ocrx_word' id='word_1_918' title='bbox 2689 5503 3105 5564; x_wconf 77' lang='lat' dir='ltr'><strong>exspectantes;</strong></span> <span class='ocrx_word' id='word_1_919' title='bbox 3147 5493 3274 5564; x_wconf 88' lang='lat' dir='ltr'><strong>justi</strong></span> <span class='ocrx_word' id='word_1_920' title='bbox 3319 5503 3497 5547; x_wconf 88' lang='lat' dir='ltr'><strong>autem</strong></span> <span class='ocrx_word' id='word_1_921' title='bbox 3546 5496 3598 5549; x_wconf 89' lang='lat' dir='ltr'><strong>in</strong></span> 
     </span>
    </p>
   </div>
   <div class='ocr_carea' id='block_1_118' title="bbox 2008 5574 3597 5656">
    <p class='ocr_par' dir='ltr' id='par_1_118' title="bbox 2008 5574 3597 5656">
     <span class='ocr_line' id='line_1_118' title="bbox 2008 5574 3597 5656; baseline 0.001 -17"><span class='ocrx_word' id='word_1_922' title='bbox 2008 5574 2178 5640; x_wconf 86' lang='lat' dir='ltr'><strong>nubes</strong></span> <span class='ocrx_word' id='word_1_923' title='bbox 2204 5586 2497 5656; x_wconf 82' lang='lat' dir='ltr'><strong>rapiantur.</strong></span> <span class='ocrx_word' id='word_1_924' title='bbox 2527 5587 2679 5641; x_wconf 88' lang='lat' dir='ltr'><strong>Sicut</strong></span> <span class='ocrx_word' id='word_1_925' title='bbox 2707 5588 2850 5641; x_wconf 90' lang='lat' dir='ltr'><strong>enim</strong></span> <span class='ocrx_word' id='word_1_926' title='bbox 2876 5601 3001 5655; x_wconf 88' lang='lat' dir='ltr'><strong>rege</strong></span> <span class='ocrx_word' id='word_1_927' title='bbox 3027 5586 3207 5653; x_wconf 88' lang='lat' dir='ltr'><strong>aliquo</strong></span> <span class='ocrx_word' id='word_1_928' title='bbox 3244 5583 3297 5638; x_wconf 91' lang='lat' dir='ltr'><strong>in</strong></span> <span class='ocrx_word' id='word_1_929' title='bbox 3327 5585 3597 5641; x_wconf 83' lang='lat' dir='ltr'><strong>civitatem</strong></span> 
     </span>
    </p>
   </div>
   <div class='ocr_carea' id='block_1_119' title="bbox 2009 5675 3599 5748">
    <p class='ocr_par' dir='ltr' id='par_1_119' title="bbox 2009 5675 3599 5748">
     <span class='ocr_line' id='line_1_119' title="bbox 2009 5675 3599 5748; baseline 0 -17"><span class='ocrx_word' id='word_1_930' title='bbox 2009 5678 2314 5733; x_wconf 89' lang='lat' dir='ltr'><strong>introeunte</strong></span> <span class='ocrx_word' id='word_1_931' title='bbox 2339 5719 2354 5744; x_wconf 92' lang='lat'><strong>,</strong></span> <span class='ocrx_word' id='word_1_932' title='bbox 2388 5678 2477 5732; x_wconf 90' lang='lat' dir='ltr'><strong>alii</strong></span> <span class='ocrx_word' id='word_1_933' title='bbox 2505 5677 2721 5748; x_wconf 88' lang='lat' dir='ltr'><strong>quidem</strong></span> <span class='ocrx_word' id='word_1_934' title='bbox 2763 5677 2816 5732; x_wconf 90' lang='lat' dir='ltr'><strong>in</strong></span> <span class='ocrx_word' id='word_1_935' title='bbox 2847 5675 3194 5746; x_wconf 84' lang='lat' dir='ltr'><strong>dignitatibus</strong></span> <span class='ocrx_word' id='word_1_936' title='bbox 3233 5685 3392 5745; x_wconf 89' lang='lat' dir='ltr'><strong>atque</strong></span> <span class='ocrx_word' id='word_1_937' title='bbox 3433 5678 3599 5731; x_wconf 70' lang='grc' dir='ltr'><strong>ιιοιιοο</strong></span> 
     </span>
    </p>
   </div>
   <div class='ocr_carea' id='block_1_120' title="bbox 2009 5765 3599 5836">
    <p class='ocr_par' dir='ltr' id='par_1_120' title="bbox 2009 5765 3599 5836">
     <span class='ocr_line' id='line_1_120' title="bbox 2009 5765 3599 5836; baseline 0.001 -16"><span class='ocrx_word' id='word_1_938' title='bbox 2009 5766 2160 5821; x_wconf 89' lang='lat' dir='ltr'><strong>ribus</strong></span> <span class='ocrx_word' id='word_1_939' title='bbox 2201 5767 2575 5833; x_wconf 88' lang='lat' dir='ltr'><strong>constituti,ct</strong></span> <span class='ocrx_word' id='word_1_940' title='bbox 2601 5766 2691 5835; x_wconf 89' lang='lat' dir='ltr'><strong>qui</strong></span> <span class='ocrx_word' id='word_1_941' title='bbox 2733 5768 3022 5836; x_wconf 88' lang='lat' dir='ltr'><strong>plurimunt</strong></span> <span class='ocrx_word' id='word_1_942' title='bbox 3063 5766 3235 5834; x_wconf 88' lang='lat' dir='ltr'><strong>gratia</strong></span> <span class='ocrx_word' id='word_1_943' title='bbox 3278 5765 3416 5836; x_wconf 88' lang='lat' dir='ltr'><strong>apud</strong></span> <span class='ocrx_word' id='word_1_944' title='bbox 3449 5766 3599 5821; x_wconf 87' lang='lat' dir='ltr'><strong>illum</strong></span> 
     </span>
    </p>
   </div>
   <div class='ocr_carea' id='block_1_121' title="bbox 2012 5850 3598 5928">
    <p class='ocr_par' dir='ltr' id='par_1_121' title="bbox 2012 5850 3598 5928">
     <span class='ocr_line' id='line_1_121' title="bbox 2012 5850 3598 5928; baseline -0.003 -15"><span class='ocrx_word' id='word_1_945' title='bbox 2012 5857 2191 5914; x_wconf 76' lang='lat' dir='ltr'><strong>valent</strong></span> <span class='ocrx_word' id='word_1_946' title='bbox 2214 5900 2229 5928; x_wconf 95' lang='lat'><strong>,</strong></span> <span class='ocrx_word' id='word_1_947' title='bbox 2262 5869 2417 5915; x_wconf 71' lang='lat' dir='ltr'><strong>estra</strong></span> <span class='ocrx_word' id='word_1_948' title='bbox 2448 5858 2716 5915; x_wconf 74' lang='lat' dir='ltr'><strong>civitatem</strong></span> <span class='ocrx_word' id='word_1_949' title='bbox 2748 5860 2793 5914; x_wconf 87' lang='lat' dir='ltr'><strong>ei</strong></span> <span class='ocrx_word' id='word_1_950' title='bbox 2824 5856 3235 5928; x_wconf 78' lang='lat' dir='ltr'><strong>progrediuntur</strong></span> <span class='ocrx_word' id='word_1_951' title='bbox 3264 5858 3493 5927; x_wconf 82' lang='lat' dir='ltr'><strong>obviam,</strong></span> <span class='ocrx_word' id='word_1_952' title='bbox 3525 5850 3598 5913; x_wconf 85' lang='lat' dir='ltr'><strong>rcl</strong></span> 
     </span>
    </p>
   </div>
  </div>
