4130 6464
561 424 672 487 ιι]ςὶ
1323 424 1381 480 S.
1413 422 1692 480 .IOANNIS
1728 412 2204 480 CIIRYSOSTOMI
2230 416 2548 478 ARCHIEP.
2591 418 3120 480 CONSTANTINOP.

574 545 752 596 autem
782 547 836 594 et
859 537 1170 594 criminibus
1195 537 1411 593 obnoxii
1444 537 1587 592 intus
1612 543 1917 598 servantur,
1947 545 2167 590 sentcn-

567 626 702 686 tiam
729 646 758 684 a
791 645 914 702 rege
934 638 1310 702 exspectantes
1335 646 1349 683 :
1378 629 1449 683 ita
1477 628 1638 683 etiam
1668 625 1882 697 quando
1914 627 2170 681 Dominus

574 712 883 790 advenerit,
909 724 1000 778 alii
1026 722 1244 794 quidem
1284 720 1377 792 qui
1403 720 1653 776 fiduciam
1695 719 1895 776 habent
1918 760 1933 787 ,
1967 720 2020 774 in
2049 735 2167 775 me-

571 816 717 871 dium
748 817 798 872 ei
831 825 1115 872 occurrent
1143 829 1321 870 aerem
1348 855 1364 881 ,
1404 813 1646 868 damnati
1677 828 1807 868 vero
1828 821 1884 867 et
1908 813 2001 882 qui
2031 812 2168 868 mul-

572 917 748 962 torum
801 899 902 962 sibi
931 904 1130 963 conscii
1175 904 1376 962 fuerint
1404 914 1746 976 peccatorum
1771 945 1786 972 ,
1815 905 1903 960 hic
1944 915 2168 976 praesto-

569 986 821 1052 labuntur
841 997 1100 1066 judicem.
1304 1044 1321 1057 .

629 1089 983 1160 Chrysostami
1029 1088 1306 1144 humilitas.
1333 1118 1407 1129 —
1434 1085 1584 1143 Tunc
1613 1096 1670 1143 et
1705 1102 1805 1144 nos
1842 1087 2109 1158 rapiemur
2147 1105 2162 1144 :

567 1193 674 1234 non
720 1178 965 1249 equidem
1006 1177 1267 1248 meipsum
1295 1177 1350 1233 in
1371 1192 1652 1233 numerum
1695 1191 1758 1233 ac
1783 1178 2043 1234 calculum
2080 1193 2168 1234 ra-

566 1269 879 1339 piendorum
913 1268 1154 1326 referens
1181 1269 1329 1337 dixi,
1355 1268 1500 1325 Nos:
1525 1285 1632 1325 non
1662 1270 1910 1341 equidem
1946 1272 2016 1326 ita
2046 1286 2166 1328 sum

563 1375 758 1430 expers
783 1376 972 1416 sensus
991 1376 1056 1416 ac
1079 1361 1325 1426 rationis,
1344 1370 1402 1416 ut
1423 1361 1635 1432 propria
1657 1361 1897 1432 ignorem
1925 1372 2162 1434 peccata.

538 1441 631 1504 “Et
661 1451 759 1505 nisi
783 1454 893 1519 jam
921 1459 1219 1506 metuerem
1245 1450 1566 1506 conturbare
1606 1451 1843 1506 laetitiam
1885 1453 2165 1522 praesentis

563 1541 888 1611 festivitatis,
912 1543 1097 1598 fierem
1123 1559 1252 1598 sane
1266 1543 1622 1610 amarissime,
1643 1545 1796 1600 istius
1811 1545 1936 1600 dicti
1958 1560 2167 1600 memor

561 1633 617 1688 et
654 1649 772 1689 mea
805 1643 1022 1704 peccata
1063 1634 1116 1689 in
1156 1635 1472 1690 memoriam
1508 1649 1788 1691 revocans.
1818 1634 1954 1691 Cum
1985 1645 2162 1692 autem

564 1725 843 1792 praesentis
888 1724 1009 1780 festi
1052 1724 1292 1780 ltetitiam
1335 1725 1664 1781 confundere
1694 1727 1858 1782 nolim
1885 1769 1900 1794 ,
1935 1727 2023 1782 hic
2048 1743 2163 1783 ser-

564 1824 777 1871 [nonem
806 1814 1008 1881 finiam,
1033 1816 1298 1888 vigentem
1325 1831 1390 1872 ac
1417 1821 1688 1873 recentem
1717 1817 1868 1872 vobis
1891 1817 2034 1872 illius
2059 1819 2164 1874 diei

565 1909 879 1963 memoriam
928 1909 1272 1979 relinquens,
1303 1923 1371 1965 ne
1396 1909 1654 1980 glorietur
1680 1909 1832 1965 dives
1877 1910 1928 1965 in
1969 1909 2168 1966 divitiis

563 1991 697 2068 suis,
729 2017 900 2072 neque
931 2017 1135 2073 pauper
1160 2001 1394 2071 seipsum
1425 2002 1680 2058 miserum
1711 2012 1926 2073 reputet
1953 2003 2004 2056 in
2035 2017 2168 2072 pau-

562 2101 766 2161 pertate
791 2107 907 2159 sua,
937 2093 1030 2148 sed
1055 2094 1279 2163 quisque
1306 2102 1462 2162 prout
1485 2094 1585 2148 sibi
1624 2093 1868 2150 conscius
1888 2092 2066 2159 fuerit,
2086 2093 2166 2148 vel

560 2180 669 2239 hoc
691 2225 707 2251 ,
741 2185 821 2240 vel
854 2183 980 2239 illud
1028 2183 1206 2238 faciat.
1237 2184 1420 2254 Neque
1447 2185 1589 2239 enim
1620 2184 1769 2240 dives
1797 2184 1920 2239 felix
1948 2225 1963 2251 ,
1998 2199 2169 2254 neque

559 2281 767 2345 pauper
783 2275 1109 2331 miserabilis
1143 2292 1155 2328 :
1187 2275 1279 2330 sed
1307 2274 1516 2341 beatus,
1551 2274 1659 2329 into
1689 2275 2048 2340 beatissimus,
2077 2276 2167 2345 qui

549 2374 714 2437 .r'aptu
751 2359 852 2422 illo
869 2367 920 2422 iu
950 2366 1182 2422 nubibus
1207 2365 1420 2423 habitus
1448 2366 1608 2422 fuerit
1631 2365 1857 2437 dignus,
1886 2365 2009 2422 licet
2045 2381 2166 2422 om-

3769 429 3878 485 vi!

2278 535 2424 592 nium
2480 538 2637 592 fuerit
2689 541 3102 608 pauperrimus:
3132 540 3582 611 quemadmodum
3633 544 3872 600 vicissim

2275 628 2366 696 qui
2393 625 2652 682 exciderit
2672 669 2684 689 ,
2712 629 2878 682 miser
2896 670 2910 692 ,
2942 629 3049 682 imo
3076 631 3410 686 miserrimus
3433 672 3448 696 ,
3479 633 3723 702 quamvis
3748 650 3873 689 om-

2276 717 2423 772 nium
2464 719 2532 772 sit
2556 717 2868 774 ditissimus.
2913 719 3199 791 Propterea
3227 719 3349 776 dico
3372 764 3387 790 ,
3422 733 3478 776 ut
3511 724 3600 794 qui
3640 727 3876 793 peccatis

2275 806 2490 862 obnoxii
2516 821 2719 875 sumus,
2749 808 3023 879 lugeamus
3047 825 3146 865 nos
3172 811 3316 882 ipsos
3341 832 3355 868 :
3377 822 3428 867 at
3453 813 3542 884 qui
3566 815 3718 869 bonis
3742 831 3877 885 ope-

2276 897 2426 953 ribus
2458 899 2660 954 clareut
2683 940 2698 966 ,
2729 901 3002 956 confidant
3026 918 3040 967 ;
3069 904 3178 958 itno
3205 917 3309 958 non
3337 904 3509 959 solum
3552 906 3825 961 confidant
3853 949 3874 971 ,

2275 987 2370 1043 sed
2395 997 2452 1044 et
2476 991 2862 1046 confirmentur
2887 1009 2900 1046 :
2925 1007 3097 1062 neque
3126 993 3201 1047 illi
3230 993 3443 1064 lugeant
3468 994 3662 1060 solum,
3691 996 3784 1052 sed
3815 1007 3874 1053 et

2276 1087 2546 1134 mutentur
2580 1095 2643 1136 ac
2667 1092 3064 1138 convertantur.
3093 1083 3242 1140 Licet
3268 1087 3409 1140 enim
3438 1093 3493 1142 et
3517 1087 3588 1154 ei,
3615 1089 3703 1157 qui
3731 1090 3873 1144 male

2274 1168 2438 1223 vitam
2492 1169 2675 1236 ducit,
2706 1172 2943 1242 improba
2991 1177 3283 1244 postposita
3333 1177 3472 1240 vita,
3503 1177 3568 1231 ad
3617 1180 3871 1234 virtutem

2276 1262 2506 1317 transire
2525 1303 2540 1330 ,
2570 1263 2740 1334 iisque
2771 1266 2860 1334 qui
2890 1280 2921 1318 a
2959 1266 3218 1336 principio
3244 1267 3381 1322 bene
3401 1269 3683 1336 vixerunt,
3712 1270 3870 1325 simi-

2274 1351 2378 1408 lem
2420 1353 2568 1420 ficri;
2595 1355 2737 1425 quod
2781 1365 2835 1411 et
2880 1371 2979 1412 nos
3006 1359 3334 1413 studeamus.
3365 1360 3432 1414 Et
3467 1361 3555 1430 qui
3585 1361 3737 1416 bonae
3765 1362 3867 1417 sibi
3895 1351 3900 1354 ’

2272 1447 2472 1501 conscii
2514 1446 2711 1502 fuerint
2743 1449 2864 1504 vitae
2887 1491 2902 1515 ,
2931 1449 2983 1504 in
3026 1450 3222 1520 pietate
3258 1460 3642 1521 perseverent,
3672 1451 3870 1507 bonam

2275 1537 2415 1594 hanc
2437 1541 2827 1610 possessionem
2855 1555 3068 1610 semper
3087 1551 3365 1612 augentes,
3389 1553 3445 1598 et
3471 1543 3630 1611 priori
3661 1541 3871 1599 fiducia

2274 1629 2474 1700 aliquid
2509 1630 2762 1684 continuo
2790 1630 3047 1687 addentes
3071 1627 3197 1702 :‘qui
3227 1641 3404 1687 autem
3435 1631 3738 1688 diffidentes
3770 1648 3870 1687 su-

2275 1733 2394 1774 mus
2407 1735 2471 1774 ac
2490 1720 2678 1786 timidi,
2703 1721 3096 1792 multorumque
3111 1722 3264 1776 nobis
3285 1732 3621 1792 peccatorum
3642 1724 3870 1788 conscii,

2276 1819 2548 1866 mutemur
2576 1811 2629 1866 in
2671 1812 2892 1876 melius;
2922 1821 2978 1867 ut
3005 1812 3070 1868 ad
3112 1813 3323 1868 illorum
3368 1827 3579 1883 quoque
3621 1813 3869 1868 fiduciam

2278 1904 2676 1974 pertingentes,
2724 1907 2926 1973 pariter
2967 1905 3144 1972 cuncti
3200 1915 3361 1976 atque
3410 1904 3690 1960 unanimes
3743 1919 3871 1959 cum

2275 1994 2453 2050 debita
2499 1995 2668 2066 gloria
2715 1996 3027 2066 angelorum
3082 1995 3282 2067 Regem
3336 1996 3708 2065 suscipiamus,
3742 1994 3874 2049 bea-

2278 2097 2434 2159 taque
2461 2088 2549 2142 illa
2580 2089 2760 2144 laetitia
2799 2088 3136 2159 perfruamur
3165 2088 3218 2142 in
3248 2087 3461 2142 Christo
3487 2087 3612 2142 Jesu
3640 2087 3873 2141 Domino

2277 2191 2496 2248 nostro,
2527 2181 2612 2236 cui
2638 2181 2803 2252 gloria
2841 2191 2892 2236 et
2938 2180 3221 2251 imperium
3259 2194 3381 2234 cum
3424 2179 3580 2234 Patre
3603 2187 3658 2233 et
3680 2190 3871 2232 sancto

2276 2271 2508 2342 Spiritu,
2541 2288 2681 2329 nunc
2720 2281 2776 2328 et
2810 2287 3058 2343 semper,
3103 2282 3157 2329 et
3203 2273 3256 2327 in
3296 2270 3490 2327 stecula
3524 2270 3870 2326 saeculorum.

2277 2367 2469 2422 Amen.

2023 2931 2186 2995 MON
2195 2934 2378 2996 [TUM

607 3147 692 3204 -'ln
724 3150 942 3207 homilia
975 3150 1166 3222 quinta
1196 3152 1262 3209 de
1283 3153 1442 3210 Anna
1500 3151 1775 3209 Samuelis
1802 3161 1998 3219 matre,
2028 3153 2280 3223 queritur
2321 3153 2476 3209 initio
2497 3151 2946 3226 Chrysostomus,
2989 3170 3051 3212 se
3083 3153 3410 3226 praecedenti
3447 3154 3710 3211 concione
3739 3156 3831 3211 die

550 3265 919 3323 'Pentecosles
943 3267 1127 3323 habita
1163 3267 1366 3326 frustra
1390 3269 1693 3336 monuisse,
1741 3285 1850 3324 non
1885 3269 2080 3325 diebus
2120 3270 2300 3326 solum
2332 3267 2515 3335 festis,
2551 3269 2644 3326 sed
2677 3271 2843 3325 etiam
2879 3270 3004 3326 aliis
3033 3285 3129 3341 per
3155 3285 3360 3325 annum
3396 3271 3686 3328 ecclesiam
3712 3287 3837 3327 esse

565 3379 1020 3452 frequentandam
1055 3399 1069 3437 :
1105 3395 1169 3437 ea
1195 3396 1325 3438 vero
1359 3381 1425 3438 de
1455 3397 1514 3438 re
1557 3382 1728 3438 multa
1761 3381 1929 3436 verba
1959 3381 2088 3436 facit
2128 3379 2557 3453 Cbrysostomus
2616 3381 2774 3436 initio
2802 3380 3002 3452 prioris
3031 3380 3087 3434 in
3145 3378 3504 3438 Pentecosten
3565 3384 3830 3448 homilize,

474 3571 482 3578 ~
552 3500 715 3557 unde
744 3499 931 3556 statim
966 3497 1214 3556 videatur
1237 3499 1366 3556 hinc
1393 3500 1657 3571 temporis
1681 3499 1927 3556 calculus
1963 3499 2072 3570 peti
2102 3513 2282 3569 posse.
2307 3496 2510 3554 Verum
2548 3494 2675 3554 huic
2698 3497 2940 3567 opinioni
2965 3497 3265 3553 reclamant
3291 3514 3375 3563 ea,
3408 3514 3530 3569 quae
3551 3517 3674 3557 mox
3704 3501 3839 3558 sub-

557 3613 683 3680 iicit
711 3612 1144 3685 Chrysostomus
1170 3612 1224 3667 iu
1266 3612 1489 3668 bomilia
1520 3611 1610 3668 illa
1639 3613 1707 3668 de
1733 3613 1913 3668 Anna.
1946 3610 2015 3666 In
2059 3613 2158 3666 hoc
2182 3613 2342 3678 enim,
2375 3611 2572 3682 inquit,
2601 3613 2743 3669 vobis
2775 3614 3302 3669 commemoravimus
3329 3615 3504 3684 ﬁlium
3532 3618 3683 3671 illum
3736 3635 3838 3686 pa-

564 3713 838 3779 ternarum
873 3725 1193 3794 facultatum
1233 3727 1648 3798 absumptorem,
1683 3731 1894 3784 tandem
1927 3730 1997 3783 ad
2047 3741 2327 3800 paternam
2377 3731 2590 3784 domum
2619 3730 2955 3800 postliminio,
2977 3749 3260 3797 reversum,
3297 3735 3696 3806 universumque
3718 3739 3834 3807 ejus

565 3838 860 3907 miseriam,
897 3840 1116 3910 famem,
1145 3841 1391 3909 dedecus,
1446 3843 1752 3914 opprobria,
1797 3853 1848 3900 et
1896 3845 2155 3916 quidquid
2190 3847 2333 3917 apud
2359 3856 2564 3901 exteros
2595 3846 2835 3916 pertulit,
2864 3848 3186 3903 adduximus
3227 3849 3280 3902 in
3324 3849 3572 3916 medium,
3632 3861 3690 3906 ut
3735 3853 3834 3908 hoc

563 3953 805 4023 exemplo
830 3955 898 4009 ad
922 3956 1260 4013 sobrietatem
1287 3975 1376 4013 vos
1408 3960 1780 4032 redigeremus.
1812 3961 1937 4018 Hec
1973 3973 2082 4017 tam
2111 3964 2284 4019 multa
2314 3979 2373 4020 se
2407 3963 2663 4018 retulisse
2689 3963 2822 4019 dicit
2846 3963 2900 4018 in
2933 3964 3048 4031 illa,
3081 3979 3244 4035 quam
3275 3977 3560 4034 memorat,
3592 3968 3657 4024 de
3691 3966 3836 4025 Pen-

545 4075 770 4122 tecoste
822 4068 1046 4125 homilia
1103 4089 1116 4124 :
1153 4087 1388 4143 quorum
1423 4091 1492 4130 ne
1512 4077 1618 4149 γρῦ
1653 4079 1876 4148 quidem
1910 4078 1963 4133 in
1994 4079 2096 4134 hac
2125 4066 2390 4135 occurrit.
2417 4079 2793 4148 Quamobrem
2827 4080 2944 4135 htec
2973 4080 3040 4136 ad
3063 4080 3224 4136 aliam
3247 4082 3520 4151 pertinere
3553 4084 3833 4142 homiliam

562 4199 725 4240 nemo
749 4190 1045 4258 negaverit.
1080 4188 1267 4262 Neque
1291 4194 1345 4249 id
1371 4195 1571 4249 mirum
1603 4205 1688 4252 est
1713 4217 1725 4251 :
1756 4196 2204 4268 tam'f'requeuter
2226 4199 2369 4254 enim
2404 4198 2760 4268 conqueritur
2788 4197 3215 4270 Chrysostomus
3238 4197 3308 4253 de
3336 4199 3606 4268 paucitate
3631 4216 3836 4258 conve-

563 4302 830 4357 nientium
858 4303 910 4357 in
943 4305 1256 4374 ecclesiam,
1300 4318 1361 4364 ut
1395 4307 1555 4366 facile
1581 4314 1840 4382 potuerit,
1877 4314 2165 4370 duodecim
2207 4331 2500 4382 annorum,
2536 4312 2738 4387 quibus
2767 4316 3074 4372 Antiochia:
3096 4318 3454 4374 concionatus
3483 4327 3585 4384 est,
3623 4321 3831 4389 spatio,

561 4416 616 4472 in
649 4417 1094 4477 solemnitatibus
1119 4419 1477 4481 Pentecostes
1507 4425 1754 4482 eamdem
1790 4428 2190 4498 querimoniam
2218 4431 2424 4500 pluries
2459 4441 2726 4501 repetere.

630 4535 750 4593 Non
779 4550 1156 4610 parva-autem
1190 4543 1368 4598 oritur
1397 4544 1690 4603 difficultas
1713 4562 1779 4604 ex
1803 4553 2217 4607 enumeratione
2265 4553 2627 4624 insigniorum
2683 4551 3060 4621 festivitatum,
3087 4567 3226 4622 quas
3275 4551 3383 4608 sub
3410 4551 3628 4606 initium
3664 4552 3835 4624 hujus

563 4654 846 4710 concionis
873 4665 1307 4713 commemorat:
1343 4659 1416 4716 ibi
1444 4676 1682 4734 namque
1705 4664 1906 4734 prima,
1933 4667 2151 4737 πρώτη,
2184 4667 2388 4725 dicitur
2410 4684 2529 4725 esse
2559 4668 2878 4741 Epiphania:
2906 4667 3208 4734 festivitas;
3243 4665 3481 4721 secunda
3509 4665 3833 4734 Paschatis;

565 4747 726 4822 iertia
749 4765 1118 4825 Pentecostcs.
1149 4770 1423 4836 Quaeritur
1453 4788 1584 4830 vero
1613 4789 1714 4830 cur
1737 4773 1946 4831 Natalis
1977 4776 2184 4833 Christi
2219 4779 2623 4834 solemnitatem
2650 4779 2865 4834 omittat
2893 4778 3340 4850 Chrysostomus,
3378 4784 3433 4832 et
3463 4792 3559 4832 cur
3591 4775 3838 4847 Epipha-

551 4883 655 4939 mia
695 4884 870 4951 prima
901 4896 1158 4958 ponatur.
1193 4887 1330 4943 Cum
1364 4890 1511 4945 enim
1532 4897 1743 4946 certum
1773 4894 2230 4966 exploratumque
2269 4897 2342 4952 sit
2369 4897 2512 4952 diem
2551 4895 2794 4952 Natalem
2821 4895 3021 4952 Christi
3053 4903 3298 4968 tempore
3324 4892 3704 4966 Chrysostomi
3725 4895 3843 4948 An-

557 4999 786 5056 tiochiae
814 4999 1142 5056 celebratam
1177 4999 1348 5056 fuisse
1374 5001 1447 5056 25
1484 5002 1818 5072 Decembris,
1853 5015 1910 5062 et
1936 5005 2298 5078 Epiphaniam
2347 5017 2502 5065 sexta
2528 5005 2801 5072 Januarii,
2827 5017 2974 5063 certe
2999 5007 3189 5063 debuit
3236 5008 3330 5064 ille
3358 5008 3476 5064 dies
3508 5005 3720 5062 Natalis
3780 5005 3836 5062 in

559 5114 884 5174 recensione
901 5116 1242 5184 "memorari;
1289 5117 1401 5174 imo
1431 5115 1644 5189 primas
1672 5127 1897 5180 tenere:
1923 5139 2049 5180 nam
2094 5139 2218 5180 cum
2247 5123 2576 5179 Antiochcni
2602 5137 2806 5180 annum
2837 5124 3181 5190 inchoarent,
3229 5133 3289 5180 ut
3331 5125 3592 5189 creditur,
3644 5138 3837 5183 mense
