4130 6458
337 392 442 446 451

340 501 454 572 πρὸ
468 498 570 568 τῆς
597 499 805 563 πόλεως
825 499 1130 564 ἐξελθόντες
1150 501 1481 564 ἀπαντῶσιν,
1499 500 1550 553 οἱ
1569 500 1625 553 δὲ
1643 501 1923 556 κατάδικοι

342 585 440 638 καί
476 583 526 634 οι
561 583 1022 654 κατακεκριμένοι
1047 582 1196 636 ἔνδον
1229 583 1589 652 φυλάττονται
1615 585 1712 655 τὴν
1747 584 1925 654 ψῆφον

339 667 446 738 τὴν
472 665 624 737 παρά
655 664 750 718 τοῦ
779 665 1041 736 βασιλέως
1066 666 1426 737 ἀναμένοντες
1451 683 1465 697 ο
1498 665 1642 720 οὕτω
1667 667 1759 720 καὶ
1800 667 1927 720 ὅταν

341 755 373 806 ὁ
407 752 608 824 Κύριος
633 751 1024 823 παραγίνηται,
1047 755 1095 806 οί
1128 753 1229 824 μὲν
1255 753 1572 824 παρρησίαν
1605 752 1818 823 ἔχοντες
1848 755 1928 817 είς

349 835 515 904 μέσον
542 833 690 904 αὐτῷ
727 834 1008 887 ἀπαντῶσι
1033 836 1124 888 τὸν
1153 835 1313 906 ἀέρα,
1343 837 1391 889 οἱ
1418 835 1476 896 δὲ
1524 835 1806 890 κατάδικοι
1835 839 1928 889 καὶ

345 932 392 968 π
409 915 522 969 ι).λᾶ
549 917 761 980 ἑαυτοῖς
804 917 1108 980 συνειδότες
1133 919 1511 990 ἁμαρτήματα
1541 919 1776 974 ἐνταῦθα
1804 921 1930 973 ἀνα-

350 998 572 1069 μένουσι
600 998 692 1051 τὸν
711 998 994 1072 δικαστήν.
1011 1001 1144 1053 Τότε
1169 1003 1261 1054 καὶ
1289 1003 1449 1074 ἡμεῖς
1471 1003 1924 1073 ἁρπαγησόμεθα·

344 1083 452 1133 οὐκ
480 1080 715 1151 ἐμαυτὸν
737 1081 988 1154 ἀριθμῶν
1013 1086 1092 1149 είς
1118 1085 1216 1156 τὴν
1253 1085 1434 1155 ψῆφον
1461 1086 1569 1141 τῶν
1609 1087 1928 1159 ἁρπαζομέ-

347 1182 458 1218 νων
488 1161 640 1236 [456]
666 1161 842 1230 εἷπον,
890 1168 1052 1238 ἡμεῖς
1071 1184 1085 1198 ο
1114 1168 1212 1238 οὐχ
1256 1167 1430 1232 οὕτως
1454 1169 1782 1240 ἀναίσθητός
1814 1173 1929 1240 εἰμι

350 1249 447 1301 καὶ
474 1247 762 1318 ἀγνώμων,
787 1250 863 1313 ώς
892 1252 1105 1320 ἀγνοεῖν
1133 1251 1204 1304 τὰ
1239 1253 1414 1306 οἰκεῖα
1439 1255 1658 1324 ἀμαρτὴ
1668 1270 1833 1323 ματα.
1865 1254 1930 1306 Ei

348 1330 462 1401 γὰρ
493 1330 568 1401 μὴ
599 1331 926 1404 συνταράξαι
952 1333 1264 1405 ἐφοϐούμην
1290 1335 1388 1405 τὴν
1415 1334 1606 1406 ἡδονὴν
1658 1336 1756 1405 τῆς
1785 1353 1930 1408 παρ-

348 1413 519 1482 ούσης
569 1415 784 1486 ἑορτῆς,
838 1416 943 1471 κᾶν
983 1418 1258 1489 ἐδάκρυσα
1306 1418 1502 1488 πικρὸν
1543 1418 1748 1488 ταύτης
1798 1421 1931 1474 ἀνα-

352 1495 617 1568 μνησθεὶς
643 1498 744 1568 τῆς
775 1501 978 1570 φωνῆς,
1022 1501 1208 1572 ἐπειδὴ
1244 1501 1339 1554 καὶ
1364 1500 1472 1555 τῶν
1498 1501 1717 1556 οίκείων
1752 1504 1933 1574 ἀμαρ-

348 1581 482 1639 τιῶν
514 1581 809 1652 ἑμνήσθην.
850 1582 1070 1655 Ἐπειδὴ
1104 1584 1160 1637 δὲ
1193 1585 1253 1636 οὐ
1299 1583 1558 1654 βούλομαι
1592 1588 1812 1655 συγχεῖν
1833 1586 1933 1657 τῆς

350 1663 634 1734 παρούσης
662 1666 853 1736 ἑορτῆς
873 1666 972 1738 τὴν
995 1668 1356 1738 εὐφροσύνην,
1389 1667 1622 1720 ἐνταῦθα
1645 1669 1934 1731 καταλύσω

351 1747 442 1800 τὸν
503 1747 682 1814 λόγον,
731 1747 1084 1818 ἀκμάζουσαν
1135 1751 1263 1820 ὑμῖν
1313 1751 1413 1820 τῆς
1461 1749 1678 1820 ἡμέρας
1719 1751 1932 1823 ἐκείνης

352 1829 453 1900 τὴν
505 1831 726 1901 μνήμην
780 1833 1034 1902 ἐπαφεὶς,
1078 1832 1164 1885 ῖνα
1221 1834 1357 1904 μήτε
1385 1835 1414 1886 ό
1448 1833 1701 1898 πλούσιος
1737 1835 1828 1888 ἑπὶ
1857 1837 1935 1907 τῷ

352 1912 571 1982 πλούτῳ
604 1916 796 1984 χαίρῃ,
837 1917 972 1986 μήτε
996 1917 1024 1968 ὁ
1066 1915 1235 1986 πένης
1256 1916 1348 1968 ἐπὶ
1381 1919 1446 1987 τῇ
1478 1917 1638 1987 πενίᾳ
1675 1918 1934 1990 ταλανίζῃ

351 1995 574 2049 ἑαυτόν·
606 1997 985 2063 ἀλλ’ἓκαστος,
1008 1998 1101 2066 ἀφ’
1120 1991 1194 2052 ὧν
1224 1998 1406 2069 ἑαυτῷ
1436 1999 1746 2072 σύνοιδεν,ἢ
1777 2003 1937 2056 τοῦτο

352 2078 386 2146 ἢ
418 2081 594 2130 ἐκεῖνο
622 2082 770 2150 ποιῇ.
813 2079 949 2137 Οὔτε
995 2081 1110 2152 γὰρ,
1132 2083 1161 2135 ό
1197 2080 1450 2144 πλούσιος
1485 2084 1776 2154 μακάριος,
1812 2084 1936 2138 οὔτε

351 2162 382 2212 ὁ
430 2161 598 2232 πένης
627 2161 855 2225 ἐλεεινός
874 2182 888 2196 ·
916 2164 1029 2218 ἀλλ’
1056 2165 1114 2228 ὃς
1145 2163 1240 2218 ἑάν
1286 2165 1384 2235 τῆς
1423 2166 1682 2237 ἁρπαγῆς
1715 2168 1932 2239 ἐκείνης

353 2243 662 2315 καταξιωθῇ
691 2246 792 2315 τῆς
823 2249 881 2301 ἑν
929 2247 1199 2318 νεφέλαις,
1254 2248 1521 2320 μακάριος
1554 2249 1661 2304 καὶ
1689 2267 1922 2322 τρισμα-

1285 384 1378 442 ne
1411 385 1680 443 suam
1709 383 2182 445 PENTECOSTE.
2214 371 2285 427 ᾁ-
2309 383 2647 444 MONlTUM.

3503 377 3610 440 ιω

2025 503 2236 572 κάριος,
2275 500 2377 554 κᾶν
2410 501 2671 555 ἀπάντων
2717 485 3043 558 πενέστατος
3135 514 3145 526 ’
3206 491 3400 569 ὥσπερ
3451 489 3546 552 οὖν
3573 487 3602 538 ὁ

2026 581 2310 648 ἐκπεσὼν,
2373 583 2606 648 ἑλεεινδς
2657 584 2750 637 καὶ
2800 579 3131 654 τρισάθλιος,
3185 577 3289 634 κᾶν
3346 578 3610 638 ἁπάντων

2027 665 2404 737 εὐπορώτατος
2545 665 2644 720 Διά
2677 665 2835 719 τοῦτο
2849 665 3013 733 λέγω,
3033 664 3122 717 ἵνα
3142 665 3189 715 οί
3227 666 3327 733 μὲν
3348 665 3408 715 ἑν
3431 665 3608 736 ἁμαρ.

2026 750 2265 819 τήμασιν
2298 749 2476 815 ὄντες,
2513 749 2804 820 θρηνῶμεν
2835 745 3062 809 ἑαυτούς
3086 763 3101 776 ο
3131 746 3182 798 οί
3212 745 3270 798 δὲ
3327 747 3386 799 ἑν
3414 762 3621 816 κατορσ-

2028 831 2246 903 θώμασι
2296 829 2513 900 ζῶντες,
2546 833 2924 905 θαρρείτωσαν
2971 829 3247 892 ἅπαντες·
3297 829 3496 899 μᾶλλον
3531 830 3627 890 δὲι

2032 917 2106 988 μὴ
2151 916 2526 988 θαρῤείτωσαν
2569 919 2747 988 μόνον,
2779 915 2917 970 ἀλλά
2957 913 3053 968 καὶ
3080 913 3565 983 ἀσφαλιζὲσθωσαν
3593 935 3611 950 ο

2033 1001 2169 1070 μήτε
2201 1001 2398 1052 ἑκεῖνοι
2422 999 2792 1071 θρηνείτωσαν
2825 997 3003 1070 μόνον.
3026 995 3163 1050 ἀλλά
3187 996 3280 1049 καὶ
3317 994 3606 1053 μεταϐαλέ·

2032 1083 2265 1137 σθωσαν.
2301 1082 2516 1146 Ἔξεστι
2543 1081 2648 1154 γὰρ
2684 1082 2779 1136 καὶ
2805 1081 2896 1136 τὸν
2937 1081 2995 1134 ἑν
3037 1079 3227 1148 κακίᾳ,
3270 1075 3614 1155 μεταστάντα

2029 1166 2132 1236 τῆς
2148 1165 2431 1237 πονηρίας,
2454 1165 2588 1236 πρὸς
2612 1163 2812 1234 ἀρετὴν
2839 1162 3175 1228 ἐπανελθεῖν,
3203 1163 3297 1216 καὶ
3319 1161 3615 1232 δυνηθῆναι

2031 1247 2282 1318 γενέσθαι
2321 1248 2427 1300 τῶν
2475 1248 2536 1314 ἑξ
2589 1247 2764 1318 ἀρχῆς
2823 1241 2882 1300 εὖ
2927 1244 3268 1315 βεϐιωκότων
3303 1244 3450 1298 τσονο
3478 1244 3615 1313 ὅπερ

2032 1331 2125 1386 καὶ
2153 1332 2314 1402 ἡμεῖς
2339 1331 2730 1400 σπουδάσωμεν
2751 1343 2765 1356 ·
2809 1330 2904 1382 καὶ
2934 1329 2983 1381 οἱ
3039 1329 3136 1398 μὲν
3163 1326 3368 1398 ἀρετὴν
3401 1325 3616 1389 ἑαυτοῖς

2034 1414 2352 1479 συνειδότες,
2384 1413 2688 1484 μενέτωσαν
2712 1413 2805 1466 ἐπὶ
2817 1413 2914 1482 τῆς
2935 1411 3236 1476 εὐσεϐείας,
3254 1410 3509 1477 αὔξοντες
3529 1410 3616 1463 ἀεὶ

2032 1495 2190 1550 τοῦτο
2215 1496 2275 1548 τὸ
2318 1495 2483 1549 καλὸν
2505 1495 2710 1566 κτῆμα,
2730 1497 2823 1550 καὶ
2847 1498 2911 1566 τῇ
2932 1494 3214 1567 παρρησία
3233 1493 3616 1565 προστιθέντες

2033 1583 2099 1652 τῇ
2137 1578 2409 1650 προτέρᾳ·
2459 1580 2505 1632 oi
2566 1579 2622 1632 δὲ
2656 1579 3120 1651 ἀπαρῤησίαστοι,
3182 1579 3276 1630 καὶ
3317 1577 3615 1640 συνειδότες

2036 1665 2250 1727 ἑαυτοῖς
2273 1664 2648 1734 ἁμαρτήματα
2675 1662 2865 1727 πολλὰ,
2893 1660 3380 1733 μεταϐαλλώμεθα,
3412 1660 3501 1714 ἵνα
3519 1660 3614 1723 καὶ

2038 1749 2175 1820 πρὸς
2198 1751 2296 1819 τὴν
2331 1747 2551 1804 ἐκείνων
2581 1747 2894 1819 παρρησίαν
2935 1746 3256 1816 φθάσαντες.
3297 1747 3450 1815 κοινῇ
3477 1745 3614 1807 πάν-

2033 1849 2125 1896 τες
2160 1831 2250 1886 κα)⁸
2275 1830 2620 1902 ὁμοθυμαδὸν
2650 1829 2789 1901 μετά
2809 1829 2910 1900 τῆς
2939 1828 3295 1900 ὀφειλομένης
3323 1826 3481 1897 δόξης
3522 1827 3615 1886 τὸν

2034 1915 2144 1968 τῶν
2172 1913 2418 1984 ἀγγέλων
2458 1911 2852 1984 ὑποδεξώμεθα
2877 1911 3122 1982 βασιλέα,
3167 1911 3262 1964 καὶ
3291 1910 3392 1979 τῆς
3435 1925 3614 1980 μακα-

2039 1999 2161 2070 ρίας
2214 1997 2557 2068 εὐφροσύνης
2590 1995 2991 2066 ἀπολαύσωμεν
3039 1995 3254 2066 ἑκείνης
3302 1996 3360 2049 ἑν
3397 1993 3619 2066 Χριστῷ

2048 2080 2224 2153 Ἰησοῦ
2275 2081 2354 2152 τῷ
2388 2082 2578 2152 Κυρίῳ
2608 2081 2786 2152 ἡμῶν,
2841 2073 2887 2148 ᾧ
2930 2080 2963 2150 ἡ
2997 2078 3125 2145 δόξα
3169 2078 3354 2133 καὶτὸ
3396 2079 3616 2149 κράτος,

2039 2167 2155 2236 ἅμα
2177 2163 2256 2234 τῷ
2282 2165 2454 2235 Πατρδ.
2488 2165 2582 2217 καὶ
2613 2163 2691 2233 τῷ
2734 2162 2872 2232 ἁγίῳ
2911 2163 3208 2233 Πνεύματι,
3240 2162 3334 2217 νῦν
3366 2163 3460 2216 καὶ
3509 2161 3616 2225 ἀεὶ,

2039 2251 2134 2313 καὶ
2162 2249 2238 2312 εἰς
2265 2249 2390 2311 τοὺς
2418 2247 2620 2312 αίῶνας
2641 2246 2748 2300 τῶν
2787 2244 3018 2310 αἰώνων.
3073 2246 3264 2317 Ἀμήν.

358 2631 3609 2682 W

1006 2861 1106 2920 AD
1145 2861 1342 2921 DUAS
1384 2858 1826 2931 SEQUENTES
1865 2858 1943 2918 IN
1989 2856 2528 2919 PENTECOSTEN
2570 2857 2956 2919 HOMILIAS.

345 3071 802 3140 Septembri,qua:
823 3067 972 3138 prior
988 3065 1384 3120 occurrebatex
1411 3066 1664 3121 maximis
1687 3065 2345 3130 festivitatibus,eratdies
2367 3064 2572 3120 Natalis
2587 3064 2818 3120 Domini.
2848 3065 3199 3136 Respondent
3215 3065 3305 3120 alii
3330 3075 3619 3135 utramque

345 3189 573 3244 fortasse
600 3185 976 3251 festivitatem,
996 3183 1209 3240 Natalis
1240 3183 1489 3240 videlicet
1520 3195 1574 3240 et
1599 3184 1936 3256 Epiphaniae,
1961 3201 2074 3242 uno
2095 3185 2415 3258 Epiphania:
2441 3187 2666 3243 nomine
2693 3186 3076 3257 comprehendi
3101 3203 3114 3238 ι
3148 3186 3228 3242 vel
3265 3200 3464 3241 nomen
3489 3183 3621 3256 Epi-

345 3303 558 3374 phania:
580 3301 798 3372 utrique
828 3316 1119 3357 commune
1142 3300 1336 3358 fuisse.
1359 3300 1558 3356 Verum
1590 3316 1695 3356 non
1720 3301 1894 3370 placet
1923 3302 2040 3358 haec
2059 3301 2294 3359 solutio:
2327 3300 2598 3372 siquidem
2616 3302 2781 3358 hasce
2797 3303 2936 3360 duas
2957 3302 3278 3358 festivitates
3301 3310 3408 3356 tam
3436 3311 3622 3371 aperte

344 3434 406 3473 re
429 3417 758 3487 nomineque
793 3415 1080 3486 distinguit
1105 3414 1534 3489 Chrysostomus
1560 3431 1748 3488 supra,
1786 3416 2029 3475 bomiliis
2068 3418 2138 3474 in.
2155 3415 2402 3474 Natalem
2431 3427 2488 3474 et
2536 3419 2589 3474 in
2626 3418 3010 3490 Epiphaniam,
3060 3428 3121 3472 ut
3153 3416 3448 3473 verisimile
3502 3430 3613 3470 non
3712 3401 3719 3408 ’

344 3528 438 3592 sit,
463 3543 557 3583 eas
581 3527 668 3582 hic
693 3527 930 3584 voluisse
963 3543 1072 3584 uno
1100 3528 1566 3598 comprehendere
1586 3528 1828 3586 nomine.
1857 3528 2059 3585 Annon
2089 3528 2328 3587 fortasse
2349 3529 2706 3587 verisimilius
2736 3530 2973 3594 dicatur,
3014 3529 3142 3600 quia
3167 3527 3368 3584 festum
3410 3525 3624 3581 Natalis

341 3639 545 3698 Christi
575 3655 604 3696 a
639 3641 991 3712 paucissimis
1021 3641 1180 3700 anuis
1213 3640 1520 3698 Antiochiae
1546 3641 1931 3702 celebrabatur
1961 3643 2050 3700 die
2087 3644 2157 3700 25
2187 3644 2523 3711 Decembris,
2546 3660 2671 3701 cum
2707 3652 2870 3701 antea
2906 3660 3012 3700 una
3043 3643 3362 3715 Epiphaniae
3410 3646 3614 3702 solem-

347 3757 516 3823 nitas,
544 3757 634 3812 die
660 3766 817 3813 sexta
847 3754 1116 3823 Ianuarii,
1147 3764 1202 3811 et
1224 3752 1406 3809 Natali
1431 3753 1635 3812 Christi
1657 3764 1711 3810 et
1731 3754 2018 3826 Magorum
2070 3755 2378 3813 adorationi
2411 3765 2466 3812 et
2487 3754 2697 3812 Christi
2723 3755 2995 3826 baptismo
3029 3755 3286 3826 deputata
3329 3765 3499 3822 esset,
3535 3757 3625 3814 hic

349 3873 648 3928 secundum
685 3883 923 3929 veterem
950 3872 1326 3930 solemnitates
1349 3871 1677 3930 numerandi
1715 3872 2196 3939 consuetudinem,
2221 3889 2252 3927 a
2280 3873 2676 3945 Chrysostomo
2714 3873 3074 3945 Epiphaniam
3107 3875 3425 3941 memorari,
3449 3874 3625 3930 diem-

343 4005 452 4058 que
474 3987 715 4044 Natalem
753 3987 964 4044 taceri?
988 3985 1089 4050 Hic
1123 3985 1384 4047 nimirum
1419 3995 1672 4057 receptus
1695 3987 1765 4043 ah
1789 4002 1906 4043 aevo
1943 3989 2262 4044 recensendi
2308 4005 2428 4045 mos
2464 3991 2634 4046 fuisse
2667 3991 2880 4046 videtur
2935 3992 3080 4064 apud
3113 3992 3506 4058 Antiochenos,
3564 4000 3626 4049 ut

343 4114 460 4160 tres
493 4105 824 4177 insigniores
855 4105 1237 4162 solemnitates
1268 4103 1535 4172 dicerent,
1565 4104 1954 4176 Epiphaniam.
1988 4105 2206 4162 Pascha
2248 4115 2304 4162 et
2346 4107 2739 4177 Pentecosten;
2773 4107 3020 4165 Natalem
3054 4125 3182 4166 vero
3203 4108 3422 4171 Domini
3443 4109 3613 4176 diem,

342 4219 474 4288 quia
495 4233 669 4288 nuper
696 4219 953 4275 inductus
983 4217 1184 4285 fuerat,
1221 4219 1278 4274 in
1319 4219 1424 4276 hoc
1479 4235 1710 4276 numero
1740 4221 1986 4276 nondum
2032 4231 2318 4292 ponerent,
2355 4220 2451 4277 sed
2476 4221 2701 4293 perinde
2733 4231 2999 4290 tacerent,
3035 4236 3095 4279 ut
3125 4224 3622 4289 tacebantkscen-

343 4329 556 4384 sionem
581 4326 820 4394 Domini,
847 4344 1013 4399 quam
1053 4330 1180 4385 item
1211 4339 1356 4389 tacet.
1377 4330 1833 4403 Chrysostomus.

421 4468 670 4526 Secunda
708 4470 776 4526 de
793 4469 1114 4526 Pentecoste
1145 4469 1366 4524 homilia
1399 4472 1607 4526 nullam
1626 4473 1852 4526 omnino
1877 4471 2097 4543 praefert
2127 4475 2390 4546 temporis
2413 4483 2622 4531 notam.
2649 4475 2708 4530 in
2748 4475 2853 4532 hac
2879 4493 3044 4549 porro
3077 4478 3432 4536 Pentecosten
3461 4487 3625 4536 vocat

340 4589 656 4660 metropolin
683 4588 962 4659 festorum,
984 4589 1112 4659 quia
1135 4587 1404 4654 videlicet,
1437 4597 1496 4644 ut
1519 4589 1718 4647 ibidem
1743 4589 1953 4661 adjicit,
1986 4589 2222 4646 fructum
2248 4593 2339 4647 illa
2364 4591 2663 4650 Dominicas
2681 4596 3066 4666 promissionis
3093 4595 3272 4653 aﬂ‘ert.
3292 4595 3411 4652 Non
3439 4613 3615 4668 pauca

351 4715 543 4762 contra
568 4703 1101 4759 Pneumatomachos
1132 4703 1376 4768 disserit,
1417 4703 1512 4774 qui
1551 4703 1789 4773 Spiritus
1827 4705 2009 4760 sancti
2033 4705 2376 4775 maiestatem
2406 4716 2463 4762 et
2494 4724 2696 4764 numen
2721 4708 3059 4783 impetehant
3087 4725 3100 4761 :
3127 4725 3192 4766 ac
3223 4717 3512 4782 postquam
3553 4712 3622 4768 de

342 4812 615 4870 fructibus
637 4813 813 4869 sancti
841 4813 1078 4883 Spiritus
1105 4813 1275 4868 multa
1307 4814 1558 4884 protulit,
1585 4813 1664 4869 sic
1691 4814 2016 4872 concionem
2044 4816 2269 4872 claudit.

412 4946 712 5020 Utriusque
739 4949 1119 5020 interpretatio
1152 4949 1346 5008 Latina
1365 4961 1450 5009 est
1475 4952 1772 5011 Frontonis
1810 4953 2013 5012 Duczei.
