  <div class='ocr_page' id='page_1' title='image "/cluster/home/n/w/nwhite01/storage/ocr_20150623/50:no.2:pt.2/coo.31924054869494/050.png"; bbox 0 0 4130 6460; ppageno 0'>
   <div class='ocr_carea' id='block_1_1' title="bbox 327 418 431 474">
    <p class='ocr_par' dir='ltr' id='par_1_1' title="bbox 327 418 431 474">
     <span class='ocr_line' id='line_1_1' title="bbox 327 418 431 474; baseline 0 -1"><span class='ocrx_word' id='word_1_1' title='bbox 327 418 431 474; x_wconf 67' lang='grc'><strong>455</strong></span> 
     </span>
    </p>
   </div>
   <div class='ocr_carea' id='block_1_2' title="bbox 1325 422 2599 495">
    <p class='ocr_par' dir='ltr' id='par_1_2' title="bbox 1325 422 2599 495">
     <span class='ocr_line' id='line_1_2' title="bbox 1325 422 2599 495; baseline -0.001 -14"><span class='ocrx_word' id='word_1_2' title='bbox 1325 425 1412 481; x_wconf 79' lang='lat' dir='ltr'><strong>DE</strong></span> <span class='ocrx_word' id='word_1_3' title='bbox 1450 424 1722 495; x_wconf 64' lang='lat' dir='ltr'><strong>SANCTA</strong></span> <span class='ocrx_word' id='word_1_4' title='bbox 1760 422 2234 485; x_wconf 77' lang='lat' dir='ltr'><strong>PENTECOSTE.</strong></span> <span class='ocrx_word' id='word_1_5' title='bbox 2280 425 2516 483; x_wconf 77' lang='lat' dir='ltr'><strong>HOMIL.</strong></span> <span class='ocrx_word' id='word_1_6' title='bbox 2559 427 2599 482; x_wconf 91' lang='grc'>1.</span> 
     </span>
    </p>
   </div>
   <div class='ocr_carea' id='block_1_3' title="bbox 3490 419 3594 476">
    <p class='ocr_par' dir='ltr' id='par_1_3' title="bbox 3490 419 3594 476">
     <span class='ocr_line' id='line_1_3' title="bbox 3490 419 3594 476; baseline -0.019 0"><span class='ocrx_word' id='word_1_7' title='bbox 3490 419 3594 476; x_wconf 65' lang='grc' dir='ltr'><strong>Ᾱδί</strong></span> 
     </span>
    </p>
   </div>
   <div class='ocr_carea' id='block_1_4' title="bbox 1442 883 2512 956">
    <p class='ocr_par' dir='ltr' id='par_1_4' title="bbox 1442 883 2512 956">
     <span class='ocr_line' id='line_1_4' title="bbox 1442 883 2512 956; baseline 0.003 -16"><span class='ocrx_word' id='word_1_8' title='bbox 1442 883 1545 940; x_wconf 74' lang='lat' dir='ltr'><strong>DE</strong></span> <span class='ocrx_word' id='word_1_9' title='bbox 1594 883 1896 942; x_wconf 64' lang='lat' dir='ltr'><strong>SANCTA</strong></span> <span class='ocrx_word' id='word_1_10' title='bbox 1964 883 2512 956; x_wconf 64' lang='lat' dir='ltr'><strong>PENTECOSTE,</strong></span> 
     </span>
    </p>
   </div>
   <div class='ocr_carea' id='block_1_5' title="bbox 329 1057 1923 1116">
    <p class='ocr_par' dir='ltr' id='par_1_5' title="bbox 329 1057 1923 1115">
     <span class='ocr_line' id='line_1_5' title="bbox 329 1057 1923 1115; baseline 0.003 -16"><span class='ocrx_word' id='word_1_11' title='bbox 329 1057 411 1099; x_wconf 73' lang='lat' dir='ltr'><strong>nr</strong></span> <span class='ocrx_word' id='word_1_12' title='bbox 455 1058 581 1101; x_wconf 76' lang='lat' dir='ltr'><strong>cun</strong></span> <span class='ocrx_word' id='word_1_13' title='bbox 618 1058 741 1101; x_wconf 66' lang='lat' dir='ltr'><strong>3AM</strong></span> <span class='ocrx_word' id='word_1_14' title='bbox 781 1059 902 1103; x_wconf 70' lang='lat' dir='ltr'><strong>non</strong></span> <span class='ocrx_word' id='word_1_15' title='bbox 950 1059 1137 1104; x_wconf 66' lang='lat' dir='ltr'><strong>nam</strong></span> <span class='ocrx_word' id='word_1_16' title='bbox 1175 1060 1518 1115; x_wconf 61' lang='lat' dir='ltr'><strong>muscum,</strong></span> <span class='ocrx_word' id='word_1_17' title='bbox 1552 1063 1854 1115; x_wconf 79' lang='lat' dir='ltr'><strong>ouonoun</strong></span> <span class='ocrx_word' id='word_1_18' title='bbox 1912 1065 1923 1103; x_wconf 84' lang='grc' dir='ltr'>ι</span> 
     </span>
    </p>
   </div>
   <div class='ocr_carea' id='block_1_6' title="bbox 2026 1057 3604 1116">
    <p class='ocr_par' dir='ltr' id='par_1_6' title="bbox 2026 1062 3604 1115">
     <span class='ocr_line' id='line_1_6' title="bbox 2026 1062 3604 1115; baseline -0.001 -12"><span class='ocrx_word' id='word_1_19' title='bbox 2026 1098 2027 1103; x_wconf 49' lang='grc' dir='ltr'><strong>η</strong></span> <span class='ocrx_word' id='word_1_20' title='bbox 2063 1065 2205 1115; x_wconf 72' lang='grc' dir='ltr'><strong>ΟυΕ</strong></span> <span class='ocrx_word' id='word_1_21' title='bbox 2249 1063 2594 1106; x_wconf 68' lang='lat' dir='ltr'><strong>GERL‘NTL‘R</strong></span> <span class='ocrx_word' id='word_1_22' title='bbox 2638 1065 2710 1108; x_wconf 76' lang='lat' dir='ltr'><strong>AC</strong></span> <span class='ocrx_word' id='word_1_23' title='bbox 2751 1065 3069 1107; x_wconf 72' lang='lat' dir='ltr'><strong>DICUNTUR</strong></span> <span class='ocrx_word' id='word_1_24' title='bbox 3116 1068 3148 1106; x_wconf 81' lang='grc' dir='ltr'><strong>Δ</strong></span> <span class='ocrx_word' id='word_1_25' title='bbox 3202 1064 3412 1114; x_wconf 73' lang='lat' dir='ltr'><strong>NOBIS,</strong></span> <span class='ocrx_word' id='word_1_26' title='bbox 3454 1062 3604 1104; x_wconf 72' lang='lat' dir='ltr'><strong>PER.-</strong></span> 
     </span>
    </p>
   </div>
   <div class='ocr_carea' id='block_1_7' title="bbox 1766 1166 2185 1209">
    <p class='ocr_par' dir='ltr' id='par_1_7' title="bbox 1766 1166 2185 1209">
     <span class='ocr_line' id='line_1_7' title="bbox 1766 1166 2185 1209; baseline 0 -2"><span class='ocrx_word' id='word_1_27' title='bbox 1766 1166 2185 1209; x_wconf 70' lang='lat' dir='ltr'><strong>SCBIBANTUR.</strong></span> 
     </span>
    </p>
   </div>
   <div class='ocr_carea' id='block_1_8' title="bbox 987 1544 1393 1624">
    <p class='ocr_par' dir='ltr' id='par_1_8' title="bbox 987 1544 1393 1624">
     <span class='ocr_line' id='line_1_8' title="bbox 987 1544 1393 1624; baseline -0.02 -14"><span class='ocrx_word' id='word_1_28' title='bbox 987 1544 1202 1610; x_wconf 52' lang='lat' dir='ltr'><strong>ne...“</strong></span> <span class='ocrx_word' id='word_1_29' title='bbox 1241 1567 1255 1605; x_wconf 86' lang='grc' dir='ltr'>ι</span> <span class='ocrx_word' id='word_1_30' title='bbox 1295 1550 1393 1624; x_wconf 86' lang='grc' dir='ltr'><strong>(α).</strong></span> 
     </span>
    </p>
   </div>
   <div class='ocr_carea' id='block_1_9' title="bbox 405 1641 1917 1713">
    <p class='ocr_par' dir='ltr' id='par_1_9' title="bbox 405 1641 1917 1713">
     <span class='ocr_line' id='line_1_9' title="bbox 405 1641 1917 1713; baseline -0.005 -11"><span class='ocrx_word' id='word_1_31' title='bbox 405 1648 453 1702; x_wconf 82' lang='grc'><strong>1.</strong></span> <span class='ocrx_word' id='word_1_32' title='bbox 492 1649 696 1704; x_wconf 76' lang='lat' dir='ltr'><strong>ltursos</strong></span> <span class='ocrx_word' id='word_1_33' title='bbox 738 1645 996 1702; x_wconf 75' lang='lat' dir='ltr'><strong>festivitas</strong></span> <span class='ocrx_word' id='word_1_34' title='bbox 1020 1686 1036 1713; x_wconf 93' lang='lat'><strong>,</strong></span> <span class='ocrx_word' id='word_1_35' title='bbox 1059 1658 1349 1712; x_wconf 81' lang='lat' dir='ltr'><strong>rursusque</strong></span> <span class='ocrx_word' id='word_1_36' title='bbox 1378 1641 1548 1696; x_wconf 77' lang='lat' dir='ltr'><strong>festus</strong></span> <span class='ocrx_word' id='word_1_37' title='bbox 1591 1650 1917 1706; x_wconf 88' lang='lat' dir='ltr'><strong>conventus,</strong></span> 
     </span>
    </p>
   </div>
   <div class='ocr_carea' id='block_1_10' title="bbox 327 1733 1921 1803">
    <p class='ocr_par' dir='ltr' id='par_1_10' title="bbox 327 1733 1921 1803">
     <span class='ocr_line' id='line_1_10' title="bbox 327 1733 1921 1803; baseline -0.004 -11"><span class='ocrx_word' id='word_1_38' title='bbox 327 1754 394 1793; x_wconf 85' lang='lat' dir='ltr'><strong>ac</strong></span> <span class='ocrx_word' id='word_1_39' title='bbox 421 1754 607 1793; x_wconf 79' lang='lat' dir='ltr'><strong>rursus</strong></span> <span class='ocrx_word' id='word_1_40' title='bbox 627 1737 863 1793; x_wconf 84' lang='lat' dir='ltr'><strong>Ecclesia</strong></span> <span class='ocrx_word' id='word_1_41' title='bbox 893 1736 1122 1791; x_wconf 75' lang='lat' dir='ltr'><strong>filiorum</strong></span> <span class='ocrx_word' id='word_1_42' title='bbox 1152 1733 1483 1788; x_wconf 91' lang='lat' dir='ltr'><strong>multitudine</strong></span> <span class='ocrx_word' id='word_1_43' title='bbox 1503 1733 1781 1803; x_wconf 76' lang='lat' dir='ltr'><strong>gloriatur,</strong></span> <span class='ocrx_word' id='word_1_44' title='bbox 1805 1735 1921 1787; x_wconf 66' lang='lat' dir='ltr'><strong>hare</strong></span> 
     </span>
    </p>
   </div>
   <div class='ocr_carea' id='block_1_11' title="bbox 329 1823 1919 1897">
    <p class='ocr_par' dir='ltr' id='par_1_11' title="bbox 329 1823 1919 1897">
     <span class='ocr_line' id='line_1_11' title="bbox 329 1823 1919 1897; baseline -0.004 -13"><span class='ocrx_word' id='word_1_45' title='bbox 329 1832 624 1885; x_wconf 88' lang='lat' dir='ltr'><strong>multorum</strong></span> <span class='ocrx_word' id='word_1_46' title='bbox 690 1828 980 1884; x_wconf 86' lang='lat' dir='ltr'><strong>liberorum</strong></span> <span class='ocrx_word' id='word_1_47' title='bbox 1041 1840 1236 1897; x_wconf 88' lang='lat' dir='ltr'><strong>parens</strong></span> <span class='ocrx_word' id='word_1_48' title='bbox 1265 1867 1281 1892; x_wconf 89' lang='lat'><strong>,</strong></span> <span class='ocrx_word' id='word_1_49' title='bbox 1324 1824 1621 1894; x_wconf 89' lang='lat' dir='ltr'><strong>eademque</strong></span> <span class='ocrx_word' id='word_1_50' title='bbox 1686 1823 1919 1878; x_wconf 82' lang='lat' dir='ltr'><strong>ﬁliorum</strong></span> 
     </span>
    </p>
   </div>
   <div class='ocr_carea' id='block_1_12' title="bbox 327 1915 1918 1991">
    <p class='ocr_par' dir='ltr' id='par_1_12' title="bbox 327 1915 1918 1991">
     <span class='ocr_line' id='line_1_12' title="bbox 327 1915 1918 1991; baseline -0.006 -13"><span class='ocrx_word' id='word_1_51' title='bbox 327 1938 541 1978; x_wconf 85' lang='lat' dir='ltr'><strong>amans.</strong></span> <span class='ocrx_word' id='word_1_52' title='bbox 565 1921 671 1977; x_wconf 88' lang='lat' dir='ltr'><strong>Sed</strong></span> <span class='ocrx_word' id='word_1_53' title='bbox 698 1921 823 1991; x_wconf 90' lang='lat' dir='ltr'><strong>quid</strong></span> <span class='ocrx_word' id='word_1_54' title='bbox 854 1920 1070 1991; x_wconf 90' lang='lat' dir='ltr'><strong>prodest</strong></span> <span class='ocrx_word' id='word_1_55' title='bbox 1111 1931 1262 1971; x_wconf 79' lang='lat' dir='ltr'><strong>amor</strong></span> <span class='ocrx_word' id='word_1_56' title='bbox 1292 1916 1519 1971; x_wconf 79' lang='lat' dir='ltr'><strong>ﬁliorum</strong></span> <span class='ocrx_word' id='word_1_57' title='bbox 1538 1956 1553 1982; x_wconf 94' lang='lat'><strong>,</strong></span> <span class='ocrx_word' id='word_1_58' title='bbox 1582 1915 1918 1985; x_wconf 82' lang='lat' dir='ltr'><strong>quandoqui-</strong></span> 
     </span>
    </p>
   </div>
   <div class='ocr_carea' id='block_1_13' title="bbox 328 2007 1917 2080">
    <p class='ocr_par' dir='ltr' id='par_1_13' title="bbox 328 2007 1917 2080">
     <span class='ocr_line' id='line_1_13' title="bbox 328 2007 1917 2080; baseline -0.005 -11"><span class='ocrx_word' id='word_1_59' title='bbox 328 2015 457 2069; x_wconf 84' lang='lat' dir='ltr'><strong>dem</strong></span> <span class='ocrx_word' id='word_1_60' title='bbox 490 2016 540 2067; x_wconf 92' lang='lat' dir='ltr'><strong>in</strong></span> <span class='ocrx_word' id='word_1_61' title='bbox 569 2013 719 2069; x_wconf 80' lang='lat' dir='ltr'><strong>festis</strong></span> <span class='ocrx_word' id='word_1_62' title='bbox 745 2013 916 2068; x_wconf 90' lang='lat' dir='ltr'><strong>solum</strong></span> <span class='ocrx_word' id='word_1_63' title='bbox 940 2054 956 2076; x_wconf 91' lang='lat'><strong>,</strong></span> <span class='ocrx_word' id='word_1_64' title='bbox 990 2026 1094 2066; x_wconf 93' lang='lat' dir='ltr'><strong>non</strong></span> <span class='ocrx_word' id='word_1_65' title='bbox 1125 2016 1407 2080; x_wconf 89' lang='lat' dir='ltr'><strong>perpetuo,</strong></span> <span class='ocrx_word' id='word_1_66' title='bbox 1436 2007 1662 2063; x_wconf 86' lang='lat' dir='ltr'><strong>dilectos</strong></span> <span class='ocrx_word' id='word_1_67' title='bbox 1689 2007 1917 2061; x_wconf 82' lang='lat' dir='ltr'><strong>ﬁliorum</strong></span> 
     </span>
    </p>
   </div>
   <div class='ocr_carea' id='block_1_14' title="bbox 326 2097 1913 2169">
    <p class='ocr_par' dir='ltr' id='par_1_14' title="bbox 326 2097 1913 2169">
     <span class='ocr_line' id='line_1_14' title="bbox 326 2097 1913 2169; baseline -0.006 -9"><span class='ocrx_word' id='word_1_68' title='bbox 326 2107 513 2160; x_wconf 89' lang='lat' dir='ltr'><strong>vultus</strong></span> <span class='ocrx_word' id='word_1_69' title='bbox 532 2105 786 2167; x_wconf 84' lang='lat' dir='ltr'><strong>intuetur,</strong></span> <span class='ocrx_word' id='word_1_70' title='bbox 811 2119 916 2157; x_wconf 87' lang='lat' dir='ltr'><strong>non</strong></span> <span class='ocrx_word' id='word_1_71' title='bbox 938 2117 1093 2156; x_wconf 89' lang='lat' dir='ltr'><strong>secus</strong></span> <span class='ocrx_word' id='word_1_72' title='bbox 1113 2115 1175 2156; x_wconf 88' lang='lat' dir='ltr'><strong>ac</strong></span> <span class='ocrx_word' id='word_1_73' title='bbox 1200 2100 1243 2153; x_wconf 92' lang='lat' dir='ltr'><strong>si</strong></span> <span class='ocrx_word' id='word_1_74' title='bbox 1270 2100 1392 2169; x_wconf 86' lang='lat' dir='ltr'><strong>quis</strong></span> <span class='ocrx_word' id='word_1_75' title='bbox 1413 2097 1686 2167; x_wconf 83' lang='lat' dir='ltr'><strong>pulchram</strong></span> <span class='ocrx_word' id='word_1_76' title='bbox 1710 2108 1913 2153; x_wconf 83' lang='lat' dir='ltr'><strong>vestem</strong></span> 
     </span>
    </p>
   </div>
   <div class='ocr_carea' id='block_1_15' title="bbox 325 2191 1915 2266">
    <p class='ocr_par' dir='ltr' id='par_1_15' title="bbox 325 2191 1915 2266">
     <span class='ocr_line' id='line_1_15' title="bbox 325 2191 1915 2266; baseline -0.005 -15"><span class='ocrx_word' id='word_1_77' title='bbox 325 2199 527 2253; x_wconf 81' lang='lat' dir='ltr'><strong>habeat</strong></span> <span class='ocrx_word' id='word_1_78' title='bbox 551 2239 565 2263; x_wconf 93' lang='lat'><strong>,</strong></span> <span class='ocrx_word' id='word_1_79' title='bbox 597 2212 696 2252; x_wconf 82' lang='lat' dir='ltr'><strong>nec</strong></span> <span class='ocrx_word' id='word_1_80' title='bbox 720 2197 769 2251; x_wconf 92' lang='lat' dir='ltr'><strong>ei</strong></span> <span class='ocrx_word' id='word_1_81' title='bbox 796 2210 1007 2266; x_wconf 84' lang='lat' dir='ltr'><strong>semper</strong></span> <span class='ocrx_word' id='word_1_82' title='bbox 1036 2194 1121 2249; x_wconf 89' lang='lat' dir='ltr'><strong>illa</strong></span> <span class='ocrx_word' id='word_1_83' title='bbox 1154 2194 1225 2247; x_wconf 92' lang='lat' dir='ltr'><strong>uti</strong></span> <span class='ocrx_word' id='word_1_84' title='bbox 1252 2191 1621 2262; x_wconf 81' lang='lat' dir='ltr'><strong>permittatur?</strong></span> <span class='ocrx_word' id='word_1_85' title='bbox 1649 2191 1742 2246; x_wconf 87' lang='lat' dir='ltr'><strong>Est</strong></span> <span class='ocrx_word' id='word_1_86' title='bbox 1771 2191 1915 2245; x_wconf 86' lang='lat' dir='ltr'><strong>enim</strong></span> 
     </span>
    </p>
   </div>
   <div class='ocr_carea' id='block_1_16' title="bbox 327 2282 1919 2349">
    <p class='ocr_par' dir='ltr' id='par_1_16' title="bbox 327 2282 1919 2349">
     <span class='ocr_line' id='line_1_16' title="bbox 327 2282 1919 2349; baseline -0.005 -6"><span class='ocrx_word' id='word_1_87' title='bbox 327 2288 593 2343; x_wconf 72' lang='lat' dir='ltr'><strong>Ecclesia:</strong></span> <span class='ocrx_word' id='word_1_88' title='bbox 631 2287 795 2342; x_wconf 82' lang='lat' dir='ltr'><strong>vestis</strong></span> <span class='ocrx_word' id='word_1_89' title='bbox 843 2285 1165 2340; x_wconf 81' lang='lat' dir='ltr'><strong>adstantium</strong></span> <span class='ocrx_word' id='word_1_90' title='bbox 1216 2282 1537 2349; x_wconf 84' lang='lat' dir='ltr'><strong>multitudo,</strong></span> <span class='ocrx_word' id='word_1_91' title='bbox 1567 2283 1705 2337; x_wconf 85' lang='lat' dir='ltr'><strong>sicut</strong></span> <span class='ocrx_word' id='word_1_92' title='bbox 1749 2289 1803 2337; x_wconf 89' lang='lat' dir='ltr'><strong>et</strong></span> <span class='ocrx_word' id='word_1_93' title='bbox 1846 2282 1919 2335; x_wconf 78' lang='lat' dir='ltr'><strong>ait</strong></span> 
     </span>
    </p>
   </div>
   <div class='ocr_carea' id='block_1_17' title="bbox 284 2373 1918 2452">
    <p class='ocr_par' dir='ltr' id='par_1_17' title="bbox 284 2373 1918 2452">
     <span class='ocr_line' id='line_1_17' title="bbox 284 2373 1918 2452; baseline -0.004 -15"><span class='ocrx_word' id='word_1_94' title='bbox 284 2398 289 2403; x_wconf 87' lang='grc'><strong>·</strong></span> <span class='ocrx_word' id='word_1_95' title='bbox 324 2379 590 2452; x_wconf 79' lang='lat' dir='ltr'><strong>propheta</strong></span> <span class='ocrx_word' id='word_1_96' title='bbox 614 2380 695 2436; x_wconf 89' lang='lat' dir='ltr'><strong>sic</strong></span> <span class='ocrx_word' id='word_1_97' title='bbox 718 2379 845 2434; x_wconf 89' lang='lat' dir='ltr'><strong>olim</strong></span> <span class='ocrx_word' id='word_1_98' title='bbox 872 2378 1165 2433; x_wconf 88' lang='lat' dir='ltr'><strong>Ecclesiam</strong></span> <span class='ocrx_word' id='word_1_99' title='bbox 1195 2376 1500 2446; x_wconf 90' lang='lat' dir='ltr'><strong>alloquotus</strong></span> <span class='ocrx_word' id='word_1_100' title='bbox 1529 2416 1545 2443; x_wconf 92' lang='lat'><strong>,</strong></span> <span class='ocrx_word' id='word_1_101' title='bbox 1579 2373 1765 2430; x_wconf 84' lang='lat' dir='ltr'><strong>Omnes</strong></span> <span class='ocrx_word' id='word_1_102' title='bbox 1794 2376 1918 2430; x_wconf 85' lang='lat' dir='ltr'><strong>istos</strong></span> 
     </span>
    </p>
   </div>
   <div class='ocr_carea' id='block_1_18' title="bbox 323 2467 1918 2539">
    <p class='ocr_par' dir='ltr' id='par_1_18' title="bbox 323 2467 1918 2539">
     <span class='ocr_line' id='line_1_18' title="bbox 323 2467 1918 2539; baseline -0.005 -13"><span class='ocrx_word' id='word_1_103' title='bbox 323 2471 665 2526; x_wconf 84' lang='lat' dir='ltr'><strong>circumdabis</strong></span> <span class='ocrx_word' id='word_1_104' title='bbox 712 2470 801 2525; x_wconf 96' lang='lat' dir='ltr'><strong>tibi</strong></span> <span class='ocrx_word' id='word_1_105' title='bbox 842 2478 898 2524; x_wconf 84' lang='lat' dir='ltr'><strong>ut</strong></span> <span class='ocrx_word' id='word_1_106' title='bbox 939 2479 1289 2522; x_wconf 82' lang='lat' dir='ltr'><strong>ornamentum</strong></span> <span class='ocrx_word' id='word_1_107' title='bbox 1332 2467 1541 2539; x_wconf 84' lang='lat' dir='ltr'><strong>sponsi,</strong></span> <span class='ocrx_word' id='word_1_108' title='bbox 1575 2474 1701 2520; x_wconf 84' lang='lat' dir='ltr'><strong>etut</strong></span> <span class='ocrx_word' id='word_1_109' title='bbox 1736 2467 1918 2520; x_wconf 82' lang='lat' dir='ltr'><strong>stolam</strong></span> 
     </span>
    </p>
   </div>
   <div class='ocr_carea' id='block_1_19' title="bbox 322 2546 1921 2636">
    <p class='ocr_par' dir='ltr' id='par_1_19' title="bbox 322 2546 1921 2636">
     <span class='ocr_line' id='line_1_19' title="bbox 322 2546 1921 2636; baseline -0.004 -16"><span class='ocrx_word' id='word_1_110' title='bbox 322 2564 571 2636; x_wconf 82' lang='lat' dir='ltr'><strong>sponsa&#39;(</strong></span> <span class='ocrx_word' id='word_1_111' title='bbox 595 2562 724 2618; x_wconf 82' lang='lat' dir='ltr'><strong>Isai.</strong></span> <span class='ocrx_word' id='word_1_112' title='bbox 749 2563 841 2619; x_wconf 74' lang='grc'><strong>49.</strong></span> <span class='ocrx_word' id='word_1_113' title='bbox 871 2561 937 2617; x_wconf 80' lang='lat' dir='ltr'><strong>i8</strong></span> <span class='ocrx_word' id='word_1_114' title='bbox 959 2560 999 2631; x_wconf 93' lang='lat'><strong>).</strong></span> <span class='ocrx_word' id='word_1_115' title='bbox 1027 2560 1091 2616; x_wconf 91' lang='lat' dir='ltr'><strong>Ut</strong></span> <span class='ocrx_word' id='word_1_116' title='bbox 1122 2559 1282 2631; x_wconf 82' lang='lat' dir='ltr'><strong>igitur</strong></span> <span class='ocrx_word' id='word_1_117' title='bbox 1323 2558 1545 2613; x_wconf 87' lang='lat' dir='ltr'><strong>honesta</strong></span> <span class='ocrx_word' id='word_1_118' title='bbox 1570 2546 1827 2628; x_wconf 61' lang='lat' dir='ltr'><strong>&#39;quatdam</strong></span> <span class='ocrx_word' id='word_1_119' title='bbox 1865 2566 1921 2613; x_wconf 89' lang='lat' dir='ltr'><strong>et</strong></span> 
     </span>
    </p>
   </div>
   <div class='ocr_carea' id='block_1_20' title="bbox 322 2648 1921 2726">
    <p class='ocr_par' dir='ltr' id='par_1_20' title="bbox 322 2648 1921 2726">
     <span class='ocr_line' id='line_1_20' title="bbox 322 2648 1921 2726; baseline -0.004 -15"><span class='ocrx_word' id='word_1_120' title='bbox 322 2656 557 2726; x_wconf 83' lang='lat' dir='ltr'><strong>ingenua</strong></span> <span class='ocrx_word' id='word_1_121' title='bbox 585 2655 806 2723; x_wconf 84' lang='lat' dir='ltr'><strong>mulier,</strong></span> <span class='ocrx_word' id='word_1_122' title='bbox 832 2654 915 2709; x_wconf 90' lang='lat' dir='ltr'><strong>cui</strong></span> <span class='ocrx_word' id='word_1_123' title='bbox 956 2653 1233 2711; x_wconf 81' lang='lat' dir='ltr'><strong>tuuicasit</strong></span> <span class='ocrx_word' id='word_1_124' title='bbox 1259 2661 1404 2707; x_wconf 88' lang='lat' dir='ltr'><strong>recte</strong></span> <span class='ocrx_word' id='word_1_125' title='bbox 1430 2650 1723 2720; x_wconf 88' lang='lat' dir='ltr'><strong>composita</strong></span> <span class='ocrx_word' id='word_1_126' title='bbox 1761 2661 1815 2705; x_wconf 92' lang='lat' dir='ltr'><strong>et</strong></span> <span class='ocrx_word' id='word_1_127' title='bbox 1851 2648 1921 2704; x_wconf 87' lang='lat' dir='ltr'><strong>ad</strong></span> 
     </span>
    </p>
   </div>
   <div class='ocr_carea' id='block_1_21' title="bbox 323 2741 1920 2818">
    <p class='ocr_par' dir='ltr' id='par_1_21' title="bbox 323 2741 1920 2818">
     <span class='ocr_line' id='line_1_21' title="bbox 323 2741 1920 2818; baseline -0.005 -16"><span class='ocrx_word' id='word_1_128' title='bbox 323 2750 468 2802; x_wconf 70' lang='lat' dir='ltr'><strong>talus</strong></span> <span class='ocrx_word' id='word_1_129' title='bbox 497 2761 661 2818; x_wconf 87' lang='lat' dir='ltr'><strong>usque</strong></span> <span class='ocrx_word' id='word_1_130' title='bbox 676 2746 925 2810; x_wconf 90' lang='lat' dir='ltr'><strong>demissa,</strong></span> <span class='ocrx_word' id='word_1_131' title='bbox 950 2746 1116 2799; x_wconf 86' lang='lat' dir='ltr'><strong>multo</strong></span> <span class='ocrx_word' id='word_1_132' title='bbox 1136 2751 1354 2814; x_wconf 85' lang='lat' dir='ltr'><strong>apparet</strong></span> <span class='ocrx_word' id='word_1_133' title='bbox 1377 2741 1673 2811; x_wconf 79' lang='lat' dir='ltr'><strong>elegantior</strong></span> <span class='ocrx_word' id='word_1_134' title='bbox 1692 2755 1755 2796; x_wconf 88' lang='lat' dir='ltr'><strong>ac</strong></span> <span class='ocrx_word' id='word_1_135' title='bbox 1779 2754 1920 2809; x_wconf 67' lang='lat' dir='ltr'><strong>prae-</strong></span> 
     </span>
    </p>
   </div>
   <div class='ocr_carea' id='block_1_22' title="bbox 323 2832 1923 2904">
    <p class='ocr_par' dir='ltr' id='par_1_22' title="bbox 323 2832 1923 2904">
     <span class='ocr_line' id='line_1_22' title="bbox 323 2832 1923 2904; baseline -0.005 -10"><span class='ocrx_word' id='word_1_136' title='bbox 323 2840 557 2895; x_wconf 84' lang='lat' dir='ltr'><strong>stantior</strong></span> <span class='ocrx_word' id='word_1_137' title='bbox 611 2855 626 2893; x_wconf 87' lang='lat'><strong>:</strong></span> <span class='ocrx_word' id='word_1_138' title='bbox 676 2838 756 2895; x_wconf 88' lang='lat' dir='ltr'><strong>sic</strong></span> <span class='ocrx_word' id='word_1_139' title='bbox 813 2837 973 2892; x_wconf 89' lang='lat' dir='ltr'><strong>etiam</strong></span> <span class='ocrx_word' id='word_1_140' title='bbox 1040 2837 1279 2892; x_wconf 78' lang='lat' dir='ltr'><strong>Ecclesia</strong></span> <span class='ocrx_word' id='word_1_141' title='bbox 1349 2836 1516 2890; x_wconf 89' lang='lat' dir='ltr'><strong>multo</strong></span> <span class='ocrx_word' id='word_1_142' title='bbox 1582 2832 1923 2904; x_wconf 85' lang='lat' dir='ltr'><strong>splendidior</strong></span> 
     </span>
    </p>
   </div>
   <div class='ocr_carea' id='block_1_23' title="bbox 324 2924 1922 2997">
    <p class='ocr_par' dir='ltr' id='par_1_23' title="bbox 324 2924 1922 2997">
     <span class='ocr_line' id='line_1_23' title="bbox 324 2924 1922 2997; baseline -0.005 -11"><span class='ocrx_word' id='word_1_143' title='bbox 324 2930 493 2986; x_wconf 77' lang='lat' dir='ltr'><strong>hodie</strong></span> <span class='ocrx_word' id='word_1_144' title='bbox 537 2928 808 2995; x_wconf 87' lang='lat' dir='ltr'><strong>redditur,</strong></span> <span class='ocrx_word' id='word_1_145' title='bbox 851 2928 977 2983; x_wconf 91' lang='lat' dir='ltr'><strong>dum</strong></span> <span class='ocrx_word' id='word_1_146' title='bbox 1032 2941 1316 2997; x_wconf 90' lang='lat' dir='ltr'><strong>corporum</strong></span> <span class='ocrx_word' id='word_1_147' title='bbox 1361 2932 1661 2983; x_wconf 89' lang='lat' dir='ltr'><strong>vestrorum</strong></span> <span class='ocrx_word' id='word_1_148' title='bbox 1716 2924 1922 2994; x_wconf 84' lang='lat' dir='ltr'><strong>obtegi-</strong></span> 
     </span>
    </p>
   </div>
   <div class='ocr_carea' id='block_1_24' title="bbox 322 3018 1917 3089">
    <p class='ocr_par' dir='ltr' id='par_1_24' title="bbox 322 3018 1917 3089">
     <span class='ocr_line' id='line_1_24' title="bbox 322 3018 1917 3089; baseline -0.003 -12"><span class='ocrx_word' id='word_1_149' title='bbox 322 3035 422 3077; x_wconf 87' lang='lat' dir='ltr'><strong>tur</strong></span> <span class='ocrx_word' id='word_1_150' title='bbox 484 3021 849 3086; x_wconf 88' lang='lat' dir='ltr'><strong>multitudine,</strong></span> <span class='ocrx_word' id='word_1_151' title='bbox 881 3034 944 3076; x_wconf 86' lang='lat' dir='ltr'><strong>ae</strong></span> <span class='ocrx_word' id='word_1_152' title='bbox 991 3030 1140 3076; x_wconf 90' lang='lat' dir='ltr'><strong>recte</strong></span> <span class='ocrx_word' id='word_1_153' title='bbox 1192 3020 1487 3089; x_wconf 89' lang='lat' dir='ltr'><strong>composita</strong></span> <span class='ocrx_word' id='word_1_154' title='bbox 1531 3027 1679 3074; x_wconf 80' lang='lat' dir='ltr'><strong>veste</strong></span> <span class='ocrx_word' id='word_1_155' title='bbox 1726 3018 1917 3073; x_wconf 85' lang='lat' dir='ltr'><strong>amici-</strong></span> 
     </span>
    </p>
   </div>
   <div class='ocr_carea' id='block_1_25' title="bbox 325 3109 1918 3182">
    <p class='ocr_par' dir='ltr' id='par_1_25' title="bbox 325 3109 1918 3182">
     <span class='ocr_line' id='line_1_25' title="bbox 325 3109 1918 3182; baseline -0.004 -13"><span class='ocrx_word' id='word_1_156' title='bbox 325 3127 440 3169; x_wconf 88' lang='lat' dir='ltr'><strong>tur.</strong></span> <span class='ocrx_word' id='word_1_157' title='bbox 466 3113 619 3169; x_wconf 86' lang='lat' dir='ltr'><strong>Nolla</strong></span> <span class='ocrx_word' id='word_1_158' title='bbox 647 3112 787 3168; x_wconf 89' lang='lat' dir='ltr'><strong>enim</strong></span> <span class='ocrx_word' id='word_1_159' title='bbox 819 3127 941 3181; x_wconf 87' lang='lat' dir='ltr'><strong>pars</strong></span> <span class='ocrx_word' id='word_1_160' title='bbox 968 3111 1085 3182; x_wconf 86' lang='lat' dir='ltr'><strong>ejus</strong></span> <span class='ocrx_word' id='word_1_161' title='bbox 1131 3110 1290 3165; x_wconf 89' lang='lat' dir='ltr'><strong>hodie</strong></span> <span class='ocrx_word' id='word_1_162' title='bbox 1330 3110 1469 3166; x_wconf 87' lang='lat' dir='ltr'><strong>nuda</strong></span> <span class='ocrx_word' id='word_1_163' title='bbox 1493 3109 1632 3165; x_wconf 89' lang='lat' dir='ltr'><strong>sicut</strong></span> <span class='ocrx_word' id='word_1_164' title='bbox 1669 3109 1918 3180; x_wconf 83' lang='lat' dir='ltr'><strong>superio-</strong></span> 
     </span>
    </p>
   </div>
   <div class='ocr_carea' id='block_1_26' title="bbox 328 3203 1920 3274">
    <p class='ocr_par' dir='ltr' id='par_1_26' title="bbox 328 3203 1920 3274">
     <span class='ocr_line' id='line_1_26' title="bbox 328 3203 1920 3274; baseline -0.005 -9"><span class='ocrx_word' id='word_1_165' title='bbox 328 3211 487 3270; x_wconf 83' lang='lat' dir='ltr'><strong>ribus</strong></span> <span class='ocrx_word' id='word_1_166' title='bbox 516 3205 700 3269; x_wconf 87' lang='lat' dir='ltr'><strong>diebus</strong></span> <span class='ocrx_word' id='word_1_167' title='bbox 723 3205 869 3261; x_wconf 90' lang='lat' dir='ltr'><strong>cerni</strong></span> <span class='ocrx_word' id='word_1_168' title='bbox 894 3211 1069 3274; x_wconf 82' lang='lat' dir='ltr'><strong>potest</strong></span> <span class='ocrx_word' id='word_1_169' title='bbox 1094 3222 1108 3259; x_wconf 90' lang='lat'><strong>:</strong></span> <span class='ocrx_word' id='word_1_170' title='bbox 1130 3204 1223 3260; x_wconf 89' lang='lat' dir='ltr'><strong>sed</strong></span> <span class='ocrx_word' id='word_1_171' title='bbox 1246 3203 1388 3259; x_wconf 89' lang='lat' dir='ltr'><strong>illius</strong></span> <span class='ocrx_word' id='word_1_172' title='bbox 1417 3203 1717 3258; x_wconf 85' lang='lat' dir='ltr'><strong>nodationis</strong></span> <span class='ocrx_word' id='word_1_173' title='bbox 1737 3210 1920 3257; x_wconf 82' lang='lat' dir='ltr'><strong>aucto-</strong></span> 
     </span>
    </p>
   </div>
   <div class='ocr_carea' id='block_1_27' title="bbox 322 3298 1920 3378">
    <p class='ocr_par' dir='ltr' id='par_1_27' title="bbox 322 3298 1920 3378">
     <span class='ocr_line' id='line_1_27' title="bbox 322 3298 1920 3378; baseline -0.01 -13"><span class='ocrx_word' id='word_1_174' title='bbox 322 3325 420 3365; x_wconf 82' lang='lat' dir='ltr'><strong>res</strong></span> <span class='ocrx_word' id='word_1_175' title='bbox 447 3308 651 3364; x_wconf 80' lang='lat' dir='ltr'><strong>luerunt</strong></span> <span class='ocrx_word' id='word_1_176' title='bbox 677 3308 711 3363; x_wconf 90' lang='lat' dir='ltr'><strong>ii</strong></span> <span class='ocrx_word' id='word_1_177' title='bbox 731 3349 748 3375; x_wconf 93' lang='lat'><strong>,</strong></span> <span class='ocrx_word' id='word_1_178' title='bbox 780 3307 868 3378; x_wconf 90' lang='lat' dir='ltr'><strong>qui</strong></span> <span class='ocrx_word' id='word_1_179' title='bbox 898 3305 1058 3361; x_wconf 85' lang='lat' dir='ltr'><strong>hodie</strong></span> <span class='ocrx_word' id='word_1_180' title='bbox 1100 3309 1310 3361; x_wconf 89' lang='lat' dir='ltr'><strong>tantum</strong></span> <span class='ocrx_word' id='word_1_181' title='bbox 1353 3299 1661 3359; x_wconf 74' lang='lat' dir='ltr'><strong>adfuerunt,</strong></span> <span class='ocrx_word' id='word_1_182' title='bbox 1688 3298 1780 3366; x_wconf 87' lang='lat' dir='ltr'><strong>qui</strong></span> <span class='ocrx_word' id='word_1_183' title='bbox 1811 3310 1920 3351; x_wconf 92' lang='lat' dir='ltr'><strong>non</strong></span> 
     </span>
    </p>
   </div>
   <div class='ocr_carea' id='block_1_28' title="bbox 321 3393 1921 3476">
    <p class='ocr_par' dir='ltr' id='par_1_28' title="bbox 321 3393 1921 3476">
     <span class='ocr_line' id='line_1_28' title="bbox 321 3393 1921 3476; baseline -0.007 -21"><span class='ocrx_word' id='word_1_184' title='bbox 321 3412 587 3476; x_wconf 77' lang='lat' dir='ltr'><strong>perpetuo</strong></span> <span class='ocrx_word' id='word_1_185' title='bbox 611 3411 833 3456; x_wconf 89' lang='lat' dir='ltr'><strong>matrem</strong></span> <span class='ocrx_word' id='word_1_186' title='bbox 862 3401 1138 3470; x_wconf 89' lang='lat' dir='ltr'><strong>obtegunt.</strong></span> <span class='ocrx_word' id='word_1_187' title='bbox 1161 3396 1423 3451; x_wconf 70' lang='lat' dir='ltr'><strong>Cmterum</strong></span> <span class='ocrx_word' id='word_1_188' title='bbox 1445 3408 1551 3449; x_wconf 90' lang='lat' dir='ltr'><strong>non</strong></span> <span class='ocrx_word' id='word_1_189' title='bbox 1579 3393 1921 3448; x_wconf 88' lang='lat' dir='ltr'><strong>mediocriter</strong></span> 
     </span>
    </p>
   </div>
   <div class='ocr_carea' id='block_1_29' title="bbox 325 3483 1920 3564">
    <p class='ocr_par' dir='ltr' id='par_1_29' title="bbox 325 3483 1920 3564">
     <span class='ocr_line' id='line_1_29' title="bbox 325 3483 1920 3564; baseline -0.008 -17"><span class='ocrx_word' id='word_1_190' title='bbox 325 3495 687 3564; x_wconf 81' lang='lat' dir='ltr'><strong>periculosum</strong></span> <span class='ocrx_word' id='word_1_191' title='bbox 714 3506 832 3546; x_wconf 89' lang='lat' dir='ltr'><strong>esse</strong></span> <span class='ocrx_word' id='word_1_192' title='bbox 860 3490 1051 3545; x_wconf 88' lang='lat' dir='ltr'><strong>nudam</strong></span> <span class='ocrx_word' id='word_1_193' title='bbox 1080 3483 1604 3556; x_wconf 54' lang='lat' dir='ltr'><strong>matrem&#39;negligere</strong></span> <span class='ocrx_word' id='word_1_194' title='bbox 1644 3483 1813 3554; x_wconf 85' lang='lat' dir='ltr'><strong>probe</strong></span> <span class='ocrx_word' id='word_1_195' title='bbox 1838 3485 1920 3536; x_wconf 91' lang='lat' dir='ltr'><strong>in-</strong></span> 
     </span>
    </p>
   </div>
   <div class='ocr_carea' id='block_1_30' title="bbox 325 3573 1921 3657">
    <p class='ocr_par' dir='ltr' id='par_1_30' title="bbox 325 3573 1921 3657">
     <span class='ocr_line' id='line_1_30' title="bbox 325 3573 1921 3657; baseline -0.008 -16"><span class='ocrx_word' id='word_1_196' title='bbox 325 3588 634 3657; x_wconf 89' lang='lat' dir='ltr'><strong>telligemus</strong></span> <span class='ocrx_word' id='word_1_197' title='bbox 656 3625 672 3650; x_wconf 94' lang='lat'><strong>,</strong></span> <span class='ocrx_word' id='word_1_198' title='bbox 701 3584 745 3639; x_wconf 91' lang='lat' dir='ltr'><strong>si</strong></span> <span class='ocrx_word' id='word_1_199' title='bbox 772 3583 967 3638; x_wconf 88' lang='lat' dir='ltr'><strong>veteris</strong></span> <span class='ocrx_word' id='word_1_200' title='bbox 1012 3579 1249 3635; x_wconf 80' lang='lat' dir='ltr'><strong>historiae</strong></span> <span class='ocrx_word' id='word_1_201' title='bbox 1289 3576 1663 3640; x_wconf 89' lang='lat' dir='ltr'><strong>recordemur;</strong></span> <span class='ocrx_word' id='word_1_202' title='bbox 1694 3575 1745 3646; x_wconf 34' lang='lat' dir='ltr'><strong>si.</strong></span> <span class='ocrx_word' id='word_1_203' title='bbox 1782 3573 1921 3628; x_wconf 91' lang='lat' dir='ltr'><strong>illius</strong></span> 
     </span>
    </p>
   </div>
   <div class='ocr_carea' id='block_1_31' title="bbox 323 3664 1922 3750">
    <p class='ocr_par' dir='ltr' id='par_1_31' title="bbox 323 3664 1922 3750">
     <span class='ocr_line' id='line_1_31' title="bbox 323 3664 1922 3750; baseline -0.009 -17"><span class='ocrx_word' id='word_1_204' title='bbox 323 3678 425 3750; x_wconf 91' lang='lat' dir='ltr'><strong>qui</strong></span> <span class='ocrx_word' id='word_1_205' title='bbox 471 3686 742 3747; x_wconf 87' lang='lat' dir='ltr'><strong>parentem</strong></span> <span class='ocrx_word' id='word_1_206' title='bbox 784 3673 980 3728; x_wconf 91' lang='lat' dir='ltr'><strong>nudum</strong></span> <span class='ocrx_word' id='word_1_207' title='bbox 1019 3670 1185 3736; x_wconf 88' lang='lat' dir='ltr'><strong>vidit,</strong></span> <span class='ocrx_word' id='word_1_208' title='bbox 1215 3667 1594 3732; x_wconf 80' lang='lat' dir='ltr'><strong>recordemur,</strong></span> <span class='ocrx_word' id='word_1_209' title='bbox 1623 3674 1676 3720; x_wconf 88' lang='lat' dir='ltr'><strong>et</strong></span> <span class='ocrx_word' id='word_1_210' title='bbox 1700 3664 1922 3720; x_wconf 83' lang='lat' dir='ltr'><strong>visionis</strong></span> 
     </span>
    </p>
   </div>
   <div class='ocr_carea' id='block_1_32' title="bbox 323 3754 1923 3841">
    <p class='ocr_par' dir='ltr' id='par_1_32' title="bbox 323 3754 1923 3841">
     <span class='ocr_line' id='line_1_32' title="bbox 323 3754 1923 3841; baseline -0.012 -11"><span class='ocrx_word' id='word_1_211' title='bbox 323 3773 477 3830; x_wconf 87' lang='lat' dir='ltr'><strong>illius</strong></span> <span class='ocrx_word' id='word_1_212' title='bbox 501 3783 687 3841; x_wconf 64' lang='lat' dir='ltr'><strong>poenas</strong></span> <span class='ocrx_word' id='word_1_213' title='bbox 714 3767 859 3823; x_wconf 84' lang='lat' dir='ltr'><strong>dedit</strong></span> <span class='ocrx_word' id='word_1_214' title='bbox 885 3764 1038 3836; x_wconf 83' lang='lat' dir='ltr'><strong>(Gen.</strong></span> <span class='ocrx_word' id='word_1_215' title='bbox 1058 3763 1111 3819; x_wconf 89' lang='lat'><strong>9.</strong></span> <span class='ocrx_word' id='word_1_216' title='bbox 1141 3762 1231 3817; x_wconf 70' lang='lat'><strong>21.</strong></span> <span class='ocrx_word' id='word_1_217' title='bbox 1256 3754 1393 3832; x_wconf 70' lang='lat' dir='ltr'><strong>sqq.)</strong></span> <span class='ocrx_word' id='word_1_218' title='bbox 1420 3774 1435 3813; x_wconf 89' lang='lat'><strong>:</strong></span> <span class='ocrx_word' id='word_1_219' title='bbox 1467 3757 1675 3813; x_wconf 84' lang='lat' dir='ltr'><strong>tametsi</strong></span> <span class='ocrx_word' id='word_1_220' title='bbox 1704 3771 1808 3812; x_wconf 91' lang='lat' dir='ltr'><strong>non</strong></span> <span class='ocrx_word' id='word_1_221' title='bbox 1836 3756 1923 3811; x_wconf 89' lang='lat' dir='ltr'><strong>ille</strong></span> 
     </span>
    </p>
   </div>
   <div class='ocr_carea' id='block_1_33' title="bbox 325 3849 1924 3934">
    <p class='ocr_par' dir='ltr' id='par_1_33' title="bbox 325 3849 1924 3934">
     <span class='ocr_line' id='line_1_33' title="bbox 325 3849 1924 3934; baseline -0.011 -17"><span class='ocrx_word' id='word_1_222' title='bbox 325 3862 547 3934; x_wconf 89' lang='lat' dir='ltr'><strong>quidem</strong></span> <span class='ocrx_word' id='word_1_223' title='bbox 578 3869 783 3931; x_wconf 85' lang='lat' dir='ltr'><strong>patrem</strong></span> <span class='ocrx_word' id='word_1_224' title='bbox 816 3857 1013 3913; x_wconf 88' lang='lat' dir='ltr'><strong>nudum</strong></span> <span class='ocrx_word' id='word_1_225' title='bbox 1054 3852 1318 3917; x_wconf 90' lang='lat' dir='ltr'><strong>reddidit,</strong></span> <span class='ocrx_word' id='word_1_226' title='bbox 1349 3851 1443 3906; x_wconf 91' lang='lat' dir='ltr'><strong>sed</strong></span> <span class='ocrx_word' id='word_1_227' title='bbox 1467 3849 1598 3905; x_wconf 89' lang='lat' dir='ltr'><strong>vidit</strong></span> <span class='ocrx_word' id='word_1_228' title='bbox 1620 3849 1796 3904; x_wconf 88' lang='lat' dir='ltr'><strong>solum</strong></span> <span class='ocrx_word' id='word_1_229' title='bbox 1827 3864 1924 3917; x_wconf 81' lang='lat' dir='ltr'><strong>pa-</strong></span> 
     </span>
    </p>
   </div>
   <div class='ocr_carea' id='block_1_34' title="bbox 328 3938 1921 4019">
    <p class='ocr_par' dir='ltr' id='par_1_34' title="bbox 328 3938 1921 4019">
     <span class='ocr_line' id='line_1_34' title="bbox 328 3938 1921 4019; baseline -0.013 -8"><span class='ocrx_word' id='word_1_230' title='bbox 328 3964 507 4019; x_wconf 90' lang='lat' dir='ltr'><strong>trem,</strong></span> <span class='ocrx_word' id='word_1_231' title='bbox 526 3967 646 4007; x_wconf 92' lang='lat' dir='ltr'><strong>com</strong></span> <span class='ocrx_word' id='word_1_232' title='bbox 677 3949 849 4005; x_wconf 90' lang='lat' dir='ltr'><strong>nudos</strong></span> <span class='ocrx_word' id='word_1_233' title='bbox 873 3956 1052 4014; x_wconf 86' lang='lat' dir='ltr'><strong>esset,</strong></span> <span class='ocrx_word' id='word_1_234' title='bbox 1076 3953 1131 4002; x_wconf 88' lang='lat' dir='ltr'><strong>et</strong></span> <span class='ocrx_word' id='word_1_235' title='bbox 1160 3958 1226 3999; x_wconf 92' lang='lat' dir='ltr'><strong>ne</strong></span> <span class='ocrx_word' id='word_1_236' title='bbox 1256 3944 1335 3998; x_wconf 88' lang='lat' dir='ltr'><strong>sic</strong></span> <span class='ocrx_word' id='word_1_237' title='bbox 1362 3940 1575 4012; x_wconf 87' lang='lat' dir='ltr'><strong>quidem</strong></span> <span class='ocrx_word' id='word_1_238' title='bbox 1603 3938 1921 4009; x_wconf 88' lang='lat' dir='ltr'><strong>supplicium</strong></span> 
     </span>
    </p>
   </div>
   <div class='ocr_carea' id='block_1_35' title="bbox 327 4031 1921 4115">
    <p class='ocr_par' dir='ltr' id='par_1_35' title="bbox 327 4031 1921 4115">
     <span class='ocr_line' id='line_1_35' title="bbox 327 4031 1921 4115; baseline -0.009 -15"><span class='ocrx_word' id='word_1_239' title='bbox 327 4044 540 4115; x_wconf 70' lang='lat' dir='ltr'><strong>eﬂugit,</strong></span> <span class='ocrx_word' id='word_1_240' title='bbox 567 4043 688 4113; x_wconf 87' lang='lat' dir='ltr'><strong>quia</strong></span> <span class='ocrx_word' id='word_1_241' title='bbox 709 4041 838 4097; x_wconf 89' lang='lat' dir='ltr'><strong>vidit</strong></span> <span class='ocrx_word' id='word_1_242' title='bbox 856 4041 1049 4104; x_wconf 83' lang='lat' dir='ltr'><strong>solum;</strong></span> <span class='ocrx_word' id='word_1_243' title='bbox 1069 4047 1125 4092; x_wconf 86' lang='lat' dir='ltr'><strong>at</strong></span> <span class='ocrx_word' id='word_1_244' title='bbox 1149 4036 1239 4108; x_wconf 88' lang='lat' dir='ltr'><strong>qui</strong></span> <span class='ocrx_word' id='word_1_245' title='bbox 1262 4034 1458 4089; x_wconf 87' lang='lat' dir='ltr'><strong>adsunt</strong></span> <span class='ocrx_word' id='word_1_246' title='bbox 1484 4031 1664 4099; x_wconf 89' lang='lat' dir='ltr'><strong>hodie,</strong></span> <span class='ocrx_word' id='word_1_247' title='bbox 1683 4041 1739 4087; x_wconf 86' lang='lat' dir='ltr'><strong>et</strong></span> <span class='ocrx_word' id='word_1_248' title='bbox 1763 4039 1921 4086; x_wconf 86' lang='lat' dir='ltr'><strong>antea</strong></span> 
     </span>
    </p>
   </div>
   <div class='ocr_carea' id='block_1_36' title="bbox 331 4121 1921 4195">
    <p class='ocr_par' dir='ltr' id='par_1_36' title="bbox 331 4121 1921 4195">
     <span class='ocr_line' id='line_1_36' title="bbox 331 4121 1921 4195; baseline -0.009 -3"><span class='ocrx_word' id='word_1_249' title='bbox 331 4152 444 4192; x_wconf 88' lang='lat' dir='ltr'><strong>non</strong></span> <span class='ocrx_word' id='word_1_250' title='bbox 475 4134 779 4195; x_wconf 82' lang='lat' dir='ltr'><strong>adfuerunt,</strong></span> <span class='ocrx_word' id='word_1_251' title='bbox 812 4147 917 4186; x_wconf 92' lang='lat' dir='ltr'><strong>non</strong></span> <span class='ocrx_word' id='word_1_252' title='bbox 948 4129 1142 4185; x_wconf 90' lang='lat' dir='ltr'><strong>nudam</strong></span> <span class='ocrx_word' id='word_1_253' title='bbox 1173 4134 1400 4182; x_wconf 87' lang='lat' dir='ltr'><strong>matrem</strong></span> <span class='ocrx_word' id='word_1_254' title='bbox 1427 4121 1797 4190; x_wconf 80' lang='lat' dir='ltr'><strong>eernont,sed</strong></span> <span class='ocrx_word' id='word_1_255' title='bbox 1825 4137 1921 4177; x_wconf 78' lang='lat' dir='ltr'><strong>nu-</strong></span> 
     </span>
    </p>
   </div>
   <div class='ocr_carea' id='block_1_37' title="bbox 329 4212 1927 4298">
    <p class='ocr_par' dir='ltr' id='par_1_37' title="bbox 329 4212 1927 4298">
     <span class='ocr_line' id='line_1_37' title="bbox 329 4212 1927 4298; baseline -0.009 -14"><span class='ocrx_word' id='word_1_256' title='bbox 329 4231 459 4284; x_wconf 78' lang='lat' dir='ltr'><strong>dam</strong></span> <span class='ocrx_word' id='word_1_257' title='bbox 482 4229 649 4298; x_wconf 83' lang='lat' dir='ltr'><strong>ipsam</strong></span> <span class='ocrx_word' id='word_1_258' title='bbox 674 4226 928 4283; x_wconf 81' lang='lat' dir='ltr'><strong>el‘ilciunt.</strong></span> <span class='ocrx_word' id='word_1_259' title='bbox 956 4220 1106 4292; x_wconf 87' lang='lat' dir='ltr'><strong>Quod</strong></span> <span class='ocrx_word' id='word_1_260' title='bbox 1137 4221 1181 4276; x_wconf 91' lang='lat' dir='ltr'><strong>si</strong></span> <span class='ocrx_word' id='word_1_261' title='bbox 1206 4222 1250 4275; x_wconf 90' lang='lat' dir='ltr'><strong>is</strong></span> <span class='ocrx_word' id='word_1_262' title='bbox 1275 4212 1367 4289; x_wconf 86' lang='lat' dir='ltr'><strong>qui</strong></span> <span class='ocrx_word' id='word_1_263' title='bbox 1396 4216 1697 4272; x_wconf 84' lang='lat' dir='ltr'><strong>nodationis</strong></span> <span class='ocrx_word' id='word_1_264' title='bbox 1717 4222 1927 4285; x_wconf 73' lang='lat' dir='ltr'><strong>Specta-</strong></span> 
     </span>
    </p>
   </div>
   <div class='ocr_carea' id='block_1_38' title="bbox 331 4306 1928 4388">
    <p class='ocr_par' dir='ltr' id='par_1_38' title="bbox 331 4306 1928 4388">
     <span class='ocr_line' id='line_1_38' title="bbox 331 4306 1928 4388; baseline -0.008 -14"><span class='ocrx_word' id='word_1_265' title='bbox 331 4329 427 4376; x_wconf 88' lang='lat' dir='ltr'><strong>tor</strong></span> <span class='ocrx_word' id='word_1_266' title='bbox 453 4318 566 4386; x_wconf 85' lang='lat' dir='ltr'><strong>luit,</strong></span> <span class='ocrx_word' id='word_1_267' title='bbox 599 4316 910 4388; x_wconf 88' lang='lat' dir='ltr'><strong>supplicium</strong></span> <span class='ocrx_word' id='word_1_268' title='bbox 941 4329 1049 4368; x_wconf 89' lang='lat' dir='ltr'><strong>non</strong></span> <span class='ocrx_word' id='word_1_269' title='bbox 1075 4310 1322 4375; x_wconf 84' lang='lat' dir='ltr'><strong>evitavit;</strong></span> <span class='ocrx_word' id='word_1_270' title='bbox 1351 4309 1441 4380; x_wconf 87' lang='lat' dir='ltr'><strong>qui</strong></span> <span class='ocrx_word' id='word_1_271' title='bbox 1471 4306 1774 4363; x_wconf 89' lang='lat' dir='ltr'><strong>nodationis</strong></span> <span class='ocrx_word' id='word_1_272' title='bbox 1800 4315 1928 4362; x_wconf 86' lang='lat' dir='ltr'><strong>sunt</strong></span> 
     </span>
    </p>
   </div>
   <div class='ocr_carea' id='block_1_39' title="bbox 329 4396 1925 4478">
    <p class='ocr_par' dir='ltr' id='par_1_39' title="bbox 329 4396 1925 4478">
     <span class='ocr_line' id='line_1_39' title="bbox 329 4396 1925 4478; baseline -0.007 -14"><span class='ocrx_word' id='word_1_273' title='bbox 329 4418 623 4472; x_wconf 87' lang='lat' dir='ltr'><strong>auctores,</strong></span> <span class='ocrx_word' id='word_1_274' title='bbox 653 4422 808 4478; x_wconf 87' lang='lat' dir='ltr'><strong>quam</strong></span> <span class='ocrx_word' id='word_1_275' title='bbox 851 4403 1065 4460; x_wconf 89' lang='lat' dir='ltr'><strong>tandem</strong></span> <span class='ocrx_word' id='word_1_276' title='bbox 1112 4401 1325 4455; x_wconf 85' lang='lat' dir='ltr'><strong>veniam</strong></span> <span class='ocrx_word' id='word_1_277' title='bbox 1366 4396 1757 4455; x_wconf 80' lang='lat' dir='ltr'><strong>merebuntur?</strong></span> <span class='ocrx_word' id='word_1_278' title='bbox 1799 4396 1925 4453; x_wconf 67' lang='lat' dir='ltr'><strong>limo</strong></span> 
     </span>
    </p>
   </div>
   <div class='ocr_carea' id='block_1_40' title="bbox 330 4486 1926 4564">
    <p class='ocr_par' dir='ltr' id='par_1_40' title="bbox 330 4486 1926 4564">
     <span class='ocr_line' id='line_1_40' title="bbox 330 4486 1926 4564; baseline -0.008 -11"><span class='ocrx_word' id='word_1_279' title='bbox 330 4515 468 4556; x_wconf 74' lang='lat' dir='ltr'><strong>vero</strong></span> <span class='ocrx_word' id='word_1_280' title='bbox 492 4498 613 4554; x_wconf 90' lang='lat' dir='ltr'><strong>dico</strong></span> <span class='ocrx_word' id='word_1_281' title='bbox 641 4514 746 4553; x_wconf 91' lang='lat' dir='ltr'><strong>non</strong></span> <span class='ocrx_word' id='word_1_282' title='bbox 773 4508 829 4551; x_wconf 91' lang='lat' dir='ltr'><strong>ut</strong></span> <span class='ocrx_word' id='word_1_283' title='bbox 851 4511 946 4550; x_wconf 90' lang='lat' dir='ltr'><strong>eos</strong></span> <span class='ocrx_word' id='word_1_284' title='bbox 973 4491 1256 4564; x_wconf 87' lang='lat' dir='ltr'><strong>percellam</strong></span> <span class='ocrx_word' id='word_1_285' title='bbox 1276 4532 1291 4557; x_wconf 92' lang='lat'><strong>,</strong></span> <span class='ocrx_word' id='word_1_286' title='bbox 1321 4490 1415 4547; x_wconf 86' lang='lat' dir='ltr'><strong>sed</strong></span> <span class='ocrx_word' id='word_1_287' title='bbox 1443 4496 1499 4545; x_wconf 86' lang='lat' dir='ltr'><strong>ut</strong></span> <span class='ocrx_word' id='word_1_288' title='bbox 1533 4499 1748 4561; x_wconf 64' lang='lat' dir='ltr'><strong>poenam</strong></span> <span class='ocrx_word' id='word_1_289' title='bbox 1788 4486 1926 4542; x_wconf 81' lang='lat' dir='ltr'><strong>cﬂ‘u-</strong></span> 
     </span>
    </p>
   </div>
   <div class='ocr_carea' id='block_1_41' title="bbox 331 4579 1925 4663">
    <p class='ocr_par' dir='ltr' id='par_1_41' title="bbox 331 4579 1925 4663">
     <span class='ocr_line' id='line_1_41' title="bbox 331 4579 1925 4663; baseline -0.007 -19"><span class='ocrx_word' id='word_1_290' title='bbox 331 4604 548 4663; x_wconf 69' lang='lat' dir='ltr'><strong>grauius</strong></span> <span class='ocrx_word' id='word_1_291' title='bbox 568 4631 583 4654; x_wconf 94' lang='lat'><strong>,</strong></span> <span class='ocrx_word' id='word_1_292' title='bbox 612 4596 672 4644; x_wconf 89' lang='lat' dir='ltr'><strong>ut</strong></span> <span class='ocrx_word' id='word_1_293' title='bbox 694 4585 1123 4643; x_wconf 83' lang='lat' dir='ltr'><strong>maledictionem</strong></span> <span class='ocrx_word' id='word_1_294' title='bbox 1145 4582 1312 4639; x_wconf 88' lang='lat' dir='ltr'><strong>Cham</strong></span> <span class='ocrx_word' id='word_1_295' title='bbox 1351 4580 1682 4653; x_wconf 69' lang='lat' dir='ltr'><strong>etiogiamus,</strong></span> <span class='ocrx_word' id='word_1_296' title='bbox 1713 4587 1773 4635; x_wconf 91' lang='lat' dir='ltr'><strong>ot</strong></span> <span class='ocrx_word' id='word_1_297' title='bbox 1798 4579 1925 4634; x_wconf 78' lang='lat' dir='ltr'><strong>Sem</strong></span> 
     </span>
    </p>
   </div>
   <div class='ocr_carea' id='block_1_42' title="bbox 334 4674 1927 4750">
    <p class='ocr_par' dir='ltr' id='par_1_42' title="bbox 334 4674 1927 4750">
     <span class='ocr_line' id='line_1_42' title="bbox 334 4674 1927 4750; baseline -0.009 -12"><span class='ocrx_word' id='word_1_298' title='bbox 334 4690 393 4738; x_wconf 86' lang='lat' dir='ltr'><strong>et</strong></span> <span class='ocrx_word' id='word_1_299' title='bbox 423 4678 652 4750; x_wconf 82' lang='lat' dir='ltr'><strong>Japheth</strong></span> <span class='ocrx_word' id='word_1_300' title='bbox 687 4676 1111 4734; x_wconf 86' lang='lat' dir='ltr'><strong>benevolentiam</strong></span> <span class='ocrx_word' id='word_1_301' title='bbox 1147 4674 1417 4729; x_wconf 89' lang='lat' dir='ltr'><strong>imitemur</strong></span> <span class='ocrx_word' id='word_1_302' title='bbox 1439 4713 1453 4739; x_wconf 93' lang='lat'><strong>,</strong></span> <span class='ocrx_word' id='word_1_303' title='bbox 1485 4686 1549 4727; x_wconf 86' lang='lat' dir='ltr'><strong>ac</strong></span> <span class='ocrx_word' id='word_1_304' title='bbox 1571 4679 1797 4727; x_wconf 86' lang='lat' dir='ltr'><strong>matrem</strong></span> <span class='ocrx_word' id='word_1_305' title='bbox 1827 4683 1927 4725; x_wconf 89' lang='lat' dir='ltr'><strong>nos</strong></span> 
     </span>
    </p>
   </div>
   <div class='ocr_carea' id='block_1_43' title="bbox 334 4760 1929 4845">
    <p class='ocr_par' dir='ltr' id='par_1_43' title="bbox 334 4760 1929 4845">
     <span class='ocr_line' id='line_1_43' title="bbox 334 4760 1929 4845; baseline -0.006 -19"><span class='ocrx_word' id='word_1_306' title='bbox 334 4786 554 4845; x_wconf 86' lang='lat' dir='ltr'><strong>quoque</strong></span> <span class='ocrx_word' id='word_1_307' title='bbox 595 4779 832 4825; x_wconf 88' lang='lat' dir='ltr'><strong>nostram</strong></span> <span class='ocrx_word' id='word_1_308' title='bbox 875 4782 1089 4838; x_wconf 88' lang='lat' dir='ltr'><strong>semper</strong></span> <span class='ocrx_word' id='word_1_309' title='bbox 1126 4764 1458 4835; x_wconf 84' lang='lat' dir='ltr'><strong>obtegamus.</strong></span> <span class='ocrx_word' id='word_1_310' title='bbox 1494 4760 1701 4818; x_wconf 84' lang='lat' dir='ltr'><strong>Jodaici</strong></span> <span class='ocrx_word' id='word_1_311' title='bbox 1737 4775 1929 4817; x_wconf 87' lang='lat' dir='ltr'><strong>sensus</strong></span> 
     </span>
    </p>
   </div>
   <div class='ocr_carea' id='block_1_44' title="bbox 336 4853 1928 4928">
    <p class='ocr_par' dir='ltr' id='par_1_44' title="bbox 336 4853 1928 4928">
     <span class='ocr_line' id='line_1_44' title="bbox 336 4853 1928 4928; baseline -0.009 -7"><span class='ocrx_word' id='word_1_312' title='bbox 336 4877 423 4921; x_wconf 89' lang='lat' dir='ltr'><strong>est</strong></span> <span class='ocrx_word' id='word_1_313' title='bbox 457 4872 538 4919; x_wconf 89' lang='lat' dir='ltr'><strong>ter</strong></span> <span class='ocrx_word' id='word_1_314' title='bbox 564 4864 619 4917; x_wconf 89' lang='lat' dir='ltr'><strong>in</strong></span> <span class='ocrx_word' id='word_1_315' title='bbox 644 4875 784 4916; x_wconf 87' lang='lat' dir='ltr'><strong>anno</strong></span> <span class='ocrx_word' id='word_1_316' title='bbox 809 4869 1010 4914; x_wconf 90' lang='lat' dir='ltr'><strong>tantum</strong></span> <span class='ocrx_word' id='word_1_317' title='bbox 1036 4872 1292 4928; x_wconf 87' lang='lat' dir='ltr'><strong>apparere</strong></span> <span class='ocrx_word' id='word_1_318' title='bbox 1318 4857 1429 4911; x_wconf 91' lang='lat' dir='ltr'><strong>Deo</strong></span> <span class='ocrx_word' id='word_1_319' title='bbox 1453 4874 1467 4910; x_wconf 91' lang='lat'><strong>:</strong></span> <span class='ocrx_word' id='word_1_320' title='bbox 1490 4854 1557 4909; x_wconf 89' lang='lat' dir='ltr'><strong>ad</strong></span> <span class='ocrx_word' id='word_1_321' title='bbox 1586 4854 1704 4908; x_wconf 90' lang='lat' dir='ltr'><strong>illos</strong></span> <span class='ocrx_word' id='word_1_322' title='bbox 1727 4853 1928 4908; x_wconf 89' lang='lat' dir='ltr'><strong>dictum</strong></span> 
     </span>
    </p>
   </div>
   <div class='ocr_carea' id='block_1_45' title="bbox 336 4943 1926 5022">
    <p class='ocr_par' dir='ltr' id='par_1_45' title="bbox 336 4943 1926 5022">
     <span class='ocr_line' id='line_1_45' title="bbox 336 4943 1926 5022; baseline -0.008 -12"><span class='ocrx_word' id='word_1_323' title='bbox 336 4964 425 5010; x_wconf 80' lang='lat' dir='ltr'><strong>est</strong></span> <span class='ocrx_word' id='word_1_324' title='bbox 454 4972 468 5008; x_wconf 89' lang='lat'><strong>:</strong></span> <span class='ocrx_word' id='word_1_325' title='bbox 494 4951 591 5008; x_wconf 81' lang='lat' dir='ltr'><strong>Ter</strong></span> <span class='ocrx_word' id='word_1_326' title='bbox 610 4953 664 5007; x_wconf 87' lang='lat' dir='ltr'><strong>in</strong></span> <span class='ocrx_word' id='word_1_327' title='bbox 682 4967 817 5006; x_wconf 86' lang='lat' dir='ltr'><strong>anno</strong></span> <span class='ocrx_word' id='word_1_328' title='bbox 843 4949 1115 5022; x_wconf 82' lang='lat' dir='ltr'><strong>apparebis</strong></span> <span class='ocrx_word' id='word_1_329' title='bbox 1134 4947 1351 5002; x_wconf 88' lang='lat' dir='ltr'><strong>Domino</strong></span> <span class='ocrx_word' id='word_1_330' title='bbox 1378 4946 1491 5001; x_wconf 80' lang='lat' dir='ltr'><strong>Deo</strong></span> <span class='ocrx_word' id='word_1_331' title='bbox 1516 4955 1600 4999; x_wconf 84' lang='lat' dir='ltr'><strong>tuo</strong></span> <span class='ocrx_word' id='word_1_332' title='bbox 1621 4943 1818 5018; x_wconf 62' lang='lat' dir='ltr'><strong>(Exod.</strong></span> <span class='ocrx_word' id='word_1_333' title='bbox 1835 4943 1926 4999; x_wconf 73' lang='lat'><strong>23.</strong></span> 
     </span>
    </p>
   </div>
   <div class='ocr_carea' id='block_1_46' title="bbox 337 5035 1931 5116">
    <p class='ocr_par' dir='ltr' id='par_1_46' title="bbox 337 5035 1931 5116">
     <span class='ocr_line' id='line_1_46' title="bbox 337 5035 1931 5116; baseline -0.008 -14"><span class='ocrx_word' id='word_1_334' title='bbox 337 5049 432 5116; x_wconf 80' lang='grc' dir='ltr'><strong>Π)</strong></span> <span class='ocrx_word' id='word_1_335' title='bbox 459 5066 471 5100; x_wconf 92' lang='lat'><strong>:</strong></span> <span class='ocrx_word' id='word_1_336' title='bbox 492 5060 592 5100; x_wconf 87' lang='lat' dir='ltr'><strong>nos</strong></span> <span class='ocrx_word' id='word_1_337' title='bbox 610 5054 785 5100; x_wconf 90' lang='lat' dir='ltr'><strong>autem</strong></span> <span class='ocrx_word' id='word_1_338' title='bbox 802 5058 1014 5112; x_wconf 87' lang='lat' dir='ltr'><strong>semper</strong></span> <span class='ocrx_word' id='word_1_339' title='bbox 1027 5042 1127 5097; x_wconf 86' lang='lat' dir='ltr'><strong>sibi</strong></span> <span class='ocrx_word' id='word_1_340' title='bbox 1144 5040 1261 5095; x_wconf 86' lang='lat' dir='ltr'><strong>vult</strong></span> <span class='ocrx_word' id='word_1_341' title='bbox 1285 5040 1425 5095; x_wconf 90' lang='lat' dir='ltr'><strong>Deus</strong></span> <span class='ocrx_word' id='word_1_342' title='bbox 1443 5052 1719 5109; x_wconf 78' lang='lat' dir='ltr'><strong>apparere.</strong></span> <span class='ocrx_word' id='word_1_343' title='bbox 1746 5035 1931 5091; x_wconf 88' lang='lat' dir='ltr'><strong>Enim-</strong></span> 
     </span>
    </p>
   </div>
   <div class='ocr_carea' id='block_1_47' title="bbox 337 5131 1933 5194">
    <p class='ocr_par' dir='ltr' id='par_1_47' title="bbox 337 5131 1933 5194">
     <span class='ocr_line' id='line_1_47' title="bbox 337 5131 1933 5194; baseline -0.006 -2"><span class='ocrx_word' id='word_1_344' title='bbox 337 5153 472 5194; x_wconf 76' lang='lat' dir='ltr'><strong>vero</strong></span> <span class='ocrx_word' id='word_1_345' title='bbox 503 5136 739 5193; x_wconf 85' lang='lat' dir='ltr'><strong>locorum</strong></span> <span class='ocrx_word' id='word_1_346' title='bbox 766 5136 927 5192; x_wconf 88' lang='lat' dir='ltr'><strong>etiam</strong></span> <span class='ocrx_word' id='word_1_347' title='bbox 957 5133 1231 5189; x_wconf 84' lang='lat' dir='ltr'><strong>intervalla</strong></span> <span class='ocrx_word' id='word_1_348' title='bbox 1257 5131 1564 5187; x_wconf 79' lang='lat' dir='ltr'><strong>efﬁciebant</strong></span> <span class='ocrx_word' id='word_1_349' title='bbox 1583 5171 1598 5194; x_wconf 94' lang='lat'><strong>,</strong></span> <span class='ocrx_word' id='word_1_350' title='bbox 1632 5137 1692 5184; x_wconf 84' lang='lat' dir='ltr'><strong>ut</strong></span> <span class='ocrx_word' id='word_1_351' title='bbox 1731 5137 1809 5183; x_wconf 90' lang='lat' dir='ltr'><strong>tot</strong></span> <span class='ocrx_word' id='word_1_352' title='bbox 1840 5143 1933 5185; x_wconf 85' lang='lat' dir='ltr'><strong>so-</strong></span> 
     </span>
    </p>
   </div>
   <div class='ocr_carea' id='block_1_48' title="bbox 341 5221 1931 5297">
    <p class='ocr_par' dir='ltr' id='par_1_48' title="bbox 341 5221 1931 5297">
     <span class='ocr_line' id='line_1_48' title="bbox 341 5221 1931 5297; baseline -0.006 -11"><span class='ocrx_word' id='word_1_353' title='bbox 341 5229 621 5286; x_wconf 89' lang='lat' dir='ltr'><strong>lummodo</strong></span> <span class='ocrx_word' id='word_1_354' title='bbox 654 5238 947 5284; x_wconf 85' lang='lat' dir='ltr'><strong>conventus</strong></span> <span class='ocrx_word' id='word_1_355' title='bbox 988 5226 1064 5282; x_wconf 92' lang='lat' dir='ltr'><strong>illi</strong></span> <span class='ocrx_word' id='word_1_356' title='bbox 1089 5233 1345 5297; x_wconf 87' lang='lat' dir='ltr'><strong>agerent,</strong></span> <span class='ocrx_word' id='word_1_357' title='bbox 1368 5223 1509 5295; x_wconf 90' lang='lat' dir='ltr'><strong>quod</strong></span> <span class='ocrx_word' id='word_1_358' title='bbox 1539 5238 1647 5278; x_wconf 90' lang='lat' dir='ltr'><strong>uno</strong></span> <span class='ocrx_word' id='word_1_359' title='bbox 1673 5232 1783 5278; x_wconf 91' lang='lat' dir='ltr'><strong>tum</strong></span> <span class='ocrx_word' id='word_1_360' title='bbox 1812 5221 1931 5277; x_wconf 90' lang='lat' dir='ltr'><strong>loco</strong></span> 
     </span>
    </p>
   </div>
   <div class='ocr_carea' id='block_1_49' title="bbox 342 5311 1931 5387">
    <p class='ocr_par' dir='ltr' id='par_1_49' title="bbox 342 5311 1931 5387">
     <span class='ocr_line' id='line_1_49' title="bbox 342 5311 1931 5387; baseline -0.006 -9"><span class='ocrx_word' id='word_1_361' title='bbox 342 5324 436 5378; x_wconf 89' lang='lat' dir='ltr'><strong>Dei</strong></span> <span class='ocrx_word' id='word_1_362' title='bbox 465 5322 641 5379; x_wconf 86' lang='lat' dir='ltr'><strong>cultos</strong></span> <span class='ocrx_word' id='word_1_363' title='bbox 664 5319 949 5377; x_wconf 91' lang='lat' dir='ltr'><strong>conclusus</strong></span> <span class='ocrx_word' id='word_1_364' title='bbox 966 5326 1112 5375; x_wconf 88' lang='lat' dir='ltr'><strong>esset</strong></span> <span class='ocrx_word' id='word_1_365' title='bbox 1137 5336 1150 5371; x_wconf 90' lang='lat'><strong>:</strong></span> <span class='ocrx_word' id='word_1_366' title='bbox 1181 5323 1464 5387; x_wconf 89' lang='lat' dir='ltr'><strong>pr0pterea</strong></span> <span class='ocrx_word' id='word_1_367' title='bbox 1493 5329 1617 5370; x_wconf 86' lang='lat' dir='ltr'><strong>raro</strong></span> <span class='ocrx_word' id='word_1_368' title='bbox 1644 5311 1931 5369; x_wconf 85' lang='lat' dir='ltr'><strong>admodum</strong></span> 
     </span>
    </p>
   </div>
   <div class='ocr_carea' id='block_1_50' title="bbox 343 5404 1932 5486">
    <p class='ocr_par' dir='ltr' id='par_1_50' title="bbox 343 5404 1932 5486">
     <span class='ocr_line' id='line_1_50' title="bbox 343 5404 1932 5486; baseline -0.007 -16"><span class='ocrx_word' id='word_1_369' title='bbox 343 5414 654 5486; x_wconf 83' lang='lat' dir='ltr'><strong>congregari</strong></span> <span class='ocrx_word' id='word_1_370' title='bbox 702 5421 948 5484; x_wconf 84' lang='lat' dir='ltr'><strong>poterant</strong></span> <span class='ocrx_word' id='word_1_371' title='bbox 996 5420 1053 5467; x_wconf 90' lang='lat' dir='ltr'><strong>et</strong></span> <span class='ocrx_word' id='word_1_372' title='bbox 1102 5409 1293 5465; x_wconf 86' lang='lat' dir='ltr'><strong>adesse</strong></span> <span class='ocrx_word' id='word_1_373' title='bbox 1338 5425 1352 5462; x_wconf 91' lang='lat'><strong>:</strong></span> <span class='ocrx_word' id='word_1_374' title='bbox 1405 5421 1528 5462; x_wconf 88' lang='lat' dir='ltr'><strong>nam</strong></span> <span class='ocrx_word' id='word_1_375' title='bbox 1584 5404 1932 5477; x_wconf 83' lang='lat' dir='ltr'><strong>Jerosolymis</strong></span> 
     </span>
    </p>
   </div>
   <div class='ocr_carea' id='block_1_51' title="bbox 344 5498 1930 5571">
    <p class='ocr_par' dir='ltr' id='par_1_51' title="bbox 344 5498 1930 5571">
     <span class='ocr_line' id='line_1_51' title="bbox 344 5498 1930 5571; baseline -0.005 -13"><span class='ocrx_word' id='word_1_376' title='bbox 344 5507 573 5560; x_wconf 86' lang='lat' dir='ltr'><strong>adorare</strong></span> <span class='ocrx_word' id='word_1_377' title='bbox 600 5519 819 5559; x_wconf 89' lang='lat' dir='ltr'><strong>necesse</strong></span> <span class='ocrx_word' id='word_1_378' title='bbox 837 5500 940 5559; x_wconf 80' lang='lat' dir='ltr'><strong>fuit</strong></span> <span class='ocrx_word' id='word_1_379' title='bbox 959 5542 976 5569; x_wconf 92' lang='lat'><strong>,</strong></span> <span class='ocrx_word' id='word_1_380' title='bbox 998 5501 1126 5556; x_wconf 88' lang='lat' dir='ltr'><strong>alibi</strong></span> <span class='ocrx_word' id='word_1_381' title='bbox 1154 5515 1490 5571; x_wconf 86' lang='lat' dir='ltr'><strong>nequaquam</strong></span> <span class='ocrx_word' id='word_1_382' title='bbox 1519 5515 1532 5552; x_wconf 90' lang='lat'><strong>:</strong></span> <span class='ocrx_word' id='word_1_383' title='bbox 1564 5498 1762 5553; x_wconf 90' lang='lat' dir='ltr'><strong>idcirco</strong></span> <span class='ocrx_word' id='word_1_384' title='bbox 1792 5511 1930 5567; x_wconf 78' lang='lat' dir='ltr'><strong>pra:-</strong></span> 
     </span>
    </p>
   </div>
   <div class='ocr_carea' id='block_1_52' title="bbox 341 5589 1936 5669">
    <p class='ocr_par' dir='ltr' id='par_1_52' title="bbox 341 5589 1936 5669">
     <span class='ocr_line' id='line_1_52' title="bbox 341 5589 1936 5669; baseline -0.004 -18"><span class='ocrx_word' id='word_1_385' title='bbox 341 5600 486 5669; x_wconf 76' lang='lat' dir='ltr'><strong>cepit</strong></span> <span class='ocrx_word' id='word_1_386' title='bbox 522 5607 583 5653; x_wconf 86' lang='lat' dir='ltr'><strong>ut</strong></span> <span class='ocrx_word' id='word_1_387' title='bbox 626 5606 709 5653; x_wconf 89' lang='lat' dir='ltr'><strong>ter</strong></span> <span class='ocrx_word' id='word_1_388' title='bbox 751 5597 805 5651; x_wconf 92' lang='lat' dir='ltr'><strong>in</strong></span> <span class='ocrx_word' id='word_1_389' title='bbox 842 5611 984 5651; x_wconf 89' lang='lat' dir='ltr'><strong>anno</strong></span> <span class='ocrx_word' id='word_1_390' title='bbox 1026 5594 1137 5650; x_wconf 89' lang='lat' dir='ltr'><strong>Deo</strong></span> <span class='ocrx_word' id='word_1_391' title='bbox 1176 5601 1530 5663; x_wconf 85' lang='lat' dir='ltr'><strong>apparerent,</strong></span> <span class='ocrx_word' id='word_1_392' title='bbox 1561 5599 1619 5646; x_wconf 86' lang='lat' dir='ltr'><strong>et</strong></span> <span class='ocrx_word' id='word_1_393' title='bbox 1647 5589 1936 5645; x_wconf 82' lang='lat' dir='ltr'><strong>excusabat</strong></span> 
     </span>
    </p>
   </div>
   <div class='ocr_carea' id='block_1_53' title="bbox 290 5683 1933 5754">
    <p class='ocr_par' dir='ltr' id='par_1_53' title="bbox 290 5683 1933 5754">
     <span class='ocr_line' id='line_1_53' title="bbox 290 5683 1933 5754; baseline -0.004 -10"><span class='ocrx_word' id='word_1_394' title='bbox 290 5702 297 5711; x_wconf 76' lang='lat'><em>‘</em></span> <span class='ocrx_word' id='word_1_395' title='bbox 345 5706 440 5746; x_wconf 83' lang='lat' dir='ltr'><strong>eos</strong></span> <span class='ocrx_word' id='word_1_396' title='bbox 464 5689 670 5746; x_wconf 86' lang='lat' dir='ltr'><strong>itineris</strong></span> <span class='ocrx_word' id='word_1_397' title='bbox 695 5688 1053 5754; x_wconf 84' lang='lat' dir='ltr'><strong>intervallum;</strong></span> <span class='ocrx_word' id='word_1_398' title='bbox 1083 5701 1182 5744; x_wconf 86' lang='lat' dir='ltr'><strong>nos</strong></span> <span class='ocrx_word' id='word_1_399' title='bbox 1203 5701 1328 5742; x_wconf 87' lang='lat' dir='ltr'><strong>vero</strong></span> <span class='ocrx_word' id='word_1_400' title='bbox 1349 5685 1554 5741; x_wconf 89' lang='lat' dir='ltr'><strong>nullum</strong></span> <span class='ocrx_word' id='word_1_401' title='bbox 1573 5683 1933 5738; x_wconf 74' lang='lat' dir='ltr'><strong>excusationis</strong></span> 
     </span>
    </p>
   </div>
   <div class='ocr_carea' id='block_1_54' title="bbox 345 5773 1931 5851">
    <p class='ocr_par' dir='ltr' id='par_1_54' title="bbox 345 5773 1931 5851">
     <span class='ocr_line' id='line_1_54' title="bbox 345 5773 1931 5851; baseline -0.004 -15"><span class='ocrx_word' id='word_1_402' title='bbox 345 5798 513 5851; x_wconf 83' lang='lat' dir='ltr'><strong>genus</strong></span> <span class='ocrx_word' id='word_1_403' title='bbox 529 5790 686 5851; x_wconf 75' lang='lat' dir='ltr'><strong>teget.</strong></span> <span class='ocrx_word' id='word_1_404' title='bbox 711 5783 885 5849; x_wconf 80' lang='lat' dir='ltr'><strong>Atque</strong></span> <span class='ocrx_word' id='word_1_405' title='bbox 906 5780 981 5834; x_wconf 89' lang='lat' dir='ltr'><strong>illi</strong></span> <span class='ocrx_word' id='word_1_406' title='bbox 997 5779 1210 5850; x_wconf 84' lang='lat' dir='ltr'><strong>quidem</strong></span> <span class='ocrx_word' id='word_1_407' title='bbox 1235 5778 1428 5846; x_wconf 88' lang='lat' dir='ltr'><strong>ubique</strong></span> <span class='ocrx_word' id='word_1_408' title='bbox 1448 5777 1683 5830; x_wconf 89' lang='lat' dir='ltr'><strong>locorum</strong></span> <span class='ocrx_word' id='word_1_409' title='bbox 1703 5773 1931 5842; x_wconf 73' lang='lat' dir='ltr'><strong>diepersi</strong></span> 
     </span>
    </p>
   </div>
   <div class='ocr_carea' id='block_1_55' title="bbox 411 5864 1936 5931">
    <p class='ocr_par' dir='ltr' id='par_1_55' title="bbox 411 5864 1936 5931">
     <span class='ocr_line' id='line_1_55' title="bbox 411 5864 1936 5931; baseline -0.002 -12"><span class='ocrx_word' id='word_1_410' title='bbox 411 5875 479 5930; x_wconf 72' lang='lat' dir='ltr'><strong>tu)</strong></span> <span class='ocrx_word' id='word_1_411' title='bbox 510 5871 685 5921; x_wconf 70' lang='lat' dir='ltr'><strong>foliata</strong></span> <span class='ocrx_word' id='word_1_412' title='bbox 706 5870 970 5921; x_wconf 76' lang='lat' dir='ltr'><strong>etunmdd.</strong></span> <span class='ocrx_word' id='word_1_413' title='bbox 989 5877 1139 5931; x_wconf 76' lang='lat' dir='ltr'><strong>ltegg.</strong></span> <span class='ocrx_word' id='word_1_414' title='bbox 1162 5868 1305 5926; x_wconf 72' lang='lat'><strong>2027,</strong></span> <span class='ocrx_word' id='word_1_415' title='bbox 1330 5868 1472 5931; x_wconf 56' lang='lat'><strong>2&amp;4.</strong></span> <span class='ocrx_word' id='word_1_416' title='bbox 1495 5875 1544 5916; x_wconf 81' lang='lat' dir='ltr'><strong>et</strong></span> <span class='ocrx_word' id='word_1_417' title='bbox 1562 5864 1773 5917; x_wconf 81' lang='lat' dir='ltr'><strong>Colhert.</strong></span> <span class='ocrx_word' id='word_1_418' title='bbox 1794 5865 1905 5917; x_wconf 83' lang='lat' dir='ltr'><strong>i7ll</strong></span> <span class='ocrx_word' id='word_1_419' title='bbox 1918 5894 1936 5929; x_wconf 65' lang='grc' dir='ltr'><strong><em>ρ</em></strong></span> 
     </span>
    </p>
   </div>
   <div class='ocr_carea' id='block_1_56' title="bbox 346 5929 1621 5999">
    <p class='ocr_par' dir='ltr' id='par_1_56' title="bbox 346 5929 1621 5999">
     <span class='ocr_line' id='line_1_56' title="bbox 346 5929 1621 5999; baseline -0.003 -16"><span class='ocrx_word' id='word_1_420' title='bbox 346 5929 486 5995; x_wconf 69' lang='lat' dir='ltr'><strong>eus,</strong></span> <span class='ocrx_word' id='word_1_421' title='bbox 512 5934 593 5999; x_wconf 79' lang='lat' dir='ltr'><strong>qui</strong></span> <span class='ocrx_word' id='word_1_422' title='bbox 617 5945 765 5998; x_wconf 83' lang='lat' dir='ltr'><strong>pauca</strong></span> <span class='ocrx_word' id='word_1_423' title='bbox 792 5933 1026 5984; x_wconf 83' lang='lat' dir='ltr'><strong>exhibent</strong></span> <span class='ocrx_word' id='word_1_424' title='bbox 1054 5929 1315 5983; x_wconf 75' lang='lat' dir='ltr'><strong>lectionum</strong></span> <span class='ocrx_word' id='word_1_425' title='bbox 1330 5929 1621 5981; x_wconf 83' lang='lat' dir='ltr'><strong>discruuina.</strong></span> 
     </span>
    </p>
   </div>
   <div class='ocr_carea' id='block_1_57' title="bbox 2028 1546 3621 1617">
    <p class='ocr_par' dir='ltr' id='par_1_57' title="bbox 2028 1546 3621 1617">
     <span class='ocr_line' id='line_1_57' title="bbox 2028 1546 3621 1617; baseline 0.002 -16"><span class='ocrx_word' id='word_1_426' title='bbox 2028 1557 2182 1602; x_wconf 89' lang='lat' dir='ltr'><strong>erant</strong></span> <span class='ocrx_word' id='word_1_427' title='bbox 2206 1566 2219 1601; x_wconf 89' lang='lat'><strong>:</strong></span> <span class='ocrx_word' id='word_1_428' title='bbox 2245 1547 2413 1602; x_wconf 80' lang='lat' dir='ltr'><strong>Erant</strong></span> <span class='ocrx_word' id='word_1_429' title='bbox 2436 1548 2601 1613; x_wconf 88' lang='lat' dir='ltr'><strong>enim,</strong></span> <span class='ocrx_word' id='word_1_430' title='bbox 2629 1548 2816 1617; x_wconf 87' lang='lat' dir='ltr'><strong>inquit,</strong></span> <span class='ocrx_word' id='word_1_431' title='bbox 2840 1546 2892 1601; x_wconf 87' lang='lat' dir='ltr'><strong>in</strong></span> <span class='ocrx_word' id='word_1_432' title='bbox 2918 1546 3201 1602; x_wconf 74' lang='lat' dir='ltr'><strong>Jerusalem</strong></span> <span class='ocrx_word' id='word_1_433' title='bbox 3219 1550 3498 1605; x_wconf 72' lang='lat' dir='ltr'><strong>habitantes</strong></span> <span class='ocrx_word' id='word_1_434' title='bbox 3517 1549 3621 1604; x_wconf 82' lang='lat' dir='ltr'><strong>Ju-</strong></span> 
     </span>
    </p>
   </div>
   <div class='ocr_carea' id='block_1_58' title="bbox 2024 1640 3610 1712">
    <p class='ocr_par' dir='ltr' id='par_1_58' title="bbox 2024 1640 3610 1712">
     <span class='ocr_line' id='line_1_58' title="bbox 2024 1640 3610 1712; baseline 0.001 -18"><span class='ocrx_word' id='word_1_435' title='bbox 2024 1642 2142 1707; x_wconf 75' lang='lat' dir='ltr'><strong>dtei,</strong></span> <span class='ocrx_word' id='word_1_436' title='bbox 2169 1642 2265 1696; x_wconf 82' lang='lat' dir='ltr'><strong>viri</strong></span> <span class='ocrx_word' id='word_1_437' title='bbox 2283 1642 2504 1711; x_wconf 80' lang='lat' dir='ltr'><strong>religiosi</strong></span> <span class='ocrx_word' id='word_1_438' title='bbox 2530 1658 2591 1695; x_wconf 79' lang='lat' dir='ltr'><strong>es:</strong></span> <span class='ocrx_word' id='word_1_439' title='bbox 2612 1640 2751 1695; x_wconf 84' lang='lat' dir='ltr'><strong>omni</strong></span> <span class='ocrx_word' id='word_1_440' title='bbox 2773 1640 2975 1697; x_wconf 82' lang='lat' dir='ltr'><strong>natione</strong></span> <span class='ocrx_word' id='word_1_441' title='bbox 2994 1656 3109 1709; x_wconf 69' lang='lat' dir='ltr'><strong>qua</strong></span> <span class='ocrx_word' id='word_1_442' title='bbox 3126 1641 3217 1694; x_wconf 65' lang='lat' dir='ltr'><strong>sub</strong></span> <span class='ocrx_word' id='word_1_443' title='bbox 3237 1642 3359 1696; x_wconf 77' lang='lat' dir='ltr'><strong>ctelo</strong></span> <span class='ocrx_word' id='word_1_444' title='bbox 3380 1651 3453 1695; x_wconf 86' lang='lat' dir='ltr'><strong>est</strong></span> <span class='ocrx_word' id='word_1_445' title='bbox 3475 1643 3610 1712; x_wconf 79' lang='lat' dir='ltr'><strong>(Act.</strong></span> 
     </span>
    </p>
   </div>
   <div class='ocr_carea' id='block_1_59' title="bbox 2021 1731 3612 1802">
    <p class='ocr_par' dir='ltr' id='par_1_59' title="bbox 2021 1731 3612 1802">
     <span class='ocr_line' id='line_1_59' title="bbox 2021 1731 3612 1802; baseline 0 -14"><span class='ocrx_word' id='word_1_446' title='bbox 2021 1734 2078 1788; x_wconf 76' lang='lat'><strong>2.</strong></span> <span class='ocrx_word' id='word_1_447' title='bbox 2110 1734 2198 1802; x_wconf 77' lang='lat'><strong>5);</strong></span> <span class='ocrx_word' id='word_1_448' title='bbox 2228 1749 2325 1787; x_wconf 90' lang='lat' dir='ltr'><strong>nos</strong></span> <span class='ocrx_word' id='word_1_449' title='bbox 2369 1748 2497 1788; x_wconf 88' lang='lat' dir='ltr'><strong>vero</strong></span> <span class='ocrx_word' id='word_1_450' title='bbox 2543 1732 2811 1787; x_wconf 85' lang='lat' dir='ltr'><strong>civitatem</strong></span> <span class='ocrx_word' id='word_1_451' title='bbox 2863 1747 3021 1786; x_wconf 88' lang='lat' dir='ltr'><strong>unam</strong></span> <span class='ocrx_word' id='word_1_452' title='bbox 3066 1731 3365 1787; x_wconf 80' lang='lat' dir='ltr'><strong>habitamus</strong></span> <span class='ocrx_word' id='word_1_453' title='bbox 3391 1748 3576 1788; x_wconf 91' lang='lat' dir='ltr'><strong>omnes</strong></span> <span class='ocrx_word' id='word_1_454' title='bbox 3599 1776 3612 1798; x_wconf 91' lang='lat'><strong>,</strong></span> 
     </span>
    </p>
   </div>
   <div class='ocr_carea' id='block_1_60' title="bbox 2024 1824 3615 1896">
    <p class='ocr_par' dir='ltr' id='par_1_60' title="bbox 2024 1824 3615 1896">
     <span class='ocr_line' id='line_1_60' title="bbox 2024 1824 3615 1896; baseline 0.002 -18"><span class='ocrx_word' id='word_1_455' title='bbox 2024 1825 2164 1879; x_wconf 88' lang='lat' dir='ltr'><strong>intra</strong></span> <span class='ocrx_word' id='word_1_456' title='bbox 2192 1824 2379 1880; x_wconf 85' lang='lat' dir='ltr'><strong>eadem</strong></span> <span class='ocrx_word' id='word_1_457' title='bbox 2411 1825 2605 1881; x_wconf 74' lang='lat' dir='ltr'><strong>mantia</strong></span> <span class='ocrx_word' id='word_1_458' title='bbox 2644 1824 2983 1881; x_wconf 86' lang='lat' dir='ltr'><strong>considemus</strong></span> <span class='ocrx_word' id='word_1_459' title='bbox 3006 1864 3023 1891; x_wconf 93' lang='lat'><strong>,</strong></span> <span class='ocrx_word' id='word_1_460' title='bbox 3057 1842 3119 1881; x_wconf 89' lang='lat' dir='ltr'><strong>ac</strong></span> <span class='ocrx_word' id='word_1_461' title='bbox 3148 1842 3524 1896; x_wconf 62' lang='lat' dir='ltr'><strong>saepenumero</strong></span> <span class='ocrx_word' id='word_1_462' title='bbox 3548 1843 3615 1881; x_wconf 89' lang='lat' dir='ltr'><strong>ne</strong></span> 
     </span>
    </p>
   </div>
   <div class='ocr_carea' id='block_1_61' title="bbox 2025 1915 3618 1988">
    <p class='ocr_par' dir='ltr' id='par_1_61' title="bbox 2025 1915 3618 1988">
     <span class='ocr_line' id='line_1_61' title="bbox 2025 1915 3618 1988; baseline 0.004 -18"><span class='ocrx_word' id='word_1_463' title='bbox 2025 1931 2134 1970; x_wconf 88' lang='lat' dir='ltr'><strong>uno</strong></span> <span class='ocrx_word' id='word_1_464' title='bbox 2168 1915 2387 1986; x_wconf 91' lang='lat' dir='ltr'><strong>quidem</strong></span> <span class='ocrx_word' id='word_1_465' title='bbox 2430 1918 2711 1987; x_wconf 88' lang='lat' dir='ltr'><strong>angiporto</strong></span> <span class='ocrx_word' id='word_1_466' title='bbox 2753 1917 2822 1972; x_wconf 90' lang='lat' dir='ltr'><strong>ab</strong></span> <span class='ocrx_word' id='word_1_467' title='bbox 2850 1918 3080 1973; x_wconf 84' lang='lat' dir='ltr'><strong>ecclesia</strong></span> <span class='ocrx_word' id='word_1_468' title='bbox 3125 1918 3536 1988; x_wconf 75' lang='lat' dir='ltr'><strong>distinguimur,</strong></span> <span class='ocrx_word' id='word_1_469' title='bbox 3564 1931 3618 1976; x_wconf 86' lang='lat' dir='ltr'><strong>ct</strong></span> 
     </span>
    </p>
   </div>
   <div class='ocr_carea' id='block_1_62' title="bbox 2023 2009 3618 2079">
    <p class='ocr_par' dir='ltr' id='par_1_62' title="bbox 2023 2009 3618 2079">
     <span class='ocr_line' id='line_1_62' title="bbox 2023 2009 3618 2079; baseline 0.004 -17"><span class='ocrx_word' id='word_1_470' title='bbox 2023 2009 2245 2078; x_wconf 88' lang='lat' dir='ltr'><strong>perinde</strong></span> <span class='ocrx_word' id='word_1_471' title='bbox 2272 2025 2336 2063; x_wconf 89' lang='lat' dir='ltr'><strong>ac</strong></span> <span class='ocrx_word' id='word_1_472' title='bbox 2364 2010 2409 2064; x_wconf 89' lang='lat' dir='ltr'><strong>si</strong></span> <span class='ocrx_word' id='word_1_473' title='bbox 2442 2009 2597 2079; x_wconf 86' lang='lat' dir='ltr'><strong>longa</strong></span> <span class='ocrx_word' id='word_1_474' title='bbox 2630 2010 2794 2064; x_wconf 86' lang='lat' dir='ltr'><strong>maria</strong></span> <span class='ocrx_word' id='word_1_475' title='bbox 2819 2026 2920 2066; x_wconf 87' lang='lat' dir='ltr'><strong>nos</strong></span> <span class='ocrx_word' id='word_1_476' title='bbox 2943 2009 3293 2079; x_wconf 88' lang='lat' dir='ltr'><strong>dirimerent,</strong></span> <span class='ocrx_word' id='word_1_477' title='bbox 3321 2013 3459 2067; x_wconf 89' lang='lat' dir='ltr'><strong>adeo</strong></span> <span class='ocrx_word' id='word_1_478' title='bbox 3495 2028 3618 2068; x_wconf 87' lang='lat' dir='ltr'><strong>raro</strong></span> 
     </span>
    </p>
   </div>
   <div class='ocr_carea' id='block_1_63' title="bbox 2020 2100 2845 2155">
    <p class='ocr_par' dir='ltr' id='par_1_63' title="bbox 2020 2100 2845 2155">
     <span class='ocr_line' id='line_1_63' title="bbox 2020 2100 2845 2155; baseline 0.001 -1"><span class='ocrx_word' id='word_1_479' title='bbox 2020 2109 2315 2155; x_wconf 86' lang='lat' dir='ltr'><strong>conventus</strong></span> <span class='ocrx_word' id='word_1_480' title='bbox 2337 2100 2466 2155; x_wconf 90' lang='lat' dir='ltr'><strong>istos</strong></span> <span class='ocrx_word' id='word_1_481' title='bbox 2487 2100 2845 2155; x_wconf 87' lang='lat' dir='ltr'><strong>celebramus.</strong></span> 
     </span>
    </p>
   </div>
   <div class='ocr_carea' id='block_1_64' title="bbox 2095 2191 3617 2267">
    <p class='ocr_par' dir='ltr' id='par_1_64' title="bbox 2095 2191 3617 2267">
     <span class='ocr_line' id='line_1_64' title="bbox 2095 2191 3617 2267; baseline 0.005 -22"><span class='ocrx_word' id='word_1_482' title='bbox 2095 2192 2309 2261; x_wconf 85' lang='lat' dir='ltr'><strong>Semper</strong></span> <span class='ocrx_word' id='word_1_483' title='bbox 2320 2193 2446 2261; x_wconf 77' lang='lat' dir='ltr'><strong>festa</strong></span> <span class='ocrx_word' id='word_1_484' title='bbox 2458 2207 2723 2262; x_wconf 73' lang='lat' dir='ltr'><strong>possumus</strong></span> <span class='ocrx_word' id='word_1_485' title='bbox 2743 2191 3264 2264; x_wconf 62' lang='lat' dir='ltr'><strong>celebrare—Atque</strong></span> <span class='ocrx_word' id='word_1_486' title='bbox 3277 2193 3382 2249; x_wconf 80' lang='lat' dir='ltr'><strong>illis</strong></span> <span class='ocrx_word' id='word_1_487' title='bbox 3402 2196 3617 2267; x_wconf 82' lang='lat' dir='ltr'><strong>quidem</strong></span> 
     </span>
    </p>
   </div>
   <div class='ocr_carea' id='block_1_65' title="bbox 2024 2284 3615 2359">
    <p class='ocr_par' dir='ltr' id='par_1_65' title="bbox 2024 2284 3615 2359">
     <span class='ocr_line' id='line_1_65' title="bbox 2024 2284 3615 2359; baseline 0.003 -21"><span class='ocrx_word' id='word_1_488' title='bbox 2024 2284 2190 2339; x_wconf 87' lang='lat' dir='ltr'><strong>tribus</strong></span> <span class='ocrx_word' id='word_1_489' title='bbox 2206 2285 2378 2339; x_wconf 89' lang='lat' dir='ltr'><strong>solum</strong></span> <span class='ocrx_word' id='word_1_490' title='bbox 2397 2284 2746 2354; x_wconf 87' lang='lat' dir='ltr'><strong>temporibus,</strong></span> <span class='ocrx_word' id='word_1_491' title='bbox 2766 2292 2824 2339; x_wconf 91' lang='lat' dir='ltr'><strong>ut</strong></span> <span class='ocrx_word' id='word_1_492' title='bbox 2845 2284 3035 2339; x_wconf 80' lang='lat' dir='ltr'><strong>festum</strong></span> <span class='ocrx_word' id='word_1_493' title='bbox 3050 2296 3291 2356; x_wconf 84' lang='lat' dir='ltr'><strong>agerent,</strong></span> <span class='ocrx_word' id='word_1_494' title='bbox 3314 2289 3615 2359; x_wconf 82' lang='lat' dir='ltr'><strong>imperavit,</strong></span> 
     </span>
    </p>
   </div>
   <div class='ocr_carea' id='block_1_66' title="bbox 2023 2376 3619 2454">
    <p class='ocr_par' dir='ltr' id='par_1_66' title="bbox 2023 2376 3619 2454">
     <span class='ocr_line' id='line_1_66' title="bbox 2023 2376 3619 2454; baseline 0.004 -22"><span class='ocrx_word' id='word_1_495' title='bbox 2023 2376 2179 2432; x_wconf 87' lang='lat' dir='ltr'><strong>nobis</strong></span> <span class='ocrx_word' id='word_1_496' title='bbox 2189 2386 2364 2432; x_wconf 86' lang='lat' dir='ltr'><strong>autem</strong></span> <span class='ocrx_word' id='word_1_497' title='bbox 2383 2386 2440 2432; x_wconf 94' lang='lat' dir='ltr'><strong>ot</strong></span> <span class='ocrx_word' id='word_1_498' title='bbox 2452 2393 2665 2448; x_wconf 87' lang='lat' dir='ltr'><strong>semper</strong></span> <span class='ocrx_word' id='word_1_499' title='bbox 2680 2378 2729 2432; x_wconf 91' lang='lat' dir='ltr'><strong>id</strong></span> <span class='ocrx_word' id='word_1_500' title='bbox 2745 2381 3361 2449; x_wconf 54' lang='lat' dir='ltr'><strong>prastemusimperavit</strong></span> <span class='ocrx_word' id='word_1_501' title='bbox 3379 2400 3391 2437; x_wconf 91' lang='lat'>:</span> <span class='ocrx_word' id='word_1_502' title='bbox 3406 2397 3619 2454; x_wconf 87' lang='lat' dir='ltr'><strong>semper</strong></span> 
     </span>
    </p>
   </div>
   <div class='ocr_carea' id='block_1_67' title="bbox 2023 2469 3620 2543">
    <p class='ocr_par' dir='ltr' id='par_1_67' title="bbox 2023 2469 3620 2543">
     <span class='ocr_line' id='line_1_67' title="bbox 2023 2469 3620 2543; baseline 0.003 -17"><span class='ocrx_word' id='word_1_503' title='bbox 2023 2469 2165 2526; x_wconf 88' lang='lat' dir='ltr'><strong>enim</strong></span> <span class='ocrx_word' id='word_1_504' title='bbox 2182 2470 2339 2525; x_wconf 89' lang='lat' dir='ltr'><strong>nobis</strong></span> <span class='ocrx_word' id='word_1_505' title='bbox 2365 2479 2449 2525; x_wconf 88' lang='lat' dir='ltr'><strong>est</strong></span> <span class='ocrx_word' id='word_1_506' title='bbox 2470 2470 2750 2525; x_wconf 83' lang='lat' dir='ltr'><strong>festivitas.</strong></span> <span class='ocrx_word' id='word_1_507' title='bbox 2773 2469 2842 2526; x_wconf 90' lang='lat' dir='ltr'><strong>Ut</strong></span> <span class='ocrx_word' id='word_1_508' title='bbox 2860 2470 3013 2541; x_wconf 81' lang='lat' dir='ltr'><strong>igitur</strong></span> <span class='ocrx_word' id='word_1_509' title='bbox 3034 2471 3339 2543; x_wconf 73' lang='lat' dir='ltr'><strong>intelligetis</strong></span> <span class='ocrx_word' id='word_1_510' title='bbox 3357 2474 3620 2529; x_wconf 78' lang='lat' dir='ltr'><strong>festivita-</strong></span> 
     </span>
    </p>
   </div>
   <div class='ocr_carea' id='block_1_68' title="bbox 2025 2562 3615 2635">
    <p class='ocr_par' dir='ltr' id='par_1_68' title="bbox 2025 2562 3615 2635">
     <span class='ocr_line' id='line_1_68' title="bbox 2025 2562 3615 2635; baseline 0.004 -18"><span class='ocrx_word' id='word_1_511' title='bbox 2025 2572 2131 2619; x_wconf 92' lang='lat' dir='ltr'><strong>tem</strong></span> <span class='ocrx_word' id='word_1_512' title='bbox 2154 2562 2307 2618; x_wconf 89' lang='lat' dir='ltr'><strong>nobis</strong></span> <span class='ocrx_word' id='word_1_513' title='bbox 2331 2578 2545 2633; x_wconf 85' lang='lat' dir='ltr'><strong>semper</strong></span> <span class='ocrx_word' id='word_1_514' title='bbox 2562 2577 2701 2629; x_wconf 84' lang='lat' dir='ltr'><strong>esse,</strong></span> <span class='ocrx_word' id='word_1_515' title='bbox 2724 2563 3065 2618; x_wconf 81' lang='lat' dir='ltr'><strong>iestivitatum</strong></span> <span class='ocrx_word' id='word_1_516' title='bbox 3089 2565 3261 2620; x_wconf 90' lang='lat' dir='ltr'><strong>dicam</strong></span> <span class='ocrx_word' id='word_1_517' title='bbox 3281 2568 3615 2635; x_wconf 82' lang='lat' dir='ltr'><strong>occasiones,</strong></span> 
     </span>
    </p>
   </div>
   <div class='ocr_carea' id='block_1_69' title="bbox 2023 2653 3637 2729">
    <p class='ocr_par' dir='ltr' id='par_1_69' title="bbox 2023 2653 3637 2729">
     <span class='ocr_line' id='line_1_69' title="bbox 2023 2653 3637 2729; baseline 0.001 -21"><span class='ocrx_word' id='word_1_518' title='bbox 2023 2662 2079 2708; x_wconf 91' lang='lat' dir='ltr'><strong>et</strong></span> <span class='ocrx_word' id='word_1_519' title='bbox 2093 2653 2282 2710; x_wconf 86' lang='lat' dir='ltr'><strong>diebus</strong></span> <span class='ocrx_word' id='word_1_520' title='bbox 2299 2654 2522 2726; x_wconf 85' lang='lat' dir='ltr'><strong>singulis</strong></span> <span class='ocrx_word' id='word_1_521' title='bbox 2540 2655 2728 2709; x_wconf 82' lang='lat' dir='ltr'><strong>festum</strong></span> <span class='ocrx_word' id='word_1_522' title='bbox 2741 2668 2861 2710; x_wconf 89' lang='lat' dir='ltr'><strong>esse</strong></span> <span class='ocrx_word' id='word_1_523' title='bbox 2875 2656 3229 2724; x_wconf 82' lang='lat' dir='ltr'><strong>cognoscetis.</strong></span> <span class='ocrx_word' id='word_1_524' title='bbox 3250 2655 3430 2729; x_wconf 86' lang='lat' dir='ltr'><strong>itaque</strong></span> <span class='ocrx_word' id='word_1_525' title='bbox 3448 2660 3616 2729; x_wconf 83' lang='lat' dir='ltr'><strong>prima</strong></span> <span class='ocrx_word' id='word_1_526' title='bbox 3632 2704 3637 2709; x_wconf 73' lang='grc'>,</span> 
     </span>
    </p>
   </div>
   <div class='ocr_carea' id='block_1_70' title="bbox 2025 2744 3616 2817">
    <p class='ocr_par' dir='ltr' id='par_1_70' title="bbox 2025 2744 3616 2817">
     <span class='ocr_line' id='line_1_70' title="bbox 2025 2744 3616 2817; baseline 0.004 -18"><span class='ocrx_word' id='word_1_527' title='bbox 2025 2744 2283 2801; x_wconf 77' lang='lat' dir='ltr'><strong>festivitas</strong></span> <span class='ocrx_word' id='word_1_528' title='bbox 2304 2745 2443 2816; x_wconf 89' lang='lat' dir='ltr'><strong>apud</strong></span> <span class='ocrx_word' id='word_1_529' title='bbox 2473 2761 2572 2801; x_wconf 90' lang='lat' dir='ltr'><strong>nos</strong></span> <span class='ocrx_word' id='word_1_530' title='bbox 2590 2745 2887 2816; x_wconf 86' lang='lat' dir='ltr'><strong>Epiphania</strong></span> <span class='ocrx_word' id='word_1_531' title='bbox 2916 2745 3025 2817; x_wconf 85' lang='lat' dir='ltr'><strong>(a):</strong></span> <span class='ocrx_word' id='word_1_532' title='bbox 3056 2762 3176 2816; x_wconf 67' lang='lat' dir='ltr'><strong>quae</strong></span> <span class='ocrx_word' id='word_1_533' title='bbox 3208 2763 3367 2816; x_wconf 89' lang='lat' dir='ltr'><strong>porro</strong></span> <span class='ocrx_word' id='word_1_534' title='bbox 3386 2749 3503 2805; x_wconf 79' lang='lat' dir='ltr'><strong>festi</strong></span> <span class='ocrx_word' id='word_1_535' title='bbox 3534 2760 3616 2806; x_wconf 86' lang='lat' dir='ltr'><strong>est</strong></span> 
     </span>
    </p>
   </div>
   <div class='ocr_carea' id='block_1_71' title="bbox 2024 2835 3621 2903">
    <p class='ocr_par' dir='ltr' id='par_1_71' title="bbox 2024 2835 3621 2903">
     <span class='ocr_line' id='line_1_71' title="bbox 2024 2835 3621 2903; baseline 0.003 -10"><span class='ocrx_word' id='word_1_536' title='bbox 2024 2836 2279 2893; x_wconf 83' lang='lat' dir='ltr'><strong>occasio?</strong></span> <span class='ocrx_word' id='word_1_537' title='bbox 2308 2835 2571 2903; x_wconf 85' lang='lat' dir='ltr'><strong>Quoniam</strong></span> <span class='ocrx_word' id='word_1_538' title='bbox 2598 2838 2740 2892; x_wconf 82' lang='lat' dir='ltr'><strong>Deos</strong></span> <span class='ocrx_word' id='word_1_539' title='bbox 2771 2836 2834 2890; x_wconf 88' lang='lat' dir='ltr'><strong>In</strong></span> <span class='ocrx_word' id='word_1_540' title='bbox 2862 2837 3008 2891; x_wconf 87' lang='lat' dir='ltr'><strong>terris</strong></span> <span class='ocrx_word' id='word_1_541' title='bbox 3033 2839 3171 2891; x_wconf 76' lang='lat' dir='ltr'><strong>visus</strong></span> <span class='ocrx_word' id='word_1_542' title='bbox 3195 2848 3289 2903; x_wconf 74' lang='lat' dir='ltr'><strong>est,</strong></span> <span class='ocrx_word' id='word_1_543' title='bbox 3319 2849 3502 2895; x_wconf 83' lang='lat' dir='ltr'><strong>etcum</strong></span> <span class='ocrx_word' id='word_1_544' title='bbox 3528 2842 3621 2897; x_wconf 74' lang='lat' dir='ltr'><strong>Ito-</strong></span> 
     </span>
    </p>
   </div>
   <div class='ocr_carea' id='block_1_72' title="bbox 2024 2926 3618 3003">
    <p class='ocr_par' dir='ltr' id='par_1_72' title="bbox 2024 2926 3618 3003">
     <span class='ocr_line' id='line_1_72' title="bbox 2024 2926 3618 3003; baseline 0.003 -20"><span class='ocrx_word' id='word_1_545' title='bbox 2024 2929 2239 2983; x_wconf 71' lang='lat' dir='ltr'><strong>minibus</strong></span> <span class='ocrx_word' id='word_1_546' title='bbox 2260 2938 2580 2983; x_wconf 80' lang='lat' dir='ltr'><strong>conversatus</strong></span> <span class='ocrx_word' id='word_1_547' title='bbox 2600 2941 2669 2984; x_wconf 84' lang='lat' dir='ltr'><strong>est</strong></span> <span class='ocrx_word' id='word_1_548' title='bbox 2692 2926 2941 2998; x_wconf 79' lang='lat' dir='ltr'><strong>(Baruch.</strong></span> <span class='ocrx_word' id='word_1_549' title='bbox 2967 2929 3020 2985; x_wconf 79' lang='grc'><strong>5.</strong></span> <span class='ocrx_word' id='word_1_550' title='bbox 3045 2927 3137 3001; x_wconf 82' lang='grc'><strong>58)</strong></span> <span class='ocrx_word' id='word_1_551' title='bbox 3157 2947 3170 2982; x_wconf 86' lang='grc'>;</span> <span class='ocrx_word' id='word_1_552' title='bbox 3191 2930 3618 3003; x_wconf 84' lang='lat' dir='ltr'><strong>quandoquidem</strong></span> 
     </span>
    </p>
   </div>
   <div class='ocr_carea' id='block_1_73' title="bbox 2024 3018 3620 3091">
    <p class='ocr_par' dir='ltr' id='par_1_73' title="bbox 2024 3018 3620 3091">
     <span class='ocr_line' id='line_1_73' title="bbox 2024 3018 3620 3091; baseline 0.004 -16"><span class='ocrx_word' id='word_1_553' title='bbox 2024 3021 2328 3091; x_wconf 78' lang='lat' dir='ltr'><strong>unigenitos</strong></span> <span class='ocrx_word' id='word_1_554' title='bbox 2360 3021 2453 3075; x_wconf 88' lang='lat' dir='ltr'><strong>Dei</strong></span> <span class='ocrx_word' id='word_1_555' title='bbox 2493 3018 2659 3076; x_wconf 87' lang='lat' dir='ltr'><strong>Filius</strong></span> <span class='ocrx_word' id='word_1_556' title='bbox 2688 3020 2829 3075; x_wconf 89' lang='lat' dir='ltr'><strong>Deos</strong></span> <span class='ocrx_word' id='word_1_557' title='bbox 2852 3020 3132 3075; x_wconf 82' lang='lat' dir='ltr'><strong>nobiscum</strong></span> <span class='ocrx_word' id='word_1_558' title='bbox 3159 3021 3257 3075; x_wconf 78' lang='lat' dir='ltr'><strong>fuit</strong></span> <span class='ocrx_word' id='word_1_559' title='bbox 3279 3039 3294 3087; x_wconf 92' lang='lat'><strong>;</strong></span> <span class='ocrx_word' id='word_1_560' title='bbox 3318 3031 3375 3077; x_wconf 89' lang='lat' dir='ltr'><strong>at</strong></span> <span class='ocrx_word' id='word_1_561' title='bbox 3405 3022 3509 3079; x_wconf 87' lang='lat' dir='ltr'><strong>hoc</strong></span> <span class='ocrx_word' id='word_1_562' title='bbox 3535 3035 3620 3081; x_wconf 87' lang='lat' dir='ltr'><strong>est</strong></span> 
     </span>
    </p>
   </div>
   <div class='ocr_carea' id='block_1_74' title="bbox 2023 3110 3621 3183">
    <p class='ocr_par' dir='ltr' id='par_1_74' title="bbox 2023 3110 3621 3183">
     <span class='ocr_line' id='line_1_74' title="bbox 2023 3110 3621 3183; baseline 0.001 -14"><span class='ocrx_word' id='word_1_563' title='bbox 2023 3128 2238 3183; x_wconf 88' lang='lat' dir='ltr'><strong>semper</strong></span> <span class='ocrx_word' id='word_1_564' title='bbox 2267 3131 2281 3166; x_wconf 88' lang='lat'>:</span> <span class='ocrx_word' id='word_1_565' title='bbox 2314 3110 2447 3168; x_wconf 85' lang='lat' dir='ltr'><strong>Ecce</strong></span> <span class='ocrx_word' id='word_1_566' title='bbox 2485 3110 2628 3169; x_wconf 90' lang='lat' dir='ltr'><strong>enim</strong></span> <span class='ocrx_word' id='word_1_567' title='bbox 2654 3154 2670 3180; x_wconf 93' lang='lat'><strong>,</strong></span> <span class='ocrx_word' id='word_1_568' title='bbox 2698 3112 2869 3183; x_wconf 86' lang='lat' dir='ltr'><strong>inquit</strong></span> <span class='ocrx_word' id='word_1_569' title='bbox 2891 3155 2905 3179; x_wconf 91' lang='lat'><strong>,</strong></span> <span class='ocrx_word' id='word_1_570' title='bbox 2936 3112 3191 3168; x_wconf 75' lang='lat' dir='ltr'><strong>vobiscum</strong></span> <span class='ocrx_word' id='word_1_571' title='bbox 3234 3130 3349 3168; x_wconf 80' lang='lat' dir='ltr'><strong>sum</strong></span> <span class='ocrx_word' id='word_1_572' title='bbox 3390 3117 3621 3173; x_wconf 86' lang='lat' dir='ltr'><strong>omnibus</strong></span> 
     </span>
    </p>
   </div>
   <div class='ocr_carea' id='block_1_75' title="bbox 2024 3204 3622 3280">
    <p class='ocr_par' dir='ltr' id='par_1_75' title="bbox 2024 3204 3622 3280">
     <span class='ocr_line' id='line_1_75' title="bbox 2024 3204 3622 3280; baseline 0.004 -21"><span class='ocrx_word' id='word_1_573' title='bbox 2024 3204 2200 3261; x_wconf 81' lang='lat' dir='ltr'><strong>diebus</strong></span> <span class='ocrx_word' id='word_1_574' title='bbox 2219 3221 2372 3277; x_wconf 82' lang='lat' dir='ltr'><strong>usque</strong></span> <span class='ocrx_word' id='word_1_575' title='bbox 2390 3205 2458 3259; x_wconf 85' lang='lat' dir='ltr'><strong>ad</strong></span> <span class='ocrx_word' id='word_1_576' title='bbox 2470 3206 2954 3260; x_wconf 80' lang='lat' dir='ltr'><strong>consummationem</strong></span> <span class='ocrx_word' id='word_1_577' title='bbox 2971 3206 3144 3261; x_wconf 67' lang='lat' dir='ltr'><strong>seculi</strong></span> <span class='ocrx_word' id='word_1_578' title='bbox 3164 3205 3374 3278; x_wconf 83' lang='lat' dir='ltr'><strong>(Matth.</strong></span> <span class='ocrx_word' id='word_1_579' title='bbox 3393 3207 3483 3263; x_wconf 74' lang='lat'><strong>28.</strong></span> <span class='ocrx_word' id='word_1_580' title='bbox 3504 3209 3622 3280; x_wconf 72' lang='lat'><strong>‘20),</strong></span> 
     </span>
    </p>
   </div>
   <div class='ocr_carea' id='block_1_76' title="bbox 2024 3295 3612 3368">
    <p class='ocr_par' dir='ltr' id='par_1_76' title="bbox 2024 3295 3612 3368">
     <span class='ocr_line' id='line_1_76' title="bbox 2024 3295 3612 3368; baseline 0.007 -19"><span class='ocrx_word' id='word_1_581' title='bbox 2024 3296 2145 3352; x_wconf 90' lang='lat' dir='ltr'><strong>ideo</strong></span> <span class='ocrx_word' id='word_1_582' title='bbox 2177 3296 2400 3368; x_wconf 81' lang='lat' dir='ltr'><strong>singulis</strong></span> <span class='ocrx_word' id='word_1_583' title='bbox 2434 3296 2624 3352; x_wconf 88' lang='lat' dir='ltr'><strong>diebus</strong></span> <span class='ocrx_word' id='word_1_584' title='bbox 2648 3295 2943 3366; x_wconf 86' lang='lat' dir='ltr'><strong>Epiphania</strong></span> <span class='ocrx_word' id='word_1_585' title='bbox 2984 3311 3273 3368; x_wconf 84' lang='lat' dir='ltr'><strong>possumus</strong></span> <span class='ocrx_word' id='word_1_586' title='bbox 3310 3299 3612 3360; x_wconf 85' lang='lat' dir='ltr'><strong>celebrare.</strong></span> 
     </span>
    </p>
   </div>
   <div class='ocr_carea' id='block_1_77' title="bbox 2023 3385 3614 3472">
    <p class='ocr_par' dir='ltr' id='par_1_77' title="bbox 2023 3385 3614 3472">
     <span class='ocr_line' id='line_1_77' title="bbox 2023 3385 3614 3472; baseline 0.002 -25"><span class='ocrx_word' id='word_1_587' title='bbox 2023 3392 2161 3472; x_wconf 81' lang='lat' dir='ltr'><strong>Quid</strong></span> <span class='ocrx_word' id='word_1_588' title='bbox 2202 3391 2303 3447; x_wconf 86' lang='lat' dir='ltr'><strong>sibi</strong></span> <span class='ocrx_word' id='word_1_589' title='bbox 2348 3388 2458 3447; x_wconf 83' lang='lat' dir='ltr'><strong>vult</strong></span> <span class='ocrx_word' id='word_1_590' title='bbox 2496 3386 2688 3447; x_wconf 74' lang='lat' dir='ltr'><strong>festum</strong></span> <span class='ocrx_word' id='word_1_591' title='bbox 2715 3385 2937 3443; x_wconf 73' lang='lat' dir='ltr'><strong>Pascha:</strong></span> <span class='ocrx_word' id='word_1_592' title='bbox 2956 3427 2973 3458; x_wconf 89' lang='lat'><strong>,</strong></span> <span class='ocrx_word' id='word_1_593' title='bbox 3007 3395 3062 3446; x_wconf 88' lang='lat' dir='ltr'><strong>et</strong></span> <span class='ocrx_word' id='word_1_594' title='bbox 3087 3402 3332 3462; x_wconf 63' lang='lat' dir='ltr'><strong>quanam</strong></span> <span class='ocrx_word' id='word_1_595' title='bbox 3365 3393 3505 3448; x_wconf 90' lang='lat' dir='ltr'><strong>illius</strong></span> <span class='ocrx_word' id='word_1_596' title='bbox 3532 3404 3614 3450; x_wconf 84' lang='lat' dir='ltr'><strong>est</strong></span> 
     </span>
    </p>
   </div>
   <div class='ocr_carea' id='block_1_78' title="bbox 2024 3482 3618 3551">
    <p class='ocr_par' dir='ltr' id='par_1_78' title="bbox 2024 3482 3618 3551">
     <span class='ocr_line' id='line_1_78' title="bbox 2024 3482 3618 3551; baseline 0.003 -13"><span class='ocrx_word' id='word_1_597' title='bbox 2024 3485 2271 3540; x_wconf 80' lang='lat' dir='ltr'><strong>occasio?</strong></span> <span class='ocrx_word' id='word_1_598' title='bbox 2290 3483 2512 3539; x_wconf 79' lang='lat' dir='ltr'><strong>Mortem</strong></span> <span class='ocrx_word' id='word_1_599' title='bbox 2537 3482 2747 3538; x_wconf 87' lang='lat' dir='ltr'><strong>Domini</strong></span> <span class='ocrx_word' id='word_1_600' title='bbox 2773 3494 2882 3537; x_wconf 89' lang='lat' dir='ltr'><strong>tum</strong></span> <span class='ocrx_word' id='word_1_601' title='bbox 2908 3485 3306 3551; x_wconf 88' lang='lat' dir='ltr'><strong>annuntiamus,</strong></span> <span class='ocrx_word' id='word_1_602' title='bbox 3330 3496 3385 3539; x_wconf 89' lang='lat' dir='ltr'><strong>et</strong></span> <span class='ocrx_word' id='word_1_603' title='bbox 3407 3485 3509 3540; x_wconf 91' lang='lat' dir='ltr'><strong>hoc</strong></span> <span class='ocrx_word' id='word_1_604' title='bbox 3534 3498 3618 3543; x_wconf 90' lang='lat' dir='ltr'><strong>est</strong></span> 
     </span>
    </p>
   </div>
   <div class='ocr_carea' id='block_1_79' title="bbox 2024 3572 3619 3647">
    <p class='ocr_par' dir='ltr' id='par_1_79' title="bbox 2024 3572 3619 3647">
     <span class='ocr_line' id='line_1_79' title="bbox 2024 3572 3619 3647; baseline 0.001 -17"><span class='ocrx_word' id='word_1_605' title='bbox 2024 3574 2227 3631; x_wconf 84' lang='lat' dir='ltr'><strong>Pascha</strong></span> <span class='ocrx_word' id='word_1_606' title='bbox 2256 3592 2269 3628; x_wconf 90' lang='lat'><strong>:</strong></span> <span class='ocrx_word' id='word_1_607' title='bbox 2296 3574 2389 3631; x_wconf 87' lang='lat' dir='ltr'><strong>sed</strong></span> <span class='ocrx_word' id='word_1_608' title='bbox 2421 3590 2488 3631; x_wconf 90' lang='lat' dir='ltr'><strong>ne</strong></span> <span class='ocrx_word' id='word_1_609' title='bbox 2516 3574 2617 3629; x_wconf 85' lang='lat' dir='ltr'><strong>hoc</strong></span> <span class='ocrx_word' id='word_1_610' title='bbox 2637 3572 2853 3644; x_wconf 88' lang='lat' dir='ltr'><strong>quidem</strong></span> <span class='ocrx_word' id='word_1_611' title='bbox 2877 3582 3120 3644; x_wconf 82' lang='lat' dir='ltr'><strong>tempore</strong></span> <span class='ocrx_word' id='word_1_612' title='bbox 3142 3574 3364 3631; x_wconf 88' lang='lat' dir='ltr'><strong>delinito</strong></span> <span class='ocrx_word' id='word_1_613' title='bbox 3393 3577 3619 3647; x_wconf 89' lang='lat' dir='ltr'><strong>agimus.</strong></span> 
     </span>
    </p>
   </div>
   <div class='ocr_carea' id='block_1_80' title="bbox 2024 3667 3621 3738">
    <p class='ocr_par' dir='ltr' id='par_1_80' title="bbox 2024 3667 3621 3738">
     <span class='ocr_line' id='line_1_80' title="bbox 2024 3667 3621 3738; baseline 0.002 -15"><span class='ocrx_word' id='word_1_614' title='bbox 2024 3668 2156 3724; x_wconf 88' lang='lat' dir='ltr'><strong>Cum</strong></span> <span class='ocrx_word' id='word_1_615' title='bbox 2187 3668 2329 3723; x_wconf 88' lang='lat' dir='ltr'><strong>enim</strong></span> <span class='ocrx_word' id='word_1_616' title='bbox 2361 3668 2525 3723; x_wconf 88' lang='lat' dir='ltr'><strong>vellet</strong></span> <span class='ocrx_word' id='word_1_617' title='bbox 2553 3682 2650 3722; x_wconf 91' lang='lat' dir='ltr'><strong>nos</strong></span> <span class='ocrx_word' id='word_1_618' title='bbox 2676 3667 2873 3722; x_wconf 83' lang='lat' dir='ltr'><strong>Paulus</strong></span> <span class='ocrx_word' id='word_1_619' title='bbox 2906 3678 2937 3721; x_wconf 83' lang='lat' dir='ltr'><strong>a</strong></span> <span class='ocrx_word' id='word_1_620' title='bbox 2970 3676 3269 3738; x_wconf 87' lang='lat' dir='ltr'><strong>temporum</strong></span> <span class='ocrx_word' id='word_1_621' title='bbox 3301 3672 3621 3726; x_wconf 77' lang='lat' dir='ltr'><strong>necessitate</strong></span> 
     </span>
    </p>
   </div>
   <div class='ocr_carea' id='block_1_81' title="bbox 2027 3758 3620 3830">
    <p class='ocr_par' dir='ltr' id='par_1_81' title="bbox 2027 3758 3620 3830">
     <span class='ocr_line' id='line_1_81' title="bbox 2027 3758 3620 3830; baseline 0.003 -16"><span class='ocrx_word' id='word_1_622' title='bbox 2027 3759 2281 3826; x_wconf 88' lang='lat' dir='ltr'><strong>liberare,</strong></span> <span class='ocrx_word' id='word_1_623' title='bbox 2311 3767 2474 3829; x_wconf 88' lang='lat' dir='ltr'><strong>atque</strong></span> <span class='ocrx_word' id='word_1_624' title='bbox 2502 3758 2797 3814; x_wconf 87' lang='lat' dir='ltr'><strong>ostendens</strong></span> <span class='ocrx_word' id='word_1_625' title='bbox 2824 3772 2984 3829; x_wconf 82' lang='lat' dir='ltr'><strong>posse</strong></span> <span class='ocrx_word' id='word_1_626' title='bbox 3014 3773 3113 3815; x_wconf 89' lang='lat' dir='ltr'><strong>nos</strong></span> <span class='ocrx_word' id='word_1_627' title='bbox 3152 3775 3369 3830; x_wconf 88' lang='lat' dir='ltr'><strong>semper</strong></span> <span class='ocrx_word' id='word_1_628' title='bbox 3418 3761 3620 3819; x_wconf 84' lang='lat' dir='ltr'><strong>Pascha</strong></span> 
     </span>
    </p>
   </div>
   <div class='ocr_carea' id='block_1_82' title="bbox 2025 3846 3625 3927">
    <p class='ocr_par' dir='ltr' id='par_1_82' title="bbox 2025 3846 3625 3927">
     <span class='ocr_line' id='line_1_82' title="bbox 2025 3846 3625 3927; baseline -0.001 -16"><span class='ocrx_word' id='word_1_629' title='bbox 2025 3853 2302 3911; x_wconf 84' lang='lat' dir='ltr'><strong>celebrare</strong></span> <span class='ocrx_word' id='word_1_630' title='bbox 2332 3870 2345 3907; x_wconf 88' lang='lat'><strong>:</strong></span> <span class='ocrx_word' id='word_1_631' title='bbox 2382 3846 2807 3927; x_wconf 67' lang='lat' dir='ltr'><strong>Quotiescumque</strong></span> <span class='ocrx_word' id='word_1_632' title='bbox 2834 3852 2968 3906; x_wconf 85' lang='lat' dir='ltr'><strong>enim</strong></span> <span class='ocrx_word' id='word_1_633' title='bbox 2989 3892 3005 3919; x_wconf 95' lang='lat'><strong>,</strong></span> <span class='ocrx_word' id='word_1_634' title='bbox 3033 3852 3223 3925; x_wconf 85' lang='lat' dir='ltr'><strong>inquit,</strong></span> <span class='ocrx_word' id='word_1_635' title='bbox 3251 3853 3625 3910; x_wconf 84' lang='lat' dir='ltr'><strong>manducabt’tis</strong></span> 
     </span>
    </p>
   </div>
   <div class='ocr_carea' id='block_1_83' title="bbox 2028 3934 3727 4017">
    <p class='ocr_par' dir='ltr' id='par_1_83' title="bbox 2028 3934 3727 4017">
     <span class='ocr_line' id='line_1_83' title="bbox 2028 3934 3727 4017; baseline 0.002 -18"><span class='ocrx_word' id='word_1_636' title='bbox 2028 3961 2210 4015; x_wconf 79' lang='lat' dir='ltr'><strong>partem</strong></span> <span class='ocrx_word' id='word_1_637' title='bbox 2232 3946 2366 3999; x_wconf 77' lang='lat' dir='ltr'><strong>Itane</strong></span> <span class='ocrx_word' id='word_1_638' title='bbox 2385 3986 2399 4011; x_wconf 89' lang='lat'><strong>,</strong></span> <span class='ocrx_word' id='word_1_639' title='bbox 2424 3954 2471 3999; x_wconf 78' lang='lat' dir='ltr'><strong>et</strong></span> <span class='ocrx_word' id='word_1_640' title='bbox 2491 3945 2700 3999; x_wconf 80' lang='lat' dir='ltr'><strong>calicem</strong></span> <span class='ocrx_word' id='word_1_641' title='bbox 2720 3934 2893 3999; x_wconf 69' lang='lat' dir='ltr'><strong>bibetis</strong></span> <span class='ocrx_word' id='word_1_642' title='bbox 2910 3986 2924 4009; x_wconf 90' lang='lat'><strong>,</strong></span> <span class='ocrx_word' id='word_1_643' title='bbox 2955 3953 3164 4000; x_wconf 84' lang='lat' dir='ltr'><strong>mortem</strong></span> <span class='ocrx_word' id='word_1_644' title='bbox 3188 3945 3397 4001; x_wconf 84' lang='lat' dir='ltr'><strong>Domini</strong></span> <span class='ocrx_word' id='word_1_645' title='bbox 3421 3963 3626 4003; x_wconf 80' lang='lat' dir='ltr'><strong>annun-</strong></span> <span class='ocrx_word' id='word_1_646' title='bbox 3710 4010 3727 4017; x_wconf 54' lang='grc' dir='ltr'><strong> </strong></span> 
     </span>
    </p>
   </div>
   <div class='ocr_carea' id='block_1_84' title="bbox 2028 4035 3624 4111">
    <p class='ocr_par' dir='ltr' id='par_1_84' title="bbox 2028 4035 3624 4111">
     <span class='ocr_line' id='line_1_84' title="bbox 2028 4035 3624 4111; baseline 0.003 -19"><span class='ocrx_word' id='word_1_647' title='bbox 2028 4039 2216 4093; x_wconf 85' lang='lat' dir='ltr'><strong>tiabitis</strong></span> <span class='ocrx_word' id='word_1_648' title='bbox 2241 4038 2317 4109; x_wconf 84' lang='grc' dir='ltr'><strong>(Ι.</strong></span> <span class='ocrx_word' id='word_1_649' title='bbox 2341 4036 2460 4094; x_wconf 85' lang='lat' dir='ltr'><strong>Cor.</strong></span> <span class='ocrx_word' id='word_1_650' title='bbox 2486 4038 2573 4093; x_wconf 79' lang='grc' dir='ltr'><strong>Η.</strong></span> <span class='ocrx_word' id='word_1_651' title='bbox 2600 4035 2717 4099; x_wconf 75' lang='grc'><strong>26).</strong></span> <span class='ocrx_word' id='word_1_652' title='bbox 2746 4038 2971 4105; x_wconf 87' lang='lat' dir='ltr'><strong>Quando</strong></span> <span class='ocrx_word' id='word_1_653' title='bbox 3001 4039 3159 4109; x_wconf 87' lang='lat' dir='ltr'><strong>igitur</strong></span> <span class='ocrx_word' id='word_1_654' title='bbox 3179 4055 3394 4111; x_wconf 89' lang='lat' dir='ltr'><strong>semper</strong></span> <span class='ocrx_word' id='word_1_655' title='bbox 3415 4041 3624 4098; x_wconf 89' lang='lat' dir='ltr'><strong>Domini</strong></span> 
     </span>
    </p>
   </div>
   <div class='ocr_carea' id='block_1_85' title="bbox 2026 4128 3627 4201">
    <p class='ocr_par' dir='ltr' id='par_1_85' title="bbox 2026 4128 3627 4201">
     <span class='ocr_line' id='line_1_85' title="bbox 2026 4128 3627 4201; baseline 0.003 -18"><span class='ocrx_word' id='word_1_656' title='bbox 2026 4140 2254 4186; x_wconf 87' lang='lat' dir='ltr'><strong>mortem</strong></span> <span class='ocrx_word' id='word_1_657' title='bbox 2268 4128 3108 4199; x_wconf 87' lang='lat' dir='ltr'><strong>possumusannuntiare,Pascha</strong></span> <span class='ocrx_word' id='word_1_658' title='bbox 3117 4144 3332 4201; x_wconf 89' lang='lat' dir='ltr'><strong>semper</strong></span> <span class='ocrx_word' id='word_1_659' title='bbox 3346 4146 3627 4201; x_wconf 75' lang='lat' dir='ltr'><strong>possumus</strong></span> 
     </span>
    </p>
   </div>
   <div class='ocr_carea' id='block_1_86' title="bbox 2025 4206 3625 4280">
    <p class='ocr_par' dir='ltr' id='par_1_86' title="bbox 2025 4206 3625 4280">
     <span class='ocr_line' id='line_1_86' title="bbox 2025 4206 3625 4280; baseline 0.001 -2"><span class='ocrx_word' id='word_1_660' title='bbox 2025 4223 2301 4279; x_wconf 84' lang='lat' dir='ltr'><strong>celebrare</strong></span> <span class='ocrx_word' id='word_1_661' title='bbox 2320 4222 2514 4277; x_wconf 81' lang='lat' dir='ltr'><strong>:Voltis</strong></span> <span class='ocrx_word' id='word_1_662' title='bbox 2529 4236 2689 4278; x_wconf 86' lang='lat' dir='ltr'><strong>nosse</strong></span> <span class='ocrx_word' id='word_1_663' title='bbox 2704 4206 3043 4278; x_wconf 76' lang='lat' dir='ltr'><strong>festivitatem</strong></span> <span class='ocrx_word' id='word_1_664' title='bbox 3077 4222 3215 4279; x_wconf 90' lang='lat' dir='ltr'><strong>hanc</strong></span> <span class='ocrx_word' id='word_1_665' title='bbox 3229 4223 3389 4279; x_wconf 88' lang='lat' dir='ltr'><strong>etiam</strong></span> <span class='ocrx_word' id='word_1_666' title='bbox 3406 4224 3625 4280; x_wconf 86' lang='lat' dir='ltr'><strong>hodier-</strong></span> 
     </span>
    </p>
   </div>
   <div class='ocr_carea' id='block_1_87' title="bbox 2028 4312 3628 4387">
    <p class='ocr_par' dir='ltr' id='par_1_87' title="bbox 2028 4312 3628 4387">
     <span class='ocr_line' id='line_1_87' title="bbox 2028 4312 3628 4387; baseline 0.001 -18"><span class='ocrx_word' id='word_1_667' title='bbox 2028 4329 2151 4370; x_wconf 87' lang='lat' dir='ltr'><strong>nam</strong></span> <span class='ocrx_word' id='word_1_668' title='bbox 2178 4313 2401 4383; x_wconf 83' lang='lat' dir='ltr'><strong>singulis</strong></span> <span class='ocrx_word' id='word_1_669' title='bbox 2428 4312 2618 4369; x_wconf 88' lang='lat' dir='ltr'><strong>diebus</strong></span> <span class='ocrx_word' id='word_1_670' title='bbox 2653 4312 2862 4383; x_wconf 89' lang='lat' dir='ltr'><strong>impleri</strong></span> <span class='ocrx_word' id='word_1_671' title='bbox 2896 4327 3085 4383; x_wconf 89' lang='lat' dir='ltr'><strong>posse,</strong></span> <span class='ocrx_word' id='word_1_672' title='bbox 3110 4313 3220 4369; x_wconf 91' lang='lat' dir='ltr'><strong>imo</strong></span> <span class='ocrx_word' id='word_1_673' title='bbox 3248 4329 3379 4369; x_wconf 87' lang='lat' dir='ltr'><strong>vero</strong></span> <span class='ocrx_word' id='word_1_674' title='bbox 3407 4316 3628 4387; x_wconf 84' lang='lat' dir='ltr'><strong>singulis</strong></span> 
     </span>
    </p>
   </div>
   <div class='ocr_carea' id='block_1_88' title="bbox 2028 4404 3629 4474">
    <p class='ocr_par' dir='ltr' id='par_1_88' title="bbox 2028 4404 3629 4474">
     <span class='ocr_line' id='line_1_88' title="bbox 2028 4404 3629 4474; baseline 0.001 -13"><span class='ocrx_word' id='word_1_675' title='bbox 2028 4405 2217 4461; x_wconf 88' lang='lat' dir='ltr'><strong>diebus</strong></span> <span class='ocrx_word' id='word_1_676' title='bbox 2245 4405 2404 4461; x_wconf 91' lang='lat' dir='ltr'><strong>esse?</strong></span> <span class='ocrx_word' id='word_1_677' title='bbox 2431 4404 2740 4471; x_wconf 74' lang='lat' dir='ltr'><strong>Videamus,</strong></span> <span class='ocrx_word' id='word_1_678' title='bbox 2764 4419 3006 4473; x_wconf 72' lang='lat' dir='ltr'><strong>quaenam</strong></span> <span class='ocrx_word' id='word_1_679' title='bbox 3031 4404 3177 4460; x_wconf 91' lang='lat' dir='ltr'><strong>illius</strong></span> <span class='ocrx_word' id='word_1_680' title='bbox 3203 4406 3274 4462; x_wconf 92' lang='lat' dir='ltr'><strong>sit</strong></span> <span class='ocrx_word' id='word_1_681' title='bbox 3297 4408 3511 4461; x_wconf 89' lang='lat' dir='ltr'><strong>occasio</strong></span> <span class='ocrx_word' id='word_1_682' title='bbox 3534 4448 3553 4474; x_wconf 94' lang='lat'><strong>,</strong></span> <span class='ocrx_word' id='word_1_683' title='bbox 3576 4416 3629 4463; x_wconf 90' lang='lat' dir='ltr'><strong>et</strong></span> 
     </span>
    </p>
   </div>
   <div class='ocr_carea' id='block_1_89' title="bbox 2028 4496 3629 4567">
    <p class='ocr_par' dir='ltr' id='par_1_89' title="bbox 2028 4496 3629 4567">
     <span class='ocr_line' id='line_1_89' title="bbox 2028 4496 3629 4567; baseline 0 -15"><span class='ocrx_word' id='word_1_684' title='bbox 2028 4500 2182 4567; x_wconf 85' lang='lat' dir='ltr'><strong>cujus</strong></span> <span class='ocrx_word' id='word_1_685' title='bbox 2208 4498 2285 4552; x_wconf 89' lang='lat' dir='ltr'><strong>rei</strong></span> <span class='ocrx_word' id='word_1_686' title='bbox 2305 4497 2473 4566; x_wconf 85' lang='lat' dir='ltr'><strong>gratia</strong></span> <span class='ocrx_word' id='word_1_687' title='bbox 2495 4496 2663 4567; x_wconf 87' lang='lat' dir='ltr'><strong>ipsam</strong></span> <span class='ocrx_word' id='word_1_688' title='bbox 2693 4511 2933 4566; x_wconf 86' lang='lat' dir='ltr'><strong>agamus.</strong></span> <span class='ocrx_word' id='word_1_689' title='bbox 2960 4496 3092 4565; x_wconf 89' lang='lat' dir='ltr'><strong>Quia</strong></span> <span class='ocrx_word' id='word_1_690' title='bbox 3122 4496 3372 4551; x_wconf 90' lang='lat' dir='ltr'><strong>nimirum</strong></span> <span class='ocrx_word' id='word_1_691' title='bbox 3397 4496 3629 4567; x_wconf 85' lang='lat' dir='ltr'><strong>Spiritus</strong></span> 
     </span>
    </p>
   </div>
   <div class='ocr_carea' id='block_1_90' title="bbox 2029 4589 3624 4660">
    <p class='ocr_par' dir='ltr' id='par_1_90' title="bbox 2029 4589 3624 4660">
     <span class='ocr_line' id='line_1_90' title="bbox 2029 4589 3624 4660; baseline -0.001 -13"><span class='ocrx_word' id='word_1_692' title='bbox 2029 4603 2248 4647; x_wconf 85' lang='lat' dir='ltr'><strong>sanctus</strong></span> <span class='ocrx_word' id='word_1_693' title='bbox 2275 4591 2342 4646; x_wconf 87' lang='lat' dir='ltr'><strong>ad</strong></span> <span class='ocrx_word' id='word_1_694' title='bbox 2368 4605 2465 4646; x_wconf 90' lang='lat' dir='ltr'><strong>nos</strong></span> <span class='ocrx_word' id='word_1_695' title='bbox 2491 4593 2641 4645; x_wconf 86' lang='lat' dir='ltr'><strong>venit</strong></span> <span class='ocrx_word' id='word_1_696' title='bbox 2668 4606 2682 4644; x_wconf 89' lang='lat'><strong>:</strong></span> <span class='ocrx_word' id='word_1_697' title='bbox 2711 4604 2834 4643; x_wconf 88' lang='lat' dir='ltr'><strong>nam</strong></span> <span class='ocrx_word' id='word_1_698' title='bbox 2863 4589 3314 4660; x_wconf 87' lang='lat' dir='ltr'><strong>quemadmodum</strong></span> <span class='ocrx_word' id='word_1_699' title='bbox 3336 4605 3458 4645; x_wconf 90' lang='lat' dir='ltr'><strong>cum</strong></span> <span class='ocrx_word' id='word_1_700' title='bbox 3488 4589 3624 4646; x_wconf 86' lang='lat' dir='ltr'><strong>ﬁde-</strong></span> 
     </span>
    </p>
   </div>
   <div class='ocr_carea' id='block_1_91' title="bbox 2030 4680 3628 4753">
    <p class='ocr_par' dir='ltr' id='par_1_91' title="bbox 2030 4680 3628 4753">
     <span class='ocr_line' id='line_1_91' title="bbox 2030 4680 3628 4753; baseline -0.001 -13"><span class='ocrx_word' id='word_1_701' title='bbox 2030 4684 2169 4740; x_wconf 90' lang='lat' dir='ltr'><strong>libus</strong></span> <span class='ocrx_word' id='word_1_702' title='bbox 2193 4693 2274 4740; x_wconf 87' lang='lat' dir='ltr'><strong>est</strong></span> <span class='ocrx_word' id='word_1_703' title='bbox 2303 4683 2610 4738; x_wconf 85' lang='lat' dir='ltr'><strong>hominibus</strong></span> <span class='ocrx_word' id='word_1_704' title='bbox 2637 4682 2943 4751; x_wconf 87' lang='lat' dir='ltr'><strong>unigenitus</strong></span> <span class='ocrx_word' id='word_1_705' title='bbox 2968 4680 3062 4736; x_wconf 90' lang='lat' dir='ltr'><strong>Dei</strong></span> <span class='ocrx_word' id='word_1_706' title='bbox 3094 4680 3283 4746; x_wconf 78' lang='lat' dir='ltr'><strong>Filios,</strong></span> <span class='ocrx_word' id='word_1_707' title='bbox 3315 4681 3383 4735; x_wconf 84' lang='lat' dir='ltr'><strong>ita</strong></span> <span class='ocrx_word' id='word_1_708' title='bbox 3410 4696 3628 4753; x_wconf 86' lang='lat' dir='ltr'><strong>quoque</strong></span> 
     </span>
    </p>
   </div>
   <div class='ocr_carea' id='block_1_92' title="bbox 2030 4771 3625 4846">
    <p class='ocr_par' dir='ltr' id='par_1_92' title="bbox 2030 4771 3625 4846">
     <span class='ocr_line' id='line_1_92' title="bbox 2030 4771 3625 4846; baseline -0.003 -14"><span class='ocrx_word' id='word_1_709' title='bbox 2030 4776 2259 4846; x_wconf 83' lang='lat' dir='ltr'><strong>Spiritus</strong></span> <span class='ocrx_word' id='word_1_710' title='bbox 2289 4774 2400 4829; x_wconf 84' lang='lat' dir='ltr'><strong>Dei.</strong></span> <span class='ocrx_word' id='word_1_711' title='bbox 2427 4772 2581 4828; x_wconf 87' lang='lat' dir='ltr'><strong>Unde</strong></span> <span class='ocrx_word' id='word_1_712' title='bbox 2611 4771 2714 4827; x_wconf 89' lang='lat' dir='ltr'><strong>hoc</strong></span> <span class='ocrx_word' id='word_1_713' title='bbox 2738 4772 2989 4826; x_wconf 75' lang='lat' dir='ltr'><strong>constat?</strong></span> <span class='ocrx_word' id='word_1_714' title='bbox 3015 4771 3116 4837; x_wconf 83' lang='lat' dir='ltr'><strong>Qui</strong></span> <span class='ocrx_word' id='word_1_715' title='bbox 3144 4772 3312 4843; x_wconf 79' lang='lat' dir='ltr'><strong>diligit</strong></span> <span class='ocrx_word' id='word_1_716' title='bbox 3338 4787 3417 4827; x_wconf 83' lang='lat' dir='ltr'><strong>me</strong></span> <span class='ocrx_word' id='word_1_717' title='bbox 3434 4813 3449 4835; x_wconf 90' lang='lat'><strong>,</strong></span> <span class='ocrx_word' id='word_1_718' title='bbox 3475 4790 3625 4828; x_wconf 74' lang='lat' dir='ltr'><strong>inan-</strong></span> 
     </span>
    </p>
   </div>
   <div class='ocr_carea' id='block_1_93' title="bbox 2031 4862 3632 4936">
    <p class='ocr_par' dir='ltr' id='par_1_93' title="bbox 2031 4862 3632 4936">
     <span class='ocr_line' id='line_1_93' title="bbox 2031 4862 3632 4936; baseline -0.003 -13"><span class='ocrx_word' id='word_1_719' title='bbox 2031 4870 2154 4923; x_wconf 83' lang='lat' dir='ltr'><strong>data</strong></span> <span class='ocrx_word' id='word_1_720' title='bbox 2180 4883 2290 4922; x_wconf 86' lang='lat' dir='ltr'><strong>mea</strong></span> <span class='ocrx_word' id='word_1_721' title='bbox 2320 4866 2532 4921; x_wconf 79' lang='lat' dir='ltr'><strong>servabit</strong></span> <span class='ocrx_word' id='word_1_722' title='bbox 2557 4880 2576 4919; x_wconf 90' lang='lat'><strong><em>:</em></strong></span> <span class='ocrx_word' id='word_1_723' title='bbox 2600 4873 2648 4920; x_wconf 89' lang='lat' dir='ltr'><strong>et</strong></span> <span class='ocrx_word' id='word_1_724' title='bbox 2666 4882 2757 4936; x_wconf 87' lang='lat' dir='ltr'><strong>ego</strong></span> <span class='ocrx_word' id='word_1_725' title='bbox 2782 4865 2972 4936; x_wconf 79' lang='lat' dir='ltr'><strong>rogabo</strong></span> <span class='ocrx_word' id='word_1_726' title='bbox 3001 4862 3232 4930; x_wconf 80' lang='lat' dir='ltr'><strong>Patrem,</strong></span> <span class='ocrx_word' id='word_1_727' title='bbox 3261 4876 3309 4919; x_wconf 86' lang='lat' dir='ltr'><strong>et</strong></span> <span class='ocrx_word' id='word_1_728' title='bbox 3344 4865 3506 4919; x_wconf 80' lang='lat' dir='ltr'><strong>alium</strong></span> <span class='ocrx_word' id='word_1_729' title='bbox 3532 4883 3632 4936; x_wconf 79' lang='lat' dir='ltr'><strong>pa-</strong></span> 
     </span>
    </p>
   </div>
   <div class='ocr_carea' id='block_1_94' title="bbox 2032 4957 3630 5024">
    <p class='ocr_par' dir='ltr' id='par_1_94' title="bbox 2032 4957 3630 5024">
     <span class='ocr_line' id='line_1_94' title="bbox 2032 4957 3630 5024; baseline -0.004 -6"><span class='ocrx_word' id='word_1_730' title='bbox 2032 4963 2282 5018; x_wconf 85' lang='lat' dir='ltr'><strong>racletum</strong></span> <span class='ocrx_word' id='word_1_731' title='bbox 2309 4962 2448 5015; x_wconf 85' lang='lat' dir='ltr'><strong>dabit</strong></span> <span class='ocrx_word' id='word_1_732' title='bbox 2473 4958 2611 5014; x_wconf 82' lang='lat' dir='ltr'><strong>vobis</strong></span> <span class='ocrx_word' id='word_1_733' title='bbox 2631 5000 2645 5024; x_wconf 92' lang='lat'><strong>,</strong></span> <span class='ocrx_word' id='word_1_734' title='bbox 2678 4968 2734 5012; x_wconf 77' lang='lat' dir='ltr'><strong>ut</strong></span> <span class='ocrx_word' id='word_1_735' title='bbox 2763 4967 2965 5012; x_wconf 79' lang='lat' dir='ltr'><strong>ntaneat</strong></span> <span class='ocrx_word' id='word_1_736' title='bbox 2991 4957 3247 5011; x_wconf 78' lang='lat' dir='ltr'><strong>vobiscum</strong></span> <span class='ocrx_word' id='word_1_737' title='bbox 3271 4957 3325 5012; x_wconf 87' lang='lat' dir='ltr'><strong>in</strong></span> <span class='ocrx_word' id='word_1_738' title='bbox 3349 4966 3594 5013; x_wconf 77' lang='lat' dir='ltr'><strong>attemum</strong></span> <span class='ocrx_word' id='word_1_739' title='bbox 3615 4999 3630 5024; x_wconf 93' lang='lat'><strong>,</strong></span> 
     </span>
    </p>
   </div>
   <div class='ocr_carea' id='block_1_95' title="bbox 2034 5051 3623 5129">
    <p class='ocr_par' dir='ltr' id='par_1_95' title="bbox 2034 5051 3623 5129">
     <span class='ocr_line' id='line_1_95' title="bbox 2034 5051 3623 5129; baseline -0.004 -16"><span class='ocrx_word' id='word_1_740' title='bbox 2034 5056 2290 5129; x_wconf 83' lang='lat' dir='ltr'><strong>Spiritum</strong></span> <span class='ocrx_word' id='word_1_741' title='bbox 2325 5055 2550 5110; x_wconf 78' lang='lat' dir='ltr'><strong>veritatis</strong></span> <span class='ocrx_word' id='word_1_742' title='bbox 2574 5051 2750 5126; x_wconf 83' lang='lat' dir='ltr'><strong>(Joan.</strong></span> <span class='ocrx_word' id='word_1_743' title='bbox 2787 5053 2877 5119; x_wconf 68' lang='grc'><strong>14.</strong></span> <span class='ocrx_word' id='word_1_744' title='bbox 2926 5052 2994 5107; x_wconf 78' lang='grc'><strong>15</strong></span> <span class='ocrx_word' id='word_1_745' title='bbox 3018 5052 3132 5106; x_wconf 77' lang='grc' dir='ltr'><strong>-Π</strong></span> <span class='ocrx_word' id='word_1_746' title='bbox 3154 5052 3198 5124; x_wconf 91' lang='grc'><strong>).</strong></span> <span class='ocrx_word' id='word_1_747' title='bbox 3243 5051 3314 5108; x_wconf 84' lang='lat' dir='ltr'><strong>Ut</strong></span> <span class='ocrx_word' id='word_1_748' title='bbox 3356 5052 3515 5123; x_wconf 84' lang='lat' dir='ltr'><strong>igitur</strong></span> <span class='ocrx_word' id='word_1_749' title='bbox 3553 5052 3623 5107; x_wconf 83' lang='lat' dir='ltr'><strong>de</strong></span> 
     </span>
    </p>
   </div>
   <div class='ocr_carea' id='block_1_96' title="bbox 2035 5142 3632 5220">
    <p class='ocr_par' dir='ltr' id='par_1_96' title="bbox 2035 5142 3632 5220">
     <span class='ocr_line' id='line_1_96' title="bbox 2035 5142 3632 5220; baseline -0.007 -14"><span class='ocrx_word' id='word_1_750' title='bbox 2035 5151 2214 5220; x_wconf 76' lang='lat' dir='ltr'><strong>seipse</strong></span> <span class='ocrx_word' id='word_1_751' title='bbox 2242 5146 2378 5203; x_wconf 78' lang='lat' dir='ltr'><strong>dixit</strong></span> <span class='ocrx_word' id='word_1_752' title='bbox 2402 5145 2647 5201; x_wconf 87' lang='lat' dir='ltr'><strong>Christus</strong></span> <span class='ocrx_word' id='word_1_753' title='bbox 2668 5185 2683 5210; x_wconf 92' lang='lat'><strong>,</strong></span> <span class='ocrx_word' id='word_1_754' title='bbox 2714 5143 2845 5198; x_wconf 85' lang='lat' dir='ltr'><strong>Ecce</strong></span> <span class='ocrx_word' id='word_1_755' title='bbox 2867 5159 2959 5215; x_wconf 88' lang='lat' dir='ltr'><strong>ego</strong></span> <span class='ocrx_word' id='word_1_756' title='bbox 2980 5142 3231 5198; x_wconf 78' lang='lat' dir='ltr'><strong>vobiscum</strong></span> <span class='ocrx_word' id='word_1_757' title='bbox 3259 5158 3375 5199; x_wconf 82' lang='lat' dir='ltr'><strong>sum</strong></span> <span class='ocrx_word' id='word_1_758' title='bbox 3399 5142 3632 5196; x_wconf 80' lang='lat' dir='ltr'><strong>omnibus</strong></span> 
     </span>
    </p>
   </div>
   <div class='ocr_carea' id='block_1_97' title="bbox 2035 5235 3631 5308">
    <p class='ocr_par' dir='ltr' id='par_1_97' title="bbox 2035 5235 3631 5308">
     <span class='ocr_line' id='line_1_97' title="bbox 2035 5235 3631 5308; baseline -0.006 -11"><span class='ocrx_word' id='word_1_759' title='bbox 2035 5243 2210 5299; x_wconf 84' lang='lat' dir='ltr'><strong>diebus</strong></span> <span class='ocrx_word' id='word_1_760' title='bbox 2254 5256 2411 5308; x_wconf 82' lang='lat' dir='ltr'><strong>usque</strong></span> <span class='ocrx_word' id='word_1_761' title='bbox 2453 5240 2522 5293; x_wconf 84' lang='lat' dir='ltr'><strong>ad</strong></span> <span class='ocrx_word' id='word_1_762' title='bbox 2547 5238 3034 5294; x_wconf 82' lang='lat' dir='ltr'><strong>consummationem</strong></span> <span class='ocrx_word' id='word_1_763' title='bbox 3079 5235 3285 5301; x_wconf 79' lang='lat' dir='ltr'><strong>steculi,</strong></span> <span class='ocrx_word' id='word_1_764' title='bbox 3311 5248 3375 5290; x_wconf 89' lang='lat' dir='ltr'><strong>ae</strong></span> <span class='ocrx_word' id='word_1_765' title='bbox 3415 5247 3631 5302; x_wconf 85' lang='lat' dir='ltr'><strong>semper</strong></span> 
     </span>
    </p>
   </div>
   <div class='ocr_carea' id='block_1_98' title="bbox 2034 5323 3631 5408">
    <p class='ocr_par' dir='ltr' id='par_1_98' title="bbox 2034 5323 3631 5408">
     <span class='ocr_line' id='line_1_98' title="bbox 2034 5323 3631 5408; baseline -0.009 -15"><span class='ocrx_word' id='word_1_766' title='bbox 2034 5335 2334 5408; x_wconf 85' lang='lat' dir='ltr'><strong>Epiphania</strong></span> <span class='ocrx_word' id='word_1_767' title='bbox 2367 5345 2651 5405; x_wconf 86' lang='lat' dir='ltr'><strong>possumus</strong></span> <span class='ocrx_word' id='word_1_768' title='bbox 2674 5329 2986 5386; x_wconf 89' lang='lat' dir='ltr'><strong>celebrare:</strong></span> <span class='ocrx_word' id='word_1_769' title='bbox 3012 5328 3080 5382; x_wconf 87' lang='lat' dir='ltr'><strong>ita</strong></span> <span class='ocrx_word' id='word_1_770' title='bbox 3106 5340 3319 5397; x_wconf 89' lang='lat' dir='ltr'><strong>quoque</strong></span> <span class='ocrx_word' id='word_1_771' title='bbox 3341 5325 3409 5379; x_wconf 90' lang='lat' dir='ltr'><strong>de</strong></span> <span class='ocrx_word' id='word_1_772' title='bbox 3431 5323 3631 5393; x_wconf 87' lang='lat' dir='ltr'><strong>Spiritu</strong></span> 
     </span>
    </p>
   </div>
   <div class='ocr_carea' id='block_1_99' title="bbox 2035 5424 3634 5493">
    <p class='ocr_par' dir='ltr' id='par_1_99' title="bbox 2035 5424 3634 5493">
     <span class='ocr_line' id='line_1_99' title="bbox 2035 5424 3634 5493; baseline -0.009 -7"><span class='ocrx_word' id='word_1_773' title='bbox 2035 5438 2221 5485; x_wconf 88' lang='lat' dir='ltr'><strong>sancto</strong></span> <span class='ocrx_word' id='word_1_774' title='bbox 2240 5428 2411 5493; x_wconf 80' lang='lat' dir='ltr'><strong>dixit,</strong></span> <span class='ocrx_word' id='word_1_775' title='bbox 2439 5426 2725 5481; x_wconf 84' lang='lat' dir='ltr'><strong>Vobiscum</strong></span> <span class='ocrx_word' id='word_1_776' title='bbox 2765 5432 2849 5479; x_wconf 89' lang='lat' dir='ltr'><strong>est</strong></span> <span class='ocrx_word' id='word_1_777' title='bbox 2889 5424 2944 5478; x_wconf 93' lang='lat' dir='ltr'><strong>in</strong></span> <span class='ocrx_word' id='word_1_778' title='bbox 2994 5430 3251 5477; x_wconf 78' lang='lat' dir='ltr'><strong>aeternum</strong></span> <span class='ocrx_word' id='word_1_779' title='bbox 3272 5460 3288 5487; x_wconf 96' lang='lat'><strong>,</strong></span> <span class='ocrx_word' id='word_1_780' title='bbox 3312 5432 3634 5489; x_wconf 84' lang='lat' dir='ltr'><strong>semperque</strong></span> 
     </span>
    </p>
   </div>
   <div class='ocr_carea' id='block_1_100' title="bbox 1988 5512 3019 5597">
    <p class='ocr_par' dir='ltr' id='par_1_100' title="bbox 1988 5512 3019 5597">
     <span class='ocr_line' id='line_1_100' title="bbox 1988 5512 3019 5597; baseline -0.011 -16"><span class='ocrx_word' id='word_1_781' title='bbox 1988 5512 2001 5519; x_wconf 65' lang='grc'><strong>’</strong></span> <span class='ocrx_word' id='word_1_782' title='bbox 2038 5537 2322 5597; x_wconf 88' lang='lat' dir='ltr'><strong>possumus</strong></span> <span class='ocrx_word' id='word_1_783' title='bbox 2346 5521 2703 5578; x_wconf 88' lang='lat' dir='ltr'><strong>Pentecosten</strong></span> <span class='ocrx_word' id='word_1_784' title='bbox 2725 5517 3019 5576; x_wconf 89' lang='lat' dir='ltr'><strong>celebrare.</strong></span> 
     </span>
    </p>
   </div>
   <div class='ocr_carea' id='block_1_101' title="bbox 2107 5602 3627 5684">
    <p class='ocr_par' dir='ltr' id='par_1_101' title="bbox 2107 5602 3627 5684">
     <span class='ocr_line' id='line_1_101' title="bbox 2107 5602 3627 5684; baseline -0.01 -12"><span class='ocrx_word' id='word_1_785' title='bbox 2107 5616 2161 5674; x_wconf 75' lang='lat'><strong>2.</strong></span> <span class='ocrx_word' id='word_1_786' title='bbox 2207 5618 2379 5684; x_wconf 84' lang='lat' dir='ltr'><strong>Atque</strong></span> <span class='ocrx_word' id='word_1_787' title='bbox 2413 5622 2475 5670; x_wconf 87' lang='lat' dir='ltr'><strong>ut</strong></span> <span class='ocrx_word' id='word_1_788' title='bbox 2514 5609 2820 5682; x_wconf 80' lang='lat' dir='ltr'><strong>intelligatis</strong></span> <span class='ocrx_word' id='word_1_789' title='bbox 2864 5608 3020 5663; x_wconf 87' lang='lat' dir='ltr'><strong>nobis</strong></span> <span class='ocrx_word' id='word_1_790' title='bbox 3056 5618 3270 5673; x_wconf 83' lang='lat' dir='ltr'><strong>semper</strong></span> <span class='ocrx_word' id='word_1_791' title='bbox 3299 5602 3492 5659; x_wconf 80' lang='lat' dir='ltr'><strong>festum</strong></span> <span class='ocrx_word' id='word_1_792' title='bbox 3518 5602 3627 5670; x_wconf 68' lang='lat' dir='ltr'><strong>agi-</strong></span> 
     </span>
    </p>
   </div>
   <div class='ocr_carea' id='block_1_102' title="bbox 2039 5701 3630 5777">
    <p class='ocr_par' dir='ltr' id='par_1_102' title="bbox 2039 5701 3630 5777">
     <span class='ocr_line' id='line_1_102' title="bbox 2039 5701 3630 5777; baseline -0.009 -12"><span class='ocrx_word' id='word_1_793' title='bbox 2039 5721 2153 5765; x_wconf 90' lang='lat' dir='ltr'><strong>tare</strong></span> <span class='ocrx_word' id='word_1_794' title='bbox 2181 5708 2367 5770; x_wconf 89' lang='lat' dir='ltr'><strong>licere,</strong></span> <span class='ocrx_word' id='word_1_795' title='bbox 2400 5720 2573 5777; x_wconf 86' lang='lat' dir='ltr'><strong>neque</strong></span> <span class='ocrx_word' id='word_1_796' title='bbox 2599 5701 3013 5758; x_wconf 85' lang='lat' dir='ltr'><strong>determinatum</strong></span> <span class='ocrx_word' id='word_1_797' title='bbox 3044 5712 3167 5753; x_wconf 90' lang='lat' dir='ltr'><strong>esse</strong></span> <span class='ocrx_word' id='word_1_798' title='bbox 3195 5706 3427 5767; x_wconf 81' lang='lat' dir='ltr'><strong>tempus,</strong></span> <span class='ocrx_word' id='word_1_799' title='bbox 3455 5706 3630 5765; x_wconf 88' lang='lat' dir='ltr'><strong>neque</strong></span> 
     </span>
    </p>
   </div>
   <div class='ocr_carea' id='block_1_103' title="bbox 1993 5783 3635 5869">
    <p class='ocr_par' dir='ltr' id='par_1_103' title="bbox 1993 5783 3635 5869">
     <span class='ocr_line' id='line_1_103' title="bbox 1993 5783 3635 5869; baseline -0.01 -11"><span class='ocrx_word' id='word_1_800' title='bbox 1993 5812 2001 5819; x_wconf 88' lang='lat'>&#39;</span> <span class='ocrx_word' id='word_1_801' title='bbox 2039 5815 2137 5858; x_wconf 91' lang='lat' dir='ltr'><strong>nos</strong></span> <span class='ocrx_word' id='word_1_802' title='bbox 2166 5799 2420 5869; x_wconf 88' lang='lat' dir='ltr'><strong>temporis</strong></span> <span class='ocrx_word' id='word_1_803' title='bbox 2446 5795 2761 5853; x_wconf 87' lang='lat' dir='ltr'><strong>necessitate</strong></span> <span class='ocrx_word' id='word_1_804' title='bbox 2793 5792 3073 5856; x_wconf 86' lang='lat' dir='ltr'><strong>coarctari,</strong></span> <span class='ocrx_word' id='word_1_805' title='bbox 3103 5790 3231 5862; x_wconf 85' lang='lat' dir='ltr'><strong>quid</strong></span> <span class='ocrx_word' id='word_1_806' title='bbox 3271 5788 3463 5848; x_wconf 82' lang='lat' dir='ltr'><strong>Paulus</strong></span> <span class='ocrx_word' id='word_1_807' title='bbox 3491 5783 3635 5843; x_wconf 84' lang='lat' dir='ltr'><strong>dicat</strong></span> 
     </span>
    </p>
   </div>
   <div class='ocr_carea' id='block_1_104' title="bbox 2101 5907 3260 5985">
    <p class='ocr_par' dir='ltr' id='par_1_104' title="bbox 2101 5907 3260 5985">
     <span class='ocr_line' id='line_1_104' title="bbox 2101 5907 3260 5985; baseline -0.01 -18"><span class='ocrx_word' id='word_1_808' title='bbox 2101 5917 2175 5985; x_wconf 78' lang='lat' dir='ltr'><strong>(tt)</strong></span> <span class='ocrx_word' id='word_1_809' title='bbox 2212 5916 2327 5967; x_wconf 75' lang='lat' dir='ltr'><strong>Vide</strong></span> <span class='ocrx_word' id='word_1_810' title='bbox 2351 5929 2461 5980; x_wconf 71' lang='lat' dir='ltr'><strong>qua:</strong></span> <span class='ocrx_word' id='word_1_811' title='bbox 2482 5914 2570 5964; x_wconf 86' lang='lat' dir='ltr'><strong>hac</strong></span> <span class='ocrx_word' id='word_1_812' title='bbox 2593 5912 2657 5962; x_wconf 89' lang='lat' dir='ltr'><strong>de</strong></span> <span class='ocrx_word' id='word_1_813' title='bbox 2678 5923 2734 5962; x_wconf 88' lang='lat' dir='ltr'><strong>re</strong></span> <span class='ocrx_word' id='word_1_814' title='bbox 2761 5907 2975 5959; x_wconf 81' lang='lat' dir='ltr'><strong>diximus</strong></span> <span class='ocrx_word' id='word_1_815' title='bbox 2999 5910 3048 5958; x_wconf 87' lang='lat' dir='ltr'><strong>in</strong></span> <span class='ocrx_word' id='word_1_816' title='bbox 3072 5909 3260 5957; x_wconf 76' lang='lat' dir='ltr'><strong>Monito.</strong></span> 
     </span>
    </p>
   </div>
  </div>
