4130 6466
545 425 650 481 ‘55

546 539 728 606 audite
756 557 768 593 :
800 537 982 609 Itaque
1032 538 1212 607 festum
1240 535 1486 605 agitemus
1514 531 1589 604 (l.
1620 522 1736 586 Cor.
1768 531 1817 585 5.
1863 530 1956 599 8):
1988 537 2122 583 tam-

553 633 650 687 etsi
673 647 778 686 non
809 637 925 685 erat
968 629 1158 683 festum
1189 626 1400 697 quando
1439 623 1553 678 lucc
1601 623 1848 690 scripsit:
1884 637 1986 674 non
2017 628 2132 675 erat

553 722 776 789 Pascha,
823 736 929 776 non
973 727 1090 776 erat
1119 717 1436 788 Epiphania,
1483 729 1586 769 non
1619 722 1734 767 erat
1781 712 2128 774 Pentecoste;

550 816 646 872 sed
696 815 895 878 indicat
936 827 1042 867 non
1075 822 1301 880 tempus,
1327 808 1420 864 sed
1449 807 1828 862 conscientiam
1873 803 2128 860 mundam

547 907 743 961 festum
772 902 1187 960 efficere:nihil
1234 901 1378 955 enim
1425 898 1568 954 aliud
1617 908 1700 953 est
1748 898 1940 952 festum
1971 909 2127 965 quam

549 996 730 1066 latitia
763 1013 776 1050 :
810 993 1140 1068 spiritualem
1168 1006 1294 1045 vero
1320 989 1556 1066 latitiam
1598 987 1725 1044 nihil
1756 987 1898 1042 aliud
1941 985 2126 1070 gignit,

547 1103 706 1155 quam
755 1077 1080 1155 conscientia
1129 1083 1390 1145 bonorum
1435 1095 1696 1150 operum:
1733 1093 1891 1148 porro
1930 1077 1995 1142 is,
2043 1077 2128 1130 cui

543 1178 683 1234 bona
725 1178 794 1232 sit
837 1174 1190 1238 conscientia,
1238 1182 1293 1228 et
1330 1173 1454 1232 talia
1501 1159 1704 1238 apem,"
1736 1171 1924 1231 festum
1971 1183 2130 1238 agere

545 1284 758 1338 semper
785 1277 976 1337 potest.
1009 1267 1122 1326 lloc
1151 1265 1312 1335 igitur
1345 1265 1516 1334 ipsum
1554 1262 1793 1328 indicans
1825 1260 2016 1314 l’aulus
2043 1259 2126 1314 di-

547 1359 700 1418 cebat
725 1375 737 1410 :
767 1356 948 1426 Itaque
982 1361 1164 1427 festum
1196 1355 1461 1426 agitemus,
1485 1369 1586 1406 non
1615 1353 1666 1406 in
1687 1357 1930 1422 fermento
1955 1351 2127 1417 veteri,

545 1467 704 1516 neque
738 1451 792 1504 in
826 1454 1072 1521 fermento
1115 1445 1326 1500 malitia:
1354 1455 1401 1500 et
1428 1444 1679 1512 nequitiaz,
1712 1444 1798 1497 sed
1838 1444 1891 1496 in
1938 1442 2132 1512 azymis

544 1543 848 1598 sinceritatis
875 1551 920 1596 et
945 1541 1168 1596 veritatis
1197 1537 1406 1610 (Ibid).
1432 1537 1593 1592 Vides
1621 1547 1678 1591 ttt
1706 1547 2002 1606 temporum
2031 1550 2128 1591 ne-

545 1635 800 1690 cessitate
839 1647 1173 1703 nequaquam
1206 1639 1258 1685 te
1298 1628 1693 1691 constrinxcrit,
1727 1628 1819 1682 sed
1851 1626 1916 1685 ad
1945 1641 2130 1696 puram

543 1725 845 1780 habendam
897 1723 1278 1779 conscientiam
1328 1721 1486 1776 fuerit
1531 1719 1878 1776 cohortatus?
1927 1717 2129 1771 Vellem

545 1825 716 1870 totum
745 1816 798 1870 in
825 1815 930 1881 hoc
957 1827 1260 1869 sermonem
1292 1826 1612 1868 consumere
1636 1829 1648 1864 :
1681 1809 1768 1879 qui
1799 1810 1941 1864 enim
1967 1823 2129 1878 quos-

543 1907 668 1962 dam
721 1915 842 1977 post
887 1905 1103 1975 longum
1153 1903 1409 1973 temporis
1457 1902 1791 1958 intervallum
1842 1901 1893 1954 in
1942 1915 2131 1955 manus

544 1997 888 2068 sumpserint,
925 2011 1019 2051 eos
1059 1995 1211 2052 facile
1241 2008 1346 2048 non
1377 1992 1648 2048 dimittunt
1679 2010 1692 2046 :
1734 1989 1945 2060 quando
1975 1989 2132 2060 igitur

544 2106 662 2156 vos,
684 2090 775 2160 qui
802 2099 921 2160 post
954 2103 1153 2143 annum
1190 2086 1409 2150 adestis,
1443 2084 1580 2144 intra
1619 2083 1752 2138 retia
1779 2091 1960 2137 nostra
1988 2081 2132 2151 cepi-

543 2196 684 2249 mus,
712 2179 873 2237 hodie
913 2179 1180 2242 dimittere
1207 2178 1426 2232 minime
1455 2175 1732 2238 volumus;
1783 2173 1878 2230 sed
1925 2189 1995 2228 ne
2019 2188 2133 2228 ser-

543 2271 720 2342 monis
747 2269 812 2329 de
835 2268 936 2333 hoc
960 2259 1097 2323 festo
1122 2267 1389 2323 recedatis
1421 2274 1687 2336 expertes,
1715 2264 1782 2320 ab
1810 2263 1908 2318 hac
1934 2262 2130 2318 cohor-

543 2363 742 2424 tatiOne
769 2360 836 2417 ad
878 2359 1179 2415 festivitatis
1205 2358 1541 2414 occasionem
1589 2355 1759 2409 oratio
1809 2352 2133 2409 traducenda

539 2464 643 2511 est.
671 2453 832 2516 Multa
870 2452 1086 2523 quidem
1133 2464 1503 2520 saepenumero
1529 2447 1602 2515 de,
1646 2446 1785 2502 cwlo
1832 2445 1884 2500 in
1935 2455 2131 2500 terram

537 2547 724 2619 generi
762 2546 995 2600 humano
1034 2543 1252 2613 delapsa
1289 2551 1410 2597 sunt
1441 2541 1578 2596 bona
1609 2556 1622 2592 :
1661 2539 1837 2609 qualia
1880 2552 2010 2592 vero
2038 2536 2134 2592 de-

540 2641 702 2696 missa
730 2647 855 2694 sunt
873 2637 1133 2692 hodierno
1161 2634 1267 2699 die,
1292 2648 1578 2702 numquam
1611 2641 1787 2687 antea.
1816 2630 2132 2702 Cognoscite

542 2733 702 2804 igitur
729 2731 901 2802 qualia
929 2731 1097 2800 prius,
1125 2737 1178 2784 et
1207 2727 1380 2798 qualia
1407 2726 1666 2781 hodierno
1691 2726 1798 2790 die,
1823 2734 1880 2780 ut
1907 2733 1961 2780 et
1986 2734 2131 2780 utro.

543 2842 768 2896 rumque
816 2825 1101 2880 discrimen
1156 2820 1614 2877 animadvertatis.
1661 2818 1806 2874 Pluit
1847 2820 1900 2873 in
1943 2828 2132 2872 terram

539 2935 730 2976 meum:
777 2917 912 2971 Deus
937 2925 982 2970 et
1009 2931 1191 2988 panem
1214 2913 1325 2971 creti
1367 2912 1503 2967 dedit
1548 2913 1617 2966 eis
1662 2910 1834 2983 (Psat.
1867 2912 1954 2966 77.
1997 2909 2128 2982 24):

543 3025 732 3081 panem
751 3011 894 3064 enim
915 3007 1226 3076 angelorum
1249 3003 1587 3062 manducavit
1607 3004 1802 3069 homo;
1840 3018 1926 3058 res
1945 3002 2128 3074 procul

539 3101 702 3157 dubio
731 3113 919 3170 magna
966 3106 1050 3154 est
1090 3097 1291 3166 Deique
1332 3095 1490 3168 digna
1541 3093 1909 3164 benignitate:
1945 3103 2129 3165 postea

539 3193 610 3251 de
633 3191 764 3248 ctelo
789 3189 1055 3246 demissus
1079 3199 1164 3244 est
1184 3187 1343 3259 ignis,
1369 3195 1424 3241 et
1449 3185 1724 3248 Judaicum
1763 3185 2020 3256 populum
2043 3200 2130 3240 er-

541 3293 749 3339 rantem
793 3283 1049 3348 correxit,
1082 3295 1144 3336 ac
1197 3278 1518 3337 sacrificium
1569 3277 1802 3347 abripuit
1856 3277 1925 3340 ab
1976 3275 2151 3339 altari.

542 3374 810 3430 Omnibus
829 3387 1019 3428 rursus
1048 3370 1188 3426 fame
1219 3370 1626 3427 tabescentibus
1639 3369 1874 3429 demissa
1894 3369 2119 3438 estplu-

541 3467 648 3532 via,
665 3467 1002 3536 multamque
1021 3463 1238 3536 frugum
1259 3464 1442 3519 attulit
1463 3463 1760 3518 ubertatem
1779 3461 1854 3525 (ὅ.
1879 3458 2003 3530 Reg.
2024 3457 2114 3526 l8;

541 3560 654 3630 58).
677 3557 867 3628 Magna
891 3567 1016 3613 sunt
1040 3558 1156 3619 haec
1185 3566 1240 3612 et
1271 3557 1643 3619 admirabilia,
1677 3556 1772 3612 sed
1791 3558 1958 3618 multo
1993 3571 2116 3622 ma-

533 3649 654 3717 jora
683 3655 810 3702 sunt
833 3648 1151 3716 praesentia:
1180 3661 1288 3704 non
1318 3660 1535 3709 manna,
1560 3646 1717 3714 ignis,
1745 3653 1800 3700 et
1823 3645 2002 3715 pluvia
2028 3645 2126 3700 de-

539 3737 702 3790 missa
748 3746 831 3790 est
877 3734 1055 3802 hodie,
1086 3735 1181 3793 sed
1227 3735 1398 3790 imber
1430 3734 1782 3804 Spiritualium
1825 3734 2125 3789 donorum:

541 3827 706 3891 nimbi
731 3826 961 3896 desuper
999 3836 1122 3882 sunt
1142 3826 1358 3895 dejecti,
1379 3827 1570 3896 quibus
1596 3841 1700 3880 non
1724 3827 1833 3897 jam
1858 3827 1924 3881 ad
1951 3827 2130 3897 fruges

537 3916 883 3988 proferendas
917 3918 1073 3976 tellus
1102 3919 1382 3985 excitatur,
1415 3917 1507 3972 sed
1545 3927 1750 3972 natura:
1779 3918 2130 3989 persuadetur

538 4011 801 4075 humanm,
829 4019 886 4066 ut
921 4012 1132 4065 virtutis
1159 4011 1392 4066 fructum
1419 4011 1694 4076 hominum
1725 4015 1971 4084 agricolae
2000 4015 2126 4071 red-

537 4101 648 4164 dat.
667 4100 873 4172 Quique
899 4111 1099 4173 guttam
1131 4101 1254 4166 inde
1274 4112 1616 4173 exceperant,
1645 4113 1848 4160 natura:
1868 4119 1978 4160 sua:
1998 4120 2125 4161 con-

535 4193 710 4263 festim
747 4193 1212 4260 oblivisccbanlur,
1243 4205 1298 4250 et
1321 4194 1523 4266 angelis
1551 4195 1728 4258 omnis
1765 4204 1912 4262 terra
1951 4197 2127 4259 subito

536 4285 862 4356 replebatur,
892 4287 1095 4356 angelis
1143 4302 1249 4342 non
1281 4288 1602 4354 caelestibus,
1636 4289 1729 4343 sed
1773 4289 1864 4359 qui
1895 4290 2127 4345 humano

534 4380 590 4432 in
614 4391 840 4446 corpore
881 4386 1197 4448 potestatum
1227 4379 1658 4450 incorporearum
1686 4379 1934 4442 virtutem
1969 4381 2124 4441 exhi-

537 4471 748 4535 berem.
793 4470 910 4526 Non
954 4471 1096 4533 enim
1151 4472 1224 4525 illi
1267 4470 1516 4534 deorsum
1571 4471 1983 4538 descenderunt,
2029 4474 2126 4538 sed

533 4563 676 4634 quod
700 4563 997 4618 mirabilius
1035 4560 1154 4630 fuit,
1184 4563 1273 4633 qui
1314 4563 1566 4628 deorsum
1603 4575 1775 4630 cram,
1816 4563 1883 4633 ad
1913 4565 2122 4622 illorum

533 4657 782 4732 virtutem
808 4655 1196 4712 ascenderunt:
1220 4672 1325 4711 non
1354 4657 1496 4712 enim
1521 4672 1682 4712 carne
1701 4657 1942 4727 deposita
1968 4658 2124 4723 nudis

533 4749 811 4804 animabus
851 4748 1186 4814 incedebant,
1210 4748 1304 4803 sed
1350 4758 1594 4804 naturam
1624 4751 1918 4805 retinentes
1959 4751 2122 4816 animi

533 4842 806 4910 proposito
832 4841 1004 4910 angeli
1036 4839 1252 4894 ﬁebant.
1283 4841 1458 4910 Atque
1487 4850 1545 4894 ut
1575 4841 1860 4909 intelligas,
1885 4856 1952 4895 ne
1981 4842 2123 4910 prio-

532 4947 649 4986 rem
695 4928 909 5000 quidem
953 4931 1097 4994 illam
1145 4945 1356 5000 poenam
1401 4929 1567 4991 fuisse
1613 4946 1856 5000 ptenam,
1907 4932 2122 5001 quando

529 5023 687 5089 dixit,
718 5020 879 5087 Terra
917 5038 991 5092 es,
1021 5031 1070 5075 et
1107 5023 1160 5083 in
1188 5031 1372 5076 terram
1412 5023 1670 5078 reverteris
1722 5022 1875 5094 (Gen.
1907 5024 1958 5078 5.
2005 5023 2119 5093 19),

529 5122 813 5186 propterea
859 5129 1079 5178 manere
1126 5123 1176 5169 te
1220 5114 1461 5184 permisit
1498 5115 1551 5169 in
1598 5124 1761 5180 terra,
1808 5124 1866 5171 ut
1893 5116 2121 5185 amplius

527 5209 767 5280 potentia
794 5207 1025 5278 Spiritus
1060 5209 1453 5275 ostenderetur,
1495 5224 1614 5279 quae
1656 5209 1780 5268 talia
1819 5223 1914 5282 per
1944 5219 2117 5264 terre-

525 5321 652 5359 num
684 5317 880 5372 corpus
917 5299 1217 5371 perficeret.
1248 5301 1379 5356 Nam
1418 5302 1603 5357 videre
1631 5311 1745 5358 erat
1785 5302 1978 5358 luteam
2012 5302 2118 5356 lin-

525 5410 683 5466 guam
726 5391 1062 5452 daemonibus
1104 5392 1450 5462 imperantem
1483 5410 1497 5446 :
1543 5391 1726 5448 videre
1765 5402 1881 5447 erat
1922 5393 2116 5447 luteam

524 5501 742 5542 manum
788 5484 1007 5541 morbos
1051 5493 1372 5539 sanantem:
1416 5484 1527 5552 imo
1571 5501 1700 5540 vero
1741 5500 1849 5540 non
1899 5499 2116 5539 manum

525 5585 731 5639 tantum
761 5575 959 5632 luteam
1000 5576 1185 5633 videre
1218 5585 1368 5642 erat;
1398 5577 1492 5632 sed
1531 5576 1674 5646 quod
1700 5579 1870 5632 multo
1898 5576 2117 5631 mirabi-

528 5669 627 5722 lius
671 5675 807 5734 erat,
835 5669 1098 5723 luteorum
1141 5683 1427 5738 corporum
1455 5669 1672 5723 umbras
1713 5678 1769 5723 et
1806 5678 2032 5724 mortem
2063 5679 2118 5726 et

529 5759 870 5827 incorporeas
891 5768 1202 5826 potestates,
1224 5758 1495 5814 daemones
1521 5758 1756 5829 inquam,
1781 5770 2112 5831 superantes.

535 5848 671 5923 {Diam
699 5848 1144 5924 quemadmodum
1185 5859 1473 5940 apparente
1500 5849 1616 5925 sole
1657 5851 1890 5910 tenebrae
1937 5852 2118 5910 discu-

1279 414 1340 472 S.
1383 411 1662 472 JOANNS
1694 408 2167 468 CHRYSOSTOMI
2207 408 2527 480 ARCHIEP.
2567 409 3105 498 QONS'I’ANTINOP.

3722 418 3828 474 ‘56

2244 525 2465 592 tinntur,
2517 525 2643 582 fera:
2683 524 2901 582 latibula
2945 542 3043 583 sua
3085 526 3472 598 ingrediuntur,
3519 527 3828 599 homicidae,

2237 620 2489 684 latrones,
2521 629 2575 674 et
2615 621 2936 675 tumulorum
2980 621 3261 691 praedones
3295 621 3361 677 ad
3391 623 3622 680 vertices
3665 641 3829 681 mon-

2238 711 2369 766 tium
2421 722 2746 767 recurrunt:
2787 713 2865 768 sic
2907 722 3197 783 apparente
3240 727 3534 786 vocemque
3579 718 3829 773 mittente

2237 800 2413 866 Petro,
2445 801 2642 856 erroris
2673 801 2906 856 tenebrat
2935 802 3374 870 discutiebantur,
3405 805 3687 861 recedebat
3712 807 3831 863 dia-

2237 889 2410 958 bolus,
2439 890 2706 961 fugiebant
2729 892 3023 959 daemones,
3047 907 3332 962 corporum
3362 895 3531 950 morbi
3558 896 3826 953 tolleban-

2237 990 2340 1047 tur,
2375 983 2670 1037 animarum
2715 983 3056 1053 aegritudines
3085 984 3432 1052 sanabantur,
3471 987 3671 1042 malitia
3704 1003 3828 1044 om-

2238 1074 2320 1131 nis
2345 1074 2644 1142 arcebatur,
2670 1076 2720 1129 in
2763 1085 2930 1130 terras
2953 1076 3118 1130 virtus
3140 1077 3507 1133 reducebatur.
3536 1080 3602 1135 Et
3630 1096 3826 1150 quem-

2233 1164 2519 1234 admodum
2572 1165 2733 1234 regiis
2785 1181 2850 1220 ex
2911 1167 3145 1231 aerariis,
3196 1167 3247 1220 in
3299 1168 3492 1237 quibus
3539 1185 3729 1225 aurum
3773 1181 3832 1226 et

2235 1256 2438 1326 lapides
2468 1256 2686 1325 pretiosi
2733 1265 2877 1322 sunt,
2911 1258 2954 1312 si
2999 1258 3118 1326 quis
3147 1259 3234 1312 vel
3284 1260 3562 1315 minimum
3588 1262 3715 1332 quid
3742 1263 3829 1317 cf-

2237 1349 2378 1404 ferre
2404 1349 2633 1420 petuerit
2664 1364 2872 1413 eorum,
2897 1367 3014 1419 qua:
3045 1350 3337 1406 honorifice
3365 1362 3490 1406 sunt
3530 1354 3828 1420 recondita,

2239 1441 2364 1496 licet
2410 1457 2576 1496 unum
2628 1442 2866 1510 lapillum
2915 1451 3154 1510 tantum,
3201 1443 3383 1498 multis
3437 1445 3626 1514 opibus
3668 1455 3831 1517 auget

2235 1547 2599 1603 possessorem
2626 1552 2639 1589 :
2671 1536 2749 1588 sic
2787 1549 2854 1592 ex
2890 1549 2984 1590 ore
3012 1534 3410 1606 apostolorum;
3453 1538 3649 1592 etenim
3681 1540 3829 1608 regia

2235 1623 2479 1694 qua2dam
2504 1634 2660 1680 erant
2687 1625 2872 1679 aeraria
2905 1625 3118 1681 illorum
3145 1641 3259 1693 ora,
3285 1629 3336 1680 in
3365 1627 3556 1696 quibus
3586 1630 3827 1684 sanatio-

2236 1716 2362 1770 num
2391 1717 2698 1772 reconditus
2731 1717 2898 1770 inerat
2929 1716 3208 1772 thesaurus
3237 1734 3250 1783 ;
3296 1719 3382 1774 vel
3412 1720 3830 1790 unumquodque

2243 1809 2463 1869 verbum
2485 1809 2671 1864 exiens
2695 1809 2996 1878 spirituales
3025 1809 3218 1883 multas
3248 1825 3378 1880 opes
3411 1811 3828 1882 pariebat.Tum

2237 1915 2364 1956 vere
2395 1900 2585 1955 licebat
2613 1901 2806 1956 intueri
2835 1901 3210 1964 desiderabilia
3237 1917 3358 1958 esse
3384 1903 3590 1957 Domini
3617 1905 3830 1975 eloquia

2235 2005 2398 2060 super
2440 2006 2650 2058 aurum,
2694 2001 2749 2049 et
2792 1992 3019 2062 lapidem
3073 1993 3364 2063 pretiosum
3397 1995 3621 2063 multum
3653 1995 3830 2066 (Psql.

2241 2081 2364 2136 “8.
2399 2082 2491 2153 ll)
2519 2101 2532 2138 :
2565 2083 2708 2154 quod
2734 2083 2876 2140 enim
2906 2099 3094 2139 aurum
3119 2100 3224 2139 non
3249 2096 3478 2155 poterat,
3507 2103 3680 2158 neque
3710 2105 3835 2158 pre-

2239 2175 2406 2230 tiosus
2449 2176 2603 2247 lapis,
2635 2177 2736 2240 hoc
2778 2177 2921 2232 Petri
2961 2177 3124 2236 verba
3169 2177 3454 2248 faciebant,
3499 2179 3640 2248 Quot
3681 2183 3832 2237 enim

2237 2267 2354 2320 auri
2383 2267 2580 2322 talenta
2612 2267 2802 2322 claudo
2823 2283 2850 2322 a
2885 2268 3157 2322 nativitate
3182 2277 3384 2325 rectum
3417 2269 3685 2324 incessum
3706 2271 3835 2329 red-

2237 2358 2366 2413 dere
2399 2359 2735 2428 potuissent?
2777 2358 2870 2413 sed
2916 2375 3058 2420 nunc
3105 2361 3290 2415 tollere
3329 2371 3534 2416 natura:
3561 2361 3832 2417 defectuum

2238 2451 2410 2520 potuit
2452 2450 2674 2505 verbum
2706 2449 2883 2517 Petri;
2929 2450 3082 2517 dixit,
3134 2449 3200 2512 In
3246 2453 3446 2512 nomine
3485 2451 3611 2506 Jesn
3642 2452 3834 2519 Christi

2235 2559 2388 2614 surge
2414 2553 2459 2596 et
2486 2544 2691 2598 ambula
2733 2545 2869 2613 (Act.
2911 2544 2964 2600 5.
2994 2545 3133 2615 6),ct
3163 2559 3344 2607 sermo
3366 2544 3536 2599 factus
3557 2555 3639 2600 est
3667 2561 3830 2616 Opus.

2239 2637 2403 2693 Vides
2433 2646 2488 2691 ut
2514 2636 2886 2692 desiderabilia
2934 2637 3043 2692 sint
3070 2653 3232 2707 super
3278 2653 3466 2692 aurum
3499 2647 3554 2692 et
3594 2640 3832 2709 lapidem

2237 2729 2528 2797 pretiosum
2582 2729 2845 2783 multum?
2896 2729 3042 2783 vides
3091 2738 3150 2791 ut
3202 2731 3388 2784 a‘raria
3442 2729 3640 2799 fuerint
3685 2733 3835 2802 regia

2238 2821 2451 2875 illorum
2497 2821 2636 2875 ora?
2669 2820 2812 2876 Vere
2861 2820 3055 2875 medici
3100 2820 3247 2874 orbis
3297 2829 3559 2890 terrarum
3613 2823 3835 2878 fuerunt

2240 2910 2336 2978 illi,
2370 2920 2426 2966 et
2461 2911 2728 2982 agricol-.e,
2759 2921 2811 2966 et
2857 2911 3241 2983 gubernatores
3286 2930 3300 2965 :
3353 2913 3546 2980 medici
3590 2915 3832 2984 quidem,

2238 3003 2492 3072 quoniam
2539 3004 2882 3073 aegritudines
2929 3003 3229 3058 curabant:
3264 3005 3531 3074 agricolae,
3575 3008 3830 3076 quoniam

2236 3095 2459 3150 verbum
2504 3095 2778 3166 religionis
2821 3096 3201 3151 seminabant:
3246 3097 3652 3167 gubernatores,
3694 3115 3834 3170 quo-

2237 3187 2381 3241 niam
2409 3187 2608 3242 erroris
2639 3186 2936 3256 procellam
2967 3185 3252 3242 sedabant.
3303 3187 3509 3243 Idcirco
3557 3204 3832 3243 nonnum-

2235 3293 2395 3350 quam
2445 3276 2594 3342 dicit,
2629 3275 2821 3333 Euntcs
2863 3278 3094 3346 inﬁrmos
3131 3290 3305 3333 curate
3349 3278 3561 3350 (Matth.
3613 3280 3700 3335 10.
3746 3279 3832 3353 8),

2237 3381 2508 3442 tamquam
2557 3371 2796 3427 medicos
2845 3373 3120 3442 alloquens
3161 3391 3174 3426 :
3225 3387 3646 3442 nonnumquam,
3696 3372 3833 3428 Ecce

2234 3463 2375 3517 mitto
2397 3479 2482 3516 vos
2502 3472 2702 3530 metere,
2727 3463 2862 3530 quod
2883 3479 2969 3518 vos
2996 3480 3097 3517 non
3126 3464 3395 3518 laborastis
3428 3465 3608 3538 (Joan.
3631 3466 3685 3520 4.
3709 3465 3828 3535 58),

2234 3563 2503 3622 tamquam
2531 3553 2791 3623 agricolas
2832 3554 3148 3623 alloquens:
3196 3563 3250 3609 et
3289 3554 3413 3608 alibi
3459 3570 3685 3609 rursus:
3721 3553 3831 3610 Fa-

2235 3646 2366 3698 ciam
2394 3660 2480 3704 vos
2508 3646 2779 3712 piscatores
2827 3645 3089 3699 hominum
3132 3644 3347 3717 (Matth.
3391 3647 3445 3701 4.
3480 3648 3605 3717 19);
3638 3659 3690 3702 et
3720 3647 3828 3716 Pe-

2235 3745 2346 3800 tro,
2374 3734 2428 3788 Ν
2431 3736 2500 3789 oti
2529 3737 2722 3802 timere,
2741 3752 2804 3791 ea:
2823 3737 2916 3790 hoc
2927 3737 3043 3806 jam
3071 3737 3295 3790 homines
3321 3738 3418 3790 eris
3444 3741 3647 3808 capiens
3669 3736 3827 3809 (Luc.

2233 3827 2287 3881 5.
2317 3826 2430 3897 l0),
2460 3834 2725 3896 tamquam
2747 3827 2812 3881 ad
2849 3828 3236 3900 gubernatores
3261 3836 3314 3882 et
3346 3829 3638 3898 piscatores
3664 3829 3830 3884 verba

2233 3919 2473 3984 faciens;
2520 3927 2578 3974 et
2607 3919 2786 3974 videre
2816 3929 2932 3984 erat
2957 3919 3230 3981 miraculis
3278 3919 3619 3974 succedenti-.1
3650 3919 3821 3974 mira-

2231 4011 2371 4066 cula.
2407 4011 2619 4073 Etenim
2657 4021 2844 4066 natura
2875 4018 3059 4076 nostra
3102 4020 3226 4065 ante
3253 4010 3441 4066 decem
3469 4005 3600 4065 dies.
3624 4009 3692 4064 ad
3737 4025 3829 4066 re-

2230 4105 2376 4174 gium
2421 4103 2674 4159 thronum
2725 4104 3002 4177 ascendit,
3048 4113 3104 4159 et
3149 4102 3412 4168 hodierno
3455 4103 3544 4158 die
3592 4102 3826 4176 Spiritus

2230 4204 2450 4252 sanctus
2494 4195 2561 4250 ad
2606 4205 2851 4254 naturam
2899 4205 3137 4256 nostram
3197 4195 3506 4260 descendit;
3559 4196 3823 4265 primitias

2230 4297 2444 4354 nostras
2484 4287 2743 4343 Dominus
2766 4288 2820 4342 in
2849 4287 3040 4342 ctelum
3070 4289 3265 4354 evexit,
3293 4296 3348 4342 ct
3387 4285 3646 4358 Spiritum
3681 4301 3821 4340 san-

2226 4389 2372 4442 ctum
2402 4378 2636 4441 demisit.
2669 4379 2820 4443 Alter
2845 4387 2928 4434 est
2966 4378 3247 4441 Dominus,
3279 4378 3371 4452 qui
3398 4377 3512 4432 haec
3542 4377 3681 4434 dona
3711 4375 3826 4431 dis-

2231 4472 2454 4540 tribuit;
2505 4486 2630 4533 nam
2677 4472 2907 4542 Spiritus
2932 4481 3152 4526 sanctus
3199 4479 3282 4526 est
3313 4470 3590 4537 Dominus,
3622 4479 3675 4524 et
3701 4469 3819 4523 dis-

2229 4565 2598 4634 pensationem
2639 4574 2820 4618 nostra
2848 4578 3008 4618 causa
3051 4570 3353 4632 susceptam
3383 4562 3540 4627 Pater
3567 4570 3622 4616 et
3649 4560 3820 4622 Filius

2227 4665 2282 4711 et
2306 4655 2536 4725 Spiritus
2562 4664 2780 4712 sanctus
2808 4655 2947 4709 inter
2973 4669 3032 4720 se
3077 4655 3376 4708 diviserunt
3408 4671 3422 4708 :
3449 4652 3682 4706 nondum
3721 4652 3822 4708 de-

2227 4763 2343 4802 cem
2375 4747 2542 4816 clapsi
2589 4747 2705 4808 dies
2751 4756 2925 4813 erant,
2958 4761 3024 4800 ex
3053 4761 3161 4816 quo
3190 4745 3434 4806 Christus
3477 4743 3818 4812 ascenderat,

2226 4849 2281 4894 et
2305 4839 2599 4908 spiritualia
2648 4839 2802 4893 nobis
2827 4837 2969 4892 dona
3000 4839 3166 4904 misit,
3197 4837 3652 4894 reconciliationis
3677 4836 3819 4890 illius

2228 4946 2469 4990 munera.
2499 4930 2634 4990 Nam
2675 4939 2732 4992 ut
2779 4929 3074 4998 ambigeret
3107 4945 3266 4984 nemo
3293 4938 3346 4984 et
3371 4939 3659 4999 qumreret,
3691 4929 3818 4998 quid

2229 5025 2441 5078 tandem
2475 5024 2530 5078 in
2578 5025 2741 5078 caelos
2787 5022 3084 5080 ascendens
3130 5021 3374 5077 Christus
3419 5022 3653 5092 egisset;
3686 5037 3816 5081 num

2227 5117 2369 5171 Patri
2396 5131 2499 5172 nos
2533 5115 2974 5173 reconciliasset?
3005 5130 3132 5170 num
3167 5116 3461 5184 propitium
3489 5116 3659 5185 ipsum
3689 5114 3818 5168 red-

2224 5207 2490 5263 didisset?
2520 5217 2576 5263 ut
2604 5208 2757 5266 nobis
2780 5207 3089 5265 ostenderet
3117 5222 3177 5260 sc
3205 5215 3410 5264 natnrm
3438 5207 3584 5265 illum
3617 5217 3820 5261 nostrae

2226 5300 2489 5369 placatum
2517 5299 2838 5366 reddidisse,
2865 5299 3147 5355 confestim
3177 5299 3331 5352 nobis
3363 5298 3821 5358 reconciliationis

2225 5393 2367 5447 illius
2393 5392 2536 5447 dona
2563 5394 2728 5446 misit.
2756 5392 2888 5447 Cum
2918 5392 3061 5446 enim
3093 5390 3223 5444 uniti
3256 5400 3380 5452 sunt
3408 5401 3462 5444 et
3488 5390 3822 5462 reconciliati

2225 5487 2368 5541 inter
2389 5502 2448 5540 se
2471 5487 2696 5552 inimici,
2717 5493 2836 5554 post
2860 5484 3350 5539 reconciliationem
3379 5485 3556 5544 statim
3584 5498 3822 5551 sequun-

2229 5589 2314 5633 tur
2354 5579 2715 5645 invitationes,
2745 5577 2986 5632 convivia
3019 5585 3076 5631 et
3119 5591 3361 5630 munera.
3407 5575 3643 5640 Misimus
3689 5590 3824 5644 ergo

2228 5685 2327 5727 nos
2353 5670 2534 5735 fidem,
2561 5679 2617 5726 et
2639 5669 2763 5724 inde
2785 5668 3017 5738 Spiritus
3039 5667 3178 5730 dona
3207 5667 3541 5736 recepimus:
3574 5666 3823 5722 misimus

2225 5765 2609 5832 obedientiam,
2638 5762 2971 5832 etjustitiam
3001 5761 3325 5824 recepimus.

2278 5858 2329 5913 5.
2348 5850 2570 5926 Spiritus
2587 5853 2753 5909 sancti
2768 5852 2959 5905 donum
2977 5861 3047 5904 est
3066 5850 3258 5906 donum
3277 5849 3719 5908 reconciliationis.
3749 5880 3826 5913 s-
