4130 6432
320 370 432 427 με

309 479 487 535 Ὠσεέ
539 476 913 549 ἑορτάζωμεν.
961 480 1152 534 Καίτοι
1189 481 1289 533 οὐκ
1329 479 1396 554 ἦν
1434 482 1554 535 τότε
1592 481 1776 554 ἑορτὴ,
1811 482 1901 535 ὅτε

306 562 485 623 ταῦτα.
530 562 804 634 ἔγραφενο
850 564 953 617 οὐκ
1000 559 1067 635 ἦν
1114 564 1324 636 Πάσχα,
1365 565 1467 620 οὐκ
1511 562 1579 637 ἦν
1622 565 1903 635 ἐπιφάνια,

304 648 415 701 οὐκ
464 639 534 717 ἦν
586 648 960 717 πεντηκοστή·
1016 647 1152 701 ἀλλά
1205 647 1442 713 δεικνὺς,
1487 650 1569 703 ὃτι
1614 650 1676 704 ού
1716 649 1906 721 καιρὸς

306 732 462 785 ποιεῖ
486 728 706 801 ἑορτὴν,
736 727 873 782 ἀλλά
913 730 1144 795 συνειδὸς
1177 731 1415 805 καθαρόν
1434 750 1447 765 ο
1475 734 1636 806 ἑορτὴ
1665 732 1775 806 γάρ
1815 734 1903 785 οὐ·

307 812 403 868 δέν
435 812 621 886 ἕτερόν
662 812 832 872 ἐστιν,
866 811 977 866 ἀλλ’
1011 812 1044 884 ἦ
1087 813 1424 887 εὐφροσύνη·
1474 816 1814 887 εὐφροσύνην
1848 817 1906 870 δὲ

311 896 695 968 πνευματικὴν
745 894 841 950 καὶ
885 896 1078 969 νοεράν
1127 898 1278 953 οὐδὲν
1317 899 1445 954 ἄλλο
1498 903 1663 964 ποιεῖ,
1713 901 1826 955 ἀλλ’
1871 901 1905 972 ἢ

313 978 560 1041 συνειδὸς
590 977 842 1049 πράξεων
882 978 1138 1047 ἀγαθῶνο
1182 982 1211 1034 6
1245 981 1301 1035 δὲ
1334 982 1573 1047 συνειδὸς
1604 983 1743 1054 έχων
1776 985 1911 1053 ἀγα-

314 1066 412 1118 θὸν
459 1063 554 1117 καὶ
602 1063 829 1133 πράξεις
872 1065 1143 1132 τοιαύτας,
1197 1068 1288 1122 ἀεὶ
1333 1068 1613 1141 ἑορτάζειν
1664 1068 1907 1124 δύναται.

315 1147 493 1203 Τοῦτο
519 1143 612 1203 οὖν
636 1149 768 1202 αὐτὸ
789 1150 1002 1214 δεικνὺς
1025 1153 1054 1205 6
1084 1151 1295 1218 Παῦλος
1323 1153 1509 1223 ἔλεγεν
1528 1172 1543 1187 ·
1577 1156 1757 1209 Ὥστε
1782 1156 1905 1223 ἐορι

315 1229 580 1302 fda-mer
596 1232 683 1302 μὴ
703 1232 774 1285 ἐν
800 1230 946 1302 ζύμῃ
968 1233 1213 1301 παλαιᾷ,
1242 1236 1401 1305 μηδὲ
1425 1238 1497 1291 ἐν
1525 1235 1670 1308 ζύμῃ
1699 1240 1915 1303 κακίας

318 1316 421 1368 καὶ
472 1315 790 1384 πονηρίας,
826 1316 965 1371 ἀλλ’
1007 1317 1078 1371 ὲν
1117 1316 1361 1389 ἀζύμοις
1404 1321 1785 1388 εἰλικρινείας
1815 1320 1916 1375 καὶ

316 1406 624 1473 ἀληθείας.
674 1406 835 1478 Ὁρᾷς
867 1407 986 1471 πῶς
1025 1408 1086 1461 ού
1114 1408 1321 1481 καιρῶν
1375 1426 1436 1463 σε
1483 1410 1780 1482 κατέδησεν
1824 1410 1917 1465 ἀν-

321 1490 494 1560 άγκη.
524 1487 661 1543 ἀλλά
698 1490 934 1556 συνειδὸς
961 1491 1199 1563 καθαρὸν
1245 1492 1388 1565 ἔχειν
1440 1494 1914 1567 παρεκελεύσατο;

335 1571 669 1643 Ἐϐουλόμην
693 1575 873 1628 πᾶσαν
915 1573 1015 1647 τὴν
1044 1574 1277 1640 διάλεξιν
1304 1579 1385 1642 εἰς
1416 1577 1575 1632 τοῦτο
1602 1579 1917 1634 καταναλῶ-

326 1671 419 1707 σαι
438 1670 453 1684 ’
483 1656 533 1708 οἱ
565 1655 673 1726 γάρ
699 1655 789 1709 διὰ
816 1657 1006 1728 χρόνου
1031 1659 1184 1724 τινάς
1210 1659 1469 1725 λαϐόντες
1497 1663 1578 1725 εἰς
1608 1662 1706 1726 τὰς
1727 1664 1929 1733 χεῖρας

321 1737 426 1801 τὰς
452 1737 660 1792 ἑαυτῶν
679 1740 781 1792 οὐκ
800 1741 1035 1806 εὐκόλως
1057 1744 1257 1809 αὐτοὺς
1279 1746 1505 1814 ἀφιᾶσιν
1521 1761 1534 1775 ·
1557 1746 1680 1799 ἐπεὶ⁵
1707 1742 1799 1800 οὖν
1824 1747 1918 1800 καὶ

326 1823 474 1893 ὑμᾶς
507 1825 668 1894 ἡμεῖς
698 1826 823 1889 τοὺς
867 1825 935 1879 δι’
984 1827 1231 1882 ἐνιαυτοῦ
1274 1829 1742 1902 παραγινομένους
1788 1830 1919 1884 εἵσω

325 1906 438 1959 τῶν
472 1905 701 1961 δικτύων
733 1908 999 1981 ἐλάϐομεν
1039 1911 1147 1967 τῶν
1182 1913 1484 1985 ἡμετέρων,
1527 1914 1585 1967 ού
1622 1913 1921 1987 βουλόμεθα

206 2018 217 2025 κ
328 1992 545 2059 ἀφεῖναι
587 1992 845 2064 τήμερον,
896 1994 1120 2049 ἀλλ’ἵνα
1164 1998 1241 2069 μὴ
1294 1998 1442 2053 κενοὶ
1491 1996 1598 2051 τῶν
1646 1998 1775 2070 περὶ
1820 1997 1922 2068 τῆς

329 2074 520 2145 ἐορτῆς
556 2076 946 2148 ἀναχωρήσητε
990 2077 1196 2148 λόγων,
1245 2080 1352 2134 ἀπὸ
1400 2080 1500 2151 τῆς
1547 2080 1922 2151 παραινέσεως

327 2158 535 2225 ταύτης
583 2159 678 2213 ἐπὶ
720 2162 822 2231 τὴν
867 2161 1120 2217 ὑπόθεσιν
1163 2164 1263 2235 τῆς
1304 2164 1498 2236 ἑορτῆς
1548 2165 1773 2233 ἀγαγεῖν
1814 2167 1920 2237 χρὴ

326 2242 429 2314 τὴν
457 2242 692 2309 διάλεξιν
731 2256 781 2300 ι.
828 2244 1006 2301 Πολλὰ
1046 2247 1144 2317 μὲν
1181 2243 1274 2301 οὖν
1307 2248 1566 2313 πολλάκις
1599 2248 1665 2316 ἐξ
1691 2249 1922 2321 ούρανοῦ

331 2324 600 2395 κατῆλθεν
624 2328 704 2390 εἰς
724 2327 825 2399 τὴν
855 2328 961 2400 γῆν
980 2329 1160 2400 ἀγαθά
1187 2332 1266 2403 τῷ
1298 2331 1462 2401 κοινῷ
1487 2331 1598 2385 τῶν
1622 2332 1924 2404 ἀνθρώπων

332 2407 517 2476 γένει’
541 2404 631 2463 οἷα
655 2409 715 2464 δέ
746 2411 1006 2483 σήμερον,
1036 2413 1290 2468 οὐδέποτε
1319 2414 1627 2487 κατηνέχθη
1667 2415 1774 2487 πρὸ
1797 2415 1922 2469 τού-

332 2508 448 2548 του.
484 2492 702 2547 Μάθετε
737 2488 867 2562 γοῦν
895 2489 984 2549 οἷα
1025 2495 1097 2549 τά
1141 2498 1403 2569 πρότερα,
1446 2493 1535 2552 οἷα
1563 2498 1633 2552 τά
1664 2500 1924 2570 σήμερον,

336 2576 426 2631 ἴνα
466 2577 564 2633 καί⁷
606 2578 881 2651 ἑκατέρων
928 2579 1074 2651 ἴδητε
1118 2582 1217 2652 τὴν
1261 2581 1544 2654 διαφοράν.
1574 2583 1862 2651 Ἕϐρεξεν
1892 2585 1929 2638 ὁ

337 2660 485 2727 Θεὸς
508 2660 712 2731 μάννα
740 2661 839 2714 ἐπὶ
869 2660 985 2730 τὴν
1004 2660 1140 2733 γῆν,
1165 2662 1264 2717 καί
1292 2663 1476 2733 ἄρτον
1503 2664 1762 2734 οὐρανοῦ
1794 2665 1931 2720 ἔδω-

336 2760 446 2799 κεν
481 2743 712 2810 αὐτοῖς·
742 2744 905 2816 ἄρτον
939 2745 1050 2818 γάρ
1087 2747 1333 2815 ἀγγέλων
1367 2747 1567 2818 ἔφαγεν
1604 2748 1892 2822 ἄνθρωπος
1912 2763 1929 2781 ’

341 2825 485 2896 μέγα
532 2826 700 2891 ὅντως
739 2826 834 2881 καὶ
874 2828 972 2900 τῆς
1004 2828 1097 2882 τοῦ
1148 2830 1284 2883 Θεοῦ
1319 2828 1729 2902 φιλανθρωπίας
1757 2830 1928 2897 ἀξιον.

336 2909 474 2962 Μετ’
490 2910 666 2964 ἐκεῖνο
690 2910 997 2983 κατηνέχθη
1024 2912 1159 2984 πῦρ,
1191 2914 1285 2967 καὶ
1312 2912 1662 2985 πλανώμενον
1691 2914 1781 2967 τὸν
1799 2913 1932 2966 ’1ου-

335 2988 525 3042 δαῖκὺν
547 2988 715 3060 δῆμον
748 2989 1045 3062 διώρθωσε,
1073 2993 1168 3045 καί
1202 2992 1421 3064 ἥρπασε
1455 2992 1553 3065 τὴν
1592 2992 1782 3047 θυσίαν
1821 2991 1931 3047 ἀπὸ

336 3071 435 3125 τοῦ
462 3070 682 3143 βωμο’ῦ’
717 3073 1025 3144 κατηνέχθη
1050 3072 1213 3128 πάλιν
1248 3075 1402 3139 ὑετὸς
1436 3074 1581 3146 λιμῷ
1613 3075 1931 3147 τηκομένων

342 3155 618 3222 ἁπάντων,
648 3156 744 3209 καὶ
784 3155 985 3227 πολλὴν
1019 3155 1116 3228 τὴν
1148 3158 1435 3229 εὐετηρίαν
1463 3160 1779 3230 εἰργάσατο.
1813 3160 1930 3213 Με-

341 3237 485 3308 γάλα
522 3237 696 3297 ταῦτα
739 3240 830 3294 καὶ
869 3238 1185 3310 θαυμαστά·
1220 3241 1356 3296 ἀλλά
1383 3242 1451 3296 τὰ
1479 3243 1722 3315 παρόντα
1751 3241 1932 3313 πολλῷ

342 3319 595 3395 μείζονα’
620 3322 681 3376 ού
704 3322 812 3395 γάρ
846 3322 1021 3393 μάννα
1046 3324 1139 3377 καὶ
1172 3324 1284 3396 πῦρ
1311 3327 1407 3380 καὶ
1437 3325 1598 3388 ὑετὸς
1624 3325 1932 3397 κατηνέχθη

344 3408 623 3477 σήμερον,
675 3406 789 3460 ἀλλ’
841 3406 1047 3479 ὄμϐρος
1104 3408 1458 3479 χαρισμάτων
1510 3407 1931 3480 πνευματικῶν

342 3489 561 3558 νιφάδες
600 3488 906 3560 ἠνέχθησαν
933 3491 1158 3554 ἀνωθεν,
1185 3491 1307 3564 οὐχ).
1346 3490 1450 3563 τὴν
1488 3492 1591 3564 γῆν
1630 3490 1765 3564 πρὸς
1794 3507 1935 3560 καρ-

344 3573 613 3653 ποφορίαν
636 3573 965 3645 ἐγείρουσαι,
990 3574 1126 3628 ἀλλά
1158 3573 1256 3647 τὴν
1285 3575 1631 3646 ἀνθρωπίνην
1651 3573 1934 3627 πείθουσαι

346 3655 508 3727 φύσιν
529 3657 618 3717 τὸν
642 3657 854 3730 καρπὸν
876 3659 978 3729 τῆς
1003 3658 1203 3731 ἀρετῆς
1228 3656 1306 3733 τῷ
1332 3656 1441 3715 τῶν
1466 3658 1767 3730 ἀνθρώπων
1798 3661 1936 3713 ἀπο-

342 3739 528 3799 δοῦναι
548 3742 703 3817 [460]
724 3744 983 3817 γεωργῷ,
1012 3744 1123 3800 Καὶ
1159 3745 1208 3797 οἱ
1248 3742 1437 3813 ρανίδα
1470 3743 1679 3797 ἐκεῖθεν
1709 3744 1937 3815 δεξάμε-

344 3844 431 3896 νοι
467 3825 669 3891 εὐθέως
711 3828 811 3900 τῆς
858 3827 1073 3896 φύσεως
1115 3826 1540 3880 ἐπελανθάνοντο
1577 3827 1673 3897 τῆς
1706 3827 1933 3894 ἑαυτῶν,

343 3911 446 3967 καὶ
483 3910 740 3983 ἐξαίφνης
775 3910 1024 3980 ἀγγέλων
1056 3909 1359 3979 ἐπληροῦτο
1396 3912 1546 3964 πᾶσα
1578 3912 1610 3982 ή
1637 3910 1738 3980 γῆ·
1772 3911 1938 3980 ἀγγέ-

345 3994 456 4047 λων
477 3994 599 4065 οὐχὶ
622 3994 981 4066 ἐπουρανίων,
1005 3994 1121 4048 ἀλλ’
1144 3996 1202 4047 ἐν
1238 3993 1562 4064 ἀνθρωπίνῳ
1594 3990 1806 4064 σώματι
1828 3994 1938 4048 τῶν

345 4077 657 4148 ἀσωμάτων
712 4077 993 4148 δυνάμεων
1040 4079 1140 4147 τὴν
1199 4076 1401 4149 ἀρετὴν
1453 4076 1935 4148 ἐπιδεικνυμένων.

347 4160 426 4215 ού
458 4160 565 4233 γὰρ
611 4162 809 4215 ἐκεῖνοι
853 4162 1004 4219 κάτω
1030 4160 1359 4233 κατέϐησαν,
1398 4158 1513 4214 ἀλλ’
1554 4160 1584 4213 6
1625 4159 1938 4232 θαυμαστό-

347 4260 507 4316 τερον
543 4240 630 4317 ἦν,
672 4246 721 4298 οἰ
765 4244 917 4299 κάτω
968 4243 1101 4316 πρὸς
1141 4245 1241 4314 τὴν
1287 4243 1486 4315 ἀρετὴν
1533 4242 1807 4317 ἀνέϐησαν
1839 4244 1939 4317 τὴν

349 4316 603 4384 ἐκείνων·
628 4329 690 4383 οὐ
728 4327 837 4400 γὰρ
876 4327 976 4399 τὴν
1025 4327 1205 4399 σάρκα
1248 4327 1501 4398 ῥίψαντες
1543 4316 1779 4400 γυμναῖς
1818 4316 1940 4394 ταῖς

347 4413 549 4499 ψυχαῖς
570 4414 894 4499 Δπεριῄεσαν,
944 4410 1086 4499 ἀλλά
1130 4410 1381 4499 μένοντες
1428 4413 1504 4499 ἐνῇ
1529 4414 1594 4484 τῇ
1645 4410 1824 4499 φύσει,
1862 4416 1937 4499 Δτῇ

350 4493 672 4569 προαιρέσει
717 4493 939 4564 ἄγγελοι
994 4494 1261 4563 ἐγένοντο.
1322 4497 1432 4549 Καὶ
1482 4495 1570 4549 ἵνα
1612 4494 1810 4568 μάθῃς,
1857 4496 1938 4550 ὅτι

348 4579 471 4635 οὐδὲ
517 4582 551 4652 ή
592 4579 832 4652 προτέρα
860 4580 1098 4652 τιμωρία
1138 4581 1375 4654 τιμωρία
1407 4578 1494 4653 ἧν,
1519 4582 1607 4641 ὅτε
1648 4576 1823 4646 εἷπεν,
1858 4582 1940 4637 ὅτι

352 4662 444 4732 Γῆ
470 4660 543 4728 εἴ,
574 4663 672 4718 καί
720 4666 807 4730 είς
839 4663 955 4734 γῆν
991 4666 1325 4734 ἀπελεύσῃ,
1366 4666 1453 4720 διὰ
1485 4665 1641 4720 τοῦτό
1666 4683 1725 4720 σε
1757 4666 1941 4738 ἀφῆκε

354 4750 537 4821 μένειν
569 4753 628 4804 ἐν
652 4751 718 4821 τῇ
747 4752 839 4821 γῇ,
872 4750 960 4804 ἴνα
996 4749 1314 4822 μειζόνωςή
1350 4750 1443 4805 τοῦ
1476 4751 1792 4824 Πνεύματος
1828 4755 1940 4808 δει-

350 4834 456 4906 χθῇ
504 4834 751 4905 δύναμις.
794 4832 882 4887 διὰ
936 4832 1123 4904 χοϊκοῦ
1167 4833 1416 4901 σώματος
1458 4836 1684 4890 τοιαῦτα
1716 4838 1943 4909 ἐργαζο-

356 4920 513 4993 μένη.
539 4915 649 4972 Ἦν
683 4921 793 4990 γάρ
835 4918 963 4972 ἰδεῖν
999 4918 1245 4987 γλῶτταν
1278 4920 1508 4992 πηλίνην
1539 4921 1788 4994 δαίμοσιν
1818 4924 1942 4976 ἐπι-

350 5004 679 5059 τάττουσαν·
700 4998 770 5073 ἦν
792 5002 920 5055 ἰδεῖν
946 5006 1103 5073 χεῖρα
1125 5003 1356 5074 πηλίνην
1382 5005 1617 5077 ἰωμένην
1637 5006 1937 5079 νοσήματαο

352 5087 556 5160 μᾶλλον
596 5085 654 5139 δὲ
695 5087 758 5139 ού
796 5089 952 5157 χεῖρα
995 5087 1227 5158 πηλίνην
1275 5088 1433 5158 μόνον
1472 5083 1541 5160 ἦν
1586 5089 1736 5155 ἰδεῖν,
1773 5090 1888 5144 ἀλλ’
1912 5089 1943 5145 δ

353 5170 537 5242 πολλῷ
570 5170 1010 5242 θαυμαστότερον
1050 5165 1140 5241 ῆν,
1194 5170 1435 5241 πηλίνων
1475 5172 1745 5242 σωμάτων
1783 5172 1941 5237 σκιάς

1300 368 1390 425 DE
1429 370 1697 426 SANCTA
1738 368 2209 428 PE‘NTECOSTE.
2252 370 2484 429 llOMlL.
2524 372 2569 429 I.

3486 383 3589 440 456

2005 484 2149 539 οὕτω
2186 486 2394 558 Πέτρου
2441 486 2701 556 φανέντος
2747 487 2841 541 καὶ
2891 483 3075 560 φωνὴν
3117 487 3386 558 ἀφιέντος,
3432 489 3601 559 ἠλαύ-

2005 594 2127 632 νετο
2176 577 2234 631 τὸ
2291 580 2481 641 σκότος
2527 579 2627 650 τῆς
2691 578 2899 650 πλάνης
2920 621 2936 645 ,
2996 580 3260 652 ἀνεχώρει
3315 581 3595 650 διάϐολος,

2006 670 2365 742 ἐδραπέτευον
2417 671 2697 743 δαίμονες,
2749 673 2988 745 ἀνῄρητο
3056 673 3354 745 παθήματα
3406 678 3599 748 σωμά-

2005 778 2115 815 των
2138 803 2153 827 ,
2194 762 2558 835 ἐθεραπεύετο
2597 766 2881 836 νοσήματα
2919 765 3146 837 ψυχῶν,
3188 767 3449 836 ἠλαύνετο
3499 787 3601 823 κα-

2008 856 2106 911 κία
2146 852 2334 925 πᾶσα,
2387 859 2555 931 ἀρετὴ
2603 860 2741 931 πρὸς
2788 861 2889 932 τὴν
2936 861 3042 929 γῆν
3097 860 3426 932 ἐπανήγετο.
3487 863 3599 916 Καὶ

2010 950 2264 1024 καθάπερ
2321 952 2385 1004 ἐκ
2435 949 2698 1021 ταμιείων
2746 950 3039 1021 βασιλικῶν
3092 951 3324 1022 ἐχόντων
3376 953 3599 1024 χρυσίον

2011 1043 2108 1097 καὶ
2146 1041 2327 1106 λίθους
2372 1042 2587 1113 τιμίους
2626 1041 2730 1096 κᾶν
2773 1043 2968 1114 μικρὸν
3015 1061 3102 1108 τις
3142 1044 3341 1117 δυνηθῇ
3386 1046 3602 1115 ἐξενεγ-

2012 1137 2130 1189 κεῖν
2151 1134 2258 1189 τῶν
2277 1134 2652 1205 ἀποκειμένων
2673 1134 2897 1200 ἐνδόξως
2921 1136 2970 1201 ιι,
2999 1136 3100 1191 κᾶν
3122 1136 3218 1190 ἕνα
3245 1136 3393 1191 λίθον
3417 1137 3598 1209 μόνον,

2015 1228 2182 1283 πολὺν
2215 1227 2507 1301 ἐργάζεται
2528 1227 2619 1281 τὸν
2644 1226 2871 1282 πλοῦτον
2893 1227 2971 1300 τῷ
3000 1230 3387 1301 κατεχομένῳο
3410 1246 3425 1262 ·
3458 1228 3602 1285 οὕτω

2015 1320 2110 1374 καὶ
2125 1320 2233 1374 ἀπὺ
2253 1319 2361 1373 τῶν
2385 1319 2669 1389 στομάτων
2694 1319 2803 1373 τῶν
2829 1320 3200 1375 ἀποστολικῶν
3215 1338 3228 1351 ’
3251 1324 3476 1392 ταμιεῖα
3493 1322 3602 1394 γάρ

2018 1412 2271 1484 βασιλικά
2294 1407 2363 1484 ἦν
2394 1410 2463 1465 τὰ
2507 1411 2752 1483 στόματα
2789 1411 3320 1485 ἐκείνωνθησαυρδν
3354 1414 3603 1485 ἰαμάτων

2017 1504 2211 1576 ἔχοντα
2242 1504 2603 1576 ἀποκείμενον
2627 1522 2640 1535 ·
2683 1505 2776 1558 καὶ
2815 1503 3046 1558 ἕκαστον
3074 1505 3223 1576 ῥῆμα
3258 1505 3399 1570 ἐξιὸν
3437 1506 3605 1560 πολὺν

2018 1595 2304 1669 εἰργάξετο
2353 1595 2581 1649 πλοῦτον
2623 1595 3016 1667 πνευματικόν.
3057 1592 3167 1649 Ἦν
3222 1596 3346 1649 τότε
3390 1596 3606 1668 ἀληθῶς

2022 1690 2169 1753 ἰδεῖν,
2198 1689 2281 1742 ὅτι
2311 1687 2381 1742 τὰ
2411 1687 2567 1757 λόγια
2608 1686 2812 1758 Κυρίου
2856 1684 3174 1757 ἐπιθυμητά
3213 1686 3355 1758 ὑπὲρ
3384 1687 3607 1759 χρυσίον

2019 1782 2115 1836 καὶ
2137 1780 2285 1834 λίθον
2316 1780 2495 1851 τίμιον
2524 1778 2694 1833 πολύν
2715 1795 2728 1808 ·
2753 1778 2890 1849 ὅπερ
2918 1776 3028 1850 γὰρ
3055 1779 3155 1831 οὐκ
3189 1777 3449 1847 ἠδύναντο
3474 1796 3609 1849 χρυ-

2022 1874 2136 1938 σὸς,
2176 1872 2296 1927 ούδέ
2329 1870 2476 1934 λίθος
2511 1872 2713 1943 τίμιος,
2748 1870 2908 1924 τοῦτο
2933 1870 3109 1923 ἐποίει
3154 1870 3221 1924 τά
3254 1872 3473 1943 ῥήματα
3506 1871 3612 1925 Πέ-

2020 1980 2171 2034 τρου.
2208 1962 2358 2016 Πόσα
2386 1962 2496 2034 γάρ
2520 1961 2759 2016 τάλαντα
2799 1958 3026 2032 χρυσίου
3072 1959 3162 2013 τὸν
3203 1960 3374 2032 χωλὸν
3405 1963 3470 2015 ἐκ
3515 1978 3613 2029 γε-

2022 2056 2182 2126 νετῆς
2219 2052 2617 2126 διορθώσασθαι
2651 2052 2874 2122 ῐσχυον;
2919 2050 3083 2105 Ἀλλὰ
3112 2052 3174 2106 τὸ
3203 2053 3357 2125 ῥῆμα
3402 2055 3612 2126 Πέτρου

2025 2148 2213 2217 ἴσχυσε
2270 2146 2371 2216 τῆς
2419 2144 2633 2214 φύσεως
2678 2144 2888 2197 ἀνελεῖν
2937 2143 3145 2214 ταύτην
3192 2145 3294 2216 τὴν
3339 2146 3611 2216 πήρωσιν.

2024 2235 2211 2302 Εἶπεν,
2256 2240 2358 2292 Ἐν
2393 2236 2474 2302 τῷ
2528 2237 2773 2305 ὀνόματι
2825 2235 3028 2304 Ἰησοῦ
3071 2236 3330 2304 Χριστοῦ
3366 2236 3612 2307 ἐγείραι,

2025 2328 2123 2382 καὶ
2155 2328 2479 2395 περιπάτει,
2516 2328 2608 2380 καὶ
2639 2330 2667 2381 6
2687 2326 2844 2396 λόγος
2873 2328 3032 2398 ἔργον
3058 2326 3293 2395 ἐγένετο.
3315 2322 3469 2392 Εἶδες
3495 2327 3614 2392 πῶς

2027 2419 2340 2491 ἐπιθυμητὰ
2392 2420 2531 2490 ὑπὲρ
2578 2420 2802 2491 χρυσίον
2847 2419 2941 2473 καὶ
2988 2419 3137 2473 λίθον
3183 2418 3363 2491 τίμιον
3412 2420 3611 2487 πολύν;

2027 2507 2167 2575 εἶδες
2190 2511 2309 2575 πῶς
2339 2515 2566 2584 ταμιεῖα
2596 2511 2852 2582 βασιλικά
2878 2508 2946 2584 ἦν
2968 2512 3195 2566 ἐκείνων
3220 2514 3290 2568 τά
3332 2513 3612 2583 στόματας

2031 2605 2239 2668 Ὄντως
2272 2605 2447 2674 ἰατροὶ
2477 2605 2579 2675 τῆς
2608 2604 2936 2676 οἰκουμένης
2981 2606 3200 2669 ἐκεῖνοι,
3233 2604 3327 2659 καὶ
3354 2605 3613 2677 γεωργοὶ,

2029 2697 2126 2752 καὶ
2156 2696 2517 2770 κυϐερνῆται⁹
2546 2699 2722 2771 ἰατροὶ
2747 2700 2865 2771 μὲν,
2900 2700 3087 2772 ἐπειδὴ
3111 2701 3394 2771 νοσήματα
3426 2699 3617 2771 ἐθερά-

2030 2806 2226 2842 πευονο
2261 2789 2500 2862 γεωργοὶ
2537 2790 2617 2854 δέ,
2667 2792 2854 2864 ἐπειδὴ
2887 2792 2979 2846 τὸν
3010 2792 3167 2862 λόγον
3196 2792 3297 2862 τῆς
3336 2792 3617 2855 εὐσεϐείας

2029 2882 2390 2955 κατέσπειρον
2405 2900 2420 2915 ο
2451 2883 2782 2955 κυϐερνῆται
2804 2885 2885 2949 δὲ,
2910 2885 3097 2956 ἐπειδὴ
3119 2885 3179 2937 τὸ
3206 2883 3495 2938 κλυδώνιον
3518 2885 3618 2954 τῆς

2033 2974 2245 3048 πλάνης
2277 2974 2544 3031 ἔπαυσαν.
2572 2977 2672 3031 Διά
2702 2977 2864 3032 τοῦτο
2892 2978 3024 3033 ποτέ
3062 2980 3164 3049 μέν
3194 2995 3357 3050 φησι·
3401 2982 3619 3044 Πορευ-

2031 3066 2238 3135 θέντες
2269 3068 2682 3137 ἀσθενοῦντιις
2712 3072 3088 3139 θεραπεύετε,
3122 3071 3198 3135 ὼς
3239 3070 3375 3142 πρὸς
3402 3071 3622 3142 ἰατροὺς

2031 3160 2441 3232 διαλεγόμενος·
2473 3161 2604 3215 ποτέ
2644 3162 2724 3227 δὲ,
2763 3162 2910 3217 Ἰδοὺ
2954 3161 3315 3219 ἀποστέλλω
3346 3159 3503 3231 ὑμᾶς
3528 3162 3620 3215 θε-

2026 3248 2230 3319 ρίζειν,
2254 3250 2285 3304 δ
2303 3252 2418 3319 οὐχ
2436 3250 2606 3321 ὑμεῖς
2635 3250 3053 3316 κεκοπιάκατε,
3075 3252 3152 3317 ὡς
3175 3251 3312 3323 πρὸς
3340 3251 3621 3324 γεωργοὺς

2032 3343 2445 3414 διαλεγόμενος·
2492 3344 2588 3396 κα)⁸
2641 3344 2806 3398 πάλιν
2864 3344 3097 3417 ἀλλαχοῦ
3119 3363 3134 3377 ·
3183 3344 3425 3411 Ποιήσω
3465 3343 3623 3413 ὑμᾶς

2034 3436 2224 3504 ἁλιεῖς
2244 3436 2569 3505 ἀνθρώπων
2586 3452 2599 3465 °
2625 3438 2717 3490 καὶ
2740 3435 2817 3508 τῷ
2841 3438 3055 3509 Πέτρῳ,
3080 3437 3176 3505 Μὴ
3200 3437 3410 3506 φοϐοῦ,
3434 3437 3620 3508 φησιν,

2034 3529 2156 3585 ἀπὸ
2189 3528 2296 3584 τοῦ
2349 3527 2469 3583 νῦν
2508 3527 2862 3596 ἀνθρώπους
2902 3529 3019 3597 ἐστι
3063 3526 3313 3598 ζωγρῶν,
3364 3528 3441 3592 ὡς
3485 3528 3622 3600 πρὸς

2035 3621 2379 3694 κυϐερνήτας
2404 3620 2498 3673 καὶ
2521 3619 2689 3684 ἁλιεῖς
2716 3620 2921 3692 ὁμιλῶν
2941 3639 2954 3652 ο
2987 3621 3082 3675 καὶ
3110 3617 3179 3693 ἦν
3208 3621 3337 3675 ἰδεῖν
3368 3619 3623 3692 θαύματα

2037 3710 2129 3764 ἐπί¹
2162 3710 2425 3781 θαύμασι.
2462 3709 2572 3763 Καὶ
2590 3708 2699 3780 γὰρ
2732 3711 2766 3780 ή
2807 3709 2970 3779 φύσις
2998 3712 3031 3781 ή
3067 3711 3314 3781 ἡμετέρα
3355 3709 3460 3781 πρὸ
3491 3708 3626 3762 δέκα

2036 3801 2260 3875 ἡμερῶν
2290 3803 2370 3866 εἰς
2391 3799 2484 3855 τὸν
2501 3798 2654 3873 [461]
2683 3800 2872 3873 θρόνον
2892 3800 3060 3873 ἀνέϐη
3090 3802 3182 3855 τὸν
3205 3801 3504 3872 βασιλικὸν,
3529 3801 3625 3855 καὶ

2035 3893 2099 3948 τὸ
2131 3892 2357 3965 Πνεῦμα
2385 3897 2446 3946 τὸ
2477 3891 2632 3962 άγιον
2661 3891 2869 3963 κατέϐη
2900 3894 3137 3964 σήμερον
3160 3893 3297 3964 πρὸς
3334 3894 3433 3965 τὴν
3462 3893 3627 3963 φύσιν

2037 3987 2136 4058 τὴν
2162 3985 2435 4058 ἡμετέραν
2454 4002 2468 4015 ⁸
2506 3986 2808 4058 ἀνήνεγκεν
2828 3986 2855 4039 6
2888 3984 3093 4057 Κύριος
3118 3986 3218 4055 τὴν
3244 3986 3500 4058 ἀπαρχὴν
3528 3986 3628 4059 τὴν

2039 4078 2335 4151 ἡμετέραν,
2369 4079 2461 4133 καὶ
2485 4080 2793 4150 κατήνεγκε
2822 4079 2884 4133 τὺ
2913 4077 3142 4150 Πνεῦμα
3171 4076 3234 4131 τὸ
3266 4078 3442 4147 ἅγιον.
3467 4079 3627 4133 ’Έτε-

2042 4188 2134 4243 ρος
2179 4170 2383 4242 Κύριος
2416 4170 2684 4243 διανέμων
2728 4170 2797 4224 τὰ
2834 4170 2985 4241 δῶρα
3014 4169 3222 4224 ταῦτα·
3265 4171 3360 4224 καὶ
3409 4169 3519 4241 γάρ
3566 4169 3628 4224 τδ

2041 4263 2266 4334 Πνεῦμα
2297 4262 2502 4334 Κύριός
2530 4264 2667 4328 ἐστι,
2701 4263 2793 4317 καὶ
2812 4261 3152 4332 διενείμαντο
3174 4262 3273 4333 τὴν
3300 4261 3440 4332 ὑπὲρ
3469 4260 3627 4331 ἡμῶν

2040 4356 2350 4427 οἰκονομίαν
2381 4355 2572 4427 Πατὴρ
2598 4355 2694 4409 καὶ
2725 4354 2854 4419 Υἰὺς
2887 4354 2981 4409 καὶ
3009 4352 3164 4423 άγιον
3188 4352 3433 4424 Πνεῦμα.
3462 4349 3629 4406 Οὔπω

2041 4450 2175 4503 δέκα
2202 4448 2416 4521 ἡμέρας
2447 4443 2593 4519 εἶχεν
2613 4445 2853 4502 ἀνελθὼν
2875 4446 2905 4499 6
2924 4445 3180 4519 Χριστὸς,
3197 4444 3291 4498 καὶ⁸
3311 4443 3628 4515 χαρίσματα

2040 4543 2173 4613 ήμῖν
2201 4540 2414 4612 έπεμψε
2448 4537 2818 4611 πνευματικά,
2835 4538 2983 4608 δῶρα
2998 4539 3097 4609 τῆς
3122 4536 3467 4605 καταλλαγῆς
3492 4536 3628 4590 ἐκεί-

2041 4650 2159 4705 νης.
2178 4633 2296 4686 ἰνα
2324 4633 2431 4705 γὰρ
2456 4631 2648 4704 μηδεὶς
2666 4628 3003 4701 ἀμφιϐάλλῃ,
3036 4628 3131 4681 καὶ
3161 4627 3389 4698 διαπορῇ
3420 4626 3471 4680 τί
3495 4644 3627 4681 ποτε

2041 4725 2150 4797 ἀρα
2182 4723 2248 4778 ἂν
2277 4723 2514 4778 ἀνελθὼν
2542 4725 2572 4778 6
2598 4722 2834 4794 Χριστὸς
2860 4720 3116 4791 ἐποίησεν
3136 4735 3151 4749 ⁶
3189 4716 3298 4791 ἆρα
3323 4719 3626 4792 κατήλλαξε

2041 4819 2133 4872 τὸν
2153 4815 2407 4888 Πατέρα;
2434 4812 2544 4888 ἆρα
2575 4815 2732 4869 ῖλεων
2759 4813 2921 4868 αὐτὸν
2953 4811 3277 4884 είργάσατο;
3307 4810 3627 4884 βουλόμενος

2041 4913 2176 4982 ἡμῖν
2219 4909 2495 4981 δηλῶσαι,
2540 4908 2622 4963 ὅτι
2668 4906 3007 4979 κατήλλαξεν
3047 4903 3210 4958 αὐτὸν
3240 4906 3307 4976 τῇ
3366 4903 3525 4973 φύσει
3557 4905 3624 4975 τῇ

2042 5002 2323 5075 ἡμετέρᾳ,
2371 5000 2443 5055 τά
2484 4998 2636 5070 δῶρα
2684 4999 2784 5069 τῆς
2816 4996 3165 5067 καταλλαγῆς
3207 4995 3451 5067 ἐπεμψεν
3495 4995 3629 5065 ἡμῖν

2042 5096 2264 5160 εὐθέως.
2308 5093 2430 5148 Τῶν
2469 5092 2580 5164 γὰρ
2625 5090 2836 5163 ἐχθρῶν
2875 5088 3180 5161 ἐνουμένων
3218 5089 3312 5141 καὶ
3354 5087 3623 5141 καταλλα-

2042 5189 2249 5259 γέντων
2292 5184 2542 5255 ἀλλήλοις
2561 5224 2577 5249 ,
2617 5183 2755 5256 μετά
2791 5182 2892 5254 τὴν
2939 5180 3288 5251 καταλλαγὴν
3326 5180 3490 5242 εὐθὺς
3529 5179 3627 5248 ἐφ-

353 5257 452 5348 ἒίτξὶ
474 5254 706 5348 θῗνάτῩυ
734 5254 838 5348 καὶ
854 5254 1467 5348 ξυνάμξξυνξσωμάτφν
1492 5257 2025 5348 ῖτῗβιγενομέναςνζδ
2042 5254 2266 5336 έπονται
2294 5278 2356 5333 αἴ
2385 5254 2445 5331 τε
2483 5254 2790 5348 φιλοτησίαι
2822 5275 2919 5329 καὶ
2948 5272 3223 5341 δεξιώσεις
3252 5271 3347 5325 καὶ
3378 5270 3448 5324 τὰ
3476 5269 3623 5341 χαρί-

352 5339 466 5415 τῶν
506 5338 777 5410 δαιμόνων
821 5338 985 5407 λέγω.
1035 5339 1302 5410 Καθάπερ
1342 5338 1450 5411 γὰρ
1492 5339 1644 5410 ἡλίου
1686 5340 1944 5410 φανέντος

355 5422 639 5478 ἐλαύνεται
687 5421 749 5475 τὸ
792 5422 1001 5489 σκότος,
1042 5422 1366 5477 καταδύεται
1410 5423 1575 5494 θηρία
1626 5424 1765 5493 πρὸς
1818 5425 1945 5491 τοὺς

358 5506 591 5570 οἰκείους
641 5505 901 5576 φωλεοὺς,
947 5505 1258 5575 ἀνδροφόνοι
1309 5505 1402 5559 καὶ¹
1447 5506 1639 5579 λῃσταὶ
1683 5507 1777 5561 καὶ
1812 5525 1947 5579 τυμ-

356 5592 603 5672 ϐωρύχοι
624 5592 760 5665 πρὸς
791 5590 887 5655 τὰς
917 5592 1161 5663 κορυφάς
1193 5591 1301 5647 τῶν
1325 5592 1498 5665 ὀρέων
1525 5595 1942 5666 ἀνατρέχουσιν⁹

436 5823 558 5897 ᾋὶίί
575 5825 661 5893 τὴν
682 5824 1005 5891 διδασηαὶείαντ

2045 5391 2247 5446 σματα.
2277 5371 2636 5443 Ἐπέμψαμεν
2662 5368 2845 5423 τοίνυν
2872 5369 3035 5439 ἡμεῖς
3073 5366 3273 5428 πίστιν,
3308 5362 3404 5416 καὶ
3437 5362 3628 5417 ἐλάϐο-

2048 5485 2147 5540 μεν
2188 5465 2399 5521 ἐκεῖθεν
2440 5465 2792 5535 χαρίσματα·
2843 5459 3170 5532 ἐπέμψαμεν
3220 5456 3501 5528 ὑπακοὴν,
3534 5455 3630 5513 καὶ

2046 5558 2312 5631 ἐλάϐομεν
2342 5554 2709 5624 δικαιοσύνην.

2109 5761 2138 5802 1)
2163 5762 2300 5811 Fort.
2330 5758 2557 5820 ἐνδοτέρω
2583 5757 2659 5806 vel
2687 5752 2970 5819 ἑνδομύχως.

2116 5826 2142 5863 ο
2172 5823 2307 5875 Unus
2325 5824 2393 5885 τῷ
2414 5820 2668 5882 δεχομένῳ.
