4130 6450
530 366 647 430 ’457

610 489 683 555 7".
720 483 829 539 Καὶ
870 481 957 548 ἵνα
992 480 1222 554 μάθητε,
1249 483 1331 536 ὅτι
1364 483 1463 553 τῆς
1488 481 1833 553 καταλλαγῆς
1859 478 1954 534 τοῦ
1982 476 2117 532 Θεοῦ

541 577 717 650 δῶρόν
746 578 864 630 ἐστι
897 576 958 630 τὸ
987 575 1210 646 δοθῆναι
1243 575 1306 628 τὸ
1329 574 1555 645 Πνεῦμα
1584 573 1647 627 τὸ
1677 574 1851 642 ἁγιον,
1881 572 1989 626 ἀπὸ
2013 571 2122 625 τῶν

544 666 777 739 Γραφῶν
816 667 961 738 ὑμᾶς
990 668 1175 719 πεῖσαι
1203 665 1555 736 πειράσομαι,
1596 664 1861 735 πρότερον
1890 663 1999 716 ἀπὸ
2028 661 2121 715 τοῦ

543 757 787 812 ἐναντίου
819 756 1051 827 φανερὸν
1087 755 1255 808 ποιῶν
1287 754 1377 808 τὸν
1425 754 1583 822 λόγον
1604 793 1619 816 ,
1655 755 1750 808 καλ⁸
1781 753 1996 816 δεικνὺς
2040 753 2122 805 ὅτι

541 846 855 901 ἀναστέλλει
900 846 995 900 τοῦ
1032 845 1347 916 Πνεύματος
1382 844 1479 916 τὴν
1512 845 1705 914 χάριν,
1735 841 1953 895 ἐπειδάν
1991 842 2123 912 ἡμῖν

542 934 861 1004 ὀργίξηται·
902 935 985 987 ἵνα
1030 935 1156 988 ὅταν
1195 932 1444 1003 πεισθῇς,
1490 933 1571 985 ὅτι
1600 932 1698 1001 τῆς
1741 930 1912 1001 ὀργῆς
1953 925 2121 984 αὐτοῦ

540 1025 841 1096 τεκμήριον
864 1024 924 1076 τὸ
953 1022 1025 1094 μὴ
1059 1015 1199 1075 εἶναι
1233 1020 1460 1090 Πνεῦμα
1489 1020 1661 1088 ἅγιον,
1690 1020 1783 1072 καὶ
1817 1018 1931 1089 ἴδῃς
1961 1017 2122 1071 πάλιν

542 1111 767 1183 Πνεῦμα
820 1109 1347 1181 καταπεμπόμενον,
1383 1108 1558 1180 μάθῃς
1604 1109 1686 1161 ὃτι
1719 1107 1767 1159 εί
1805 1106 1880 1178 μὴ
1923 1096 2123 1176 κατηλ-

540 1201 705 1270 λάγη,
734 1200 831 1255 οὐκ
862 1200 928 1255 ἂν
968 1198 1180 1269 έπεμψε
1221 1194 1445 1268 Πνεῦμα
1476 1197 1649 1266 ἁγιον.
1683 1195 1854 1249 Πόθεν
1889 1190 1982 1248 οῦν
2011 1196 2123 1246 εἰσ-

541 1287 713 1357 όμεθα
742 1285 934 1351 τοῦτο;
989 1286 1048 1338 Ὀ
1086 1282 1205 1338 Ἠλὶ
1249 1283 1560 1355 πρεσϐύτης
1602 1281 1885 1353 ἄνθρωπος
1923 1277 2013 1351 ἦν,
2053 1278 2121 1334 τὰ

545 1377 644 1446 μὲν
675 1374 809 1430 ἄλλα
848 1375 1098 1445 ἐπιεικὴς
1124 1374 1220 1428 καὶ
1258 1372 1511 1445 σώφρων,
1540 1371 1745 1425 παίδων
1773 1371 1829 1425 δὲ
1859 1370 2121 1440 πονηρίαν

539 1466 639 1517 οὐκ
670 1462 825 1527 εἰδὼς
864 1460 1281 1533 διορθώσασθαι,
1318 1460 1454 1513 ἁλλὰ
1490 1460 1631 1529 πέρα
1672 1459 1765 1513 τοῦ
1804 1459 2001 1530 μέτρου
2035 1476 2122 1527 φι-

539 1551 648 1604 λῶν
692 1552 762 1605 τὰ
804 1550 1023 1619 ἔκγονα.
1060 1549 1314 1603 Ἀκούετε
1361 1550 1475 1602 ὅσοι
1523 1547 1717 1611 παῖδας
1750 1547 1936 1618 ἔχετε,
1980 1545 2121 1599 ὣστε

545 1639 968 1711 μεμετρημένην
1021 1637 1291 1691 ποιεῖσθαι
1323 1637 1420 1709 τὴν
1470 1636 1649 1707 φιλίαν
1683 1637 1776 1689 καὶ
1817 1636 1919 1706 τὴν
1966 1634 2120 1689 αίδῶ.

554 1727 612 1781 '0
645 1728 753 1799 γὰρ
799 1727 915 1781 Ἠλὶ
947 1725 1196 1782 ἐντεῦθεν
1226 1724 1532 1797 παροξύνας
1552 1724 1642 1778 τὸν
1668 1722 1821 1789 Θεὸν,
1845 1724 1924 1787 είς
1953 1723 2123 1795 ὀργὴν

544 1817 705 1869 αὐτὸν
725 1814 915 1887 ἔρριψε
940 1815 1224 1885 τοσαύτην,
1248 1814 1323 1877 ὼς
1348 1812 1493 1867 ἁπαν
1521 1812 1683 1868 αὐτὸν
1705 1813 2123 1883 ἀποστραφῆναι

544 1905 605 1958 τὸ
628 1904 796 1968 έθνος.
825 1906 1049 1968 Δεικνύς
1077 1903 1259 1959 τοίνυν
1283 1906 1311 1958 6
1336 1902 1507 1958 ταῦτα
1539 1899 1778 1973 γράψας,
1801 1903 1883 1956 ὅτι
1920 1902 2125 1972 σφόδρα

543 1994 740 2055 αὐτοὺς
771 1993 1125 2064 ἀπέστραπτο
1153 1994 1182 2045 6
1199 1988 1353 2057 Θεδς,
1377 1990 1530 2060 ἔλεγε
1549 2007 1563 2020 ·
1600 1988 1788 2059 Ῥῆμα
1810 1991 2006 2059 τίμιον
2022 1986 2120 2060 ἦν,

545 2080 644 2133 καί
671 2081 784 2135 οὐκ
813 2075 893 2150 ἦν
921 2079 1132 2147 ὅρασις
1173 2079 1643 2141 διαστέλλουσα,
1678 2078 1857 2147 τίμιον
1889 2076 2124 2131 ἐνταῦθα

545 2169 603 2222 :6
631 2168 855 2224 σπάνιον
883 2167 1058 2237 λέγων
1077 2185 1090 2198 ·
1122 2168 1210 2222 διὰ
1248 2168 1355 2239 γὰρ
1383 2166 1591 2221 τούτων
1629 2165 1913 2237 ἐδήλωσεν,
1943 2166 2024 2219 δτι
2054 2165 2123 2219 τὰ

545 2257 642 2327 τῆς
678 2254 1014 2328 προφητείας
1047 2255 1304 2320 ἐσπάνιζε
1331 2256 1473 2309 τότε.
1509 2256 1679 2310 Πάλιν
1714 2254 1931 2327 θρηνῶν
1965 2254 2123 2318 ἀλλος

544 2345 637 2398 καὶ
671 2344 1076 2417 ἀποδυρόμενος
1102 2344 1195 2397 ἐπὶ
1215 2346 1280 2415 τῇ
1314 2345 1450 2416 ὀργῇ
1469 2342 1565 2397 τοῦ
1585 2342 1721 2397 Θεοῦ
1748 2342 1935 2411 ἔλεγεν
1959 2358 1972 2372 ·
2002 2344 2123 2398 Οὐκ

543 2432 714 2486 ἔστιν
737 2432 959 2500 ἄρχων,
988 2431 1131 2486 οὐδὲ
1156 2430 1470 2501 προφήτης
1491 2431 1561 2485 ἐν
1582 2429 1663 2495 τῷ
1690 2430 1872 2499 καιρῷ
1903 2431 2119 2496 τούτῳ·

543 2521 633 2573 καὶ
667 2520 827 2574 πάλιν
873 2521 903 2574 6
946 2517 1343 2588 εὐαγγέλια-σὴς
1373 2535 1538 2590 φησιν
1564 2535 1577 2548 ·
1608 2517 1852 2572 Οὐδέπω
1890 2518 2003 2588 γὰρ
2043 2513 2124 2588 ἦν

545 2611 785 2680 Πνεῦμα
835 2611 1010 2680 ἄτιον
1027 2652 1044 2675 ,
1087 2610 1176 2664 ὅτι
1227 2612 1461 2679 Ἰησοῦς
1512 2608 1747 2664 οὐδέπω
1796 2609 2119 2679 ἐδοξάσθη.

556 2697 777 2771 Ἐπειδὴ
802 2698 911 2770 γὰρ
938 2698 1155 2753 οὐδέπω
1180 2697 1521 2770 ἐσταυρώθη,
1545 2700 1732 2770 φησὶν,
1749 2698 1850 2752 οὐκ
1872 2694 1940 2769 ἦν
1960 2698 2124 2753 Πνεῦ-

544 2802 623 2859 μα
655 2788 809 2856 ἁγιον
857 2789 915 2843 ὲν
953 2789 1065 2852 τοῖς
1112 2787 1423 2860 ἀνθρώποις
1456 2788 1639 2843 δοθέν·
1674 2788 1737 2841 τὸ
1769 2787 1897 2860 γὰρ,
1924 2789 2121 2842 ἐσταυ-

546 2875 715 2946 ρώθη,
739 2877 886 2931 ἐστὶν
912 2874 1260 2945 Ὲδοξάσθη.
1288 2877 1351 2929 Εἰ
1375 2877 1483 2947 γὰρ
1508 2877 1601 2931 καὶ
1622 2875 1784 2947 φύσει
1803 2878 1865 2931 τὸ
1892 2878 2124 2949 πρᾶγμα

543 2965 925 3031 ἐπονείδιστον,
958 2964 1070 3019 ἀλλ’
1095 2964 1282 3038 ἐπειδὴ
1325 2964 1467 3036 ὑπὲρ
1497 2965 1607 3019 τῶν
1637 2965 1977 3036 φιλουμένων
2002 2966 2125 3035 ἐγέ-

543 3070 686 3115 νετο,
714 3051 873 3118 δόξαν
905 3054 1037 3107 αὐτὸ
1070 3052 1226 3107 καλεί
1262 3056 1290 3108 6
1319 3053 1572 3124 Χριστός.
1605 3054 1714 3108 Καὶ
1741 3054 1883 3118 τίνος
1911 3054 2120 3119 ἓνεκεν,

542 3142 664 3196 εἰπέ
689 3159 801 3213 μοι,
824 3140 931 3214 πρὸ
959 3140 1053 3196 τοῦ
1080 3140 1316 3213 σταυροῦ
1342 3141 1441 3194 οὐκ
1463 3141 1618 3215 ὲδόθη
1638 3143 1699 3196 τὸ
1724 3142 1979 3214 Πνεῦμα;
1998 3141 2123 3196 Ὅτι

545 3232 603 3283 ὲν
634 3229 927 3301 ἁμαρτίαις
950 3223 1018 3301 ἦν
1040 3230 1074 3300 ή
1106 3227 1419 3299 οίκουμένη,
1444 3230 1503 3285 ἐν
1529 3229 2001 3302 προσκρούσμασι,
2029 3232 2124 3286 καὶ

542 3316 733 3389 ἔχθρᾳ,
757 3317 851 3371 καὶ
871 3316 1092 3389 ἀτιμίᾳ·
1122 3317 1331 3370 οὐδέπω
1355 3318 1446 3370 τοῦ
1473 3315 1648 3388 ἀμνοῦ
1671 3318 2121 3390 προσενεχθέντος

541 3406 634 3459 τοῦ
681 3405 779 3477 τὴν
813 3405 1089 3477 ἁμαρτίαν
1126 3402 1374 3475 αἴροντος
1411 3403 1505 3458 τοῦ
1556 3406 1784 3477 κόσμου.
1832 3407 1985 3464 Ἐπεὶ
2030 3404 2124 3463 οὖν

541 3496 752 3550 οὐδέπω
784 3494 934 3568 [462]
969 3490 1037 3567 ἦν
1077 3496 1105 3548 ὁ
1141 3495 1373 3569 Χριστὸς
1416 3497 1749 3568 σταυρωθεὶς
1769 3539 1783 3560 ,
1814 3499 2026 3554 οὐδέπω
2056 3495 2124 3571 ἦν

547 3583 861 3655 καταλλαγὴ
913 3583 1180 3653 γενομένη
1205 3598 1220 3612 ·
1254 3583 1354 3655 τῆς
1394 3583 1451 3637 δὲ
1502 3584 1847 3658 καταλλαγῆς
1899 3588 2126 3658 μηδέπω

550 3672 866 3743 γενομένης,
903 3669 1129 3733 εἰκότως
1163 3669 1284 3723 οὐδὲ
1316 3670 1378 3723 τὸ
1405 3671 1629 3742 Πνεῦμα
1656 3674 1959 3744 ἐπέμπετο,
1984 3674 2126 3729 ὥστε

543 3759 892 3828 καταλλαγῆς
923 3759 1222 3830 τεκμήριον
1255 3758 1318 3812 τὸ
1344 3757 1571 3831 Πνεῦμα
1606 3760 1994 3832 ἀποσταλῆναι.
2028 3763 2128 3819 Διὰ

541 3849 700 3902 τοῦτο
735 3848 830 3901 καὶ
855 3848 884 3900 6
915 3845 1148 3916 Χριστός
1179 3863 1345 3918 φησι·
1371 3846 1667 3917 Συμφέρει
1704 3847 1867 3918 ὑμῖν,
1886 3851 1987 3904 ἵνα
2011 3852 2127 3922 ἐγὼ

542 3936 784 3992 ἀπέλθω
802 3951 815 3967 ·
852 3934 961 3989 ἐὰν
990 3934 1100 4004 γὰρ
1118 3933 1233 4003 ἐγὼ
1263 3933 1351 4005 μὴ
1378 3935 1639 4000 ἀπέλθω,
1667 3937 1898 4004 ἐκεῖνος
1937 3942 2008 3995 οὐ
2034 3940 2122 4011 μὴ

542 4026 692 4094 ἔλθῃ
711 4042 725 4056 ·
767 4023 862 4078 ὲάν
905 4024 979 4095 μὴ
1012 4021 1261 4088 ἀπέλθω,
1293 4021 1387 4076 καλ⁸
1419 4024 1738 4090 καταλλὰξω
1758 4025 1855 4079 τὸν
1885 4029 2123 4100 Πατέρα,

544 4113 730 4183 φησὶν,
763 4111 826 4165 οὐ
866 4112 1072 4181 πέμπω
1100 4111 1230 4182 ὑμῖν
1264 4110 1356 4164 τὸν
1397 4113 1765 4185 παράκλητον.
1811 4116 1991 4170 Εῐδετε
2038 4117 2127 4173 διὰ

542 4202 727 4253 πόσων
767 4196 1129 4270 ἀπεδείξαμεν
1173 4199 1322 4270 ὑμῖν,
1362 4199 1448 4252 ὅτι
1499 4201 1595 4271 τῆς
1639 4202 1805 4274 ὀργῆς
1845 4204 1939 4258 τοῦ
1988 4204 2124 4259 Θεοῦ

540 4291 769 4361 σημεῖόν
794 4292 908 4343 ἐστι
928 4290 989 4343 τὸ
1017 4290 1092 4361 μὴ
1117 4286 1255 4343 εἶναι
1275 4289 1499 4361 Πνεῦμα
1520 4290 1673 4360 ἆτιον
1699 4292 1759 4345 ὲν
1781 4293 2122 4365 ἀνθρώποις;

555 4377 738 4446 Ῥἦμα
755 4380 950 4448 τίμιον
966 4374 1064 4448 ἦν,
1080 4378 1178 4432 καὶ
1200 4381 1313 4433 οὐκ
1331 4375 1411 4449 ἦν
1426 4379 1635 4447 ὅρασις
1652 4380 2120 4440 διαστέλλουσα·

536 4469 663 4522 Οὐκ
691 4467 825 4521 ἐστι
858 4465 969 4536 γὰρ
992 4465 1194 4535 ἄρχων
1219 4465 1361 4520 οὐδὲ
1395 4467 1706 4537 προφήτης
1732 4470 1804 4523 έν
1833 4470 1914 4537 τῷ
1941 4471 2126 4541 καιρῷ

538 4557 750 4621 τούτῳ·
785 4553 962 4609 Οὔπω
991 4555 1103 4624 γὰρ
1147 4550 1226 4625 ἦν
1255 4556 1498 4625 Πνεῦμα
1534 4556 1727 4626 ἅγιον,
1767 4558 1857 4614 ὅτι
1896 4562 2126 4630 Ἰησοῦς

541 4644 777 4698 οὐδέπω
789 4642 1110 4710 ἐδοξάσθη.
1126 4642 1418 4713 Συμφέρει
1440 4646 1602 4715 ὑμῖν,
1618 4647 1718 4702 ἵνα
1730 4648 1846 4717 ἐγὼ
1865 4649 2121 4705 ἀπέλθω·

442 4732 447 4735 ’
543 4732 651 4787 ἐὰν
674 4730 782 4801 γὰρ
804 4731 919 4802 ἐγὼ
941 4731 1028 4802 μὴ
1054 4732 1316 4798 ἀπέλθω,
1340 4734 1572 4801 ἐκεῖνος
1585 4738 1657 4791 οὐ
1673 4737 1761 4805 μὴ
1790 4740 1962 4808 ἔλθῃ.
1985 4742 2126 4795 Οὐκ.

541 4819 638 4873 οῦν
704 4819 931 4888 σημεῖόν
968 4820 1084 4873 ἐστι
1127 4820 1229 4889 τῆς
1268 4820 1438 4892 ὀργῆς
1467 4823 1563 4877 τοῦ
1598 4825 1732 4878 Θεοῦ
1773 4826 1834 4879 τὸ
1879 4829 1953 4901 μὴ
1986 4826 2122 4886 εἶναι

546 4905 772 4977 Πνεῦμα
787 4906 961 4976 ἁγιον.
986 4908 1154 4962 Ὅταν
1184 4907 1299 4980 ῑδῃς
1324 4909 1551 4980 Πνεῦμα
1581 4911 1736 4979 ἁγιον
1769 4918 2127 4987 καταπεμπόο

546 5011 709 5068 μενον
722 4993 978 5064 δαψιλῶς,
997 4996 1160 5067 μηδὲν
1180 4996 1366 5052 λοιπὸν
1388 4998 1508 5068 ἀμφ
1517 4998 1737 5071 ιϐάλλῃς
1760 5004 1887 5075 περὶ
1905 5004 2005 5075 τῆς
2029 5023 2119 5059 κα·

545 5076 839 5153 ταλλαγῆς.
882 5082 992 5135 Καὶ
1029 5082 1154 5146 ποῦ,
1184 5085 1369 5156 φησὶν,
1405 5084 1521 5140 ἐστι
1550 5089 1776 5159 Πνεῦμα
1814 5092 1968 5161 ἁγιον
1995 5094 2124 5161 νῦν;

545 5172 681 5226 Τότε
699 5172 799 5244 μὲν
827 5170 934 5242 γὰρ
957 5171 1136 5238 καλῶς
1158 5172 1326 5244 λέγει,
1342 5176 1432 5229 ὅτε
1459 5182 1660 5251 σημεῖα
1682 5181 1910 5251 ἐγίνετο,
1928 5185 2024 5239 καὶ
2037 5203 2127 5238 νε-

544 5261 670 5335 κροὶ
690 5259 996 5333 ἠγείροντο,
1013 5262 1107 5315 καὶ
1132 5262 1323 5334 λεπροὶ
1340 5266 1537 5330 πάντες
1558 5267 1913 5341 ὲκαθαίροντο
1930 5289 1942 5302 ·
1961 5271 2055 5327 νῦν
2069 5275 2128 5330 δὲ

546 5349 709 5402 πόθεν
730 5347 996 5421 δείξομεν,
1015 5348 1096 5403 ὅτι
1123 5351 1356 5422 πάρεστι
1376 5353 1435 5407 τὸ
1452 5354 1676 5426 Πνεῦμα
1700 5357 1761 5412 τὺ
1786 5359 1939 5428 ἆγιον
1960 5362 2124 5432 ήμῖν;

547 5438 639 5509 Μὴ
669 5437 880 5511 δείσητε
900 5454 914 5468 ·
966 5439 1324 5512 ἀποδείκνυμι
1372 5443 1502 5517 γὰρ.
1537 5447 1619 5500 ὅτι
1654 5449 1745 5501 καὶ
1777 5448 1875 5505 νῦν
1902 5451 2128 5523 Πνεῦμα

546 5523 699 5591 ἁγιόν
732 5526 878 5579 ἔστιν
899 5528 957 5579 ὲν
993 5529 1147 5598 ἡμῖν.
1176 5529 1299 5594 Πῶς
1337 5533 1429 5586 καὶ
1466 5534 1572 5588 τίνι
1616 5536 1837 5609 τρόπῳς
1880 5540 1991 5594 Καὶ
2018 5542 2127 5614 γὰρ

548 5615 596 5666 εἰ
631 5614 706 5685 μὴ
734 5613 959 5685 Πνεῦμα
997 5616 1150 5685 ἅγιόν
1188 5620 1335 5672 ἐστιν
1373 5623 1431 5674 ὲν
1463 5624 1614 5695 ἡμῖν,
1652 5626 1768 5690 πῶς
1806 5627 1872 5681 ἂν
1899 5621 2044 5684 οὗτοι
2076 5613 2127 5685 οί

548 5701 688 5761 κατὰ
710 5701 809 5773 τὴν
835 5703 986 5792 ίερὰν
1003 5704 1172 5761 νύκτα
1199 5710 1400 5782 ταύτην
1422 5713 1781 5781 φωτισθέντες
1808 5716 1914 5771 τῶν
1945 5719 2125 5792 ἀμαρ-

545 5792 674 5871 σξιών
727 5790 1157 5865 ἀπηλλάγησαν;
1215 5798 1333 5851 οὐδὲ
1363 5800 1471 5871 γὰρ
1521 5800 1668 5858 ἔστιν
1714 5790 2125 5882 ἁμαρτημάτων

1203 366 1261 424 S.
1303 366 1589 424 JOANNIS
1624 358 2112 424 CHRYSOSTOMI
2149 359 2474 419 ARCIIIEP.
2512 363 3060 421 CONSTANTINOP.

3706 363 3812 425 ιδε

2227 478 2608 552 ἀπαλλαγῆναι
2658 481 2787 535 ἀνευ
2840 478 2942 551 τῆς
2985 478 3082 534 τοῦ
3139 477 3455 550 Πνεύματος
3504 478 3810 552 ἐνεργείας.

2237 573 2529 627 Ἀκούσατε
2578 572 2708 642 γοῦν
2754 572 2849 627 τοῦ
2902 572 3118 627 Παύλου
3143 571 3420 640 λέγοντος·
3451 567 3635 640 Ἦμεν
3696 571 3811 641 γάρ

2225 680 2371 718 ποτε
2400 666 2497 719 καί
2532 665 2705 735 ἡμεῖς
2743 665 3021 733 ἀνόητοι,
3061 664 3358 730 ἀπειθεῖς,
3406 663 3808 734 πλανώμενοι,

2224 755 2618 824 δουλεύοντες
2643 758 2980 826 ἐπιθυμίαις
3008 758 3307 822 ποικίλαις
3327 772 3339 783 ·
3374 756 3473 809 ὅτε
3500 754 3569 809 δὲ
3600 755 3638 824 ἠ
3662 773 3810 826 χρη-
3908 774 3909 777 ‘

2225 846 2446 914 στότης
2476 847 2573 899 καί
2607 848 2645 914 ἠ
2672 848 3086 917 φιλανθρωπία
3108 847 3382 916 ἐπεφάνη
3406 848 3511 902 τοῦ
3536 846 3808 917 Σωτῆρος

2223 935 2393 1003 ἡμῶν
2416 938 2584 1001 Θεοῦ,
2609 942 2719 993 οὐκ
2750 938 2818 1005 ἐξ
2842 941 3032 1009 ἔργων
3057 939 3176 994 τῶν
3204 941 3273 994 ὲν
3310 940 3690 1010 δικαιοσύνη,
3718 933 3811 994 ὧν

2224 1027 2595 1099 ἐποιήσαμεν
2640 1031 2846 1099 ἡμεῖς.
2891 1033 3055 1086 ἀλλὰ
3084 1031 3234 1085 κατὰ
3266 1031 3372 1085 τὸν
3399 1030 3588 1085 αὐτοῦ
3628 1032 3811 1086 ἔλεον

2216 1121 2459 1175 ’ἔσωσεν
2481 1121 2636 1190 ἡμᾶς
2655 1122 2751 1175 διὰ
2767 1124 3026 1191 λουτροῦ
3047 1125 3530 1193 παλιγγενεσίας,
3554 1123 3655 1178 καὶ
3668 1125 3809 1179 ἀνα-

2225 1212 2560 1278 καινώσεως
2589 1216 2936 1284 Πνεύματος
2963 1216 3166 1285 ἁγίου·
3212 1216 3308 1270 καὶ
3350 1216 3511 1270 πάλιν
3539 1215 3772 1286 ἀλλαχοῦ
3789 1234 3805 1247 ·

2223 1306 2321 1372 Μὴ
2359 1304 2676 1362 πλανᾶσθε
2695 1323 2711 1338 ·
2749 1308 2887 1360 οὔτε
2916 1308 3147 1375 πόρνοι,
3190 1307 3329 1361 οὔτε
3359 1306 3805 1376 είδωλολάτραι,

2226 1398 2363 1452 οὒτε
2382 1396 2605 1465 μοιχοὶ,
2630 1398 2770 1451 οὔτε
2788 1398 3070 1466 μαλακοί,
3106 1398 3246 1451 οὔτε
3267 1396 3700 1465 ἀρσενοκοῖται.
3730 1399 3807 1451 οὐ

2227 1486 2497 1548 κλέπται,
2531 1489 2603 1541 οὐ
2620 1487 2996 1551 πλεονέκται,
3025 1490 3099 1541 οὐ
3108 1488 3386 1557 μέθυσοι,
3420 1490 3493 1542 οὐ
3519 1488 3803 1557 λοίδοροι,

2221 1578 2335 1644 οὐχ
2364 1576 2967 1645 ᾶρπιιγεςβασιλείαν
3000 1578 3150 1632 Θεοῦ
3181 1577 3808 1650 [οὐικληρονομήσου-

2222 1681 2346 1720 σιν.
2356 1664 2505 1730 Εἶδες
2518 1666 2730 1720 ἅπαντα
2752 1667 2819 1722 τὰ
2832 1668 2946 1739 εἴδη
2964 1668 3063 1739 τῆς
3083 1669 3301 1732 κακίαςς
3320 1669 3429 1722 Καὶ
3445 1668 3630 1723 ταῦτά
3644 1686 3808 1736 τινες

2223 1754 2349 1828 ἦτε,
2393 1760 2533 1813 ἀλλ’
2583 1759 3040 1825 ἀπελούσασθε,
3081 1760 3218 1815 ἀλλ’
3266 1761 3627 1830 ἡγιάσθητε,
3665 1761 3805 1816 ἀλλ’

2224 1849 2623 1919 ἐδικαιώθητε.
2651 1851 2813 1919 Πῶς;
2846 1851 3003 1906 τοῦτο
3031 1851 3140 1924 γὰρ
3167 1854 3227 1908 τὸ
3257 1838 3607 1923 ζητούμενον,
3635 1855 3683 1906 εί
3717 1852 3809 1909 διὰ

2222 1944 2315 1999 τοῦ
2349 1945 2505 2013 ἁγίου
2537 1945 2850 2016 Πνεύματος
2880 1945 2979 2018 τὴν
3009 1945 3205 1999 κακίαν
3233 1945 3564 2017 ἀπεθέμεθα.
3596 1946 3810 2001 Οὐκοῦν

2224 2036 2481 2092 ἄκουσον·
2545 2038 2701 2093 Ἀλλ’
2737 2038 3085 2109 ἡγιάσθητε,
3138 2039 3275 2093 ἀλλ’
3319 2039 3697 2106 ἐδικαιώθητε
3734 2040 3809 2093 ἐν

2224 2127 2304 2195 τῷ
2325 2131 2569 2200 ὀνόματι
2594 2131 2698 2185 τοῦ
2748 2132 2971 2199 Κυρίου
3008 2132 3228 2200 Ἰησοῦ,
3263 2131 3360 2186 καί
3393 2133 3463 2185 ἐν
3495 2131 3575 2198 τῷ
3613 2134 3805 2186 Πνεύ-

2220 2239 2363 2291 ματι
2391 2222 2496 2277 τοῦ
2522 2222 2673 2277 Θεοῦ
2696 2222 2886 2294 ἡμῶν.
2918 2220 3070 2288 Εἶδες
3097 2225 3180 2278 ὅτι
3211 2224 3273 2278 τὸ
3309 2222 3531 2295 Πνεῦμα
3561 2224 3625 2278 τὸ
3647 2223 3772 2292 ἁγιο

2224 2312 2322 2384 τὴν
2346 2314 2545 2368 κακίαν
2571 2314 2789 2369 ἃπασαν
2817 2316 3036 2388 ἐκείνην
3063 2316 3370 2388 ἁπήλειψε;
3758 2332 3763 2343 ‘

2293 2406 2355 2460 δ’.
2381 2406 2492 2461 Ποῦ
2520 2406 2615 2461 νῦν
2649 2409 2789 2461 εἰσιν
2812 2408 2860 2461 οί
2898 2407 3344 2479 βλασφημοῦντες
3371 2406 3466 2460 τοῦ
3490 2408 3805 2478 Πνεύματος

2224 2498 2323 2569 τὴν
2347 2498 2536 2566 ἁξίσν;
2560 2500 2623 2553 Et
2651 2501 2749 2572 μὲν
2780 2500 2890 2574 γὰρ
2916 2500 2991 2572 μὴ
3012 2500 3237 2572 ἁφίησιν
3263 2499 3655 2572 ἁμαρτήματα,
3680 2502 3801 2573 εἰκῇ

2225 2588 2714 2660 παραλαμϐάνεται
2769 2592 2850 2654 είς
2901 2590 2963 2644 τὸ
3015 2589 3332 2661 βάπτισμα·
3380 2590 3429 2642 εί
3474 2589 3531 2645 δὲ
3581 2591 3805 2659 ἀφίησιν

2224 2682 2442 2752 ἁμαρτή
2452 2699 2622 2751 ματα,
2644 2683 2765 2753 εἰκῇ
2798 2680 3198 2753 βλασφημεῖται
3231 2680 3337 2734 61:6
3358 2680 3469 2733 τῶν
3490 2681 3799 2752 αἱρετικῶν.

2226 2775 2288 2827 El
2313 2773 2387 2844 μὴ
2415 2774 2642 2844 Πνεῦμα
2688 2770 2757 2845 ἦν
2794 2774 2967 2842 ἀγιον,
3006 2774 3208 2845 Κύριον
3252 2771 3458 2843 Ἰησοῦν
3497 2773 3667 2829 εἰπεῖν
3701 2771 3806 2825 οὐκ

2224 2865 2538 2936 ἠδυνάμεθα
2560 2883 2573 2896 ·
2632 2865 2845 2933 οὐδεὶς
2887 2865 2996 2935 γὰρ
3060 2864 3309 2919 δύναται
3351 2863 3545 2919 είπεῖν-
3588 2865 3808 2930 Κύριον

2238 2956 2491 3023 Ἰησοῦν,
2522 2957 2576 3008 εί
2616 2955 2703 3024 μὴ
2734 2955 2804 3010 ἐν
2848 2952 2926 3019 τῷ
2972 2955 3269 3025 Πνεύματι
3296 2953 3375 3019 τῷ
3404 2956 3573 3024 ἁγίῳ.
3623 2954 3686 3011 ΕΞ
3727 2955 3805 3024 μὴ

2225 3045 2452 3117 Πνεῦμα
2482 3040 2551 3117 ἦν
2581 3044 2758 3114 ἁγιον,
2785 3045 2879 3099 τὸν
2916 3046 3047 3099 Θεὸν
3076 3044 3454 3116 παρακαλέσαι
3486 3045 3586 3099 οὐκ
3612 3044 3808 3114 ἠδυνά-

2228 3136 2368 3209 μεθα
2397 3138 2447 3190 οἱ
2478 3138 2687 3192 πιστοί·
2719 3139 2950 3210 λέγομεν
2974 3138 3103 3211 γὰρ,
3123 3137 3313 3207 Πάτερ
3337 3137 3506 3208 ὑμῶν·
3535 3141 3568 3192 ό
3588 3139 3659 3192 έν
3681 3138 3811 3210 τοῖς

2225 3230 2524 3297 οὐρανοῖς.
2572 3231 2783 3304 Ὥσπερ
2823 3227 2918 3286 οῦν
2965 3232 3170 3303 Κύριον
3214 3230 3440 3284 καλέσαι
3470 3231 3572 3284 οὐκ
3615 3230 3817 3300 ὴὼνὰυ.

2230 3322 2389 3394 μεθα,
2433 3323 2605 3389 οὕτως
2658 3323 2809 3397 [465]
2839 3323 2963 3379 οὐδὲ
3012 3324 3231 3395 Πατέρα
3273 3323 3364 3377 τὸν
3402 3323 3535 3377 Θεὸν
3582 3324 3811 3379 καλέσαι

2226 3416 2561 3489 ἠδυνάμεθα.
2592 3418 2764 3472 Πόθεν
2804 3417 2997 3489 δῆλονς
3036 3418 3131 3471 Ἐκ
3171 3416 3266 3471 τοῦ
3295 3415 3459 3471 αὐτοῦ
3509 3417 3809 3471 ἀποστόλου

2227 3506 2497 3575 λέγοντος,
2521 3509 2653 3562 ’Ότι
2691 3506 2758 3561 δέ
2772 3507 2913 3562 ἐστε
2945 3508 3083 3573 vlo),
3126 3506 3557 3572 ἐξαπέστειλεν
3601 3511 3634 3563 ό
3663 3508 3809 3576 Θεὸς

2226 3599 2295 3652 τὸ
2324 3599 2564 3670 Πνεῦμα
2600 3599 2709 3654 τοῦ
2747 3600 2882 3655 Υίοῦ
2907 3598 3095 3653 αὐτοῦ
3118 3602 3204 3668 εις
3236 3600 3343 3666 τὰς
3370 3599 3617 3670 καρδίας
3642 3598 3813 3670 ὑμῶν

2227 3688 2461 3758 κρᾶζον,
2511 3689 2660 3744 ἀθϐᾶ
2699 3692 2732 3744 ό
2781 3690 3006 3759 Πατήρ.
3059 3690 3223 3744 Ὥστε
3273 3692 3399 3745 ὅταν
3438 3691 3674 3763 καλέσῃς
3717 3692 3811 3745 τὸν

2227 3781 2470 3853 Πατέρα,
2498 3781 2900 3854 ἀναμνήσθητι,
2925 3782 3009 3837 ὅτι
3037 3781 3130 3838 τοῦ
3160 3776 3297 3836 Πνεύ
3307 3801 3474 3855 ματος
3500 3785 3600 3856 τὴν
3631 3784 3811 3855 ψυχὴν

2228 3873 2505 3939 κινοῦντος
2532 3872 2769 3947 ἠξιώθης
2814 3876 2914 3946 τῆς
2958 3878 3331 3949 προσηγορίας
3366 3876 3601 3948 ἐκείνης.
3634 3877 3696 3930 Et
3731 3877 3811 3948 μὴ

2228 3966 2454 4038 Πνεῦμα
2474 3962 2561 4039 ἦν,
2588 3968 2747 4037 λόγος
2775 3967 2968 4036 σοφίας
2999 3970 3093 4022 καὶ
3111 3968 3362 4038 γνώσεως
3401 3971 3458 4023 ὲν
3487 3973 3551 4040 τῇ
3583 3970 3812 4041 Ἐκκλη-

2230 4059 2321 4131 σία
2353 4059 2453 4114 οὐκ
2479 4055 2576 4131 ἦν·
2598 4055 2673 4131 ᾯ
2689 4060 2808 4131 μέν
2826 4059 2940 4130 γὰρ
2963 4060 3192 4115 δίδοται
3208 4061 3307 4115 διὰ
3332 4061 3439 4116 τοῦ
3467 4063 3813 4132 Πνεύματος

2222 4156 2412 4231 λόγος
2442 4155 2685 4223 σοφίας,
2732 4153 2902 4217 ἄλλῳ
2948 4151 3019 4206 δὲ
3056 4155 3240 4223 λόγος
3286 4153 3581 4223 γνώσεως.
3633 4156 3696 4208 El
3733 4155 3811 4227 μὴ

2229 4245 2455 4318 Πνεῦμα
2499 4248 2654 4314 ἀγιον
2696 4240 2786 4316 ἦν,
2839 4246 3098 4318 ποιμένες
3149 4248 3245 4301 καὶ
3275 4246 3583 4301 διδάσκαλοι
3628 4249 3686 4301 ὲν
3740 4250 3811 4319 τῇ

2240 4337 2537 4409 Ἐκκλησία
2583 4334 2893 4409 οὐκ¹ἧσαν·
2929 4338 3021 4390 καὶ
3054 4336 3163 4409 γὰρ
3196 4331 3342 4391 οῦτοι
3377 4337 3465 4393 διὰ
3499 4338 3595 4393 τοῦ
3642 4339 3814 4393 Πνεύ-

2231 4446 2400 4500 ματος
2437 4429 2700 4499 γίνονται,
2730 4427 2915 4493 καθὼς
2943 4428 3038 4482 καὶ
3078 4431 3106 4482 6
3139 4427 3351 4493 Παῦλός
3395 4445 3560 4501 φησιν
3584 4447 3596 4461 ·
3633 4431 3734 4485 Ἐν
3760 4424 3813 4499 ᾧ

2228 4523 2395 4578 ἔθετο
2422 4519 2578 4594 ὑμᾶς
2599 4522 2667 4576 τὸ
2692 4522 2935 4592 Πνεῦμα
2959 4520 3026 4576 τὸ
3051 4521 3220 4592 ἄτιον
3244 4521 3532 4591 ποιμένας
3568 4523 3665 4577 καί
3686 4523 3813 4578 ἐπι-

2230 4617 2525 4683 σκόπους.
2560 4615 2726 4688 Ὁρᾷς
2757 4616 2840 4670 ὅτι
2878 4615 2973 4670 καὶ⁵
3020 4613 3178 4669 τοῦτο
3201 4614 3289 4669 διὰ
3326 4614 3421 4669 τοῦ
3450 4616 3809 4688 Πνεύματος;

2228 4709 2293 4761 Εἰ
2329 4708 2404 4779 μὴ
2440 4706 2664 4779 Πνεῦμα
2708 4706 2863 4775 ἁγιον
2897 4702 2966 4778 ἦν
2993 4708 3051 4760 ὲν
3102 4705 3179 4777 τῷ
3223 4705 3388 4778 κοινῷ
3435 4707 3609 4779 τούτῳ
3640 4709 3811 4779 πατρὶ

2230 4800 2324 4854 καὶ
2348 4799 2674 4871 διδασκάλῳ,
2709 4801 2810 4853 οὐκ
2833 4798 2900 4853 ἂν
2936 4800 3025 4853 ὅτε
3058 4800 3164 4871 πρὸ
3195 4799 3393 4871 μικροῦ
3420 4799 3587 4871 ἀνέϐη
3627 4801 3721 4854 ἐπὶ
3749 4800 3811 4857 τὸ

2233 4892 2377 4963 ἱερὸν
2407 4892 2557 4964 βῆμα
2589 4892 2775 4959 τοῦτο,
2812 4893 2907 4947 καὶ
2937 4895 3103 4947 πᾶσιν
3142 4894 3271 4965 ὑμῖν
3316 4892 3516 4946 ἔδωκεν
3561 4895 3812 4965 εἰρήνην,

2230 4985 2324 5041 καὶ
2346 4985 2755 5056 ὲπεφθέγξασθε
2776 4986 2925 5057 αὐτῷ
2952 4989 3105 5059 κοινῇ
3131 4989 3351 5050 πάντες,
3382 4988 3489 5042 Καὶ
3520 4986 3601 5052 τῷ
3621 4989 3813 5042 Πνεῦ-

2222 5078 2370 5145 ματί
2408 5094 2561 5133 σου·
2593 5078 2683 5133 διὰ
2732 5077 2891 5133 τοῦτο
2923 5080 3024 5133 οὐκ
3068 5079 3411 5133 ἀναϐαίνοντι
3446 5081 3608 5151 μόνον
3631 5117 3645 5143 ,
3688 5079 3813 5133 οὐδὲ

2227 5168 2595 5240 διαλεγομένῳ
2625 5170 2762 5242 πρὸς
2800 5169 2972 5241 ὑμᾶς,
3002 5171 3124 5225 οὐδὲ
3175 5171 3455 5244 εὐχομένω
3484 5172 3635 5243 ὑπὲρ
3657 5171 3813 5241 ὑμῶν

2227 5260 2434 5345 ταύτην
2461 5261 2861 5331 έπιφθέγγεώε
2892 5263 2994 5333 τὴν
3027 5264 3205 5336 ῥῆσιν,
3237 5262 3353 5317 ἀλλ’
3384 5264 3513 5319 ὅταν
3542 5263 3692 5336 παρὰ
3712 5264 3812 5335 τὴν

2230 5353 2382 5424 ἱερὰν
2427 5353 2632 5425 ταύτην
2675 5354 2883 5428 ἑστήκῃ
2911 5355 3213 5426 τράπεζαν,
3262 5356 3391 5410 ὅταν
3427 5355 3525 5429 τὴν
3577 5359 3812 5428 φρικτὴν

2228 5445 2446 5516 εκείνην
2488 5444 2679 5499 θυσίαν
2726 5447 3019 5519 ἀναφέρειν
3063 5449 3265 5521 μέλλῃ·
3301 5449 3446 5503 ῐσασι
3476 5451 3583 5520 γὰρ
3623 5450 3674 5503 οἱ
3710 5468 3808 5521 με-

2233 5535 2502 5606 μυημένοι
2538 5531 2611 5587 ’τὸ
2662 5535 2982 5606 λεγόμενον·
3012 5539 3072 5591 οὐ
3117 5540 3379 5612 πρότερον
3433 5542 3661 5596 ἅπτεται
3699 5544 3812 5599 τῶν

2232 5626 2633 5698 προκειμένων,
2656 5627 2759 5691 ἓως
2793 5629 2858 5682 ἂν
2892 5630 3018 5700 ὑμῖν
3041 5631 3201 5698 αὐτὸς
3220 5632 3515 5705 ἐπεύξηται
3536 5635 3634 5707 τὴν
3660 5636 3811 5708 παρὰ

2234 5718 2328 5771 τοῦ
2374 5718 2581 5789 Κυρίου
2630 5720 2824 5790 χάριν,
2855 5722 2950 5775 καὶ⁵
2996 5724 3153 5794 ὑμεῖς
3190 5725 3593 5797 ὲπιφθέγξηοθε
3637 5729 3807 5799 αὐτῷ,

2240 5810 2351 5867 Καὶ
2391 5810 2468 5877 τῷ
2502 5813 2799 5882 Πνεύματί
2835 5831 2971 5881 σου,
3012 5816 3096 5871 διὰ
3132 5820 3228 5889 τῆς
3258 5821 3597 5894 ἀποκρίσεως
3641 5824 3811 5895 αὐτῆς
