4130 6460
350 356 457 413 ιόἳ

354 475 530 542 Atque
555 480 614 528 ut
642 472 949 546 intelligatis
969 473 1416 531 reconciliationis
1445 476 1536 531 Dei
1566 475 1766 531 donum
1793 491 1934 545 esse,

352 563 498 633 quod
544 562 774 634 Spiritus
813 574 1030 622 sanctus
1078 576 1161 620 est
1206 566 1400 633 datus,
1443 583 1508 623 ex
1558 567 1846 638 Scripturis
1890 568 1941 622 id

355 656 681 729 persuadere
719 655 871 713 vobis
916 657 1190 714 conabor:
1217 673 1279 714 ac
1317 662 1545 730 primum
1585 676 1617 714 a
1659 660 1943 717 contrariis

355 748 723 819 probationem
753 750 831 805 rei
855 760 1051 820 petam,
1076 760 1130 807 et
1158 753 1458 821 ostendam,
1479 768 1599 808 cum
1629 754 1794 813 iratus
1815 765 1899 809 est
1922 794 1938 820 ,

353 857 477 899 eum
524 840 756 913 Spiritus
796 845 1020 914 gratiam
1065 844 1429 903 inhiberewt
1480 863 1601 903 cum
1649 847 1942 903 credideris

353 934 473 1003 ejus
509 935 602 990 ira:
623 943 994 1006 argumentum
1036 952 1188 1005 esse,
1212 938 1351 1007 quod
1397 954 1502 993 non
1547 939 1687 993 adsit
1714 938 1942 1008 Spiritus

353 1035 569 1081 sanctus
589 1067 604 1092 ,
627 1041 918 1098 rursusque
967 1027 1256 1085 demissum
1293 1030 1488 1085 videris
1534 1029 1788 1096 Spiritum
1814 1073 1830 1097 ,
1858 1030 1940 1086 di-

354 1132 495 1184 scas,
519 1117 619 1173 nisi
646 1120 1020 1175 reconciliatus
1048 1120 1232 1176 fuisset
1255 1163 1271 1189 ,
1293 1122 1548 1194 Spiritum
1579 1133 1821 1179 sanctum
1848 1139 1945 1179 ne-
1984 1140 1994 1147 ’

353 1226 618 1282 quaquam
641 1211 789 1267 illum
808 1212 986 1269 fuisse
1015 1215 1324 1270 missurum.
1361 1215 1512 1272 Unde
1546 1217 1702 1287 igitur
1729 1218 1830 1271 hoc
1855 1208 1941 1271 in-Q

354 1301 680 1370 tciligemus?
700 1302 819 1358 Heli
841 1318 1005 1359 senex
1024 1306 1105 1360 vir
1130 1305 1255 1373 fuit,
1283 1307 1416 1362 alias
1441 1308 1655 1378 quidem
1678 1323 1861 1379 aequus
1887 1318 1942 1366 et

351 1391 576 1462 probus,
600 1392 693 1448 sed
721 1395 809 1465 qui
847 1395 1079 1451 ﬁliorum
1127 1398 1521 1467 improbitatem
1565 1401 1794 1456 nesciret
1821 1416 1941 1457 cor-

351 1480 527 1550 rigere
548 1523 564 1549 ,
594 1498 777 1537 verum
809 1485 953 1540 ultra
984 1486 1200 1542 modum
1247 1488 1446 1545 liberos
1492 1501 1716 1547 amaret.
1749 1491 1941 1547 Audite

350 1579 613 1639 quotquot
645 1572 784 1628 ﬁlios
823 1574 1066 1642 habetis,
1106 1584 1162 1631 ut
1207 1580 1375 1637 amori
1427 1589 1606 1635 vestro
1652 1580 1941 1651 pudorique

351 1659 571 1715 modum
602 1662 844 1718 faciatis:
877 1664 1001 1720 hinc
1025 1668 1168 1722 enim
1195 1668 1308 1724 Heli
1352 1684 1474 1725 cum
1523 1672 1687 1727 Deum
1732 1672 1940 1727 irritas-

352 1760 469 1815 set,
503 1752 553 1805 in
602 1763 800 1807 tantum
843 1756 989 1809 illum
1044 1757 1374 1814 iracundiam
1419 1761 1661 1830 impulit,
1694 1773 1747 1818 ut
1774 1774 1937 1819 totam

348 1852 566 1912 gentem
605 1846 765 1899 fuerit
810 1859 1105 1903 aversatus.
1133 1848 1315 1921 Itaque
1347 1863 1407 1906 ut
1454 1852 1713 1908 indicaret
1742 1855 1786 1907 is
1807 1896 1823 1921 ,
1850 1864 1937 1925 qut

351 1933 467 1990 haec
511 1936 755 2006 scripsit,
789 1939 953 1993 Deum
983 1941 1102 1997 illos
1125 1942 1412 1999 admodum
1449 1956 1755 2002 aversatum
1778 1964 1897 2003 esse
1920 1991 1936 2014 ,

350 2024 561 2081 dicebat
594 2044 607 2081 :
648 2026 865 2083 Verbum
916 2041 1024 2085 erat
1069 2034 1345 2102 pretiosum
1378 2052 1397 2090 :
1423 2045 1469 2090 et
1524 2054 1624 2092 non
1672 2049 1777 2092 erat
1815 2041 1938 2095 visio

351 2115 664 2186 distinguens
685 2119 765 2188 (1.
796 2119 924 2193 Reg.
957 2123 1008 2178 '5.
1044 2122 1097 2196 1)
1133 2142 1147 2180 :
1176 2127 1467 2196 pretiosum
1495 2126 1596 2183 hoc
1617 2129 1733 2185 loco
1759 2147 1938 2187 rarum

350 2209 625 2277 appellans
659 2228 673 2265 :
705 2227 798 2280 per
825 2212 938 2268 lucc
964 2216 1104 2268 cutim
1137 2217 1371 2273 ostendit
1411 2235 1590 2274 rarum
1633 2222 1797 2277 fuisse
1829 2234 1939 2278 tum

351 2298 551 2355 donum
589 2301 899 2372 prophetico.
940 2306 1016 2360 Ac
1042 2323 1228 2362 rursus
1259 2308 1444 2380 lugens
1469 2310 1606 2366 alius
1633 2322 1688 2367 et
1731 2316 1938 2374 lamen-

353 2400 472 2447 tans
502 2393 571 2448 ob
601 2393 732 2448 iram
781 2395 873 2451 Dei
904 2397 1146 2465 dicebat,
1178 2401 1244 2455 Et
1289 2420 1391 2459 non
1414 2414 1488 2460 est
1524 2407 1580 2462 in
1600 2408 1695 2464 hoc
1718 2418 1942 2481 tempore

353 2483 619 2553 princeps,
654 2502 812 2558 neque
854 2491 1099 2561 propheta
1124 2492 1283 2563 (Dan.
1314 2496 1372 2551 5.
1398 2497 1525 2568 38);
1567 2508 1621 2555 et
1644 2516 1830 2558 rursus
1867 2505 1944 2560 ait

350 2578 673 2648 evangelista
695 2597 709 2634 :
731 2578 973 2637 Nondum
999 2585 1133 2640 enim
1162 2597 1270 2641 erat
1297 2587 1525 2661 Spiritus
1544 2603 1747 2648 sanctus
1773 2611 1793 2650 :
1818 2596 1941 2669 quia

348 2666 504 2724 Iesus
529 2672 754 2725 nondum
779 2683 886 2727 erat
906 2674 1220 2745 gloriﬁcatus
1238 2676 1414 2749 (Joan.
1443 2682 1498 2737 7.
1530 2682 1643 2756 59).
1676 2666 1939 2754 Quoniam

350 2761 495 2816 enim
540 2764 775 2819 nondum
822 2764 998 2822 fuerat
1035 2771 1350 2840 cruciﬁxus,
1404 2789 1514 2829 non
1552 2785 1669 2831 erat
1709 2776 1941 2848 Spiritus

351 2862 571 2909 sanctus
594 2854 648 2910 in
666 2854 970 2915 hominibus
990 2859 1145 2916 datus
1168 2879 1183 2915 :
1217 2862 1343 2919 illud
1362 2866 1578 2938 quippe,
1601 2869 1936 2940 gloriﬁcatus,

352 2944 497 3000 idem
520 2947 696 3013 valet,
724 2949 867 3018 quod
896 2951 1201 3008 cruciﬁxus.
1243 2955 1376 3011 Nam
1406 2958 1504 3013 etsi
1534 2975 1621 3014 res
1640 2968 1724 3016 est
1751 2970 1941 3018 natura

349 3050 448 3093 sua
478 3038 851 3109 ignominiosa,
874 3044 996 3112 quia
1023 3054 1198 3102 tamen
1225 3063 1410 3104 eorum
1442 3066 1599 3107 causa
1619 3051 1780 3125 ﬁebat
1805 3070 1940 3126 quos

350 3130 584 3196 amabat,
613 3132 835 3203 gloriam
864 3135 1006 3190 illam
1032 3134 1275 3194 Christus
1302 3142 1556 3210 appellat.
1585 3144 1761 3212 Quare
1788 3162 1938 3210 vero.

350 3222 441 3278 dic
465 3238 649 3293 qumso
668 3266 684 3292 ,
710 3233 834 3280 ante
864 3228 1162 3296 passionem
1204 3246 1311 3286 non
1341 3241 1424 3288 est
1464 3232 1695 3304 Spiritus
1739 3236 1942 3294 datus?

350 3314 612 3383 Quoniam
638 3316 690 3372 in
721 3319 954 3388 peccatis
983 3330 1097 3376 erat
1122 3323 1270 3378 orbis
1298 3334 1582 3393 terrarum,
1608 3329 1662 3384 in
1681 3329 1940 3385 offensio-

352 3408 532 3474 nibus,
562 3407 688 3466 odio
711 3420 767 3463 et
789 3411 1102 3480 ignominia,
1127 3430 1247 3469 cum
1286 3418 1522 3473 nondum
1550 3419 1758 3477 oblatus
1774 3438 1942 3493 agnus

350 3510 535 3565 esset,
577 3502 665 3571 qui
718 3502 903 3567 mundi
947 3505 1086 3560 tollit
1131 3518 1432 3576 peccatum.
1475 3513 1736 3578 Quoniam
1787 3516 1944 3585 igitur

353 3592 590 3649 nondum
612 3595 898 3653 cruciﬁxus
927 3596 1100 3658 fuerat
1126 3600 1391 3670 Christus,
1415 3607 1778 3663 reconciliatio
1809 3624 1944 3664 non.

352 3682 479 3737 dum
509 3683 642 3739 facta
672 3696 788 3741 erat
818 3704 973 3745 :cum
1005 3706 1132 3746 vero
1161 3693 1393 3749 nondum
1420 3706 1563 3752 esset
1591 3697 1726 3753 facta
1757 3716 1943 3756 recon-

352 3775 583 3843 ciliatio,
616 3778 808 3833 merito
851 3795 1024 3850 neque
1065 3782 1646 3855 Spiritusmittebatur,
1670 3790 1741 3844 ita
1770 3801 1827 3845 ut
1854 3807 1942 3847 re—

354 3869 746 3925 conciliationis
777 3872 1026 3928 iudicium
1059 3876 1288 3945 Spiritus
1307 3879 1627 3935 mitteretur.
1656 3883 1942 3952 Propterea

354 3962 659 4018 dicitetiam
685 3964 963 4032 Christus,
997 3966 1217 4038 Expedit
1242 3971 1378 4033 vobis
1396 4011 1412 4038 ,
1443 3981 1498 4026 ut
1524 3991 1615 4045 ego
1646 3976 1829 4031 vadum
1859 3992 1879 4031 :
1898 3978 1945 4034 si

355 4056 490 4110 enim
515 4072 617 4111 non
640 4056 809 4112 abiero
830 4101 844 4125 ,
868 4060 955 4114 ille
994 4077 1096 4116 non
1132 4064 1287 4117 ueniet
1312 4064 1490 4136 (Joan.
1517 4067 1598 4123 16.
1637 4069 1690 4140 7)
1729 4086 1743 4124 :
1769 4069 1813 4123 si
1836 4085 1943 4126 non

354 4146 559 4212 abiero,
593 4156 647 4202 et
670 4148 880 4205 Patrem
908 4153 1343 4223 reconciliarem,
1373 4156 1575 4227 inquit,
1608 4157 1941 4217 Paracletum

355 4237 512 4295 vobis
554 4254 658 4294 non
689 4240 916 4295 mittam.
947 4243 1150 4300 Videtis
1186 4263 1345 4316 quam
1380 4250 1558 4305 multis
1583 4266 1650 4306 es
1678 4252 1809 4307 locis
1840 4270 1938 4310 v0-

356 4330 442 4384 his
462 4330 870 4391 demonstrarim
902 4335 1027 4391 illud
1056 4337 1150 4392 ira:
1175 4339 1365 4396 divinae
1393 4342 1601 4413 signum
1632 4360 1775 4415 esse,
1802 4348 1946 4419 quod

358 4437 467 4477 non
495 4424 566 4477 sit
607 4424 657 4479 in
688 4424 992 4495 hominibus
1037 4428 1265 4499 Spiritus
1305 4436 1560 4490 sanctus?
1597 4435 1812 4492 Verbum
1841 4450 1947 4496 erat

338 4513 637 4587 pretiosum
655 4556 671 4580 ,
700 4524 746 4569 et
773 4519 901 4577 visio
919 4539 1017 4577 non
1035 4532 1145 4579 erat
1165 4524 1480 4597 distinguens
1502 4526 1577 4597 (l.
1600 4526 1729 4599 Reg.
1757 4531 1809 4586 '5.
1842 4531 1895 4602 1)
1927 4549 1941 4586 :

360 4600 419 4656 Ν
424 4620 486 4657 οη
513 4604 645 4658 enim
674 4616 747 4660 est
780 4611 1016 4679 princeps
1035 4652 1050 4676 ,
1084 4628 1240 4684 neque
1263 4617 1507 4686 propheta
1531 4620 1583 4674 in
1606 4630 1828 4691 tempore
1848 4600 1945 4681 isto

361 4692 527 4763 (Dan.
558 4697 612 4752 3.
655 4698 770 4768 38).
805 4698 1049 4755 Nondum
1095 4704 1227 4757 enim
1272 4717 1380 4760 erat
1428 4709 1653 4780 Spiritus
1694 4724 1900 4770 sanctus
1926 4732 1946 4771 .°

342 4774 481 4857 quia
498 4787 652 4844 Iesus
678 4792 903 4854 nondum
925 4805 1030 4848 erat
1058 4796 1371 4867 glori/iectus
1396 4774 1571 4874 (Joan.
1595 4805 1647 4861 7.
1681 4808 1748 4866 59
1765 4806 1805 4878 ).
1838 4808 1950 4865 Ea:-

341 4884 500 4955 pedit
529 4888 685 4951 vobis,
715 4899 768 4942 ut
788 4907 878 4962 ego
906 4893 1087 4948 undam
1114 4911 1132 4948 :
1150 4899 1196 4950 si
1219 4897 1351 4951 enim
1379 4916 1473 4970 ego
1501 4916 1599 4955 non
1621 4902 1790 4957 abiero
1809 4944 1823 4967 ,
1858 4905 1949 4959 ille

361 4992 464 5029 non
508 4980 668 5032 veniet
698 4978 876 5052 (Joan.
906 4983 991 5039 16.
1022 4985 1100 5055 7).
1136 4986 1316 5058 Itaque
1359 4991 1565 5060 signum
1612 5002 1695 5047 est
1733 4992 1828 5050 ira:
1866 4994 1948 5051 di-

363 5067 501 5123 vin:c
524 5110 540 5135 ,
562 5072 705 5141 quod
749 5088 855 5127 non
902 5075 971 5128 sit
998 5076 1227 5146 Spiritus
1270 5090 1486 5136 sanctus
1519 5100 1534 5138 :
1564 5097 1685 5139 cum
1733 5084 1949 5154 copiose

363 5157 589 5215 missum
620 5161 817 5219 videris
856 5166 1111 5236 Spiritum
1141 5182 1415 5239 sanctum,
1444 5174 1575 5231 nihil
1615 5177 1683 5232 de
1709 5182 1949 5236 reconci-

364 5248 583 5308 liatione
606 5254 816 5311 dubites
843 5259 1093 5329 amplius.
1122 5262 1317 5319 Verum
1356 5267 1447 5323 ubi
1487 5285 1628 5326 nunc
1672 5281 1755 5328 est
1779 5272 1949 5343 Spiri-

365 5349 453 5399 tus
492 5347 742 5401 sanctus?
778 5347 921 5403 dicet
957 5351 1168 5422 aliquis.
1208 5353 1339 5410 Nam
1394 5365 1504 5413 tum
1536 5360 1751 5430 quidem
1805 5373 1951 5421 recte

362 5430 496 5488 dicit
517 5475 532 5498 ,
556 5451 677 5491 cum
707 5439 855 5510 signa
876 5439 1099 5510 ﬁebant,
1130 5454 1184 5499 et
1219 5449 1413 5503 mortui
1455 5451 1863 5520 suscitabantur,
1896 5465 1953 5512 et

364 5526 564 5595 lcprosi
589 5544 777 5586 omnes
806 5535 1198 5593 mandabantur
1227 5558 1240 5595 :
1267 5539 1377 5608 jam
1409 5522 1535 5598 vero
1569 5545 1711 5601 unde
1739 5547 1949 5617 planum

364 5617 625 5679 faciemus
666 5622 855 5681 adesse
898 5628 1055 5684 nobis
1095 5630 1350 5699 Spiritum
1378 5638 1657 5691 sanctum?
1682 5637 1856 5696 Nolite
1884 5641 1952 5696 ti-

363 5725 555 5777 tnere;
595 5715 873 5770 ostendam
916 5719 1060 5774 enim
1103 5721 1156 5776 in
1200 5723 1355 5779 nobis
1383 5740 1504 5781 esse
1551 5744 1693 5783 nunc
1736 5746 1950 5803 quoque

360 5800 621 5880 Spiritum
647 5815 908 5864 sanctum.
954 5811 1067 5880 Qua
1100 5813 1313 5873 tandem
1341 5819 1586 5878 ratione?
1613 5836 1736 5878 nam
1758 5800 1805 5879 si
1837 5800 1943 5889 non

1351 359 1439 417 DE
1474 358 1739 417 SANCTA
1779 359 2239 423 PENTECOSTE.
2284 367 2517 430 HOMiL'.
2556 375 2601 433 1.

3532 402 3635 459 458

2042 489 2189 592 esset
2234 483 2288 540 in
2336 486 2492 546 nobis
2521 491 2751 562 Spiritus
2795 510 3046 571 sanctus,
3076 511 3343 579 quomodo
3388 516 3510 586 isti,
3544 527 3634 592 qui

2035 569 2144 627 .hac
2186 589 2335 631 sacra
2382 592 2543 638 nocte
2581 585 2862 647 illuminati
2888 606 3015 652 sunt
3038 641 3053 664 ,
3082 614 3111 654 a
3145 607 3375 671 peccatis
3414 569 3631 671 liherdri

2044 665 2375 732 potuissent?
2420 673 2535 730 Non
2577 680 2720 735 enim
2773 684 2975 757 absque
3027 665 3257 762 Spiritus
3305 665 3624 765 efﬁcacitate

2042 770 2329 860 possumus
2364 779 2405 860 a_
2441 773 2673 837 peccatis
2713 774 2964 847 liberari,
2993 787 3136 854 quod
3178 795 3630 860 quemadmodum

2045 847 2235 953 doceat
2277 854 2473 914 Paulus
2499 862 2695 920 audite.
2725 867 2948 928 Eramus
2972 847 3109 933 enim
3157 847 3633 954 aiiquan‘douet-

2036 939 2336 1012 insipientes
2356 989 2372 1015 ,
2389 949 2638 1008 increduli
2656 996 2671 1022 ,
2690 972 2935 1032 errantes,
2958 971 3226 1028 servientes
3252 976 3517 1037 desideriis
3545 1000 3633 1038 va-

2038 1032 2135 1087 riis
2163 1049 2182 1088 :
2204 1051 2318 1091 cum
2337 1052 2503 1095 autem
2522 1043 2801 1118 benignitas
2829 1062 2877 1107 et
2903 1056 3195 1116 humanitas
3229 1032 3628 1139 apparuitvSa‘li-

2044 1128 2230 1183 vatoris
2258 1134 2420 1187 nostri
2449 1134 2578 1206 Dei,
2602 1156 2705 1195 non
2730 1158 2793 1197 ea:
2818 1151 3053 1216 operibus
3082 1128 3337 1228 justitiae',
3368 1181 3482 1235 qua:
3511 1171 3634 1238 feci-

2042 1231 2158 1272 mus
2206 1236 2298 1277 nos
2316 1263 2332 1290 ,
2371 1226 2460 1279 sed
2509 1232 2784 1288 secundum
2830 1239 3229 1303 misericordiam
3267 1226 3413 1309 suam
3463 1226 3630 1315 sdlvos

2036 1321 2143 1408 nos.
2185 1313 2339 1381 fecit,
2368 1332 2459 1385 per
2501 1319 2760 1379 lasanum
2800 1337 3190 1401 regenerationis
3216 1351 3263 1396 et
3290 1352 3629 1408 renovationis
3667 1385 3685 1391 -

1972 1471 1980 1479 .
2045 1396 2272 1467 Spiritus
2297 1408 2461 1500 sancti
2487 1409 2610 1482 (Tit.
2631 1415 2682 1468 5.
2702 1416 2817 1489 5-5)
2843 1396 2931 1477 :‘et
2956 1439 3141 1482 rursus
3166 1396 3628 1500 alim—Nolim}:

2043 1504 2158 1596 rare
2181 1508 2201 1548 :
2233 1508 2393 1567 neque
2428 1499 2692 1598 fornicarii
2714 1549 2730 1575 ,
2754 1525 2913 1582 neque
2944 1515 3231 1577 idololatria
3246 1566 3261 1589 ,
3289 1542 3450 1598 neque
3473 1533 3630 1589 adul-

2044 1584 2167 1648 teri,
2203 1602 2363 1657 neque
2399 1592 2611 1664 molles,
2658 1615 2818 1670 neque
2862 1609 3202 1667 masculorum
3244 1584 3627 1693 concubitores,

2041 1692 2200 1745 neque
2216 1683 2375 1751 fures,
2404 1701 2563 1757 neque
2583 1694 2723 1747 arari
2743 1736 2757 1761 ,
2788 1714 2945 1770 neque
2963 1701 3164 1773 ebriosi,
3190 1724 3347 1780 neque
3369 1716 3625 1785 maledici,

2042 1785 2452 1872 nequer-opaca
2478 1795 2691 1852 regnum
2721 1785 2816 1842 Dei
2846 1794 3173 1860 possidebunt
3219 1800 3295 1872 (1.
3323 1801 3443 1860 Cor.
3475 1808 3531 1863 6.
3562 1810 3626 1867 9-

2043 1861 2163 1970 10).
2188 1863 2372 1970 ‘Vtides
2401 1874 2577 1928 otnnia
2612 1890 2808 1946 genera
2848 1861 3249 1955 improbitatisi
3275 1861 3498 1953 Ethice-

2043 1953 2156 2007 dem
2179 1955 2385 2026 fuistis;
2408 1964 2498 2016 sed
2518 1966 2682 2021 abluti
2721 1971 2840 2027 estis
2862 2014 2877 2040 ,
2908 1953 2997 2031 sed
3022 1984 3326 2052 sanctiﬁcati
3360 1991 3479 2044 estis
3502 1953 3630 2059 ,'sed

2032 2046 2299 2147 justiﬁcati
2328 2054 2464 2109 estis.
2494 2057 2614 2125 Quo
2658 2066 2857 2131 pacto?
2880 2066 2986 2125 hoc
3010 2073 3153 2128 enim
3178 2046 3291 2146 est,
3323 2046 3633 2156 quod

2042 2137 2196 2206 ritur,
2219 2158 2345 2198 num
2366 2160 2462 2215 per
2482 2148 2735 2219 Spiritum
2753 2167 2995 2217 sanctum
3012 2168 3303 2237 nequitiam
3323 2137 3635 2244 dcposheri-

2044 2242 2183 2333 mus.
2225 2233 2360 2289 Audi
2388 2252 2518 2309 ergo
2547 2258 2561 2295 :
2594 2242 2702 2298 Sed
2729 2251 3035 2319 sanctiﬁcati
3055 2233 3203 2326 estis,
3236 2263 3325 2316 sed
3358 2233 3634 2340 justi/ica“

2042 2321 2160 2375 estis
2176 2324 2231 2376 in
2261 2327 2463 2381 nomine
2487 2329 2691 2388 Domini
2716 2341 2877 2394 nostri
2894 2341 2926 2395 Ι
2932 2359 3021 2398 esu
3041 2321 3253 2419 Christi,
3274 2363 3323 2407 et
3347 2321 3399 2409 iis
3428 2321 3631 2428 S

2044 2409 2143 2468 Dei
2166 2417 2329 2507 nostri
2360 2416 2465 2490 (Ib.
2494 2440 2544 2477 υ.
2568 2425 2681 2495 11).
2709 2428 2935 2489 Videsne
2955 2434 3212 2506 Spiritum
3237 2409 3629 2507 sanetur—tironi:

2043 2517 2166 2560 nem
2196 2505 2340 2563 illam
2366 2510 2760 2583 improbitatem
2786 2522 3088 2584 delevisse?

2113 2596 2168 2651 4.
2202 2596 2441 2658 Haretici
2482 2606 2538 2659 in
2568 2606 2821 2680 Spiritum
2850 2615 2914 2671 S.
2961 2620 3393 2690 blasphemabant.
3425 2660 3487 2673 -
3532 2633 3634 2692 Ubi

2043 2701 2188 2744 nunc
2213 2701 2338 2747 sunt
2359 2734 2377 2761 ,
2398 2697 2487 2766 qui
2517 2697 2747 2769 Spiritus
2775 2706 3107 2777 majestatem
3146 2715 3556 2787 blasphemant?
3574 2726 3632 2783 Si

2042 2782 2185 2837 enim
2213 2797 2432 2854 peccata
2458 2805 2564 2846 non
2589 2792 2841 2879 dimittit,
2875 2800 3067 2859 frustra
3090 2782 3347 2878 accipiiur
3373 2813 3427 2868 in
3458 2814 3633 2887 bapti-

2044 2884 2235 2942 smate;
2256 2876 2306 2969 si
2329 2892 2545 2948 peccata
2574 2874 2820 2957 dimittit,
2844 2889 3037 2949 frustra
3065 2874 3411 2969 blasphemiis
3430 2905 3497 2961 ab
3523 2874 3632 2964 bte-

2044 2967 2224 3023 reticis
2247 2968 2548 3029 incessitur.
2581 2976 2639 3033 Si
2670 2993 2778 3035 non
2804 2993 2949 3039 esset
2986 2967 3217 3057 Spiritus
3242 3004 3460 3052 sanctus
3478 3040 3494 3067 ,
3523 3000 3635 3056 Do-

2046 3060 2245 3116 minutn
2265 3062 2449 3120 Jesum
2478 3068 2660 3124 dicere
2690 3088 2795 3128 non
2827 3090 3108 3144 possemus
3137 3099 3151 3136 :
3186 3082 3352 3140 Nemo
3372 3090 3504 3143 enim
3532 3109 3629 3161 po-

2045 3161 2138 3206 test
2161 3153 2326 3209 dicere
2351 3156 2624 3216 Dominum
2651 3161 2832 3220 Iesum
2848 3209 2864 3235 ,
2889 3171 2988 3224 nisi
3025 3172 3081 3227 in
3105 3174 3307 3246 Spiritu
3347 3153 3631 3257 sancto-(1.

2046 3245 2164 3302 Car.
2180 3247 2266 3304 12.
2290 3250 2371 3323 5).
2400 3253 2458 3309 Si
2487 3269 2593 3311 non
2613 3268 2759 3314 esset
2778 3260 3007 3331 Spiritus
3031 3245 3268 3338 sanetus,
3291 3273 3456 3331 Deum
3479 3245 3635 3336 orare

2047 3339 2231 3396 ﬁdeles
2250 3357 2358 3398 non
2385 3359 2664 3414 possemus
2697 3371 2712 3408 :
2741 3352 2967 3413 dicimus
2987 3360 3146 3427 enim,
3170 3361 3332 3420 Pater
3357 3380 3526 3424 noster
3548 3374 3635 3443 qui

2057 3441 2178 3496 θείη
2191 3444 2333 3498 coriis
2347 3444 2562 3517 (Matth.
2587 3448 2640 3506 6.
2660 3451 2810 3523 9).Ut
2830 3454 2995 3524 igitur
3008 3455 3298 3516 Dominum
3315 3480 3507 3521 vocare
3521 3441 3629 3525 non

2057 3547 2367 3603 possemus,
2385 3539 2465 3593 sic
2479 3555 2655 3610 neque
2670 3541 2886 3599 Patrem
2907 3543 3078 3601 Deum
3098 3564 3294 3606 vocare
3316 3569 3625 3623 possemus.

2056 3620 2271 3681 Undeid
2282 3630 2530 3684 constat?
2548 3633 2623 3686 Ex
2639 3634 2826 3688 eodem
2843 3634 3219 3710 Apostolo,qui
3239 3620 3346 3698 ait“:
3363 3646 3626 3711 Quoniam

2052 3726 2225 3770 autem
2239 3723 2364 3774 estis
2379 3721 2502 3790 lilii,
2528 3724 2671 3777 misit
2702 3724 2840 3779 Deus
2864 3725 3118 3795 Spiritum
3138 3731 3268 3787 Filii
3288 3738 3373 3789 sui
3393 3739 3447 3790 in
3461 3755 3511 3791 cc
3523 3741 3625 3795 rda

2047 3816 2213 3860 uestra
2253 3810 2556 3867 clamantem
2577 3854 2592 3880 ,
2623 3814 2799 3885 Abba,
2832 3816 2992 3875 Pater
3023 3821 3218 3894 (Galat.
3248 3827 3301 3882 4.
3335 3827 3411 3902 6).
3453 3831 3635 3904 Itaque

2044 3898 2174 3954 dum
2202 3900 2413 3958 Patrem
2438 3921 2596 3963 vocas
2619 3950 2633 3974 ,
2658 3911 2942 3969 recordare
2980 3913 3182 3988 Spiritu
3212 3898 3444 3978 animam
3487 3940 3636 3982 com-

2046 4002 2298 4049 movente
2341 3996 2431 4051 illa
2485 4005 2536 4055 te
2588 3999 2753 4059 fuisse
2800 4006 3154 4076 appellatione
3197 4013 3476 4071 donatum.
3522 4020 3634 4077 Nisi

2047 4093 2193 4140 esset
2220 4086 2451 4156 Spiritus
2479 4101 2695 4149 sanctus
2715 4135 2731 4163 ,
2763 4111 2943 4153 sermo
2968 4102 3244 4170 sapientiae
3290 4123 3352 4165 ac
3393 4112 3634 4170 scientiae

2046 4177 2103 4233 in
2155 4179 2395 4236 Ecclesia
2440 4199 2551 4239 non
2594 4197 2735 4241 esset
2769 4205 2782 4242 :
2815 4206 2935 4245 nam
2962 4193 3065 4249 Alii
3112 4198 3315 4267 quidem
3344 4203 3498 4259 datur
3544 4226 3636 4280 per

2051 4269 2306 4340 Spiritum
2343 4290 2505 4329 sermo
2529 4278 2822 4349 sapientiae,
2854 4283 2943 4337 alii
2980 4302 3094 4340 vero
3119 4306 3283 4346 sermo
3308 4269 3556 4353 scientias.
3577 4298 3629 4373 (ί

2048 4362 2168 4419 Cor.
2191 4364 2279 4420 12.
2298 4362 2373 4439 8).
2393 4367 2502 4424 Nisi
2532 4384 2671 4426 esset
2693 4374 2922 4445 Spiritus
2942 4391 3174 4447 sanctus,
3208 4396 3446 4453 pastores
3466 4400 3519 4445 et
3543 4362 3639 4448 do-

2048 4462 2225 4512 ctores
2254 4458 2305 4512 in
2326 4458 2559 4516 Ecclesia
2585 4478 2688 4517 non
2707 4475 3057 4526 essenttnam
3080 4482 3134 4528 et
3153 4474 3236 4529 isti
3259 4492 3354 4547 per
3382 4479 3636 4550 Spiritum

2050 4545 2182 4602 ﬁunt
2205 4590 2220 4615 ,
2251 4550 2390 4606 sicut
2418 4559 2472 4606 et
2498 4552 2694 4610 Paulus
2718 4556 2876 4626 dicit,
2908 4559 2975 4616 In
3017 4580 3116 4629 quo
3143 4582 3228 4619 vos
3258 4545 3486 4637 Spiritus
3507 4591 3631 4627 sau-

2050 4644 2158 4692 ctus
2185 4641 2351 4709 posuit
2375 4653 2602 4711 pastores
2644 4654 2692 4699 et
2716 4650 2979 4718 episcopos
3014 4651 3153 4721 (Aet.
3193 4655 3283 4712 20.
3309 4658 3438 4733 28).
3476 4663 3637 4722 Vides

2050 4728 2153 4784 hoc
2194 4746 2403 4802 quoque
2456 4750 2551 4802 per
2576 4735 2831 4807 Spiritum
2880 4739 3033 4798 ﬁeri?
3060 4745 3171 4802 Nisi
3217 4760 3360 4807 esset
3396 4728 3636 4824 Spiritus

2046 4831 2269 4879 sanctus
2301 4823 2356 4879 in
2393 4823 2495 4882 hoc
2519 4831 2788 4886 communi
2839 4845 2989 4903 patre
3039 4852 3102 4893 ac
3139 4839 3359 4901 doctore
3384 4846 3480 4921 (a),
3515 4866 3637 4908 cum

2050 4914 2208 4982 paulo
2234 4924 2356 4971 ante
2394 4932 2605 4974 sacrum
2635 4919 2739 4976 hoc
2778 4922 2832 4977 in
2859 4924 3091 4982 tribunal
3129 4914 3406 5003 ascendit,
3438 4914 3502 4996 ac
3545 4958 3639 4997 vo-

2051 5004 2133 5060 bis
2155 5005 2402 5063 omnibus
2428 5024 2612 5079 pacem
2635 5011 2798 5077 dedit,
2824 5029 2929 5070 non
2958 5017 3116 5076 simul
3138 5012 3324 5083 omnes
3351 5032 3639 5089 acclamas-

2052 5100 2202 5166 setis,
2232 5098 2299 5153 Et
2323 5116 2437 5156 cum
2475 5102 2676 5175 Spiritu
2705 5115 2829 5162 tuo:
2855 5107 3054 5167 idcirco
3079 5130 3185 5171 non
3227 5133 3349 5174 cum
3399 5125 3641 5181 ascendit

2040 5200 2280 5261 tantum,
2310 5210 2484 5266 neque
2512 5212 2632 5253 cum
2664 5214 2758 5256 vos
2784 5201 2994 5270 affatur,
3017 5222 3192 5280 neque
3219 5226 3339 5267 cum
3367 5226 3466 5284 pro
3486 5217 3639 5273 vobis

2053 5295 2204 5353 orat,
2238 5287 2338 5342 hac
2366 5288 2440 5343 illi
2466 5304 2596 5346 voce
2640 5294 2945 5349 acclamatis
2969 5335 2984 5362 ,
3010 5299 3105 5353 sed
3152 5315 3271 5355 cum
3309 5301 3432 5360 huic
3470 5320 3640 5364 sacrte

2056 5392 2255 5434 mens:e
2274 5380 2496 5446 assisﬁt,
2519 5397 2640 5438 cum
2669 5387 3003 5444 tremendum
3025 5392 3345 5449 sacriﬁcium
3373 5405 3457 5451 est
3485 5398 3640 5455 obia-

2044 5477 2207 5527 -turns
2238 5490 2254 5527 :
2286 5488 2408 5529 nam
2433 5474 2560 5546 quid
2606 5476 2779 5534 dicam
2803 5520 2820 5548 ,
2848 5491 3045 5537 norunt
3087 5484 3175 5555 qui
3201 5494 3327 5541 sunt
3370 5493 3640 5561 mySteriis

2059 5565 2283 5633 initiati;
2307 5581 2411 5621 non
2433 5568 2580 5637 prius
2607 5570 2819 5643 attingit
2844 5575 3131 5644 proposita,
3161 5591 3319 5647 quam
3347 5580 3498 5636 vobis
3525 5582 3639 5653 ipse

2057 5658 2279 5726 gratiam
2313 5658 2470 5714 fuerit
2495 5670 2745 5730 precatus
2769 5677 2801 5718 a
2832 5663 3086 5734 Domino,
3118 5683 3318 5739 vosque
3348 5670 3424 5727 illi
3452 5675 3629 5730 accla-

2055 5752 2328 5808 maveritis
2358 5767 2375 5808 :
2404 5750 2607 5807 Etcum
2631 5753 2832 5824 Spiritu
2870 5765 2987 5821 tuo,
3010 5772 3114 5829 qua
3158 5763 3503 5835 reSponsione
3543 5774 3637 5846 vde

2120 5849 2194 5908 (η)
2220 5839 2500 5897 Flavianum
2526 5846 2807 5911 episcopum
2829 5845 3027 5901 indicat.
