4130 6446
539 357 644 413 439

536 477 730 532 bismet
760 474 890 544 ipsis
923 475 974 529 in
1002 473 1313 529 memoriam
1360 473 1620 526 revocatis
1650 470 1780 526 nihil
1823 487 1944 526 eum
1972 487 2112 542 pra:-

535 577 700 631 stare,
731 565 824 636 qui
849 565 1040 628 adest,
1069 577 1242 632 neque
1285 575 1486 616 naturae
1531 563 1773 616 humanm
1813 576 1972 631 Opera
1999 576 2118 616 esse

537 657 806 727 proposita
834 656 973 712 dona
995 698 1010 723 ,
1033 656 1126 712 sed
1160 665 1471 724 praesentem
1517 654 1745 721 Spiritus
1778 655 2002 724 gratiam
2023 694 2037 716 ,
2065 663 2119 708 et

536 749 601 803 ad
625 748 803 803 omnia
843 747 1217 813 advolantem,
1249 746 1527 816 mysticum
1565 745 1695 799 illud
1735 746 1989 814 Perficere
2032 758 2117 797 sa-

537 839 819 898 criﬁcium.
855 839 1002 894 Licet
1042 839 1184 892 enim
1207 838 1368 890 homo
1392 836 1462 890 sit
1504 835 1590 899 is,
1620 835 1710 903 qui
1753 834 1932 898 adest,
1980 834 2120 889 Deus

537 941 620 986 est
646 941 842 996 tamen,
869 931 960 1001 qui
980 945 1074 999 per
1101 929 1268 998 ipsum
1295 937 1564 996 operatur.
1583 926 1697 980 Noli
1723 943 1848 997 ergo
1878 938 2119 981 naturam

539 1023 818 1079 attendere
842 1022 987 1076 illius
1006 1064 1021 1087 ,
1049 1036 1206 1092 quem
1237 1019 1414 1075 cernis
1435 1061 1450 1085 ,
1477 1018 1570 1073 sed
1591 1021 1815 1090 gratiam
1843 1019 1958 1088 ejus
1980 1019 2120 1074 invi-

536 1116 747 1172 sibilem
773 1114 1048 1170 considera
1075 1132 1088 1166 :
1118 1112 1247 1166 nihil
1281 1111 1571 1164 humanum
1621 1119 1705 1164 est
1750 1125 1933 1164 eorum
1953 1151 1968 1175 ,
2000 1126 2120 1180 quae

536 1210 592 1265 in
618 1207 720 1264 hoc
756 1221 908 1262 sacro
951 1213 1208 1276 geruntur
1237 1203 1560 1257 sanctuario.
1603 1200 1719 1255 Nisi
1747 1200 1977 1269 Spiritus
2019 1200 2115 1254 ad-

537 1309 716 1366 esset,
741 1297 975 1354 Ecclesia
1007 1311 1110 1350 non
1140 1295 1492 1354 consisteret;
1517 1293 1562 1349 si
1597 1307 1724 1347 vero
1747 1292 1990 1347 consistit
2017 1291 2121 1346 Ee-

538 1393 723 1458 clesia,
750 1389 969 1444 dubium
995 1404 1106 1455 non
1133 1397 1247 1453 est,
1275 1386 1402 1456 quin
1423 1385 1561 1439 adsit
1587 1384 1836 1454 Spiritus.

609 1484 779 1551 Quare
807 1497 941 1536 nunc
961 1483 1106 1552 signa
1131 1497 1230 1534 non
1263 1481 1406 1548 ﬁant.
1434 1508 1505 1518 —
1523 1479 1631 1532 Cur
1653 1477 1829 1547 igitur,
1860 1477 2000 1532 dicet
2024 1476 2120 1531 ali-

535 1575 678 1646 quis,
707 1587 848 1627 nunc
867 1572 1014 1641 signa
1046 1586 1148 1624 non
1183 1570 1350 1624 ﬁunt?
1373 1568 1473 1623 llic
1501 1567 1630 1622 mihi
1652 1583 1744 1622 vos
1769 1567 2004 1621 anitnum
2035 1567 2119 1620 di-

536 1667 763 1736 ligenter
807 1663 1166 1716 attenditeza
1211 1660 1391 1714 multis
1437 1659 1581 1714 enim
1610 1667 1664 1714 et
1716 1658 2022 1728 frequenter
2066 1665 2122 1712 et

538 1770 752 1826 semper
798 1755 938 1809 hanc
981 1753 1112 1807 mihi
1151 1751 1473 1822 propositam
1519 1751 1675 1805 audio
1729 1751 2118 1821 qua-stionem:

538 1849 714 1917 Quare
741 1857 850 1900 tum
893 1844 1084 1913 linguis
1125 1842 1476 1912 loquebantur
1519 1855 1706 1895 omnes
1741 1841 1832 1911 qui
1870 1839 2109 1908 baptiza-

538 1940 750 2001 bantur,
777 1937 888 2007 jam
914 1951 1039 1990 vero
1068 1950 1175 1988 non
1197 1933 1362 1988 item?
1390 1933 1663 1988 Discamus
1694 1933 1870 2002 prius,
1899 1930 2024 2000 quid
2054 1931 2123 1984 sit

540 2029 682 2100 loqui
713 2028 906 2099 linguis
927 2068 944 2094 ,
967 2041 1030 2082 ac
1057 2025 1254 2081 deinde
1274 2039 1488 2080 causam
1512 2025 1770 2080 dicemus.
1799 2023 1934 2091 Quid
1965 2023 2122 2092 igitur

537 2131 620 2177 cst
656 2120 798 2190 loqui
842 2117 1070 2188 linguis?
1095 2117 1194 2185 Qui
1224 2117 1606 2184 baptizabatur,
1633 2117 1811 2170 statim
1839 2117 2018 2185 lingua
2043 2115 2124 2169 lo-

536 2213 796 2284 quebatur
838 2209 1085 2265 ludorum
1114 2251 1130 2276 ,
1184 2208 1560 2280 Egyptiorum
1587 2249 1602 2275 ,
1635 2207 1915 2262 Persarum
1943 2247 1956 2270 ,
1985 2206 2120 2276 Scy-

536 2303 769 2370 tharum,
800 2301 1065 2356 Thracum
1090 2341 1106 2366 ,
1133 2315 1196 2355 ac
1222 2301 1304 2354 vir
1345 2315 1484 2354 unus
1509 2299 1702 2352 multas
1729 2298 1934 2368 linguas
1963 2312 2122 2352 assu-

536 2395 751 2460 mebat;
781 2403 836 2450 et
859 2394 945 2450 isti
974 2409 1116 2448 nunc
1142 2393 1187 2447 si
1214 2391 1464 2462 baptizati
1496 2399 1607 2445 tum
1651 2388 1911 2455 fuissent,
1939 2389 2120 2443 statim

535 2491 655 2544 illos
680 2489 905 2545 diversis
935 2488 1215 2558 loquentes
1237 2487 1432 2556 linguis
1457 2485 1737 2540 audiisses.
1763 2483 1897 2538 Nam
1927 2482 2122 2537 Paulus

535 2581 779 2648 invenit,
819 2588 878 2635 ut
927 2580 1143 2646 dicitur,
1181 2575 1440 2648 quosdam
1467 2577 1519 2630 in
1554 2574 1774 2631 Joannis
1805 2574 2123 2643 baptismate

538 2674 855 2743 baptizatos,
878 2672 1119 2742 dixitque
1143 2669 1208 2723 ad
1238 2685 1330 2725 eos
1355 2687 1368 2720 :
1399 2669 1460 2724 Si
1500 2668 1753 2738 Spiritum
1774 2677 2002 2721 sanctum
2030 2683 2121 2719 ac—

535 2764 736 2836 cepistis
777 2762 1078 2818 credentes?
1121 2761 1310 2817 Dicunt
1345 2760 1464 2814 illi:
1491 2758 1597 2814 Sed
1622 2773 1777 2828 neque
1809 2757 1855 2812 si
1897 2757 2122 2828 Spiritus

535 2866 742 2914 sanctus
783 2863 880 2921 est,
909 2854 1195 2908 audivimus
1219 2853 1360 2923 (Act.
1407 2852 1496 2907 19.
1524 2851 1617 2922 2);
1647 2851 1934 2920 statimque
1963 2849 2122 2920 jussit

537 2962 633 3002 eos
656 2945 909 3016 baptizari
931 2963 946 3011 ;
975 2944 1042 2998 Et
1069 2960 1186 2998 cum
1211 2944 1529 3013 imposuisset
1555 2943 1658 2996 illis
1685 2958 1867 2995 manus
1895 2940 2117 3008 Paulus,

535 3039 666 3092 venit
691 3036 917 3108 Spiritus
935 3045 1140 3090 sanctus
1163 3051 1317 3104 super
1343 3050 1426 3088 eos
1446 3075 1460 3100 ,
1485 3044 1531 3088 et
1561 3033 1889 3102 loquebantur
1929 3032 2115 3102 linguis

534 3145 705 3183 omnes
737 3125 897 3200 (Ibid.
920 3143 969 3181 v.
1000 3126 1077 3198 6).
1107 3125 1214 3180 Cur
1239 3127 1396 3196 igitur
1415 3124 1672 3180 subducta
1699 3134 1801 3191 est,
1824 3134 1879 3180 et
1927 3140 1994 3179 ex
2024 3123 2121 3178 ho-

535 3217 772 3272 minibus
809 3217 1015 3272 sublata
1042 3233 1183 3271 nunc
1207 3217 1294 3270 illa
1316 3216 1509 3285 gratia?
1528 3215 1642 3270 Non
1671 3215 1809 3285 quod
1830 3215 2119 3286 ignominia

533 3321 632 3362 nos
662 3309 859 3362 alliciat
885 3308 1024 3364 Deus
1044 3348 1059 3374 ,
1092 3309 1186 3362 sed
1230 3307 1370 3377 quod
1401 3307 1658 3362 honorem
1704 3308 1865 3362 etiam
1889 3306 2114 3363 deferat.

531 3398 649 3466 Quo
681 3397 897 3452 tandem
927 3397 1125 3469 pacto?
1153 3413 1253 3468 ego
1275 3397 1469 3452 dicam.
1497 3397 1812 3456 Stolidiores
1833 3409 1983 3454 erant
2006 3407 2118 3454 tum

531 3493 789 3562 temporis
813 3491 1057 3546 homines
1078 3533 1092 3558 ,
1122 3507 1225 3546 non
1271 3492 1340 3546 ita
1371 3490 1575 3560 pridem
1601 3492 1668 3548 ab
1693 3491 1849 3548 idolis
1876 3493 2115 3560 abducti,

530 3597 595 3638 ac
638 3598 797 3654 porro
835 3583 1064 3638 crassior
1093 3591 1148 3636 et
1191 3582 1454 3651 stupidior
1493 3596 1646 3637 mens
1694 3583 1908 3637 illorum
1939 3584 2116 3639 adhuc

529 3681 679 3739 erat,
711 3673 1061 3741 omnibusque
1083 3671 1452 3743 corporalibus
1481 3673 1668 3726 intenti
1696 3683 1849 3727 erant
1888 3683 1944 3728 et
1967 3673 2117 3730 addi-

528 3765 626 3831 cti,
657 3763 958 3835 nequedum
986 3765 1296 3833 incorporea
1318 3763 1422 3818 illis
1449 3762 1588 3818 dona
1620 3764 1671 3817 in
1694 3775 1926 3819 mentem
1954 3781 2118 3821 vene-

533 3866 690 3925 rant,
719 3873 890 3926 neque
918 3865 1173 3911 noverant
1200 3897 1216 3921 ,
1247 3855 1372 3926 quid
1403 3865 1547 3910 esset
1574 3859 1742 3926 gratia
1777 3858 2072 3926 spiritualis
2096 3899 2114 3925 ,

529 3963 756 4020 quaeque
794 3947 908 4002 sola
952 3947 1056 4002 ﬁde
1092 3948 1425 4017 percipitur:
1457 3947 1654 4002 ideirco
1703 3947 1853 4018 signa
1895 3949 2114 4004 fiebant.

529 4039 665 4095 Nam
717 4055 782 4094 ex
833 4039 990 4094 donis
1032 4039 1396 4108 spiritualibus
1423 4039 1523 4096 alia
1569 4039 1782 4110 quidem
1833 4039 2117 4095 invisibilia

527 4137 675 4197 sunt,
700 4140 755 4184 et
773 4129 886 4184 sola
918 4129 1022 4183 ﬁde
1050 4129 1604 4199 comprehenduntur:
1627 4129 1729 4183 alia
1751 4145 1881 4184 vero
1904 4131 2113 4200 signum

527 4219 794 4291 quoddam
841 4221 1086 4276 sensibus
1111 4221 1378 4290 objectum
1421 4220 1676 4276 exhibent
1713 4222 1780 4277 ad
1814 4222 2112 4280 faciendam

527 4311 688 4366 ﬁdem
735 4310 1055 4366 inﬁdelibus.
1096 4311 1344 4384 Exempli
1373 4326 1530 4367 causa
1552 4354 1568 4379 ,
1601 4315 1846 4371 remissio
1869 4323 2114 4384 peccato-

525 4419 646 4460 rum
675 4418 766 4459 res
815 4413 897 4458 est
923 4403 1247 4474 spiritualis,
1284 4405 1547 4461 invisibile
1588 4405 1786 4462 donum
1826 4417 1945 4465 est:
1974 4424 2112 4479 quo-

529 4495 691 4551 modo
703 4496 844 4551 enim
862 4505 1075 4565 peccata
1101 4506 1280 4551 nostra
1300 4506 1608 4568 purgentur,
1627 4500 1802 4553 carnis
1818 4500 1986 4556 oculis
2006 4515 2112 4557 non

528 4587 788 4643 videmus.
808 4587 945 4655 Quid
971 4587 1065 4640 ita?
1085 4587 1343 4656 Quoniam
1365 4589 1540 4643 anima
1565 4598 1665 4657 est,
1689 4605 1807 4660 qua:
1834 4600 2109 4663 purgatur;

524 4688 581 4734 at
608 4681 848 4750 corporis
898 4681 1070 4736 oculis
1115 4697 1448 4754 nequaquam
1491 4684 1728 4739 cernitur
1771 4685 1968 4739 anima.
2014 4684 2114 4740 Est

523 4769 685 4840 igitur
709 4771 982 4840 spirituale
1031 4771 1230 4826 donum
1276 4773 1542 4843 quoddam
1583 4777 1825 4844 purgatio
1862 4786 2111 4846 peccato-

525 4875 669 4927 rum,
696 4874 815 4928 qua:
840 4863 1082 4931 corporis
1103 4863 1273 4918 oculis
1298 4871 1482 4931 patere
1505 4878 1608 4918 non
1637 4874 1843 4934 potest;
1871 4877 1924 4921 at
1948 4869 2111 4923 variis

520 4950 671 5020 loqui
700 4949 894 5020 linguis
915 4961 998 5006 est
1026 4953 1156 5008 illud
1183 4953 1398 5022 quidem
1442 4954 1732 5024 spiritualis
1758 4959 1917 5012 etiam
1943 4957 2110 5028 Spiri-

519 5053 604 5097 tus
635 5041 962 5112 operationis
990 5060 1003 5096 :
1033 5052 1400 5099 verumtamen
1433 5045 1680 5100 sensibus
1719 5047 1988 5116 objectum
2030 5051 2106 5104 si-

516 5147 685 5204 gnum
716 5131 957 5204 praebet,
989 5134 1237 5204 quodque
1268 5133 1419 5190 facile
1442 5136 1510 5190 ab
1541 5135 1841 5193 infidelibus
1882 5141 2108 5210 perspici

518 5230 734 5292 potest:
764 5239 887 5278 nam
928 5239 1047 5294 qua:
1075 5223 1135 5278 ﬁt
1163 5225 1306 5280 intus
1336 5227 1388 5280 in
1417 5227 1594 5281 anima
1625 5231 1896 5298 operatio,
1925 5231 2107 5287 invisi-

520 5315 642 5370 bilis
687 5317 932 5388 inquam,
973 5333 1069 5389 per
1092 5320 1414 5374 exteriorem
1443 5321 1712 5391 linguam,
1746 5341 1902 5394 quam
1953 5327 2104 5380 audi-

520 5423 642 5463 mus
664 5449 680 5475 ,
720 5410 1088 5466 manifestatur
1115 5420 1169 5466 et
1202 5413 1519 5468 ostenditur.
1549 5415 1750 5471 Idcirco
1787 5419 1945 5473 etiam
1977 5419 2106 5476 dicit

522 5496 718 5554 Paulus
750 5519 762 5555 :
791 5501 1070 5574 Unicuique
1094 5513 1262 5557 autem
1299 5505 1449 5559 datur
1489 5509 1828 5576 manifestatio
1877 5513 2104 5582 Spiritus

519 5587 590 5639 ad
611 5589 872 5646 utilitatem
898 5593 971 5664 (1.
989 5593 1109 5649 Cor.
1135 5594 1222 5648 l2.
1243 5596 1322 5669 7).
1350 5596 1528 5668 Itaque
1549 5600 1714 5670 signis
1733 5604 1976 5672 equidem
1995 5623 2100 5662 non

525 5679 758 5749 indigeo.
786 5683 922 5750 Quid
953 5686 1050 5740 ita?
1073 5687 1278 5758 Quippe
1305 5690 1394 5760 qui
1420 5691 1622 5760 absque
1651 5693 1787 5762 signi
1823 5697 2102 5768 largitione

526 5768 749 5827 Domino
777 5774 996 5834 credere
1037 5779 1196 5836 didici
1223 5798 1235 5834 :
1265 5797 1387 5838 nam
1424 5783 1510 5856 qui
1541 5780 1846 5844 incredulus
1872 5800 1983 5858 est,
2013 5792 2098 5864 pi-

1282 354 1337 410 S-
1384 352 1660 410 JOANNIS
1694 349 2168 409 CIIRYSOSTOMI
2207 353 2525 440 ARCHIEE.
2569 356 3115 416 CONSTANTINOP.

3704 367 3826 424 ιω

2225 488 2392 544 gnere
2414 475 2650 547 indiget;
2682 493 2781 549 ego
2813 494 2937 534 vero
2977 479 3199 536 credens
3227 481 3445 552 pignore
3483 485 3700 541 minimc
3727 489 3818 552 in;

2224 567 2409 637 digeo,
2439 583 2611 638 neque
2653 569 2804 641 signo
2836 572 2966 627 :sed
3016 571 3142 627 licet
3182 573 3358 644 lingua
3390 590 3493 630 non
3544 578 3751 648 loquar,
3785 595 3816 636 a

2223 659 2456 728 peccatis
2485 669 2760 730 purgatum
2783 677 2905 718 esse
2929 678 3014 719 me
3034 663 3180 730 scio;
3209 673 3265 720 at
3295 665 3372 720 illi
3401 674 3513 721 tum
3545 685 3652 724 non
3683 687 3813 726 cre-

2225 749 2452 817 debant,
2499 751 2600 805 nisi
2643 753 2852 823 signum
2889 754 3224 824 accepissent
3272 773 3289 811 :
3331 767 3610 828 propterea
3662 761 3822 830 signa

2227 852 2495 912 tamquam
2521 844 2714 914 pignus
2740 843 3008 914 quoddam
3040 845 3194 910 ﬁdei,
3221 862 3327 918 qua
3351 847 3672 916 credebant,
3703 851 3817 907 illis

2222 932 2506 989 dabantur.
2550 934 2732 1006 Itaque
2775 952 2881 990 non
2937 946 2994 990 ut
3043 937 3322 1006 ﬁdelibus,
3354 939 3449 995 sed
3501 951 3558 996 ut
3587 942 3824 999 infideli-

2224 1025 2324 1080 bus
2347 1025 2610 1081 dabantur
2638 1028 2784 1098 signa
2808 1071 2821 1094 ,
2851 1037 2910 1083 ut
2935 1029 3122 1083 ﬁerent
3166 1030 3351 1086 ﬁdeles
3384 1049 3397 1084 :
3426 1031 3506 1087 sic
3525 1033 3688 1089 etiam
3741 1037 3822 1089 ait

2225 1117 2438 1184 Paulus,
2469 1117 2632 1190 Signa
2679 1130 2795 1173 sunt
2843 1137 2943 1174 non
2988 1121 3254 1189 ﬁdelibus,
3285 1122 3376 1177 sed
3409 1123 3703 1193 inﬁdelibus
3735 1127 3820 1198 (1.

2225 1209 2342 1264 Cor.
2377 1210 2464 1264 14.
2493 1210 2613 1281 2‘2).
2650 1210 2922 1265 Videtisne
2969 1211 3137 1266 Deum
3178 1212 3452 1283 signorum
3508 1218 3824 1272 manifesta-

2226 1303 2420 1357 tionem
2447 1303 2787 1371 subduxisse,
2807 1319 2912 1357 non
2939 1314 2994 1358 ut
3016 1305 3302 1375 ignominia
3330 1323 3426 1363 nos
3442 1307 3699 1378 alliceret,
3719 1311 3834 1366 sed'

2223 1406 2277 1448 ut
2306 1393 2563 1450 honorem
2579 1394 3001 1450 deferretiNam
3039 1411 3161 1450 cum
3202 1395 3360 1452 ﬁdem
3391 1408 3626 1455 nostram
3654 1403 3832 1457 vellet-

2223 1485 2527 1554 ostendere,
2543 1486 2682 1556 quod
2703 1486 2903 1556 absque
2925 1487 3230 1557 pignoribus
3247 1498 3341 1543 aut
3353 1491 3520 1560 signis
3533 1491 3608 1546 illi
3630 1493 3824 1548 creda-

2224 1592 2362 1642 mus,
2392 1575 2494 1631 hoc
2516 1576 2660 1631 fecit.
2681 1576 2954 1647 Siquidem
2987 1579 3083 1644 illi,
3114 1579 3216 1634 nisi
3238 1580 3384 1650 prius
3407 1583 3614 1651 signum
3643 1592 3698 1638 et
3725 1587 3815 1654 pi-

2223 1682 2360 1737 gnus
2379 1668 2726 1738 accepissent,
2743 1671 2792 1723 ei
2810 1668 2877 1723 de
2891 1670 3049 1724 rebus
3065 1671 3285 1727 minime
3307 1675 3682 1742 apparentibus
3711 1693 3840 1733 rion.

2223 1759 2607 1826 credidissent;
2635 1769 2688 1815 at
2712 1776 2812 1832 ego
2836 1763 2994 1817 etiam
3023 1764 3138 1818 sine
3168 1763 3271 1818 hoc
3300 1781 3512 1821 omnem
3537 1765 3693 1821 ﬁdem
3719 1783 3825 1822 ex-

2225 1850 2384 1906 hibeo
2411 1869 2424 1905 :
2456 1851 2571 1906 haac
2595 1852 2756 1923 igitur
2784 1869 2943 1908 causa
2973 1863 3074 1918 est,
3093 1870 3188 1908 cur
3208 1855 3318 1925 jam
3349 1855 3496 1926 signa
3526 1872 3630 1912 non
3667 1858 3817 1916 ﬁant.

2295 1943 2348 1998 5.
2383 1943 2683 1999 Voluisscm
2751 1946 2995 2015 equidem
3042 1947 3110 2001 de
3173 1946 3471 2003 festivitatis
3531 1951 3817 2013 occasione

2225 2035 2386 2091 verba
2416 2035 2613 2103 facere,
2658 2052 2721 2090 ac
2770 2037 3002 2104 docere,
3052 2038 3178 2108 quid
3234 2039 3442 2093 tandem
3499 2041 3566 2094 sit
3620 2042 3824 2097 Pente-

2225 2138 2394 2194 coste,
2448 2143 2546 2183 cur
2584 2130 2636 2183 in
2677 2128 2777 2184 hac
2816 2129 3101 2184 festivitate
3147 2129 3342 2185 donum
3377 2129 3605 2200 Spiritus
3635 2133 3820 2188 datum

2224 2218 2315 2281 sit,
2370 2233 2466 2274 cur
2495 2219 2551 2273 in
2597 2219 2790 2290 linguis
2841 2221 3028 2290 igneis,
3079 2230 3134 2276 et
3177 2237 3274 2277 cur
3303 2231 3421 2292 post
3457 2223 3643 2280 decem
3665 2227 3818 2290 dies;

2227 2311 2324 2366 sed
2354 2311 2694 2382 prolixiorem
2715 2348 2722 2360 ι
2742 2313 3036 2368 doctrinam
3072 2329 3191 2370 esse
3221 2315 3376 2370 video
3403 2330 3419 2370 :
3446 2319 3818 2387 quamobrem,

2225 2404 2315 2459 ubi
2355 2418 2516 2473 pauca
2543 2403 2784 2474 quaedam
2832 2405 3106 2474 addidero,
3153 2405 3311 2461 ﬁnem
3339 2405 3536 2462 faciam
3583 2409 3818 2464 dicendi.

2233 2493 2360 2548 Cum
2406 2496 2778 2566 complerentur
2805 2497 2911 2551 dies
2962 2496 3299 2566 Pentecostes,
3345 2512 3693 2570 apparuerunt
3715 2502 3824 2556 illis

2225 2585 2502 2657 dispertita:
2549 2587 2738 2658 lingua:
2790 2598 3046 2657 tamquam
3101 2590 3234 2660 ignis
3285 2590 3420 2663 (Act.
3445 2591 3503 2645 2.
3543 2594 3567 2646 1
3614 2602 3660 2645 et
3709 2594 3765 2661 5)
3800 2611 3816 2646 :

2227 2690 2332 2732 non
2383 2676 2540 2746 ignis,
2597 2677 2690 2732 sed
2731 2686 2999 2748 tamquam
3051 2679 3186 2749 ignis
3211 2721 3226 2745 ,
3271 2689 3332 2735 ut
3366 2681 3497 2735 nihil
3533 2683 3728 2738 sensile
3748 2684 3824 2740 de

2229 2768 2434 2840 Spiritu
2469 2780 2654 2826 sancto
2683 2773 2989 2844 suspiceris.
3017 2771 3167 2828 Sicut
3195 2777 3338 2829 enim
3367 2775 3435 2829 ad
3474 2773 3668 2830 ﬂuenta
3693 2776 3818 2830 Jor-

2224 2861 2378 2917 danis
2404 2878 2510 2918 non
2537 2863 2783 2920 columba
2809 2864 3121 2931 descendit,
3143 2865 3237 2920 sed
3263 2866 3317 2921 in
3345 2867 3527 2937 specie
3555 2869 3820 2924 columbae

2229 2954 2377 3025 (Luc.
2398 2956 2453 3011 5.
2499 2954 2736 3028 22):ita
2785 2969 2840 3012 et
2879 2955 2964 3011 hic
3012 2971 3120 3012 non
3171 2957 3331 3027 ignis,
3389 2958 3486 3014 sed
3533 2959 3586 3013 in
3633 2961 3817 3028 specie

2225 3047 2402 3117 ignis:
2451 3057 2506 3102 et
2548 3063 2734 3102 rursus
2760 3043 3005 3119 superius
3055 3049 3171 3102 ait:
3206 3047 3485 3117 Tamquam
3511 3051 3819 3105 advenientis

2225 3138 2430 3208 spiritus
2458 3138 2759 3192 vehementis
2790 3138 2926 3210 (Act.
2957 3139 3012 3192 9.
3038 3139 3098 3208 2)
3116 3181 3131 3207 ,
3161 3154 3267 3194 non
3291 3140 3511 3210 spiritus
3531 3142 3818 3197 vehemen-

2225 3230 2315 3294 tis,
2347 3229 2442 3284 sed
2493 3237 2761 3299 tamquam
2814 3229 3146 3286 advenientis
3201 3231 3418 3302 spiritus
3460 3233 3812 3291 vehementis.

2224 3317 2334 3375 Cur
2381 3321 2540 3390 igitur
2591 3320 2836 3376 Ezechiel
2877 3321 3092 3390 quidem
3120 3321 3318 3377 donum
3359 3323 3554 3394 accipit
3582 3325 3816 3395 prophe-

2225 3412 2336 3480 tiae,
2391 3413 2592 3468 nonin
2645 3413 2992 3470 similitudine
3035 3415 3210 3485 ignis,
3266 3415 3360 3472 sed
3428 3431 3525 3487 per
3575 3417 3770 3472 librum
3795 3435 3819 3490 ί⁴

2221 3506 2450 3573 apostoli
2490 3521 2617 3560 vero
2661 3522 2755 3576 per
2808 3507 2983 3577 ignem
3047 3507 3187 3561 dona
3238 3509 3538 3578 recipiunt?
3582 3509 3714 3564 Nam
3745 3510 3814 3568 de

2223 3594 2318 3649 illo
2355 3595 2570 3664 quidem
2595 3597 2669 3650 ait
2708 3597 3003 3666 Scriptura,
3042 3599 3222 3653 datum
3262 3597 3430 3656 fuisse
3474 3601 3527 3656 in
3575 3616 3670 3657 ore
3699 3602 3816 3672 ejus

2222 3685 2511 3754 capitulum
2566 3685 2722 3750 libri,
2766 3695 2820 3740 et
2853 3687 3106 3757 scriptam
3166 3688 3328 3745 fuisse
3387 3691 3811 3760 querimoniam,

2222 3783 2277 3829 et
2337 3790 2582 3843 carmen,
2613 3787 2667 3832 et
2713 3793 2794 3833 va:
2842 3795 2857 3831 :
2899 3787 2953 3833 et
3003 3781 3165 3835 fuisse
3217 3783 3512 3852 posteriora
3560 3792 3616 3839 et
3663 3793 3816 3840 ante-

2220 3869 2363 3922 riora
2426 3868 2642 3938 seripta,
2688 3879 2743 3925 et
2782 3871 3082 3928 comedisse
3126 3873 3251 3929 illud
3275 3916 3290 3940 ,
3340 3885 3394 3932 et
3447 3876 3642 3932 factum
3692 3855 3815 3934 esse

2222 3957 2276 4011 in
2301 3972 2396 4014 one
2410 3961 2562 4031 quasi
2587 3959 2687 4018 mel
2708 3961 2863 4018 dulce
2884 3961 3094 4033 (Ezech.
3113 3963 3148 4019 Ξ
3189 3967 3284 4022 9et
3301 3965 3354 4021 5.
3371 3967 3449 4037 3).
3471 3966 3544 4022 De
3556 3971 3822 4038 apostolis

2220 4066 2352 4107 vero
2398 4068 2505 4107 non
2553 4053 2663 4108 ita:
2703 4053 2793 4109 sed
2823 4053 3278 4126 Apparuerunteis
3315 4059 3505 4130 lingua:
3547 4070 3809 4132 tamquam

2219 4141 2372 4212 ignis.
2421 4141 2529 4198 Cur
2574 4145 2733 4214 igitur
2783 4146 2889 4201 illic
2937 4147 3072 4202 liber
3115 4158 3169 4204 et
3206 4150 3396 4218 literaa,
3441 4151 3528 4207 hic
3553 4169 3681 4209 vero
3709 4154 3811 4209 lin—

2219 4247 2321 4302 gua
2371 4240 2428 4288 et
2478 4235 2658 4305 ignis?
2701 4234 2857 4304 Quod
2887 4237 2974 4292 ille
2998 4239 3212 4308 quidem
3249 4239 3422 4296 abiret
3454 4243 3812 4300 inseetaturns

2223 4332 2478 4393 peccata,
2525 4326 2959 4399 calamitatesque
2997 4329 3244 4386 Judaicas
3292 4331 3703 4403 deploraturus;
3756 4337 3810 4392 hi

2217 4431 2346 4472 vero
2373 4427 2589 4488 peccata
2609 4419 2755 4474 orbis
2777 4429 3035 4476 terrarum
3063 4424 3395 4494 absumpturi
3416 4427 3656 4482 exirent:
3681 4444 3812 4498 pro-

2223 4516 2406 4578 pterea
2453 4509 2688 4565 libellum
2732 4510 2819 4566 hic
2867 4514 3088 4582 accepit,
3131 4516 3218 4585 qui
3251 4515 3454 4572 futuras
3480 4518 3815 4575 calamitates

2217 4603 2494 4658 memoria
2535 4614 2876 4675 snggereret;
2929 4607 3102 4677 ignem
3131 4609 3204 4662 illi
3247 4609 3600 4679 accipiebant,
3630 4621 3688 4667 ut
3716 4627 3812 4667 or-

2216 4691 2298 4746 bis
2327 4701 2586 4749 terrarum
2632 4706 2845 4766 peccata
2884 4709 3193 4763 exurerent,
3223 4709 3275 4754 et
3302 4712 3494 4756 cuncta
3535 4702 3808 4759 delerent.

2214 4782 2348 4838 Nam
2405 4787 2846 4855 quemadmodum
2891 4789 2936 4844 si
2980 4791 3176 4846 incidat
3235 4791 3371 4861 ignis
3421 4793 3472 4847 in
3511 4795 3712 4863 Spinas,
3742 4796 3810 4850 il-

2215 4878 2294 4934 las
2341 4879 2498 4935 facile
2539 4881 2681 4938 delet
2729 4899 2956 4938 omnes:
2985 4885 3063 4940 sic
3100 4897 3155 4939 et
3194 4884 3423 4956 Spiritus
3472 4888 3641 4958 gratia
3685 4905 3809 4958 pcc~

2214 4981 2332 5025 cata
2389 4972 2663 5028 hominum
2723 4975 3057 5032 absumebat.
3101 4977 3295 5032 Verum
3362 4981 3560 5050 stupidi
3611 4982 3806 5050 Judmi,

2213 5063 2338 5118 dum
2371 5064 2488 5119 haec
2534 5065 2743 5130 ﬁerent,
2798 5083 2918 5122 cum
2965 5069 3084 5124 illos
3120 5071 3336 5140 percelli
3393 5075 3717 5143 oportuisset
3744 5091 3810 5130 ac

2211 5163 2466 5226 tremere,
2509 5157 2738 5230 denique
2785 5161 3086 5231 largitorem
3118 5163 3365 5232 adorare,
3412 5183 3597 5222 rursus
3623 5183 3808 5226 amen-

2211 5248 2338 5302 tiam
2393 5263 2542 5304 suam
2599 5252 2910 5319 ostendunt,
2962 5266 3016 5310 et
3041 5255 3240 5327 Spiritu
3277 5259 3508 5328 repletos
3532 5263 3812 5330 apostolos

2209 5338 2480 5394 ebrietatis
2523 5352 2794 5398 accusant.
2849 5343 2942 5400 Isti
2969 5347 3134 5413 enim,
3165 5347 3414 5418 inquiunt
3433 5392 3448 5416 ,
3473 5361 3638 5405 musto
3665 5354 3808 5424 pleni

2208 5443 2322 5486 sunt
2349 5432 2484 5503 (Act.
2515 5434 2568 5487 2.
2602 5435 2710 5506 15).
2764 5437 3140 5495 Animadverte
3178 5442 3467 5511 nequitiam
3495 5443 3800 5512 hominum,

2208 5524 2590 5594 etangelurnm
2635 5527 2950 5596 probitatem
3001 5532 3364 5602 contemplare
3407 5550 3420 5586 :
3463 5551 3584 5589 nam
3629 5540 3803 5607 angeli

2205 5615 2420 5684 quidem
2457 5633 2577 5672 cum
2615 5619 2873 5688 primitias
2912 5629 3120 5676 nostras
3149 5625 3507 5681 ascendentes
3535 5626 3801 5692 viderent,

2207 5704 2538 5776 lmtabantur,
2597 5723 2660 5764 ac
2701 5710 2965 5776 dicebant,
3017 5714 3242 5768 Attollite
3279 5728 3469 5786 portas,
3527 5720 3801 5786 principes,

2207 5805 2412 5858 vestras.
2455 5811 2500 5854 et
2553 5799 2834 5872 elct'antini,
2858 5814 3017 5874 porta:
3053 5807 3335 5878 maritales,
3367 5820 3411 5863 ct
3451 5809 3672 5865 introibit
3713 5829 3803 5867 res
