4130 6462
390 417 497 476 659

389 532 900 609 ἀναμιμνήσκοντες
954 534 1152 596 αὑτοὺς
1198 533 1281 587 ὅτι
1330 532 1483 586 οὐδὲν
1519 533 1682 598 αὑτὸς
1712 534 1740 586 6
1784 526 1977 602 παρὼν

391 622 649 695 πράττει,
669 620 792 673 οὑδέ
816 617 1168 688 ἀνθρωπίνης
1189 617 1307 670 ἐστὶ
1337 616 1552 687 φύσεως
1578 615 1979 689 κατορθώματα

387 706 460 761 τά
501 704 841 777 προκείμενα
888 701 1066 774 δῶρα,
1109 701 1224 755 ἀλλ’
1255 703 1289 773 ἡ
1321 700 1416 755 τοῦ
1458 700 1776 772 Πνεύματος
1818 700 1978 770 χάρις

389 789 644 862 παροῦσα
666 789 762 842 καὶ¹
790 789 956 842 πᾶσιν
977 786 1322 857 ἐφιπταμένη
1345 785 1444 857 τὴν
1471 785 1740 856 μυστικὴν
1763 782 1978 851 ἐκείνην

390 872 799 938 κατασκευάζει
834 870 1043 925 θυσίαν.
1076 872 1138 924 Et
1168 871 1277 941 76:9
1319 870 1417 924 καὶ
1445 869 1731 940 ἄνθρωπός
1763 869 1910 920 ἐστιν
1949 865 1980 918 ὀ

389 956 604 1029 παρὼν,
639 957 757 1011 ἀλλ’
783 957 813 1010 ό
856 954 990 1020 Θεός
1031 955 1180 1009 ἐστιν
1206 955 1250 1006 ό⁴
1280 953 1521 1024 ἐνεργῶν
1555 953 1620 1006 δι’
1652 950 1838 1005 αὐτοῦ.
1885 950 1977 1020 Μὴ

388 1042 572 1096 τοίνυν
602 1040 839 1112 πρόσεχε
866 1042 933 1112 τῇ
980 1038 1141 1110 φύσει
1172 1037 1267 1092 τοῦ
1307 1037 1617 1109 ὁρωμένου,
1650 1034 1764 1089 ἀλλ’
1811 1034 1979 1086 ἐννόει

388 1126 492 1199 τὴν
523 1125 686 1198 χάριν
718 1125 818 1196 τὴν
850 1125 1104 1195 ἀόρατον.
1137 1123 1304 1177 Οὐδὲν
1341 1121 1682 1194 ἀνθρώπινον
1701 1121 1811 1176 τῶν
1838 1136 1981 1188 γινο-

392 1210 575 1281 μένων
605 1211 664 1262 ἐν
691 1208 770 1280 τῷ
801 1208 930 1280 ἱερῷ
962 1205 1137 1279 τούτῳ
1158 1207 1384 1279 βήματι.
1402 1207 1466 1261 Εἰ
1490 1206 1564 1278 μὴ
1588 1205 1815 1275 Πνεῦμα
1841 1219 1981 1274 παρ-

389 1294 480 1363 ῆν,
529 1292 633 1346 οὑκ
676 1291 744 1346 ἂν
786 1292 1018 1364 συνέστη
1070 1291 1104 1361 ἡ
1143 1288 1466 1361 Ἐκκλησία·
1494 1291 1545 1343 εἰ
1575 1288 1633 1342 δέ
1666 1286 1981 1341 συνίσταται

390 1380 427 1448 ὴ
460 1377 780 1447 Ἐκκλησία,
816 1374 1039 1447 εὔδηλον
1066 1375 1149 1429 ὅτι
1177 1374 1239 1428 τὸ
1260 1372 1488 1444 Πνεῦμα
1512 1372 1764 1444 πάρεστι.

464 1514 622 1581 Τίνος
641 1509 734 1568 οῦν
759 1513 968 1580 ἕνεκεν,
987 1532 1061 1585 φη
1069 1513 1143 1578 σὶ,
1164 1514 1365 1584 σημεῖα
1382 1512 1442 1566 οὑ
1465 1512 1673 1581 γίνεται
1698 1510 1793 1564 νῦν
1812 1526 1827 1575 ;
1851 1510 1962 1562 Ἐν-

389 1598 574 1653 ταῦθά
617 1616 707 1669 μοι
736 1596 875 1668 μετά
908 1596 1195 1669 ἀκριϐείας
1220 1596 1549 1667 προσέχετε·
1588 1598 1739 1667 παρὰ
1771 1591 1980 1647 πολλῶν

391 1683 505 1754 γὰρ
530 1682 718 1737 ἀκούω
751 1679 931 1746 τοῦτο,
965 1681 1058 1735 καὶ
1088 1679 1329 1751 συνεχῶς
1366 1681 1463 1733 καὶ
1496 1680 1584 1734 ἀεὶ
1613 1678 1978 1750 ζητούμενονσ

390 1766 484 1821 δἰἀ
508 1766 564 1820 τί
584 1767 707 1820 τότε
727 1763 1002 1835 γλώσσαις
1031 1764 1251 1819 ἐλάλουν
1277 1763 1478 1827 πάντες
1500 1763 1550 1816 οἱ
1572 1762 1979 1833 βαπτιζόμενοι,

391 1850 491 1906 νῦν
511 1850 570 1904 δέ
590 1849 774 1904 οὐκέτι
796 1866 814 1916 ;
847 1848 1128 1920 Μάθωμεν
1151 1847 1415 1921 πρότερον
1438 1847 1490 1901 τί
1514 1847 1576 1901 τὸ
1600 1847 1780 1901 λαλεῖν
1808 1845 1980 1916 γλώσ-

394 1950 538 1998 σαις,
585 1934 680 1988 καὶ
716 1934 839 1988 τότε
888 1931 1124 2004 ἐροῦμεν
1153 1932 1249 1985 καὶ
1285 1931 1382 2003 τὴν
1421 1931 1618 1985 αἰτίαν,
1653 1930 1719 1984 Τί
1747 1925 1839 1984 οὖν
1866 1932 1982 1983 ἐστι

392 2018 671 2086 γλώσσαις
695 2016 877 2071 λαλεῖν
903 2032 918 2082 ;
953 2016 1011 2069 ’0
1034 2014 1431 2087 βαπτιζόμενος
1457 2013 1658 2079 εὐθέως
1686 2012 1983 2084 ἐφθέγγετο

393 2103 463 2172 τῇ
511 2100 620 2154 τῶν
656 2099 830 2154 Ἰνδῶν
875 2102 1060 2171 φωνῇ,
1114 2101 1180 2171 τῇ
1216 2097 1324 2152 τῶν
1373 2097 1719 2168 Αἰγυπτίων,
1773 2094 1982 2172 τῇιτῶν

395 2170 646 2254 Περσῶν,
684 2186 752 2255 τῇ
780 2182 890 2236 τῶν
933 2181 1190 2248 Σκυθῶν,
1229 2183 1296 2253 τῇ
1343 2182 1453 2236 τῶν
1489 2179 1742 2253 Θρᾳκῶν,
1769 2179 1865 2233 καὶ
1902 2170 1984 2241 εἷς

397 2267 683 2338 ἄνθρωπος
723 2266 925 2331 πολλὰς
966 2265 1238 2337 ἐλάμϐανε
1276 2264 1561 2334 γλώσσας,
1612 2264 1708 2318 καὶ
1744 2256 1889 2316 οὑτοι
1932 2262 1985 2315 οι

396 2350 495 2405 νῦν
540 2353 589 2405 εί
634 2346 777 2421 ἦσαν
809 2350 930 2405 τότε
976 2349 1380 2420 βαπτισθέντες,
1413 2347 1617 2412 εὐθέως
1648 2346 1714 2400 ἂν
1745 2347 1986 2416 ἤκουσας

397 2434 580 2489 αὑτῶν
627 2434 907 2506 διαφόροις
955 2432 1344 2504 φθεγγομένων
1391 2434 1615 2501 φωναῖς.
1652 2429 1765 2484 Καὶ
1812 2429 1921 2499 γὰρ
1955 2428 1986 2481 ὁ

395 2516 632 2582 Παῦλος,
662 2516 848 2588 φησὶν,
879 2509 1008 2588 εὑρέ
1052 2533 1205 2579 τινας
1247 2514 1639 2586 βαπτισθέντας
1668 2516 1727 2567 ἐν
1768 2512 1848 2583 τῷ
1891 2511 1986 2582 βα-

396 2600 666 2671 πτίσματι
711 2601 982 2664 Ἰωάννου,
1027 2602 1123 2655 καὶ
1167 2599 1316 2670 λέγει
1358 2600 1574 2663 αὐτοῖς’
1626 2600 1699 2653 El
1742 2596 1988 2667 Πνεῦμα

396 2683 572 2753 ἄτιον
617 2683 862 2739 ἐλάϐετε
917 2684 1396 2749 πιστεύσαντεςς
1443 2682 1742 2753 Λέγουσιν
1783 2680 1945 2747 αὐτῷ
1966 2696 1982 2711 ο

394 2767 539 2821 ἀλλ’
563 2766 705 2822 οὐδὲ
731 2770 783 2822 ει
814 2767 947 2822 ἐστι
972 2766 1217 2838 Πνεῦμα
1246 2766 1438 2836 ἅγιον,
1465 2766 1819 2836 ἠκούσαμεν
1837 2783 1855 2813 ἠ
1891 2766 1988 2820 καὶ

396 2843 604 2915 εὐθέως
629 2850 913 2905 ἐκέλευσεν
939 2851 1136 2915 αὐτοὺς
1173 2849 1540 2921 βαπτισθῆναι
1564 2865 1580 2881 ·
1615 2849 1724 2905 Καὶ
1756 2846 1987 2903 ἐπιθέν-

394 2950 503 3000 τος
552 2933 756 3001 αὐτοῖς
797 2932 906 2989 τοῦ
959 2936 1208 2989 Παύλου
1252 2932 1359 3000 τὰς
1401 2933 1626 3003 χεῖρας,
1661 2928 1850 3003 ἦλθεν
1892 2932 1986 2987 ἐπ’

397 3017 625 3084 αὐτοὺς
654 3017 721 3071 τὸ
751 3017 995 3087 Πνεῦμα
1036 3018 1104 3073 τύ
1133 3017 1322 3089 ἅγιον,
1361 3016 1459 3070 καὶ
1487 3016 1758 3072 ἐλάλουν
1800 3016 1988 3071 ἅπαν-

397 3117 502 3168 τες
529 3098 858 3171 γλώσσαις.
891 3102 1048 3166 Τίνος
1080 3097 1175 3156 οὖν
1221 3102 1378 3174 χάριν
1425 3101 1746 3172 συνεστάλη,
1776 3102 1869 3155 καὶ
1894 3102 1988 3155 ἀνι

396 3184 578 3255 ῃρέθη
610 3184 669 3251 ἐξ
699 3183 1002 3256 ἀνθρώπων
1029 3186 1061 3255 ἡ
1092 3185 1252 3256 χάρις
1280 3184 1420 3253 αῦτη
1459 3181 1589 3250 νῦν;
1620 3184 1755 3255 Οὐχὶ
1788 3183 1987 3254 ἀτιμά-

397 3265 588 3331 ζοντος
615 3268 762 3339 ἡμᾶς
783 3267 877 3321 τοῦ
901 3267 1058 3332 Θεοῦ,
1090 3268 1227 3321 ἀλλά
1255 3265 1407 3339 [464]
1430 3267 1524 3320 καὶ
1548 3268 1753 3338 σφόδρα
1783 3267 1988 3338 τιμῶν-

396 3365 516 3412 τος.
550 3349 703 3416 Πῶς;
747 3350 859 3420 ἐγὼ
896 3349 1460 3423 λέγω.Ἀνοητότερον
1492 3352 1542 3403 οἱ
1576 3350 1857 3422 ἄνθρωποι
1910 3350 1991 3404 δι-

397 3434 613 3487 έκειντο
639 3434 780 3501 τότε,
810 3434 920 3488 τῶν
949 3433 1181 3489 εἰδώλων
1208 3430 1536 3506 προσφάτως
1558 3432 1986 3506 ἀπηλλαγμένοι,

398 3518 501 3571 καὶ
529 3518 813 3590 παχυτέρα
838 3519 935 3572 καὶ
957 3519 1388 3590 ἀναισθητοτέρα
1408 3518 1589 3571 αὑτῶν
1610 3520 1643 3589 ή
1672 3517 1880 3571 διάνοια
1909 3516 1988 3572 ἔτι

396 3595 617 3671 ἦν,’καὶ
643 3600 781 3671 πρὸς
822 3600 892 3655 τὰ
926 3602 1215 3673 σωματικά
1249 3603 1427 3657 πάντα
1460 3602 1724 3671 ἐπτόηντο
1764 3601 1860 3655 καὶ
1900 3604 1991 3655 ἐκ-

400 3684 688 3753 εχήνεσαν,
724 3685 820 3739 καὶ
846 3685 1073 3757 οὐδεμία
1101 3687 1285 3749 αὐτοῖς
1316 3685 1530 3739 οὑδέπω
1567 3684 1745 3739 έννοια
1772 3684 1991 3755 δωρεῶν

399 3768 710 3838 ἀσωμάτων
738 3763 828 3839 ἦν,
850 3769 972 3823 οὑδέ
1005 3768 1216 3823 εἴδεσαν
1242 3769 1296 3823 τί
1327 3769 1455 3822 ποτέ
1485 3770 1602 3823 ἐστι
1622 3768 1787 3841 νοητὴ
1809 3768 1988 3840 χάρις,

400 3851 502 3906 καὶ
528 3853 709 3907 πίστει
745 3852 883 3925 μόνῃ
920 3852 1268 3925 θεωρουμένη
1291 3869 1306 3883 ·
1340 3852 1431 3907 διὰ
1455 3852 1616 3907 τοῦτο
1644 3856 1846 3925 σημεῖα
1872 3852 1991 3921 ἐγίη

400 3954 545 3993 νετο.
576 3937 696 3990 Τῶν
721 3936 831 4009 γάρ
855 3938 1212 4008 χαρισμάτων
1243 3936 1352 3991 τῶν
1382 3936 1766 4008 πνευματικῶν
1797 3936 1867 3990 τὰ
1890 3936 1990 4006 μὲν

401 4021 613 4093 ἀόρατά
645 4022 780 4084 ἐστι,
811 4020 904 4074 καὶ
936 4020 1118 4074 πίστει
1148 4019 1627 4091 καταλαμϐάνεται
1656 4020 1818 4091 μόνῃ’
1844 4022 1913 4074 τά
1931 4020 1990 4074 δὲ

403 4106 503 4157 καὶ
536 4103 793 4176 αἰσθητὸν
825 4104 1158 4158 ἐνδείκνυται
1186 4106 1411 4175 σημεῖον
1440 4104 1575 4175 πρὸς
1607 4103 1707 4170 τὴν
1735 4103 1843 4157 τῶν
1871 4102 1992 4157 ἀπί-

405 4200 552 4240 στων
587 4187 979 4258 πληροφορίαν.
1022 4184 1147 4242 Οἷόν
1178 4205 1229 4240 τι
1267 4188 1438 4257 λέγω·
1469 4187 1753 4258 ἁμαρτιῶν
1797 4188 1993 4257 ἄφεσις

402 4270 597 4341 νοητόν
637 4273 752 4325 ἐστι
797 4275 1052 4345 πρᾶγμα,
1086 4271 1315 4341 ἀόρατόν
1371 4272 1489 4325 ἐστι
1546 4272 1819 4343 χάρισμα·
1875 4271 1993 4336 πῶς

403 4353 518 4425 γὰρ
546 4354 896 4427 καθαίρονται
926 4356 1083 4428 ἡμῶν
1111 4356 1168 4409 αἱ
1196 4355 1483 4427 ἁμαρτίαι,
1509 4357 1607 4426 οὐχ
1637 4356 1852 4426 ὁρῶμεν
1879 4358 1993 4420 τοῖς

402 4437 508 4507 τῆς
553 4439 755 4509 σαρκὸς
779 4439 1097 4510 ὀφθαλμοῖς.
1135 4438 1199 4491 Τί
1232 4439 1470 4510 δήποτε;
1508 4439 1631 4492 "0::
1662 4439 1811 4510 ψυχή
1845 4440 1992 4492 ἐστιν

404 4520 445 4589 ἡ
495 4519 908 4593 καθαιρομένηπ
953 4521 1102 4593 ψυχὴ
1148 4519 1205 4574 δὲ
1251 4520 1553 4592 ὀφθαλμοῖς
1600 4520 1853 4592 σώματος
1896 4521 1993 4592 οὑχ

403 4604 620 4673 ὁρᾶται.
636 4603 701 4657 Ἠ
726 4604 824 4675 μὲν
844 4600 940 4659 οὖν
969 4606 1234 4675 κάθαρσις
1264 4604 1374 4657 τῶν
1395 4604 1810 4676 ἁμαρτημάτων
1828 4605 1993 4677 νοητὴ

403 4686 587 4757 δωρεά
617 4688 699 4751 τίς
722 4689 869 4742 ἐστιν
901 4688 1196 4760 ὀφθαλμοῖς
1223 4688 1284 4741 οὑ
1322 4688 1595 4759 δυναμένη
1625 4688 1876 4758 σώματος
1904 4706 1995 4758 γε·

402 4770 592 4824 νέσθαι
622 4772 861 4844 φανερά’
882 4773 943 4826 τὸ
973 4772 1031 4826 δέ
1063 4770 1337 4840 γλώσσαις
1363 4771 1641 4843 διαφόροις
1671 4769 1849 4825 λαλεῖν
1879 4775 1993 4824 ἐστι

409 4853 513 4927 μὲν
558 4856 653 4908 καὶ
695 4855 829 4910 αὐτὸ
859 4856 1056 4928 νοητῆς
1086 4854 1364 4927 ἐνεργείας
1398 4850 1492 4908 τοῦ
1528 4844 1849 4924 Πνεύματος
1869 4870 1882 4884 ·
1909 4856 1995 4908 αί-

407 4937 607 5008 σθητὸν
630 4938 811 5009 μέντοι
831 4938 1212 5011 παρέχεταιτό
1231 4940 1477 5009 σημεῖον,
1500 4939 1726 5001 καὶτοῖς
1746 4936 1995 5003 ἀπίστοις

404 5019 756 5076 εὐσύνοπτον.
787 5022 900 5093 Τῆς
943 5023 1052 5095 γάρ
1096 5022 1244 5078 ἔνδον
1296 5027 1353 5076 ἐν
1400 5026 1468 5094 τῇ
1509 5022 1656 5093 ψυχῇ
1705 5020 1996 5091 γινομένης

405 5104 709 5174 ἐνεργείας,
735 5106 837 5175 τῆς
861 5106 1092 5177 ἀοράτου
1119 5106 1282 5175 λέγω,
1301 5108 1334 5178 ή
1352 5106 1457 5172 ἐξω
1485 5105 1700 5175 γλῶττα
1730 5104 1996 5175 ἀκουομέ-

405 5204 474 5259 νη
506 5188 812 5259 φανέρωσις
842 5188 932 5253 τίς
954 5190 1077 5242 ἐστι
1119 5190 1214 5243 καὶ
1251 5189 1491 5261 ἐλεγχος.
1522 5188 1623 5242 Διά
1653 5186 1812 5243 τοῦτο
1843 5189 1935 5243 καὶ
1967 5190 1997 5242 ὀ

403 5270 623 5336 Παῦλος
648 5270 799 5341 λέγει
818 5289 835 5304 ο
870 5271 1140 5341 Ἐκάστῳ
1159 5270 1228 5327 δὲ
1255 5274 1295 5343 ἠ
1325 5272 1663 5343 φανέρωσις
1686 5274 1792 5328 τοῦ
1816 5274 1997 5328 Πνεύ-

404 5370 593 5425 ματος
612 5354 839 5410 δίδοται
866 5355 1017 5426 πρὸς
1037 5358 1105 5411 τὸ
1125 5355 1458 5427 συμφέρον.
1477 5355 1618 5426 Ἐγὼ
1655 5359 1753 5430 μὲν
1781 5352 1872 5412 οὖν
1899 5358 1996 5412 νῦν

405 5437 600 5509 χρείαν
631 5439 731 5492 οὑκ
757 5437 866 5510 έχω
900 5439 1163 5512 σημείων.
1191 5440 1349 5505 Τίνος
1379 5441 1598 5508 ἐνεκενς
1631 5440 1755 5494 ὀτι
1775 5441 1870 5495 καὶ
1889 5459 1999 5512 χω-

406 5520 499 5593 ρὶς
531 5522 757 5594 σημείου
789 5522 988 5587 δόσεως
1012 5521 1290 5578 πιστεύειν
1311 5523 1606 5595 μεμάθηκα
1627 5524 1707 5594 τῷ
1725 5524 1992 5598 Δεσπότῃ.

419 5604 482 5657 '0
512 5603 623 5676 γὰρ
653 5604 897 5659 ἀπιστῶν
921 5605 1178 5677 ἐνεχύρου
1206 5606 1374 5661 δεῖται
1392 5623 1406 5637 ⁸
1429 5608 1541 5677 ἐγὼ
1565 5607 1622 5660 δὲ
1641 5607 1913 5662 πιστεύων
1932 5610 1994 5662 οὐ

403 5686 601 5758 δέομαι
632 5688 887 5762 ἐνεχύρου
917 5690 1039 5744 οὑδὲ
1070 5690 1300 5762 σημείου
1323 5706 1335 5719 ·
1367 5691 1503 5745 ἀλλά
1535 5690 1639 5745 κᾶν
1675 5691 1749 5764 μὴ
1775 5690 1996 5763 λαλήσω

410 5775 651 5845 γλώσσῃ,
684 5769 800 5826 οἶδα
826 5774 906 5828 ὅτι
934 5771 1247 5845 ἐκαθάρθην
1270 5775 1333 5828 ἐκ
1361 5774 1470 5827 τῶν
1500 5774 1805 5847 ἁμαρτιῶν.
1824 5774 1996 5828 Ἐκεῖ-

408 5870 489 5906 νοι
514 5855 571 5909 δὲ
604 5856 726 5910 τότε
759 5857 856 5911 οὐκ
882 5856 1189 5927 ἐπίστευρν,
1213 5858 1262 5912 εἰ
1304 5857 1377 5923 μὴ
1400 5856 1591 5913 ἔλαϐον
1622 5859 1873 5927 σημεῖον·
1904 5855 1992 5910 διὰ

1419 414 1506 468 DE
1545 411 1816 469 SANCTA
1858 408 2332 468 PENTECC‘STE.
2377 411 2610 473 HOMIL.
2645 411 2687 473 Ῑ.

3560 416 3663 505 ωρ

2082 529 2237 585 τοῦτο
2266 532 2449 598 αὑτοῖς
2480 534 2678 589 ἐδίδοτο
2708 534 2926 609 σημεῖα,
2962 529 3149 608 ὥσπερ
3183 532 3436 608 ἐνέχυρον
3464 535 3562 607 τῆς
3587 535 3670 590 πί-

2084 635 2254 683 στεως
2297 616 2365 692 ἧς
2409 622 2886 678 ἐπίστευον.”Ωστε
2926 620 3025 694 οὑχ
3060 622 3137 687 ὡς
3177 625 3408 689 πιστοῖς,
3443 622 3559 677 ἀλλ’
3592 621 3670 688 ὡς

2082 709 2331 773 ἀπίστοις
2349 708 2550 765 ἐδίδοτο
2570 711 2640 765 τά
2663 715 2882 783 σημεῖα,
2903 710 2991 766 ἵνα
3009 706 3271 782 γένωνται
3293 710 3495 765 πιστοίο
3526 709 3671 765 οὕτω

2082 800 2176 853 καὶ
2232 798 2445 863 Παῦλός
2497 817 2658 874 φησι·
2699 802 2777 856 Τὰ
2810 802 3029 872 σημεῖα
3063 804 3135 856 οὐ
3171 796 3298 868 τοῖς
3349 800 3671 855 πιστεύουσ-
3730 864 3737 872 ,

2081 901 2206 953 σιν,
2239 887 2401 941 ἀλλὰ
2430 888 2566 953 τοῖς
2608 890 2907 956 ἀπίστοις.
2927 891 3139 962 Ὁρᾶτε,
3169 890 3253 943 ὅτι
3306 888 3427 960 οὐχὶ
3471 888 3671 960 ἀτιμά-
3732 884 3733 887 “

2082 975 2265 1039 ζοντος
2297 978 2443 1048 ἡμᾶς
2474 977 2568 1030 τοῦ
2595 977 2752 1043 Θεοῦ,
2778 977 2917 1032 ἀλλὰ
2941 978 3210 1049 τιμῶντός
3236 980 3353 1032 ἐστι
3372 979 3432 1033 τδ
3462 981 3677 1032 συστεῖ-

2080 1064 2169 1117 λαι
2200 1065 2300 1135 τὴν
2346 1065 2453 1118 τῶν
2481 1066 2725 1136 σημείων
2756 1067 3042 1134 ἐπίδειξιν;
3074 1067 3406 1139 Βουλόμενος
3429 1068 3539 1140 γάρ
3568 1067 3672 1120 δεῖ·

2083 1151 2168 1217 ξαι
2213 1154 2312 1224 τὴν
2356 1154 2539 1207 πίστιν
2584 1154 2762 1226 ἡμῶν,
2791 1155 2872 1210 ὅτι
2909 1157 3078 1227 χωρἰς
3123 1156 3396 1229 ἐνεχύρων
3436 1157 3533 1211 καὶ
3578 1173 3670 1226 ση-

2084 1239 2254 1310 μείων
2300 1240 2448 1312 αὑτῷ
2500 1240 2846 1313 πιστεύομεν.
2891 1242 3048 1297 τοῦτο
3093 1244 3428 1315 πεποίηκεν·
3469 1246 3668 1299 ἐκεῖνοι

2066 1329 2186 1400 ,μὲν
2210 1331 2320 1402 γάρ
2344 1332 2393 1383 εί
2427 1330 2502 1402 μὴ
2526 1331 2718 1386 ἔλαϐον
2759 1334 2975 1404 πρῶτον
3007 1337 3234 1405 σημεῖον
3260 1335 3355 1388 καὶ
3388 1335 3665 1404 ἐνέχυρον.

2079 1421 2181 1473 οὑκ
2216 1419 2283 1473 ἂν
2322 1421 2474 1492 αὐτῷ
2507 1422 2791 1475 ἐπίστευον
2834 1424 2963 1495 περὶ
3005 1422 3112 1477 τῶν
3159 1422 3415 1495 ἀφανὼν’
3461 1422 3574 1490 ἐγὼ
3611 1422 3668 1474 δὲ

2081 1509 2176 1563 καὶ
2225 1510 2398 1581 χωρὶς
2441 1510 2632 1565 τούτου
2668 1514 2849 1568 πᾶσαν
2885 1513 3229 1584 ἐπιδείκνυμι
3259 1515 3475 1568 πίστινο
3510 1511 3671 1565 τοῦτο
3708 1518 3709 1521 “

2081 1592 2176 1652 οὖν
2204 1598 2379 1653 αἴτιον
2403 1598 2499 1652 τοῦ
2533 1599 2608 1671 μὴ
2636 1600 2880 1670 γίνεσθαι
2906 1604 3112 1673 σημεῖα
3145 1600 3259 1655 νῦν.

2154 1692 2216 1739 ε’.
2247 1686 2576 1759 Ἐϐουλόμην
2605 1689 2698 1741 καὶ
2727 1689 2854 1760 περὶ
2885 1688 2985 1759 τῆς
3010 1687 3320 1751 ὑποθέσεως
3346 1686 3445 1758 τῆς
3475 1684 3670 1759 ἐορκῆς

2082 1776 2280 1839 εἰπεῖν,
2307 1774 2404 1828 καὶ
2443 1773 2613 1839 δεῖξαι
2644 1775 2698 1829 τί
2730 1777 2862 1829 ποτέ
2891 1778 3007 1830 ἐστι
3041 1776 3403 1848 πεντηκοστὴ,
3435 1775 3529 1829 καὶ
3582 1773 3671 1827 διὰ

2081 1865 2137 1919 τί
2167 1867 2225 1918 ἐν
2250 1867 2315 1936 τῇ
2357 1865 2517 1937 ἑορτῇ
2551 1864 2721 1938 ταύτῃ
2750 1865 2812 1919 τὸ
2836 1867 3082 1938 χάρισμα
3122 1865 3344 1927 δίδοται,
3368 1864 3464 1919 καὶ
3498 1863 3585 1918 διὰ
3617 1862 3672 1916 τί

2083 1957 2140 2010 ἐν
2171 1953 2446 2024 γλώσσαις
2484 1955 2759 2023 πυρίναις,
2786 1956 2881 2009 καὶ
2903 1954 2990 2008 διά
3016 1954 3068 2007 τί
3103 1955 3243 2026 μετά
3262 1954 3392 2008 δέκα
3419 1951 3630 2025 ἡμέρας
3654 1968 3668 1981 ·

2084 2042 2143 2096 ἀ)
2157 2044 2202 2093 Α⁴
2222 2040 2335 2113 ὁρῶ
2362 2042 2498 2113 πρὸς
2523 2042 2696 2113 μῆκος
2732 2041 2831 2114 τὴν
2870 2041 3219 2096 διδασκαλίαν
3248 2039 3633 2111 ἐκτεινομένην
3654 2056 3670 2070 ’

2082 2130 2164 2185 διὸ
2203 2130 2362 2201 ὀλίγα
2408 2132 2668 2203 προσθεὶς
2712 2132 3053 2187 καταπαύσω
3098 2131 3190 2185 τὸν
3234 2130 3391 2200 λόγον
3412 2148 3426 2161 ·
3468 2131 3564 2184 Ἐν
3590 2120 3674 2195 τῷ

2084 2219 2594 2290 συμπληροῦσθαι
2637 2218 2756 2287 τὴν
2806 2219 3035 2290 ἡμέραν
3081 2219 3191 2289 τῆς
3249 2216 3675 2286 πεντηκοστῆς

2084 2309 2376 2380 ὤφθησαν
2428 2309 2636 2376 αὐτοῖς
2686 2306 3154 2379 διαμεριζόμεναι
3204 2307 3480 2380 γλῶσσαι
3529 2306 3673 2360 ὡσεί

2085 2398 2277 2465 πυρός
2296 2414 2310 2427 ·
2360 2396 2482 2468 οὐχὶ
2514 2397 2707 2469 πυρὸς,
2740 2396 2853 2450 ἀλλ’
2881 2396 3013 2450 ὡσεὶ
3038 2395 3232 2467 πυρὸς,
3264 2394 3352 2448 ἵνα
3389 2393 3556 2466 μηδὲν
3585 2395 3676 2447 al-

2088 2485 2286 2557 σθητόν
2329 2484 2678 2557 ὑποπτεύσῃς
2719 2486 2848 2556 περὶ
2888 2483 2981 2538 τοῦ
3028 2480 3366 2554 Πνεύματος.
3405 2476 3674 2550 Καθάπερ

2086 2573 2196 2647 γὰρ
2223 2575 2316 2628 ἐπὶ
2339 2574 2448 2629 τῶν
2480 2573 2810 2646 ἰορδανείων
2838 2572 3067 2644 ῥείθρων
3085 2572 3207 2641 οὑχὶ
3226 2568 3524 2642 περιστερά
3544 2586 3675 2622 xu:-

2086 2662 2209 2735 έϐη,
2248 2661 2397 2736 [465]
2429 2662 2542 2715 ἀλλ’
2571 2663 2630 2716 ἐν
2673 2661 2805 2715 εἴδει
2855 2661 3222 2733 περιστερᾶςσ
3270 2658 3413 2713 οὑτω
3456 2657 3552 2711 καὶ
3590 2659 3675 2709 ἐν·

2085 2752 2263 2807 ταῦθα
2308 2751 2430 2823 οὐχὶ
2480 2751 2612 2825 πῦρ,
2645 2751 2757 2805 ἀλλ’
2780 2750 2997 2804 ἐνέείδει
3026 2749 3219 2821 πυρός.
3246 2750 3360 2803 Καὶ
3392 2746 3556 2802 πάλιν
3579 2746 3676 2801 ἀνα

2086 2840 2279 2912 ωτέρω
2336 2840 2534 2912 φησίν⁸
2593 2840 2753 2894 Ὧσεὶ
2804 2837 3137 2910 φερομένης
3186 2835 3386 2907 πνοῆς
3431 2835 3675 2902 βιαίαςο

2086 2930 2206 2999 οὐχὶ
2240 2929 2409 2999 πνοῆς
2440 2928 2640 3000 βιαίας,
2673 2928 2787 2982 ἀλλ’
2822 2928 2898 2992 ὡς
2927 2926 3236 2998 φερομένης
3266 2926 3434 2997 πνοῆς
3470 2923 3675 2995 βιαίας.

2088 3017 2247 3081 Τίνος
2278 3017 2335 3070 δὲ
2359 3017 2545 3071 ἕνεκεν
2573 3020 2601 3070 ό
2629 3017 2726 3087 μὲν
2760 3015 3021 3086 Ἱεζεκιὴλ
3045 3015 3106 3067 οὑ
3136 3015 3206 3068 δι’
3231 3011 3546 3084 ὁμοιώσεως
3574 3029 3678 3066 πυ-

2090 3105 2184 3178 ρὸς
2223 3104 2490 3176 λαμϐάνει
2519 3104 2581 3157 τὺ
2621 3103 2870 3175 χάρισμα
2897 3104 2996 3173 τῆς
3027 3102 3387 3174 προφητείας,
3418 3099 3555 3154 ἀλλά
3590 3098 3677 3153 διὰ

2091 3192 2319 3263 βιϐλίου,
2339 3195 2388 3246 οἱ
2413 3193 2469 3246 δέ
2500 3192 2787 3247 ἀπόστολοι
2815 3191 2903 3244 διὰ
2930 3191 3104 3261 πυρὸς
3127 3188 3466 3260 λαμϐάνουσι
3495 3187 3562 3241 τά
3585 3203 3677 3257 χα-

2092 3282 2366 3353 ρίσματα;
2394 3283 2530 3352 Περὶ
2570 3281 2669 3352 μὲν
2714 3280 2823 3351 γὰρ
2870 3279 3078 3332 ἐκείνου
3124 3280 3311 3349 φησὶν,
3344 3278 3427 3330 ὅτι
3478 3275 3680 3329 ἔδωκεν

2089 3373 2168 3435 εις
2199 3371 2260 3423 τὸ
2293 3370 2466 3440 στόμα
2496 3368 2661 3423 αὑτοῦ
2693 3367 2957 3436 κεφαλίδα
2993 3366 3219 3436 βιϐλίου,
3270 3363 3367 3418 καὶ
3412 3363 3678 3432 ἐγγέγρα-

2090 3476 2220 3511 πται
2244 3457 2565 3528 κατάλεγμα
2598 3456 2693 3510 καὶ
2721 3455 2881 3526 μέλος
2909 3454 3004 3508 καὶ
3034 3454 3176 3518 οὑαὶ,
3200 3454 3293 3505 καὶ
3322 3447 3390 3522 ῆν
3413 3451 3479 3504 τὰ
3503 3450 3678 3504 ὀπίσω

2089 3551 2184 3605 καὶ
2208 3549 2279 3603 τὰ
2307 3548 2615 3621 ἔμπροσθεν
2638 3545 3000 3620 γεγραμμένα
3020 3562 3034 3576 '
3066 3544 3161 3598 καὶ
3188 3543 3389 3613 ἔφαγεν
3408 3542 3560 3605 αὐτὸ,
3583 3542 3678 3596 καὶ

2090 3639 2307 3710 ἐγένετο
2351 3640 2410 3691 ἐν
2455 3636 2533 3708 τῷ
2580 3636 2809 3707 στόματι
2852 3635 2929 3698 ώς
2967 3633 3086 3704 μέλι
3131 3630 3416 3703 γλυκάζον.
3456 3629 3593 3701 Περὶ
3622 3630 3678 3683 δέ

2088 3727 2199 3781 τῶν
2239 3726 2554 3781 ἀποστόλων
2598 3725 2697 3796 οὑχ
2746 3723 2953 3787 οὕτως·
2990 3723 3104 3777 ἀλλ’
3130 3723 3447 3791 Ὠφθησαν
3474 3717 3685 3784 αὐτοῖς

2091 3815 2367 3889 γλῶσσαι
2397 3813 2544 3869 ὡσεί
2576 3814 2786 3882 πυρός.
2823 3812 2979 3876 Τίνος
3005 3807 3097 3865 οὖν
3135 3810 3321 3863 ἕνεκεν
3344 3810 3462 3861 ἐκεῖ
3480 3806 3680 3878 βιϐλίον

2091 3907 2188 3960 καὶ
2220 3905 2547 3977 γράμματα,
2589 3902 2826 3957 ἐνταῦθα
2870 3902 2928 3954 δέ
2972 3899 3192 3968 γλῶσσα
3237 3897 3333 3951 καὶ
3377 3896 3521 3969 πῦρ;
3557 3896 3682 3949 "0::

2093 3997 2299 4058 ἐκεῖνος
2344 3995 2444 4064 μὲν
2487 3993 2654 4064 ἀπῄει
2684 3990 3079 4061 κατηγορήσων
3120 3985 3554 4058 ἁμαρτημάτων,
3586 3985 3681 4037 καὶ

2093 4081 2382 4153 θρηνήσων
2415 4077 2704 4150 συμφορὰς
2735 4075 3033 4138 Ἰοοδαῖκάς
3057 4091 3070 4104 ’
3098 4067 3246 4127 οὗτοι
3277 4072 3335 4125 δέ
3358 4070 3587 4144 ἐξῄεσαν
3611 4071 3682 4124 τά

2092 4166 2191 4236 τῆς
2220 4166 2544 4237 οἰκουμένης
2573 4164 2950 4235 ἁμαρτήματα
2966 4162 3369 4232 δαπανήσοντες
3382 4176 3396 4191 ·
3416 4158 3506 4212 διά
3522 4157 3682 4213 τοῦτο

2091 4256 2300 4317 ἐκεῖνος
2352 4254 2451 4325 μὲν
2488 4253 2864 4324 γραμματεῖον
2897 4249 3172 4321 ἐλάμϐανε
3214 4248 3325 4302 τῶν
3369 4246 3681 4319 μελλουσῶν

2095 4341 2389 4414 συμφορῶν
2418 4341 2725 4413 ὑπόμνησιν
2748 4355 2762 4370 ·
2792 4332 2941 4394 οὗτοι
2968 4338 3026 4392 δὲ
3051 4338 3163 4411 πῦρ
3189 4337 3517 4409 ἐλάμϐανον,
3537 4336 3679 4389 ὥστε

2095 4430 2439 4485 κατακαῦσαι
2486 4429 2558 4483 τά
2599 4430 2699 4501 τῆς
2742 4428 3068 4498 οἰκουμένης
3114 4428 3527 4498 ἁμαρτήματα,
3586 4425 3680 4477 καὶ

2095 4518 2356 4588 ἀφανίσαι
2391 4517 2587 4572 πάντα.
2620 4516 2890 4588 Καθάπερ
2916 4517 3025 4587 γὰρ
3060 4514 3171 4586 πῦρ
3208 4516 3286 4577 είς
3315 4511 3555 4574 ἀκάνθας
3578 4513 3678 4580 ἐμ-

2094 4611 2292 4662 πῖπτον
2326 4607 2508 4671 πάσας
2541 4607 2709 4670 αὑτὰς
2736 4606 2988 4675 ἀφανίσει
3025 4604 3243 4675 ῥᾳδίως,
3280 4602 3422 4655 οὕτω
3458 4601 3551 4653 καὶ
3582 4598 3679 4653 τοῦ

2095 4696 2234 4750 Πνεύ
2243 4713 2411 4767 ματος
2438 4697 2470 4766 ὴ
2495 4696 2655 4766 χάρις
2673 4694 2914 4748 ἐδαπάνα
2932 4693 3039 4746 τῶν
3061 4690 3362 4762 ἀνθρώπων
3383 4688 3480 4753 τὰς
3501 4690 3682 4760 ἀμαρ-

2093 4785 2232 4849 τίας.
2251 4783 2393 4837 Ἀλλ’
2411 4784 2461 4836 of.
2498 4781 2816 4854 ἀναίσθητοι
2847 4782 3089 4836 Ἰουδαῖοι
3121 4779 3324 4833 τούτων
3352 4779 3679 4848 γενομένων,

2093 4873 2213 4926 δέον
2244 4870 2701 4942 καταπεπλῆχθαι
2733 4872 2828 4925 καὶ
2862 4868 3085 4941 τρέμειν
3113 4868 3207 4922 καὶ⁵
3235 4870 3563 4938 προσκυνεῖν
3588 4867 3681 4921 τὸν
3753 4920 3761 4945 ξ

2093 4960 2302 5014 διδόντα
2332 4959 2431 5031 τὴν
2468 4958 2699 5030 δωρεὰν,
2730 4958 2893 5013 πάλιν
2920 4957 3018 5030 τὴν
3044 4957 3253 5010 οἰκείαν
3291 4956 3518 5012 ἀνοιανιι
3558 4957 3682 5010 ἐπι-

2094 5048 2399 5102 δείκνυνται
2436 5046 2606 5119 μέθην
2634 5045 3069 5119 κατηγοροῦντες
3101 5046 3210 5101 τῶν
3233 5045 3681 5117 πεπληρωμένων

2095 5134 2190 5190 τοῦ
2225 5135 2545 5208 Πνεύματος
2573 5136 2886 5190 ἀποστόλων
2905 5150 2919 5162 ·
2951 5131 3128 5190 Οὗτοι
3155 5134 3284 5208 γὰρ,
3312 5134 3464 5206 φησὶ,
3504 5133 3681 5203 γλεύ-

2096 5242 2244 5290 κους
2273 5218 2720 5295 μεμεστωμένοι
2762 5223 2938 5278 εἰσιν.
2961 5223 3242 5296 Ἐννόησον
3289 5220 3679 5292 ἀγνωμοσύνην

2097 5312 2419 5385 ἀνθρώπων,
2450 5313 2546 5366 καὶ
2576 5312 2849 5382 σκόπησον
2877 5312 3297 5383 εὐγνωμοσύνην
3329 5308 3594 5379 ἀγγέλων.
3615 5310 3679 5363 υἱ

2100 5402 2198 5473 μὲν
2222 5402 2330 5475 γὰρ
2362 5401 2582 5471 ἄγγελοι
2614 5403 2705 5455 ὅτε
2733 5396 2873 5456 εἶδον
2912 5400 3008 5473 τὴν
3052 5398 3307 5472 ἀπαρχὴν
3337 5396 3679 5468 ἀναγομένην

2095 5490 2194 5563 τὴν
2234 5490 2532 5562 ἡμετέραν,
2566 5490 2783 5562 ἔχαιρον
2824 5491 2918 5544 καὶ
2950 5490 3136 5560 ἔλεγον
3155 5505 3171 5522 ·
3209 5491 3412 5556 Ἄρατε
3454 5487 3676 5553 πύλας,

2095 5582 2151 5633 al
2189 5577 2498 5649 ἄρχοντες,
2528 5577 2715 5649 ὑμῶν,
2743 5578 2843 5633 καί
2871 5576 3188 5647 ἐπάρθητε,
3222 5577 3409 5630 πύλαι
3433 5575 3677 5640 αίώνιοι,

2096 5666 2195 5722 καί
2243 5668 2655 5722 εἰσελεύσεται
2703 5668 2737 5720 ό
2780 5664 3080 5731 ,βασιλεὺς
3114 5660 3223 5735 τῆς
3263 5663 3484 5733 δόξης*
3526 5663 3577 5718 οι
3622 5660 3678 5713 δὲ

2160 5863 2188 5894 ⁸
2208 5863 2331 5927 Res.
2357 5864 2564 5926 ἄγνοιαν.
