4130 6466
509 368 609 424 461

510 480 787 548 ἂνθρωποι
837 477 1035 542 ἰδόντες
1061 478 1160 550 τὴν
1188 479 1280 532 τοῦ
1311 481 1628 552 Πνεύματος
1655 483 1814 553 χάριν
1845 482 2080 536 καταϐᾶ-

513 581 612 617 σαν
638 561 772 632 πρὸς
806 561 953 632 ἡμᾶς
990 561 1259 630 λέγουσιν,
1294 563 1375 616 ὅτι
1414 562 1703 633 μεθύουσιν
1729 566 1780 617 οἱ
1803 564 2085 635 δεξάμενοι

510 646 611 716 τὴν
644 644 822 715 χάριν.
850 644 944 697 καὶ
968 645 1088 697 οὐδὲ
1123 646 1155 717 ή
1190 645 1307 717 ὥρα
1339 646 1432 698 τοῦ
1477 647 1630 711 ἐτους
1654 647 1851 710 αὐτοὺς
1888 647 2086 700 ἐδυσώ-

510 744 681 798 πησε·
724 726 952 797 γλεῦκος
999 728 1109 799 γὰρ
1152 730 1209 781 ἐν
1253 729 1411 800 ἔαρος
1443 727 1561 800 ὥρᾳ
1586 728 1685 782 οὐκ
1729 729 1795 783 ἂν
1838 729 2086 801 εὑρεθείη

512 811 642 864 ποτέ
664 829 676 839 ·
706 812 827 864 τότε
861 810 918 863 δέ
956 810 1056 881 ἔαρ
1082 806 1171 882 ἦν.
1189 811 1327 864 Ἀλλ’
1346 814 1543 864 ἐκεῖνοι
1576 812 1674 882 μὲν
1702 811 2046 881 ἀφείσθωσαν
2069 830 2083 845 ·

510 893 673 963 ήμεῖς
711 893 769 946 δέ
812 893 1101 964 σκοπῶμεν
1130 894 1229 965 τὴν
1266 894 1532 947 ἀντίδοσιν
1570 893 1662 948 τοῦ
1705 895 2087 968 φιλανθρώπου

509 973 877 1030 Θεοῦ.Ἔλαϐε
901 975 1000 1044 τὴν
1024 976 1276 1047 ἀπαρχὴν
1314 976 1417 1046 τῆς
1445 976 1657 1045 φύσεως
1687 978 1787 1047 τῆς
1814 978 2089 1049 ἡμετέρας

509 1060 539 1110 0
568 1060 611 1110 Χ
619 1060 822 1129 ριστδς,
855 1062 948 1114 καὶ
996 1060 1294 1113 ἀντέδωκεν
1325 1063 1458 1131 ἡμῖν
1490 1059 1590 1113 τοῦ
1632 1061 1949 1131 Πνεύματος
1988 1062 2087 1131 τὴν

509 1142 695 1212 χάριν·
742 1144 834 1211 καὶ
858 1143 1106 1213 καθάπερ
1136 1144 1197 1196 ὲν
1224 1143 1422 1214 μακρῷ
1450 1142 1671 1214 πολέμῳ
1699 1143 1929 1212 γίνεται,
1960 1145 2087 1198 ὅταν

511 1224 659 1294 μάχη
705 1225 859 1296 λυθῇ,
904 1227 998 1279 καὶ
1042 1227 1232 1297 είρήνη
1276 1226 1523 1298 γένηται,
1565 1229 1614 1280 οἱ
1648 1227 1785 1297 πρὸς
1828 1228 2087 1299 ἀλλήλους

509 1306 761 1378 ἀπεχθῶς
805 1308 1017 1379 ἔχοντες
1062 1310 1293 1382 ἐνέχυρα
1326 1312 1421 1364 καὶ
1448 1311 1634 1380 ὅμηρα
1663 1310 1916 1381 ἀλλήλοις
1936 1313 2086 1365 ἀντι-

507 1391 735 1445 διδόασιν
759 1408 772 1429 ε
805 1392 949 1449 οὕτω
978 1394 1075 1469 και
1098 1395 1191 1447 ἐπὶ
1213 1395 1311 1449 τοῦ
1342 1393 1478 1448 Θεοῦ
1506 1395 1601 1449 καὶ
1628 1395 1721 1447 ἐπὶ
1749 1395 1849 1465 τῆς
1876 1396 2087 1467 ἀνθρωο

390 1505 394 1508 ‹
488 1474 668 1545 ’πίνης
699 1475 917 1543 ἐγένετο
954 1476 1205 1546 φύσεως·
1253 1477 1502 1548 ἐπεμψεν
1538 1477 1690 1549 αὐτῷ
1722 1479 1953 1549 ἐνέχυρα
1995 1479 2089 1539 καὶ

507 1557 692 1628 ὅμηρα
734 1558 831 1628 τὴν
859 1559 1116 1630 ἀπαρχὴν
1158 1560 1223 1632 ἡν
1252 1562 1550 1632 ἀνήνεγκεν
1579 1563 1610 1615 0
1632 1560 1864 1631 Χριστός
1886 1578 1899 1590 ·
1964 1564 2090 1616 ἀντ-

509 1641 755 1711 έπεμψεν
784 1644 915 1717 ἡμῖν
942 1644 1103 1707 αὐτὸς
1136 1644 1366 1717 ἐνέχυρα
1395 1632 1488 1700 κάλ,
1512 1647 1693 1720 ὅμηρα
1713 1646 2007 1717 τὸΠνεῦμα
2029 1646 2088 1700 τὸ

508 1725 813 1792 ἃγιον.”()τι
857 1727 914 1783 δὲ
945 1728 1174 1801 ἐνέχυρα
1207 1731 1301 1783 καὶ
1329 1731 1512 1803 ὅμηρα
1541 1732 1756 1803 ἔχομεν,
1800 1731 1957 1803 δῆλον
2004 1735 2088 1785 ἐν·

506 1806 697 1860 τεῦθεν
716 1824 730 1838 ·
765 1808 832 1862 τά
866 1809 973 1880 γὰρ
999 1812 1228 1885 ἐνέχυρα
1259 1814 1353 1866 καὶ
1380 1814 1563 1886 ὅμηρα
1597 1813 1878 1884 βασιλικοῦ
1900 1814 2087 1883 γένους

508 1888 647 1946 εἶναι
694 1895 829 1966 χρή·
880 1893 969 1948 διὰ
1017 1896 1176 1948 τοῦτο
1207 1898 1301 1949 καὶ
1335 1897 1559 1969 Πνεῦμα
1591 1898 1746 1966 ἆγιον
1779 1899 1910 1969 ἡμῖν
1937 1901 2087 1950 ’κατ-

509 1977 787 2048 επέμφθη,
822 1976 897 2040 ὠς
946 1977 1044 2047 τῆς
1094 1976 1527 2050 βασιλικωτάτης
1559 1979 1746 2043 οὐσίας
1791 1980 1849 2033 ὃν
1873 1995 1887 2011 ·
1936 1982 2029 2034 καὶ
2060 1982 2088 2033 0

509 2061 638 2132 παρ’
660 2063 792 2131 ἡμῖν
821 2060 875 2114 δὲ
907 2060 1213 2133 ἀνενεχθεὶς
1239 2063 1303 2114 ἐκ
1336 2062 1527 2130 γένους
1554 2059 1621 2133 ἦν
1649 2062 1929 2134 βασιλικοῦ
1946 2082 1958 2094 ·
1982 2065 2089 2118 ἀπὸ

508 2143 618 2214 γάρ
650 2143 741 2196 τοῦ
780 2145 1091 2215 σπέρματος
1125 2140 1191 2215 ἦν
1228 2145 1410 2198 Δαυῖδ.
1446 2146 1543 2198 Διά
1569 2146 1728 2199 τοῦτο
1765 2148 1867 2200 οὐκ
1896 2147 1975 2200 ἐτι
2006 2147 2087 2200 δέ-

507 2226 684 2291 δοικα,
716 2229 797 2281 ὅτι
834 2230 866 2296 ἡ
912 2227 1136 2298 ἀπαρχὴ
1177 2227 1337 2298 ήμῶν
1379 2228 1492 2282 ἀνω
1533 2228 1794 2299 κάθηται·
1821 2230 1911 2283 διὰ
1933 2231 2090 2283 τοῦτο

509 2309 612 2363 κᾶν
658 2310 915 2380 σκώληκά
967 2327 1059 2381 μοι
1112 2328 1195 2375 τις
1238 2311 1367 2387 εἴπῃ
1413 2311 1789 2383 ἀτελεύτητον,
1831 2313 1935 2367 κᾶν
1979 2313 2090 2384 πῦρ

509 2392 661 2465 [466]
690 2394 975 2457 ἄσϐεστον,
1011 2394 1116 2448 κᾶν
1144 2395 1338 2465 ἐτέρας
1367 2395 1621 2459 κολάσεις
1659 2398 1755 2449 καὶ
1795 2397 2087 2467 τιμωρίας,

507 2477 568 2531 οὐ
600 2477 871 2548 φοϐοῦμαι
909 2478 1093 2532 λοιπόν
1112 2494 1126 2509 ·
1176 2478 1375 2549 μᾶλλον
1413 2479 1469 2533 δέ
1516 2479 1786 2550 φοϐοῦμαι
1837 2481 1956 2551 μὲν,
1991 2481 2092 2535 οὐκ

507 2560 873 2629 ἀπογινώσκω
914 2561 973 2614 δέ
1011 2562 1110 2632 τῆς
1150 2562 1423 2632 σωτηρίας
1450 2563 1548 2632 τῆς
1577 2562 1840 2633 ἐμαυτοῦ,
1880 2564 1944 2617 Εἰ
1983 2563 2091 2635 γὰρ

512 2644 589 2716 μὴ
619 2645 829 2714 μεγάλα
852 2644 1034 2713 ἀγαθά
1060 2647 1091 2699 0
1120 2646 1252 2711 Θεὸς
1281 2647 1410 2717 περὶ
1432 2646 1526 2699 τοῦ
1548 2646 1738 2714 γένους
1758 2646 1912 2718 ήμῶν
1932 2646 2089 2701 ἐϐου-

508 2727 716 2793 λεύετο,
748 2729 848 2782 οὐκ
879 2727 947 2782 ἂν
975 2729 1073 2799 τὴν
1117 2729 1371 2800 ἀπαρχὴν
1399 2728 1555 2799 ἡμῶν
1593 2729 1781 2783 ἐλαϐεν
1810 2729 1945 2785 ἅνω.
1979 2729 2094 2801 Πρὸ

509 2809 701 2867 τούτου
749 2813 846 2884 μὲν
882 2814 962 2876 είς
989 2813 1081 2867 τὸν
1111 2813 1336 2884 οὐρανὸν
1367 2812 1655 2883 βλέποντες
1682 2813 1778 2869 καὶ
1813 2813 1913 2877 τὰς
1946 2813 2094 2866 ἀσω-

512 2892 717 2965 μάτους
766 2895 1073 2959 ἐννοοῦντες
1119 2895 1375 2967 δυνάμεις
1424 2897 1762 2967 σαφεστέραν
1802 2894 1901 2967 τὴν
1939 2894 2093 2948 εὐτέ-

512 2981 661 3037 λιιαν
707 2977 961 3050 ὁρῶμεν⁶
999 2977 1099 3049 τὴν
1143 2979 1438 3050 ἡμετέραν,
1470 2979 1578 3032 ἀπὸ
1614 2981 1713 3051 τῆς
1756 2979 2096 3052 συγκρίσεως

508 3069 621 3119 τῶν
649 3062 764 3119 ἀνω
789 3062 1073 3134 δυνάμεων
1092 3079 1105 3093 ·
1138 3064 1232 3117 νῦν
1257 3063 1314 3116 δὲ
1346 3064 1472 3117 ὅταν
1505 3062 1855 3135 βουληθῶμεν
1882 3062 1981 3133 τὴν
2005 3061 2095 3114 εὐ-

512 3147 726 3216 γένειαν
771 3145 929 3216 ήμῶν
971 3146 1120 3210 ἰδεῖν,
1159 3147 1241 3209 είς
1283 3145 1374 3199 τὸν
1404 3146 1631 3216 οὐρανὸν
1659 3147 1772 3201 άνω
1806 3144 2093 3217 βλέπομεν,

514 3231 596 3295 είς
644 3229 737 3283 τὸν
783 3229 969 3300 θρόνον
1006 3229 1171 3283 αὐτὸν
1201 3228 1290 3283 τὸν
1322 3227 1627 3299 βασιλικόν·
1660 3230 1778 3282 ἐκεῖ
1812 3227 1922 3301 γάρ
1964 3230 1998 3299 ή
2038 3227 2098 3292 ἐξ

511 3312 676 3385 ήμῶν
720 3312 943 3385 ἀπαρχὴ
988 3313 1242 3386 κάθηται.
1271 3311 1427 3367 Οῦτω
1464 3313 1560 3366 καὶ
1592 3312 1868 3366 ἐλεύσεται
1911 3315 1939 3366 ό
1970 3311 2098 3376 Υἱὸς

512 3397 608 3451 τοῦ
634 3397 770 3453 Θεοῦ
816 3399 881 3452 ἐκ
917 3396 1009 3451 τοῦ
1042 3396 1272 3470 οὐρανοῦ
1306 3397 1504 3468 κρίνων
1537 3398 1570 3467 ἡ
1581 3398 1707 3471 μᾶς.
1742 3398 2099 3467 Παρασκευα·

513 3481 738 3553 ζώμεθα
767 3480 969 3545 τοίνυν,
989 3479 1129 3535 ὥστε
1155 3479 1228 3553 μὴ
1258 3481 1356 3551 τῆς
1387 3478 1545 3551 δόξης
1573 3479 1789 3551 ἐκείνης
1819 3481 2094 3533 ἐκπεσεῖν·

512 3567 633 3637 ἥξει
661 3565 1019 3636 γὰρ“πάντως
1050 3564 1145 3618 καὶ
1181 3565 1242 3617 οὐ
1289 3566 1493 3636 χρονιεῖ
1536 3566 1565 3617 0
1610 3563 1786 3627 κοινὸς
1820 3562 1977 3633 ἡμῶν
2002 3564 2097 3614 Δε-

516 3650 753 3719 σπότης·
784 3648 903 3718 ἦξει
940 3648 1276 3719 στρατόπεδα
1318 3647 1681 3717 ἐπαγόμενος,
1718 3646 1967 3714 ἀγγέλων
2009 3646 2100 3700 τά·

514 3749 721 3802 γματα,
753 3730 1109 3802 ἀρχαγγέλων
1134 3730 1458 3801 συμμορίας,
1484 3728 1777 3802 μαρτύρων
1807 3727 2094 3799 φρατρίας,

514 3814 740 3869 δικαίων
786 3817 1001 3886 χοροὺς,
1030 3814 1324 3884 προφητῶν
1374 3814 1468 3867 καὶ
1514 3812 1826 3866 ἀποστόλων
1867 3812 2096 3881 δήμους,

515 3899 608 3951 καὶ
637 3899 694 3951 ἐν
723 3899 873 3970 μέσῳ
900 3898 1010 3952 τῶν
1040 3897 1415 3968 στρατοπέδων
1441 3897 1615 3950 ἀΰλων
1645 3895 1866 3948 ἐκείνων
1887 3897 1916 3948 0
1940 3894 2101 3964 βασιδ

513 3984 640 4046 λεὺς
664 3981 987 4053 φαινόμενος
1020 3984 1077 4035 ἐν
1105 3983 1333 4054 ἀρρήτῳ
1362 3980 1467 4035 τινὶ
1496 3979 1591 4033 καὶ
1621 3977 1886 4048 ἀφράστῳ
1913 3975 2060 4050 δόξῃ.

588 4073 661 4130 ς’.
683 4065 867 4120 Πάντα
897 4065 1075 4117 τοίνυν
1098 4062 1362 4134 ποιῶμεν,
1392 4061 1536 4115 ὥστε
1561 4060 1637 4132 μὴ
1654 4060 1754 4130 τῆς
1777 4058 1935 4129 δόξης
1961 4058 2099 4112 ἐκεί.

515 4165 614 4220 νης
635 4151 907 4202 ἐκπεσεῖν.
938 4145 1199 4205 Βούλεσθε
1230 4148 1370 4201 εἴπω
1397 4144 1494 4199 καὶ¹
1517 4144 1584 4198 τὰ
1613 4143 1854 4215 φοϐερὰς
1880 4145 1980 4213 οὺχ
2012 4143 2099 4197 ἵνα

513 4233 761 4305 λυπήσω,
791 4232 904 4293 ἀλλ’
937 4231 1025 4287 ἵνα
1050 4229 1449 4302 διορθώσωμαι.
1482 4228 1616 4283 Τότε
1657 4226 1827 4297 πυρὸς
1855 4226 2101 4296 ποταμὸς

517 4319 625 4392 πρὸ
664 4317 759 4371 τοῦ
797 4317 1038 4388 βήματος
1070 4315 1277 4369 ἐκείνου
1315 4314 1568 4385 σύρεται·
1598 4311 1720 4366 τότε
1750 4309 1922 4381 βίϐλοι
1949 4309 2097 4363 ἀνοί-

516 4419 732 4470 γονται·
761 4401 1110 4470 δικαστήριον
1139 4397 1270 4468 ἔστη
1301 4395 1531 4468 φοϐερὸν
1565 4396 1658 4448 καὶ
1689 4392 1975 4466 φρικῶδες.
1998 4395 2099 4447 Διά.

514 4485 964 4555 τοῦτολκαθάπερ
1007 4486 1064 4537 ἐν
1107 4480 1442 4551 δικαστηρίῳ
1472 4479 1539 4532 τὰ
1580 4478 1952 4548 ὑπομνήματα
2002 4477 2097 4546 τῆς

514 4570 791 4641 ἡμετέρας
830 4568 975 4640 ζωῆς
1007 4565 1459 4635 ἀναγινώσκεται,
1492 4562 1586 4617 καὶ
1626 4561 1795 4614 πολλὰ
1832 4560 1958 4632 περὶ
1991 4558 2096 4612 τῶν

519 4653 736 4723 βιϐλίων
755 4653 959 4707 τούτων
980 4651 1144 4721 φασὶν
1166 4653 1215 4704 οἱ
1242 4648 1535 4720 προφῆται.
1561 4646 1669 4698 Καὶ
1687 4647 1715 4698 0
1739 4643 1836 4716 μὲν
1858 4642 2098 4712 Μωῦσῆς

517 4754 681 4807 φησιν
700 4754 714 4783 ·
752 4740 823 4792 El
850 4735 966 4805 μὲν
999 4733 1162 4807 ἀφῇς
1187 4732 1389 4797 αὐτοῖς
1417 4730 1532 4797 τὴν
1568 4729 1880 4807 ἁμαρτίαν,
1911 4725 2058 4794 ἄφες
2081 4740 2096 4754 ·

517 4805 570 4879 σί
583 4805 656 4877 δὲ
671 4819 781 4890 μὴ,
801 4819 952 4888 κάμὲ
975 4806 1303 4884 ἐξάλειψον
1323 4815 1392 4868 ἐκ
1424 4813 1534 4881 τῆς
1556 4812 1798 4876 βίϐλου,
1828 4805 1904 4879 ἧς
1925 4809 2098 4877 ἐγρα-

517 4907 672 4975 ψας·
706 4905 735 4956 0
770 4903 827 4957 δὲ
858 4901 1091 4973 Χριστὸς
1117 4899 1277 4953 πάλιν
1310 4896 1446 4967 πρὸς
1466 4896 1592 4957 τοὺς
1627 4892 1873 4965 μαθητὰς
1892 4891 2094 4958 ἐλεγεν·

531 4990 627 5045 Ἐν
664 4988 852 5051 τούτῳ
872 4987 958 5057 μὴ
992 4984 1247 5056 χαίρετε,
1283 4981 1370 5034 ὅτι
1393 4978 1465 5033 τὰ
1494 4978 1769 5051 δαιμόνια
1796 4976 1938 5045 ὑμῖν
1962 4978 2100 5028 ὐπο-

518 5071 835 5126 τάσσεται·
876 5070 1112 5140 χαίρετε
1163 5067 1231 5121 δὲ
1267 5065 1356 5119 ὅτι
1389 5063 1460 5117 τὰ
1492 5063 1755 5130 ὀνόματα
1795 5058 1963 5129 ὑμῶν
2002 5057 2098 5126 τέ-

518 5171 771 5226 τραπται
804 5154 874 5207 ἐν
916 5153 1042 5219 τοῖς
1076 5148 1388 5221 οὐρανοῖς·
1425 5147 1518 5200 καὶ
1556 5144 1717 5199 πάλιν
1748 5143 1776 5196 ό
1815 5143 2101 5214 προφήτης

518 5239 707 5299 Δαυΐδ⁸
756 5237 860 5293 Ἐν
892 5236 973 5303 τῷ
998 5234 1216 5302 ,βιϐλίῳ
1252 5248 1369 5287 σου
1415 5228 1638 5294 πάντες
1665 5226 2098 5296 τραφήσονται,

518 5322 732 5402 ἡμέραι
767 5317 1253 5402 πλησθήσονται,
1284 5315 1382 5402 καί
1420 5312 1618 5402 οῦδείς
1643 5308 1948 5402 ,ὲν-,αὐτοῖς
1967 5324 1981 5340 ·
2008 5308 2102 5402 καλ.

520 5392 715 5460 πάλιν·
763 5400 1325 5471 Ἐξαλειφθήτωσαν
1347 5398 1415 5451 ἐκ
1443 5396 1685 5460 ,ϐιϐλίου
1710 5394 1960 5455 ζώντων,
2000 5392 2099 5449 καὶ

517 5490 665 5557 μετὰ
686 5488 931 5541 δικαίων
951 5486 1034 5554 μὴ
1071 5474 1489 5553 τραφήτωσαν.
1508 5478 1669 5547 Ὁρᾷς
1688 5477 1771 5530 ὃτι
1805 5477 1855 5527 οἱ
1888 5475 1985 5545 μὲν
2011 5473 2098 5538 ἐξ·

520 5571 853 5639 ἀλείφονται,
904 5572 952 5623 οἱ
994 5569 1049 5621 δὲ
1089 5566 1483 5639 ἐγγράφονταις
1534 5560 1710 5632 βούλει
1761 5558 1970 5630 μαθεῖν,
2020 5557 2102 5609 ὅτι

582 5701 607 5720 '
632 5690 785 5761 Ῥέη-ιε
808 5686 1049 5761 ιωρῶμει.
1074 5696 1227 5761 Savil,
1252 5692 1303 5747 fn
1331 5706 1486 5761 πετριε.

587 5760 613 5790 ⁸
778 5748 1126 5820 οοτιτιεὲοόιιιιι
1162 5758 1281 5819 fuit,
1322 5748 1513 5808 οάἰιιῖω
1558 5752 1691 5802 enim
1733 5750 1891 5799 fuerat
1943 5748 2089 5811 μείζο·

520 5833 611 5873 νος.
638 5833 770 5866 nam
2026 5848 2029 5849 ν

1262 370 1319 423 S.
1360 369 1649 424 JOANNIS
1684 369 2173 427 ClIHYSOSTOMI
2211 371 2535 430 ARCHIEP.
2576 372 3125 429 CONSTANTI‘AOI‘.

3663 383 3774 434 ιοιι

2191 483 2289 554 οὐχ
2330 487 2378 539 οί
2409 485 2606 538 δίκαιοι
2650 485 3018 555 ἐγγράφονται
3057 487 3113 538 ἐν
3147 486 3265 547 ταῖς
3301 484 3501 555 βίϐλοις
3530 489 3771 556 ἐκείναις

2191 572 2371 642 μόνον,
2407 572 2544 626 ἀλλὰ
2576 572 2670 625 καὶ
2702 573 2769 627 τά
2794 573 3168 645 ἁμαρτήματα
3190 573 3343 643 ήμῶν
3366 575 3481 627 ἐκεῖ
3505 576 3772 649 ἐγγέγρα.

2189 674 2354 723 πται;
2393 659 2615 730 Ἐορτῆς
2663 659 2874 730 καιρὸς,
2929 660 3191 731 μάθωμεν
3237 662 3367 733 περὶ
3424 665 3774 736 πραγμάτων

2188 745 2498 817 δυναμένων
2525 746 2832 812 ἀπαλλάξαι
2862 749 3011 818 ήμᾶς
3036 749 3135 818 τῆς
3165 749 3439 813 κολάσεως
3455 769 3469 782 ·
3492 752 3725 825 φοϐερὸς
3741 755 3775 807 0

2187 834 2364 899 λόγος,
2398 834 2532 887 ἀλλά
2567 836 2660 889 καὶ
2689 836 2954 906 χρήσιμος
2980 838 3072 891 καὶ
3094 837 3376 909 λυσιτελής
3393 855 3407 868 ·
3435 839 3772 895 ἀπαλλάττει

2187 922 2297 989 γάρ
2329 922 2425 991 τῆς
2452 921 2644 992 πείρας
2680 922 2783 992 τῆς
2822 923 2911 977 διὰ
2954 923 3060 978 τῶν
3103 925 3442 995 πραγμάτων
3462 943 3477 957 ·
3506 927 3773 998 μάθωμεν

2187 1010 2364 1063 τοίνυν
2392 1011 2473 1063 ὄτι
2504 1013 2572 1066 τὰ
2598 1012 2974 1081 ἁμαρτήματα
3022 1012 3381 1083 ἐγγράφεται,
3407 1016 3501 1068 καὶ
3526 1016 3667 1088 ὅπερ
3702 1016 3773 1071 ἂν

2189 1096 2422 1153 ἐνταῦθα
2472 1097 2854 1169 φθεγξώμεθα.
2896 1100 3226 1171 ἀναφέρεται
3260 1101 3463 1166 εὐθέως
3513 1106 3629 1158 ἐκεῖ
3674 1105 3777 1160 καὶ

2188 1184 2544 1255 ἐγγράφεται.
2568 1185 2678 1240 Καὶ
2712 1186 2877 1240 πόθεν
2902 1186 3061 1257 δῆλον
3084 1187 3241 1242 τοῦτο
3264 1204 3277 1253 ;
3303 1189 3365 1242 οὐ
3394 1190 3505 1261 γάρ
3527 1190 3607 1244 δεῖ
3627 1192 3776 1264 ὑπὲρ

2189 1272 2294 1324 τῶν
2327 1272 2581 1327 τοιούτων
2624 1272 2808 1337 ἁπλῶς
2833 1274 3248 1343 ἀποφαίνεσθαι.
3268 1277 3327 1329 '0
3358 1277 3598 1348 Μιχαίας
3633 1280 3774 1351 φησὶ

2192 1359 2328 1429 πρὸς
2359 1360 2644 1423 Ἰουδαίους
2662 1377 2677 1392 ·
2708 1362 2853 1415 οὐαὶ
2873 1365 2926 1414 οί
2942 1362 3385 1431 παροξύνοντες
3399 1366 3506 1418 τὸν
3525 1364 3769 1433 Κύριον.

2191 1448 2296 1500 Καὶ
2326 1446 2472 1513 πῶς,
2505 1450 2657 1519 φησὶ,
2691 1450 3125 1519 παρωξύναμεν
3157 1453 3378 1517 αὐτόν;
3416 1453 3511 1506 Ἑν
3553 1452 3632 1517 τῷ
3667 1454 3773 1509 λέο

2189 1553 2317 1605 τείν
2362 1535 2538 1606 ὑμᾶς,
2588 1536 2713 1602 Πᾶς
2756 1536 2943 1592 ποιῶν
2990 1540 3256 1607 πονηρόν
3288 1539 3478 1605 καλὸς
3514 1541 3774 1597 ἐνώπιον

2189 1627 2437 1695 Κιιρίου.
2477 1628 2715 1681 Οίκετῶν
2746 1629 3074 1700 ἀγνωμόνων
3114 1630 3336 1702 ῥήματα
3354 1648 3369 1664 ·
3394 1633 3487 1686 καὶ
3510 1633 3567 1686 ἐν
3588 1632 3775 1698 αὐτοῖς

2190 1716 2353 1781 αὐτὸς
2395 1717 2719 1788 εὐδόκησεν·
2764 1719 2822 1771 ἐν
2869 1721 2982 1781 τοῖς
3014 1716 3450 1789 διεφθαρμένοις,
3489 1722 3674 1792 φησὶν,
3714 1724 3775 1777 ἐν

2188 1805 2302 1867 τοῖς
2344 1804 2420 1875 μὴ
2448 1804 2844 1859 δεδουλευκόσιν
2891 1805 3058 1876 αὐτῷ.
3077 1805 3234 1861 Ἰδοὺ
3273 1807 3444 1876 ἡμεῖς
3474 1808 3776 1878 ἐφυλάξα-

2184 1912 2301 1964 μεν
2330 1896 2401 1949 τὰ
2435 1894 2793 1965 φυλάγματα
2815 1895 3023 1962 αὐτοῦ,
3049 1894 3149 1949 καί
3167 1897 3564 1968 μακαρίζομεν
3589 1899 3777 1955 ἄλλο·

2190 1985 2420 2052 τρίους·
2453 1986 2615 2054 ἡμεῖς
2660 1984 2791 2055 γὰρ,
2822 1985 2974 2055 φησὶ,
3003 1983 3121 2039 καθ’
3142 1986 3379 2057 ἑκάστην
3423 1985 3773 2057 δουλεύομεν,

2194 2071 2343 2144 [067]
2390 2074 2484 2126 καὶ
2529 2072 2705 2142 ἕτεροι
2750 2073 2857 2126 τῶν
2898 2072 3119 2141 ἀγαθῶν
3151 2073 3503 2129 ἀπολαύουσι.
3536 2074 3778 2130 Τοιαῦτα

2192 2164 2285 2217 καὶ
2307 2162 2480 2215 δοῦλοι
2510 2162 2767 2227 πολλάκις
2788 2162 3041 2234 περὶτῶν
3058 2162 3333 2217 δεσποτῶν
3352 2164 3599 2232 λέγουσιν
3617 2180 3631 2193 ·
3655 2163 3776 2218 ἀλλ’

2192 2251 2474 2319 ἄνθρωπον
2508 2251 2607 2321 μὲν
2632 2252 2759 2319 περὶ
2789 2251 3076 2321 ἀνθρώπου
3095 2251 3273 2320 λέγειν
3299 2250 3494 2314 ταῦτα,
3513 2254 3611 2322 οὺχ
3631 2253 3779 2306 οὕτω

2192 2337 2384 2401 δεινὸν,
2423 2337 2625 2409 καίπερ
2666 2338 2728 2391 δν
2770 2339 2945 2392 δεινόν
2964 2354 2978 2367 ·
3012 2340 3073 2393 τὸ
3105 2340 3163 2393 δὲ
3191 2341 3320 2412 περὶ
3346 2339 3441 2392 τοῦ
3469 2340 3650 2395 κοινοῦ
3676 2341 3779 2411 τῆς

2192 2427 2516 2497 οἰκουμένης
2565 2428 2834 2481 Δεσπότου
2881 2426 3057 2482 ταῦτα
3107 2426 3467 2497 φθέγγεσθαι,
3502 2428 3776 2482 Δεσπότου

2192 2515 2285 2570 τοῦ
2329 2517 2616 2589 ἐλεήμονος
2657 2520 2751 2570 καλ⁵
2796 2516 3201 2589 φιλανθρώπου,
3237 2517 3419 2589 πάσης
3445 2517 3511 2571 ἂν
3540 2519 3624 2589 εἴη
3660 2522 3780 2586 μεῖο

2195 2604 2328 2669 ξονι
2376 2605 2674 2675 καταδίκης
2716 2606 2811 2659 καὶ
2859 2609 2959 2677 τῆς
3001 2607 3236 2677 ἐσχάτης
3282 2605 3432 2670 ἄξιον
3482 2607 3774 2678 τιμωρίας.

2206 2692 2344 2746 Ἀλλ’
2364 2693 2451 2747 ἵνα
2482 2693 2681 2765 μάθῃς,
2709 2694 2791 2747 ὅτι
2822 2694 3161 2764 ἐγγράφεται
3185 2693 3253 2746 τὰ
3274 2693 3499 2747 τοιαῦτα
3531 2695 3775 2765 ῥήματα,

2193 2782 2425 2836 ἄκουσον
2455 2780 2507 2834 τί
2548 2799 2711 2852 φησιν
2748 2782 2776 2833 0
2820 2783 3135 2855 προφήτης·
3174 2781 3330 2836 Ἰδοὺ
3378 2781 3566 2836 ταῦτα
3614 2782 3780 2852 ἐγγέ-

2194 2884 2446 2938 ῃοαπται
2499 2869 2569 2923 ἐν
2612 2870 2808 2936 ,βίϐλῳ
2853 2868 3082 2929 ζώντων
3131 2872 3219 2935 εὶς
3252 2870 3650 2940 μνημόσυνον
3687 2870 3781 2922 ἐν·

2193 2957 2382 3012 ώπιον
2409 2958 2516 3012 τοῦ
2549 2958 2718 3012 Θεοῦ.
2737 2957 3107 3029 Ἐγγράφεται
3143 2957 3219 3021 δὲ,
3250 2958 3351 3011 οὐκ
3379 2958 3566 3029 ἐπειδὴ
3593 2959 3619 3011 ὁ
3646 2957 3779 3021 Θεὸς

2195 3046 2482 3118 ἀναμνήσῃ
2516 3045 2614 3117 τήν
2646 3046 2884 3117 ἡμέραν,
2911 3044 3099 3118 ὥσπερ
3128 3045 3346 3118 ἐλεγχόν
3382 3062 3505 3101 τινα
3528 3040 3620 3100 καλ⁸
3654 3053 3780 3098 κατι

2194 3137 2424 3208 ηγορίαν
2476 3138 2556 3200 είς
2608 3135 2772 3207 μέσον
2823 3137 3087 3207 παράγων
3125 3136 3186 3190 τὸ
3222 3135 3442 3207 βιϐλίον.
3474 3136 3626 3206 Τάχα
3656 3153 3782 3190 κατ-

2197 3223 2383 3278 ἐσεισα
2414 3225 2566 3295 ὑμῶν
2598 3224 2694 3296 τὴν
2722 3223 2957 3278 διάνοιαν
2984 3225 3063 3294 τῷ
3094 3223 3276 3296 φόϐῳ·
3309 3224 3430 3295 ούχὶ
3467 3222 3567 3294 τὴν
3592 3223 3784 3294 ὑμετέ-

2201 3328 2320 3383 ραν,
2351 3312 2490 3365 άλλὰ
2519 3313 2619 3383 τὴν
2663 3311 2902 3382 ἐμαυτοῦ
2937 3311 3219 3382 πρότερον.
3257 3310 3394 3383 Φέρε
3425 3308 3518 3365 οῦν
3568 3310 3783 3365 ἐν’-λύσω

2198 3399 2288 3452 τὸν
2317 3397 2496 3466 λόγον,
2537 3398 2736 3468 μᾶλλον
2757 3398 2813 3452 δέ
2838 3397 2932 3451 τὸν
2965 3397 3127 3466 φόϐον
3147 3415 3159 3427 ’
3191 3396 3390 3469 μᾶλλον
3415 3397 3474 3453 δέ
3498 3399 3598 3453 οὐκ
3622 3398 3785 3453 ἐκλύ-

2201 3503 2313 3552 σω,
2355 3485 2491 3539 ἀλλὰ
2534 3487 3033 3556 παραμυθήσομαι·
3088 3486 3296 3556 μενέτω
3343 3485 3451 3555 γὰρ
3502 3486 3793 3558 καθαίρων

2199 3573 2297 3645 τὴν
2330 3573 2567 3629 διάνοιαν
2610 3575 2794 3644 ὑμῶν·
2832 3571 2892 3625 τὸ
2918 3572 2976 3626 δὲ
3003 3572 3276 3643 ἀφόρητον
3314 3570 3480 3625 αὑτοῦ
3525 3570 3784 3643 περιέλω-

2202 3681 2325 3734 μεν.
2366 3662 2491 3723 Πῶς
2522 3658 2615 3716 οὖν
2645 3661 2806 3715 αὐτὸν
2831 3661 3173 3733 δυνησόμεθα
3206 3661 3511 3732 περιελεῖν;
3545 3664 3642 3714 “Av
3675 3661 3784 3714 δεί-

2199 3750 2400 3821 ξωμεν,
2432 3751 2517 3803 ὅτι
2550 3750 2650 3803 οὐκ
2680 3749 3016 3820 ἐγγράφεται
3064 3750 3243 3822 μόνον,
3271 3747 3407 3802 ἀλλά
3438 3749 3533 3803 καὶ
3574 3748 3783 3813 ἐξαλεί-

2200 3854 2361 3907 φεται
2392 3839 2790 3910 ἁμαρτήματα.
2808 3839 2896 3891 Ἑν
2926 3837 3258 3908 δικαστηρίῳ
3279 3837 3388 3908 γὰρ
3411 3836 3556 3908 άπερ
3584 3835 3652 3889 ἂν
3690 3828 3789 3887 ἐπὶ

2201 3926 2609 3997 ὑπομνημάτων
2664 3926 2695 3976 0
2752 3924 3104 3996 δικαζόμενος
3165 3924 3501 3995 φθέγξηται,
3565 3924 3789 3986 πάντως

2199 4015 2535 4086 ἐγγράφεται
2573 4013 2856 4085 διηνεκῶς,
2887 4013 2980 4066 καὶ
3012 4012 3394 4083 ἐξαλειφθῆναι
3425 4013 3526 4065 οὐκ
3556 4011 3634 4064 ἐνι
3666 4010 3785 4063 λοις

2201 4105 2328 4156 πόν·
2359 4104 2416 4154 ἐν
2442 4102 2634 4173 ἐκείνῳ
2656 4101 2713 4154 δέ
2732 4100 2809 4172 τῷ
2833 4100 3019 4171 βιϐλίῳ
3044 4100 3147 4154 κᾶν
3173 4099 3380 4171 φθέγξῃ
3405 4104 3528 4153 τινὰ
3547 4099 3781 4170 πονηρὰ,

2201 4191 2297 4245 καὶ
2327 4190 2613 4263 βουληθῇς,
2643 4192 2802 4245 πάλιν
2834 4190 3197 4260 ἐξαλείφεται.
3228 4188 3400 4241 Πόθεν
3426 4188 3614 4259 δῆλον;
3649 4187 3786 4241 Ἀπὸ

2198 4279 2298 4350 τῆς
2350 4276 2602 4349 Γραφῆς·
2641 4279 3056 4346 Ἀπόστρεψον
3089 4278 3219 4351 γὰρ,
3271 4278 3426 4347 φησὶ,
3474 4277 3541 4329 τὸ
3595 4277 3781 4344 πρόσ-·

2200 4366 2365 4418 (ude
2396 4380 2511 4418 σου
2537 4364 2656 4419 ἀπὸ
2690 4362 2806 4417 τῶν
2836 4362 3134 4432 ἁμαρτιῶν
3156 4382 3297 4434 μου,
3324 4364 3421 4417 καὶ
3450 4363 3652 4429 πάσας
3678 4362 3786 4429 τὰς

2200 4452 2452 4521 ἀνομίας
2474 4469 2593 4520 μου
2631 4450 2977 4520 ἐξάλειψον.
3007 4452 3194 4515 Οὐδεὶς
3219 4453 3275 4505 δὲ
3310 4451 3579 4521 ἐξαλείψει
3612 4452 3673 4503 τὸ
3706 4452 3784 4523 μὴ

2201 4540 2620 4611 γεγραμμένον·
2647 4539 2787 4592 ὥστε
2819 4540 3005 4611 ἐπειδὴ
3034 4541 3459 4612 ἐγγεγραμμένα
3489 4535 3649 4611 ἦσαν,
3684 4558 3790 4593 πα-

2207 4630 2431 4700 ρακαλεί
2472 4627 2869 4697 ἐξαλειφθῆναι.
2902 4627 3151 4680 Διδάσκει
3185 4626 3241 4679 δὲ
3271 4628 3366 4680 καὶ
3416 4627 3532 4689 πῶς
3577 4625 3788 4690 ἐξαλεί-

2202 4739 2393 4792 φονται
2438 4720 2625 4790 ἕτερός
2666 4737 2749 4782 τις
2801 4718 3006 4787 λέγων·
3044 4717 3511 4784 Ἐλεημοσύναις
3554 4716 3647 4768 καὶ
3696 4713 3794 4765 πί.

2201 4826 2416 4865 στεσιν
2446 4808 2949 4876 ἀποκαθαίρονται
2979 4809 3037 4859 αὶ
3070 4806 3368 4874 ἁμαρτίαι.
3401 4803 3535 4873 Οὐχὶ
3576 4800 3789 4865 ἐξαλεί-

2203 4916 2391 4969 φονται
2426 4898 2605 4968 μόνον,
2641 4896 2777 4949 ἀλλὰ
2817 4895 2911 4948 καὶ
2948 4891 3430 4963 ἀποκαθαίρονται,
3456 4891 3596 4944 ὥστε
3649 4888 3786 4958 μηδέ

2201 4982 2452 5051 λείψανον
2497 4982 2675 5051 μένειν
2708 4979 2805 5048 τῆς
2843 4977 3090 5047 ἀλοιφῆς.
3123 4977 3198 5028 Οὐ
3228 4974 3298 5031 τὰ
3325 4973 3460 5045 μετὰ
3493 4974 3554 5027 τὸ
3590 4974 3785 5043 βάπτιτ

2206 5083 2319 5135 σμα
2350 5063 2407 5117 δὲ
2443 5062 2787 5132 ἐξαλείφεται
2822 5063 3000 5133 μόνον,
3034 5059 3169 5113 ἀλλὰ
3200 5061 3294 5112 καὶ
3334 5058 3370 5111 δι
3410 5058 3516 5128 πρὸ
3542 5056 3636 5110 τοῦ
3667 5054 3788 5108 λου-

2200 5146 2331 5219 τροῦ
2361 5149 2708 5218 ὲγγέγραπτο
2729 5144 3021 5217 ἐξηλείφθη
3050 5143 3226 5197 πάντα
3253 5145 3434 5196 ἐκεῖνα
3463 5141 3540 5211 τῷ
3568 5139 3659 5192 τοῦ
3688 5138 3787 5209 βα-

2205 5234 2506 5304 πτίσματος
2529 5232 2681 5286 ῦδατι
2708 5231 2802 5283 καὶ
2830 5228 2908 5298 τῷ
2938 5228 3196 5300 σταυρῷιι
3231 5226 3324 5281 τοῦ
3343 5224 3600 5297 Χριστοῦ,
3622 5221 3790 5277 καθά-

2204 5335 2311 5389 περ
2361 5315 2568 5378 nam;
2616 5331 2802 5385 φησιν,
2834 5315 2916 5366 ὅτι
2955 5313 3310 5378 Ἐξαλείψας
3348 5310 3415 5363 τὸ
3454 5310 3582 5361 καθ’
3615 5304 3787 5389 ἡμῶν

2204 5387 2617 5476 χειρόγραφον,
2654 5401 2684 5454 ὂ
2713 5397 2792 5471 ἦν
2819 5398 3095 5452 ἐναντίον
3112 5395 3313 5475 Ϊιμῶν,
3345 5394 3441 5448 καὶ
3471 5391 3616 5476 alyn)
3638 5387 3787 5476 ιζοεν

2203 5470 2507 5557 ἒκνμόοοὺ
2545 5470 2950 5554 προσηλώσας
2984 5470 3129 5534 αὐτὸ
3179 5475 3257 5543 τῷ
3310 5474 3569 5545 σταυρῷ.
3631 5470 3785 5537 Εἶδες

2207 5576 2321 5638 πῶς
2359 5572 2647 5643 ἐξηλείφθη
2681 5572 2740 5623 τὸ
2782 5568 3141 5639 χειρόγραφον
3176 5564 3382 5627 ἐκεῖνο;
3430 5561 3524 5614 καὶ
3556 5560 3655 5613 οὐκ
3695 5558 3785 5643 ὲξῗ

2204 5641 2449 5732 ηλείφθη-
2484 5659 2662 5728 μόνον,
2698 5656 2834 5723 ἀλλὰ
2882 5655 2974 5707 καὶ
3022 5652 3303 5723 διερράγη,
3351 5649 3458 5702 τῶν
3502 5646 3647 5719 ἥλων
3686 5641 3783 5699 τοῦ

2268 5800 2299 5841 ι’
2326 5802 2446 5863 Reg.
2474 5799 2519 5860 1,
2539 5799 2619 5846 καὶ
2643 5798 2712 5860 τῷ
2736 5794 2820 5845 τοῦ
2847 5792 3067 5857 σταυροῦ.
