4130 6472
291 406 385 463 461
1284 405 1369 463 DE
1409 406 1672 465 SANCTA
1715 406 2175 465 PENTECOSTE.
2220 409 2446 468 llOMIL.
2490 413 2531 469 Ι.

289 524 464 596 gloria
488 522 661 598 (Psat.
691 522 783 578 25.
804 523 863 591 'l)
895 539 908 575 :
944 520 1188 577 homines
1224 537 1351 578 vero
1377 522 1787 578 descendentem
1808 521 1874 576 ad
1906 552 1909 557 ‹

294 631 392 672 nos
437 617 666 686 Spiritus
717 616 938 686 gratiam
992 614 1236 671 videntes
1297 615 1481 669 dicunt
1527 615 1705 669 ebrios
1762 627 1884 669 esse

291 708 383 778 qui
434 709 659 778 gratiam
705 716 1039 775 receperunt,
1079 715 1132 759 et
1174 721 1242 761 ne
1268 707 1390 760 anni
1439 705 1654 774 quidem
1684 714 1886 772 tempe-

291 810 403 854 stas
446 814 539 853 eos
569 799 852 868 repressit;
894 813 1015 852 nam
1051 798 1192 852 veris
1226 808 1466 868 tempore
1495 797 1716 868 reperiri
1769 813 1886 851 mu-

293 900 436 945 stum
484 888 703 943 minime
745 897 918 957 potest
949 907 962 942 :
991 889 1133 957 atqui
1175 898 1286 942 tum
1337 902 1433 943 ver
1496 896 1629 942 emt.
1686 887 1883 940 Verum

291 983 366 1037 illi
423 981 638 1052 quidem
679 981 1066 1051 relinquantur,
1095 995 1193 1036 nos
1237 991 1413 1035 autem
1444 978 1658 1050 benigni
1686 980 1776 1033 Dei
1799 994 1886 1033 rc—

293 1077 635 1132 tribationem
682 1074 1105 1131 consideremus.
1154 1074 1375 1143 Accepit
1412 1070 1655 1128 Christus
1696 1072 1885 1142 primi-

293 1168 398 1223 tias
451 1176 655 1222 natura:
698 1174 916 1232 nostrae,
970 1180 1034 1220 ac
1078 1164 1311 1235 Spiritus
1348 1165 1571 1234 gratiam
1604 1163 1757 1216 nobis
1802 1177 1887 1215 rc-

294 1258 477 1312 tribuit
503 1273 517 1309 :
545 1266 600 1311 et
623 1254 1068 1327 quemadmodum
1101 1255 1258 1324 longo
1298 1255 1350 1308 in
1381 1253 1521 1308 bello
1549 1253 1625 1319 lit,
1655 1266 1777 1306 cum
1800 1251 1887 1305 di-

295 1359 499 1420 rempta
525 1363 698 1419 pugna
726 1348 903 1413 fuerit,
934 1357 990 1403 et
1009 1345 1249 1402 confecta
1276 1350 1397 1416 pax,
1428 1345 1518 1416 qui
1540 1345 1638 1400 sibi
1660 1344 1885 1398 invicem

296 1444 488 1499 infensi
545 1452 717 1507 erant,
749 1443 966 1512 pignora
1013 1448 1198 1494 mutuo
1247 1438 1347 1494 sibi
1389 1437 1518 1493 dant
1553 1445 1602 1492 et
1639 1436 1884 1491 obsides:

297 1536 375 1590 sic
422 1543 478 1589 et
533 1534 669 1589 inter
724 1533 887 1588 Deum
933 1540 988 1587 et
1054 1540 1294 1585 naturam
1330 1529 1508 1585 evenit
1558 1528 1884 1582 humanam:

299 1641 396 1696 pro
441 1624 749 1701 pignoribus
778 1633 833 1680 et
863 1623 1134 1679 obsidibus
1163 1623 1275 1692 ipsa
1303 1622 1561 1692 primitias
1586 1620 1730 1675 misit
1756 1634 1887 1690 quas

300 1718 353 1771 in
390 1717 578 1771 caelum
624 1716 744 1769 tulit
798 1714 1038 1770 Chrisms
1071 1731 1085 1767 :
1114 1714 1265 1768 nobis
1323 1713 1410 1767 ille
1465 1710 1724 1781 Spiritum
1758 1725 1885 1766 sau-

297 1818 441 1863 ctum
492 1807 728 1878 pignoris
780 1813 833 1860 et
878 1805 1079 1861 obsidis
1130 1805 1249 1859 loco
1307 1803 1530 1858 remisit.
1583 1802 1750 1857 Porro
1788 1815 1887 1854 nos

300 1901 521 1970 pignora
568 1906 623 1953 et
669 1895 884 1953 obsides
909 1896 1105 1952 habere
1156 1896 1280 1951 hinc
1319 1894 1665 1964 liquet:nam
1694 1909 1762 1948 ex
1790 1896 1911 1962 εει-ξ

298 2005 431 2045 nere
470 1989 619 2061 regio
674 1989 892 2058 pignora
936 1996 990 2043 et
1035 1987 1248 2043 obsides
1318 2000 1439 2042 esse
1495 1994 1736 2054 oportet;
1803 1984 1887 2038 id-

299 2082 445 2135 circo
489 2081 649 2134 etiam
692 2080 923 2149 Spiritus
972 2084 1187 2133 sanctus
1212 2076 1277 2131 ad
1331 2091 1428 2131 nos
1469 2076 1662 2130 missus
1691 2084 1792 2139 est,
1832 2083 1913 2128 ιιι·

299 2171 387 2240 qui
444 2170 676 2225 maxime
729 2169 872 2239 regia
936 2168 1006 2223 sit
1062 2169 1389 2231 substantia,
1442 2165 1886 2236 quemadmodum

301 2270 355 2315 et
394 2262 543 2330 quia
574 2260 728 2315 nobis
780 2274 990 2314 sursum
1036 2267 1254 2314 evectus
1294 2267 1377 2313 est
1430 2253 1507 2312 ex’
1544 2271 1739 2326 genere
1792 2255 1890 2309 fuit

303 2360 454 2405 ortus
502 2350 683 2420 regio,
738 2351 932 2420 quippe
983 2349 1071 2419 qui
1123 2348 1342 2403 Davidis
1370 2356 1515 2403 esset
1555 2363 1624 2402 ex
1662 2346 1886 2402 semine.

305 2442 659 2511 Quamobrem
702 2457 808 2496 non
848 2442 1076 2512 amplius
1102 2437 1887 2512 pertimesco,quandoquidem

303 2551 512 2591 sursum
544 2518 789 2605 primitite
812 2542 1007 2589 nostrze
1035 2534 1222 2589 sedent
1253 2550 1266 2586 :
1298 2532 1498 2588 idcirco
1522 2531 1646 2586 licet
1668 2532 1889 2584 immor-

305 2628 463 2683 talem
509 2627 637 2681 mihi
686 2642 926 2681 vermem
955 2626 1208 2695 obiicias,
1261 2626 1388 2680 licet
1430 2625 1605 2696 ignem
1635 2623 1892 2678 iuexstin-

303 2729 466 2781 etum.
520 2719 647 2775 licet
702 2719 839 2775 alias
884 2733 1069 2789 poenas
1097 2733 1160 2773 ac
1186 2718 1465 2788 supplicia,
1511 2733 1617 2772 non
1663 2716 1891 2787 amplius

304 2810 638 2866 reformido:
696 2811 804 2865 imo
829 2825 960 2866 vero
1007 2808 1297 2865 reformido
1343 2808 1625 2879 equidem,
1678 2822 1894 2861 verum-

305 2912 484 2958 tamen
514 2902 583 2957 de
608 2903 779 2957 salute
820 2917 937 2957 mea
965 2918 1073 2956 non
1102 2902 1348 2972 despero.
1371 2901 1484 2957 Nisi
1526 2900 1673 2956 enim
1701 2914 1891 2970 magna

307 2994 357 3048 in
401 3009 571 3064 genus
631 3004 872 3049 nostrum
926 3008 1221 3063 congerere
1250 2995 1387 3049 bona
1430 2994 1703 3048 statuisset
1729 2991 1889 3057 Deus,

311 3086 573 3154 primitias
616 3097 824 3141 nostras
862 3100 1075 3141 sursum
1132 3100 1239 3140 non
1281 3084 1680 3153 assumpsisset.
1723 3084 1891 3137 Antea

306 3176 523 3245 quidem
576 3191 674 3231 nos
720 3177 1070 3247 suspicientes
1099 3176 1152 3231 in
1191 3176 1401 3242 caelum,
1455 3176 1797 3245 incorporeas
1830 3174 1896 3228 il-

308 3267 387 3322 las
409 3268 706 3338 cogitantes
733 3268 976 3333 virtutes,
1015 3268 1275 3323 vilitatem
1327 3275 1564 3322 nostram
1604 3266 1742 3322 facta
1769 3280 1892 3320 cum

310 3357 556 3426 supernis
602 3358 882 3413 virtutibus
932 3358 1331 3427 comparatione
1372 3358 1759 3422 cernebamus;
1783 3357 1895 3426 jam

312 3464 444 3507 vero
509 3466 633 3505 cum
654 3450 980 3506 nobilitatem
1006 3459 1244 3511 nostram
1290 3464 1514 3507 cernere
1531 3450 1858 3506 voluerimus
1877 3491 1893 3519 ,

311 3542 364 3596 in
416 3543 605 3598 sarium
653 3543 991 3613 suspicimus,
1042 3542 1110 3599 ad
1149 3544 1354 3613 regium
1382 3542 1555 3612 ipsum
1606 3543 1893 3599 thronum:

311 3632 419 3688 illic
465 3634 605 3689 enim
647 3650 711 3689 ex
762 3635 915 3691 nobis
953 3644 1177 3705 sumpta:
1214 3635 1461 3706 primitiae
1486 3634 1784 3690 consident.
1821 3633 1898 3690 Ita

313 3740 527 3796 quoque
576 3727 753 3781 veniet
780 3741 812 3782 e
858 3726 1025 3794 etclis,
1074 3735 1132 3781 ut
1176 3741 1272 3781 nos
1308 3726 1513 3797 judicet
1556 3727 1650 3782 Dei
1686 3726 1895 3783 Filius:

312 3816 659 3885 quamobrem
714 3816 878 3886 parati
907 3818 1096 3878 simus.
1146 3832 1218 3874 ne
1239 3816 1308 3875 ab
1354 3817 1442 3872 illa
1486 3817 1654 3887 gloria
1682 3818 1898 3874 excida-

314 3922 454 3965 mus.
482 3905 710 3962 Omnino
735 3908 877 3962 enim
905 3909 1083 3964 veniet
1129 3917 1182 3963 et
1206 3923 1310 3965 non
1339 3908 1569 3965 tardabit
1603 3909 1900 3967 communis

315 3997 572 4057 Dominus
616 4010 833 4065 noster;
864 4001 1042 4056 veniet
1091 4000 1356 4057 exercitus
1408 4016 1590 4057 secum
1643 3999 1899 4068 trahens,

315 4087 625 4155 angelorum
654 4089 890 4160 agmina,
920 4090 1138 4151 ordines
1188 4091 1649 4162 archangelorum,
1702 4100 1902 4162 many...

315 4192 438 4234 rum
480 4189 703 4245 turmas,
724 4180 987 4250 justorum
1014 4180 1229 4246 choros,
1268 4182 1646 4251 prophetarum
1683 4190 1737 4235 et
1775 4195 1904 4250 apo-

318 4268 578 4329 stolorum
599 4280 790 4336 cmtus,
809 4272 931 4329 etin
958 4271 1133 4328 medio
1157 4273 1507 4341 Spiritualium
1531 4272 1738 4329 illorum
1750 4287 1904 4327 exer-

317 4358 520 4417 cituum
569 4358 822 4417 ineffabili
873 4361 1099 4431 quadam
1128 4370 1183 4418 et
1213 4362 1567 4433 inexplicabili
1595 4361 1761 4434 gloria
1808 4377 1904 4422 rex

319 4448 677 4505 circumdatus
704 4450 998 4521 apparebit.

393 4536 447 4592 6.
476 4539 700 4594 Omnem
727 4541 884 4611 igitur
931 4555 1149 4610 operam
1186 4540 1565 4607 adhibeamus,
1612 4550 1669 4599 ut
1705 4542 1772 4597 ab
1816 4540 1917 4599 illa.

320 4628 490 4698 gloria
540 4644 648 4684 non
688 4630 1013 4691 excidamus.
1048 4631 1215 4687 Vultis
1243 4631 1414 4691 dicam
1444 4633 1603 4689 etiam
1650 4647 1734 4697 ea,
1785 4647 1904 4702 qua:

323 4728 583 4774 terrorem
612 4720 904 4777 incutient?
929 4738 1034 4777 non
1066 4731 1123 4777 ut
1151 4722 1419 4778 tristitiam
1444 4724 1683 4795 afferam,
1710 4723 1806 4779 sed
1847 4732 1907 4778 ut

322 4808 392 4864 ad
430 4809 701 4866 meliorem
717 4809 919 4880 frugem
948 4812 1238 4868 traducam.
1263 4813 1398 4868 Tum
1411 4812 1610 4875 ﬂumen
1623 4814 1759 4883 ignis
1782 4824 1909 4870 ante

327 4900 556 4957 tribunal
592 4900 722 4956 illud
748 4901 971 4961 trahitur
1010 4901 1171 4976 (Dan.
1201 4903 1387 4973 7.10),
1434 4913 1559 4960 tunc
1597 4901 1908 4973 aperiuntur

326 4988 449 5043 libri
473 5030 488 5055 ,
514 4989 768 5060 judicium
791 5000 1071 5048 exercetur
1094 4992 1431 5053 formidabile
1455 5009 1516 5049 ac
1536 4994 1902 5049 tremendum:

326 5090 611 5151 propterea
638 5093 902 5154 tamquam
953 5086 1006 5140 in
1075 5085 1275 5156 judicio
1327 5087 1448 5141 vitae
1492 5097 1691 5142 nostrae
1740 5086 1906 5143 diaria

330 5173 579 5244 leguntur
603 5184 658 5230 et
684 5177 1073 5243 commentarii,
1105 5186 1160 5233 et
1184 5178 1345 5235 multa
1369 5178 1436 5238 de
1482 5177 1631 5239 libris
1665 5178 1781 5233 istis
1829 5178 1911 5234 lo-

332 5275 572 5334 quuntur
615 5266 908 5336 prophetae.
937 5268 1014 5323 Ac
1041 5268 1212 5325 Moses
1239 5266 1454 5340 quidem
1486 5269 1593 5324 ait:
1626 5268 1685 5323 Si
1711 5267 1909 5339 quidem

327 5355 540 5410 remittis
574 5357 645 5411 eis
683 5366 974 5429 peccatum,
1000 5358 1228 5423 remitte;
1257 5361 1336 5415 sin
1375 5366 1563 5423 autem,
1592 5376 1671 5415 me
1719 5376 1913 5431 quoque

325 5446 437 5501 dele
458 5448 518 5505 de
540 5447 666 5511 libro
680 5465 824 5519 quem
839 5450 1082 5520 scripsisti
1104 5448 1294 5523 (Exod.
1314 5451 1404 5507 52.
1427 5449 1537 5522 52).
1559 5450 1800 5506 Christus
1816 5466 1909 5506 ve-

326 5553 388 5590 ro
414 5552 601 5593 rursus
627 5538 693 5593 ad
711 5539 997 5611 discipulos
1017 5540 1256 5597 dicebat:
1282 5540 1351 5597 In
1376 5541 1471 5597 hoc
1491 5541 1647 5599 nolite
1668 5542 1907 5614 gaudere,

326 5627 461 5691 quod
480 5628 733 5684 daemonia
761 5630 897 5689 vobis
915 5631 1250 5704 subjiciuntur
1277 5649 1295 5688 :
1325 5632 1538 5703 gaudete
1558 5644 1748 5699 autem,
1777 5634 1911 5703 quod

326 5720 536 5777 nomina
587 5731 752 5777 vestra
778 5722 965 5791 scripta
1005 5734 1119 5780 sunt
1143 5725 1195 5777 in
1240 5726 1375 5789 cwlis
1404 5723 1552 5795 (Luc.
1587 5723 1674 5780 10.
1700 5724 1791 5794 20)
1820 5734 1915 5780 :et

326 5825 512 5866 rursus
539 5811 801 5886 propheta
823 5814 986 5871 David
1017 5834 1030 5869 :
1060 5815 1124 5869 In
1149 5817 1274 5870 libro
1302 5826 1385 5871 tuo
1402 5834 1571 5875 omnes
1591 5817 1865 5873 scribentur
1889 5833 1913 5871 :1

3472 426 3577 481 ιω

1990 523 2095 577 dies
2116 525 2486 596 formabuntur;
2502 536 2550 582 et
2570 541 2713 582 nemo
2739 527 2789 582 in
2817 528 2886 584 eis
2905 526 3070 601 (Psal.
3101 529 3219 587 138.
3252 531 3362 603 l6):
3382 542 3434 587 et
3456 550 3575 588 rur~

1990 628 2078 668 sus
2113 636 2124 667 :
2159 616 2432 670 Deleantur
2459 617 2522 670 de
2552 618 2680 672 libro
2706 619 2992 687 viventium,
3038 630 3085 676 et
3131 639 3244 676 cum
3276 625 3433 695 justis
3472 642 3575 680 nou

1989 704 2271 758 scribantur
2293 706 2460 777 (Psal.
2492 706 2580 762 68.
2613 707 2730 774 29).
2756 709 2918 765 Vides
2950 712 3082 767 alios
3125 714 3339 783 quidem
3382 715 3574 780 deleri,

1991 795 2126 849 alios
2174 811 2303 851 vero
2349 798 2611 855 inscribi?
2661 800 2741 855 vis
2790 799 2997 856 discere
3050 818 3157 857 non
3199 804 3372 874 justas
3413 807 3576 861 modo

1991 885 2139 940 libris
2189 887 2240 940 in
2282 887 2382 941 illis
2429 889 2610 955 scribi,
2638 890 2732 945 sed
2771 891 2930 946 etiam
2970 903 3187 963 peccata
3244 906 3425 950 nostra
3470 895 3599 952 illic-

1990 991 2109 1031 esse
2134 978 2461 1046 perscripta?
2508 979 2827 1037 Festivitatis
2878 990 3086 1052 tempus
3130 992 3213 1039 est
3237 1027 3254 1051 ,
3308 985 3577 1045 discamus

1990 1084 2075 1132 ea,
2104 1069 2319 1139 quibus
2346 1086 2630 1141 possumus
2661 1087 2689 1125 a
2734 1074 2994 1144 supplicio
3037 1075 3253 1131 liberari
3284 1095 3300 1133 :
3329 1079 3577 1136 terribilis

1991 1173 2075 1217 est
2098 1163 2290 1227 oratio,
2319 1164 2411 1218 sed
2440 1165 2584 1219 utilis
2621 1174 2676 1220 et
2698 1164 2991 1234 fructuosa,
3047 1169 3306 1239 siquidem
3334 1171 3573 1241 impedit,

1993 1271 2059 1310 ne
2106 1256 2281 1325 reipsa
2312 1271 2496 1325 pinnas
2546 1259 2928 1326 experiamur:
2962 1274 3094 1330 ergo
3139 1261 3408 1318 discamus
3458 1279 3576 1333 per-

1989 1340 2149 1402 scribi
2181 1358 2417 1417 peccata,
2446 1357 2499 1404 et
2548 1350 2802 1421 quidquid
2850 1351 2935 1405 hic
2956 1352 3159 1422 loquuti
3185 1355 3460 1419 fuerimus,
3503 1357 3573 1409 il-

1992 1439 2076 1492 luc
2125 1440 2307 1493 statim
2346 1440 2540 1495 deferri
2575 1449 2629 1494 et
2674 1443 2948 1510 perscribi.
2997 1443 3148 1499 Unde
3173 1460 3303 1500 vero
3356 1447 3406 1500 id
3450 1461 3571 1501 con

1991 1532 2139 1585 stat?
2166 1546 2269 1585 non
2296 1533 2437 1587 enim
2470 1534 2589 1588 talia
2631 1542 2755 1588 sunt
2773 1535 3083 1604 simpliciter
3115 1537 3446 1594 affirmando.
3476 1540 3571 1595 Mi-

1990 1620 2168 1678 chmas
2201 1623 2217 1655 ¹
2247 1623 2313 1678 ad
2339 1625 2553 1680 Judazos
2590 1627 2664 1680 ait
2692 1643 2706 1680 :
2749 1626 2835 1682 νω
2858 1630 2943 1696 qui
2986 1631 3264 1697 provocati:
3296 1630 3569 1685 Dominum

2001 1710 2075 1763 Et
2093 1712 2372 1779 quomodo,
2392 1713 2664 1781 inquiunt,
2678 1718 3073 1783 provocavimus
3096 1734 3211 1771 eum
3229 1720 3253 1771 ξ)
3270 1718 3335 1772 In
3357 1734 3415 1772 eo
3431 1719 3570 1788 quod

2002 1819 2087 1858 vos
2119 1803 2330 1857 dicitis:
2356 1804 2541 1857 Omnis
2563 1807 2653 1873 qui
2674 1807 2805 1873 facit
2822 1807 3043 1872 malum,
3070 1810 3235 1863 bonus
3252 1819 3328 1863 est
3352 1812 3408 1863 in
3443 1825 3571 1862 con-

1998 1905 2172 1964 spectu
2196 1896 2668 1965 Domini(Malac/z.
2688 1899 2741 1951 ‘2.
2761 1898 2870 1965 Π).
2893 1901 3271 1969 [inproborum
3290 1917 3510 1956 scrvoru
3521 1916 3569 1953 ιιι

1991 1997 2115 2041 sunt
2134 1989 2235 2042 ista
2265 1990 2440 2053 verba,
2471 1999 2525 2044 et
2553 1990 2605 2045 in
2631 1992 2698 2045 iis
2729 1991 2842 2060 ipse
2866 1991 2964 2046 sibi
2980 1993 3338 2060 complacuit:
3372 1993 3423 2046 in
3450 2007 3570 2061 pero

1992 2078 2135 2141 ditis,
2167 2079 2357 2148 inquit,
2387 2078 2441 2132 in
2472 2079 2555 2141 iis,
2584 2080 2671 2149 qui
2697 2095 2803 2133 non
2822 2081 3118 2135 servierunt
3147 2082 3215 2135 ei.
3254 2081 3389 2134 Ecce
3411 2072 3611 2135 casto-ﬁ

1994 2168 2208 2222 dicimus
2223 2169 2480 2222 custodias
2496 2171 2626 2238 ejus,
2642 2179 2689 2222 et
2710 2168 2879 2224 beatos
2895 2169 3110 2224 dicimus
3125 2173 3317 2225 alienos
3330 2170 3582 2240 (Malam.

1994 2259 2045 2313 '5.
2077 2259 2163 2314 M.
2192 2258 2303 2328 15).
2332 2258 2439 2313 Nos
2457 2260 2618 2325 enim,
2639 2260 2826 2329 inquit,
2849 2260 3085 2331 quotidie
3109 2264 3390 2328 servimus,
3416 2272 3467 2316 et
3489 2262 3581 2316 alii

1994 2352 2148 2407 bonis
2170 2352 2456 2419 potiuntur.
2483 2353 2628 2408 Talia
2655 2354 2903 2408 nimirum
2931 2343 3299 2426 saepenumero
3324 2356 3390 2409 de
3409 2356 3603 2410 domi--

1995 2429 2086 2498 nisi
2104 2444 2244 2499 servi
2271 2445 2559 2515 loquuntur
2583 2463 2599 2499 :
2626 2445 2718 2500 sed
2749 2445 3019 2500 hominem
3040 2446 3249 2516 quidem
3271 2446 3337 2501 de
3362 2445 3578 2500 homine

1996 2535 2096 2590 ista
2109 2534 2283 2590 dicere
2295 2550 2398 2590 non
2419 2536 2666 2606 ita-grave
2683 2544 2784 2600 est,
2809 2536 3018 2590 tametsi
3040 2546 3115 2590 est
3139 2551 3327 2606 grave:
3347 2535 3416 2591 de
3431 2551 3580 2590 com-

1999 2625 2145 2679 muni
2162 2641 2287 2680 vero
2311 2627 2471 2679 totius
2493 2612 2636 2680 orbis
2656 2635 2915 2680 terrarum
2937 2626 3162 2681 Domino
3184 2627 3298 2680 haec
3318 2625 3576 2696 proferre,

1994 2714 2063 2771 de
2084 2715 2410 2770 misericordi
2436 2731 2499 2771 ac
2529 2716 2756 2786 benigno
2782 2717 3006 2770 Domino
3035 2716 3181 2770 nulla
3210 2732 3314 2770 non
3345 2716 3580 2786 graviori

1997 2807 2211 2873 mulcta,
2239 2808 2384 2862 nullo
2411 2823 2514 2862 non
2541 2817 2780 2863 extremo
2800 2808 3061 2877 supplicio
3080 2808 3454 2863 vindicandum
3475 2817 3581 2864 est.

2000 2897 2105 2952 Sed
2127 2906 2185 2952 ut
2214 2898 2481 2968 intelligas
2496 2898 2757 2968 ejusmodi
2791 2898 2949 2953 verba
2984 2898 3276 2967 perscribi,
3307 2899 3427 2952 audi
3460 2898 3587 2967 quid

1998 2989 2141 3045 dicat
2159 2991 2416 3061 propheta
2442 3012 2455 3043 :
2486 2990 2617 3045 Ecce
2639 2992 2828 3061 scripta
2848 3000 2964 3045 sunt
2979 2992 3086 3045 Ita'c
3106 2993 3157 3045 in
3176 2990 3303 3045 libro
3324 2992 3588 3046 viventium

1997 3080 2050 3133 in
2068 3082 2504 3136 monumcnmmin
2525 3092 2794 3152 conspectu
2814 3081 2904 3136 Dei
2918 3081 3022 3152 (Ib.
3056 3098 3104 3135 υ.
3133 3082 3244 3152 l6).
3266 3081 3588 3137 Scribuntur

1999 3182 2176 3227 autem
2201 3215 2217 3241 ,
2254 3188 2359 3228 non
2403 3174 2544 3247 quod
2575 3175 2715 3229 Deus
2742 3176 2793 3228 in
2823 3176 3131 3230 memoriam
3179 3183 3392 3229 revocet
3420 3174 3585 3240 diem,

1998 3262 2081 3316 vel
2098 3270 2362 3332 tamquam
2373 3263 2612 3317 criminis
2626 3263 2881 3332 probandi
2900 3278 3054 3318 causa
3072 3272 3127 3319 et
3140 3262 3491 3318 accusationis
3508 3263 3588 3315 lir-

1999 3362 2323 3409 mamcntum
2350 3354 2540 3407 librum
2569 3352 2817 3423 proferat.
2838 3353 3086 3408 Fortasse
3104 3363 3336 3407 mentem
3357 3361 3589 3407 vestram

2002 3444 2191 3498 timore
2215 3443 2493 3508 concussi;
2523 3459 2628 3497 non
2655 3453 2907 3506 vestram,
2939 3444 3032 3497 sed
3064 3458 3235 3498 meam
3261 3443 3426 3512 prius.
3478 3445 3590 3512 Age

2002 3536 2159 3606 igitur
2189 3535 2482 3591 orationem
2519 3534 2811 3599 absolvam,
2839 3535 2921 3589 vel
2945 3535 3116 3604 potius
3139 3533 3381 3589 timorem
3409 3535 3581 3589 exsol—

2001 3642 2122 3681 vam
2153 3644 2167 3681 :
2194 3626 2299 3680 imo
2324 3641 2452 3680 vero
2480 3641 2584 3680 non
2613 3625 2909 3692 exsolvam,
2932 3623 3024 3679 sed
3048 3625 3276 3689 leniam;
3306 3625 3427 3679 volo
3448 3625 3588 3679 enim

2002 3728 2236 3783 maneat,
2264 3727 2319 3772 et
2349 3727 2579 3774 mentem
2626 3718 2858 3775 vestram
2905 3725 3114 3790 purget,
3144 3717 3241 3772 sed
3282 3717 3591 3772 imminuam

2004 3809 2171 3876 illum,
2204 3826 2270 3864 ne.
2290 3811 2356 3863 sit
2385 3809 2758 3864 intolerabilis.
2787 3809 3024 3874 Quanam
3054 3822 3181 3878 ergo
3210 3807 3417 3862 ratione
3445 3815 3592 3877 pute-

2003 3901 2170 3955 rimus
2197 3900 2550 3957 imminuere?
2578 3902 2757 3955 Sinon
2776 3900 2933 3957 modo
2960 3899 3214 3970 perscribi
3243 3895 3590 3967 peccata,sed

2003 3992 2162 4046 etiam
2186 3991 2354 4046 deleri
2392 3991 2955 4048 demonstraverimus.
2980 3989 3111 4046 Nam
3149 3989 3200 4043 in
3223 3986 3424 4058 judicio
3448 4001 3591 4056 quzc-

2005 4097 2233 4154 cumque
2278 4083 2472 4140 dixerit
2517 4083 2573 4138 in
2617 4081 3018 4138 commentariis
3061 4079 3443 4161 perscribeuda‘
3479 4079 3587 4143 ille,

2004 4177 2093 4249 qui
2122 4176 2310 4249 litigat,
2336 4176 2553 4231 omnino
2579 4175 2884 4231 scribuntur
2916 4174 2964 4226 in
2994 4179 3327 4245 perpetuum,
3359 4185 3454 4224 nec
3474 4185 3591 4229 aui-

2008 4267 2146 4337 plius
2171 4267 2335 4323 deleri
2367 4277 2617 4336 possunt;
2649 4277 2703 4321 at
2727 4266 2780 4320 in
2810 4266 2900 4321 illo
2920 4266 3076 4327 libro.
3102 4264 3226 4319 licet
3275 4263 3411 4323 mala
3446 4277 3591 4331 quae-

2009 4362 2148 4430 piam
2170 4360 2388 4427 dixeris,
2420 4359 2463 4413 si
2494 4358 2743 4423 volueris,
2772 4372 2958 4413 rursus
2997 4356 3262 4415 delentur.
3292 4353 3449 4412 Unde
3490 4354 3594 4408 hoc

2008 4453 2209 4524 liquet?
2233 4453 2310 4508 Ex
2339 4452 2631 4521 Scriptura.
2664 4450 2843 4505 Averte
2869 4450 3018 4515 enim,
3049 4449 3236 4521 inquit,
3257 4447 3437 4518 faciem
3456 4455 3591 4497 luant

2009 4560 2043 4598 α
2071 4544 2286 4614 peccatis
2323 4543 2465 4608 meis,
2510 4553 2555 4597 et
2591 4558 2762 4595 omnes
2795 4540 3077 4610 iniquitates
3107 4556 3241 4592 meas
3285 4537 3393 4597 dele
3418 4532 3590 4603 (Psal.

2009 4635 2098 4691 50.
2126 4633 2235 4705 ll).
2264 4635 2333 4688 At
2359 4648 2516 4687 nemo
2562 4631 2703 4701 quod
2746 4631 3000 4700 scriptum
3029 4644 3132 4682 non
3162 4637 3261 4690 est,
3290 4626 3469 4682 delere
3498 4643 3596 4695 po~

2010 4734 2114 4789 test
2144 4743 2157 4780 :
2186 4725 2362 4795 itaque
2407 4723 2656 4792 quoniam
2691 4723 2883 4788 scripta
2930 4721 3164 4786 fuerant,
3197 4718 3362 4775 deleri
3407 4733 3596 4787 precn-

2013 4826 2117 4879 tur.
2153 4816 2312 4871 Docet
2340 4824 2516 4871 autem
2543 4823 2597 4868 et
2622 4815 2758 4868 alius
2798 4811 3033 4882 quidam,
3066 4824 3297 4879 quonam
3324 4818 3478 4879 pacto
3501 4809 3605 4883 de-q

2012 4906 2242 4971 leantur,
2262 4905 2332 4959 ita
2355 4904 2538 4960 dicens
2569 4921 2582 4957 :
2615 4902 2961 4977 Eleemosynis
2986 4910 3031 4955 et
3058 4900 3160 4969 ﬁde
3179 4909 3463 4971 purgantur
3490 4917 3598 4969 pec-

2011 5010 2124 5054 cata
2145 4998 2322 5071 (Prov.
2353 4997 2440 5052 lii.
2462 4996 2553 5068 27)
2583 5015 2595 5051 :
2621 5011 2726 5050 non
2776 5002 2975 5055 tantum
3019 4991 3283 5057 delentur,
3313 4991 3405 5045 sed
3435 4991 3596 5061 etiam

2013 5101 2322 5163 purgantur,
2353 5091 2429 5144 sic
2454 5098 2511 5144 ut
2536 5103 2635 5144 nec
2662 5088 2781 5144 ullae
2810 5084 3049 5156 reliquis:
3065 5095 3314 5139 maneant
3334 5083 3590 5139 deiectio-

2012 5186 2117 5241 nis.
2161 5183 2338 5253 Neque
2386 5196 2515 5236 vero
2555 5195 2673 5249 quae
2712 5189 2832 5250 post
2876 5177 3196 5247 baptismum
3223 5177 3416 5246 scripta
3446 5185 3592 5240 sunt,

2014 5286 2215 5347 tantum
2243 5276 2516 5339 delentur;
2548 5272 2641 5330 sed
2672 5272 2830 5328 etiam
2861 5287 2979 5340 quae
3004 5279 3127 5326 ante
3151 5271 3417 5325 lavacrum
3461 5267 3594 5319 scri~

2016 5378 2102 5439 pta
2130 5367 2360 5431 fuerant,
2392 5365 2479 5419 illa
2503 5364 2681 5421 omnia
2707 5361 2956 5434 baptismi
2987 5376 3121 5432 aqua
3149 5356 3416 5415 etChristi
3438 5370 3596 5410 cruce

2014 5460 2276 5525 delentur,
2308 5459 2448 5515 sicut
2473 5465 2530 5515 et
2557 5457 2751 5513 Paulus
2791 5458 2866 5513 ait
2895 5473 2908 5511 :
2939 5455 3144 5518 Detens,
3187 5450 3322 5521 quod
3359 5448 3595 5511 adversus

2015 5566 2105 5605 nos
2124 5560 2249 5615 erat,
2282 5549 2695 5620 chirographum,
2720 5545 2853 5619 quod
2876 5554 2981 5600 erat
3009 5541 3313 5599 contrarium
3337 5538 3478 5593 nobis
3503 5553 3520 5591 :
3552 5546 3598 5591 et

2014 5643 2179 5717 ipsum
2205 5642 2316 5696 tulit
2344 5643 2406 5695 de
2426 5641 2606 5706 medio,
2631 5638 2844 5710 alligem
2860 5635 2991 5695 illud
3010 5634 3146 5688 cruci
3166 5631 3385 5701 (Coloss.
3403 5629 3458 5684 2.
3484 5630 3607 5715 lt).

2016 5732 2177 5788 Vides
2193 5748 2297 5802 quo
2315 5741 2465 5801 pacto
2485 5731 2715 5793 deletum
2735 5727 2889 5791 fuerit
2909 5725 3033 5779 illud
3052 5722 3461 5793 chirographum
3475 5721 3499 5775 ν
3512 5734 3600 5776 ue-

2082 5825 2099 5858 ι
2133 5825 2205 5873 Sic
2226 5835 2415 5883 omnes,
2438 5821 2524 5873 sed
2547 5827 2624 5872 est
2644 5818 2908 5878 Malacltias,
2934 5828 3030 5865 nou
3058 5815 3283 5865 uictimas.
