4130 6484
605 391 714 448 4(ὶῦ

603 527 709 585 que
727 513 959 570 deletum
978 522 1201 578 tantum,
1215 511 1306 567 sed
1329 513 1486 566 etiam
1514 510 1779 578 diruptum
1801 518 1900 570 est,
1915 523 2034 563 cum
2054 505 2181 562 illud

605 605 781 660 erucis
805 603 940 660 clavi
960 603 1334 669 conscidcrint,
1351 606 1426 656 sic
1446 613 1500 656 ut
1521 603 1701 656 inutile
1727 601 2054 655 redderetur.
2085 599 2182 653 Ve-

605 713 721 751 rum
749 697 834 751 illa
863 697 1076 767 quidem
1108 697 1271 766 gratia
1300 707 1353 750 et
1394 695 1716 764 benignitate
1741 693 1952 748 virtutis
1981 690 2179 746 Christi

501 767 508 781 ί
602 788 842 843 cruciﬁxi
867 798 1053 843 cuncta
1075 788 1242 842 deleta
1261 796 1414 849 sunt;
1437 800 1554 856 qua:
1572 799 1700 838 vero
1719 793 1840 854 post
1860 783 2178 853 baptismum

601 878 886 931 commissa
899 889 1040 942 sunt,
1060 877 1224 931 multo
1239 876 1467 945 indigent
1486 874 1681 938 studio,
1694 883 1754 928 ut
1773 887 1954 928 rursus
1969 872 2184 927 delean-

604 976 689 1020 tur
707 982 723 1030 ;
745 967 1169 1038 quandoquidem
1185 981 1354 1036 neque
1375 965 1664 1020 secundum
1679 971 1762 1019 est
1781 964 2068 1028 lavacrum,
2086 963 2178 1018 sed

553 1041 555 1044 i
599 1057 850 1127 laerymis
863 1056 1093 1128 indigent
1107 1045 1319 1117 nostris,
1336 1055 1664 1124 pmoitentia,
1678 1053 2031 1118 confessione,
2047 1055 2182 1108 elee-

600 1162 842 1218 mosyna,
859 1147 1121 1218 precibus,
1134 1147 1356 1216 aliisque
1375 1145 1656 1217 generibus
1675 1143 1917 1199 omnibus
1939 1145 2175 1213 pietatis:

601 1236 678 1290 sic
701 1229 856 1291 etiam
885 1246 1001 1305 post
1017 1238 1335 1306 baptismum
1351 1237 1596 1293 delentur
1617 1245 1851 1305 peccata,
1869 1236 2036 1290 multo
2056 1249 2177 1289 cum

600 1325 778 1381 labore
802 1335 858 1381 et
884 1326 1207 1396 fatigatione.
1235 1328 1458 1382 Omnem
1487 1327 1645 1396 igitur
1681 1325 2028 1380 adhibeamus
2055 1325 2177 1380 dili-

596 1418 848 1486 gentiam.
873 1427 928 1471 ut
955 1433 1017 1472 ea
1043 1418 1318 1473 deleamus
1341 1432 1407 1472 ex
1438 1417 1538 1472 hoc
1569 1427 1826 1486 tempore,
1857 1425 1912 1471 et
1931 1417 1983 1470 in
2012 1416 2176 1470 altera

600 1509 704 1561 vita
745 1508 1031 1563 subeundis
1061 1509 1270 1578 probris
1293 1523 1356 1562 ac
1383 1507 1656 1577 suppliciis
1695 1507 2000 1562 liberemur.
2029 1505 2178 1561 Licet

593 1599 736 1651 enim
760 1609 1007 1652 sexcenta
1034 1608 1248 1667 peccata
1280 1599 1723 1665 commiserimus,
1745 1598 1788 1651 si
1813 1599 2056 1663 velimus,
2083 1599 2177 1654 has

595 1703 783 1744 omnes
810 1690 1099 1759 poterimus
1124 1691 1361 1745 sarcinas
1397 1699 1729 1759 peccatorum
1760 1689 2044 1758 deponere.
2072 1689 2180 1744 Ve-

599 1782 758 1837 limus
780 1798 942 1853 ergo;
974 1783 1152 1837 multo-
1179 1784 1320 1837 enim
1370 1783 1560 1837 melius
1607 1793 1689 1837 est
1730 1791 1804 1847 ut,
1833 1783 2041 1835 modico
2091 1781 2178 1835 hic

595 1873 864 1928 exantlato
907 1874 1126 1938 labore,
1178 1874 1463 1928 inevitabili
1531 1873 1794 1944 supplicio
1856 1872 2172 1936 liberemur,

593 1979 750 2033 quam
776 1975 833 2019 ut
858 1965 946 2019 ubi
989 1965 1088 2020 hoc
1127 1966 1370 2035 perbrevi
1417 1974 1654 2033 tempore
1701 1963 1809 2017 otio
1851 1977 1915 2017 ac
1955 1962 2174 2022 desidia:

592 2053 992 2120 indulserimus,
1016 2056 1070 2110 in
1101 2071 1286 2124 pmnas
1322 2055 1438 2109 illas
1464 2062 1692 2109 :eternas
1720 2052 2033 2108 incidamus.
2067 2051 2172 2107 Sed

592 2143 703 2210 jam
734 2151 943 2214 tempus
969 2155 1070 2212 est,
1098 2154 1156 2200 ut
1180 2161 1298 2216 qua!
1322 2145 1459 2200 dicta
1488 2153 1612 2199 sunt
1651 2159 2040 2200 rccenseamus.
2066 2145 2173 2200 0b-

587 2235 913 2304 jurgavimus
942 2250 1055 2300 eos,
1078 2237 1167 2306 qui
1193 2236 1358 2290 semel
1386 2245 1587 2290 tantum
1617 2250 1710 2305 per
1729 2251 1923 2289 annum
1953 2234 2056 2289 huc
2080 2251 2174 2289 ve-

589 2326 762 2392 niunt,
784 2325 924 2395 quod
952 2327 1269 2381 denudatam
1297 2341 1418 2382 esse
1446 2334 1671 2380 matrem
1701 2325 1908 2390 sinant;
1931 2335 2168 2380 veterem

586 2413 692 2468 illis
739 2414 1033 2481 historiam,
1081 2414 1508 2469 maledictionem
1553 2423 1610 2469 et
1649 2414 2072 2469 benedictionem
2113 2413 2167 2467 in

588 2505 900 2558 memoriam
944 2506 1364 2573 ~revocavimus:
1413 2505 1481 2560 de
1526 2505 1758 2560 Judaicis
1797 2503 2170 2560 festivitatibus

583 2595 950 2659 disseruimus,
976 2605 1031 2651 et
1053 2611 1153 2666 qua
1182 2597 1249 2651 de
1271 2612 1428 2651 causa
1457 2607 1536 2651 ter
1576 2598 1627 2651 in
1676 2611 1817 2651 anno
1864 2596 1962 2651 sibi
2009 2611 2170 2667 appa-

586 2701 704 2738 rere
743 2685 928 2753 jubeat
956 2685 1094 2740 Deus
1123 2687 1336 2742 .ludzeos
1367 2705 1378 2739 :
1407 2687 1640 2742 diximus
1686 2686 2023 2741 festivitatem
2045 2702 2166 2742 esse

582 2778 771 2843 quovis
815 2787 1075 2848 tempore,
1127 2778 1497 2844 Peutecosten,
1539 2780 1662 2832 item
1710 2778 1934 2844 Pascha,
1961 2788 2015 2833 et
2036 2778 2166 2847 Epi-

583 2867 831 2934 phaniam
862 2886 874 2922 :
903 2868 1133 2924 diximus
1161 2871 1538 2924 conscientiam
1571 2884 1754 2938 puram
1775 2869 1988 2924 efficere
2015 2869 2163 2922 festi-

580 2958 839 3024 vitatem,
891 2975 998 3013 non
1045 2959 1250 3015 dierum
1311 2972 1678 3030 temporumve
1737 2961 2162 3016 conversionem.

581 3045 712 3102 lude
737 3049 961 3118 digressi
990 3064 1172 3105 sumus
1195 3050 1260 3104 ad
1283 3051 1418 3105 dona
1441 3051 1506 3106 de
1527 3050 1660 3106 carlo
1679 3051 1944 3115 demissa;
1973 3066 2162 3106 recon-

1249 391 1310 452 S.
1351 397 1632 456 JOANNIS
1667 392 2146 454 CHRYSOSTOMI
2186 391 2499 450 ARCIIIEP.
2539 393 3070 452 CONSTANTIXOP.

3753 401 3848 456 46$

2287 507 2569 562 ciliationis
2613 507 2714 562 hoc
2761 508 3011 564 indicium
3058 523 3180 565 esse
3224 507 3498 564 diximus:
3539 511 3850 570 ostendimus

2285 599 2474 655 adesse
2490 599 2740 671 Spiritum
2757 611 2996 657 sanctum
3013 619 3076 657 ex
3092 602 3407 659 remissione
3426 613 3775 672 peccatorum.
3790 622 3850 661 ex

2286 691 2637 760 responsione
2675 690 2811 746 facta
2854 693 3074 762 pastori,
3103 708 3169 748 ex
3211 695 3486 764 sapientite
3523 693 3850 763 scientian

2285 797 2555 847 sermone,
2596 799 2664 838 ex
2707 783 3149 850 ordinationibus,
3189 800 3256 839 ex
3295 784 3522 856 mystico
3559 785 3847 841 sacrificio:

2283 873 2516 928 diximus
2554 874 2766 929 obsides
2818 885 3029 930 mutuos
3078 890 3142 931 ac
3182 876 3402 946 pignora
3441 891 3538 930 nos
3576 877 3799 932 retinere
3833 895 3848 931 ς

2283 978 2495 1018 causam
2541 965 2876 1031 addidimus,
2926 966 2996 1021 ob
3037 981 3196 1036 quam
3236 967 3440 1020 sublata
3484 983 3623 1021 nunc
3671 977 3790 1021 sunt
3821 983 3850 1022 e

2285 1055 2460 1108 medio
2501 1056 2648 1124 signa
2679 1071 2692 1107 :
2725 1056 2983 1110 tremendi
3007 1067 3186 1126 postea
3211 1057 3396 1124 judicii
3438 1058 3744 1112 memoriam
3765 1073 3847 1113 re-

2283 1147 2614 1210 novavimus,
2637 1161 2700 1201 ac
2724 1161 2906 1201 eorum
2933 1147 3022 1216 qui
3064 1157 3188 1202 tunc
3228 1149 3539 1216 aperiuntur
3583 1149 3846 1213 librorum,

2283 1245 2336 1289 et
2359 1236 2804 1305 quemadmodum
2848 1237 3024 1291 omnia
3071 1248 3285 1308 peccata
3324 1249 3501 1294 nostra
3529 1241 3848 1309 perscribam

2282 1336 2368 1382 tur
2398 1346 2412 1381 :
2441 1328 2773 1384 ostendimus
2796 1344 2979 1383 rursus
3005 1344 3068 1384 ea
3095 1330 3283 1393 deleri,
3315 1330 3360 1385 si
3389 1331 3634 1386 velimus.
3657 1331 3846 1385 Horum

2281 1419 2520 1473 omnium
2569 1419 2959 1484 recordamini;
3011 1421 3054 1475 si
3102 1435 3231 1476 vero
3275 1422 3392 1476 fieri
3439 1437 3546 1476 non
3586 1433 3755 1492 potest
3792 1431 3847 1478 ut

2280 1509 2539 1574 omnium,
2565 1511 2827 1564 sermonis
2857 1511 2997 1565 illius
3023 1511 3089 1566 de
3114 1511 3262 1566 libris
3281 1512 3516 1567 omnium
3539 1512 3656 1568 loco
3675 1528 3841 1568 recor-

2279 1598 2500 1666 damini,
2525 1609 2580 1654 et
2623 1615 2971 1670 quaecumque
3015 1601 3414 1670 responderitis,
3461 1612 3727 1672 tamquam
3751 1604 3846 1657 ha-

2281 1689 2448 1744 beatis
2495 1705 2636 1755 eum,
2670 1691 2758 1760 qui
2796 1691 2952 1755 adsit,
2981 1700 3036 1746 et
3063 1707 3124 1746 ea
3155 1693 3370 1755 scribat,
3402 1693 3472 1747 ita
3498 1703 3652 1749 caute
3681 1694 3843 1762 loqui-

2279 1781 2428 1842 mini,
2459 1795 2522 1833 ac
2550 1795 2761 1848 semper
2789 1791 3058 1836 recentem
3089 1782 3276 1836 horum
3328 1784 3610 1838 verborum
3649 1799 3846 1840 memo-

2277 1871 2411 1924 riam
2439 1880 2753 1926 conservate
2781 1889 2794 1924 :
2823 1881 2877 1925 ut
2901 1886 3084 1936 eorum
3115 1874 3352 1944 quidem,
3387 1889 3614 1944 quorum
3642 1877 3846 1930 nomina

2278 1961 2470 2029 scripta
2495 1969 2620 2014 sunt
2645 1961 2696 2014 in
2724 1961 3157 2030 librojustorum,
3189 1972 3332 2018 recte
3364 1963 3623 2019 factorum
3669 1981 3846 2020 nume-

2276 2067 2394 2107 rum
2437 2054 2708 2121 augeatis;
2771 2069 2995 2122 quorum
3039 2064 3217 2110 autem
3257 2056 3420 2110 multa
3466 2057 3593 2111 inibi
3641 2065 3846 2126 peccata

2276 2154 2401 2199 sunt
2416 2145 2634 2212 scripta,
2656 2143 2740 2198 hic
2757 2161 2816 2198 ea
2837 2145 3046 2200 nemine
3062 2147 3265 2202 sciente
3287 2147 3526 2202 delentes
3543 2148 3844 2219 divulgatio-

2275 2248 2396 2287 nem
2442 2234 2583 2287 illam
2623 2233 2954 2304 efl'ngiamus.
3001 2235 3288 2290 Possumus
3331 2237 3494 2302 enim,
3525 2247 3581 2291 ut
3611 2237 3845 2292 ostendi-

2275 2339 2413 2387 mus,
2462 2323 2701 2378 adhibito
2745 2324 2942 2390 studio,
2976 2326 3220 2394 precibus
3248 2368 3262 2392 ,
3313 2341 3377 2380 ac
3420 2325 3646 2382 ferventi
3687 2327 3845 2382 devo-

2274 2414 2436 2475 tione,
2469 2429 2586 2483 qure
2613 2414 2810 2483 scripta
2849 2423 2994 2480 sunt,
3021 2415 3200 2468 omnia
3241 2425 3456 2485 peccata
3499 2415 3699 2471 delere.
3743 2416 3848 2471 Hoc

2273 2501 2430 2572 igitur
2468 2502 2652 2571 quovis
2701 2512 2938 2571 tempore
2969 2503 3295 2567 Studeamus,
3327 2514 3382 2558 ut
3407 2519 3528 2559 eum
3558 2506 3686 2560 illuc
3713 2505 3848 2560 abie-

2273 2593 2460 2656 rimus,
2489 2593 2717 2662 aliquam
2743 2592 2984 2648 obtinere
3021 2595 3229 2649 veniam
3273 2597 3556 2664 possimus,
3585 2608 3639 2652 et
3670 2613 3847 2653 omnes

2273 2683 2626 2737 inexorabiles
2650 2698 2833 2752 poenas
2857 2683 3088 2754 effugere
3117 2704 3129 2739 :
3161 2687 3350 2756 quibus
3378 2704 3476 2742 nos
3507 2689 3710 2744 utinam
3736 2704 3846 2744 om-

2273 2789 2368 2828 nes
2419 2773 2678 2828 liberatos
2723 2790 2942 2844 regnum
2987 2776 3236 2830 caelorum
3276 2777 3516 2833 obtinere
3553 2781 3844 2849 contingat,

2269 2866 2434 2935 gratia
2461 2873 2514 2918 et
2540 2864 2862 2934 benignitate
2888 2864 3094 2919 Domini
3125 2867 3290 2921 nostri
3316 2865 3440 2922 Jesu
3477 2867 3694 2935 Christi,
3731 2883 3847 2923 cum

2269 2971 2374 3026 quo
2397 2955 2534 3010 Patri
2563 2963 2615 3009 et
2642 2954 2854 3024 Spiritui
2877 2965 3060 3009 sancto
3096 2957 3286 3026 gloria,
3319 2958 3508 3024 honor,
3539 2958 3835 3028 imperium,

2275 3064 2413 3102 nunc
2433 3055 2486 3100 et
2506 3061 2735 3115 semper,
2763 3055 2816 3100 et
2842 3045 2893 3098 in
2925 3048 3115 3100 satcula
3144 3048 3480 3102 sxculorum.
3514 3049 3706 3103 Amen.

1445 3226 1604 3308 DE
1657 3223 2099 3308 SANCTA
2155 3217 2925 3304 PENTECOSTE.

1906 3358 2517 3438 mem

1211 3497 1425 3541 ιιοδηωλ
1443 3503 1478 3541 u
1500 3485 1594 3557 (α).

653 3571 702 3629 Ι.
741 3570 1033 3631 Pentecoste
1069 3580 1357 3647 metropolis
1397 3583 1657 3647 festorum.
1686 3607 1757 3619 -——
1782 3575 1966 3645 Magna
1996 3585 2158 3638 sunt,

578 3658 937 3727 dilectissimi,
972 3680 1069 3718 nec
1096 3666 1201 3718 ulla
1248 3674 1467 3733 possunt
1492 3663 1719 3719 humana
1745 3665 1983 3719 oratione
2009 3679 2159 3719 com-

579 3750 857 3818 prehendi,
882 3769 1000 3821 qua:
1025 3753 1175 3808 nobis
1203 3755 1459 3809 hodierno
1483 3750 1568 3810 die
1593 3771 1623 3809 a
1651 3753 2030 3825 benignissimo
2053 3756 2160 3809 Deo

577 3842 841 3910 impertita
876 3855 997 3899 sunt
1026 3845 1183 3898 dona.
1215 3846 1568 3912 Quamobrem
1596 3862 1782 3901 omnes
1806 3847 2160 3902 communiter

576 3933 899 4001 gaudeamus
919 3978 933 4001 τ
966 3945 1019 3990 et
1049 3933 1225 3990 lmtitia
1254 3937 1580 3992 exsultantes
1607 3937 1886 3991 Dominum
1918 3948 2158 3992 nostrum

579 4022 872 4079 laudemus.
902 4019 1181 4079 Festivitas
1206 4027 1345 4083 enim
1377 4027 1723 4098 publicusque
1746 4037 2035 4083 conventus
2065 4044 2158 4082 no-

577 4113 661 4168 bis
681 4122 761 4168 est
782 4113 894 4169 dies
915 4113 1221 4171 hodiernus.
1247 4115 1376 4171 Nam
1399 4119 1840 4188 quemadmodum
1861 4118 1912 4172 in
1935 4126 2159 4188 quatuor

577 4207 700 4260 anni
742 4215 1110 4278 tempestatum
1141 4223 1202 4264 ac
1239 4210 1584 4265 solstitiorum
1614 4211 1974 4266 vicissitudine
2002 4212 2156 4266 alteri

575 4297 812 4351 succedit
850 4299 1015 4354 altera
1045 4317 1058 4352 :
1087 4299 1164 4354 sic
1193 4298 1440 4355 nimirum
1479 4310 1532 4356 et
1576 4302 1628 4356 in
1671 4299 1905 4357 Ecclesia
1949 4302 2155 4356 Domini

574 4384 834 4441 festivitas
860 4386 983 4441 dum
1018 4384 1284 4443 festivitati
1311 4389 1576 4455 succedit,
1607 4389 1672 4445 ad
1702 4407 1819 4446 sese
1849 4403 2032 4446 maluo
2057 4405 2155 4446 nos

574 4477 957 4531 transmittunt.
1002 4476 1180 4548 Nuper
1217 4479 1392 4548 itaque
1429 4478 1622 4535 festum
1648 4480 1832 4536 Crucis
1862 4482 2153 4537 celebravi-

575 4582 728 4631 mus,
775 4567 1042 4623 Passionis
1067 4609 1081 4631 ,
1125 4565 1574 4633 Resurrectionis,
1610 4585 1671 4624 ac
1709 4569 1902 4626 deinde
1945 4571 2152 4626 Domini

572 4658 739 4710 nostri
767 4657 891 4711 Jesu
921 4658 1115 4712 Christi
1147 4659 1196 4712 in
1228 4660 1385 4714 ctelos
1411 4661 1715 4727 Ascensus;
1747 4660 1904 4716 hodie
1942 4661 2153 4717 tandem

573 4744 638 4797 ad
665 4746 833 4814 ipsum
861 4748 1068 4803 culmen
1097 4749 1354 4803 bonorum
1388 4751 1618 4819 provecti
1649 4766 1861 4819 sumus,
1889 4752 1952 4806 ad
1986 4753 2152 4822 ipsam

574 4839 909 4904 metropolim
955 4839 1210 4894 festorum
1249 4841 1548 4908 evasimus,
1594 4842 1661 4896 ad
1708 4843 1932 4898 fructum
1980 4845 2151 4914 ipsum

573 4926 854 4980 dominicze
902 4930 1266 4996 promissionis
1304 4932 1660 5003 pervenimus.
1692 4932 1753 4987 Si
1787 4935 1918 4986 enim
1947 4936 2114 4988 abiero
2134 4977 2149 5002 ,

573 5020 779 5088 inquit,
807 5036 896 5090 ego
923 5023 1078 5075 alium
1111 5022 1430 5078 Paracletum
1452 5025 1641 5077 mittam
1673 5026 1828 5092 vobis,
1859 5036 1904 5078 et
1941 5045 2040 5080 non
2070 5044 2152 5081 re-

571 5111 797 5180 linquam
824 5129 908 5164 vos
939 5114 1190 5182 orpltanos
1217 5115 1407 5182 (Joan.
1439 5115 1524 5170 16.
1555 5116 1639 5186 7).
1666 5117 1865 5171 Videtis
1893 5120 2150 5172 sollicitu-

570 5202 794 5257 dinem?
836 5203 1027 5257 videtis
1069 5205 1388 5260 ineffabilem
1429 5206 1840 5276 benignitatem?
1881 5210 2017 5263 Ante
2056 5211 2152 5264 hos

568 5295 684 5350 dies
715 5295 766 5349 in
794 5296 981 5349 caelum
1012 5296 1270 5360 ascendit,
1303 5298 1502 5367 regium
1537 5298 1782 5352 thronum
1819 5301 2036 5368 recepit,
2068 5315 2153 5356 se-

568 5387 688 5440 dem
719 5385 784 5440 ad
823 5385 996 5440 Patris
1031 5385 1300 5440 dexteram
1341 5390 1703 5456 recuperavit;
1731 5400 1783 5444 et
1812 5389 1971 5443 hodie
2002 5391 2152 5444 nobis

571 5476 738 5528 sancti
777 5475 1003 5544 Spiritus
1041 5475 1324 5530 adventum
1364 5477 1583 5546 largitur
1605 5521 1618 5544 ,
1651 5494 1714 5532 ac
1751 5495 1846 5549 per
1883 5482 2053 5549 ipsum
2085 5482 2152 5536 de

569 5565 715 5619 catlis
762 5579 1010 5622 sexcenta
1055 5567 1208 5622 nobis
1254 5571 1390 5622 bona
1437 5571 1756 5639 suppeditat.
1793 5571 1927 5639 Quid
1968 5573 2106 5627 enim
2132 5614 2148 5632 .

571 5667 753 5721 quaeso
773 5695 789 5719 ,
818 5671 1000 5710 eorum
1024 5697 1040 5722 ,
1071 5658 1262 5726 Quibus
1295 5658 1438 5711 salus
1469 5668 1645 5713 nostra
1676 5661 1976 5714 continetur
1995 5702 2009 5727 ,
2044 5678 2148 5716 non

636 5764 921 5834 (g)__()ollat_.a_
933 5780 1044 5818 cum
1065 5775 1171 5820 uss.
1195 5776 1311 5832 Reg.
1345 5769 1481 5829 1970,
1525 5768 1668 5830 2027,
1693 5770 1833 5830 2030,
1851 5771 1990 5832 2424,
2007 5773 2147 5834 2899,

578 5825 773 5879 ettlolb.
797 5826 943 5877 2445.

2270 3495 2365 3548 per
2387 3476 2638 3546 Spiritum
2661 3475 3018 3546 dispensatnm
3043 3485 3123 3531 est
3147 3475 3298 3531 nobis
3319 3477 3344 3529 ἲ
3371 3492 3465 3546 per
3489 3478 3659 3546 ipsum
3685 3493 3713 3531 a
3735 3491 3844 3534 seul

2268 3568 2432 3621 vitute
2461 3567 2767 3633 liberamur,
2796 3566 2847 3620 in
2885 3566 3179 3620 libertatem
3208 3581 3480 3632 vocamur,
3514 3568 3564 3621 in
3601 3568 3843 3638 adeptio-

2269 3673 2388 3712 nem
2420 3657 2763 3723 deducimur,
2793 3672 2854 3711 ac
2890 3658 3097 3719 denuo,
3125 3667 3183 3710 ut
3223 3657 3290 3711 ita
3329 3657 3530 3721 dicam,
3565 3657 3841 3729 fingimur,

2267 3762 2426 3816 grave
2457 3745 2804 3814 fmtidumque
2845 3755 3179 3816 peccatorum
3207 3763 3340 3801 onus
3365 3747 3682 3817 deponimus
3711 3768 3725 3804 :
3754 3761 3848 3819 per

2266 3836 2520 3906 Spiritum
2558 3844 2795 3891 sanctum
2829 3837 3162 3891 sacerdotum
3197 3841 3464 3892 cernimus
3490 3839 3716 3903 choros,
3747 3841 3843 3896 do-

2265 3938 2469 3982 ctorum
2515 3927 2729 3981 ordines
2772 3926 3029 3982 habemus
3063 3947 3073 3980 :
3107 3927 3174 3981 ab
3219 3927 3320 3982 hoc
3359 3927 3503 3983 fonte
3539 3940 3761 3985 manant
3791 3940 3842 3984 et

2263 4019 2639 4074 revelationum
2669 4019 3009 4082 donationes,
3039 4027 3091 4074 et
3110 4019 3296 4089 gratiae
3323 4021 3635 4084 sanitatum;
3673 4033 3728 4077 et
3759 4038 3841 4076 rei

2263 4108 2403 4178 liqua
2432 4109 2604 4162 omnia
2627 4149 2641 4174 ,
2672 4108 2861 4178 quibus
2893 4106 3126 4162 Ecclesia
3159 4108 3249 4163 Dei
3288 4109 3630 4164 condecorari
3670 4114 3838 4174 solet,

2262 4198 2386 4252 inde
2414 4205 2745 4267 promuntur.
2777 4197 2885 4251 Hoc
2922 4198 3049 4252 illud
3087 4207 3168 4252 est
3191 4239 3204 4263 ,
3234 4200 3373 4269 quod
3411 4201 3604 4256 clamat
3648 4202 3842 4256 Paulus

2262 4287 2345 4343 his
2373 4291 2569 4346 verbis.
2609 4289 2734 4343 Htec
2767 4291 2936 4342 omnia
2964 4301 3200 4360 operatur
3223 4308 3350 4345 unus
3378 4303 3526 4361 atque
3561 4293 3695 4346 idem
3724 4295 3847 4364 Spid

2259 4377 2416 4444 ritus,
2448 4379 2673 4432 dividens
2699 4379 2930 4448 privatim
2955 4381 3183 4450 singulis,
3213 4391 3358 4448 prout
3383 4383 3485 4434 uult
3511 4383 3568 4450 (1
3601 4382 3722 4436 Cor.
3755 4384 3838 4437 12.

2265 4466 2354 4535 Η)
2382 4483 2395 4519 :
2425 4476 2581 4536 prout
2608 4467 2733 4531 vult,
2764 4468 2955 4537 inquit,
2984 4484 3086 4521 non
3119 4477 3272 4537 prout
3293 4469 3508 4537 jubetur
3536 4487 3548 4523 :
3573 4471 3837 4533 dividens,

2259 4572 2365 4611 non
2408 4557 2640 4631 divisus;
2682 4567 2950 4612 auctorem
2997 4573 3055 4612 se
3095 4560 3367 4628 praebens,
3401 4578 3502 4616 uon
3541 4564 3841 4618 auctoritati

2261 4651 2552 4720 subjectus.
2585 4651 2838 4707 Eamdem
2860 4655 3052 4723 quippe
3080 4663 3416 4723 potestatem,
3440 4672 3594 4726 quam
3626 4657 3842 4714 Patrem

2261 4739 2456 4796 habere
2501 4750 2720 4796 testatus
2760 4749 2877 4808 est,
2913 4743 3049 4797 hanc
3081 4754 3134 4798 et
3167 4745 3382 4813 Spiritui
3425 4758 3606 4801 sancto
3647 4749 3840 4802 Paulus

2258 4830 2512 4884 attribuit.
2548 4830 2615 4884 Et
2639 4832 3082 4900 quemadmodum
3109 4833 3176 4888 de
3206 4835 3362 4890 Patre
3387 4836 3532 4897 dicit.
3566 4837 3702 4893 Deus
3727 4853 3843 4894 vero

2257 4934 2350 4987 est,
2377 4927 2461 4994 qui
2488 4936 2724 4994 operatur
2747 4929 2912 4980 omnia
2940 4929 2992 4980 in
3022 4929 3250 4983 omnibus
3277 4930 3349 4997 (Ι.
3375 4929 3486 4984 Cor.
3523 4931 3604 4984 12.
3636 4932 3695 5002 6)
3726 4953 3738 4985 :
3764 4935 3842 4987 sic

2257 5017 2324 5068 de
2353 5015 2549 5085 Spiritu
2585 5027 2766 5071 sancto
2785 5059 2799 5082 ,
2833 5017 2957 5072 Htec
2990 5023 3191 5087 onmia,
3221 5022 3418 5090 inquit,
3446 5033 3684 5088 aperatur
3711 5038 3846 5078 unus

2258 5116 2405 5174 atque
2443 5106 2576 5160 idem
2615 5106 2840 5177 Spiritus
2859 5150 2873 5173 ,
2902 5109 3126 5163 dividens
3160 5112 3392 5179 privatim
3418 5113 3629 5182 singulis
3647 5156 3660 5176 ,
3693 5124 3842 5185 prout

2257 5198 2361 5249 rutt
2389 5194 2564 5267 (Ibid.
2607 5209 2655 5252 υ.
2689 5199 2742 5252 Η
2773 5197 2812 5267 ).
2845 5198 3025 5253 V'iden’
3055 5209 3109 5253 tu
3150 5200 3434 5269 perfectam
3478 5204 3846 5272 potestatem?

2257 5286 2492 5353 Quorum
2524 5290 2663 5343 enim
2692 5300 2878 5344 natura
2909 5299 2991 5345 est
3019 5307 3141 5357 una,
3178 5292 3315 5347 haud
3345 5293 3557 5350 dubium
3583 5298 3711 5365 quin
3744 5311 3842 5351 eo-

2257 5391 2374 5430 rum
2421 5391 2522 5430 una
2561 5379 2630 5432 sit
2665 5381 2950 5434 auctoritas
2981 5399 2994 5434 :
3021 5389 3076 5435 et
3107 5396 3328 5450 quorum
3368 5385 3583 5453 aequalis
3620 5385 3842 5439 honoris

2255 5476 2337 5520 est
2361 5469 2629 5536 majestas,
2658 5485 2839 5525 eorum
2863 5481 2916 5525 et
2941 5471 3106 5526 virtus
3135 5487 3197 5526 ac
3222 5483 3455 5542 petestas
3479 5484 3559 5529 est
3584 5489 3707 5528 una.
3739 5475 3841 5528 Per

2256 5555 2398 5610 hunc
2423 5569 2755 5626 peccatorum
2785 5561 3152 5616 remissionem
3182 5563 3503 5617 obtinuimus
3529 5581 3543 5617 :
3573 5580 3667 5634 per
3697 5564 3840 5620 hunc

2254 5647 2440 5702 sordes
2468 5662 2654 5703 omnes
2682 5648 3027 5704 abstersimus
3057 5669 3069 5704 :
3100 5667 3194 5712 per
3223 5652 3375 5722 hujus
3401 5653 3738 5707 donationem
3773 5671 3837 5708 ex

2255 5736 2556 5792 hominibus
2583 5739 2756 5807 angeli
2789 5739 2908 5794 facti
2944 5758 3128 5797 sumus
3152 5782 3166 5806 ,
3193 5744 3279 5812 qui
3309 5743 3375 5797 ad
3401 5744 3621 5814 gratiam
3647 5759 3837 5797 accur-

2258 5829 2422 5882 rimus
2445 5871 2458 5898 ,
2486 5845 2590 5886 non
2618 5841 2799 5884 natura
2828 5835 3012 5886 mutati
3037 5874 3052 5900 ,
3080 5835 3172 5890 sed
3202 5835 3341 5905 quod
3371 5835 3536 5891 multo
3562 5847 3642 5891 est
3665 5837 3840 5888 mira-
