4130 6466
374 367 489 426 εστ

374 494 618 581 σταυροῦ
668 498 969 581 σχισάντων
1005 499 1159 568 αὐτὸ,
1193 500 1333 556 ὥστε
1377 505 1630 571 γενέσθαι
1669 509 1964 581 ἄχρηστον.

390 579 531 632 Ἀλλ’
560 580 746 632 ἐκεῖνα
793 580 893 650 μὲν
936 582 1122 655 χάριτι
1162 586 1260 638 καὶ
1296 587 1680 662 φιλανθρωπίᾳ
1730 579 1830 662 τῆς
1870 592 1965 646 τοῦ

298 700 313 705 -
377 662 791 732 σταυρωθέντος
817 666 1056 736 Χριστοῦ
1099 668 1281 738 ίσχύος
1322 670 1498 725 πάντα
1525 672 1842 745 ἑξήλειπται
1862 692 1876 707 ·
1899 675 1968 728 τὰ

374 746 437 799 δὲ
471 746 610 817 μετά
638 746 707 798 τὸ
753 746 1037 821 βάπτισμα
1083 751 1284 823 πολλῆς
1317 754 1505 826 χρείαν
1545 756 1660 827 ἔχει
1704 757 1965 827 σπουδῆς,

377 829 523 881 ὥστε
549 827 939 911 ,ἐξαλειφθῆναι
972 832 1155 890 πάλιν.
1173 836 1390 908 Ἐπειδὴ
1425 838 1549 910 μηδ’
1569 839 1688 893 ἐστι
1716 840 1968 911 δεύτερον

376 910 622 994 λουτρὸν,
661 910 796 994 ἀλλά
840 914 951 968 τῶν
998 916 1249 988 δακρύων
1280 919 1452 975 δεῖται
1500 921 1609 974 τῶν
1658 910 1965 994 ἡμετέρων,

381 992 695 1077 μετανοίας,
727 992 1188 1069 ἑξομολογήσεως,
1219 995 1613 1075 ἐλεημοσύνης,
1652 992 1847 1077 εὐχῆς,
1875 1008 1968 1060 καὶ

376 1077 482 1147 τῆς
507 1076 673 1150 ἄλλης
705 1078 923 1151 ἀπάσης
948 1083 1232 1149 εὐλαϐείας
1253 1100 1266 1114 ·
1296 1084 1440 1140 οὕτω
1473 1088 1569 1141 καὶ
1607 1088 1746 1157 μετά
1775 1076 1838 1142 τὺ
1874 1089 1969 1160 βά-

380 1176 595 1231 πτισμα
642 1161 1029 1234 ἐκκαθαίρεται
1062 1166 1440 1239 ἁμαρτήματα
1472 1169 1611 1240 μετὰ
1646 1172 1803 1224 πόνου
1839 1172 1969 1225 πολ-

378 1241 476 1295 λοῦ
514 1244 609 1296 καὶ
639 1245 908 1316 καμάτου.
948 1248 1137 1302 Πᾶσαν
1167 1249 1344 1304 τοίνυν
1372 1252 1771 1324 ἑπιδειξώμεθα
1800 1271 1969 1309 σπου·-

377 1325 497 1395 δὴν,
533 1326 674 1378 ὥστε
704 1327 847 1381 αὐτά
873 1328 1150 1400 ἐξαλεῖψαι
1174 1332 1446 1399 ἐντεῦθεν,
1474 1336 1569 1388 καὶ
1594 1335 1854 1408 αἰσχύνης
1874 1339 1970 1391 καὶ

379 1409 481 1492 τῆς
514 1408 788 1473 κολάσεως
811 1410 1193 1483 ἀπαλλαγῆναι
1224 1416 1325 1487 τῆς
1349 1419 1486 1472 ἐκεῖ.
1512 1419 1630 1473 Κᾶν
1658 1421 1768 1490 γὰρ
1802 1420 1971 1492 μυρία

376 1485 533 1560 ὦμεν
555 1492 960 1563 ἡμαρτηκότες,
982 1496 1048 1550 ἂν
1076 1485 1349 1569 ἐθέλωμεν
1379 1500 1508 1573 δυνη
1518 1485 1970 1572 σόμεθαάπαντα

380 1574 555 1658 ταῦτα
586 1575 886 1640 ἀποθέσθαι
922 1577 1029 1630 τῶν
1052 1578 1466 1652 ἁμαρτημάτων
1492 1584 1562 1637 τά
1578 1585 1804 1658 φορτία.
1836 1588 1971 1639 Βου-

379 1655 636 1728 ληθῶμεν
662 1658 842 1711 τοίνυν
866 1674 882 1689 ·
919 1659 1099 1731 πολλῷ
1126 1662 1235 1735 γάρ
1269 1664 1475 1733 βέλτιον
1509 1655 1706 1739 μικρδν
1737 1670 1970 1724 ἐνταῦθα

379 1740 721 1809 πονήσαντας
781 1741 1154 1813 ἀπαραιτήτου
1202 1746 1486 1812 κολάσεως
1541 1750 1967 1823 ἀπαλλαγῆναι,

379 1821 536 1893 [468]
576 1822 608 1893 ἦ
638 1823 728 1876 τὸν
753 1822 959 1895 βραχὺν
982 1825 1171 1881 τοῦτον
1202 1829 1626 1901 ρᾳθυμήσαντας
1662 1821 1851 1904 χρόνον
1890 1837 1971 1900 εἰς

377 1905 483 1968 τὰς
530 1905 831 1970 ἀθανάτους
874 1906 1087 1973 ἐκείνας
1133 1911 1393 1982 ἐμπεσεῖν
1436 1916 1875 1988 τιμωρίας.Ὢρα
1914 1919 1970 1972 δὲ

378 1989 1033 2073 λοιπδνγάναλογίσασθαι
1086 1993 1155 2047 τά
1205 1995 1512 2067 εἰρημένα·
1556 2000 1972 2073 ἐπετιμήσαμεν

380 2075 496 2135 ’τοῖς
535 2072 604 2124 δι’
625 2074 873 2128 ἐνιαυτοῦ
909 2074 1068 2145 μόνον
1094 2080 1579 2151 παραγινομένοις,
1613 2083 1695 2136 ὅτι
1721 2072 1819 2154 τὴν
1863 2102 1971 2155 μη-

380 2157 519 2225 τέρα
559 2157 856 2229 περιορῶσι
893 2162 1313 2234 γυμνουμένην·
1353 2165 1742 2237 ἀνεμνήσαμεν
1774 2169 1972 2232 αὐτοὺς

380 2239 626 2304 παλαιᾶς
657 2241 919 2312 ἱστορίας,
948 2243 1043 2296 καὶ
1088 2247 1335 2318 κατάρας
1365 2244 1461 2301 καὶ
1492 2250 1739 2318 εὐλογίας
1766 2265 1777 2277 ·
1810 2250 1971 2303 διελέ-

379 2323 592 2394 χθημεν
618 2323 746 2395 περὶ
764 2324 964 2396 ἑορτῶν
999 2325 1326 2393 Ἰουδαῖκῶν,
1351 2331 1445 2383 καὶ
1474 2332 1620 2395 τίνος
1647 2332 1833 2385 ἕνεκεν
1853 2333 1974 2402 τρὶς

375 2408 476 2461 τοῦ
505 2407 751 2462 ἐνιαυτοῦ
782 2407 997 2462 κελεύει
1035 2411 1162 2476 τοὺς
1195 2413 1480 2479 Ἰουδαίους
1508 2415 1796 2484 φαίνεσθαι
1823 2417 1974 2488 αὐτῷ

376 2493 410 2544 ὁ
432 2489 598 2555 Θεός·
630 2490 859 2563 εἴπομεν
883 2495 964 2548 ὅτι
995 2495 1156 2567 ἑορτὴ
1189 2495 1481 2562 διαπαντός
1510 2500 1626 2553 ἐστι
1655 2499 1748 2553 καὶ
1768 2501 1976 2571 Πεντη-

379 2575 568 2644 κοστὴ,
596 2576 690 2628 καὶ
728 2576 942 2648 Πάσχα,
970 2580 1066 2632 καὶ
1100 2581 1422 2650 Ἐπιφάνεια
1440 2599 1454 2613 °
1492 2582 1718 2655 εἴπομεν
1746 2584 1828 2637 δτι
1856 2586 1977 2654 ἑορ-

377 2658 482 2727 τὴν
518 2660 759 2723 συνειδὸς
784 2664 930 2715 ποιεῖ
959 2662 1219 2733 καθαρὸν,
1249 2663 1346 2734 οὐχ
1377 2665 1597 2738 ἡμερῶν
1640 2667 1734 2720 καὶ
1767 2669 1976 2740 χρόνων

378 2741 629 2813 περίοδος
650 2762 665 2775 ο
704 2744 823 2814 μετ’
847 2746 1024 2800 ἐκεῖνο
1051 2745 1212 2819 ἐξέϐη
1222 2764 1320 2818 μεν
1344 2748 1444 2800 ’ἐπὶ
1488 2749 1555 2802 τὰ
1586 2748 1733 2822 δῶρα
1751 2751 1822 2803 τὰ
1843 2753 1977 2805 ἅνω-

374 2824 471 2878 θεν
518 2826 917 2903 ’κατενεχθέντα
943 2844 958 2860 ·
1037 2829 1264 2902 εἴπομεν
1317 2832 1399 2885 ὅτι
1446 2833 1794 2905 καταλλαγῆς
1856 2836 1974 2887 ἐστι

372 2908 538 2961 τοῦτο
574 2911 802 2980 σημεῖον
823 2926 836 2942 ·
862 2911 1152 2984 ἐδείξαμεν
1182 2914 1264 2968 ὅτι
1296 2916 1529 2986 πάρεστι
1567 2914 1791 2987 Πνεῦμα
1818 2916 1975 2985 ἅγιον

1394 372 1484 429 DE
1521 374 1788 434 SANCTA
1823 374 2301 433 PENTECOSTE.
2344 374 2576 432 IIOMIL.
2612 371 2677 430 ῐῐ.

3559 379 3665 437 464

2074 495 2161 550 διὰ
2192 497 2290 568 τῆς
2318 496 2568 566 ἀφέσεως
2595 494 2702 549 τῶν
2731 491 3165 566 ἁμαρτημάτων,
3193 494 3284 550 διά
3311 495 3409 567 τῆς
3436 493 3667 571 ἀποκρί-

2077 600 2215 647 σεως
2235 584 2334 653 τῆς
2363 582 2498 654 πρὸς
2522 582 2612 635 τὸν
2641 580 2895 651 ποιμένα,
2922 580 3012 634 διὰ
3034 580 3124 635 τοῦ
3145 580 3304 649 λόγου
3325 582 3425 652 τῆς
3450 583 3662 652 σοφίας,

2075 666 2169 719 καὶ
2208 667 2306 736 τῆς
2333 665 2609 734 γνώσεως,
2644 664 2735 717 διὰ
2781 664 2889 717 τῶν
2932 665 3297 735 χειροτονιῶν,
3328 664 3417 717 διὰ
3442 665 3543 736 τῆς
3572 667 3667 719 θυ-

2075 749 2196 812 σίας
2231 751 2329 819 τῆς
2365 749 2669 817 μυστικῆς·
2709 747 2935 818 εἴπομεν
2975 748 3055 801 ὄτι
3085 744 3268 820 ὅμηρα
3301 747 3544 820 ἀλλήλων
3571 751 3667 805 καὶ

2074 833 2307 903 ἐνέχυρα
2335 833 2638 901 κατέχομεν
2663 847 2674 859 ·
2705 830 3127 902 προσεθήκσμεν
3156 832 3254 902 τὴν
3292 831 3492 895 αἰτίαν,
3514 833 3579 885 δι’
3601 833 3668 904 ἣν

2076 916 2144 969 τὰ
2178 919 2379 987 σημεῖα
2412 916 2679 986 ἀνῄρηται
2708 915 2801 967 νῦν
2841 916 2905 968 ἐκ
2950 915 3045 967 τοῦ
3083 914 3249 986 μέσου
3273 933 3285 945 ·
3325 916 3464 987 μετὰ
3492 915 3666 970 ταῦτα

2078 1001 2465 1071 ἀνεμνήσαμεν
2494 999 2589 1051 τοῦ
2623 998 2854 1070 φοϐεροῦ
2881 998 3255 1070 δικαστηρίου,
3287 1001 3383 1054 καὶ
3412 1001 3519 1054 τῶν
3544 1001 3665 1054 τότε

2077 1070 2443 1153 ἀνοιγομένων
2469 1081 2709 1152 βιϐλίων,
2733 1081 2825 1134 καὶ
2847 1081 2928 1135 ὅτι
2956 1080 3134 1135 πάντα
3154 1082 3313 1153 ἡμῶν
3330 1070 3666 1154 ἐγγράφεται

2076 1165 2143 1219 τὰ
2170 1166 2545 1237 ἁμαρτήματα
2564 1182 2577 1195 ·
2609 1164 2971 1234 ἀπεδείξαμεν
2993 1166 3075 1218 ὅτι
3109 1166 3449 1236 ἐξαλείφεται
3478 1167 3661 1231 πάλιν,

2076 1250 2173 1304 καὶ
2206 1249 2271 1303 ἂν
2302 1249 2566 1319 θέλωμεν.
2596 1248 2782 1302 Ταῦτα
2810 1249 2988 1303 πάντα
3037 1248 3354 1319 μέμνησθε·
3405 1252 3453 1304 εἰ
3500 1251 3556 1304 δὲ
3589 1251 3664 1323 μὴ

2076 1331 2299 1386 δυνατὸν
2342 1333 2541 1394 πάντα,
2571 1332 2691 1384 ἀντὶ
2726 1331 2945 1384 πάντων
2975 1333 3071 1384 τοῦ
3108 1334 3236 1405 περὶ
3284 1333 3394 1386 τῶν
3445 1332 3666 1403 βιϐλίων

2080 1415 2359 1487 μέμνησθε
2382 1415 2540 1483 λόγου
2562 1432 2576 1446 ·
2604 1414 2699 1467 καὶ
2730 1413 2907 1467 πάντα
2948 1414 3047 1467 ὃσα
3072 1415 3136 1468 ἂν
3162 1416 3556 1487 ἀποκρίνησθε,
3590 1417 3667 1481 ὼς

2077 1497 2291 1568 ἔχοντες
2340 1498 2429 1551 τὸν
2484 1497 2834 1568 παρεστῶτα,
2870 1498 2964 1550 καὶ
2998 1498 3296 1566 γράφοντα,
3324 1498 3466 1552 οὕτω
3493 1499 3664 1568 φθέγ-

2078 1581 2239 1649 γεσθε
2277 1581 2416 1652 μετὰ
2448 1580 2771 1650 ἀσφαλείας,
2806 1581 2900 1634 καὶ
2933 1581 3193 1650 κατέχετε
3240 1581 3534 1646 διαπαντὸς
3581 1586 3667 1636 ἐν-

2080 1664 2398 1735 ακμάζοντα
2423 1667 2489 1735 τῇ
2527 1665 2716 1735 μνήμῃ
2742 1664 2832 1718 τὸν
2858 1664 3016 1732 λόγον
3050 1665 3267 1717 τοῦτον·
3299 1665 3385 1719 ἵνα
3414 1668 3462 1719 οἱ
3493 1667 3589 1737 μὲν
3609 1669 3668 1719 ἐν

2077 1751 2144 1820 τῇ
2182 1748 2348 1819 βίϐλῳ
2379 1748 2487 1802 τῶν
2528 1749 2751 1801 δικαίων
2778 1748 3220 1819 ἐγγεγραμμένοι
3251 1749 3523 1820 προσθῆτε
3554 1754 3669 1813 τοῖς

2073 1833 2518 1905 κατορθώμασιν,
2555 1834 2605 1886 οἰ
2654 1832 2711 1885 δὲ
2759 1832 2930 1885 πολλά
2978 1832 3191 1903 ἔχοντες
3242 1833 3670 1904 ἐγγεγραμμένα

2074 1916 2291 1987 ἀμαρτή
2302 1934 2470 1987 ματα,
2492 1915 2896 1985 ἀπαλείψαντες
2920 1915 3060 1969 αὐτὰ
3087 1915 3324 1969 ἐνταῦθα
3350 1916 3562 1979 οὐδενὸς
3593 1915 3670 1968 εἰ-

2071 1998 2242 2061 δότος,
2272 1998 2680 2069 ἀπαλλαγῶμεν
2710 1999 2809 2069 τῆς
2835 1999 2897 2069 δη
2909 1997 3238 2069 μοσιεύσεως
3287 1997 3523 2069 ἐκείνης.
3558 2000 3670 2052 Καί⁵

2074 2081 2182 2151 γὰρ
2224 2082 2469 2147 δυνατὸν,
2518 2080 2700 2145 καθὼς
2731 2081 3115 2152 ἀπεδείξαμεν,
3161 2081 3250 2135 διὰ
3288 2083 3526 2153 σπουδῆς
3573 2085 3670 2137 καὶ⁵

2074 2165 2385 2234 προσευχῆς
2413 2165 2506 2217 καὶ
2544 2164 2829 2227 εὐλαϐείας
2853 2164 3252 2235 ἐπιτεταμένης
3278 2165 3575 2235 ἀπαλεῖψαι
3601 2167 3671 2218 τά

2074 2247 2505 2317 ἐγγεγραμμένα
2528 2248 2901 2317 ἁμαρτήματα
2932 2246 3165 2299 ἅπαντα.
3193 2246 3364 2300 Τοῦτο
3383 2247 3561 2300 τοίνυν
3582 2248 3672 2301 διὰ

2076 2328 2275 2392 παντὸς
2302 2327 2696 2400 σπουδάζωμεν
2724 2328 2818 2381 τοῦ
2853 2328 3069 2400 χρόνου,
3099 2328 3184 2381 ἵνα
3209 2329 3535 2392 ἀπελθόντες
3555 2333 3671 2383 ἐκεῖ

2073 2410 2390 2493 δυνηθῶμέν
2417 2429 2560 2475 τινος
2587 2410 2919 2481 συγγνώμης
2952 2413 3155 2493 τυχεῖν,
3191 2413 3286 2465 καὶ
3328 2414 3531 2477 πάντες
3556 2415 3670 2467 άπ-

2074 2488 2406 2565 αραιτήτους
2426 2498 2620 2564 φυγεῖν
2641 2496 2893 2559 κολάσεις
2914 2511 2927 2524 ·
2959 2488 3034 2549 ὧν
3058 2495 3267 2562 γένοιτο
3288 2497 3497 2559 πάντας
3519 2498 3671 2567 ἡμᾶς

2073 2578 2488 2646 ἀπαλλαγέντας
2519 2578 2925 2649 καταξιωθῆναι
2949 2578 3047 2648 τῆς
3074 2578 3353 2647 βασιλείας
3379 2580 3487 2633 τῶν
3505 2581 3670 2650 οὐρα-

2075 2660 2203 2724 νῶν,
2232 2660 2417 2731 χάριτι
2451 2662 2545 2715 καὶ
2587 2660 2972 2732 φιλανθρωπίᾳ
2997 2660 3093 2713 τοῦ
3123 2662 3329 2732 Κυρίου
3374 2665 3530 2734 ἡμῶν
3563 2666 3670 2735 Ἰη-

2078 2744 2173 2797 σοῦ
2214 2745 2473 2817 Χριστοῦ,
2515 2745 2633 2816 μεθ’
2653 2738 2713 2799 οῦ
2742 2745 2820 2814 τῷ
2848 2744 3045 2815 Πατρῖ,
3079 2745 3194 2815 ἆμα
3217 2745 3293 2815 τῷ
3320 2747 3460 2817 ἁγίῳ
3495 2750 3667 2801 Πνεῦ-

2078 2846 2229 2898 ματι,
2256 2828 2403 2894 δόξα,
2436 2830 2659 2900 κράτος,
2700 2830 2857 2901 τιμὴ,
2884 2828 2981 2883 νῦν
3016 2830 3111 2883 καί
3143 2830 3251 2895 ἀεὶ,
3286 2833 3379 2884 καὶ
3418 2833 3497 2896 είς
3536 2833 3670 2897 τοὺς

2078 2909 2281 2975 αἰῶνας
2308 2911 2415 2966 τῶν
2446 2911 2676 2966 αἰώνων.
2696 2914 2889 2985 Ἀμήν.

2067 3120 3399 3134 νκ.μῌ--ψᾙ--οσ-ι-*.ῥ
3416 3123 3471 3132 v—v
3484 3123 3633 3136 m~——~

1476 3268 1583 3321 ΕΙΣ
1622 3266 1767 3321 ΤΗΝ
1804 3267 2014 3322 ΔΓΙΛΝ
2053 3269 2577 3326 ΠΕΝΤΗΚΟΣΤΗΝ

1022 3485 1258 3555 Ὀμιλία
1281 3485 1363 3551 β’.

451 3575 521 3624 α’.
544 3567 801 3638 Μεγάλα,
817 3568 1112 3640 ἀγαπητοὶ,
1136 3570 1231 3623 καὶ
1256 3569 1435 3624 πάντα
1454 3570 1614 3638 λόγον
1633 3569 1969 3645 ἀνθρώπινον

368 3652 782 3726 ’ὕπερὸαίνσντα
819 3653 888 3706 τά
930 3655 1168 3725 σήμερον
1194 3655 1325 3725 ἡμῖν
1360 3654 1672 3727 δωρηθέντα
1707 3655 1858 3727 παρά
1876 3655 1968 3710 τοῦ

380 3736 769 3809 φιλανθρώπου
822 3735 959 3790 Θεοῦ
1002 3738 1337 3808 χαρίσματα·
1363 3739 1455 3792 διά
1489 3754 1574 3793 τοι
1617 3738 1775 3793 τοῦτο
1815 3743 1967 3811 κοινῇ

380 3823 585 3886 πάντες
612 3822 913 3893 χαίρωμεν,
948 3823 1045 3876 καὶ
1093 3823 1421 3894 σκιρτῶντες
1448 3824 1851 3896 ἀνυμνήσωμεν
1878 3824 1969 3879 τὸν

373 3906 653 3977 ἡμέτερον
675 3905 970 3978 Δεσπότην.
1006 3906 1197 3977 Ἐορτὴ
1222 3905 1332 3976 γάρ
1363 3909 1498 3977 ἡμῖν
1535 3908 1631 3961 καὶ
1663 3909 1970 3980 πανήγυρις

376 3992 418 4058 ἡ
449 3989 687 4061 σήμερον
728 3988 935 4061 ἡμέρα.
987 3988 1200 4054 Ὠσπερ
1238 3991 1348 4062 γὰρ
1385 3990 1479 4044 ἐπὶ
1519 3991 1620 4061 τῆς
1669 3991 1778 4045 τῶν
1809 3991 1969 4063 ὡρῶν

382 4071 480 4124 καὶ
520 4071 628 4125 τῶν
675 4071 891 4143 τροπῶν
923 4070 1222 4142 ἑναλλαγῆς
1264 4072 1427 4144 ἑτέρα
1451 4073 1551 4143 τὴν
1589 4073 1777 4145 ἑτέραν
1815 4073 1967 4147 [469]

381 4153 723 4224 διαδέχεται,
770 4154 914 4208 οῦτω
948 4153 1013 4225 δὴ
1044 4154 1137 4207 καὶ
1173 4155 1268 4207 ἐπὶ
1308 4156 1408 4227 τῆς
1453 4155 1778 4226 Ἐκκλησίας
1808 4158 1970 4229 ἑορτὴ

374 4235 579 4307 ἑορτὴν
609 4236 981 4307 διαδεχομένη,
1018 4234 1191 4299 οὕτως
1232 4237 1380 4307 ἡμᾶς
1411 4239 1491 4302 εἰς
1529 4239 1765 4309 ἀλλήλας
1794 4258 1971 4311 παρα-

380 4319 686 4388 πέμπουσι.
718 4316 957 4388 Πρῴηνα
983 4318 1080 4388 μὲν
1106 4314 1197 4372 οὖν
1219 4320 1574 4391 ἑωρτάσαμεν
1603 4320 1692 4376 τὸν
1717 4323 1968 4393 σταυρὸν,

382 4401 448 4453 τὸ
483 4401 674 4464 πάθος,
705 4401 804 4473 τὴν
837 4401 1155 4464 ἀνάστασιν,
1201 4403 1339 4473 μετά
1366 4404 1537 4458 ταῦτα
1570 4406 1670 4476 τὴν
1702 4407 1780 4469 εἰς
1805 4401 1970 4477 οὐρα-

379 4484 478 4538 νὸν
506 4484 690 4538 ἄνοδον
712 4483 804 4537 τοῦ
831 4485 1037 4556 Κυρίου
1054 4484 1212 4556 ἡμῶν
1245 4487 1420 4558 Ἰησοῦ
1441 4487 1702 4558 Χριστοῦ·
1732 4489 1971 4560 σήμερον

380 4568 444 4621 δέ
470 4567 653 4621 λοιπὸν
673 4569 754 4631 εἰς
774 4568 906 4622 αὐτὸ
928 4567 988 4622 τὸ
1015 4567 1166 4632 τέλος
1187 4569 1578 4641 ὐπηντήσαμεν
1596 4569 1702 4624 τῶν
1727 4570 1973 4639 ἀγαθῶν,

383 4653 470 4714 εἰς
513 4650 680 4721 αὐτὴν
725 4651 824 4723 τὴν
865 4651 1199 4723 μητρόπολιν
1246 4651 1565 4724 ἐφθάσαμεν
1593 4652 1700 4706 τῶν
1742 4653 1968 4725 ἑορτῶν,

382 4736 471 4798 εἰς
496 4733 658 4787 αύίτδν
682 4735 776 4788 τὸν
805 4735 1021 4807 καρπὸν
1053 4735 1470 4807 παρεγενόμεθα
1509 4735 1737 4806 τῆςςτοῦ
1762 4738 1970 4808 Κυρίου

380 4818 744 4885 ἐπαγγελίας.
788 4818 930 4873 Ἐὰν
956 4818 1067 4889 γὰρ
1100 4818 1360 4885 ἀπέλθω,
1387 4819 1573 4889 φησὶν,
1600 4819 1737 4890 ἐγὼ,
1778 4821 1975 4876 ἄλλον

383 4900 784 4968 Παράκλητον
820 4901 1036 4970 πέμψω
1060 4901 1226 4970 ὑμῖν,
1266 4900 1364 4955 καὶ
1402 4904 1514 4955 οὐκ
1561 4902 1779 4971 ἀφήσω
1816 4901 1974 4973 ὑμᾶς

380 4983 712 5051 ὀρφανούς.
752 4984 937 5037 Εἴδετε
971 4982 1328 5055 κηδεμονίαν;
1362 4984 1529 5036 εἴδετε
1561 4984 1973 5059 φιλανθρωπίαν

384 5063 621 5132 ἅφατονς
670 5067 783 5138 Πρὸ
808 5067 1014 5121 τούτων
1051 5066 1158 5120 τῶν
1193 5066 1414 5138 ἡμερῶν
1439 5067 1666 5138 ἀνῆλθεν
1696 5070 1776 5133 εἰς
1810 5069 1974 5141 οὐρα-

360 5142 497 5211 ¹νδν,
529 5149 617 5202 τὶν
653 5150 928 5220 βασιλικὸν
966 5150 1192 5203 ἀνέλαΰε
1226 5150 1436 5223 θρόνον,
1456 5152 1556 5223 τὴν
1595 5153 1653 5205 ἐν
1686 5151 1837 5224 δεξιᾷ
1872 5152 1967 5206 τοῦ

383 5234 599 5304 Πατρδς
630 5234 901 5306 καθέδραν
948 5235 1239 5305 ἀπείληφε,
1278 5235 1373 5288 καὶ
1421 5237 1662 5307 σήμερον
1695 5239 1826 5308 ἡμῖν
1870 5237 1971 5309 τὴν

383 5317 679 5389 ἐπιδημίαν
702 5317 795 5370 τοῦ
819 5318 958 5372 Πνεύ
968 5336 1135 5389 ματος
1154 5318 1249 5373 τοῦ
1277 5319 1431 5387 ἁγίου
1457 5317 1762 5391 χαρίζεται,
1789 5321 1884 5374 καὶ
1902 5322 1969 5374 δι’

384 5399 550 5453 αὐτοῦ
579 5399 647 5454 τὰ
680 5401 848 5472 μυρία
895 5402 1026 5473 ἡμῖν
1054 5401 1162 5454 ἀπὸ
1188 5401 1296 5455 τῶν
1325 5402 1568 5472 οὐρανῶν
1592 5403 1772 5471 ἀγαθά
1806 5421 1970 5475 χορη-

376 5486 495 5551 γεῖ.
531 5484 595 5537 Τί
617 5483 747 5554 γὰρ,
769 5485 889 5538 εἰπέ
921 5503 1029 5554 μοι,
1059 5484 1168 5537 τῶν
1192 5486 1543 5556 συνιχόντων,
1569 5487 1667 5557 τὴν
1696 5487 1969 5558 σωτηρίαν

380 5566 489 5636 τὴν
519 5567 790 5637 ἡμετέραν
844 5567 966 5637 οὐχὶ
998 5567 1089 5620 διὰ
1117 5566 1210 5620 τοῦ
1245 5568 1561 5638 Πνεύματος
1602 5571 1735 5640 ἡμῖν
1761 5570 1963 5641 ᾠκονό-

384 5665 595 5720 μηταις
628 5650 715 5704 διὰ
737 5649 927 5703 τούτου
948 5650 1192 5713 δουλείας
1216 5650 1689 5721 ἀπαλλαττόμεθα,
1718 5654 1797 5716 εἰς
1818 5652 1970 5705 ἐλευ-

454 5755 479 5783 ³
504 5754 587 5803 Sic
620 5767 808 5819 omnes_
831 5769 969 5808 mam,
1000 5756 1184 5803 melius
1208 5768 1355 5818 quam
1402 5756 1524 5806 editi
1547 5756 1752 5819 πρῶτον.
1780 5755 1969 5807 Fronto

383 5814 599 5867 Damus
614 5818 778 5881 πρώην
798 5817 977 5879 legisse
995 5818 1193 5865 videtur

655 5904 659 5911 ’
710 5908 984 5966 Ριιτιιοι.
1032 5906 1150 5967 Gn.
1200 5906 1268 5969 L.

2076 3490 2262 3561 θερίαν
2285 3488 2617 3561 καλούμεθα,
2648 3488 2729 3552 είς
2755 3486 3031 3541 υἱοθεσίαν
3057 3486 3392 3557 άναγόμεθα,
3417 3486 3669 3542 καὶᾶνω-

2077 3573 2188 3637 θεν,
2218 3573 2293 3637 ὡς
2317 3575 2510 3637 εἰπεῖν,
2535 3571 3008 3643 ἀναπλαττόμεθα,
3040 3570 3101 3624 τὸ
3129 3570 3267 3641 βαρύ
3305 3571 3400 3623 καὶ
3428 3570 3665 3632 δυσῶδες

2076 3656 2186 3710 τῶν
2240 3657 2657 3728 ἁμαρτημάτων
2722 3654 2944 3726 φορτίον
2991 3653 3386 3724 ἀποτιθέμεθα·
3434 3654 3523 3707 διὰ
3567 3653 3666 3705 τοῦ

2077 3740 2395 3815 Πνεύματος
2433 3741 2527 3794 τοῦ
2575 3740 2733 3809 ἁγίου
2782 3738 2971 3811 ἱερέων
3013 3736 3283 3806 βλέπομεν
3328 3738 3544 3807 χοροὺς,
3579 3736 3664 3788 δι-

2075 3824 2358 3879 δασκάλων
2383 3824 2580 3896 ἔχομεν
2610 3824 2888 3896 τάγματα·
2926 3822 3036 3877 ἀπὸ
3062 3821 3161 3892 τῆς
3194 3821 3443 3874 ἑντεῦθεν
3483 3822 3667 3891 πηγῆς

2078 3909 2173 3963 καὶ
2200 3892 2595 3977 ἀποκαλύψεων
2634 3892 2855 3978 δωρεαὶ,
2896 3906 2993 3960 καὶ
3043 3906 3290 3975 ἰαμάτων
3325 3903 3660 3975 χαρίσματα·

2075 3992 2172 4046 καὶ
2198 3991 2267 4045 τὰ
2310 3991 2475 4045 λοιπά
2509 3993 2723 4056 πάντα,
2761 3991 2864 4044 ὅσα
2898 3989 2999 4060 τὴν
3036 3989 3365 4059 Ἐκκλησίαν
3401 3987 3494 4040 τοῦ
3531 3988 3666 4041 Θεοῦ

2079 4077 2304 4144 κοσμεῖν
2340 4074 2552 4140 εἴωθεν,
2583 4073 2831 4128 ἐντεῦθεν
2855 4072 2966 4143 ἔχει
2990 4072 3087 4142 τὴν
3117 4071 3403 4141 χορηγίαν.
3434 4070 3542 4123 Καὶ
3568 4071 3667 4139 βοᾷ

2079 4157 2289 4220 Παῦλος
2318 4156 2512 4225 λέγων·
2558 4155 2750 4210 Ταῦτα
2781 4154 2978 4208 πάντα
3004 4153 3231 4222 ἐνεργεῖ
3268 4153 3334 4206 τὸ
3370 4152 3442 4206 ἓν
3472 4153 3572 4205 καὶ
3600 4153 3666 4205 τί)

2078 4240 2225 4294 αὐτὸ
2255 4240 2516 4308 Πνεῦμα,
2547 4238 2819 4307 διαιροῦν
2850 4238 2970 4305 ἰδίᾳ
3007 4235 3244 4304 ἑκάστῳ
3281 4237 3473 4302 καθὼς
3511 4236 3643 4299 βού-

2078 4325 2263 4376 λεται.
2296 4322 2492 4386 Καθὼς
2517 4321 2785 4392 βούλεται,
2806 4321 2991 4390 φησὶν,
3017 4321 3077 4372 οὐ
3117 4317 3298 4381 καθὼς
3333 4318 3666 4390 πηροστόιτστε⁴

2080 4422 2189 4457 ται·
2230 4405 2492 4477 διαιροῦν,
2525 4406 2586 4459 οὐ
2631 4404 3027 4476 διαιρούμενον·
3077 4399 3390 4464 αὐθεντοῦν,
3435 4402 3535 4454 οὐκ
3565 4402 3665 4453 αὐ·-

2082 4488 2266 4559 θεντία
2291 4488 2669 4560 ὑποκείμενον.
2706 4489 2817 4559 Τὴν
2850 4486 2960 4555 γὰρ
2989 4485 3158 4555 αὐτὴν
3188 4484 3456 4549 ἐξουσίαν,
3486 4486 3664 4555 ἥνπερ

2080 4574 2430 4643 ἐμαρτύρησε
2457 4571 2533 4643 τῷ
2573 4571 2772 4641 Πατρὶ,
2805 4570 3010 4645 ταύτην
3059 4568 3152 4621 καὶ
3195 4567 3273 4638 τῷ
3317 4567 3457 4637 ἁγίῳ
3495 4566 3666 4618 Πνεύ-

2086 4673 2214 4727 ματι
2248 4654 2565 4725 ἀνατίθησιν
2601 4654 2628 4705 ὁ
2657 4652 2889 4715 Παῦλος.
2925 4652 3035 4704 Καὶ
3075 4650 3265 4721 ὥσπερ
3299 4650 3391 4702 ἐπὶ
3420 4650 3513 4702 τοῦ
3548 4651 3663 4701 Πα-

2081 4740 2207 4809 τρός
2232 4755 2413 4809 φησιν·
2461 4738 2514 4789 Ὀ
2547 4736 2616 4788 δὲ
2644 4737 2784 4801 Θεός
2814 4736 2986 4808 ἐστιν
3020 4738 3051 4786 o’
3077 4731 3336 4801 ἐνεργῶν
3364 4732 3437 4786 τὰ
3466 4732 3665 4785 πάντα

2074 4822 2145 4874 ἐν
2172 4822 2383 4891 πᾶσιν,
2415 4818 2555 4873 οὕτω
2579 4819 2673 4871 καί¹
2695 4819 2788 4872 ἐπὶ
2811 4817 2904 4870 τοῦ
2927 4817 3082 4885 ἁγίου
3108 4815 3443 4885 Πνεύματος·
3473 4816 3665 4869 Ταῦῖιι

2075 4904 2143 4957 δὲ
2177 4903 2392 4967 πάντα,
2423 4904 2605 4974 φησὶν,
2631 4902 2860 4971 ἐνεργεῖ
2883 4901 2949 4954 τὸ
2979 4900 3048 4953 ἓν
3073 4898 3172 4953 καί
3200 4899 3268 4952 τὸ
3292 4899 3439 4953 αὐτὸ
3474 4901 3587 4951 Πνε
3600 4900 3664 4951 ἴε-

2072 5004 2179 5056 μα,
2216 4987 2485 5056 διαιροῦν
2521 4987 2639 5053 ἰδίᾳ
2680 4983 2913 5049 ἑκάστῳ
2945 4983 3137 5057 erat)ch
3167 4983 3475 5047 βούλεται.
3511 4978 3665 5042 Εἶδες

2076 5071 2492 5143 ἀπηρτισμένην
2517 5068 2800 5134 ἐξουσίαν;
2838 5064 2940 5120 ’Ὧν
2970 5066 3078 5137 γὰρ
3114 5067 3146 5136 ἡ
3174 5066 3332 5119 οὐσία
3368 5065 3482 5136 μία,
3505 5065 3662 5134 δῆλον

2075 5154 2161 5208 ὃτι
2196 5156 2290 5207 καὶ
2319 5155 2351 5224 ή
2384 5153 2639 5207 αὐθεντία
2670 5152 2786 5222 μία·
2817 5152 2910 5204 καὶ
2935 5143 3012 5203 ὧν
3047 5150 3287 5220 ἰσότιμος
3309 5150 3340 5217 ἡ
3366 5148 3513 5212 ἀξία,
3539 5147 3665 5199 τούο

2074 5257 2181 5292 των
2215 5239 2354 5308 καὶὴ
2389 5236 2616 5307 δύναμις
2643 5236 2738 5288 καὶ
2766 5236 2799 5304 ὴ
2830 5232 3048 5299 ἐξουσία
3081 5232 3198 5301 μία.
3217 5231 3316 5284 Διὰ
3342 5230 3533 5283 τούτου
3563 5228 3660 5297 τὴν

2075 5321 2394 5391 ἀπαλλαγὴν
2426 5318 2533 5372 τῶν
2564 5318 2980 5390 ἁμαρτημάτων
3012 5316 3314 5388 εὑράμεθα·
3348 5313 3435 5366 διὰ
3467 5310 3657 5362 τούτου

2076 5407 2254 5460 πᾶσαν
2284 5395 2477 5474 κηλῖδα
2505 5402 2959 5472 ἀπενιψάμεθαδ·
2991 5400 3081 5454 διὰ
3110 5401 3208 5470 τῆς
3229 5396 3417 5450 τούτου
3449 5393 3658 5463 δωρεᾶς

2073 5488 2133 5552 ἐξ
2155 5486 2457 5558 ἀνθρώπων
2489 5485 2711 5554 ἄγγελοι
2744 5485 3045 5553 γεγόναμεν
3082 5484 3131 5535 οἱ
3165 5483 3228 5551 τῇ
3266 5479 3447 5548 χάριτι
3482 5478 3656 5547 προσ-

2071 5571 2390 5641 δραμόντες,
2433 5570 2495 5623 οὐ
2536 5571 2635 5639 τὴν
2666 5568 2829 5638 φύσιν
2866 5564 3313 5637 μεταϐληθέντες,
3338 5561 3450 5614 ἀλλ’
3479 5560 3506 5612 ὃ
3527 5559 3658 5613 πο).-

2074 5653 2149 5724 λῴ
2170 5653 2607 5724 θαυμαστότερόν
2640 5654 2777 5720 ἐστι,
2819 5651 3068 5722 μένοντες
3103 5649 3160 5701 ὲν
3181 5648 3248 5718 τῇ
3281 5644 3440 5715 φύσει
3466 5645 3533 5715 τῇ
3563 5644 3658 5696 ἀν’

2137 5815 2165 5857 δ
2191 5814 2315 5879 Reg.
2342 5830 2487 5877 unus,
2509 5812 2875 5879 ἀπεῤῥιψάμεθα.

3289 5890 3327 5948 ἃ
