4130 6472
377 413 487 470 635

380 526 542 582 bilius
565 567 582 592 ,
629 524 683 580 in
729 532 916 579 natura
967 527 1336 592 permanentes
1383 517 1612 572 humana
1657 515 1968 587 angelorum

379 618 842 676 conversationem
896 615 1229 678 exhibemus.
1279 611 1447 666 Tanta
1492 609 1754 680 siquidem
1803 608 1973 662 virtus

378 721 465 768 est
492 710 720 781 Spiritus
750 706 939 764 sancti.
984 707 1050 760 Et
1086 703 1532 775 quemadmodum
1561 700 1695 773 ignis
1721 699 1854 786 iste,
1883 697 1971 768 qui

380 817 542 857 sensu
583 799 907 870 percipitur,
937 796 1026 852 ubi
1071 795 1236 850 molle
1275 794 1441 850 lutum
1477 792 1720 861 ceperit,
1749 789 1971 859 rigidam

380 893 512 948 illud
540 901 731 948 testam
758 889 919 947 efﬁcit
942 907 955 943 :
979 889 1057 944 sic
1081 888 1330 943 nimirum
1355 895 1411 942 et
1439 886 1574 955 ignis
1603 883 1832 955 Spiritus
1851 896 1971 936 cum

380 987 615 1040 animam
645 984 866 1053 probam
892 981 1168 1052 occuparit
1188 1022 1202 1046 ,
1235 980 1357 1036 licet
1386 994 1503 1035 eam
1531 979 1643 1034 luto
1673 977 1972 1032 molliorem

381 1078 674 1148 receperit,
710 1077 850 1132 ferro
885 1069 1154 1130 duriorem
1198 1073 1343 1127 illam
1383 1071 1590 1138 reddit;
1623 1069 1823 1126 etenim
1849 1083 1971 1124 eum

380 1171 471 1242 qui
498 1170 652 1240 paulo
677 1177 801 1224 ante
831 1175 1167 1237 peccatorum
1199 1165 1326 1221 hcce
1355 1164 1585 1234 pollutus
1610 1173 1765 1228 erat,
1797 1160 1971 1216 conti-

383 1277 491 1318 nuo
527 1261 643 1316 solo
681 1261 796 1332 ipso
825 1259 988 1314 ellicit
1020 1257 1322 1314 clariorem.
1355 1258 1528 1326 Atque
1569 1255 1671 1310 hoc
1699 1252 1825 1308 illud
1853 1259 1970 1318 est,

381 1354 525 1425 quod
555 1354 741 1410 beatus
771 1366 868 1408 nos
893 1350 1121 1406 docebat
1165 1349 1361 1405 Paulus
1379 1389 1393 1415 ,
1423 1362 1544 1403 cum
1584 1346 1880 1410 clamaret,
1909 1357 1974 1398 ac

381 1446 612 1508 diceret,
653 1442 831 1497 Nolite
863 1458 1033 1496 errare
1061 1443 1084 1496 :'
1104 1456 1260 1512 neque
1305 1438 1569 1512 fornicarii
1587 1479 1601 1503 ,
1628 1452 1787 1507 neque
1822 1435 1974 1492 idolis

381 1537 648 1592 servientes
665 1575 683 1601 ,
714 1550 872 1604 neque
899 1533 1147 1598 adulteri,
1175 1549 1332 1604 neque
1357 1531 1561 1596 molles,
1589 1545 1747 1600 neque
1769 1544 1973 1583 mascu-

383 1631 550 1685 lorum
584 1629 926 1684 concubitores
944 1670 960 1696 ,
988 1643 1146 1694 neque
1181 1630 1346 1698 fures,
1383 1640 1542 1694 neque
1571 1622 1786 1687 ebriosi,
1815 1636 1975 1690 neque

382 1721 636 1786 maledici,
658 1737 816 1790 neque
834 1736 1043 1791 rapaces
1061 1735 1269 1790 regnum
1292 1717 1390 1772 Dei
1411 1714 1732 1788 possidebunt
1753 1716 1800 1786 (l
1814 1753 1828 1768 .
1851 1713 1972 1769 Cor.

381 1815 439 1867 6.
471 1813 526 1868 9.
559 1811 672 1883 10).
705 1813 767 1866 Et
795 1826 914 1866 cum
957 1813 1135 1865 omnia
1179 1809 1347 1888 ferme
1389 1807 1742 1878 improbitatis
1777 1820 1974 1878 genera

379 1911 768 1968 enumerasset,
792 1917 992 1973 eosque
1010 1901 1100 1972 qui
1125 1916 1184 1957 se
1208 1901 1292 1956 his
1309 1891 1546 1971 peccatis
1566 1898 1969 1963 obstrinxerim,

381 1995 588 2051 alienos
613 1994 728 2050 ﬁeri
757 2009 787 2050 a
815 2009 978 2066 regno
1006 1994 1100 2050 Dei
1127 1993 1415 2059 docuisset,
1445 1992 1698 2047 continuo
1723 1989 1967 2059 subjecit,

380 2085 452 2140 Et
477 2089 583 2141 hazc
610 2086 810 2157 quidem
838 2088 1043 2158 fuistis;
1069 2087 1160 2142 sed
1183 2085 1343 2141 abluti
1368 2086 1485 2140 estis
1502 2127 1516 2152 ,
1545 2084 1634 2139 sed
1669 2083 1972 2152 sancti/iani

378 2181 520 2244 estis,
549 2179 638 2233 sed
651 2179 926 2250 justiﬁcati
953 2181 1070 2234 estis
1094 2179 1199 2250 (Ib.
1230 2195 1280 2234 υ.
1311 2176 1422 2251 il).
1448 2178 1566 2246 Quo
1596 2185 1771 2247 pacto,
1802 2189 1974 2246 quave

380 2273 625 2327 ratione?
649 2273 755 2338 die,
789 2286 974 2344 quaeso
1004 2290 1019 2327 :
1051 2272 1153 2327 hoc
1179 2272 1320 2328 enim
1350 2271 1480 2327 illud
1505 2281 1587 2327 est
1611 2269 1751 2340 quod
1782 2270 1976 2339 quaeri.

380 2375 488 2418 tur.
521 2363 587 2418 In
609 2366 811 2418 nomine
835 2362 1041 2418 Domini
1064 2363 1192 2418 Iesu
1229 2364 1434 2430 Christi,
1467 2363 1655 2433 inquit,
1687 2371 1732 2417 et
1758 2363 1813 2416 in
1842 2361 1972 2432 Spi-

380 2457 483 2510 ritu
511 2456 606 2510 Dei
636 2457 794 2511 nostri
823 2455 1032 2528 (Ibid.).
1063 2456 1226 2513 Vides
1249 2457 1497 2512 virtutem
1526 2455 1754 2526 Spiritus
1778 2455 1969 2521 sancti,

378 2549 657 2604 carissime
676 2550 700 2603 2
724 2548 874 2604 vides
894 2558 953 2604 ut
975 2563 1190 2605 omnem
1221 2549 1361 2605 hanc
1386 2547 1716 2619 iniquitatem
1743 2546 1973 2618 Spiritus

378 2649 594 2695 sanctus
631 2640 922 2706 deleverit,
961 2655 1162 2710 eosque
1209 2641 1298 2712 qui
1341 2640 1490 2711 prius
1525 2655 1557 2694 a
1598 2639 1828 2709 peccatis
1861 2639 1973 2694 suis

380 2731 576 2800 proditi
605 2741 777 2799 erant,
803 2731 982 2787 subito
1005 2732 1073 2787 ad
1096 2747 1336 2787 summos
1363 2733 1596 2787 honores
1623 2731 1902 2787 evexerit?

450 2821 509 2876 2.
536 2821 788 2876 Aduersus
818 2821 1326 2878 Pneumatomachos.
1347 2851 1419 2862 —
1439 2821 1569 2888 Quis
1591 2837 1720 2891 ergo
1745 2835 1844 2892 pro
1869 2837 1974 2878 me-

380 2915 487 2969 rito
524 2915 698 2986 lugeat
733 2930 796 2971 ac
827 2915 1070 2986 deploret
1094 2931 1220 2983 eos,
1251 2918 1342 2987 qui
1371 2915 1716 2987 blasphemiis
1742 2916 1972 2989 Spiritus

380 3007 555 3062 sancti
583 3017 838 3078 appetunt
865 3009 1196 3080 majestatem
1225 3023 1288 3066 ac
1317 3025 1512 3064 numen
1533 3051 1548 3074 ,
1581 3010 1670 3082 qui
1703 3019 1970 3081 tamquam

380 3095 568 3153 furiosi
598 3099 811 3169 quidam
852 3108 908 3155 et
944 3110 1185 3157 amentes
1223 3117 1292 3157 ne
1336 3101 1719 3158 beneficiorum
1755 3103 1970 3173 quidem

380 3190 743 3259 magnitudine
766 3190 835 3246 ab
860 3191 958 3247 hac
980 3207 1078 3248 sua
1109 3192 1302 3263 ingrati
1327 3193 1489 3248 animi
1521 3194 1859 3264 improbitate
1885 3210 1971 3248 re-

376 3288 678 3347 vocantur;
717 3282 825 3335 imo
866 3282 1122 3339 adversus
1159 3287 1427 3355 prepriam
1467 3285 1704 3355 ipsorum
1744 3287 1967 3343 salutem

378 3371 558 3424 omnia
597 3372 888 3427 machinari
926 3388 1032 3429 non
1061 3383 1345 3443 verentur,
1373 3384 1534 3447 atque
1557 3391 1586 3430 a
1617 3377 1828 3433 Domini
1852 3393 1940 3433 ma

373 3461 572 3531 jestate
600 3463 864 3532 dejectum
884 3507 901 3531 ,
930 3475 1184 3536 quantum
1222 3467 1276 3522 in
1317 3467 1448 3538 ipsis
1471 3479 1586 3536 est,
1618 3469 1671 3524 in
1699 3478 1970 3527 creatura-

378 3570 500 3608 rum
530 3555 769 3627 redigere
797 3559 1038 3614 ordinem
1076 3561 1410 3616 moliuntur?
1436 3561 1581 3630 Quos
1607 3562 1855 3634 equidem
1883 3563 1970 3619 lu-

378 3645 514 3701 bens
533 3649 608 3702 sic
631 3649 1068 3721 iuterrogaverim
1094 3669 1107 3707 :
1126 3652 1261 3721 Quid
1285 3653 1494 3710 tandem
1516 3669 1692 3710 causa:
1709 3664 1810 3721 est,
1835 3656 1970 3712 heus

377 3753 498 3804 vos,
526 3756 621 3796 cur
645 3742 841 3798 bellum
868 3752 974 3798 tam
1000 3746 1250 3802 acerbum
1277 3745 1534 3803 adversus
1554 3747 1782 3818 Spiritus
1803 3749 1969 3821 maje—

380 3840 572 3887 statem
591 3833 844 3889 indictum
872 3835 1132 3902 habeatis,
1157 3837 1240 3893 vel
1264 3839 1438 3908 potius
1457 3839 1713 3897 adversus
1730 3851 1967 3897 vestram

376 3925 615 3994 ipsorum
643 3927 911 3982 salutem?
938 3944 1112 4000 neque
1135 3929 1286 3986 vobis
1315 3931 1368 3986 in
1397 3939 1630 3987 mentem
1662 3934 1851 3989 venire
1875 3949 1969 4003 pa-

378 4018 603 4084 tiamini,
627 4032 747 4088 quae
768 4020 1043 4092 discipulis
1061 4037 1090 4076 a
1113 4021 1386 4082 Salvatore
1409 4027 1732 4082 suntdicta?
1751 4028 1966 4095 Euntes,

377 4107 550 4176 inquit
568 4150 584 4174 ,
613 4110 785 4164 docete
811 4126 979 4166 omnes
1002 4121 1172 4183 gentes
1190 4156 1205 4180 ,
1235 4114 1544 4185 baptizantes
1569 4133 1651 4172 eos
1678 4117 1732 4170 in
1768 4120 1969 4174 nomine

376 4196 554 4254 Patris
572 4210 621 4254 et
641 4199 768 4256 Filii
792 4212 840 4257 et
867 4203 1091 4274 Spiritus
1117 4207 1281 4261 sancti
1307 4207 1518 4279 (Matth.
1549 4209 1639 4265 28.
1670 4210 1782 4280 i9).
1804 4209 1968 4268 Vides

374 4292 633 4362 aequalem
661 4293 865 4352 honore
894 4298 1270 4368 maiestatem?
1297 4301 1445 4356 vides
1473 4302 1812 4357 concordiam
1840 4319 1969 4359 exa-

372 4392 464 4439 cte
498 4384 856 4456 descriptam?
883 4389 1033 4444 vides
1070 4398 1130 4445 ut
1169 4391 1398 4446 indivisa
1438 4393 1509 4448 sit
1536 4393 1811 4449 Trinitas?
1839 4410 1966 4449 num

375 4477 580 4545 uspiam
611 4479 894 4535 discrimen
932 4489 1023 4536 aut
1063 4482 1361 4539 immutatio
1396 4485 1801 4542 imminutiove?
1829 4488 1966 4556 Quid

371 4583 472 4622 vos
506 4569 714 4626 Domini
740 4571 919 4632 verbis
955 4587 1090 4628 nova
1128 4574 1370 4644 quaedam
1399 4576 1648 4631 mandata
1677 4577 1968 4648 adjungere

371 4660 626 4716 audetis?
650 4679 717 4718 an
747 4678 876 4719 vero
901 4665 1118 4720 nescitis
1143 4667 1195 4720 in
1216 4667 1442 4737 negotiis
1465 4669 1624 4723 etiam
1654 4670 1902 4725 humanis
1919 4671 1966 4727 si

371 4752 497 4818 quis
521 4753 656 4809 forte
684 4765 905 4812 conatus
930 4758 1018 4823 sit,
1046 4768 1137 4813 aut
1162 4775 1228 4814 eo
1255 4761 1327 4814 sit
1363 4776 1676 4832 progressus
1703 4764 1962 4832 audaciae,

373 4852 487 4900 uta
512 4861 638 4918 rege
662 4849 839 4906 missis
865 4851 1032 4922 literis
1060 4853 1346 4925 quidquam
1383 4856 1598 4926 adjiciat
1623 4857 1964 4927 detrahatve,

370 4938 464 5009 qui
491 4939 728 5008 ejusdem
757 4942 992 5015 alioquin
1015 4955 1098 5002 est
1121 4948 1334 5017 generis
1359 4951 1636 5007 nobiscum
1653 4995 1669 5020 ,
1699 4952 1936 5023 ejusdem

369 5045 478 5101 que
515 5046 736 5089 consors
768 5047 996 5106 naturae,
1028 5040 1204 5097 solere
1239 5040 1390 5096 illum
1423 5052 1668 5099 extremo
1701 5047 1963 5116 supplicio

370 5125 640 5193 mulctari,
672 5128 921 5200 nullaque
948 5145 1111 5201 posse
1143 5133 1351 5189 ratione
1377 5149 1408 5191 a
1440 5137 1628 5192 merita
1658 5151 1815 5208 paena
1845 5140 1962 5195 vin-

367 5217 571 5273 dicari?
595 5219 748 5288 Quod
773 5225 818 5278 si
847 5231 1052 5279 tantum
1077 5225 1131 5281 in
1156 5225 1390 5283 hominis
1415 5229 1642 5300 negotiis
1664 5231 1958 5300 periculum

369 5309 629 5378 imminet,
660 5309 816 5384 quam
843 5315 1057 5371 tandem
1079 5319 1289 5373 veniam
1316 5320 1650 5384 obtinebunt,
1675 5323 1764 5394 qui
1792 5339 1960 5394 usque

371 5337 629 5378 llllllllllCl,
660 5337 816 5384 quam
844 5337 1057 5371 tandem
1079 5337 1289 5373 venlam
1316 5337 1650 5384 onunenunt,
1751 5340 1764 5377 l
1792 5339 1959 5394 usque

363 5416 437 5456 eo
457 5405 738 5473 prosiliunt
759 5409 1096 5480 arrogantiae,
1120 5420 1179 5466 ut
1197 5428 1316 5483 qua:
1335 5428 1366 5467 a
1385 5416 1655 5470 communi
1675 5337 1959 5476 glvatore

364 5503 555 5552 nostro
580 5508 702 5555 sunt
724 5499 887 5568 dicta,
913 5517 1258 5576 corrumpere
1284 5507 1590 5575 moliantur,
1615 5525 1789 5582 neque
1815 5512 1956 5567 Pau-

362 5587 512 5656 lum,
551 5592 640 5662 qui
680 5593 986 5666 loquentem
1029 5598 1083 5652 in
1122 5613 1182 5654 se
1220 5599 1487 5656 Christum
1532 5603 1726 5672 habet,
1769 5607 1954 5665 audire

362 5683 652 5753 dignentur
676 5688 817 5744 clara
846 5705 977 5747 voce
1001 5692 1316 5752 clamantem
1341 5711 1404 5752 ac
1428 5697 1690 5756 dicentem
1713 5743 1729 5768 ,
1760 5702 1954 5758 Oculus

364 5792 466 5832 non
495 5779 650 5847 vidit,
680 5793 728 5836 et
751 5785 891 5840 auris
928 5803 1033 5842 non
1066 5790 1291 5854 audivit,
1322 5799 1367 5845 et
1401 5792 1455 5845 in
1490 5809 1578 5847 cor
1607 5793 1825 5851 hominis
1850 5813 1953 5852 non

363 5873 698 5930 excuderunt
725 5892 838 5947 qua:
860 5879 1167 5948 prteparavit
1187 5877 1320 5936 Deus
1346 5879 1428 5952 iis,
1450 5882 1539 5953 qui
1566 5882 1786 5958 diligunt
1808 5887 1952 5944 illum

1343 399 1430 456 DE
1468 397 1735 456 SANCTA
1773 395 2240 454 PENTECOSTE.
2281 396 2509 455 ΗΟΜΠι.
2549 397 2616 454 ll.

3561 405 3667 463 466

2084 516 2104 587 (
2127 517 2172 572 l.
2216 516 2335 572 Cor.
2366 517 2420 576 2.
2485 517 2518 571 9
2543 518 2600 587 )?
2629 515 2685 571 Si
2716 530 2844 588 ergo
2883 531 3055 589 neque
3088 516 3275 573 oculus
3303 516 3468 586 vidit,
3496 533 3670 590 neque

2075 610 2218 665 auris
2259 608 2493 675 audivit,
2527 624 2699 680 neque
2734 625 2832 666 cor
2869 625 3060 681 capere
3099 609 3270 680 potuit
3310 612 3669 684 cognitionem

2077 702 2359 768 bonorum,
2387 717 2505 771 qua:
2536 702 2708 772 ipsum
2746 701 3086 773 diligentibus
3123 711 3247 758 sunt
3274 711 3477 773 parata,
3503 704 3668 770 unde,

2076 811 2278 866 quaeso,
2309 796 2420 850 ﬁeri
2449 798 2659 864 poterit,
2685 811 2718 850 ο
2744 795 2897 852 beate
2925 796 3105 862 Paule,
3138 804 3199 851 ut
3233 810 3333 852 nos
3358 810 3544 852 eorum
3571 811 3669 852 co-

2074 888 2366 958 gnitionem
2397 888 2784 957 assequamur?
2814 887 3076 958 Exspecta
3122 887 3392 959 paulisper
3424 906 3436 942 :
3468 897 3578 942 tum
3611 897 3668 944 tu

2076 979 2222 1034 illum
2268 979 2438 1048 ipsum
2482 979 2665 1034 audies
2704 979 2804 1035 hoc
2830 978 3118 1036 dicentem.
3151 981 3334 1052 Itaque
3361 980 3554 1049 adjecit
3581 978 3670 1035 di-

2076 1085 2205 1125 cens
2237 1087 2251 1124 :
2284 1067 2446 1123 Nobis
2484 1079 2648 1126 autem
2682 1070 2914 1124 reuelauit
2944 1068 3082 1126 Deus
3120 1087 3212 1141 per
3246 1071 3482 1141 spiritum
3520 1087 3670 1125 suum

2079 1161 2238 1236 (Ibid.
2276 1180 2324 1218 υ.
2356 1162 2443 1234 10)
2481 1179 2495 1218 :
2527 1179 2698 1233 neque
2736 1178 2864 1218 vero
2913 1162 2997 1218 hic
3039 1162 3310 1230 substitit;
3342 1162 3436 1219 sed
3468 1171 3526 1218 ut
3565 1177 3668 1233 po-

2076 1258 2256 1312 tentite
2280 1256 2700 1328 magnitudinem
2727 1256 3004 1321 indicaret,
3030 1264 3085 1312 et
3109 1271 3215 1327 quo
3244 1265 3400 1327 pacto
3426 1257 3666 1328 ejusdem

2074 1350 2146 1405 sit
2184 1350 2496 1406 substantia:
2531 1358 2690 1420 atque
2727 1347 2886 1404 Pater
2912 1356 2964 1404 et
2993 1347 3158 1403 Filius
3185 1365 3199 1402 :
3229 1347 3455 1418 Spiritus
3482 1348 3625 1404 enim
3648 1389 3664 1415 ,

2074 1441 2280 1508 inquit,
2312 1442 2484 1494 omnia
2523 1449 2804 1504 scrutatur,
2841 1439 2996 1494 etiam
3036 1440 3291 1510 profunda
3324 1438 3422 1494 Dei
3455 1437 3667 1510 (Ibid.).

2075 1532 2277 1588 Deinde
2309 1548 2432 1587 cum
2473 1532 2733 1602 exemplis
2767 1531 3016 1587 humanis
3056 1531 3442 1588 accuratiorem
3467 1531 3671 1588 doctri-

2076 1639 2198 1678 nam
2227 1625 2465 1680 inserere
2491 1624 2683 1679 animis
2703 1625 2900 1680 nostris
2920 1624 3098 1692 vellet,
3127 1623 3320 1694 adjecit
3345 1642 3357 1680 :
3388 1624 3515 1691 Quis
3535 1625 3669 1680 enim

2076 1717 2334 1772 hominum
2370 1718 2462 1772 scit
2499 1733 2613 1785 quae
2647 1727 2766 1772 sunt
2806 1717 3057 1784 hominis,
3088 1717 3187 1772 nisi
3215 1718 3424 1788 spiritus
3450 1718 3672 1773 hominis

2072 1811 2160 1881 qui
2185 1810 2238 1864 in
2262 1811 2373 1881 ipso
2399 1812 2511 1866 est?
2538 1811 2627 1866 Sic
2651 1820 2698 1866 et
2719 1827 2830 1876 qua:
2853 1809 2949 1865 Dei
2976 1819 3092 1865 sunt
3122 1827 3268 1866 nemo
3292 1811 3542 1882 cognouit,
3571 1811 3676 1866 nisi

2076 1903 2304 1974 Spiritus
2328 1903 2426 1958 Dei
2453 1903 2560 1976 (Ib.
2588 1920 2637 1958 υ.
2669 1901 2779 1977 ll).
2813 1903 2969 1958 Vides
2994 1903 3244 1958 eximiam
3268 1903 3672 1975 perfectamque

2074 1993 2416 2050 doctrinam?
2437 1995 2921 2064 Quemadmodum,
2946 1994 3135 2065 inquit,
3159 2009 3244 2062 ea,
3269 2011 3388 2066 qua:
3411 1995 3464 2049 in
3491 2005 3671 2050 mente

2073 2094 2199 2142 sunt
2225 2085 2493 2154 hominis,
2523 2088 2636 2142 ﬁcri
2666 2087 2849 2157 nequit
2875 2095 2934 2142 ut
2969 2087 3106 2142 alter
3144 2089 3386 2156 noverit,
3415 2087 3510 2143 sed
3555 2087 3671 2158 ipse

2073 2192 2162 2234 res
2183 2192 2307 2232 suas
2335 2179 2480 2233 novit
2508 2178 2654 2234 solus
2679 2197 2691 2233 :
2721 2178 2800 2234 sic
2823 2187 2876 2233 ct
2900 2194 3020 2248 qua:
3047 2178 3140 2234 Dei
3169 2187 3295 2233 sunt
3320 2179 3498 2234 nullus
3524 2180 3672 2234 novit

2074 2270 2176 2326 nisi
2219 2270 2448 2341 Spiritus
2490 2270 2620 2338 Dei,
2649 2269 2790 2342 quod
2832 2271 3120 2326 maximum
3157 2279 3240 2326 est
3264 2271 3520 2342 valdeque
3550 2270 3670 2326 ido-

2074 2377 2233 2418 neum
2255 2361 2320 2417 ad
2342 2361 2725 2418 ostendendam
2747 2361 2976 2432 Spiritus
2995 2363 3326 2434 dignitatem.
3350 2364 3668 2435 Exemplum

2073 2455 2216 2510 enim
2244 2454 2437 2522 attulit,
2463 2453 2615 2525 quasi
2646 2455 2750 2510 hoc
2778 2456 3018 2511 innueret
3049 2473 3064 2511 :
3090 2456 3230 2512 Fieri
3259 2471 3366 2512 non
3393 2465 3585 2527 potest,
3612 2469 3671 2512 ut.

2073 2546 2193 2616 quis
2221 2543 2496 2600 hominum
2524 2560 2585 2601 ea
2608 2586 2625 2610 ,
2652 2560 2773 2616 qua:
2801 2546 2854 2600 in
2884 2561 2979 2601 sua
3015 2554 3193 2601 mente
3220 2556 3383 2614 sunt,
3415 2561 3666 2615 umquam

2075 2636 2301 2706 ignoret.
2331 2635 2403 2692 Ut
2437 2635 2598 2707 igitur
2619 2635 2734 2692 ﬁeri
2765 2637 2866 2692 hoc
2892 2651 2997 2692 non
3028 2645 3208 2706 potest
3229 2679 3244 2702 ,
3271 2637 3350 2693 sic
3376 2648 3430 2693 et
3454 2653 3516 2694 ea
3546 2654 3668 2710 qua:

2075 2728 2170 2784 Dei
2199 2735 2325 2784 sunt
2348 2736 2456 2783 tam
2486 2737 2674 2784 exacte
2713 2728 2943 2799 Spiritus
2980 2741 3198 2784 sanctus
3236 2730 3403 2784 novit.
3433 2729 3540 2786 Sed
3568 2746 3668 2787 ne-

2071 2822 2184 2892 gari
2210 2837 2316 2876 non
2347 2830 2540 2892 potest,
2565 2822 2691 2892 quin
2715 2820 2798 2876 his
2817 2822 2978 2877 etiam
3004 2821 3182 2877 verbis
3210 2823 3396 2878 beatus
3421 2823 3522 2879 iste
3545 2823 3670 2878 illos

2074 2921 2292 2984 tangat,
2321 2913 2412 2984 qui
2441 2913 2512 2967 ob
2538 2913 2879 2982 auticipatam
2905 2928 3056 2968 suam
3089 2913 3397 2984 opinionem
3424 2929 3546 2968 cum
3576 2928 3669 2969 sa-

2073 3003 2198 3058 lutis
2222 3019 2333 3058 sure
2360 3004 2684 3060 detrimento
2708 3012 2911 3059 tantum
2941 3003 3142 3059 bellum
3168 3003 3398 3075 Spiritus
3425 3004 3668 3077 dignitati

2071 3110 2134 3151 se
2162 3094 2416 3151 indixisse
2442 3095 2739 3163 declarant,
2762 3105 3125 3168 quantumque
3149 3097 3310 3152 situm
3331 3097 3385 3153 in
3407 3098 3538 3170 ipsis
3562 3109 3666 3166 est,

2071 3201 2197 3242 eum
2224 3187 2460 3256 supremi
2487 3187 2793 3244 dominatus
2819 3188 3077 3260 dignitate
3117 3189 3364 3259 privant,
3403 3197 3562 3261 atque
3600 3192 3668 3246 ad

2071 3288 2437 3336 creaturarum
2484 3280 2742 3351 dejiciunt
2788 3281 3069 3336 vilitatem.
3117 3280 3498 3338 Verumtamen
3541 3284 3669 3339 licet

2071 3371 2148 3426 illi
2185 3371 2542 3426 contentionis
2575 3371 2753 3428 studio
2784 3372 2928 3427 ducti
2967 3370 3256 3442 Scripturae
3294 3387 3462 3428 sacrae
3489 3374 3668 3430 verbis

2070 3465 2406 3520 adversarios
2450 3479 2572 3520 sese
2621 3473 2932 3534 opponant,
2975 3479 3075 3520 nos
3121 3464 3296 3520 divina
3347 3463 3667 3521 documenta

2071 3557 2217 3612 velut
2240 3556 2453 3612 oracula
2479 3557 2548 3613 de
2571 3558 2703 3612 caelo
2729 3557 2893 3614 missa
2920 3557 3294 3629 suscipientes,
3323 3557 3529 3614 debitas
3554 3558 3668 3614 lau-

2071 3649 2168 3705 des
2196 3647 2487 3704 oﬂ'eramus
2507 3689 2522 3714 ,
2549 3657 2605 3703 et
2630 3663 2751 3703 cum
2778 3657 2925 3704 recta
2952 3648 3057 3705 lide
3084 3649 3246 3705 etiam
3271 3649 3510 3706 veritatis
3535 3665 3666 3705 exa-

2069 3751 2210 3797 ctam
2245 3742 2606 3813 cognitionem
2651 3757 2763 3812 prze
2799 3742 2956 3798 nobis
2989 3743 3242 3800 teramus.
3273 3745 3446 3815 Atque
3472 3744 3538 3800 ad
3569 3760 3665 3802 eos

2069 3834 2285 3905 quidem
2309 3834 2658 3890 revineendos
2680 3876 2696 3900 ,
2727 3835 2817 3906 qui
2845 3849 2907 3890 ea
2933 3877 2948 3903 ,
2973 3850 3092 3907 qua:
3121 3835 3353 3906 Spiritus
3378 3838 3546 3893 sancti
3574 3854 3664 3894 re-

2070 3926 2284 3997 sponsis
2311 3927 2578 3982 coutraria
2621 3936 2780 3994 sunt,
2813 3926 3008 3982 docere
3055 3941 3164 3982 non
3205 3927 3477 3995 dubitant,
3517 3929 3668 3984 sut‘ti-

2068 4019 2215 4073 ciunt
2241 4033 2302 4073 ea
2330 4034 2448 4088 quae
2487 4019 2628 4085 dicta
2670 4029 2832 4085 sunt;
2866 4035 3057 4076 verum
3083 4022 3225 4077 enim
3253 4037 3382 4078 vero
3407 4023 3557 4093 cujus
3586 4026 3664 4079 rei

2068 4112 2236 4181 gratia
2283 4121 2548 4166 tantorum
2595 4127 2811 4167 causam
2856 4114 3118 4169 bonorum
3161 4130 3268 4170 non
3317 4116 3495 4171 statim
3543 4128 3665 4186 post

2070 4216 2221 4257 suam
2253 4202 2305 4256 in
2333 4202 2493 4257 cados
2519 4204 2888 4258 ascensionem
2917 4204 3173 4261 Dominus
3195 4206 3268 4260 sit
3297 4206 3535 4277 largitus,
3567 4208 3662 4262 sed

2071 4310 2266 4364 paucos
2291 4295 2405 4351 dies
2435 4295 2582 4364 prius
2606 4295 2790 4352 siverit
2815 4306 3149 4368 exspectare,
3182 4313 3244 4352 ac
3269 4297 3414 4353 solos
3444 4314 3664 4354 manere

2070 4385 2361 4455 discipulos
2389 4385 2556 4452 domi,
2583 4396 2694 4441 tum
2716 4387 2908 4443 deinde
2925 4389 3153 4457 Spiritus
3180 4389 3405 4459 gratiam
3435 4391 3664 4445 demise-

2069 4477 2169 4541 rit,
2197 4493 2376 4547 opcrae
2403 4479 2633 4547 pretium
2663 4477 2852 4534 facturi
2885 4479 3165 4548 videmur,
3195 4481 3239 4535 si
3265 4480 3538 4536 dilectioni
3571 4497 3663 4538 ve-

2069 4576 2195 4622 stra:
2219 4566 2517 4622 referamus
2547 4587 2560 4622 :
2589 4584 2696 4624 non
2723 4570 2866 4625 enim
2894 4581 3096 4626 temere
3113 4612 3129 4637 ,
3162 4586 3336 4642 neque
3361 4572 3478 4626 sine
3501 4587 3660 4628 causa

2069 4660 2265 4716 factum
2291 4669 2376 4717 est
2402 4661 2551 4716 illud.
2578 4662 2710 4716 Nam
2740 4666 2990 4733 quoniam
3017 4681 3184 4735 genus
3211 4666 3501 4722 humanum
3530 4669 3662 4725 vidit

2069 4769 2176 4809 non
2203 4763 2348 4810 tanto
2375 4755 2426 4809 in
2458 4755 2629 4824 pretio
2654 4757 2849 4811 habere
2869 4773 2988 4828 quae
3010 4760 3205 4814 suntin
3230 4762 3472 4816 manibus
3497 4763 3658 4834 bona,

2067 4859 2242 4915 neque
2267 4859 2364 4915 pro
2392 4845 2646 4916 dignitate
2671 4861 2735 4902 ea
2761 4849 2968 4916 colere,
2999 4866 3117 4920 qua:
3152 4852 3384 4922 jucunda
3421 4856 3579 4911 simul
3607 4867 3663 4912 et

2066 4951 2258 5007 magna
2295 4936 2602 5005 videantur,
2632 4939 2732 4995 nisi
2772 4942 2932 4998 etiam
2973 4946 3362 5002 contrariorum
3403 4964 3659 5005 occursus

2067 5029 2380 5098 irrepserit;
2412 5031 2645 5100 exempli
2675 5047 2832 5088 causa
2866 5033 3187 5105 (dicendum
3216 5038 3358 5093 enim
3387 5048 3471 5095 est
3503 5056 3659 5110 aper-

2068 5122 2196 5190 tius)
2221 5162 2235 5185 ,
2259 5122 2350 5192 qui
2378 5138 2511 5180 sano
2537 5133 2622 5180 est
2655 5140 2721 5182 ac
2747 5136 2934 5196 vegeto
2960 5143 3186 5200 corpore
3203 5173 3219 5196 ,
3249 5147 3425 5204 neque
3449 5137 3652 5202 sentit,

2065 5238 2240 5294 neque
2283 5229 2422 5280 scire
2462 5231 2642 5294 potest
2681 5232 2904 5292 exacte,
2935 5235 3131 5297 quanta
3172 5228 3245 5283 illi
3287 5230 3485 5284 sanitas
3515 5230 3653 5284 bona

2065 5315 2364 5386 largiretur.
2394 5317 2495 5372 nisi
2533 5317 2844 5373 inﬁrmitate
2887 5319 3178 5389 obrepente
3217 5320 3458 5374 morbum
3490 5321 3650 5376 etiam

2061 5407 2223 5463 fuerit
2265 5420 2516 5479 expertus
2547 5429 2560 5464 :
2593 5419 2646 5466 et
2673 5411 2763 5481 qui
2803 5411 2942 5466 diem
2991 5428 3176 5468 rursus
3215 5412 3430 5481 aspicit,
3468 5413 3650 5470 lumen

2062 5501 2191 5554 tanti
2228 5515 2334 5554 non
2374 5500 2498 5556 facit
2519 5542 2536 5567 ,
2565 5501 2665 5556 nisi
2703 5503 2863 5558 etiam
2895 5505 3064 5559 noctis
3093 5503 3336 5557 tenebras
3366 5518 3650 5571 perscnse-

2059 5595 2146 5646 rit.
2189 5593 2399 5649 Etenim
2447 5595 2836 5651 contrariorum
2883 5597 3206 5666 experientia
3255 5598 3505 5666 magistra
3551 5614 3650 5655 nos

2058 5694 2242 5756 aperte
2269 5686 2447 5754 docet,
2479 5689 2654 5759 qualia
2681 5688 2789 5744 sint
2812 5703 2897 5756 ea,
2921 5687 3111 5758 quibus
3136 5696 3291 5743 antea
3317 5688 3646 5745 fruebantur.

2057 5781 2262 5837 Idcirco
2303 5784 2553 5838 nimirum
2597 5793 2706 5838 tum
2750 5798 2992 5855 quoque,
3031 5783 3457 5854 quandoquidem
3503 5800 3646 5854 prae-

2058 5883 2210 5932 scnte
2254 5875 2345 5929 illo
2388 5877 2655 5932 sexcentis
2696 5877 2852 5933 bouis
2893 5876 3137 5950 discipuli
3177 5877 3330 5949 potiti
3363 5885 3551 5947 erant,
3589 5888 3643 5935 et
