4130 6482
510 402 631 468 437

513 523 673 593 ψιοὰ·
699 538 820 579 cum
872 523 962 581 illo
1004 527 1199 582 versati
1247 526 1509 593 fuissent,
1556 525 1672 581 dies
1721 525 2105 596 iucundissime

514 614 900 686 transigebant.
923 615 1122 672 Omnes
1142 618 1283 673 enim
1310 618 1496 674 incola
1519 617 1817 673 Palastina
1840 627 2106 687 tamquam

516 705 584 760 ad
615 705 894 762 luminaria
922 708 1168 779 quadam
1194 709 1375 765 oculos
1403 723 1529 764 suos
1555 708 1621 763 ad
1646 724 1832 764 eorum
1860 723 1951 763 ora
1981 723 2112 763 con-

518 797 819 865 vertebant,
842 800 1058 870 quando
1076 810 1131 856 et
1152 809 1389 856 mortuos
1410 800 1477 856 ad
1498 801 1659 856 vitam
1691 800 2040 866 revocabant,
2061 813 2112 855 et

519 887 763 959 leprosos
790 890 1114 947 mundabant
1136 932 1151 960 ,
1180 892 1449 947 daemones
1488 890 1826 962 expellebant
1846 932 1863 958 ,
1894 890 2111 945 morbos

518 979 812 1046 curabant,
843 981 1050 1053 aliaque
1078 983 1239 1038 multa
1271 982 1525 1037 miracula
1550 983 1783 1039 edebant
1811 1000 1826 1038 :
1856 983 2108 1054 quoniam

520 1071 684 1141 igitur
704 1074 775 1127 ita
802 1074 1034 1131 illustres
1053 1084 1204 1131 erant
1227 1083 1281 1129 et
1304 1076 1566 1141 celebres,
1593 1085 1870 1147 propterea
1896 1076 1961 1130 ad
1985 1085 2112 1131 tem-

517 1179 621 1233 pus
646 1179 739 1222 eos
782 1167 1021 1237 permisit
1042 1167 1111 1223 ab
1132 1168 1249 1238 ejus
1267 1169 1464 1224 virtute
1486 1168 1717 1240 sejungi,
1741 1169 1890 1239 cujus
1911 1169 2111 1225 auxilio

520 1255 824 1312 nitebantur
850 1275 865 1312 :
893 1266 949 1312 ut
985 1274 1105 1314 eum
1142 1274 1208 1315 eo
1238 1260 1463 1315 fuissent
1490 1260 1726 1315 destituti
1751 1301 1767 1328 ,
1797 1270 1909 1315 tum
1939 1275 2110 1331 quan-

520 1354 628 1402 tum
661 1348 764 1405 illis
792 1348 908 1419 ejus
934 1350 1186 1407 bonitatis
1215 1352 1499 1423 prasentia
1539 1353 1849 1422 prodesset,
1902 1352 2110 1407 edisce-

518 1448 674 1505 rent,
714 1449 769 1496 et
796 1456 920 1498 eum
957 1447 1352 1513 prateritornm
1401 1445 1664 1500 bonorum
1692 1446 2110 1515 magnitudinem

519 1532 954 1601 perspexissent,
986 1535 1176 1604 majori
1207 1550 1329 1590 cum
1371 1536 1550 1592 studio
1586 1537 1842 1592 Paracieti
1870 1536 2114 1592 donatio-

520 1635 643 1675 nem
672 1622 1002 1695 exciperent.
1053 1626 1264 1681 Etenim
1309 1626 1431 1682 illos
1473 1636 1762 1683 mcerentes
1802 1630 2107 1685 consolatus

522 1723 605 1767 est
623 1755 639 1779 ,
668 1725 724 1770 et
745 1724 967 1786 propter
995 1717 1233 1788 magistri
1275 1719 1567 1775 discessum
1592 1721 1834 1791 lugentes
1862 1735 1925 1776 ac
1946 1723 2114 1778 tristi-

522 1804 595 1858 tia
616 1805 849 1874 repletos
873 1822 984 1863 sua
1007 1808 1141 1864 lucis
1161 1809 1323 1864 radiis
1353 1811 1653 1878 illustravit,
1686 1827 1852 1883 prope
1876 1813 2114 1881 jacentes

524 1895 731 1963 erexit,
777 1898 1023 1953 maeroris
1066 1899 1344 1969 caliginem
1389 1899 1679 1967 discussit,
1711 1911 1766 1957 et
1793 1906 2114 1971 anxietatem

526 2000 741 2041 omnem
785 1987 1011 2057 depulit.
1052 1990 1489 2061 Quandoquidem
1535 2008 1765 2064 namque
1790 1990 2115 2051 dominicam

524 2093 710 2133 vocem
736 2080 1015 2136 audierant
1039 2122 1054 2147 ,
1089 2083 1281 2139 Euntes
1308 2084 1481 2140 docete
1504 2102 1675 2140 omnes
1692 2098 1864 2158 gentes
1899 2087 2113 2159 (Matth.

526 2169 618 2225 28.
646 2170 736 2241 l9)
766 2189 782 2227 :
809 2171 1121 2229 dubitabant
1162 2184 1339 2231 autem
1379 2177 1635 2248 deinceps
1681 2187 1736 2234 ct
1778 2180 2113 2250 ignorabant,

529 2275 635 2330 quo
681 2262 954 2331 proficisci
1000 2281 1271 2337 quemque
1323 2278 1617 2338 oporteret,
1672 2279 1727 2326 et
1778 2271 1833 2326 in
1886 2287 2117 2343 quanam

531 2351 677 2407 orbis
702 2362 969 2410 terrarum
1016 2357 1236 2427 regione
1276 2360 1500 2415 verbum
1544 2361 1639 2417 Dei
1689 2363 2016 2433 pradicare;
2064 2367 2117 2420 in

528 2442 707 2511 specie
751 2443 1049 2516 linguarum
1090 2447 1324 2519 Spiritus
1363 2461 1581 2508 sanctus
1605 2453 1860 2521 advenit,
1896 2457 2120 2527 singulis

526 2534 673 2590 orbis
715 2545 977 2593 terrarum
1032 2540 1280 2610 regiones
1308 2542 1581 2600 docendas
1609 2545 1914 2611 distribuit,
1959 2559 2120 2620 atque

527 2625 812 2695 impertita
861 2628 1056 2700 lingua
1100 2645 1262 2701 opera
1305 2641 1572 2705 tamquam
1615 2637 1668 2691 in
1714 2638 1891 2694 tabula
1933 2655 2119 2696 eorum

438 2728 443 2735 ·
532 2714 656 2771 fidei
702 2720 973 2776 commissi
1019 2725 1362 2793 magistratus
1407 2740 1472 2782 ac
1502 2728 1789 2797 magisterii
1839 2730 1984 2803 leges
2025 2732 2120 2788 de-

529 2807 766 2878 scripsit.

604 2900 709 2955 Cur
742 2903 798 2957 in
836 2904 1000 2975 specie
1045 2907 1333 2977 linguarum
1368 2909 1612 2981 Spiritus.
1639 2941 1712 2954 ._
1751 2913 2036 2985 Propterea
2071 2918 2123 2973 in

534 2994 715 3062 specie
762 2993 1060 3065 linguarum
1110 2998 1340 3069 Spiritus
1383 3002 1600 3059 advenit
1640 3020 1654 3059 :
1700 3019 1873 3077 neque
1925 3008 2124 3065 idcirco

535 3092 762 3150 tantum,
795 3086 890 3141 sed
919 3094 978 3142 ut
1004 3090 1204 3145 veteris
1230 3092 1390 3146 etiam
1422 3091 1657 3150 historia
1688 3099 1998 3154 memoriam
2030 3116 2124 3155 no-

538 3174 620 3229 bis
647 3174 942 3233 refricaret.
973 3178 1104 3234 Cum
1131 3181 1273 3236 enim
1302 3182 1428 3237 olim
1456 3182 1702 3243 homines
1731 3188 1975 3258 superbia
2001 3190 2125 3247 elati

539 3267 727 3322 turrim
753 3278 1030 3328 exstruere
1054 3273 1338 3341 voluerint,
1363 3291 1483 3346 qua
1510 3276 1576 3332 ad
1601 3280 1790 3334 calum
1819 3295 1985 3352 usque
2006 3298 2128 3352 per-

476 3416 491 3425 !
541 3358 767 3428 lingeret
786 3401 799 3424 ,
829 3370 884 3417 et
914 3363 1117 3419 invecta
1148 3365 1408 3423 divisione
1436 3368 1734 3440 linguarum
1761 3387 1976 3441 pravam
2005 3374 2126 3430 illo-

539 3464 656 3503 rum
686 3452 971 3509 coitionem
1011 3464 1067 3511 et
1106 3458 1451 3517 concerdiam
1491 3460 1763 3531 dissiparit
1803 3463 1944 3519 Deus
1973 3464 2125 3538 (Gen.

541 3544 630 3613 ll)
658 3562 672 3598 :
702 3544 900 3602 idcirco
925 3564 1065 3604 nunc
1092 3565 1305 3621 quoque
1332 3552 1384 3608 in
1413 3555 1595 3624 specie
1621 3555 1892 3625 ignearum
1922 3556 2127 3619 lingua-

541 3649 658 3688 rum
688 3636 756 3691 ad
799 3652 893 3692 eos
935 3639 1147 3696 advolat
1182 3641 1412 3711 Spiritus
1456 3655 1711 3709 sanctus,
1757 3655 1815 3701 ut
1843 3663 1939 3717 per
1981 3648 2128 3705 illum

540 3725 726 3780 orbem
768 3736 1028 3786 terrarum
1069 3730 1299 3787 divisum
1338 3734 1645 3806 coniungat.
1693 3736 1766 3792 Et
1807 3738 2001 3798 accidit
2043 3755 2131 3797 res

544 3830 679 3870 nova
707 3817 865 3874 simul
911 3835 975 3877 ac
1012 3821 1147 3877 mira
1179 3840 1194 3878 :
1226 3835 1283 3879 ut
1306 3824 1451 3880 enim
1484 3834 1595 3881 tum
1624 3828 1912 3898 antiquitus
1938 3830 2132 3902 lingua

540 3917 809 3964 terrarum
835 3911 1019 3968 orbem
1048 3912 1375 3981 diviserunt,
1405 3925 1461 3972 et
1489 3918 1682 3973 malam
1707 3920 2046 3976 concordiam
2077 3923 2131 3978 in

530 3999 821 4059 dissidium
852 4013 1230 4061 converterunt
1264 4025 1279 4062 :
1313 4008 1385 4064 ita
1430 4025 1573 4066 nunc
1615 4026 1827 4082 quoque
1868 4021 2130 4070 terrarum

532 4091 728 4146 orbem
761 4094 953 4166 lingua
981 4099 1315 4168 copularent,
1349 4109 1404 4155 et
1426 4116 1547 4171 qua
1570 4101 1900 4159 dissidebant
1925 4105 1978 4160 in
2003 4120 2135 4161 eon-

530 4183 781 4240 cordiam
811 4186 1154 4246 reduxerunt.
1198 4191 1376 4264 Itaque
1405 4193 1459 4248 in
1499 4195 1677 4265 specie
1715 4194 2013 4267 linguarum
2055 4198 2135 4254 id-

545 4275 708 4348 circo,
733 4276 988 4334 advenit:
1019 4290 1285 4353 tamquam
1333 4283 1471 4355 ignis
1510 4293 1687 4342 autem
1726 4286 1921 4358 lingua
1957 4298 2130 4357 erant,

546 4365 690 4436 quod
715 4367 1075 4439 sylvesccntes
1101 4371 1154 4427 in
1182 4373 1337 4429 nobis
1368 4386 1705 4445 peccatorum
1728 4378 1896 4449 spina
1921 4365 2136 4438 succre-

545 4458 768 4516 vissent.
798 4462 930 4518 Nam
958 4465 1406 4535 quemadmodum
1429 4476 1572 4525 terra
1598 4468 1788 4527 fertilis
1815 4487 1877 4526 ac
1902 4472 2129 4545 pinguis,

532 4551 592 4606 .si
620 4551 841 4610 minime
885 4555 1126 4627 colatur,
1170 4573 1415 4630 magnam
1453 4561 1727 4631 spinarum
1775 4563 1977 4634 sylvam
2007 4580 2135 4635 pro-

545 4644 756 4701 fundit:
783 4648 859 4704 sic
884 4658 940 4705 et
960 4660 1153 4707 natura
1178 4661 1380 4722 nostra,
1405 4669 1525 4725 qua
1547 4669 1576 4708 a
1595 4652 1851 4711 Creatore
1873 4670 1971 4711 suo
1995 4656 2134 4712 bona

546 4745 627 4791 est
655 4740 900 4806 condita,
949 4750 1006 4798 et
1047 4743 1114 4798 ad
1144 4745 1353 4801 virtutis
1401 4744 1580 4818 fruges
1619 4747 1842 4814 idonea,
1893 4763 1959 4804 eo
1994 4749 2136 4820 quod

546 4844 719 4899 neque
754 4826 970 4902 pietatis
1006 4846 1240 4893 aratrum
1281 4854 1453 4910 neque
1480 4841 1801 4911 cognitionis
1833 4843 1925 4897 Dei
1951 4858 2137 4899 semen

550 4928 882 4995 excepisset,
918 4931 1079 4998 quasi
1094 4933 1276 5002 spinas
1321 4933 1575 5004 quasdam
1619 4943 1673 4989 et
1713 4935 1870 4990 aliam
1898 4936 2135 4991 inutilem

546 5019 753 5090 sylvam
786 5020 1111 5089 impietatem
1143 5023 1409 5094 produxit.
1434 5026 1503 5081 Et
1520 5026 1965 5096 quemadmodum
1994 5044 2138 5100 sape

548 5120 769 5185 propter
793 5113 1065 5183 spinarum
1093 5118 1519 5185 multitudinem,
1554 5133 1619 5175 ac
1644 5119 1907 5175 malorum
1942 5122 2139 5191 grami-

549 5222 677 5262 num
709 5215 869 5263 terra
898 5207 1058 5264 facies
1089 5225 1157 5265 ne
1196 5220 1420 5281 apparet
1450 5212 1664 5283 quidem
1695 5231 1709 5269 :
1737 5214 1815 5269 sic
1851 5222 1905 5269 et
1945 5215 2139 5269 anima

550 5310 750 5357 nostra
772 5300 1025 5357 nobilitas
1041 5302 1347 5373 puritasque
1368 5305 1586 5361 minime
1605 5305 1912 5376 apparebat,
1941 5321 2140 5376 quous-

549 5408 656 5462 que
703 5404 909 5450 natura
967 5393 1214 5450 humana
1261 5396 1493 5466 agricola
1542 5399 1811 5462 venisset,
1865 5407 1919 5453 et
1968 5398 2138 5468 ipsam

554 5485 795 5543 immisso
838 5470 1069 5559 Spiritus
1116 5488 1239 5557 igne
1284 5498 1697 5560 perpurgasset,
1739 5497 1933 5559 atque,
1980 5503 2037 5545 ut
2068 5491 2138 5546 ad

554 5579 921 5648 excipiendum
952 5581 1166 5638 caleste
1191 5597 1377 5638 semen
1407 5582 1595 5638 idonea
1636 5581 1947 5638 redderetur
1967 5623 1982 5649 ,
2008 5582 2139 5640 effe-

552 5676 735 5721 Cissei.

626 5759 678 5812 5.
720 5758 886 5815 Tanta
935 5772 1097 5831 sunt,
1147 5765 1334 5836 hisque
1381 5764 1551 5820 multo
1589 5765 1734 5835 plura
1761 5808 1777 5832 ,
1824 5782 1942 5836 qua
1989 5768 2141 5824 nobis

548 5850 711 5921 hujus
749 5852 857 5909 diei
898 5852 1155 5912 beneficio
1185 5856 1324 5912 bona
1362 5856 1709 5914 obvenerunt.
1756 5857 1884 5927 Qua
1910 5872 2028 5914 cum
2069 5860 2139 5915 ita

1258 413 1314 470 S.
1356 413 1637 472 JOANNIS
1674 408 2153 474 CIIRYSOSTOMI
2193 413 2507 470 ARCIIIEP.
2551 416 3086 476 CONSTANTINOP.

3689 426 3795 483 ωε

2218 524 2355 593 sint,
2384 542 2481 582 oro
2508 528 2852 599 obtestorque
2873 546 2990 595 vos,
3024 544 3122 599 pro
3147 529 3404 602 dignitate
3430 541 3792 605 congestorum

2214 618 2267 673 in
2295 634 2391 675 nos
2420 619 2704 687 bonorum,
2737 620 2927 676 festum
2953 636 3052 676 nos
3075 637 3286 693 quoque
3308 624 3663 693 celebremus,
3690 641 3793 681 non

2209 709 2425 779 jauuam
2458 711 2475 742 ³
2518 721 2878 777 coronantes,
2926 711 3020 767 sed
3067 714 3275 768 animas
3333 725 3650 781 cementes;
3694 733 3794 773 non

2214 801 2388 857 forum
2418 802 2682 873 tapetibus
2709 814 3053 871 exornantes,
3086 804 3182 860 sed
3209 806 3442 883 animam
3469 807 3794 875 splendidam

2214 892 2424 948 virtutis
2464 894 2661 948 amictu
2688 893 2977 950 reddentes
2996 937 3011 962 ,
3044 904 3102 950 ut
3126 895 3229 951 boc
3259 905 3417 966 pacto
3459 899 3722 967 possimus
3744 909 3795 954 et

2218 982 2446 1053 Spiritus
2465 985 2690 1055 gratiam
2712 986 3006 1055 suscipere,
3026 996 3081 1042 et
3106 982 3310 1043 fructus
3338 986 3464 1043 inde
3483 988 3797 1058 pullulantes

2214 1075 2524 1147 decerpere.

2288 1167 2400 1235 Qui
2432 1169 2532 1223 sint
2571 1173 2765 1239 fructus
2796 1169 3020 1241 Spiritus
3055 1172 3238 1226 sancti.
3272 1200 3346 1212 —
3371 1171 3501 1239 Quis
3530 1185 3687 1242 porro
3715 1171 3799 1227 ille

2214 1257 2418 1314 fructus
2459 1268 2543 1315 est
2578 1260 2850 1330 Spiritus?
2897 1260 3190 1316 Audiamus
3234 1261 3456 1317 Paulum
3498 1263 3793 1318 dicentem:

2217 1349 2440 1404 Fructus
2464 1360 2633 1404 autem
2658 1350 2885 1419 Spiritus
2913 1362 2986 1405 est
3013 1351 3220 1417 caritas,
3243 1352 3509 1422 gaudium,
3535 1369 3639 1421 pas:
3663 1353 3797 1422 (Gal.

2215 1441 2270 1497 5.
2297 1440 2413 1511 22).
2443 1440 2578 1496 Vide
2607 1450 2804 1510 quanta
2846 1441 2916 1495 sit
2957 1441 3229 1496 accuratio
3272 1441 3325 1495 in
3355 1442 3530 1496 verbis
3550 1481 3565 1508 ,
3611 1453 3800 1513 quanta

2216 1534 2270 1589 in
2310 1533 2555 1589 doctrina
2582 1533 2955 1589 convenientia
2988 1550 3003 1585 :
3036 1532 3294 1602 praemisit
3335 1533 3611 1587 caritatem
3634 1574 3650 1598 ,
3695 1541 3800 1587 tum

2217 1624 2472 1696 deinceps
2494 1639 2558 1680 ea
2588 1640 2707 1695 qua
2730 1633 3133 1694 consequuntur
3160 1624 3599 1679 commemoravit
3626 1643 3639 1678 :
3669 1624 3802 1679 radi—

2218 1732 2336 1773 cem
2364 1717 2500 1781 ﬁxit,
2525 1731 2588 1771 ac
2610 1715 2805 1771 deinde
2834 1715 3063 1770 fructum
3092 1714 3378 1781 indicavit;
3405 1713 3800 1771 fundamentum

2215 1807 2378 1879 iecit,
2422 1821 2486 1863 ac
2511 1806 2705 1863 deinde
2729 1806 3012 1861 adificium
3043 1805 3329 1875 imposuit;
3370 1820 3402 1860 a
3427 1806 3571 1861 fonte
3605 1805 3804 1860 initium

2218 1901 2390 1968 duxit,
2420 1909 2476 1956 et
2504 1914 2630 1954 mox
2658 1898 2726 1955 ad
2757 1898 2948 1953 ﬂuvios
2971 1897 3210 1954 devenit.
3239 1897 3357 1952 Non
3395 1898 3539 1953 enim
3570 1897 3684 1953 fieri
3715 1913 3806 1967 po-

2221 2000 2360 2057 test,
2389 2002 2448 2047 ut
2486 1990 2662 2061 gaudii
2708 1989 2931 2045 materia
2977 2003 3078 2044 nos
3104 1996 3476 2053 commoveat,
3507 1988 3805 2058 priusquam

2219 2086 2447 2141 aliorum
2473 2083 2884 2154 prosperitatem
2915 2089 3152 2137 nostram
3180 2080 3444 2137 ducamus
3463 2120 3480 2147 ,
3506 2090 3561 2135 et
3588 2080 3806 2150 proximi

2223 2176 2364 2232 bona
2395 2174 2607 2245 propria
2640 2182 2986 2245 reputemus;
3020 2174 3136 2230 hac
3159 2188 3290 2229 vero
3318 2187 3423 2228 non
3451 2173 3668 2229 aliunde
3695 2189 3809 2243 pro-

2222 2282 2440 2323 manare
2476 2275 2677 2338 queunt
2707 2280 2865 2337 quam
2911 2265 3051 2337 quod
3081 2265 3319 2321 caritatis
3346 2265 3424 2320 vis
3456 2266 3806 2335 pravaluerit,

2223 2367 2385 2428 atque
2413 2359 2740 2413 dominatus.
2785 2355 2995 2412 Caritas
3023 2356 3177 2412 radix
3207 2364 3289 2412 est
3319 2364 3374 2413 et
3400 2355 3520 2413 fons
3544 2366 3812 2427 materque

2224 2461 2539 2507 cunctorum
2586 2449 2898 2504 bonorum:
2935 2449 3133 2503 etenim
3179 2455 3448 2519 tamquam
3493 2448 3649 2504 radix
3694 2463 3813 2504 sex-

2224 2550 2412 2598 centos
2439 2542 2694 2594 virtutum
2723 2553 2902 2593 ramos
2944 2537 3244 2609 germinat,
3276 2538 3431 2609 quasi
3474 2536 3596 2592 fons
3625 2537 3815 2607 multas

2226 2634 2411 2690 latices
2452 2631 2755 2703 profundit,
2796 2638 2852 2685 et
2879 2639 2940 2684 ut
2967 2638 3139 2685 mater
3162 2631 3369 2701 gremio
3394 2643 3492 2685 suo
3514 2629 3582 2684 ad
3611 2643 3675 2685 se
3693 2644 3815 2683 coa-

2226 2724 2490 2796 fugientes
2515 2732 2660 2778 arcte
2685 2721 3084 2791 complectitur.
3115 2719 3268 2787 Quod
3297 2719 3516 2790 quidem
3544 2734 3669 2775 cum
3692 2719 3817 2774 bea-

2227 2826 2315 2872 tus
2345 2815 2538 2871 Paulus
2565 2813 2730 2885 probe
2755 2820 2958 2878 nosset,
2985 2811 3214 2868 fructum
3239 2811 3468 2883 Spiritus
3489 2825 3612 2867 eam
3639 2810 3818 2882 appel-

2224 2907 2352 2963 lavit
2389 2924 2403 2960 :
2433 2906 2559 2961 alibi
2586 2920 2713 2960 vero
2743 2912 2942 2959 tantam
2968 2903 3162 2959 detulit
3195 2905 3245 2960 ei
3289 2903 3727 2974 prarogativam,
3759 2912 3817 2956 ut

2229 3014 2349 3055 eam
2381 2998 2513 3069 legis
2558 2995 2940 3067 plenitudinem
2983 2994 3308 3066 appellarit:
3339 2993 3620 3049 Plenitudo
3659 2993 3816 3057 enim,

2231 3092 2436 3163 inquit,
2465 3091 2588 3162 legis
2614 3098 2687 3145 est
2714 3089 2902 3143 caritas
2932 3087 3113 3157 (Rom.
3140 3087 3226 3142 15.
3252 3085 3361 3158 10).
3394 3086 3684 3141 Enimvero
3712 3084 3819 3155 ipse

2232 3184 2470 3240 omnium
2500 3181 2755 3237 Dominus
2796 3188 3068 3249 tamquam
3107 3176 3521 3247 descriptionem
3557 3174 3822 3231 sufficien-

2234 3284 2342 3332 tem
2370 3283 2426 3330 et
2455 3273 2560 3328 fide
2587 3272 2810 3343 dignum
2839 3269 3133 3339 specimen,
3157 3276 3216 3323 ut
3239 3267 3360 3338 quis
3389 3280 3448 3322 se
3478 3265 3649 3337 ipsius
3673 3263 3825 3320 disci-

2231 3370 2414 3441 pulum
2443 3364 2715 3436 probaret,
2736 3376 2841 3418 non
2869 3359 3014 3417 aliud
3043 3374 3200 3432 quam
3228 3358 3369 3430 quod
3394 3373 3425 3412 a
3448 3358 3674 3414 caritate
3697 3360 3826 3429 peti.

2234 3471 2354 3530 tur,
2386 3458 2539 3514 nobis
2582 3454 2891 3527 proposuit,
2922 3467 3045 3508 cum
3079 3451 3254 3506 dixit:
3286 3448 3351 3504 lu
3397 3450 3492 3503 hoc
3529 3456 3825 3519 cognoscent

2233 3567 2439 3617 carnes,
2470 3549 2591 3619 quia
2619 3544 2861 3617 discipuli
2901 3546 2999 3599 mei
3039 3544 3190 3612 estis,
3221 3545 3267 3598 si
3297 3543 3615 3597 dilectionem
3643 3542 3826 3597 habue-

2233 3647 2348 3698 ritis
2376 3651 2443 3697 aa
2469 3640 2681 3695 invicem
2701 3638 2882 3711 (Joau.
2909 3638 2996 3692 t3.
3022 3639 3138 3708 35).
3162 3635 3522 3704 Quamobrem
3542 3634 3610 3691 ad
3639 3637 3824 3706 ipsam,

2234 3748 2455 3806 quaso,
2500 3732 2866 3802 confugiamus
2893 3743 3116 3794 omnes,
3148 3728 3304 3799 eique
3332 3726 3738 3793 adhareamus,
3776 3734 3828 3780 et

2236 3840 2360 3882 cum
2410 3825 2524 3895 ipsa
2574 3821 2915 3878 festivitatem
2961 3819 3099 3874 hanc
3144 3818 3491 3888 excipiamus.
3537 3815 3643 3872 Ubi
3689 3815 3827 3872 enim

2237 3920 2456 3986 caritas,
2485 3917 2679 3972 anima
2703 3925 2920 3972 cessant
2946 3914 3221 3979 defectus;
3252 3910 3345 3966 ubi
3376 3910 3573 3966 caritas
3592 3910 3648 3976 ',
3676 3907 3828 3965 alieni

2236 4029 2267 4069 a
2292 4013 2500 4068 ratione
2536 4009 2732 4066 mentis
2757 4007 2984 4063 insultus
3008 4005 3177 4062 sedati
3203 4013 3346 4060 sunt.
3376 4001 3595 4071 Caritas,
3642 4003 3826 4074 inquit,

2238 4118 2341 4161 nan
2382 4104 2489 4176 agit
2533 4118 2833 4174 perperam,
2881 4116 2982 4153 non
3017 4099 3269 4170 inﬂatur,
3312 4113 3416 4151 non
3460 4105 3533 4150 est
3568 4097 3831 4150 ambitiosa

2242 4199 2318 4270 (1.
2342 4196 2462 4254 Cor.
2483 4197 2572 4252 l3.
2589 4196 2642 4251 4.
2667 4192 2722 4266 5)
2748 4211 2760 4248 :
2787 4192 2984 4249 caritas
3008 4191 3204 4247 malum
3235 4189 3478 4260 proximo
3505 4204 3612 4243 non
3644 4189 3828 4253 infert;

2239 4289 2330 4345 ubi
2360 4288 2555 4344 caritas
2596 4285 2937 4351 dominatur,
2984 4282 3227 4351 uuspiam
3255 4282 3387 4335 Cain
3428 4281 3707 4347 cernitur,
3745 4278 3832 4348 qui

2238 4380 2456 4436 fratrem
2484 4376 2715 4434 occidat.
2761 4375 2913 4431 Tolle
2954 4373 3157 4429 fontem
3185 4371 3397 4428 invidia
3419 4413 3435 4437 ,
3476 4380 3532 4427 et
3568 4371 3831 4427 malorum

2228 4470 2481 4527 omnium
2512 4468 2709 4524 ﬂumen
2736 4466 3029 4531 sustulisti;
3061 4462 3314 4520 exscinde
3340 4462 3573 4517 radicem
3592 4502 3609 4527 ,
3638 4472 3694 4518 et
3718 4460 3831 4515 fru-

2240 4573 2384 4618 ctum
2426 4560 2584 4616 simul
2626 4557 2923 4614 exseidisti.
2968 4556 3096 4611 llaec
3124 4569 3251 4610 vero
3289 4569 3356 4609 eo
3383 4554 3633 4609 dicuntur
3661 4568 3691 4607 a
3727 4566 3832 4616 me,

2229 4642 2383 4724 quod
2410 4652 2478 4707 de
2505 4652 2572 4707 iis
2601 4650 2691 4722 qui
2718 4648 2990 4713 invident,
3024 4646 3192 4716 magis
3220 4648 3320 4699 sim
3347 4643 3609 4702 sollicitus
3629 4684 3647 4710 ,
3676 4659 3833 4714 quam

2242 4744 2311 4800 de
2334 4746 2399 4799 iis
2422 4743 2613 4814 quibus
2642 4740 2928 4797 invidetur.
2958 4738 3034 4795 Illi
3064 4738 3206 4792 enim
3234 4742 3393 4801 sunt,
3424 4736 3514 4806 qui
3546 4735 3835 4789 maximam

2245 4836 2448 4892 faciunt
2463 4836 2748 4904 jacturam,
2774 4831 3103 4900 multamque
3124 4828 3222 4883 sibi
3244 4826 3534 4899 perniciem
3556 4826 3833 4888 invehunt;

2245 4946 2368 4986 nam
2410 4928 2514 4983 illis
2540 4927 2757 4998 quidem
2789 4923 2978 4995 quibus
3010 4920 3277 4977 invidetur
3298 4961 3314 4986 ,
3352 4918 3481 4975 illud
3505 4960 3520 4984 ,
3548 4917 3594 4973 si
3622 4917 3836 4988 quidem

2246 5023 2449 5087 velint,
2499 5021 2776 5076 materiam
2819 5016 2977 5072 all'ert
3022 5029 3365 5079 coronarum,
3405 5011 3545 5082 quod
3585 5007 3859 5065 invidiam-

2246 5117 2532 5189 patiantur.
2581 5117 2661 5169 Ac
2704 5111 2847 5177 vide,
2888 5122 3093 5179 quaso,
3138 5122 3246 5177 quo
3290 5116 3446 5174 paeto
3486 5105 3663 5173 justus
3706 5101 3837 5156 Abel

2244 5208 2548 5266 celebretur
2589 5202 2875 5267 laudibus,
2903 5209 2959 5255 et
2999 5199 3051 5254 in
3090 5197 3206 5253 dies
3239 5195 3520 5265 praconiis
3562 5193 3836 5254 efferatur,

2248 5298 2390 5370 quod
2419 5296 2582 5352 cadis
2609 5308 2767 5350 causa
2796 5290 3022 5348 celebris
3062 5287 3293 5343 nominis
3320 5284 3658 5341 occasionem
3693 5292 3838 5337 attu-

2250 5393 2388 5448 lerit.
2418 5380 2592 5459 Adtue
2628 5387 2715 5443 hic
2751 5382 2965 5456 quidem
2995 5391 3117 5453 post
3151 5380 3357 5435 obitum
3394 5376 3554 5433 etiam
3598 5391 3694 5446 per
3719 5390 3840 5429 sau-

2248 5486 2460 5557 guinem
2491 5483 2743 5537 audacter
2787 5478 3021 5548 loquitur
3043 5517 3058 5540 ,
3089 5483 3145 5530 et
3185 5472 3327 5529 clara
3357 5485 3490 5527 voce
3518 5470 3837 5541 parricidam

2251 5586 2466 5635 accusat
2507 5573 2659 5645 (Gen.
2686 5575 2737 5630 4.
2767 5570 2862 5643 l0)
2893 5588 2908 5628 :
2940 5568 3032 5625 ille
3072 5576 3249 5624 autem
3279 5573 3551 5638 superstes
3592 5561 3841 5618 videlicet

2315 5741 2331 5771 ¹
2369 5745 2507 5799 ποθ-ς
2539 5732 2774 5800 “thema
2881 5789 2892 5800 .
2948 5788 2958 5800 .
3143 5787 3171 5800 ..
3204 5788 3234 5800 ,.
3404 5787 3415 5800 .
3466 5774 3820 5800 ..____,..--_.-

2315 5804 2336 5833 ³
2370 5780 2522 5861 ῘὶσᾷξξξξΔ
2540 5780 2987 5861 ᾆυῖἐανῆαςκῡῖάε
3006 5787 3257 5861 expulistis
3281 5787 3510 5840 acerbum
3531 5780 3841 5842 invidiosu-

2253 5857 2485 5916 culnmJl
2504 5857 2553 5909 bi
2577 5862 2743 5922 rrgnat
2768 5857 2965 5915 caritas,
2990 5860 3086 5903 etc.
