4130 6444
334 461 443 523 167

338 582 434 635 καὶ
471 581 582 633 ἀπὸ
625 586 713 634 τοῦ
754 577 1149 654 συνδιατριῧειν
1187 582 1337 653 αὐτῷ
1367 584 1425 636 ἐν
1459 584 1624 656 πολλῇ
1666 581 1806 657 ἦσαν
1834 586 1921 639 εὑ·

338 668 541 738 ημερίᾳ
564 684 575 696 ·
615 668 706 720 καὶ
736 669 843 739 γὰρ
865 670 915 723 οί
937 670 1033 740 τὴν
1066 668 1429 740 Παλαιστίνην
1455 672 1690 736 ἅπαντες
1720 671 1930 726 οἰκοῦν-

338 766 427 811 τες
449 791 464 815 ,
510 748 701 822 ὥσπερ
740 754 818 816 εἰς
849 754 1140 824 φωστῆράς
1182 753 1330 825 [472]
1366 771 1517 819 τινας
1548 754 1721 819 οὕτως
1750 758 1829 819 είς
1864 755 1930 809 τά

339 835 543 889 τούτων
578 837 864 892 ἐνέϐλεπον
896 839 1183 911 πρόσωπα·
1217 841 1403 913 ἐπειδὴ
1441 843 1534 895 καὶ
1576 844 1801 913 νεκροὺς
1840 843 1931 895 ἀν-

342 923 527 992 ίστων,
564 927 658 979 καὶ
674 926 910 998 λεπροὺς
938 929 1250 1000 ἐκάθαιρον,
1279 928 1536 1000 δαίμονας
1558 931 1806 1001 ήλαυνον,
1834 932 1929 984 καὶ

339 1016 623 1087 νοσήματα
653 1016 1000 1087 ἐθεράπευον,
1039 1019 1130 1072 καὶ
1154 1021 1317 1091 ἕτερα
1349 1020 1519 1075 πολλὰ
1553 1022 1928 1077 ἐπεδείκνυντο

341 1102 593 1174 θαύματα
612 1120 625 1134 ·
653 1106 774 1158 ἐπεὶ
796 1100 889 1160 οὖν
920 1106 1093 1171 οὕτως
1118 1103 1257 1180 ἦσαν
1282 1104 1632 1181 περίϐλεπτοι
1657 1112 1750 1164 καὶ
1774 1128 1929 1183 περι-

340 1194 550 1261 φανεῖς,
588 1192 675 1246 διὰ
720 1192 878 1248 τοῦτο
914 1194 1292 1266 συνεχώρησεν
1331 1198 1529 1261 αὐτοὺς
1580 1198 1717 1269 πρὸς
1749 1197 1927 1267 ὀλίγον

339 1280 673 1351 χωρισθῆναι
696 1281 791 1352 τῆς
810 1281 902 1335 τοῦ
936 1283 1349 1354 συμμαχοῦντος
1365 1284 1667 1356 δυνάμεως,
1700 1286 1787 1340 ἵνα
1801 1287 1927 1340 ὅταν

340 1368 395 1420 ἐν
412 1369 509 1438 ἐρη
520 1368 622 1438 μία
654 1368 939 1436 γένωνται,
964 1369 1206 1440 μάθωσιν
1225 1371 1413 1442 ἡλίκον
1437 1373 1613 1437 αὐτοῖς
1646 1375 1928 1445 ἐχαρίζετο

338 1455 371 1524 ή
401 1455 503 1524 τῆς
531 1454 697 1507 αὑτοῦ
724 1456 1058 1526 ἀγαθότητος
1091 1460 1383 1531 παρουσία,
1423 1462 1518 1515 καὶ
1564 1463 1644 1525 είς
1677 1462 1928 1534 αἴσθησιν

340 1542 587 1605 ἐλθόντες
620 1542 728 1595 τῶν
765 1544 1146 1611 παρελθόντων
1191 1547 1412 1615 ἀγαθῶν
1488 1548 1626 1620 μετὰ
1683 1549 1928 1619 μείζονος

339 1628 438 1697 τῆς
467 1628 778 1700 προθυμίας
805 1630 1167 1698 ὑποδέξωνται
1194 1636 1289 1688 καὶ
1318 1635 1416 1706 τὴν
1449 1636 1543 1689 τοῦ
1570 1636 1926 1708 Παρακλήτου

339 1716 563 1788 δωρεάν.
630 1718 740 1771 Καὶ
771 1718 877 1791 γὰρ
928 1721 1272 1791 ἀθυμοῦντας
1322 1726 1519 1789 αὐτοὺς
1561 1726 1924 1797 παρεκάλεσε,

340 1804 435 1859 καὶ
464 1803 555 1858 διὰ
587 1807 682 1860 τὸν
719 1806 814 1860 τοῦ
847 1807 1171 1863 διδασκάλου
1201 1813 1479 1883 χωρισμὸν
1528 1812 1928 1882 στυγνάζοντας

341 1896 431 1948 καὶ
459 1894 769 1966 κατηφείας
794 1896 1261 1969 πεπληρωμένους
1288 1900 1376 1953 διά
1408 1900 1501 1955 τοῦ
1526 1902 1727 1956 οἰκείου
1750 1904 1928 1973 φωτὸς

340 1983 682 2054 κατηύγασε,
715 1986 810 2040 καὶ
840 1987 1128 2059 κειμένους
1168 1990 1355 2061 σχεδὸν
1394 1991 1679 2064 ἀνέστησε,
1707 1994 1801 2046 καὶ
1828 1994 1928 2064 τῆς

340 2071 577 2142 ἀθυμίας
599 2073 663 2125 τὸ
685 2074 840 2143 νέφος
864 2075 1201 2141 διεσκέδασε,
1230 2078 1323 2131 καὶ
1342 2078 1439 2151 τήν
1465 2081 1698 2152 ἀπορίαν
1718 2081 1923 2138 ἔλυσεν.

353 2161 569 2233 Ἐπειδὴ
605 2162 716 2234 γὰρ
733 2158 875 2234 ἦσαν
894 2165 1025 2218 ἀκού
1034 2184 1224 2230 σαντες
1244 2168 1342 2239 τῆς
1366 2172 1701 2241 Δεσποτικῆς
1723 2172 1924 2242 φωνῆς,

342 2249 742 2318 Πορευθέντες
766 2256 1187 2322 μαθητεύσατε
1229 2255 1426 2311 πάντα
1462 2258 1534 2312 τὰ
1569 2260 1713 2327 ἔθνη
1737 2276 1750 2289 ·
1793 2261 1929 2330 ἡπό-

346 2353 467 2407 ρουν
496 2339 553 2393 δὲ
579 2340 768 2395 λοιπὸν
800 2342 894 2396 καὶ
921 2342 1168 2412 ἠγνόουν,
1195 2346 1319 2399 ὅποι
1350 2346 1432 2399 δεῖ
1460 2346 1691 2402 ἕκαστον
1721 2349 1928 2420 τραπῆ-

343 2442 450 2490 ναι,
487 2428 585 2481 καὶ
612 2429 749 2503 πρὸς
783 2432 936 2483 ποῖον
972 2432 1054 2484 δεῖ
1077 2432 1245 2503 κλίμα
1273 2434 1374 2504 τῆς
1407 2435 1733 2507 οἰκουμένης
1757 2437 1928 2509 κηρῦ-

342 2513 427 2580 ξαι
462 2514 553 2568 τὸν
583 2514 765 2584 λόγον,
794 2517 1014 2588 ἔρχεται
1066 2519 1125 2572 τὸ
1162 2519 1388 2592 Πνεῦμα
1414 2521 1476 2574 τὸ
1522 2522 1677 2591 ἅγιον
1702 2526 1758 2577 ἐν
1796 2524 1927 2577 εῖδει

342 2603 622 2670 γλωσσῶν,
656 2606 873 2676 ἑκάστῳ
901 2608 1122 2679 μερίζον
1158 2610 1256 2679 τῆς
1290 2609 1432 2663 κατά
1473 2611 1572 2682 τὴν
1603 2612 1926 2683 οἰκουμένην

340 2689 688 2755 διδασκαλίας
715 2694 782 2746 τὰ
811 2693 1071 2765 κλίματα,
1107 2698 1203 2750 καὶ
1228 2696 1315 2751 διὰ
1350 2698 1449 2769 τῆς
1476 2698 1722 2770 δοθείσης
1750 2699 1925 2768 γλώτ-

341 2794 438 2847 της
470 2779 729 2851 καθάπερ
751 2780 917 2852 δέλτῳ
942 2783 1050 2836 τινὶ
1079 2782 1344 2855 γνωρίζον
1377 2786 1593 2857 ἑκάστῳ
1621 2787 1723 2857 τῆς
1759 2789 1927 2858 ἐμπι-

345 2866 660 2939 στευθείσης
684 2869 861 2941 ἀρχῆς
888 2887 949 2924 τε
981 2873 1074 2925 καὶ
1094 2871 1441 2938 διδασκαλίας
1473 2873 1564 2928 τὸν
1593 2875 1743 2947 ὅρον.

409 2974 509 3030 Διά
537 2975 702 3031 τοῦτο
740 2979 800 3031 ὲν
822 2978 953 3033 εἴδει
983 2979 1246 3049 γλωσσῶν
1286 2981 1347 3036 τὸ
1403 2983 1633 3055 Πνεῦμα
1685 2985 1925 3055 παρεγέ-

342 3079 459 3116 νετο
479 3082 492 3096 ·
519 3065 621 3120 καὶ
643 3067 706 3120 οὐ
744 3066 831 3121 διὰ
859 3066 1019 3123 τοῦτο
1046 3069 1228 3139 μόνον,
1275 3070 1391 3124 ἀλλ’
1429 3071 1518 3127 ἵνα
1569 3074 1664 3127 καὶ
1693 3073 1929 3137 παλαιᾶς

342 3149 485 3221 ἡμᾶς
513 3152 809 3227 ὑπομνήσῃ
839 3154 1170 3221 ὑποθέσεως.
1212 3158 1432 3230 Ἐπειδὴ
1462 3159 1571 3231 γὰρ
1594 3160 1654 3214 τὸ
1692 3159 1925 3214 παλαιὸν

343 3238 422 3299 είς
447 3239 714 3294 ἀπόνοιαν
743 3241 1116 3307 ἐξοκείλαντες
1137 3245 1186 3297 οί
1210 3244 1307 3300 ἀνθ
1318 3264 1492 3318 ρωποι
1521 3247 1732 3319 πύργον
1759 3248 1926 3318 ἠϐου-

344 3322 590 3398 λήθησαν
629 3331 1043 3384 κατασκευάσαι
1084 3331 1189 3396 ἕως
1216 3332 1308 3386 τοῦ
1355 3333 1587 3405 ούρανοῦ
1629 3334 1921 3404 φθάνοντα,

346 3415 437 3467 κα)⁵
471 3415 562 3470 διὰ
586 3414 689 3485 τῆς
725 3416 835 3469 τῶν
862 3418 1126 3486 γλωσσῶν
1156 3419 1479 3492 διαιρέσεως
1517 3420 1714 3475 διεῖλεν
1748 3422 1928 3479 αὐτῶν

344 3502 439 3576 τὴν
484 3505 669 3576 κακήν
704 3507 1059 3577 συμφωνίαν·
1110 3508 1199 3562 διὰ
1230 3510 1392 3563 τοῦτο
1424 3513 1518 3564 καὶ
1544 3511 1640 3564 νῦν
1692 3512 1751 3567 ἐν
1796 3510 1927 3571 εἴδει

345 3592 608 3660 γλωσσῶν
638 3596 881 3666 πυρίνων
929 3597 1224 3665 ἐφίπταται
1275 3600 1462 3663 αὐτοῖς
1502 3600 1562 3653 τὸ
1607 3601 1831 3673 Πνεῦμα
1866 3603 1928 3656 τὸ

346 3680 521 3749 ἅγιον,
583 3682 673 3735 ἴνα
712 3684 1080 3756 διαιρεθεῖσαν
1108 3686 1207 3758 τὴν
1255 3688 1583 3760 οἰκουμένην
1611 3689 1701 3744 διὰ
1735 3690 1928 3744 τούτου

348 3769 579 3841 συνάψῃ.
605 3771 718 3823 Καὶ
748 3772 970 3839 ἐγένετο
993 3775 1226 3845 πρᾶγμα
1247 3775 1434 3829 καινὸν
1469 3779 1563 3831 καὶ
1599 3777 1924 3850 παράδοξον·

346 3855 529 3928 ῶσπερ
564 3858 674 3929 γὰρ
707 3860 831 3913 τότε
859 3861 921 3915 τὸ
960 3862 1192 3915 παλαιὸν
1221 3863 1466 3932 γλῶσσαι
1492 3864 1588 3936 τὴν
1603 3867 1930 3939 οἰκουμένην

348 3946 672 4016 κατέτεμον,
719 3946 816 3999 καὶ
853 3946 952 4018 τὴν
996 3948 1173 4019 κακὴν
1208 3951 1531 4019 συμφωνίαν
1558 3954 1929 4033 εἰςδιαίρεσιν

347 4030 551 4100 ἤγαγον
574 4048 589 4060 ·
630 4031 773 4085 οὕτω
800 4034 896 4087 καὶ
927 4034 1020 4087 νῦν
1046 4036 1291 4104 γλῶσσαι
1322 4038 1420 4109 τὴν
1450 4030 1775 4113 οἰκουμένην
1806 4060 1931 4096 συν-

347 4118 509 4188 ῆψαν,
545 4122 641 4174 καὶ
671 4120 741 4174 τὰ
768 4121 1033 4175 διεστῶτα
1058 4126 1136 4187 εἰς
1165 4125 1420 4196 ὁμόνοιαν
1452 4129 1782 4198 συνήγαγον,
1840 4132 1930 4184 Ἐν

348 4210 474 4263 εῖδει
515 4212 618 4283 μὲν
656 4208 750 4266 οὖν
794 4212 1056 4281 γλωσσῶν
1091 4214 1180 4268 διὰ
1227 4215 1408 4281 τοῦτο,
1462 4216 1594 4270 ὡσεὶ
1654 4220 1827 4289 πυρὸς
1872 4221 1931 4275 δὲ

350 4297 590 4364 γλῶσσαι
613 4300 700 4354 διὰ
716 4299 815 4371 τὴν
844 4302 902 4354 ἐν
926 4302 1059 4372 ἡμῖν
1080 4302 1504 4374 ὑλομανήσασαν
1533 4306 1629 4376 τῆς
1653 4308 1931 4379 ἁμαρτίας

349 4384 612 4441 ἄκανθαν.
650 4387 918 4460 Καθάπερ
949 4389 1057 4461 γὰρ
1092 4391 1161 4461 γῆ
1188 4378 1219 4453 ,.
1246 4392 1374 4446 ὅταν
1403 4392 1611 4464 λιπαρὰ
1657 4397 1752 4447 καὶ
1780 4378 1930 4450 πίων

350 4470 479 4528 οὖσα
517 4475 787 4548 τυγχάνῃ,
831 4477 906 4548 μὴ
933 4480 1245 4549 γεωργῆται
1279 4479 1355 4545 δὲ,
1380 4480 1583 4552 πολλὴν
1622 4482 1931 4538 ἐπιδείκνυ-

349 4579 437 4615 ται
470 4564 579 4617 τῶν
614 4563 868 4616 ἀκανθῶν
894 4563 992 4636 τὴν
1022 4567 1223 4636 φοράν·
1257 4565 1400 4619 οὕτω
1429 4569 1493 4639 δὴ
1522 4568 1618 4621 καὶ
1647 4570 1679 4640 ἡ
1713 4570 1930 4645 φύσιςή

350 4651 613 4722 ἡμετέρα,
642 4651 782 4722 καλὴ
812 4647 946 4705 οὖσα
973 4652 1062 4705 διὰ
1090 4654 1181 4707 τὸν
1206 4657 1624 4724 παραγαγόντα,
1660 4659 1754 4711 καὶ
1797 4662 1933 4732 πρὸς

351 4738 440 4791 τὸν
465 4740 564 4808 τῆς
593 4740 795 4811 ἀρετῆς
815 4740 1026 4812 καρπὸν
1053 4742 1377 4813 ἐπιτηδείως
1406 4744 1626 4814 ἔχουσα,
1654 4745 1742 4799 διὰ
1766 4747 1825 4800 τὸ
1858 4748 1934 4820 μὴ

352 4825 607 4891 δέξασθαι
637 4828 696 4881 τὸ
723 4828 827 4897 τῆς
864 4828 1153 4893 εὐσεϐείας
1202 4831 1454 4902 ἄροτρον,
1517 4833 1654 4902 μηδέ
1712 4833 1803 4888 τὸν
1832 4840 1934 4907 τῆς

355 4912 681 4983 θεογνωσίας
713 4916 939 4986 σπόρον,
968 4917 1224 4989 καθάπερ
1246 4918 1493 4981 ἀκάνθας
1513 4920 1669 4984 τινας
1698 4925 1793 4977 καὶ
1816 4923 1937 4977 ἐτέ-

358 5017 453 5070 ραν
473 5003 747 5075 ἄχρηστον
771 5004 905 5075 ῦλην
938 5006 1038 5077 τὴν
1067 5006 1325 5061 ἀσέϐειαν
1345 5009 1709 5081 ἀπεγέννησε.
1739 5013 1850 5067 Καὶ
1875 5013 1934 5067 ὃν

353 5092 552 5160 τρόπον
580 5094 681 5163 τῆς
719 5094 825 5164 γῆς
856 5092 920 5145 τὸ
950 5094 1247 5164 πρόσωπον
1280 5096 1389 5150 ἀπὸ
1417 5096 1512 5151 τοῦ
1546 5098 1788 5170 πλήθους
1824 5102 1936 5156 τῶν

357 5179 605 5235 ἀκανθῶν
629 5180 855 5235 καὶτῶν
881 5182 1135 5254 πονηρῶν
1161 5183 1400 5254 βοτανῶν
1430 5185 1693 5252 πολλάκις
1717 5189 1779 5242 οὑ
1810 5191 1936 5259 φαί-

359 5286 505 5323 νεται
525 5289 542 5306 ο
585 5270 729 5326 οὕτω
757 5272 851 5325 καὶ
890 5272 953 5325 τὸ
984 5272 1204 5343 εὐγενὲς
1234 5277 1327 5329 καὶ
1360 5279 1420 5328 τὸ
1440 5275 1680 5348 καθαρὸν
1712 5280 1811 5350 τῆς
1836 5279 1937 5350 ψυ-

358 5357 457 5427 χῆς
480 5361 579 5431 τῆς
611 5360 890 5431 ἡμετέρας
919 5360 979 5413 οὐ
1005 5361 1357 5428 διεδείκνυτο,
1389 5362 1494 5426 ἕως
1512 5365 1600 5418 ὅτε
1629 5367 1938 5437 παραγενό-

361 5461 518 5513 μενος
550 5449 579 5500 6
615 5449 861 5520 γεωργὸς
892 5451 993 5520 τῆς
1025 5449 1242 5518 φύσεως
1273 5450 1377 5521 τῆς
1422 5452 1797 5524 ἀνθρωπίνης,
1843 5456 1938 5510 κα)⁸

356 5533 417 5586 τὸ
446 5534 554 5603 πῦρ
585 5537 822 5606 ἐπαφεὶς
858 5537 953 5591 τοῦ
1005 5538 1344 5609 Πνεύματος,
1378 5539 1618 5611 ἐκάθηρέ
1650 5559 1711 5595 τε
1743 5543 1934 5616 αὐτὴν,

358 5625 451 5677 καὶ
475 5626 609 5696 πρὸς
637 5627 698 5680 τὸ
723 5627 980 5693 δέξασθαι
1003 5628 1093 5683 τὸν
1123 5628 1327 5701 σπόρον
1342 5629 1433 5685 τὸν
1454 5629 1704 5702 οὐράνιον
1744 5633 1937 5706 ἐπιτη-

357 5710 503 5767 δείαν
530 5715 786 5783 γενέσθαι
807 5717 1212 5788 παρεσκεύασε.

426 5806 495 5869 γ’.
516 5802 764 5859 Τοσαῦτα
787 5806 922 5876 ἡμῖν
968 5805 1062 5859 καὶ
1093 5806 1300 5861 τούτων
1326 5808 1546 5863 πλείονα
1570 5810 1659 5865 διὰ
1676 5812 1777 5885 τὴν
1797 5830 1939 5886 παρ-

360 5884 523 5942 οῦσαν
547 5888 758 5963 ἡμέραν
784 5890 1002 5963 ὑπῆρχε
1027 5892 1096 5945 τὰ
1133 5892 1334 5962 ἀγαθά.
1360 5894 1450 5950 Διὸ
1473 5884 1777 5967 παρακαλῶ
1804 5884 1939 5971 πρός

1370 469 1457 525 DE
1500 472 1769 529 SANCTA
1804 475 2281 534 PENTECOSTE.
2328 471 2561 529 HOMIL.
2606 469 2671 528 11.

3505 475 3623 533 468‘

1988 643 1997 650 ,
2034 588 2190 655 ἀξίαν
2214 590 2323 644 τῶν
2353 586 2746 659 δεδωρημένων
2772 587 2903 659 ἡμῖν
2930 586 3172 656 ἀγαθῶν,
3203 587 3295 641 καὶ
3317 590 3476 660 ἡμεῖς
3495 591 3616 662 ἐορ-

2030 679 2283 749 τάσωμεν
2305 720 2318 742 ,
2354 677 2508 751 [475]
2553 677 2614 730 οὑ
2645 676 2743 747 τὴν
2779 676 2955 747 πύλην
2984 688 3008 717 ει
3038 676 3447 745 στεφανοῦντες,
3478 676 3614 731 ἀλλὰ

2029 767 2127 831 τὰς
2149 767 2325 839 ψυχὰς
2352 766 2785 830 καλλωπίζοντες
2810 783 2824 797 ·
2848 767 2907 819 ού
2933 767 3265 839 κοσμοῦντες
3280 766 3379 839 τὴν
3408 768 3615 839 ἀγορὰν

2030 861 2551 932 παραπετάσμασιν,
2580 859 2717 913 ἀλλά
2749 859 3134 932 φαιδρύνοντες
3159 861 3258 931 τὴν
3290 861 3470 932 ψυχὴν
3500 863 3616 925 τοῖς

2027 952 2124 1022 τῆς
2152 951 2354 1024 ἀρετῆς
2380 949 2764 1020 περιϐολαίοις,
2788 951 2878 1003 ἵνα
2893 940 3034 1004 οὕτω
3055 950 3371 1022 δυνηθῶμεν
3404 950 3499 1005 καὶ
3520 950 3615 1004 τοῦ

2028 1042 2344 1113 Πνεύματος
2381 1041 2480 1113 τὴν
2509 1041 2668 1113 χάριν
2700 1041 3085 1107 ὑποδέξασθαι,
3129 1043 3226 1095 καὶ
3273 1044 3399 1106 τοὺς
3427 1042 3615 1096 ἐντεῦ-

2028 1133 2119 1187 θεν
2146 1134 2394 1207 καρποὺς
2428 1133 2811 1199 ἀποδέξασθαι.
2846 1124 2849 1127 ’

2098 1227 2194 1289 Τίς
2213 1226 2271 1279 δέ
2301 1227 2450 1280 ἐστιν
2478 1226 2507 1277 ὁ
2540 1226 2750 1297 καρπὸς
2791 1228 2886 1281 τοῦ
2926 1227 3245 1299 Πνεύματος
3274 1245 3290 1295 ;
3344 1227 3616 1281 ’Δκούσωο

2031 1335 2131 1390 μεν
2164 1318 2378 1373 Παύλου
2419 1318 2672 1387 λέγοντος
2692 1336 2706 1351 ·
2749 1318 2812 1374 '0
2857 1319 2925 1373 δὲ
2951 1320 3181 1389 καρπὸς
3206 1319 3312 1374 τοῦ
3342 1320 3617 1388 Πνεύμαο

2029 1429 2152 1478 τος,
2181 1413 2377 1483 φησὶν,
2429 1410 2654 1481 ἀγάπη,
2691 1411 2884 1482 χαρὰ,
2943 1411 3172 1480 εἰρήνη.
3222 1411 3363 1482 Ὅρα
3416 1408 3616 1474 λέξεως

2027 1506 2337 1577 ἀκρίϐειαν,
2397 1504 2750 1569 διδασκαλίας
2798 1504 3151 1559 ἀκολουθίαν·
3199 1503 3469 1575 προέταξε
3518 1502 3616 1573 τὴν

2027 1598 2270 1669 ἀγάπην,
2303 1598 2398 1652 καὶ
2418 1597 2541 1651 τότε
2564 1596 2674 1651 τῶν
2702 1596 2829 1668 ἐξῆς
2852 1597 3261 1669 ἐμνημόνευσε)
3280 1612 3294 1626 ·
3324 1595 3490 1667 ἔθηκε
3516 1593 3615 1663 τὴν

2030 1691 2207 1763 ῥίζαν,
2235 1691 2330 1744 καὶ⁵
2356 1691 2479 1745 τότε
2508 1690 2598 1745 τὸν
2628 1689 2845 1762 καρπὸν
2875 1688 3128 1757 ὑπέδειξε
3152 1705 3166 1720 ·
3212 1686 3480 1742 κατέϐαλε
3524 1685 3615 1739 τὸν

2028 1783 2297 1854 θεμέλιον,
2331 1782 2427 1837 καὶ
2448 1782 2567 1836 τότε
2592 1782 2690 1855 τὴν
2716 1781 3009 1853 οἰκοδομὴν
3030 1782 3314 1851 ἐπήγαγεν
3332 1797 3345 1810 ·
3375 1774 3485 1833 ἀπὸ
3519 1779 3617 1847 τῆς

2029 1876 2212 1947 πηγῆς
2237 1874 2461 1947 ἤρξατο,
2495 1874 2592 1929 καὶ
2643 1873 2763 1928 τότε
2795 1869 2961 1945 ἦλὶεν
3012 1873 3106 1926 ἐπὶ
3160 1874 3287 1937 τοὺς
3316 1870 3615 1942 ποταμούς.

2028 1967 2164 2019 Οὐδὲ
2193 1966 2304 2037 γὰρ
2328 1966 2593 2039 πρότερον
2615 1968 2648 2037 ἠ
2676 1966 2776 2039 τῆς
2798 1967 2974 2038 χαρᾶς
2995 1964 3331 2019 ἐπεισελθεῖν
3362 1962 3619 2025 ὑπόθεσις

2026 2055 2286 2123 δύναται,
2340 2056 2408 2111 ἂν
2440 2057 2513 2128 μὴ
2548 2057 2815 2130 πρότερον
2851 2057 3063 2112 ἐαυτῶν
3104 2053 3246 2111 εἶναι
3301 2055 3617 2126 νομίσωμεν

2027 2146 2126 2216 τὴν
2186 2145 2393 2217 ἐτέρων
2445 2148 2774 2219 εὐημερίαν,
2816 2149 2911 2202 καὶ
2944 2149 3122 2201 οἰκεῖα
3147 2147 3217 2201 τά
3261 2145 3354 2200 τοῦ
3389 2144 3618 2214 πλησίον

2027 2239 2210 2308 ἀγαθά
2239 2238 2588 2310 λογισώμεθα
2614 2255 2627 2270 ·
2650 2241 2823 2295 ταῦτα
2843 2240 2901 2295 δὲ
2930 2240 3032 2293 οὐκ
3060 2240 3126 2294 ἄν
3162 2256 3292 2294 ποτε
3320 2226 3405 2305 ἐξ
3428 2237 3617 2306 ἑτέρου

1982 2342 1999 2355 ⁵
2030 2330 2227 2400 φανείη
2254 2330 2419 2397 τινὸς,
2454 2330 2521 2385 ἂν
2555 2331 2629 2402 μὴ
2664 2332 2764 2402 τῆς
2786 2330 3012 2401 ἀγάπης
3047 2330 3387 2402 ὑπερϐάλῃή
3427 2345 3620 2399 τυραν..

2028 2425 2133 2489 νίς.
2178 2425 2243 2478 Ἦ
2260 2424 2449 2495 ἀγάπη
2483 2422 2611 2497 ῥίζα
2641 2424 2736 2477 καὶ
2761 2423 2914 2493 πηγὴ
2941 2423 3036 2477 καὶ
3062 2423 3247 2493 μήτηρ
3274 2421 3423 2475 ἐστὶν
3444 2420 3619 2473 ἀπάν-

2027 2534 2135 2571 των
2173 2516 2283 2570 τῶν
2321 2515 2565 2586 ἀγαθῶν.
2608 2514 2717 2568 Καὶ
2778 2514 2885 2585 γὰρ
2924 2513 3001 2575 ὡς
3047 2512 3171 2583 ῥίζα
3229 2511 3459 2581 μυρίους
3492 2511 3620 2571 τοὺς

2028 2608 2258 2672 κλάδους
2308 2608 2406 2679 τῆς
2448 2608 2650 2679 ἀρετῆς
2678 2605 2993 2672 ἀναδίδωσι,
3026 2604 3122 2657 καὶ
3161 2602 3237 2666 ὼς
3265 2601 3417 2672 πηγὴ
3449 2600 3619 2653 πολλά

2027 2700 2202 2754 τίκτει
2254 2701 2324 2755 τὰ
2353 2699 2596 2771 νάματα,
2630 2698 2726 2752 καὶ
2760 2698 2838 2760 ὼς
2893 2698 3077 2768 μήτηρ
3113 2695 3246 2749 εἴσω
3274 2694 3383 2748 τῶν
3415 2692 3618 2762 ἑαυτῆς

2028 2794 2246 2847 κάλπιον
2277 2790 2631 2863 περισφίγγει
2659 2790 2789 2852 τοὺς
2822 2790 2901 2853 εἰς
2935 2788 3107 2858 αὐτὴν
3146 2784 3615 2856 καταφεύγοντας,

2034 2887 2099 2939 ’0
2123 2884 2188 2956 δὴ
2214 2884 2307 2937 καὶ
2332 2885 2360 2937 6
2391 2883 2661 2955 μακάριος
2693 2880 2909 2944 Παῦλος
2935 2879 3181 2945 συνιδὼν,
3212 2878 3423 2950 καρπὸν
3450 2876 3620 2948 αὐτὴν

2027 2979 2120 3032 τοῦ
2151 2978 2472 3050 Πνεύματος
2496 2956 2757 3030 ἐκάλεσεν
2777 2991 2792 3007 ·
2834 2973 3070 3045 ἀλλαχοῦ
3102 2972 3160 3027 δὲ
3194 2973 3448 3026 τοσοῦτον
3479 2970 3619 3040 αὐτῇ

2028 3072 2088 3124 τὸ
2113 3070 2434 3143 προτέρημα
2460 3067 2776 3140 ἐχαρίσατο,
2801 3067 2877 3131 ὡς
2899 3066 2994 3120 καὶ
3024 3065 3299 3136 πλήρωμα
3328 3063 3498 3134 αὐτὴν
3519 3061 3618 3115 τοῦ

2028 3165 2194 3235 νόμου
2246 3165 2594 3236 προσειπεῖν·
2625 3160 2925 3231 Πλήρωμα
2974 3158 3083 3231 γὰρ
3112 3159 3322 3228 νόμου,
3351 3157 3538 3230 φησὶν,
3579 3158 3649 3224 ὴ·

2028 3253 2249 3324 ἀγάπη.
2304 3253 2362 3308 '0
2399 3252 2583 3324 μέντοι
2619 3251 2730 3305 τῶν
2766 3250 3024 3304 ἁπάντων
3058 3247 3338 3317 Δεσπότης
3367 3246 3462 3299 καὶ
3492 3246 3620 3314 ὅρον

2028 3345 2303 3418 ἀρκοῦντα
2342 3345 2438 3397 καὶ
2460 3342 2786 3415 χαρακτῆρα
2818 3340 3157 3407 ἀξιόπιστον,
3182 3339 3263 3402 είς
3291 3337 3352 3390 τὸ
3383 3337 3619 3406 φανῆναι

2027 3439 2155 3499 τοὺς
2186 3436 2380 3491 ἐαυτοῦ
2408 3434 2682 3506 μαθητὰς,
2703 3434 2803 3505 οὐχ
2827 3433 3017 3504 ἕτερόν
3038 3449 3179 3497 τινα,
3210 3431 3244 3502 ἢ
3275 3428 3366 3482 τὸν
3392 3429 3499 3493 ἀπο
3521 3429 3620 3497 τῆς

2028 3530 2251 3600 ἀγάπης
2289 3529 2422 3600 ήμῖν
2454 3527 2795 3599 προεϐάλετο
2822 3523 2993 3579 εἰπών
3018 3540 3032 3555 ·
3097 3526 3201 3578 Ἐν
3238 3525 3430 3590 τούτῳ
3473 3522 3621 3592 γνώ-

2029 3636 2240 3675 σονται
2260 3618 2483 3685 πάντες
2504 3617 2591 3671 ὅτι
2614 3616 2743 3687 ἐ·μοί
2756 3616 3019 3687 μαθηταί
3041 3616 3203 3680 ἐστε,
3238 3615 3346 3668 ἐὰν
3378 3613 3622 3685 ἀγάπην

2030 3712 2210 3783 ἔχητε
2232 3713 2302 3766 ἐν
2318 3711 2637 3779 ἀλλήλοις.
2664 3711 2774 3778 Διὸ,
2796 3710 3124 3783 παρακαλῶ,
3143 3712 3228 3764 ἐπ’
3258 3710 3426 3781 αὐτὴν
3454 3726 3622 3763 κατα-

2031 3803 2293 3875 φύγωμεν
2348 3803 2609 3871 ἅπαντες,
2673 3804 2770 3858 καὶ
2817 3803 2993 3877 ταύτῃ
3041 3802 3494 3874 περιπλακῶμεν,
3530 3805 3624 3854 καὶ

2035 3896 2153 3966 μετ’
2184 3896 2354 3967 αὐτῆς
2391 3895 2491 3967 τὴν
2542 3896 2737 3969 ἐορτὴν
2777 3895 2984 3966 ταύτην
3019 3894 3441 3963 ὑποδεξώμεθα·
3485 3886 3651 3945 ὅπου’

2031 3991 2140 4059 γὰρ
2164 3990 2351 4061 ἀγάπη
2382 3990 2432 4054 ι’,
2461 3990 2623 4061 ἀργεῖ
2642 3990 2740 4060 τῆς
2762 3988 2939 4059 ψυχῆς
2969 3986 3037 4039 τὰ
3062 3986 3419 4056 ἐλαττώματα
3445 4001 3457 4014 ·
3486 3986 3620 4037 ὅπου
3694 3996 3697 3999 ‘

2032 4084 2243 4153 ἀγάπη,
2272 4082 2341 4135 τὰ
2356 4081 2528 4151 άλογα
2557 4080 2657 4151 τῆς
2673 4080 2910 4143 διανοίας
2941 4081 3291 4151 σκιρτήματα
3318 4077 3619 4130 πέπαυται.

2044 4174 2105 4230 Ἠ
2131 4174 2354 4244 ἀγάπη,
2378 4173 2562 4244 φησὶν,
2594 4173 2665 4224 οὐ
2689 4172 3111 4239 περπερεύεται
3131 4211 3144 4231 ,
3178 4172 3249 4223 οὐ
3276 4167 3619 4238 φυσιοῦται,

2033 4267 2143 4319 οὐκ
2166 4264 2520 4335 ἀσχημονεῖ.
2563 4265 2632 4317 Ἡ
2664 4264 2853 4334 ἀγάπη
2910 4262 2989 4334 τῷ
3046 4261 3270 4331 πλησίον
3320 4260 3489 4314 κακὸν
3522 4260 3623 4312 οὐκ

2033 4357 2356 4428 ἐργάζεται·
2388 4358 2522 4411 ὅπου
2549 4357 2738 4427 ἀγάπη
2784 4353 3166 4421 πολιτεύεται,
3194 4352 3447 4435 ¹οὐδαμοῦ
3480 4353 3622 4405 Κάῖν

2034 4446 2276 4520 φονέῦων
2301 4449 2393 4505 τὸν
2420 4450 2667 4519 ἀδελφόν.
2699 4448 2889 4503 Ἀνελε
2932 4447 3026 4502 τοῦ
3053 4447 3247 4517 φθόνου
3281 4447 3379 4517 τὴν
3413 4444 3619 4515 πηγὴν,

2034 4546 2129 4599 καὶ
2149 4546 2358 4609 ἀνεῖλες
2389 4544 2497 4599 τῶν
2526 4544 2714 4598 κακῶν
2742 4543 3000 4597 ἁπάντων
3038 4543 3128 4595 τὸν
3175 4540 3416 4611 ποταμόν
3440 4557 3452 4570 ·
3483 4539 3620 4592 ἀπό-

2033 4654 2167 4708 τεμε
2196 4637 2295 4707 τὴν
2328 4636 2506 4707 ῥίζαν,
2558 4636 2654 4688 καὶ
2688 4634 3001 4696 συνανεῖλες
3043 4635 3134 4688 τὸν
3164 4634 3399 4704 καρπόν.
3433 4632 3623 4688 Ταῦτα

2034 4732 2091 4785 δέ
2135 4730 2282 4798 λέγω
2327 4728 2438 4782 τῶν
2471 4727 2810 4797 φθονούντων
2862 4728 3163 4798 κηδόμενος
3197 4727 3399 4797 μᾶλλον
3450 4727 3625 4798 ἢτῶν

2036 4822 2414 4894 φθονουμένων
2438 4837 2452 4851 ⁸
2494 4822 2588 4875 καὶ
2640 4821 2750 4893 γάρ
2777 4822 2975 4873 ἐκεῖνοι
3019 4820 3257 4891 μάλιστά
3287 4823 3423 4873 εἰσιν
3474 4821 3523 4873 οἱ
3556 4824 3626 4873 τά

2040 4916 2278 4988 μέγιστα
2312 4914 2691 4987 ζημιούμενοι,
2721 4914 2816 4969 καὶ
2845 4913 3012 4967 πολὺν
3039 4914 3252 4978 ἑαυτοῖς
3279 4914 3370 4967 τὸν
3402 4913 3625 4984 ὄλεθρον

2036 5009 2365 5079 ἐπάγοντες·
2405 5007 2529 5061 ἐπεί
2565 5024 2629 5076 γε
2669 5008 2751 5060 ὅτι
2784 5008 2903 5070 τοῖς
2955 5006 3346 5078 φθονουμένοις
3378 5007 3472 5060 καὶ
3501 5023 3625 5058 στε-

2040 5102 2223 5172 φάνων
2249 5100 2506 5164 ὑπόθεσίς
2558 5102 2729 5165 ἐστιν,
2782 5100 2831 5152 εἰ
2868 5098 3165 5169 βούλοιντο,
3196 5099 3258 5152 τὸ
3289 5098 3621 5168 φθονεῖσθαι.

2036 5194 2149 5248 Καὶ
2179 5193 2281 5266 ὅρα
2316 5211 2406 5265 μοι
2428 5193 2546 5256 πῶς
2582 5192 2748 5246 ’Ἅϐελ
2777 5192 2806 5245 6
2856 5191 3065 5256 δίκαιος
3101 5192 3316 5263 ᾅδεται,
3367 5191 3461 5243 καὶ
3503 5189 3624 5242 καθ’

2038 5286 2276 5355 ἑκάστην
2306 5282 2743 5355 ἀνακηρύττεται
2772 5282 2872 5354 τὴν
2905 5283 3135 5354 ἡμέραν,
3166 5283 3261 5336 καὶ
3286 5284 3319 5351 ἡ
3346 5280 3444 5350 τῆς
3482 5296 3624 5349 σφα-

2036 5382 2140 5452 γῆς
2182 5378 2442 5443 ὑπόθεσις
2488 5378 2730 5444 εὐδοξίας
2777 5379 2928 5451 αὐτῷ
2970 5380 3194 5448 γέγονεν
3226 5375 3473 5446 ἀφορμή.
3516 5376 3625 5428 Καὶ

2037 5471 2066 5525 6
2104 5472 2201 5542 μὲν
2222 5471 2316 5525 καὶ
2347 5472 2487 5540 μετά
2508 5472 2606 5544 τὴν
2635 5471 2892 5544 τελευτὴν
2914 5471 3004 5524 διά
3033 5468 3127 5522 τοῦ
3150 5466 3383 5538 αἵματος
3410 5471 3622 5539 παρρη-

2044 5565 2315 5635 σιάζεται,
2351 5567 2447 5621 καὶ
2473 5565 2703 5638 λαμπρᾷ
2731 5567 2799 5636 τῇ
2830 5566 2983 5636 φωνῇ
3020 5564 3319 5634 κατηγορεῖ
3346 5562 3441 5617 τοῦ
3479 5579 3625 5634 μιαι-

2102 5816 2128 5844 ⁸
2146 5814 2267 5875 Reg.
2294 5813 2381 5870 τήν
2403 5811 2558 5875 πόλιν.

2101 5875 2130 5915 b
2154 5867 2273 5935 Βοξς.
2304 5867 2424 5921 ὅπου
2446 5873 2624 5935 ἀγάπῃ,
2655 5868 2752 5918 ἐκεῖ
2768 5867 2847 5935 Δτό
2866 5867 3035 5932 πικρὸν
3066 5869 3146 5917 καὶ
3187 5869 3316 5934 ὠμὸν
3342 5868 3607 5928 ἀπελήλατο

2038 5936 2121 5987 τοῦ
2147 5930 2312 5997 φθόνου
2337 5930 2544 5998 κέντρον.
2564 5932 2727 5983 ’Ὀπου
2758 5930 2918 5994 ἀγάπη
2946 5930 3254 5985 τὶοὶιτεύεταιζ
