4130 6484
467 464 570 525 660

466 585 631 652 φόνου
656 597 671 612 ’
706 582 737 634 ό
789 580 848 634 δὲ
877 579 1038 652 δῆθεν
1082 580 1506 653 περιγενόμενος
1544 582 1636 636 τὸν
1681 582 1892 653 καρπὸν
1945 582 2055 635 τῶν

468 667 648 741 ἔργων
665 666 754 721 διὰ
782 664 886 737 τῆς
911 664 1236 730 ἀντιδόσεως
1265 665 1378 720 τῶν
1414 666 1593 737 ἔργων
1644 666 1889 721 ἀπέλαϐε
1911 707 1926 734 ,
1964 669 2058 722 καὶ

471 752 676 808 στένων
700 751 792 804 καὶ
818 750 1039 821 τρέμων
1066 748 1254 821 διῆγεν
1281 750 1376 803 ἐπὶ
1407 750 1507 822 τῆς
1537 750 1669 823 γῆς’
1700 752 1730 805 ό
1761 750 1820 805 δὲ
1849 752 2059 823 ἀνῃρη-

473 834 635 907 μένος
679 835 778 889 καὶ
805 835 899 889 ἐπὶ
921 834 1025 906 τῆς
1056 834 1163 905 γῆς
1186 834 1440 905 κείμενος
1491 837 1634 906 μετά
1658 835 1759 906 τὴν
1797 834 2059 907 τελευτὴν

471 917 697 974 πλείονα
714 917 867 993 [474]
890 918 993 990 τὴν
1018 916 1333 992 παρρησίαν
1358 918 1731 973 ἐπεδείκνυτο.
1755 919 1868 974 Καὶ
1889 918 2061 974 καθά-

474 1020 583 1075 περ
610 1003 819 1059 ἐκεῖνον
842 1003 877 1075 ἡ
902 1001 1148 1075 ἁμαρτία
1173 1001 1269 1056 καὶ
1295 999 1475 1067 ζῶντα
1489 1000 1600 1056 τῶν
1618 1001 1832 1074 νεκρῶν
1863 1001 2063 1057 ἀθλιώ-

473 1104 634 1158 τερον
661 1087 870 1156 διάγειν
890 1084 1306 1160 παρεσκεύασεν
1328 1102 1343 1118 ο
1392 1084 1537 1139 οὕτω
1570 1084 1762 1140 τοῦτον
1794 1087 1829 1159 ὴ
1867 1086 2061 1159 ἀρετὴ,

476 1172 571 1225 καὶ
606 1169 746 1242 μετά
768 1169 867 1243 τὴν
914 1168 1173 1242 τελευτὴν
1216 1169 1383 1224 πλέον
1438 1167 1769 1238 διαλάμπειν
1813 1169 2061 1241 ἐποίησε.

477 1256 577 1311 Διά
607 1273 691 1310 τοι
737 1254 896 1308 τοῦτο
936 1255 1033 1309 καὶ
1077 1256 1262 1326 ἡμεῖς,
1304 1253 1395 1309 ἵνα
1434 1253 1658 1325 μείζονα
1690 1252 1786 1307 καὶ
1829 1253 2065 1309 ἐνταῦθα

476 1340 641 1394 κάκεῖ
688 1338 787 1411 τῂν
827 1337 1146 1411 παρρησίαν
1195 1336 1550 1410 κτησώμεθα,
1598 1337 1686 1391 ἵνα
1717 1337 1940 1392 πλείονα
1967 1338 2067 1411 τὴν

478 1423 818 1496 εὐφροσύνην
847 1424 946 1494 τὴν
968 1421 1080 1477 ἀπὸ
1105 1423 1205 1494 τῆς
1240 1422 1437 1494 ἑορτῆς
1452 1419 1903 1494 καρπωσώμεθα,
1933 1423 2068 1478 πάν-

476 1524 549 1564 τα
578 1509 676 1580 μὲν
703 1506 775 1561 τὰ
800 1506 1024 1582 ρυπαρὰ
1050 1505 1152 1578 τῆς
1176 1506 1356 1577 ψυχῆς
1385 1506 1730 1577 περιέλωμεν
1765 1505 2066 1578 ἐνδύματα,

481 1592 719 1664 μάλιστα
772 1591 869 1645 τοῦ
917 1590 1113 1661 φθόνου
1144 1590 1206 1643 τὸ
1265 1589 1612 1660 περιϐόλαιον
1644 1590 2065 1663 ἀποδυσώμεθα.

479 1677 604 1731 Κᾶν
643 1675 753 1749 γὰρ
790 1675 961 1748 μυρία
993 1673 1293 1747 κατορθοῦν
1337 1673 1613 1745 δόξωμεν,
1663 1676 1882 1730 πάντων
1906 1678 2071 1730 ἐκπε-

483 1758 746 1831 σούμεθα,
777 1761 877 1833 τῆς
901 1759 1104 1830 πικρᾶς
1134 1758 1394 1831 ἡμῖνκαὶ
1418 1758 1577 1830 ὠμῆς
1597 1757 1801 1832 ταύτης
1831 1757 2072 1831 ἐνοχλού-

487 1860 587 1917 σης
610 1843 815 1917 λύμηςο
846 1844 912 1914 ἦν
941 1844 1152 1908 πάντας
1179 1841 1327 1915 ἡμᾶς
1351 1840 1637 1913 διαφυγεῖν
1685 1843 1918 1913 γένοιτο,
1974 1844 2069 1899 καὶ

1141 463 1199 519 S.
1238 463 1529 520 JOANNIS
1565 465 2064 523 CHRYSOSTOMI
2100 465 2422 527 ARCHIEP.
2456 469 3006 528 CONSTANTINOP.

3641 477 3754 532 I70

2165 582 2400 653 μάλιστα
2429 587 2557 650 τοὺς
2581 585 2823 657 τήμερον
2848 585 2938 640 διὰ
2985 584 3088 657 τῆς
3110 586 3206 641 τοῦ
3231 586 3460 659 λουτροῦ
3504 589 3751 662 χάριτος,

2159 666 2222 721 τὸ
2253 667 2483 724 παλαιὸν
2520 668 2630 723 τῶν
2661 669 3076 741 ἁμαρτημάτων
3102 668 3309 743 ἔνδυμα
3354 671 3754 744 ἀποθεμένους,

2160 750 2256 803 καὶ
2288 751 2426 825 πρὸς
2471 750 2569 816 τὰς
2606 752 2838 823 ἡλιακὰς
2870 752 3098 817 άκτῖνας
3133 753 3499 826 ἁντιλάμπειν
3517 754 3759 826 δυνάμι⁹

2161 849 2305 897 νους.
2344 833 2532 906 Ὑμεῖς
2569 834 2670 906 μὲν
2696 831 2813 901 οῦν,
2850 834 3176 908 παρακαλῶ,
3203 837 3256 891 οί
3287 838 3527 909 σήμερον
3551 838 3633 902 είς
3651 836 3758 910 τὴν

2161 917 2436 973 υἱοθεσίαν
2466 917 2858 992 ἐγγραφέντες,
2892 920 2942 972 οί
2969 919 3031 973 τὺ
3058 919 3315 993 λαμπρὸν
3333 919 3496 976 τοῦτο
3529 920 3758 994 περισό-

2162 1002 2315 1056 λαιον
2341 1001 2715 1074 ἐνδυσάμενοι,
2747 1002 2899 1075 πάσῃ
2939 1002 3156 1076 φυλακῇ
3188 1003 3290 1075 τὴν
3335 1003 3670 1076 φαιδρότητα
3692 1006 3760 1059 ὲν

2163 1081 2199 1162 ᾖ
2235 1086 2334 1143 νῦν
2363 1089 2487 1141 ἔστε
2514 1087 2907 1160 διατηρήσατε,
2937 1087 3281 1158 πανταχόθεν
3305 1087 3759 1160 ἀποτειχίσαντες

2162 1168 2244 1242 τῷ
2272 1169 2506 1243 διαϐόλῳ
2547 1171 2651 1243 τὴν
2680 1168 2907 1236 εῑσοδον,
2944 1170 3033 1224 ἴνα
3083 1169 3478 1244 δαψιλεστέρας
3516 1169 3762 1225 ἀπολαύ-

2167 1270 2361 1318 σαντες
2413 1252 2514 1324 τῆς
2562 1251 2657 1306 τοῦ
2688 1251 3005 1324 Πνεύματος
3049 1253 3295 1325 χάριτος,
3329 1253 3762 1325 καρποφορῆσαι

2164 1333 2429 1408 δυνηθῆτε
2458 1336 2518 1391 ἓν
2546 1335 2864 1411 τριάκοντα,
2895 1335 2993 1389 καὶ
3023 1334 3082 1389 ἓν
3104 1336 3391 1408 ἐξήκοντα,
3413 1336 3511 1390 καὶ
3538 1336 3597 1389 ἓν
3626 1335 3764 1389 ἑκα-

2165 1419 2279 1484 τὸν,
2307 1419 2405 1474 καὶ
2434 1419 2575 1491 μετὰ
2606 1419 2922 1493 παρρησίας
2954 1420 3269 1491 ἀπαντῆσαι
3313 1418 3635 1491 ἀξιωθείητε
3678 1416 3764 1490 τῷ

2170 1502 2383 1574 βασιλεῖ
2399 1503 2509 1559 τῶν
2535 1503 2800 1576 οὐρανῶν,
2821 1504 2953 1558 ὅταν
2980 1502 3387 1575 παραγίνεσθαι
3430 1500 3622 1576 μέλλῃ,
3663 1500 3765 1555 καὶ

2167 1586 2239 1640 τὰ
2264 1586 2553 1660 ἀπόρρητα
2581 1585 2763 1656 ἀγαθὰ
2785 1586 3064 1657 διανέμειν
3095 1587 3212 1649 τοῖς
3260 1585 3379 1658 μετ’
3416 1585 3622 1657 ἀρετῆς
3666 1583 3766 1638 τὸν

2170 1670 2421 1743 παρόντα
2447 1670 2562 1742 βίον
2596 1668 2910 1725 διανύσασιν
2928 1709 2945 1735 ,
2974 1671 3034 1724 ὲν
3059 1667 3284 1741 Χριστῷ
3320 1666 3498 1741 Ἰησοῦ
3537 1667 3615 1741 τῷ
3644 1668 3765 1721 Κυ-

2176 1757 2275 1830 ρίῳ
2297 1754 2477 1829 ἡμῶν,
2500 1748 2545 1824 ᾧ
2568 1754 2602 1827 ἠ
2630 1754 2760 1820 δόξα
2785 1753 2882 1808 καὶ
2913 1753 2974 1808 τὸ
3006 1752 3208 1826 κράτος
3228 1753 3330 1809 νῦν
3352 1754 3450 1810 καὶ
3486 1753 3576 1807 ἀεὶ
3602 1791 3619 1821 ,
3666 1750 3767 1805 καὶ

2176 1841 2256 1905 είς
2286 1839 2413 1903 τοὺς
2431 1838 2631 1903 αίῶνας
2662 1838 2771 1892 τῶν
2796 1836 3030 1893 αίώνων.
3076 1837 3271 1909 Ἀμήν.
