4130 6438
333 399 442 454 M9

323 526 556 582 operum
581 510 809 565 fructum
846 521 940 578 per
965 520 1191 580 operum
1233 504 1533 566 mercedem
1577 510 1818 582 recepit,
1866 519 1922 566 et

326 617 558 674 gemens
585 601 928 672 tremensque
952 599 1116 654 vitam
1161 600 1213 654 in
1248 600 1404 656 terris
1443 600 1695 657 traduxit.
1739 602 1808 656 At
1839 601 1925 656 hic

327 694 649 750 interfectus
676 701 732 748 et
752 691 939 763 jacens
977 691 1030 747 in
1059 701 1218 759 terra,
1250 703 1370 762 post
1389 693 1592 750 obitum
1620 691 1782 750 etiam
1808 710 1926 748 ma-

327 791 452 856 iore
504 799 629 841 cum
684 785 876 840 ﬁducia
936 785 1187 856 loquendi
1247 784 1552 843 facultatem
1603 787 1925 844 ostentabat.

328 877 404 932 Et
436 876 886 948 quemadmodum
921 876 1071 932 illum
1114 877 1194 933 sic
1217 876 1484 933 afﬁciebat
1512 886 1784 948 peccatum
1809 919 1825 946 ,
1872 886 1931 932 ut

327 971 633 1025 etiamnum
672 968 858 1024 vivens
904 968 1168 1025 infelicius
1211 967 1438 1024 mortuis
1464 952 1926 1040 vitam'degeret:

330 1059 413 1115 sic
444 1066 502 1115 et
540 1059 703 1114 istum
743 1067 864 1129 post
908 1067 1136 1115 mortem
1179 1059 1341 1116 etiam
1381 1060 1551 1115 virtus
1579 1059 1928 1116 illustriorem

332 1151 593 1209 reddidit.
616 1151 878 1220 Quocirca
908 1165 1008 1208 nos
1031 1162 1246 1223 quoque
1273 1159 1332 1208 ut
1367 1152 1626 1224 majorem
1665 1160 1719 1208 et
1757 1151 1844 1207 hic
1879 1159 1935 1207 et

333 1245 450 1301 illic
471 1243 718 1300 ﬁduciam
745 1242 899 1300 nobis
924 1243 1294 1313 conciliemus,
1319 1251 1379 1300 ut
1405 1245 1718 1316 ampliorem
1739 1259 1805 1302 ex
1831 1244 1932 1301 bac

333 1335 632 1392 festivitate
661 1333 900 1390 laetitiam
941 1333 1313 1406 decerpamus,
1346 1335 1526 1392 omnia
1569 1336 1783 1408 quidem
1810 1339 1932 1393 ani-

334 1443 442 1484 ma:
485 1427 702 1484 sordida
748 1428 1065 1486 vestimenta
1109 1427 1450 1501 rejiciamus,
1497 1431 1766 1501 prmcipue
1805 1445 1934 1487 vero

333 1536 439 1577 nos
467 1519 680 1577 invidia:
699 1528 849 1578 veste
868 1521 1182 1592 spoliemus.
1208 1521 1359 1578 Licet
1378 1522 1523 1578 enim
1547 1534 1930 1580 sexcentarum

333 1619 490 1666 recte
510 1610 772 1666 factorum
794 1611 1043 1667 meritum
1066 1612 1368 1670 cumulasse
1388 1612 1682 1681 videamur,
1708 1615 1755 1671 si
1780 1631 1814 1669 n
1835 1616 1936 1672 )biS

335 1700 462 1756 haec
487 1701 681 1756 acerba
707 1709 951 1772 tetraque
975 1701 1091 1757 lues
1119 1704 1392 1775 negotium
1429 1704 1686 1771 facessat,
1718 1705 1771 1759 in
1793 1705 1935 1762 n.bi-

336 1789 456 1846 lum
497 1800 688 1848 cuncta
733 1791 993 1849 recident.
1039 1792 1195 1850 Faxit
1218 1795 1361 1851 Deus
1387 1804 1444 1851 ut
1475 1796 1592 1867 ejus
1621 1811 1719 1851 nos
1747 1811 1937 1854 omch

334 1891 594 1954 expertes
635 1883 825 1954 simus,
867 1891 1028 1956 atque
1052 1884 1131 1943 illi
1173 1886 1408 1944 maxime
1447 1890 1537 1959 qui
1569 1886 1825 1945 hodierna
1849 1887 1938 1945 die

1337 395 1423 450 DE
1457 394 1722 452 SANCTA
1757 396 2232 456 PENTECOSTE.
2263 392 2497 450 llOMIL.
2530 393 2593 450 ll.

3513 401 3621 458 L70

2033 525 2129 581 per
2169 513 2392 582 gratiam
2452 504 2649 570 lavacri
2691 521 2927 571 veterem
2987 523 3327 584 peccatorum
3369 513 3624 571 amictum

2032 604 2360 674 abjecerunt,
2390 613 2445 660 ct
2469 605 2638 677 ipsius
2661 605 2792 662 solis
2815 604 2976 661 radiis
2998 605 3248 661 tumulum
3264 604 3374 676 jam
3402 615 3626 676 possunt

2032 695 2211 751 lumen
2253 695 2549 753 effundere.
2595 696 2704 752 Vos
2750 695 2911 766 igitur
2955 696 3181 764 hortor,
3230 696 3320 766 qui
3367 695 3528 752 hodie
3573 697 3624 751 in

2033 786 2374 857 adoptionem
2417 787 2719 859 transcripti
2764 787 2930 854 estis,
2977 789 3068 860 qui
3113 787 3451 860 splendidum
3483 787 3628 843 hunc

2034 881 2286 934 amictum
2313 880 2578 948 induistis,
2608 880 2754 935 omni
2787 879 3050 947 custodia,
3091 895 3197 952 quo
3236 893 3379 935 nunc
3418 878 3626 950 praediti

2034 973 2195 1040 estis,
2225 971 2564 1043 splendorem
2601 983 2951 1041 conservate,
2980 982 3140 1045 atque
3178 973 3325 1029 omni
3369 987 3434 1027 ex
3479 979 3630 1043 parte

2036 1064 2250 1121 diabolo
2295 1063 2496 1120 aditum
2559 1065 2934 1133 intercluditc,
2986 1074 3043 1121 ut
3084 1064 3370 1136 copiosiori
3428 1064 3629 1136 Spiritu

2037 1159 2210 1229 gratia
2237 1167 2484 1230 percepta
2515 1157 2839 1214 fructiﬁcare
2869 1158 3086 1228 possitis
3117 1173 3277 1214 unum
3311 1158 3544 1229 triginta,
3576 1164 3633 1212 et

2037 1268 2202 1310 unum
2246 1253 2553 1324 sexaginta,
2603 1262 2658 1308 et
2700 1266 2862 1307 unum
2909 1261 3120 1309 centum
3164 1268 3178 1306 :
3221 1260 3280 1306 ut
3323 1250 3631 1308 efficiamini

2037 1344 2182 1417 digni
2208 1344 2297 1415 qui
2326 1359 2447 1399 cum
2475 1343 2669 1399 ﬁducia
2698 1343 2827 1414 Regi
2866 1343 3118 1398 cwlorum
3156 1341 3474 1410 occurratis,
3506 1357 3629 1397 cum

2037 1445 2292 1494 venturus
2336 1435 2527 1504 fuerit,
2572 1435 2825 1506 omnique
2852 1449 3102 1491 sermone
3142 1435 3450 1490 sublimiora
3492 1434 3630 1489 bona

2037 1528 2418 1584 distributurus
2453 1527 2588 1595 illis,
2620 1527 2707 1598 qui
2737 1536 3054 1598 praesentem
3084 1527 3244 1581 vitam
3282 1541 3402 1582 cum
3437 1526 3634 1581 virtute

2041 1619 2435 1690 transcgcrint,
2477 1619 2530 1674 in
2580 1617 2792 1675 Christo
2837 1617 2963 1675 Jesu
3012 1618 3237 1673 Domino
3283 1625 3502 1685 nostro,
3547 1616 3630 1670 cui

2038 1712 2208 1784 gloria
2229 1719 2283 1766 et
2313 1718 2549 1781 potestas
2571 1726 2714 1767 nunc
2739 1718 2794 1766 et
2817 1724 3052 1784 semper.
3079 1719 3132 1766 et
3169 1710 3222 1766 in
3249 1710 3440 1766 saecula
3462 1722 3626 1766 saecu~

2044 1803 2238 1859 lorum.
2269 1803 2456 1858 Amen.
