4130 6438
489 403 588 458 HI
1186 399 1244 453 S.
1286 394 1571 454 JOANMS
1611 390 2096 450 CIIRYSOSTOMI
2138 392 2460 449 AlllelEP.
2501 394 3046 452 CONSTANTINOP.
3648 394 3767 456 ιη

614 535 891 546 Α-*ι--ον-

898 529 2818 559 mm

502 535 2809 563 cxmm—m

3339 550 3709 565 ...σι-Μ

1112 773 1243 860 ιΝ
1319 769 1669 860 PAULI
1750 770 2288 862 ENCOMIA
2366 774 3106 871 ADMONITIO.

559 1016 670 1074 llas
693 1017 761 1074 de
787 982 941 1075 beati
962 1017 1112 1074 Pauli
1138 1017 1392 1073 laudibus
1412 1017 1709 1074 conciones
1742 1032 2049 1074 memorare
2096 1022 2312 1077 videtur
2341 1020 2773 1094 Chrysostomus
2793 1040 2961 1097 supra
2989 1026 3043 1081 in
3072 1025 3297 1081 homilia
3338 1026 3421 1082 De
3464 1024 3751 1094 Kalendis,

488 1110 581 1168 ubi
602 1109 684 1166 sic
709 1110 874 1166 habet
894 1108 997 1166 sub
1024 1108 1240 1164 initium
1265 1107 1332 1165 Τ.
1384 1108 1427 1173 Ι.
1453 1124 1508 1179 p.
1534 1107 1641 1165 698
1666 1124 1681 1162 :
1709 1108 2073 1195 nﬂilﬂv’YOt-JV

2129 1112 2282 1183 ἡμῶν
2329 1113 2783 1185 ἐγκωμιαζόντων
2830 1116 2924 1171 τὸν
2981 1117 3247 1189 μακάρων
3298 1115 3532 1183 Πᾶῦλον,
3580 1118 3760 1183 οὕτως

490 1205 873 1275 ὲσκιρτήσατε,
912 1203 988 1266 ὡς
1010 1200 1174 1257 αὑτὸν
1201 1199 1437 1271 ὁρῶντες
1467 1200 1778 1272 παρόντα...
1813 1200 1907 1255 καὶ
1944 1200 2247 1275 ἐϐουλόμην
2278 1204 2378 1274 μὲν
2405 1205 2485 1268 εἰς
2514 1205 2615 1277 τὴν
2639 1207 2811 1279 αὐτὴν
2843 1207 3096 1262 ὑπόθεσιν
3132 1205 3432 1278 καταϐῆναι
3464 1207 3559 1260 καὶ
3583 1208 3762 1278 τήμε-

402 1356 409 1359 _
502 1306 617 1364 ρον,
645 1293 784 1347 ἀλλὰ
816 1291 952 1364 πρὸς
993 1292 1161 1363 ἕτερα
1182 1291 1577 1361 κατεπείγοντα
1608 1293 1740 1362 ἡμῖν
1792 1293 1820 1345 ὁ
1858 1291 2014 1361 λόγος
2040 1290 2315 1365 ὥρμηται,
2348 1294 2419 1348 τὰ
2458 1296 2698 1367 σήμερον
2749 1295 2853 1350 ὑπὸ
2881 1298 2981 1369 τῆς
3008 1297 3216 1362 πόλεως
3248 1297 3468 1367 ἁπάσης
3500 1297 3757 1368 ἁμαρτη-

491 1384 672 1440 Οέντα.
712 1385 852 1452 Τοὺς
879 1386 989 1458 γὰρ
1026 1386 1324 1450 ἀκούοντας
1342 1384 1453 1439 τῶν
1485 1384 1777 1457 ἐγκωμίων
1822 1384 2061 1453 Παύλου,
2088 1386 2353 1457 πρότερον
2394 1388 2492 1458 τῆς
2520 1389 2722 1459 ἀρετῆς
2749 1388 2844 1443 τοῦ
2896 1388 3112 1444 Παύλου
3172 1390 3421 1461 ζηλωτὰς
3449 1387 3589 1444 εἶναι
3621 1389 3760 1459 χρὴ,

489 1481 583 1534 καὶ
604 1479 861 1550 τοιαύτης
887 1478 1206 1551 ἀκροάσεως
1234 1479 1441 1547 ἀξίους.
1479 1476 1538 1534 Id
1577 1488 1680 1543 est,
1718 1477 1904 1548 Nuper
1933 1479 2099 1549 igitur

2132 1495 2251 1533 cum
2280 1479 2492 1533 beatum
2543 1480 2777 1536 Paulum
2826 1483 3078 1537 encomiis
3110 1481 3517 1548 celebruremus,
3558 1482 3636 1535 ita
3661 1497 3757 1536 ea:-

489 1572 807 1638 sultuvistis,
836 1574 989 1642 quasi
1014 1574 1189 1644 ipsum
1215 1583 1525 1644 prwsentem
1571 1574 1904 1629 vidissetis...
1943 1574 2192 1629 Volebam
2221 1584 2397 1630 autem
2426 1577 2481 1630 iu
2515 1576 2653 1631 idem
2676 1593 2880 1648 quoque
2920 1586 3291 1648 argumentum
3338 1577 3493 1631 hodie
3535 1578 3758 1631 descen-

490 1665 611 1719 dere
639 1681 659 1719 :
700 1664 791 1718 sed
823 1663 892 1718 ad
920 1664 1028 1717 alia
1051 1664 1313 1735 quaedam,
1339 1681 1458 1734 qum
1485 1666 1655 1736 magis
1682 1675 1888 1735 urgent,
1930 1666 2102 1720 oratio
2134 1677 2318 1721 nostra
2363 1668 2689 1736 provehitur,
2720 1671 2775 1724 in
2804 1669 2994 1741 quibus
3023 1686 3057 1725 a
3086 1679 3199 1726 tota
3219 1669 3374 1724 hodie
3400 1671 3614 1724 civitate
3640 1685 3762 1737 pec-

492 1765 666 1809 catur.
709 1755 818 1809 Eos
850 1756 992 1810 enim
1028 1756 1119 1826 qui
1143 1757 1382 1811 eucomia
1414 1755 1577 1811 Pauli
1604 1758 1791 1811 audire
1838 1758 2078 1828 cupiunt,
2108 1759 2254 1828 prius
2277 1760 2486 1814 virtutis
2516 1758 2680 1814 Pauli
2712 1764 2930 1816 mutulos
2959 1777 3071 1817 esse
3098 1770 3325 1832 oportet,
3361 1771 3413 1818 et
3444 1761 3759 1832 Itujusmodi

493 1853 741 1906 concione
767 1853 973 1924 dignos.
1007 1850 1106 1907 Hic
1136 1852 1286 1907 vides
1312 1852 1606 1907 conciones
1630 1860 1743 1931 tum
1778 1852 1891 1922 jam
1917 1852 2153 1919 habitas,
2182 1862 2296 1909 tum
2326 1863 2448 1923 post
2488 1853 2766 1911 habendas
2788 1856 3105 1925 memorari,
3155 1870 3389 1929 quarum
3420 1855 3677 1920 ὑπόθεσις
3692 1864 3767 1933 et

494 1956 877 2017 argumentum
900 1956 1057 2001 erant
1086 1948 1335 2003 eucomia
1364 1944 1541 2001 Pauli.
1568 1946 1633 2001 Et
1675 1956 1855 2003 tamen
1881 1946 2234 2005 llermantius
2267 1950 2522 2019 opinatus
2549 1958 2658 2012 est,
2714 1950 2847 2005 illud
2877 1949 3031 2005 Pauli
3052 1950 3363 2007 encomium
3426 1949 3483 2005 in
3531 1951 3759 2007 bomilia

498 2039 576 2095 De
601 2039 857 2096 Kalendis
878 2049 1237 2097 memoratum
1263 2042 1451 2097 haberi
1479 2043 1534 2097 in
1570 2042 1798 2096 homilia
1830 2041 1905 2097 De
1934 2043 2197 2112 petitione
2218 2043 2454 2098 filiorum
2478 2042 2749 2109 Zebedaai,
2776 2059 2927 2098 num.
2961 2042 3015 2110 3,
3050 2042 3145 2099 ubi
3173 2042 3354 2099 obiter
3380 2041 3535 2099 Pauli
3568 2043 3761 2099 laudes

494 2129 1179 2205 attingitChrysostomus.
1213 2133 1597 2189 Tillemontius
1631 2148 1785 2201 vero,
1849 2133 2051 2204 rejecta
2108 2131 2412 2190 llermantii
2445 2134 2725 2206 opinione,
2781 2144 2935 2206 putat
2959 2135 3244 2191 hontiliam
3289 2135 3347 2190 in
3373 2135 3640 2191 concione
3683 2133 3763 2192 De

496 2228 754 2284 Kalendis
788 2240 1151 2286 memoratam
1174 2246 1292 2286 eam
1315 2245 1462 2296 esse,
1486 2230 1573 2285 cui
1603 2228 1819 2297 titulus,
1849 2224 2046 2297 Quales
2070 2229 2323 2285 ducenda:
2375 2230 2481 2285 sint
2513 2245 2727 2295 uxores,
2756 2230 2848 2285 ubi
2897 2228 3101 2286 Paulus
3129 2228 3426 2285 identidem
3468 2228 3746 2285 laudatur.

494 2322 719 2391 Verum,
754 2334 813 2379 ut
833 2340 898 2379 ex
926 2324 1180 2393 superius
1213 2322 1394 2379 allatis
1422 2321 1606 2379 verbis
1626 2322 1897 2393 liquidum
1919 2330 2022 2386 est,
2054 2336 2165 2376 non
2196 2322 2376 2392 agitur
2402 2322 2474 2375 ibi
2500 2322 2567 2376 de
2596 2321 2853 2377 laudibus
2876 2319 3052 2385 Pauli.
3073 2336 3210 2391 quas
3231 2319 3591 2376 concionibns
3615 2319 3759 2384 suis,

491 2420 787 2489 cujuslibet
817 2419 1036 2476 tandem
1072 2419 1379 2489 argumenti
1409 2419 1539 2485 sint,
1566 2418 1770 2488 passim
1794 2417 2078 2487 obiterque
2103 2417 2377 2471 interserit
2398 2417 2850 2489 Clu-ysostomus,
2874 2416 3022 2486 quod
3052 2415 3353 2487 saepissime
3385 2429 3517 2470 sane
3547 2414 3763 2470 contin-

493 2515 611 2584 git;
640 2514 734 2571 sed
767 2514 834 2570 de
867 2513 1225 2572 concionibus
1274 2513 1545 2582 plurimis,
1574 2527 1811 2583 quarum
1837 2520 2222 2582 argumentum
2268 2521 2424 2566 erant
2473 2511 2722 2566 eucomia
2754 2510 2907 2566 Pauli
2943 2530 2957 2567 :
2991 2513 3061 2565 ad
3085 2511 3343 2577 eamdem,
3396 2510 3596 2581 inquit,
3634 2527 3763 2565 rur-

492 2623 584 2661 aus
606 2606 919 2677 Itgpotheu'u
946 2603 1255 2659 descendere
1282 2604 1520 2659 volebam
1542 2622 1563 2671 ;
1598 2604 1752 2678 [475]
1784 2606 1888 2660 hoc
1910 2614 2014 2670 est,
2039 2620 2233 2661 rursus
2259 2605 2328 2660 de
2350 2605 2505 2661 Pauli
2528 2605 2783 2662 laudibus
2815 2603 3134 2663 concionari
3168 2605 3417 2661 volebam
3445 2620 3461 2657 :
3494 2620 3605 2675 quo
3625 2604 3761 2678 quid

495 2696 670 2762 aliud,
705 2711 915 2767 quaeso,
949 2694 1181 2750 iudicari
1214 2696 1410 2766 possit,
1442 2711 1606 2765 quam
1642 2695 1880 2751 homiliae
1903 2696 1971 2751 de
1996 2694 2167 2750 Paulo
2189 2696 2456 2765 apostolo,
2486 2696 2553 2751 de
2575 2695 2776 2766 quibus
2808 2710 2954 2750 nunc
2979 2693 3237 2765 agimus?

569 2786 639 2843 Ut
667 2798 874 2844 certum
901 2797 985 2843 est
1015 2787 1115 2843 bas
1143 2787 1436 2844 conciones
1465 2788 1770 2845 Antiochia:
1804 2788 2019 2843 habitas
2053 2787 2262 2855 fuisse;
2294 2803 2418 2842 nam
2452 2787 2506 2841 id
2559 2797 2745 2857 aperte
2788 2787 2993 2843 indicat
3045 2786 3475 2857 Chrysostomus
3526 2781 3754 2837 humilia

500 2888 697 2951 quarta
728 2880 795 2935 de
820 2879 977 2934 Pauli
1002 2879 1276 2946 laudibus,
1300 2880 1393 2937 ubi
1421 2880 1489 2937 de
1523 2882 1723 2952 templo
1743 2880 2012 2952 Apollinis
2034 2881 2090 2935 in
2118 2882 2384 2938 suburbio
2428 2881 2680 2952 Daphnes
2704 2897 2736 2937 a
2768 2880 2997 2936 fulmine
3026 2888 3168 2935 tacto
3201 2879 3366 2934 verba
3390 2877 3520 2932 facit
3550 2895 3565 2931 :
3590 2877 3665 2931 ita
3686 2873 3761 2931 de

499 2990 670 3041 anno,
696 2988 807 3045 quo
835 2974 949 3030 luec
977 2974 1339 3031 coneionatus
1362 2985 1467 3042 est,
1496 2976 1633 3030 nihil
1661 2976 1741 3031 vel
1766 2986 1977 3032 certum
2002 2976 2089 3032 vel
2124 2976 2420 3032 admodum
2451 2975 2732 3046 probabile
2779 2975 2945 3032 statui
2975 2982 3170 3045 potest.
3199 2973 3259 3027 Si
3281 2979 3452 3028 staret
3502 2968 3751 3025 ealculus

498 3064 854 3132 'l‘illemoutii,
883 3082 995 3137 quo
1024 3068 1309 3123 homiliam
1335 3068 1403 3122 de
1433 3066 1694 3124 Kalendis
1724 3066 1892 3125 refert
1911 3067 1968 3122 in
2004 3083 2208 3124 annum
2236 3067 2364 3134 387,
2410 3067 2538 3122 hinc
2567 3075 2753 3123 notam
2784 3066 2913 3121 anni
2935 3080 3130 3122 eruere
3180 3063 3389 3119 liceret.
3424 3058 3659 3125 Etenim,
3695 3063 3760 3112 ut

501 3170 628 3216 ante
651 3160 913 3226 diximus,
947 3160 1172 3214 bomilia
1196 3160 1285 3216 illa
1322 3158 1398 3215 De
1430 3159 1689 3216 Kalendis
1725 3170 1851 3230 post
1894 3162 2133 3231 aliquam
2158 3175 2227 3215 ex
2250 3158 2335 3213 bis
2356 3172 2564 3228 septem
2594 3158 2662 3214 de
2714 3157 2885 3213 Paulo
2942 3156 3304 3213 coneionibus
3351 3153 3535 3208 habita
3584 3150 3757 3207 fuisse

502 3254 740 3318 videtur,
769 3269 1000 3324 eamque
1022 3264 1231 3310 caetera:
1257 3263 1444 3325 postea
1473 3255 1543 3310 de
1570 3252 1741 3309 Paulo
1770 3254 2006 3310 homilia:
2052 3256 2360 3311 subsecutae
2399 3260 2529 3307 sunt
2589 3249 2793 3306 Verum
2825 3250 2915 3305 illa
2946 3247 3278 3304 Tillemontii
3303 3243 3633 3315 computatio
3661 3240 3749 3296 vel

500 3347 803 3414 levissimo,
830 3346 913 3401 vel
941 3346 1123 3416 potius
1158 3347 1310 3401 nullo
1342 3347 1534 3425 nititur
1561 3358 1908 3417 argumento,
1943 3356 2005 3401 ut
2039 3349 2096 3401 in
2128 3345 2332 3402 Μοιιὶιο
2361 3345 2427 3400 ad
2450 3359 2572 3398 eam
2602 3342 2675 3398 De
2731 3340 2987 3396 Kalendis
3015 3339 3293 3394 bomiliam
3324 3338 3611 3405 probatum
3641 3339 3748 3387 est.

503 3439 615 3496 lloc
648 3455 815 3495 unum
849 3439 1123 3509 expiscari
1156 3456 1469 3510 possumus,
1504 3456 1629 3496 cum
1655 3441 1879 3496 homilia
1907 3441 1997 3495 illa
2030 3439 2289 3496 Kalendis
2326 3437 2574 3494 Januarii
2603 3436 2788 3491 habita
2812 3434 2995 3496 fuerit,
3025 3449 3092 3488 ex
3115 3430 3477 3487 conciouibus
3525 3427 3582 3481 in
3612 3425 3760 3479 Pau-

501 3532 616 3588 lum
652 3548 767 3596 cas,
792 3546 915 3602 quae
943 3532 1226 3587 homiliam
1258 3532 1325 3586 de
1348 3530 1603 3587 Kalendis
1629 3547 1978 3601 praecessere,
2002 3542 2129 3587 ante
2156 3529 2517 3597 Januatium;
2550 3544 2645 3584 eas
2666 3542 2797 3607 vero
2835 3542 2958 3595 qua:
2986 3524 3294 3582 subsecutae
3329 3528 3481 3589 sunt,
3511 3529 3634 3591 post
3658 3516 3766 3572 Ka-

505 3622 695 3680 lendas
721 3621 970 3678 Januarii
994 3624 1170 3679 dictas
1199 3621 1389 3677 fuisse.

576 3714 769 3770 Restat
797 3721 858 3767 ut
883 3714 951 3768 de
977 3714 1212 3776 Aniano,
1245 3714 1360 3767 sive
1386 3713 1656 3776 Anniane,
1695 3712 1786 3782 qui
1828 3712 2081 3767 homilias
2112 3714 2276 3769 hasce
2317 3711 2508 3769 Latine
2539 3712 2931 3781 interpretatus
2971 3716 3077 3772 est,
3108 3720 3280 3779 pauca
3302 3704 3575 3769 dicamus.
3600 3699 3762 3756 Hunc

505 3821 627 3861 esse
659 3803 1014 3859 Celedensem
1047 3804 1199 3858 illum
1222 3804 1514 3859 diaconum
1536 3801 1916 3872 Pelagiauum,
1949 3803 2043 3874 qui
2070 3803 2455 3873 Diospolitana:
2480 3802 2690 3873 synodo
2734 3798 3003 3865 interfuit,
3028 3798 3309 3866 librosque
3329 3809 3429 3864 pro
3460 3790 3757 3847 asserenda

506 3895 794 3964 Pelagiana
816 3895 1011 3950 haeresi
1037 3895 1285 3964 scripsit,
1313 3893 1539 3947 minime
1578 3893 1917 3957 dubitamus,
1949 3894 2096 3963 quod
2148 3894 2451 3948 luculenter
2479 3892 2728 3963 probavit
2764 3888 3006 3945 Joannes
3047 3884 3367 3949 Garnerius,
3422 3882 3647 3938 Dissert.
3707 3882 3767 3946 1.

509 3998 631 4059 post
651 3985 882 4041 Marium
914 3985 1291 4052 Mercatorem,
1318 4001 1440 4054 cap.
1466 3986 1519 4040 7.
1554 3985 1660 4040 Pro
1689 3986 1789 4041 hac
1814 3987 2015 4056 quippe
2038 3987 2297 4056 opinione
2327 3995 2574 4057 pugnant
2594 3984 2924 4039 documenta
2953 3980 3137 4037 omnia
3170 3997 3186 4034 :
3220 3977 3477 4033 nimirum
3505 3973 3759 4046 epistola,

509 4094 677 4149 quam
704 4078 1051 4148 subiicimus,
1083 4077 1154 4132 ad
1187 4077 1518 4149 Evangelum
1549 4077 1723 4141 illum,
1759 4079 2062 4149 Pelagiana:
2087 4088 2248 4135 sect-te
2279 4078 2697 4149 presbyterum;
2732 4077 2898 4129 altera
2930 4075 3060 4129 item
3089 4071 3320 4142 epistola
3344 4069 3465 4140 ejus
3496 4067 3565 4122 ad
3590 4065 3771 4122 Oron-

508 4173 645 4228 tium
670 4175 1013 4243 episcOpunt,
1042 4172 1332 4243 Pelagiano
1354 4174 1529 4229 errori
1554 4174 1853 4238 addictum,
1879 4188 2052 4243 eaque
2081 4174 2149 4227 de
2180 4188 2345 4228 causa
2376 4179 2431 4227 et
2459 4171 2588 4226 sede
2616 4170 2858 4240 pulsum.
2890 4182 3011 4236 quae
3033 4165 3261 4236 episwla
3290 4162 3433 4218 ίηῖΐθ
3467 4158 3766 4215 (⁵0⁸³³³³⁸³⁸

510 4265 652 4319 tario
687 4262 745 4319 S.
778 4262 1005 4319 Joannis
1030 4263 1415 4336 Cbrysostomi
1474 4266 1529 4319 in
1562 4264 1873 4320 Mattbaeum
1906 4263 2224 4334 praetigitur,
2259 4263 2385 4332 quia
2415 4270 2540 4317 octo
2571 4260 2782 4331 priores
2810 4257 3057 4327 ejusdem
3108 4253 3501 4311 Commentarii
3529 4249 3772 4307 humilia:

510 4357 582 4412 ab
609 4356 729 4426 ipso
759 4357 978 4411 Auiano
1012 4355 1205 4411 Latine
1231 4372 1514 4413 conversa:
1546 4368 1695 4423 sunt,
1723 4366 1783 4411 ut
1812 4358 1866 4411 iu
1895 4357 2084 4412 eadem
2116 4354 2361 4423 Epistula
2414 4353 2631 4408 dicitur.
2670 4351 2808 4406 Hinc
2844 4351 3034 4405 odiosa
3081 4347 3508 4401 Manichaeorum
3555 4340 3772 4395 Traduo

510 4450 907 4518 eiauorumque
932 4451 1175 4513 nomina,
1208 4451 1408 4519 quibus
1443 4449 1503 4504 S.
1533 4450 1922 4521 Augustinum,
1983 4448 2087 4503 etsi
2126 4463 2236 4503 non
2270 4447 2538 4510 nominet,
2575 4458 2629 4501 et
2658 4442 2969 4500 Catholicos
3003 4440 3192 4513 gratiae
3220 4437 3424 4494 Christi
3453 4434 3775 4491 defensores

509 4538 767 4609 appellat.
797 4538 1044 4608 Denique
1066 4553 1130 4592 ex
1167 4538 1301 4608 ipsis
1326 4540 1565 4593 Anniani
1591 4539 1796 4602 verbis,
1825 4554 1951 4592 eum
1997 4537 2098 4593 has
2126 4537 2420 4591 conciones
2450 4535 2643 4590 Latine
2675 4534 2796 4588 ideo
2826 4532 3173 4588 transtulisse
3193 4529 3461 4599 arguitur,
3484 4524 3629 4596 quod
3662 4538 3768 4592 pu—

512 4638 656 4685 taret
681 4629 979 4700 Pelagiano
1011 4630 1214 4683 tuendo
1235 4629 1411 4684 errori
1447 4637 1806 4700 opportunas.
1840 4647 1858 4680 ι
1885 4620 2041 4694 Quod
2075 4626 2301 4696 quidem
2360 4641 2520 4694 opus,
2551 4624 2750 4694 inquit,
2780 4638 2847 4677 eo
2874 4616 2995 4678 esSe
3019 4624 3161 4692 apud
3184 4630 3235 4675 te
3270 4617 3560 4673 amabilius
3610 4615 3777 4670 debet

509 4734 565 4777 et
593 4722 825 4791 gratius,
854 4720 1003 4790 quod
1031 4720 1099 4775 de
1127 4730 1442 4775 sanctarum
1472 4718 1883 4789 Scripturarum
1914 4720 2033 4775 luce
2066 4720 2320 4782 rutilans,
2353 4717 2649 4772 clarissimi
2683 4716 2882 4772 sideris
2911 4715 3030 4770 vice
3062 4723 3278 4769 nuctcm
3302 4709 3585 4764 Mauiebzei
3610 4724 3770 4763 erro-

513 4817 591 4872 ris
625 4817 884 4886 exagitat.
918 4815 1195 4881 Quantum
1222 4830 1353 4868 vero
1382 4814 1543 4868 nobis
1572 4814 1966 4869 consolationis
1992 4813 2259 4879 exoritur,
2285 4828 2407 4867 cum
2432 4812 2708 4867 cernimus
2742 4820 2851 4863 tam
2868 4807 3083 4863 erudito
3108 4816 3326 4874 tamque
3355 4803 3553 4858 illustri
3578 4799 3776 4856 Orieu.

510 4909 584 4964 tis
619 4908 880 4977 magistro
900 4922 1042 4972 eam,
1077 4923 1242 4976 quam
1272 4906 1326 4959 in
1354 4905 1513 4960 nobis
1541 4905 1916 4960 Traducianus
1945 4914 2243 4974 oppugnat,
2268 4903 2440 4959 astrui
2472 4904 2776 4965 veritatem,
2803 4914 2966 4970 quam
2990 4908 3137 4952 certe
3154 4896 3345 4951 beatus
3359 4893 3617 4956 Joannes,
3646 4901 3703 4945 ut
3722 4891 3777 4945 in

512 5003 772 5058 omnibus
795 5001 949 5057 libris
964 5002 1101 5062 suis,
1119 5002 1193 5055 ita
1221 5000 1312 5055 hic
1337 5014 1556 5071 quoque
1591 5000 1660 5054 ab
1685 4998 1835 5053 οιιιιιί
1868 5000 2133 5053 munitam
2167 5000 2333 5053 latere
2356 4998 2614 5063 custodit,
2639 5003 2839 5062 armat,
2867 4992 3143 5059 accendit,
3174 5001 3232 5045 ut
3255 4992 3502 5045 videatur
3526 5005 3634 5042 non
3664 4999 3776 5041 tam

509 5106 813 5170 presean
841 5095 1167 5149 informasse
1190 5094 1507 5164 discipulos,
1525 5109 1688 5164 quam
1724 5076 1883 5147 n'obis
1906 5102 2096 5146 contra
2118 5107 2258 5145 verte
2285 5091 2404 5145 lidei
2436 5089 2893 5160 Oppugnationem
2920 5086 3121 5140 auxilia
3151 5096 3503 5154 prteparasse.
3528 5080 3778 5146 Quantus

514 5192 661 5247 enim
689 5192 780 5248 ille
814 5191 1076 5245 adversus
1103 5190 1512 5253 necessitatem,
1536 5197 1775 5256 quantus
1797 5201 1895 5255 pro
1935 5186 2107 5239 libero
2149 5186 2321 5255 surgit
2355 5184 2618 5251 arbitrio;
2650 5198 2813 5253 quam
2871 5191 3190 5235 nostrorum
3219 5176 3371 5232 lihris
3402 5177 3605 5244 ubique
3635 5188 3767 5227 con-

515 5286 726 5350 cinens,
750 5281 1050 5337 voluntatis
1074 5279 1199 5348 jure
1233 5289 1450 5340 servato
1494 5277 1693 5331 divinae
1725 5275 1913 5346 gratia}
1949 5275 2200 5344 praesidia
2247 5274 2661 5330 commendat...
2720 5271 2906 5327 Primo
2953 5271 3174 5325 beatum
3224 5266 3453 5321 Paulum
3490 5264 3668 5319 libello
3716 5274 3774 5320 et

516 5378 773 5434 omnibus
795 5374 1133 5446 praeferendo
1161 5372 1387 5435 sanctis,
1415 5382 1465 5426 et
1501 5371 1707 5440 angelis
1757 5368 2113 5425 conferendo.
2147 5368 2421 5434 Secundo,
2450 5383 2515 5423 ex
2547 5367 2841 5423 virtutibus
2884 5368 3004 5434 ejus
3053 5379 3216 5435 atque
3246 5362 3531 5417 sententiis
3562 5360 3766 5414 bonum

521 5468 812 5525 asserenda
840 5476 1070 5527 naturae,
1104 5472 1207 5517 etc.
1244 5482 1263 5515 ι
1303 5461 1435 5527 Quae
1454 5477 1587 5516 sane
1620 5460 1803 5523 verba,
1849 5460 1952 5514 etsi
1983 5458 2334 5528 Pelagianum
2371 5459 2519 5513 circa
2545 5459 2861 5514 interiorem
2887 5457 3090 5512 Christi
3125 5456 3356 5527 gratiam
3378 5467 3625 5506 errorem
3660 5466 3771 5505 non

524 5566 707 5625 aperte
731 5573 839 5628 prae
869 5572 928 5611 se
957 5556 1135 5610 ferant
1161 5552 1431 5622 (solebmtt
1458 5553 1659 5622 quippe
1686 5550 1961 5620 Pelagiani
2013 5550 2208 5605 callide
2248 5548 2556 5619 fucatisque
2615 5549 2795 5604 verbis
2831 5549 2982 5604 virus
3020 5547 3246 5602 haeresis
3303 5561 3417 5601 sua:
3460 5540 3758 5613 obtegere),

522 5655 755 5702 attamen
786 5647 929 5715 quod
955 5646 1030 5699 illi
1063 5652 1250 5698 contra
1284 5642 1648 5712 Augustinum
1677 5651 1731 5695 et
1757 5638 2071 5695 Catholicos
2102 5647 2362 5709 perpetuo
2389 5639 2710 5694 occiuehant
2735 5658 2748 5693 :
2769 5654 2961 5710 nempe
2990 5638 3114 5694 illos
3145 5638 3523 5693 necessitatem
3576 5632 3784 5690 inferre
