4130 6510
409 434 539 496 471⁸
1456 430 1545 486 DE
1580 426 1926 488 LAUDIBUS
1957 428 2015 484 8.

2056 426 2262 486 PAULI
2297 428 2655 486 APOSTOLI.
3512 422 3525 425 ’
3537 431 3664 488 472⁸

418 552 703 617 voluntati,
739 559 794 607 et
828 550 1054 606 liberum
1085 545 1370 602 arbitrium
1398 546 1607 612 tollere,
1639 544 1728 600 hic
1757 558 2080 612 expressum
2120 543 2407 612 videmus;
2456 545 2531 600 ita
2586 553 2646 600 ut
2676 544 2811 599 nihil
2844 542 3019 600 subsit
3041 544 3214 610 dubii,
3272 544 3401 615 quin
3430 544 3520 602 liic
3547 548 3665 617 ipse

411 649 487 702 sit
510 648 757 701 Anianus
784 645 876 716 qui
906 660 1008 715 pro
1034 641 1324 712 Pelagiana
1353 639 1547 695 haeresi
1582 638 1722 694 inter
1741 637 2111 708 primipilares
2141 638 2453 693 dimicabat.

491 738 864 809 lnterpretatio
883 738 1003 808 ejus
1030 735 1245 800 Latina,
1271 749 1436 804 quam
1465 733 1701 799 edimus,
1724 748 1826 788 nec
1852 732 2129 802 inelegans
2151 742 2255 798 est,
2291 748 2391 787 nec
2418 732 2768 788 accuratlone
2788 744 2941 790 caret
2973 752 2989 788 :
3020 732 3297 802 fateorque
3328 750 3415 789 me
3437 734 3491 789 in
3526 750 3665 804 pau-

412 849 511 889 cos
537 833 730 903 priscae
754 830 899 885 illius
928 828 1219 884 vetustatis
1253 828 1572 896 interpretes
1601 825 1860 880 incidisse
1892 824 1987 893 qui
2014 822 2330 892 diligentius
2351 833 2644 879 verterent.
2672 824 2729 879 In
2765 825 3042 881 nonnullis
3064 834 3244 880 tamen
3274 825 3410 881 locis
3437 842 3663 881 sensum

411 940 522 979 non
555 934 640 979 est
665 931 951 979 assecutus
983 921 1262 989 Anianus;
1298 923 1441 992 quod
1501 923 1592 977 ubi
1623 924 1838 985 accidit,
1892 922 1943 975 in
1976 921 2240 993 margine,
2288 936 2415 975 vera
2450 921 2748 977 substituta
2779 922 3247 992 interpretatione,
3275 937 3499 977 monere
3551 936 3663 976 non

412 1014 643 1085 neglexi.
677 1012 864 1085 Neque
892 1015 1105 1085 uspiam
1133 1003 1465 1088 deprehendi
1499 1015 1676 1084 illum,
1701 1025 1760 1070 ut
1785 1013 2093 1086 Pelagianae
2151 1013 2358 1070 faveret
2381 1012 2597 1082 haeresi,
2632 1027 2856 1069 sensum
2899 1013 3009 1069 alio
3037 1012 3357 1071 detorsisse.
3388 1012 3520 1085 Ejus
3548 1013 3664 1082 epi-

410 1114 605 1170 stolam
637 1112 729 1170 bic
756 1111 1162 1184 subjungimus.

429 1438 1247 1451 ’m-Ww

1182 1578 1471 1644 DOMINO
1526 1581 1812 1643 SANCTO
1858 1578 2326 1653 EVANGELIO,
2367 1577 2890 1652 PRESBYTERO,

1728 1700 2004 1746 ANIANUS
2043 1700 2349 1745 SALUTEM.

478 1833 701 1893 Recenti
723 1836 1095 1909 experimento
1117 1836 1303 1903 didici,
1339 1849 1503 1905 quam
1539 1834 1649 1890 sint
1675 1833 1831 1888 utilia
1875 1832 2303 1903 obsequentibus
2340 1831 2569 1901 imperia
2598 1830 2893 1893 bonorum,
2931 1829 3024 1900 qui
3056 1828 3289 1885 rectiore
3313 1828 3550 1900 quadam
3576 1830 3666 1885 in-

403 1933 709 2004 gredientes
732 1934 1083 2004 benignitatis
1109 1934 1216 1999 via,
1249 1933 1512 1987 beneficia
1535 1930 1792 1986 deferunt
1837 1930 1941 1986 sub
1967 1928 2149 1999 specie
2174 1927 2465 1999 jnssionis.
2500 1926 2640 1993 Quid
2666 1928 2812 1981 enim
2843 1926 2974 1981 mibi
3002 1925 3325 1998 jucundius,
3361 1926 3491 1997 quid
3539 1925 3671 1980 fru—

405 2026 653 2082 ctuosius
686 2028 956 2097 imperare
986 2026 1233 2097 potuisti,
1261 2040 1425 2095 quam
1453 2034 1515 2079 ut
1546 2040 1610 2079 ex
1636 2024 1777 2080 beati
1801 2023 1904 2078 viri
1945 2023 2121 2079 sancti
2147 2020 2377 2077 Joannis
2399 2008 2655 2092 operibus
2683 2021 2736 2075 in
2762 2029 3004 2075 nostram
3032 2020 3273 2091 linguam
3309 2019 3462 2094 [478]
3485 2020 3668 2090 aliqua

406 2117 783 2181 transferrem,
826 2118 880 2172 id
916 2127 1021 2183 est,
1056 2116 1149 2172 Vll
1179 2117 1424 2187 ejusdem
1451 2117 1686 2184 libellos,
1744 2114 1948 2186 quibus
2000 2129 2165 2184 super
2212 2112 2366 2167 Pauli
2418 2112 2655 2182 apostoli
2690 2111 2944 2167 laudibus
2975 2112 3030 2165 in
3070 2109 3315 2166 Ecclesia
3369 2111 3668 2181 aliquando

402 2209 703 2264 disseruit?
740 2208 797 2266 ln
827 2224 936 2279 quo
965 2210 1121 2274 milii,
1150 2213 1254 2269 etsi
1279 2211 1332 2264 in
1368 2224 1622 2266 sermone
1652 2208 1959 2280 peregrino,
1989 2207 2282 2261 admodum
2323 2205 2471 2270 rudi,
2506 2206 2629 2273 plus
2663 2205 2845 2259 evenit
2894 2212 3077 2258 tamen
3102 2202 3397 2273 voluptatis
3424 2210 3479 2258 et
3509 2217 3666 2258 com-

408 2300 580 2364 modi,
606 2314 772 2368 quam
807 2300 1033 2356 laboris.
1067 2301 1325 2356 Secutum
1347 2309 1433 2357 est
1461 2300 1607 2356 enim
1634 2308 1696 2355 ut
1726 2312 1876 2363 cum,
1919 2297 2050 2352 dum
2082 2298 2180 2353 tibi
2217 2304 2428 2353 vertere
2458 2310 2631 2350 conor
2660 2310 2691 2348 e
2718 2292 2929 2357 Grmco,
2956 2294 3200 2364 pressius
3240 2294 3357 2363 ipse
3380 2294 3662 2350 combibe-

404 2408 547 2460 rem,
578 2392 905 2463 pleniusque
931 2402 1039 2448 tam
1071 2393 1303 2465 insignis
1325 2394 1588 2450 doctrinae
1614 2394 1847 2450 veritate
1874 2392 2211 2463 perfruerer,
2240 2391 2483 2447 maxime
2503 2405 2629 2446 cum
2655 2388 2857 2457 ubique
2871 2388 3024 2442 dives
3042 2387 3320 2458 ingenium
3353 2389 3409 2442 in
3431 2389 3664 2444 materia

403 2486 763 2556 locupletiore
821 2497 1092 2543 versetur.
1118 2487 1321 2545 Beatus
1341 2488 1486 2545 enim
1523 2488 1613 2543 hic
1644 2487 1847 2543 Paulus
1896 2487 2245 2558 exprimitur,
2276 2501 2385 2541 non
2418 2484 2615 2539 fucatae
2645 2481 2881 2553 alicujus
2913 2482 3089 2539 laudis
3118 2481 3479 2537 adumbratus
3516 2483 3669 2537 colo-

405 2580 583 2643 ribus,
622 2581 719 2636 sed
754 2582 1054 2637 inviolabili
1081 2584 1341 2638 virtutum
1370 2599 1597 2638 suarum
1629 2568 1856 2639 veritate
1877 2581 2166 2647 formatus,
2199 2596 2362 2652 quem
2397 2589 2505 2635 tam
2542 2580 2752 2649 integre
2786 2579 3009 2649 ubique,
3041 2586 3152 2634 tam
3195 2570 3387 2646 solide,
3413 2593 3561 2633 nunc
3590 2593 3657 2633 ex

405 2671 779 2741 magnitudine
814 2688 1065 2743 operum,
1091 2691 1239 2729 nunc
1261 2691 1330 2737 ex
1354 2674 1788 2755 silluminatione
1816 2675 2112 2741 dictorum,
2147 2673 2313 2728 modo
2340 2688 2404 2745 ex
2441 2672 2674 2728 consilio
2697 2671 2875 2737 vario,
2912 2670 3075 2725 modo
3095 2685 3161 2726 ex
3193 2669 3665 2741 dispensationum

401 2761 704 2831 profundo,
735 2773 850 2820 tum
894 2781 961 2820 ex
994 2767 1284 2822 tolerantia
1307 2768 1652 2845 passionum,
1683 2776 1799 2822 tum
1823 2782 1891 2823 ex
1912 2766 2161 2823 claritate
2180 2767 2463 2837 signorum
2489 2764 2726 2820 eximius
2751 2763 3003 2818 laudator
3029 2763 3287 2829 asseruit,
3317 2771 3375 2817 ut
3398 2778 3523 2817 eum
3553 2778 3664 2816 non

401 2852 723 2922 depinxisse
750 2858 949 2920 solum,
982 2872 1174 2915 verum
1211 2860 1370 2929 quasi
1407 2858 1477 2914 ad
1516 2859 1869 2929 praebendum
1918 2854 2113 2915 rursus
2139 2858 2489 2929 perfectionis
2509 2858 2821 2926 exemplum
2855 2856 3217 2912 resuscitasse
3246 2855 3659 2929 quodammodo

398 2946 668 3005 videatur.
688 2947 838 3004 .Nam
868 2966 992 3005 cum
1016 2952 1086 3005 ab
1121 2953 1243 3008 aliis
1273 2942 1595 3009 caeterorum
1624 2952 1821 3008 merita
1849 2938 2160 3018 laudantur,
2206 2953 2469 3007 usitatum
2519 2951 2779 3022 quiddam
2813 2950 2953 3005 solet
2982 2956 3145 3019 atque
3174 2948 3313 3017 exile
3369 2963 3657 3014 resonare,

399 3047 456 3092 et
490 3039 641 3094 velut
668 3041 725 3095 in
749 3042 1039 3112 superﬁcie
1068 3044 1515 3115 circumvagante
1547 3060 1824 3111 sermone,
1856 3046 2089 3101 virtutes
2117 3044 2251 3115 ipsze
2277 3043 2596 3099 nominibus
2623 3041 2796 3112 magis
2826 3040 2947 3096 suis
2972 3040 3041 3094 ad
3079 3040 3665 3096 commemorationem

397 3131 659 3188 videntur
689 3134 897 3199 venire,
930 3150 1096 3205 quam
1127 3136 1310 3192 rebus.
1337 3135 1540 3194 Beatus
1568 3152 1698 3193 vero
1726 3133 1969 3193 Joannes
1997 3134 2237 3191 Paulum
2277 3135 2445 3191 altius
2471 3133 2756 3198 intuendo,
2793 3118 3142 3200 dilueidcque
3167 3131 3224 3185 in
3257 3131 3496 3197 medium
3529 3148 3658 3201 pro-

400 3217 651 3290 ferendo,
687 3224 835 3294 ipsas
857 3225 994 3280 mihi
1020 3226 1234 3282 videtur
1268 3227 1578 3298 inspexisse
1610 3242 1776 3283 venas
1808 3242 1875 3284 ac
1923 3227 2189 3283 medullas
2224 3225 2563 3295 expressisse
2592 3224 2878 3278 virtutum.
2930 3214 3166 3287 Qu‘ae'lta
3224 3235 3417 3276 oumes
3472 3221 3527 3275 in
3560 3220 3665 3275 ista

401 3310 716 3369 laudatione
739 3314 948 3381 vivunt,
978 3326 1033 3371 et
1061 3317 1136 3371 ita
1173 3315 1403 3374 ﬂoribus
1433 3317 1549 3373 suis
1576 3316 1906 3372 decorantur
1937 3325 1991 3372 et
2018 3314 2311 3381 fructibus,
2336 3324 2398 3369 ut
2429 3328 2524 3370 eas
2553 3328 2723 3384 prope
2752 3328 2863 3366 non
2895 3313 3085 3365 minus
3115 3312 3184 3366 ab
3224 3311 3328 3366 hoc
3355 3304 3666 3367 sublimiter

397 3407 717 3476 explieatas,
744 3426 908 3480 quam
933 3412 1004 3468 ab
1028 3412 1284 3482 apostolo
1305 3411 1545 3469 fortasse
1566 3412 1850 3466 miremur.
1887 3410 2046 3478 Quod
2100 3410 2321 3480 quidem
2347 3424 2585 3479 opuseo
2611 3423 2735 3464 esse
2784 3409 2928 3477 apud
2977 3416 3028 3462 te
3059 3407 3351 3463 amabilius
3406 3406 3569 3462 debet
3606 3416 3665 3463 et

399 3500 631 3569 gratius,
665 3505 814 3571 quod
845 3505 912 3558 de
944 3511 1261 3567 sanctarum
1283 3502 1691 3574 Scripturarum
1718 3504 1840 3559 luce
1865 3503 2121 3567 rutilans,
2159 3498 2451 3557 clarissimi
2483 3500 2682 3556 sideris
2714 3500 2851 3566 vice,
2884 3510 3100 3554 noctem
3134 3497 3417 3553 Manicltaei
3450 3501 3664 3557 erroris

404 3594 661 3662 exagitat.
687 3593 965 3661 Quantum
990 3610 1127 3651 vero
1153 3597 1310 3653 nobis
1337 3597 1734 3654 consolationis
1755 3595 2019 3659 exoritur,
2056 3610 2183 3650 cum
2211 3594 2511 3659 cernimus,
2544 3600 2655 3647 tam
2690 3593 2907 3648 erudito
2942 3601 3164 3662 tamque
3189 3593 3390 3659 illustri
3421 3592 3662 3650 Orientis

405 3686 692 3755 magistro,
728 3700 872 3752 eam,
909 3700 1076 3757 quam
1097 3684 1153 3742 in
1177 3689 1339 3744 nobis
1374 3688 1754 3745 Traducianus
1791 3696 2091 3759 oppugnat,
2144 3686 2320 3743 astrui
2362 3684 2674 3751 veritatem,
2702 3699 2868 3754 quam
2896 3696 3043 3741 certe
3075 3686 3271 3742 beatus
3298 3684 3562 3756 Joannes,
3598 3701 3659 3747 ut

404 3778 463 3831 in
500 3778 755 3834 omnibus
792 3778 948 3833 libris
978 3779 1113 3844 suis,
1159 3780 1233 3834 ita
1266 3779 1354 3836 ltic
1385 3780 1604 3852 quoque
1623 3782 1692 3836 ab
1723 3782 1875 3837 omni
1911 3781 2181 3835 munitam
2236 3779 2406 3833 latere
2430 3776 2690 3842 custodit,
2739 3785 2938 3843 armat,
2986 3779 3354 3849 accendit,.ut
3409 3782 3660 3839 videatur

398 3885 511 3924 non
548 3877 659 3923 tam
690 3879 989 3940 praesentes
1023 3871 1352 3929 informasse
1383 3873 1706 3943 discipulos,
1748 3888 1912 3943 quam
1943 3872 2107 3927 nobis
2135 3878 2328 3926 contra
2371 3884 2515 3925 vera:
2543 3869 2671 3925 ﬁdei
2703 3870 3165 3939 oppugnationem
3200 3872 3405 3927 auxilia
3448 3889 3660 3944 praepa-

394 3975 572 4018 rasse.
608 3959 859 4028 Quantus
889 3964 1034 4017 enim
1066 3963 1155 4019 ille
1176 3965 1441 4022 adversus
1475 3966 1878 4029 necessitatem,
1903 3972 2145 4034 quantus
2177 3978 2275 4032 pro
2295 3963 2469 4018 libero
2499 3962 2679 4033 surgit
2699 3961 2954 4032 arbitrio,
2980 3978 3144 4034 quam
3165 3973 3479 4020 nostrorum
3504 3967 3663 4033 libris

399 4055 604 4125 ubiQue
630 4057 952 4120 concinens,
986 4057 1284 4114 voluntatis
1310 4057 1437 4128 jure
1462 4067 1677 4114 servato
1697 4057 1897 4113 divinae
1917 4056 2107 4127 gratia:
2132 4057 2388 4128 praesidia
2412 4057 2780 4122 commendat,
2812 4073 2977 4128 quam
3013 4066 3202 4114 contra
3230 4059 3472 4115 omnium
3497 4059 3659 4113 vitio-

398 4163 524 4201 rum
562 4150 835 4214 tenebras,
867 4166 1029 4220 quam
1055 4166 1154 4223 pro
1182 4164 1507 4209 cunctarum
1543 4155 1769 4225 speculo
1819 4155 2087 4209 virtutum
2141 4152 2647 4223 Splendidissimum
2699 4168 2798 4209 vas
2826 4153 3111 4208 electionis
3157 4134 3414 4225 opponit!
3474 4152 3660 4209 Primo

399 4237 614 4293 beatum
637 4240 871 4296 Paulum
903 4244 1087 4301 libello
1125 4254 1181 4302 et
1213 4248 1469 4303 erunibus
1498 4248 1838 4317 praeferendo
1861 4247 2093 4314 sanctis,
2121 4254 2179 4301 et
2206 4246 2414 4317 angelis
2436 4246 2793 4302 conferendo.
2825 4246 3099 4311 Secundo,
3127 4262 3195 4302 ex
3227 4245 3523 4303 virtutibus.
3537 4249 3659 4317 ejus

396 4337 563 4397 atque
598 4332 885 4388 sententiis
912 4333 1117 4389 bonum
1147 4336 1445 4392 asserendo
1466 4346 1695 4393 naturae.
1730 4336 1942 4404 Tertio,
1988 4338 2312 4395 cbaritatem
2338 4337 2459 4407 ejus
2488 4352 2588 4407 pro
2615 4346 2940 4393 cunctorum
2996 4338 3175 4393 salute
3194 4336 3656 4395 ferventissimam

397 4424 833 4492 eomprobando.
870 4424 1080 4492 Quarto
1109 4430 1176 4485 de
1204 4431 1489 4486 vocatione
1517 4434 1636 4502 ejus
1659 4440 1713 4486 et
1764 4432 2084 4488 conﬁrmata
2117 4432 2319 4502 ubique
2344 4432 2416 4489 ab
2444 4432 2566 4501 ipso
2590 4431 2868 4504 Evangelii
2894 4433 3124 4490 veritate
3151 4412 3401 4489 dicendo.
3432 4432 3657 4499 Quinto,

344 4588 349 4595 δ
396 4515 464 4568 de
490 4517 840 4584 passionibus
869 4518 987 4589 ejus
1012 4529 1066 4575 et
1093 4520 1563 4590 dispensationum
1594 4522 1949 4578 Varietatibus
1994 4523 2333 4580 disserendo.
2383 4522 2570 4592 Sexto,
2601 4526 2868 4581 solvendo
2898 4540 3090 4581 omnes
3145 4526 3267 4580 illas
3300 4524 3658 4595 quaestiones,

346 4658 349 4659 ν
394 4610 599 4679 quibus
629 4610 1008 4695 Tradueianus
1030 4616 1291 4685 innitens,
1321 4619 1540 4673 beatum
1565 4618 1795 4673 Paulum
1826 4619 2084 4675 vitiorum
2109 4618 2495 4676 obfuscatione
2517 4621 2909 4687 commaculat,
2938 4629 2996 4675 ut
3023 4621 3235 4676 scilicet
3263 4621 3512 4676 fidelibus
3537 4620 3661 4679 suis

396 4704 699 4771 apostolico
726 4707 977 4776 exemplo
1026 4718 1249 4777 peccata
1277 4711 1551 4766 conciliet.
1591 4710 1857 4781 Septimo,
1897 4713 2079 4784 ignem
2111 4712 2215 4768 zeli
2244 4713 2365 4782 ejus
2396 4714 2452 4767 in
2481 4712 2705 4767 Christo
2734 4720 2788 4766 et
2808 4720 2936 4766 ante
2963 4711 3225 4767 honorem
3255 4727 3475 4782 quoque
3519 4728 3655 4781 apo-

396 4796 635 4852 stolatus
665 4796 939 4853 fervorem
969 4798 1202 4856 docendi
1234 4816 1400 4870 supra
1449 4811 1677 4860 caeteros
1711 4803 2008 4871 efferendo,
2039 4813 2102 4861 ut
2130 4806 2267 4862 satis
2328 4805 2539 4874 liquido
2588 4804 2799 4860 ’clareat
2847 4788 3189 4861 exstinctam.
3230 4819 3352 4860 esse
3387 4808 3651 4875 peccandi

400 4890 808 4954 necessitatem,
835 4906 1001 4960 quam
1032 4896 1301 4951 adversus
1331 4894 1660 4951 Manicltaeos
1703 4907 1757 4952 et
1814 4898 2066 4953 doctrina
2102 4898 2341 4969 apostoli
2368 4898 2718 4969 depraeliatur
2765 4906 2820 4952 et
2840 4897 2971 4953 vita.
3024 4895 3228 4965 Verum
3288 4912 3392 4953 nos
3438 4899 3511 4953 in'
3541 4908 3653 4954 tam

392 4983 597 5053 egregii
622 4984 1076 5056 interpretatione
1100 4989 1300 5058 operis,
1329 4990 1433 5045 etsi
1462 4991 1599 5045 nihil
1636 5000 1695 5047 ut
1730 5003 1866 5063 puto
1897 4995 1966 5049 de
1994 5010 2257 5050 sensuum
2290 4996 2537 5060 veritate,
2567 5010 2676 5049 non
2707 5003 2887 5049 tamen
2918 5008 3112 5064 parum
3145 4980 3212 5049 de
3243 4994 3446 5065 eloquii
3480 5011 3653 5050 venu-

393 5085 540 5129 state
561 5077 920 5145 perdidimus,
958 5081 1304 5149 splendorem
1345 5091 1455 5139 tam
1488 5085 1692 5141 nobilis
1717 5086 1843 5158 styli
1894 5095 1949 5140 et
1979 5087 2356 5142 elocutionum
2380 5087 2611 5156 gratiam
2647 5086 2953 5157 exprimere
2986 5102 3097 5142 non
3137 5087 3380 5153 valentes
3410 5107 3426 5140 τ
3457 5089 3551 5143 sed
3583 5104 3653 5142 ne

392 5167 479 5221 sic
503 5168 722 5237 quidem
754 5179 807 5224 te
837 5171 981 5225 istud
1013 5172 1317 5241 imperasse
1343 5176 1624 5244 poeniteat.
1660 5174 1848 5247 Neque
1875 5178 2351 5234 enimverendum
2383 5179 2478 5235 tibi
2525 5186 2611 5234 est
2649 5194 2721 5233 ne
2763 5179 2906 5234 forte
2952 5179 3246 5249 asperitate
3276 5178 3652 5234 translationis

400 5257 664 5324 offensus,
716 5263 969 5320 lectionis
1004 5266 1168 5337 hujus
1200 5281 1391 5322 careas
1444 5269 1742 5338 voluptate,
1798 5284 1924 5325 cum
1958 5270 2225 5342 quidquid
2268 5271 2430 5326 nobis
2476 5287 2543 5325 ex
2574 5270 2724 5326 cultu
2763 5270 2936 5327 defuit
2966 5281 3273 5341 ornatuque
3330 5270 3642 5338 verborum,

397 5354 456 5408 id
514 5364 689 5411 totum
754 5359 926 5424 illius,
962 5376 1123 5431 quem
1159 5363 1563 5428 transtulimus,
1627 5365 1917 5435 magnifica
1955 5366 2175 5421 inventa
2212 5375 2602 5437 compensent.
2659 5366 2757 5424 Est
2783 5368 2933 5422 enim
2972 5376 3198 5422 sanctus
3244 5364 3483 5421 Joannes
3536 5374 3646 5421 tam

392 5452 575 5506 clarus
602 5458 751 5508 totus
785 5469 848 5509 ac
877 5453 1139 5526 fulgidus,
1174 5465 1236 5511 ut
1265 5454 1425 5513 facile
1458 5458 1634 5528 possit
1662 5459 2060 5514 sententiarum
2085 5472 2317 5515 suarum
2349 5459 2557 5517 lumine
2583 5459 2749 5516 etiam
2782 5461 2925 5516 inter
2958 5460 3133 5517 nostri
3163 5458 3437 5517 sermonis
3459 5459 3649 5516 nubila

390 5558 705 5612 coruscare.

1858 5691 2178 5707 ..ι-*ιιι*
