4130 6448
522 373 632 430 Ποῦ

1217 382 1276 437 S.
1315 379 1598 436 JOANNIS
1635 372 2129 435 ωιιιγεοετοιιι
2165 372 2486 427 Ακωιιει).
2525 322 3062 433 (ΣΟΝΒΤᾸΝΤΙΝΟΡ

3688 359 3792 415 4η

539 606 3776 655 W

1573 939 1685 994 ΕιΣ
1721 939 1858 995 ΤΟΝ
1903 939 2112 995 ΑΠοΝ
2151 941 2566 997 ΔΠΟΣΤΟΛΟΝ
2595 944 2900 1002 ΠΔΥΛΟΝ.

1164 1515 1396 1587 Ὀμιλία
1431 1520 1503 1572 α’.

597 1630 715 1695 Ούκ
747 1638 814 1694 ἀν
844 1655 929 1703 τις
953 1635 1193 1708 ἁμάρτοι
1212 1633 1458 1706 λειμῶνα
1491 1632 1704 1705 ἀρετῶν
1737 1631 1830 1685 καὶ
1853 1629 2113 1702 παράδει-

526 1751 622 1790 σον
658 1729 1032 1803 πνευματικδν
1075 1726 1311 1791 καλέσας
1349 1726 1449 1798 τὴν
1471 1725 1686 1780 Παύλου
1731 1722 1940 1794 ψυχήνο
1970 1720 2114 1774 οὕτω

527 1825 680 1900 [477]
710 1823 846 1879 πολὺ
872 1823 971 1896 μὲν
1000 1816 1155 1894 ἤνθει
1188 1823 1256 1893 τῇ
1277 1815 1480 1892 χάριτι,
1500 1815 1657 1884 ἀξίαν
1680 1816 1739 1871 δέ
1763 1817 1863 1889 τῆς
1891 1814 2114 1888 χάριτος

526 1916 876 1972 ἐπεδείκνυτο
902 1913 1003 1986 τῆς
1020 1907 1202 1984 ψυχῆς
1227 1910 1327 1984 τὴν
1364 1907 1706 1981 φιλοσοφίαν.
1755 1906 1976 1980 Ἐπειδὴ
2004 1906 2116 1979 γὰρ

528 2009 726 2075 σκεῦος
753 2007 984 2080 ἐκλογῆς
1005 2006 1221 2078 γέγονε,
1248 2005 1342 2060 καὶ⁴
1371 2003 1550 2068 καλῶς
1576 1999 1769 2059 ἐαυτὸν
1789 1999 2112 2072 ἐξεκάθηρε,

527 2101 758 2175 δαψιλὴς
784 2103 820 2174 ἡ
855 2101 951 2156 τοῦ
984 2096 1304 2171 Πνεύματος
1335 2093 1566 2168 ἐξεχύθη
1604 2093 1882 2161 είς..,αύτδν
1912 2090 2111 2165 δωρεά.

529 2196 696 2252 Ὅθεν
723 2196 859 2267 ἡμῖν
884 2191 1131 2254 καὶτοὺς
1160 2189 1512 2262 θαυμαστοὺς
1538 2188 1692 2243 ἔτεκε
1724 2185 2027 2257 ποταμοὺς,
2051 2183 2116 2238 ού

529 2289 671 2346 κατά
712 2286 813 2360 τὴν
849 2285 948 2341 τοῦ
1006 2283 1333 2359 παραδείσου
1371 2281 1560 2354 πηγὴν
1586 2279 1864 2352 τέσσαρας
1895 2276 2116 2350 μόνους,

526 2380 665 2437 ἀλλά
699 2375 881 2450 πολλῷ
909 2373 1132 2442 πλείους
1159 2375 1287 2432 καθ’
1319 2373 1560 2446 ἐκάστην
1599 2371 1824 2444 ῥέοντας
1852 2368 1956 2441 τὴν
1982 2367 2119 2440 ἠμέ-

528 2489 653 2546 ραν,
684 2471 748 2527 ού
779 2471 880 2544 τὴν
899 2466 1006 2542 γῆν
1033 2467 1320 2542 άρδοντας,
1353 2463 1491 2520 ἀλλά
1529 2463 1632 2528 τάς
1659 2458 1768 2518 τῶν
1812 2459 2118 2546 ἀνθρώπων

527 2545 707 2635 ψυχὰς
731 2561 814 2634 είς
832 2561 1207 2634 καρπογονίαν
1229 2555 1432 2631 ἀρετῆς
1461 2553 1850 2627 διεγείροντας.
1879 2551 1979 2616 Τίς
2023 2545 2119 2605 οῦν

529 2649 756 2728 ἀρκέσει
807 2653 970 2722 λόγος
1017 2651 1132 2716 τοῖς
1171 2649 1365 2704 τούτου
1424 2645 1889 2720 κατορθώμασινς
1919 2643 1955 2716 ἢ
1990 2641 2120 2698 ποία

530 2745 820 2817 δυνήσεται
847 2741 1070 2814 γλῶσσα
1098 2738 1387 2812 ἐφικέσθαι
1414 2738 1524 2792 τῶν
1555 2734 1851 2806 ἐγκωμίων
1874 2734 2115 2801 ἐκείνους

534 2839 706 2894 Ὅταν
731 2836 840 2910 γάρ
859 2836 1076 2892 ἅπαντα
1097 2833 1168 2888 τά
1198 2835 1256 2887 ἐν
1280 2830 1590 2904 ἀνθρώποις
1617 2827 1759 2884 καλά
1781 2824 2123 2883 συλλαϐοῦσα

533 2929 630 3002 εχῃ
653 2915 801 3002 ψυχὴ
837 2928 956 3002 μία,
995 2927 1092 2983 καὶ
1129 2925 1311 2983 πάντα
1339 2921 1460 2997 μεθ’
1492 2919 1834 2995 ὑπερϐολῆς,
1867 2919 1929 2974 ού
1960 2918 2124 2992 μόνον

532 3019 592 3077 δέ
615 3021 685 3076 τά
719 3018 826 3074 τῶν
848 3016 1176 3090 ἀνθρώπων,
1202 3014 1339 3071 ἀλλά
1367 3015 1464 3069 καὶ
1485 3013 1555 3069 τά
1580 3012 1693 3068 τῶν
1715 3009 1984 3081 ἀγγέλων,
2004 3006 2124 3072 πῶς

534 3110 908 3185 περιεσόμεθα
939 3108 1037 3165 τοῦ
1087 3108 1353 3183 μεγέθους
1386 3105 1496 3161 τῶν
1536 3103 1862 3176 ἐγκωμίων;
1901 3101 1978 3156 Ob
2017 3099 2125 3172 μὴν

534 3205 624 3260 διά
642 3201 803 3258 τοῦτο
837 3202 1161 3275 σιγήσομεν,
1190 3198 1330 3256 ἀλλά
1351 3198 1422 3254 δι’
1443 3195 1597 3266 αὐτὸ,
1629 3198 1724 3251 καὶ
1754 3195 1822 3250 δι’
1861 3194 1994 3251 αὐτὸ
2024 3193 2124 3266 μὲν

535 3287 630 3349 οὖν
649 3289 809 3347 τοῦτο
835 3291 1071 3364 μάλιστα
1095 3289 1351 3362 ἐροῦμεν.
1381 3283 1496 3344 Καὶ
1520 3287 1631 3361 γὰρ
1645 3283 1740 3341 καὶ
1757 3285 1920 3340 τοῦτο
1950 3285 2126 3355 ἐγκω-

539 3387 664 3460 μίου
702 3384 960 3458 μέγιστον
988 3378 1152 3448 εἶδος,
1181 3383 1244 3437 τὸ
1269 3379 1429 3454 νικᾷν
1453 3379 1563 3434 τῶν
1600 3378 2044 3452 κατορθωμάτων
2063 3377 2126 3431 τὸ

539 3477 772 3552 μέγεθος
795 3478 939 3550 μετά
969 3475 1151 3547 πάσης
1176 3472 1498 3546 περιουσίας
1517 3469 1617 3526 τοῦ
1643 3471 1804 3543 λόγου
1844 3471 1944 3544 τὴν
1971 3471 2128 3524 εὐκο-

534 3570 679 3639 λίαν,
707 3570 802 3623 καὶ
826 3571 862 3641 ὴ
889 3562 1032 3640 ἧττα
1061 3568 1274 3640 μυρίων
1311 3565 1594 3638 τροπαίων
1642 3563 1793 3618 ἐστὶν
1819 3565 1953 3635 ἡμῖν
1984 3563 2128 3634 λαμ-

537 3661 804 3736 προτέρα.
847 3659 1023 3713 Πόθεν
1051 3653 1145 3712 οὖν
1177 3655 1436 3727 εὔκαιρον
1482 3655 1567 3726 είη
1615 3648 1683 3708 ἀν
1727 3651 1970 3723 ἀψασθαι
2017 3652 2132 3706 τῶν

537 3752 866 3824 ἐγκωμίων;
902 3748 1075 3804 Πόθεν
1097 3747 1342 3814 ἄλλοθεν,
1369 3748 1403 3820 η
1430 3747 1526 3802 ἀπ’
1545 3744 1712 3801 αὑτοῦ
1745 3745 1940 3800 τούτου
1973 3743 2128 3818 πρώ-

537 3863 633 3900 του
655 3884 671 3909 ,
704 3838 801 3896 τοῦ
822 3841 994 3909 δείξαι
1021 3841 1092 3895 τά
1118 3840 1376 3895 ἁπάντων
1411 3838 1610 3911 ἔχοντα
1632 3837 1847 3908 ἀγαθά;
1873 3838 2000 3893 Είτε
2019 3837 2130 3909 γάρ

537 3930 820 4006 προφῆται
850 3927 1198 3998 ἐπεδείξαντό
1233 3943 1289 3980 τι
1308 3926 1578 3997 γενναῖον,
1627 3924 1742 3978 είτε
1765 3925 2126 3997 πατριάρχαι,

539 4025 652 4080 εἴτε
705 4025 928 4092 δίκαιοι,
981 4020 1092 4076 είτε
1124 4019 1437 4086 ἀπόστολοι,
1467 4017 1582 4072 εἴτε
1613 4017 1915 4092 μάρτυρες,
1946 4015 2126 4072 πάντα

536 4119 712 4176 ταῦτα
738 4116 875 4190 όμοῦ
899 4112 1178 4170 συλλαϐὼν
1202 4113 1320 4187 ἔχει
1354 4113 1495 4186 μετά
1515 4111 1788 4185 τοσαύτης
1816 4111 2126 4185 ὑπερϐολῆς

541 4211 664 4285 μεθ’
692 4211 826 4282 ὅσης
855 4207 1032 4273 οὐδεὶς
1076 4206 1321 4273 ἐκείνων,
1337 4190 1490 4278 ⁸ὅπερ
1516 4204 1748 4269 ἕκαστος
1787 4200 1903 4277 εἶχε
1939 4204 2125 4269 καλὸν,

539 4303 827 4372 ἐκέκτητο.
857 4299 1059 4354 Σκόπει
1080 4299 1167 4353 δέ*
1201 4299 1586 4370 Προσήνεγκεν
1609 4296 1778 4351 Ἅϐελ
1797 4295 2012 4362 θυσίαν,
2035 4296 2128 4350 καὶ

541 4393 795 4451 ἐντεῦθεν
827 4391 1289 4464 ἀνακηρύττεται·
1317 4391 1437 4445 ἀλλ’
1454 4390 1551 4444 ἐὰν
1571 4390 1672 4461 τὴν
1695 4387 2128 4454 Παύλου-θυσίαν

541 4489 623 4552 είς
648 4487 814 4560 μέσον
850 4484 1090 4560 ἀγάγῃς,
1133 4483 1394 4537 τοσοῦτον
1418 4481 1696 4536 δείκνυται
1736 4481 1962 4552 βελτίων
1983 4481 2132 4534 ἐκεί-

542 4596 664 4650 νης,
695 4580 824 4633 ὅσον
852 4575 954 4649 τῆς
1009 4573 1116 4648 γῆς
1150 4577 1181 4630 ὁ
1205 4575 1453 4647 οὐρανός.
1505 4575 1676 4630 Ποίαν
1719 4568 1820 4628 οῦν
1871 4573 2130 4646 βούλεσθε

544 4668 684 4723 εἴπω
708 4687 725 4738 ;
753 4669 878 4724 οὐδὲ
900 4668 1012 4740 γάρ
1038 4667 1137 4741 μία
1160 4667 1323 4741 μόνον
1339 4667 1484 4722 ἐστί.
1513 4669 1627 4724 Καὶ
1653 4667 1767 4740 γὰρ
1784 4667 1979 4722 ἐαυτὸν
2003 4666 2144 4742 καθ’¹

544 4761 784 4833 ἐκάστην
811 4761 1073 4815 κατέθυεν
1093 4761 1332 4832 ἡμέραν,
1362 4759 1460 4814 καὶ
1483 4760 1693 4831 ταύτην
1724 4758 1890 4814 πάλιν
1933 4759 2132 4830 διπλῆν

545 4852 722 4909 ἐποίει
750 4852 1192 4925 τὴνπροσφοράν
1214 4863 1232 4882 ο
1259 4850 1422 4905 τοῦτο
1447 4850 1549 4922 μὲν
1579 4850 1704 4904 καθ’
1730 4849 1970 4920 ἑκάστην
1997 4848 2133 4921 ἡμέ-

549 4960 652 5019 ραν
681 4942 1062 5015 ἀποθνήσκων,
1091 4942 1253 4998 τοῦτο
1279 4942 1337 4996 δέ
1370 4942 1470 5014 τὴν
1503 4943 1776 5013 νέκρωσιν
1801 4941 1864 4996 ἐν
1909 4941 1991 5013 τῷ
2025 4941 2132 4995 σώ-

550 5052 680 5108 ματι
702 5033 869 5090 αύτοῦ
889 5035 1223 5108 περιφέρων.
1245 5033 1354 5090 Καὶ
1373 5036 1483 5107 γάρ
1503 5033 1642 5106 πρὸς
1659 5032 1943 5098 κινδύνους
1962 5033 2132 5106 διηνεο

548 5128 661 5193 κῶς
682 5126 1071 5200 παρετάττετο,
1103 5128 1198 5181 καὶ
1244 5127 1544 5197 ἐσφάττετο
1568 5129 1638 5198 τῇ
1668 5127 2014 5198 προαιρέσει,
2038 5127 2134 5182 καὶ

549 5222 647 5291 τῆς
676 5216 878 5290 σαρκὸς
903 5215 1004 5288 τὴν
1029 5214 1195 5285 φύσιν
1218 5214 1391 5280 οὕτως
1415 5216 1742 5286 ἐνέκρωσεν,
1755 5215 1837 5279 ὡς
1862 5214 1973 5270 τῶν
1997 5230 2135 5288 σφα-

549 5313 895 5384 γιαζομένων
925 5309 1142 5384 ἱερείων
1173 5309 1341 5381 μηδὲν
1369 5309 1593 5365 ἔλαττον
1621 5308 1954 5375 διακεῖσθαι,
1993 5309 2134 5366 ἀλλὰ

551 5406 647 5458 καὶ
682 5403 864 5475 πολλῷ
887 5402 1072 5458 τίλέον.
1093 5400 1230 5456 οὐδὲ
1262 5400 1372 5471 γάρ
1401 5400 1530 5472 βοῦς
1562 5401 1657 5455 καὶ
1687 5399 1938 5471 πρόϐατα
1971 5415 2135 5469 προσ-

551 5494 764 5566 ἔφερεν,
795 5495 910 5548 ἀλλ’
958 5492 1149 5547 ἐαυτὸν
1181 5491 1341 5563 διπλῇ
1401 5491 1524 5545 καθ’
1565 5491 1803 5561 ἑκάστην
1833 5487 2135 5558 ἐσφαγίαζε

551 5585 649 5655 τὴν
701 5585 934 5654 ἡμέραν.
967 5583 1060 5638 Διό
1093 5587 1188 5660 καὶ
1234 5583 1544 5656 ἐθάρρησεν
1594 5583 1787 5646 εἰπεῖν,
1836 5579 1985 5650 Ἐγὼ
2021 5580 2134 5651 γὰρ

551 5673 672 5743 ἤδη
703 5672 1060 5743 σπένδομαι,
1085 5661 1316 5746 σπονδὴν
1343 5673 1538 5728 ἑαυτοῦ
1575 5673 1636 5726 τὸ
1660 5669 1800 5743 αἷμα
1837 5673 2093 5735 καλέσας.

623 5763 700 5818 UO
738 5764 844 5832 μὴν
876 5763 1118 5834 ἠρκέσθη
1140 5769 1258 5831 ταῖς
1290 5766 1502 5830 θυσίαις
1519 5765 1763 5830 ταύταις,
1797 5765 1913 5820 ἀλλ’
1945 5766 2133 5822 ἐπειδῆ

2217 1509 2398 1575 καλῶς
2422 1513 2615 1569 ἐαυτὸν
2642 1517 2971 1590 καθιέρωσε,
3017 1521 3112 1577 καὶ
3133 1525 3235 1597 τὴν
3270 1526 3598 1602 οίκουμένην
3628 1549 3804 1603 προσ-

2217 1604 2438 1694 ηνεγκε,
2458 1604 2555 1694 καὶ⁷
2575 1605 2681 1676 γῆν
2715 1610 2810 1662 καὶ
2829 1608 3122 1678 θάλατταν,
3152 1615 3250 1668 καὶ
3287 1603 3512 1685 Ἑλλάδα
3543 1621 3638 1674 καὶ
3672 1622 3806 1694 βάρ-

2217 1689 2406 1762 ϐαρον,
2441 1693 2538 1746 καὶ
2572 1695 2752 1748 πᾶσαν
2784 1697 3125 1764 ἁπαξαπλῶς
3155 1701 3291 1773 ὅσην
3311 1702 3463 1774 ἥλιος
3482 1705 3658 1779 ἐφορᾷ
3673 1689 3806 1779 γῇν,

2214 1779 2440 1852 ταύτην,
2491 1783 2744 1857 καθάπερ
2777 1787 3084 1861 ύπόπτερός
3115 1809 3200 1856 τις
3241 1765 3554 1865 γενόμεή,

2217 1869 2432 1939 πᾶσαν,
2481 1872 2581 1944 οὐχ
2634 1873 2826 1941 ἁπλῶς
2876 1877 3196 1950 ὁδοιπορῶν,
3256 1880 3398 1937 ἀλλά
3427 1881 3527 1949 τὰς
3559 1885 3808 1949 ἀκάνθας
3896 1911 3917 1926 ο

2216 1958 2324 2011 τῶν
2347 1959 2766 2033 ἁμαρτημάτων
2789 1965 3070 2035 ἀνασπῶν,
3102 1967 3200 2022 καὶ
3227 1969 3320 2023 τὸν
3349 1968 3509 2041 λόγον
3537 1972 3638 2043 τῆς
3659 1973 3812 2026 εὐσε-

2217 2044 2370 2114 ϐείας
2389 2049 2800 2124 κατασπείρων,
2829 2054 2931 2126 τὴν
2959 2053 3172 2128 πλάνην
3186 2055 3532 2126 ἀπελαύνων,
3555 2059 3657 2130 τὴν
3681 2059 3816 2132 ἀλή-

2219 2133 2369 2188 θειαν
2398 2136 2712 2206 ἐπανάγων,
2735 2138 2797 2205 ἐξ
2824 2139 2923 2194 ἀνθ
2931 2139 3134 2214 ρώπων
3153 2143 3420 2214 ἀγγέλους
3459 2145 3653 2211 ποιῶν,
3681 2146 3817 2217 μᾶλ-

2217 2222 2309 2276 λον
2324 2223 2381 2278 δέ
2397 2223 2506 2279 ἀπὸ
2526 2223 2798 2298 δαιμόνων
2813 2229 3082 2298 ἀγγέλους
3093 2233 3222 2297 τοὺς
3243 2231 3589 2305 ἀνθρώπους.
3604 2234 3698 2288 Διδ
3715 2235 3816 2290 καὶ

2221 2309 2432 2382 μέλλων
2448 2315 2668 2372 ἀπιέναι
2691 2313 2832 2388 μετά
2859 2318 2986 2384 τοὺς
3013 2319 3243 2386 πολλοὺς
3265 2320 3494 2394 ἱδρῶτας
3512 2322 3609 2378 καὶ
3629 2322 3701 2377 τά
3716 2341 3828 2377 πυον

2219 2399 2323 2456 κνά
2353 2403 2528 2459 ταῦτα
2555 2405 2816 2479 τρόπαια,
2847 2407 3346 2480 παραμυθούμενος
3375 2412 3504 2475 τοὺς
3534 2411 3816 2483 μαθητάς,

2220 2489 2372 2567 [478]
2409 2493 2594 2564 ἐλεγεν
2615 2510 2632 2527 ο
2661 2495 2734 2550 El
2757 2495 2858 2550 καὶ
2884 2495 3224 2566 σπένδομαι
3251 2497 3352 2552 ἐπὶ
3384 2496 3462 2568 τῇ
3489 2499 3675 2566 θυσίᾳ
3710 2501 3819 2554 καὶ

2219 2582 2561 2653 λειτουργίᾳ
2586 2579 2699 2653 τῆς
2745 2579 3007 2650 πίστεως
3022 2583 3207 2655 ὑμῶν
3227 2627 3243 2654 ,
3293 2585 3478 2656 χαίρω
3524 2585 3624 2641 καί
3661 2603 3821 2657 συγ-

2222 2671 2406 2742 χαίρω
2439 2667 2633 2728 πᾶσιν
2687 2669 2835 2742 ὑμῖν
2865 2687 2881 2702 ⁸
2924 2671 3019 2726 διὸ
3066 2671 3168 2728 καί
3205 2671 3388 2742 ὑμεῖς
3419 2672 3655 2742 χαίρετε
3711 2676 3818 2729 καὶ

2223 2757 2585 2830 συγχαίρετέ
2618 2771 2741 2829 μοι.
2800 2757 2870 2812 Τί
2920 2757 3102 2812 τοίνυν
3132 2757 3331 2828 γένοιτ’
3363 2759 3430 2813 ἀν
3464 2759 3570 2831 τῆς
3622 2759 3821 2826 θυσίας

2222 2847 2428 2921 ταύτης
2459 2846 2573 2903 ίσον
2592 2888 2607 2913 ,
2639 2846 2709 2918 ἢν
2735 2845 2838 2920 τὴν
2871 2847 3146 2920 μάχαιραν
3191 2846 3288 2901 τοῦ
3317 2848 3638 2921 Πνεύματος
3675 2865 3825 2904 σπα·

2226 2939 2461 3010 σάμενος
2486 2937 2708 3003 ἐθυσεν,
2741 2936 2809 3008 ἢν
2861 2937 2920 2991 ἐν
2955 2935 3036 3008 τῷ
3087 2935 3457 3009 θυσιαστηρίῳ
3493 2942 3824 3010 προσήγαγε

2224 3030 2303 3103 τῷ
2330 3029 2586 3104 ὑπεράνω
2617 3028 2726 3084 τῶν
2751 3026 3034 3099 ούρανῶνς
3076 3026 3220 3080 Ἀλλ’
3257 3027 3503 3100 ἀνῃρέθη
3540 3027 3826 3100 δολοφονη-

2228 3121 2343 3186 θεὶς
2368 3117 2475 3174 ὑπὸ
2503 3117 2598 3173 τοῦ
2627 3116 2764 3172 Κάῖν
2798 3118 2828 3170 ό
2855 3115 3020 3170 ’Δϐελ
3038 3154 3054 3180 ,
3085 3117 3182 3170 καὶ
3215 3116 3392 3189 ταύτῃ
3441 3115 3826 3188 λαμπρότερος

2227 3213 2482 3284 γέγονεν;
2522 3207 2664 3264 Ἀλλ’
2695 3208 2809 3278 ἐγώ
2845 3223 2930 3261 σοι
2966 3205 3194 3278 μυρίους
3221 3206 3503 3278 ἠρίθμησα
3531 3206 3822 3272 θανάτους,

2226 3303 2323 3357 καὶ
2348 3299 2669 3364 τοσούτους,
2698 3296 2835 3360 ὕσας
2863 3293 3081 3367 ἡμέρας
3106 3293 3393 3366 κηρύττων
3430 3293 3624 3365 ἔζησεν
3648 3294 3679 3345 ό
3712 3311 3827 3364 μα-

2225 3392 2417 3464 κάριος
2441 3381 2616 3451 οὗτος.
2658 3386 2722 3440 Εί
2752 3383 2813 3437 δέ
2843 3383 2940 3437 καὶ
2963 3385 3063 3455 τὴν
3091 3381 3254 3454 μέχρι
3284 3382 3387 3453 τῆς
3413 3381 3610 3452 πείρας
3645 3381 3828 3451 αὐτῆς

2228 3475 2595 3552 προελθοῦσαν
2627 3472 2808 3545 βούλει
2835 3472 3028 3542 μαθεῖν
3051 3469 3269 3542 σφαγὴν
3286 3512 3303 3537 ,
3345 3471 3554 3533 ἐκεῖνος
3582 3468 3682 3540 μὲν
3713 3469 3830 3524 ὑπὸ

2223 3568 2322 3623 τοῦ
2343 3564 2576 3637 ἀδελφοῦ
2619 3563 2757 3634 μήτε
2781 3558 3132 3630 ἀδικηθέντος
3151 3595 3167 3623 ,
3203 3557 3339 3628 μήτε
3368 3555 3829 3628 εὐεργετηθέντος

2229 3657 2534 3715 κατέπεσεν
2549 3670 2563 3684 υ
2597 3643 2754 3715 οὗτος
2779 3648 2836 3703 δέ
2862 3646 2969 3702 ὑπὸ
2993 3644 3201 3700 τούτων
3233 3644 3490 3717 ἀνῃρεῖτο
3507 3683 3524 3708 ,
3555 3642 3650 3707 οὓς
3670 3642 3832 3713 ἐξαρ-

2227 3747 2402 3802 πάσαι
2423 3740 2534 3796 τῶν
2557 3737 2769 3811 μυρίων
2797 3734 3052 3804 ἐπείγετο
3072 3731 3282 3796 κακῶν,
3313 3731 3407 3785 καὶ
3429 3731 3498 3784 δι’
3523 3729 3619 3794 οὓς
3643 3731 3832 3784 πάντα.

2229 3836 2506 3903 ἔπασχεν,
2543 3828 2688 3898 άπερ
2723 3822 2947 3878 ἔπαθεν.
2992 3819 3155 3876 Ἀλλά
3182 3818 3308 3873 Νῶε
3341 3817 3585 3884 δίκαιος,
3616 3817 3831 3903 τέλειος

2229 3927 2288 3978 ἐν
2323 3901 2582 3992 ⁴τῇγενεᾷ
2608 3910 2807 3977 αὐτοῦ,
2839 3909 2936 3964 καὶ
2969 3909 3131 3981 μόνος
3167 3907 3226 3961 ἐν
3246 3906 3420 3962 ἀπασι
3452 3905 3691 3992 τοιοῦτος
3710 3901 3830 3976 ἦν;

2243 3991 2406 4066 Ἀλλά
2455 4004 2550 4059 καὶ
2577 3999 2787 4063 Παῦλος
2835 3996 2997 4068 μόνος
3022 4007 3048 4036 α
3093 3996 3154 4050 ἐν
3202 3993 3374 4048 ἀπασι
3412 3991 3672 4057 τοιοῦτος.
3713 3993 3836 4046 Καὶ

2232 4099 2441 4158 ἐκεῖνος
2471 4092 2568 4164 μὲν
2609 4086 2802 4142 ἐαυτὸν
2829 4083 2969 4154 μετά
2996 4081 3106 4136 τῶν
3135 4081 3340 4135 παίδων
3362 4078 3589 4134 διέσωσε
3621 4078 3782 4151 μόνον
3807 4096 3830 4110 ο

2231 4179 2388 4248 οὗτος
2418 4181 2476 4235 δέ
2495 4219 2510 4246 ,
2552 4177 2687 4230 πολὺ
2727 4171 3111 4246 χαλεπωτέρου
3155 4168 3256 4240 τὴν
3301 4167 3626 4240 οἰκουμένην
3658 4184 3836 4222 κατα-

2229 4266 2474 4342 κλυσμοῦ
2507 4261 2939 4324 καταλαϐόντος,
2979 4257 3042 4311 οὐ
3095 4255 3316 4320 σανίδας
3363 4254 3677 4342 πηξάμενος
3732 4255 3836 4308 καὶ

2229 4329 2463 4417 κιϐωτὸν
2501 4353 2769 4423 ποιήσας,
2819 4345 2935 4402 ἀλλ’
2981 4345 3104 4400 ἀντὶ
3147 4344 3376 4399 σανίδων
3405 4329 3505 4408 τὰς
3539 4341 3835 4406 ἐπιστολὰς

2231 4447 2445 4510 συνθεὶς
2462 4483 2480 4510 ,
2511 4440 2574 4496 οὐ
2601 4437 2693 4493 δύο
2721 4435 2816 4492 καὶ
2845 4433 2995 4505 τρεῖς
3019 4432 3116 4486 καὶ
3143 4433 3310 4486 πέντε
3339 4433 3624 4501 συγγενεῖς
3641 4470 3657 4494 ,
3690 4429 3835 4484 ἀλλά

2228 4539 2329 4609 τὴν
2357 4531 2682 4604 οἰκουμένην
2707 4525 2954 4590 ἀπασαν,
2984 4519 3479 4585 καταποντίζεσθαι
3503 4518 3832 4590 μέλλουσαν,

2230 4605 2298 4679 ἐκ
2336 4621 2516 4696 μέσων
2541 4617 2759 4691 ἥρπασε
2803 4612 2912 4666 τῶν
2945 4610 3230 4681 κυμάτων.
3272 4607 3411 4662 Οὐδὲ
3456 4607 3566 4677 γὰρ
3599 4605 3836 4678 τοιαύτη

2228 4711 2299 4787 ἦν
2395 4708 2655 4774 κιϐωτὸς,
2695 4706 2772 4768 ὡς
2815 4705 2876 4757 ἐν
2922 4701 3004 4754 ἐνὶ
3040 4697 3441 4787 περιφέρεσθαι
3479 4697 3662 4768 τόπῳ,
3690 4695 3835 4787 ἀλλὰ

2229 4781 2300 4856 τά
2326 4781 2581 4872 τέρματα
2608 4795 2707 4864 τῆς
2733 4789 3062 4861 οἰκουμένης
3081 4783 3375 4852 κατέλαϐε,
3401 4785 3499 4839 καὶ
3528 4783 3588 4850 ἐξ
3613 4781 3833 4837 ἐκείνου

2231 4890 2443 4951 πάντας
2475 4884 2686 4952 είσάγει
2715 4879 2879 4953 μέχρι
2917 4876 3013 4930 τοῦ
3039 4875 3137 4930 νῦν
3171 4876 3256 4938 είς
3287 4873 3388 4944 τὴν
3416 4873 3664 4944 λάρνακα
3695 4873 3836 4926 ταύ-

2230 4995 2351 5050 την.
2382 4976 2706 5046 Σύμμετρον
2731 4969 2843 5040 γὰρ
2872 4965 2952 5037 τῷ
2997 4964 3194 5036 πλήθει
3228 4962 3335 5017 τῶν
3365 4960 3691 5050 σωζομένων
3726 4962 3834 5016 αὐ-

2231 5048 2335 5140 την
2362 5060 2786 5120 κατασκευάσας
2805 5093 2821 5122 ,
2854 5053 3145 5124 δεχόμενος
3172 5050 3386 5140 ἀλόγων
3413 5048 3834 5140 ἀνοητοτέραξις.

2231 5135 2350 5220 ταῖς
2370 5153 2483 5210 ἄνω
2504 5150 2799 5220 δυνάμεσιν
2825 5143 3160 5214 ἐφαμίλλους
3188 5138 3509 5212 ἐργάζεται,
3543 5135 3836 5207 καὶταύτῃ

2232 5243 2399 5300 νικῶν
2428 5242 2530 5314 τὴν
2553 5238 2784 5294 κιϐωτὸν
2808 5233 3044 5304 ἐκείνην.
3093 5230 3308 5301 Ἐκείνη
3341 5229 3441 5301 μὲν
3472 5228 3582 5299 γὰρ
3620 5227 3837 5298 κόρακα

2232 5331 2476 5388 λαϐοῦσα
2500 5368 2516 5396 ,
2556 5329 2770 5400 κόρακα
2797 5323 2964 5377 πάλιν
3008 5318 3286 5391 ἐξέπεμψε
3309 5358 3324 5385 ,
3375 5317 3472 5372 καὶ
3501 5315 3673 5400 λύκον
3702 5315 3838 5368 ὑπο-

2235 5417 2503 5490 δεξαμένη
2521 5459 2536 5482 ,
2565 5395 2667 5484 την
2696 5409 2992 5484 θηριωδίαν
3019 5407 3082 5462 ού
3112 5404 3442 5478 μετέϐαλεν⁸
3468 5395 3624 5465 οὗτος
3651 5400 3710 5454 δέ
3733 5402 3835 5472 ούχ

2237 5511 2409 5570 οὕτως
2430 5548 2446 5573 ,
2473 5504 2610 5560 ἀλλά
2637 5503 2819 5557 λαϐὼν
2841 5500 3040 5563 λύκους
3068 5539 3083 5566 ,
3115 5495 3368 5566 πρόϐατα
3387 5493 3708 5565 εἰργάσατο,
3739 5491 3836 5544 καὶ

2237 5594 2416 5652 λαϐὼν
2445 5593 2668 5666 ἱέρακας
2695 5588 2787 5642 καὶ
2809 5587 3079 5653 κολοιοὺς,
3115 5580 3446 5654 περιστεράς
3485 5577 3706 5641 τούτους
3728 5577 3835 5630 ἀπ·

2305 5778 2332 5808 ⁸
2357 5775 2414 5826 In
2435 5774 2557 5832 Reg.
2581 5772 2724 5822 deest
2743 5763 2895 5829 μόνος.
