4130 6504
344 5947 391 5959 ..-

378 443 488 501 ηδ

1215 448 1304 505 DE
1340 449 1687 508 LAUDIBUS
1727 449 1789 509 S.
1825 450 2037 512 PAULI
2074 453 2440 514 APOSTOLI.
2486 457 2720 515 HOMIL.
2760 460 2801 514 l.

3526 462 3640 518 ιη

401 692 3637 745 W

1274 956 1417 1028 DE
1465 951 1982 1028 LAUDIBUS
2033 952 2414 1030 SANCTI
2465 955 2784 1030 PAULI

1871 1119 2197 1166 Αιόετοιι.

991 1396 1210 1438 ιιοωωΑ
1233 1399 1248 1437 ι
1273 1383 1374 1456 (a).

454 1467 594 1527 Nihil
618 1485 842 1543 prorsus
877 1474 1158 1542 erraverit,
1189 1474 1278 1545 qui
1311 1483 1520 1545 pratum
1549 1473 1822 1546 quoddam
1850 1475 1979 1531 insi—

381 1579 488 1636 gne
509 1564 789 1632 virtutum,
812 1573 866 1622 et
893 1566 1193 1636 paradisum
1216 1567 1545 1638 spiritualem
1570 1569 1716 1624 Pauli
1737 1569 1976 1623 animum

384 1657 774 1728 nuncupaverit
817 1677 832 1714 :
866 1669 974 1728 tam
1015 1659 1179 1715 multa
1208 1661 1350 1716 enim
1378 1663 1546 1733 gratia
1601 1662 1802 1731 lloruit,
1846 1671 1977 1717 tam-

383 1764 492 1819 que
516 1748 638 1804 huic
666 1749 854 1820 gratite
877 1761 1207 1821 congruente
1227 1751 1718 1823 vitre‘perfectione
1738 1754 1980 1823 resplen-

383 1839 534 1895 duit:
584 1840 838 1910 quoniam
876 1841 1019 1896 enim
1071 1856 1166 1897 vas
1215 1843 1495 1898 electionis
1524 1844 1747 1898 effectus
1773 1853 1874 1910 est,
1923 1853 1979 1901 et

383 1931 522 1988 bene
538 1931 884 2002 semetipsum
908 1932 1195 1988 emendare
1209 1933 1438 1999 curavit,
1457 1931 1753 2004 largissime
1776 1935 1826 1988 in
1853 1948 1975 1988 eum

383 2024 556 2079 sancti
583 2023 813 2092 Spiritus
837 2039 1034 2079 munus
1059 2025 1285 2080 eii'usum
1310 2033 1412 2081 est.
1448 2025 1598 2082 Unde
1627 2035 1680 2082 et
1708 2025 1977 2081 mirabiles

384 2116 544 2174 nobis
585 2116 776 2173 ﬂuvios
815 2118 1018 2189 genuit,
1045 2133 1149 2173 non
1200 2118 1491 2174 secundum
1523 2117 1754 2188 paradisi
1802 2117 1976 2173 fontes

312 2233 323 2248 ι
383 2218 615 2278 quatuor
645 2217 845 2263 tantum
871 2249 886 2275 ,
909 2208 1004 2264 sed
1039 2208 1210 2264 multo
1262 2209 1424 2265 etiam
1454 2209 1634 2279 plures
1666 2217 1719 2264 et
1739 2209 1978 2280 quotidie

387 2297 656 2355 ﬂuentes:
684 2314 789 2354 non
835 2309 1034 2354 terram
1055 2301 1310 2370 rigantes,
1340 2298 1436 2355 sed
1465 2299 1674 2355 animas
1698 2297 1976 2353 hominum

386 2392 462 2448 ad
507 2391 851 2463 producenda
892 2392 1148 2448 virtutum
1191 2393 1431 2463 germina
1473 2395 1812 2449 suscitantes.
1847 2391 1978 2460 Quis

387 2500 520 2556 ergo
541 2485 706 2554 ipsius
733 2485 940 2540 meritis
966 2483 1196 2540 sufﬁciet
1211 2484 1429 2540 sermo?
1452 2499 1573 2554 qua:
1599 2493 1776 2539 autem
1797 2484 1977 2552 lingua

387 2575 636 2634 laudibus
668 2574 786 2644 ejus
827 2575 1128 2630 invenietur
1154 2574 1396 2645 aequalis,
1442 2589 1564 2631 cum
1615 2574 1795 2629 omnia
1846 2589 1968 2645 qua:

385 2677 516 2724 sunt
542 2669 596 2724 in
627 2667 932 2724 hominibus
960 2667 1098 2723 bona
1123 2709 1139 2736 ,
1171 2683 1274 2722 una
1303 2667 1481 2722 anima
1511 2666 1802 2738 possideat,
1831 2677 1886 2722 et
1913 2683 1977 2724 ea

385 2770 579 2818 cuncta
635 2761 795 2832 plene
842 2770 1005 2831 atque
1037 2760 1304 2817 cumulate
1334 2803 1350 2828 ,
1381 2775 1499 2831 quae
1529 2776 1635 2816 non
1667 2759 1838 2816 solum
1871 2759 1974 2816 ho-

388 2854 592 2908 minum
621 2861 767 2920 sunt,
809 2853 906 2909 sed
943 2853 1127 2919 etiam,
1177 2853 1322 2924 quod
1365 2861 1450 2908 est
1473 2852 1726 2922 amplius,
1768 2853 1978 2923 angelo-

388 2945 544 3000 rum?
563 2942 906 3014 Nequaquam
930 2959 1060 3014 ergo
1088 2958 1372 3014 possumus
1398 2942 1514 3014 ejus
1542 2943 1814 3014 explicare
1841 2959 1979 3015 pra:-

389 3036 553 3092 couia
584 3053 598 3090 :
626 3051 728 3092 nec
764 3044 944 3091 tamen
987 3035 1187 3092 idcirco
1223 3035 1588 3103 reticebimus,
1625 3035 1751 3105 quin
1805 3033 1980 3104 potius

390 3136 676 3199 propterea
709 3125 972 3182 dicemus.
1022 3126 1119 3182 Est
1146 3126 1292 3182 enim
1320 3125 1425 3182 hoc
1468 3125 1760 3180 maximum
1806 3124 1981 3181 laudis

387 3235 577 3291 genus,
594 3233 716 3275 cum
727 3219 985 3275 orationis
999 3218 1206 3290 copiam
1220 3219 1387 3274 virtus
1404 3226 1708 3288 exsuperat,
1721 3226 1774 3273 et
1786 3233 1981 3289 magm-

393 3313 524 3369 tudo
543 3313 738 3368 laudati
764 3328 780 3366 :
810 3307 994 3382 sicque
1021 3311 1162 3366 vinci
1191 3310 1347 3367 nobis
1366 3319 1450 3368 est
1477 3311 1646 3366 multo
1669 3309 1975 3380 gloriosius,

391 3418 553 3476 quam
577 3419 722 3475 saepe
751 3403 964 3460 vicisse.
999 3401 1153 3460 Unde
1182 3401 1346 3473 igitur
1365 3401 1719 3473 opportunius
1763 3399 1976 3454 laudum

389 3498 511 3569 ejus
549 3511 826 3554 sumemus
851 3495 1174 3552 exordium?
1196 3494 1368 3564 Unde,
1396 3495 1632 3566 inquam,
1664 3494 1980 3562 incipiemus

391 3589 630 3656 aliunde,
654 3588 758 3643 nisi
783 3588 852 3644 ab
872 3588 975 3643 hoc
997 3587 1114 3658 ipso
1130 3586 1390 3658 primum,
1419 3595 1477 3641 ut
1500 3585 1844 3640 ostendamus
1855 3599 1979 3640 eum

391 3683 534 3738 bona
554 3681 792 3736 omnium
819 3680 1182 3750 possidentem
1209 3679 1233 3734 Ἰ
1258 3679 1386 3736 Sive
1413 3678 1558 3734 enim
1581 3678 1857 3748 propheta:
1876 3692 1977 3748 p0-

394 3773 594 3830 tentius
620 3773 675 3827 in
701 3787 761 3828 se
785 3771 986 3842 aliquid
1017 3771 1388 3837 ostenderunt,
1417 3771 1690 3840 magisque
1710 3767 1978 3837 mirabile,

393 3869 508 3923 sive
525 3866 858 3937 patriarcha,
890 3865 1006 3921 sive
1025 3865 1178 3935 justi,
1211 3866 1325 3921 sive
1347 3863 1598 3942 apostoli,
1635 3863 1748 3918 sive
1771 3870 1980 3933 marty-

393 3978 508 4030 res,
530 3963 644 4018 harc
667 3961 846 4016 omnia
874 3959 1036 4016 simul
1063 3959 1321 4031 colligens
1345 3957 1542 4012 Paulus
1568 3971 1692 4012 cum
1719 3965 1868 4012 tanto
1891 3955 1977 4010 ha-

396 4055 487 4112 het
513 4054 748 4120 cumulo,
779 4069 902 4110 cum
945 4063 1149 4123 quanto
1187 4052 1366 4109 nullus
1389 4067 1576 4108 eorum
1624 4050 1846 4116 bonum,
1874 4066 1981 4120 quo

393 4146 726 4212 excellebat,
773 4144 1031 4215 implevit.
1066 4144 1178 4199 Hoc
1200 4144 1380 4215 itaque
1419 4142 1724 4213 diligentius
1749 4142 1976 4200 intuere.

396 4236 532 4294 Abel
577 4237 765 4292 obtulit
807 4233 1128 4291 sacriﬁcium
1153 4275 1168 4300 ,
1199 4242 1255 4290 et
1303 4233 1427 4288 inde
1457 4231 1702 4287 laudatur
1743 4230 1894 4303 (Gen.
1922 4233 1976 4286 ι.

395 4329 491 4401 4);
545 4328 640 4385 sed
691 4328 736 4384 si
778 4327 926 4383 Pauli
968 4326 1194 4382 hostiam
1244 4325 1572 4381 adducamus
1613 4323 1667 4378 in
1723 4322 1978 4387 medium,

395 4403 652 4490 quantum
678 4417 864 4473 caelum
897 4426 1056 4484 terra,
1083 4415 1326 4486 superior
1343 4415 1638 4485 apparebit.
1667 4413 1837 4482 Quam
1854 4427 1982 4483 ergo

396 4511 559 4567 vultis
600 4520 657 4566 ut
682 4508 1016 4566 memorem?
1059 4523 1165 4564 non
1211 4508 1357 4563 enim
1388 4522 1491 4561 una
1519 4515 1720 4561 tantum
1746 4514 1830 4560 est
1861 4523 1875 4559 :
1903 4506 1981 4560 si-

396 4603 612 4676 quidem
659 4602 1006 4672 semetipsum
1048 4616 1143 4670 per
1183 4599 1299 4657 dies
1349 4599 1589 4670 singulos
1634 4599 1980 4654 immolabat:

395 4711 556 4767 quam
587 4705 766 4752 tamen
793 4710 980 4750 rursus
1002 4693 1226 4750 hostiam
1257 4693 1538 4762 dupliciter
1558 4692 1836 4760 on‘erebat,
1858 4706 1981 4747 cum

394 4791 633 4861 quotidie
676 4790 913 4846 moriens
949 4788 1025 4858 (l.
1057 4787 1177 4844 Cor.
1220 4789 1308 4845 15.
1341 4785 1456 4859 5i),
1491 4795 1602 4842 tum
1655 4786 1709 4841 in
1756 4800 1984 4856 corpore

395 4898 498 4937 suo
532 4881 992 4938 mortificationem
1036 4881 1154 4936 sine
1179 4878 1574 4936 intermissione
1599 4879 1982 4935 circumferens

392 4975 455 5042 (2
477 4973 595 5029 Cor.
622 4975 677 5029 4.
707 4974 820 5044 10).
864 4973 996 5029 Nam
1035 4981 1089 5029 et
1109 4971 1176 5027 ad
1205 4971 1439 5042 pericula
1471 4970 1670 5042 jugiter
1695 4970 1980 5043 parabatur

391 5079 778 5122 consummans
803 5065 1074 5120 voluntate
1098 5064 1412 5135 martyrium
1431 5102 1448 5129 ,
1479 5071 1535 5118 et
1568 5071 1810 5118 naturam
1841 5062 1894 5118 in
1920 5076 1981 5117 se

397 5156 770 5213 mortiﬁcando
794 5157 992 5224 carnis,
1023 5155 1152 5212 nihil
1182 5155 1359 5211 minus
1374 5170 1534 5227 quam
1560 5154 1850 5210 immolatae
1869 5154 1982 5211 Deo

400 5249 588 5304 hostia:
631 5263 828 5305 munus
875 5249 1152 5319 implebat,
1180 5249 1289 5303 imo
1317 5248 1480 5303 etiam
1522 5247 1692 5302 multo
1729 5245 1979 5317 amplius.

395 5338 515 5396 Non
543 5341 688 5396 enim
720 5355 849 5395 oves
875 5339 1153 5404 offerebat,
1174 5347 1268 5395 aut
1292 5338 1456 5396 boves
1474 5379 1490 5409 ,
1512 5337 1607 5396 sed
1637 5339 1982 5410 semetipsum

399 5449 496 5504 per
515 5434 632 5490 dies
653 5421 893 5504 singulos
918 5432 1222 5502 dupliciter,
1257 5441 1316 5488 ut
1345 5432 1601 5500 diximus,
1627 5432 1939 5489 immolabat
1966 5449 1982 5486 :

398 5533 617 5596 propter
641 5525 784 5593 quod
826 5523 1102 5580 conﬁdens
1125 5523 1260 5580 dixit
1315 5543 1330 5580 :
1358 5523 1472 5596 Ego
1495 5526 1628 5580 enim
1642 5526 1760 5596 jam
1800 5525 1984 5580 inuno-

402 5617 483 5671 lor
519 5615 594 5686 (2.
623 5615 758 5671 Tim.
792 5615 845 5670 4.
869 5616 950 5688 6),
997 5616 1311 5687 sanguinem
1342 5617 1524 5689 utique
1552 5631 1709 5674 suum
1739 5617 1982 5675 immola-

398 5707 598 5764 tionem
626 5701 844 5764 vocans.

2089 1272 2290 1286 ..ψ

2160 1388 2288 1454 Qua:
2336 1388 2588 1458 sacriﬁcia
2621 1387 2824 1444 Paulus
2868 1390 3092 1458 θίγω-ει.
3121 1423 3196 1436 -
3225 1393 3412 1466 Neque
3439 1409 3567 1452 vero
3590 1397 3677 1454 his

2082 1479 2451 1536 tantummodo
2475 1481 2750 1557 sacriﬁciis
2775 1489 3060 1540 contentus
3082 1485 3178 1542 fuit
3205 1503 3220 1542 :
3249 1487 3343 1543 sed
3371 1489 3494 1559 quia
3536 1490 3675 1548 bene

2080 1584 2144 1626 se
2172 1571 2342 1641 ipsum
2364 1582 2774 1630 consecraverat
2798 1575 2909 1631 Deo
2929 1614 2944 1642 ,
2971 1575 3133 1632 etiam
3152 1578 3342 1634 orbem
3366 1580 3673 1637 universum

2081 1662 2284 1718 studuit
2300 1663 2494 1720 oti‘erre
2512 1682 2526 1719 :
2547 1665 2635 1736 qui
2659 1675 2853 1723 terram
2875 1666 3120 1725 videlicet
3137 1684 3201 1725 ac
3216 1683 3387 1738 mare,
3409 1670 3672 1728 Graeciam
3739 1710 3745 1716 -

2081 1754 2242 1810 simul
2265 1771 2327 1812 ac
2354 1755 2696 1827 Barbariam,
2727 1772 3048 1830 omnemque
3074 1774 3294 1830 prorsus
3313 1802 3330 1829 ,
3365 1770 3563 1834 quanta
3589 1773 3673 1820 est

2079 1847 2180 1903 sub
2199 1848 2356 1913 casio,
2392 1850 2697 1920 regionem,
2727 1851 2880 1921 quasi
2903 1851 3135 1908 volitans
3155 1893 3173 1920 ,
3201 1852 3535 1923 circumivit,
3563 1869 3671 1910 non

2080 1941 2310 2010 simplici
2328 1941 2543 2007 labore,
2573 1941 2738 1997 veluti
2764 1943 2820 1998 in
2847 1957 3072 1998 vacuum
3095 1943 3284 1998 itinera
3314 1957 3671 2015 percurrens;

2081 2030 2178 2086 sed
2237 2040 2575 2101 peccatorum
2622 2032 2805 2102 spinas
2832 2032 3030 2103 pariter
3052 2032 3326 2102 evellens,
3356 2041 3413 2090 et
3452 2032 3673 2089 verbum

2080 2122 2351 2178 seminans
2380 2123 2574 2193 ubique
2599 2123 2844 2193 pietatis,
2893 2123 3084 2194 fugatis
3107 2137 3324 2180 errores
3346 2163 3365 2192 ,
3395 2123 3672 2180 veritatem

2083 2212 2380 2277 reducens,
2428 2227 2497 2268 ex
2541 2213 2848 2269 hominibus
2887 2213 3109 2284 angelos
3139 2212 3340 2270 faciens
3366 2231 3381 2268 :
3411 2215 3537 2286 quin
3561 2214 3673 2269 imo

2082 2307 2227 2378 ipsos
2252 2305 2498 2363 homines
2525 2307 2677 2376 quasi
2703 2320 2770 2362 ex
2790 2305 3124 2363 daemonibus
3153 2306 3207 2363 in
3231 2306 3452 2377 angelos
3481 2313 3674 2376 preve-

2082 2397 2237 2454 hens.
2281 2396 2507 2468 Propter
2547 2397 2688 2468 quod
2713 2396 2823 2466 jam
2854 2397 2981 2453 hinc
3009 2407 3132 2468 post
3163 2396 3389 2452 sudores
3413 2395 3671 2466 plurimos

2081 2503 2147 2545 ac
2174 2497 2374 2559 tropaea
2398 2486 2806 2543 innumerabilia
2844 2487 3194 2553 transiturus,
3237 2495 3338 2558 pro
3377 2485 3670 2556 discipulo-

2081 2594 2198 2634 rum
2217 2578 2584 2636 consolatione
2604 2577 2816 2634 dicebat
2841 2595 2856 2634 :
2882 2577 2990 2634 Sed
3017 2589 3063 2634 et
3086 2573 3132 2633 si
3155 2575 3389 2632 immolor
3413 2589 3565 2646 super
3582 2591 3672 2630 sa-

2082 2671 2330 2740 criﬁcium
2349 2679 2398 2728 et
2415 2670 2708 2740 obsequium
2727 2669 2847 2739 ﬁdei
2868 2677 3064 2736 uestra,
3092 2668 3308 2740 gaudeo,
3332 2675 3380 2722 et
3404 2675 3674 2738 congratu-

2082 2763 2162 2819 lor
2181 2763 2413 2818 omnibus
2430 2762 2569 2818 vobis
2589 2775 2612 2818 :
2640 2770 2846 2831 propter
2863 2760 2998 2831 quod
3021 2768 3068 2815 et
3095 2767 3182 2814 uos
3206 2760 3420 2830 gaudete
3439 2796 3454 2823 ,
3473 2766 3520 2811 et
3545 2767 3670 2810 eon-

2075 2856 2411 2928 gratulamini
2434 2856 2560 2912 mihi
2585 2855 2847 2928 (Philipp.
2869 2854 2924 2910 2.
2958 2853 3048 2909 17.
3080 2851 3193 2921 18).
3222 2850 3486 2919 Quidnam
3516 2848 3675 2920 igitur

2083 2947 2209 3003 huic
2258 2947 2446 3002 hostiae
2487 2947 2786 3017 reperietur
2808 2943 3042 3015 aequale,
3067 2950 3226 3014 quam
3251 2940 3450 2997 Paulus
3487 2938 3675 2995 stricto

2082 3040 2252 3095 sancti
2279 3039 2508 3110 Spiritus
2527 3039 2706 3110 gladio
2726 3037 3025 3094 immolavit
3042 3078 3058 3102 ,
3089 3049 3356 3107 quamque
3389 3035 3444 3089 in
3472 3027 3565 3090 illo
3592 3031 3674 3088 al-

2085 3132 2185 3186 tari
2209 3132 2423 3198 obtulit,
2455 3131 2597 3202 quod
2622 3146 2783 3202 supra
2811 3131 2974 3187 caelos
3002 3130 3232 3186 locatum
3261 3126 3382 3185 est?
3402 3125 3510 3185 Sed
3539 3126 3674 3183 Abel

2079 3224 2209 3280 dolo
2255 3224 2494 3294 germani
2545 3237 2830 3295 percussus
2884 3221 3132 3279 occubuit
3166 3220 3321 3294 (Gen.
3351 3221 3386 3277 4
3417 3220 3438 3291 )
3471 3236 3486 3272 :
3514 3227 3675 3290 atque

2085 3314 2210 3370 hinc
2228 3315 2452 3370 effectus
2476 3323 2560 3370 est
2577 3313 2791 3369 clarior.
2813 3312 2884 3368 At
2911 3327 3011 3384 ego
3038 3313 3347 3368 innumeras
3372 3307 3466 3366 tibi
3491 3318 3674 3365 osten-

2083 3405 2207 3460 dam
2234 3414 2452 3470 mortes,
2482 3411 2559 3460 tot
2577 3403 2781 3475 utique,
2805 3411 2938 3473 quot
2960 3402 3124 3459 etiam
3147 3402 3263 3458 dies
3283 3401 3467 3456 beatus
3493 3398 3597 3454 iste
3618 3397 3673 3452 in

2084 3494 2462 3565 praedicatione
2487 3494 2636 3549 vixit.
2654 3493 2711 3549 Si
2731 3507 2858 3548 vero
2880 3507 2998 3547 eam
3025 3505 3239 3562 quoque
3254 3490 3334 3545 vis
3351 3501 3513 3544 nosse
3527 3501 3675 3543 mor-

2082 3597 2190 3644 tem
2214 3629 2230 3654 ,
2261 3601 2381 3658 quae
2420 3585 2711 3642 novissime
2751 3585 2912 3641 etiam
2955 3583 3118 3640 rebus
3146 3582 3363 3651 impleta
3389 3589 3509 3634 est:
3537 3579 3673 3635 Abel

2084 3679 2301 3750 quidem
2328 3693 2358 3733 a
2384 3678 2547 3734 fratre
2566 3719 2581 3744 ,
2611 3687 2672 3732 ut
2699 3675 2831 3732 nihil
2853 3689 2884 3730 a
2913 3690 2973 3732 se
3000 3675 3159 3740 imso,
3191 3674 3264 3728 ita
3293 3671 3453 3728 nullis
3479 3670 3672 3726 affecto

2086 3772 2361 3828 beneficiis
2381 3772 2731 3840 interemptus
2748 3777 2862 3835 est;
2887 3767 3086 3823 Paulus
3109 3779 3238 3821 vero
3264 3762 3332 3820 ab
3361 3761 3425 3818 iis
3454 3760 3673 3818 interfe-

2083 3870 2202 3918 ctus
2250 3871 2366 3929 est,
2409 3875 2544 3932 quos
2578 3858 2872 3916 innumeris
2900 3855 3056 3912 malis
3079 3854 3327 3926 cupiebat
3344 3853 3552 3922 eripere
3570 3891 3586 3919 ,
3617 3859 3675 3906 et

2085 3964 2306 4025 propter
2324 3967 2460 4023 quos
2503 3951 2754 4007 sustinuit
2777 3949 3036 4005 'universa
3073 3959 3192 4017 quae
3220 3957 3409 4015 passus
3433 3949 3534 3998 est.
3564 3941 3672 3997 Sed

2085 4046 2200 4102 Noe
2213 4044 2389 4116 justus
2405 4044 2458 4099 in
2478 4042 2823 4114 generatione
2842 4054 2962 4107 sua,
2991 4043 3152 4109 atque
3171 4033 3442 4106 perfectus
3461 4074 3475 4099 ,
3500 4041 3553 4088 et
3578 4047 3672 4087 so-

2087 4138 2170 4192 lus
2196 4143 2312 4192 erat
2341 4134 2460 4190 talis
2484 4135 2536 4189 in
2563 4133 2769 4189 cunctis
2788 4127 2939 4203 (Gen.
2967 4129 3020 4185 6.
3043 4127 3079 4183 9
3110 4129 3152 4194 )z
3174 4125 3271 4183 sed
3287 4133 3342 4182 et
3363 4123 3563 4180 Paulus
3585 4134 3674 4176 so—

2087 4229 2172 4284 lus
2200 4228 2341 4283 inter
2367 4240 2556 4282 onmes
2583 4224 2724 4280 talis.
2756 4223 2828 4278 Et
2850 4222 2942 4279 ille
2968 4219 3185 4292 quidem
3214 4231 3274 4276 se
3300 4213 3677 4273 tantummodo.

2085 4321 2276 4392 legitur
2293 4332 2538 4375 servasse
2562 4331 2683 4372 cum
2702 4315 2918 4380 liberis;
2940 4313 3030 4368 hic
3056 4319 3233 4366 autem
3256 4310 3425 4365 multo
3450 4307 3677 4363 smviore

2087 4413 2343 4468 mundum
2384 4410 2677 4466 inundante
2727 4406 2969 4474 diluvio,
3018 4419 3127 4460 non
3169 4417 3348 4459 arcam
3375 4399 3673 4470 coaptando

2083 4504 2490 4576 compaginibus
2517 4502 2814 4558 tabularum
2839 4540 2855 4567 ,
2886 4497 2981 4556 sed
3015 4497 3273 4569 epistolas
3301 4491 3674 4564 componendo

2085 4614 2186 4670 pro
2215 4597 2409 4654 tabulis
2427 4637 2444 4664 ,
2466 4611 2572 4652 non
2597 4594 2733 4650 duos
2751 4592 2835 4649 vel
2865 4603 2975 4648 tres
3002 4599 3093 4646 aut
3120 4589 3352 4660 quinque
3379 4591 3636 4654 cognatos
3653 4623 3670 4649 ,

2087 4692 2182 4750 sed
2201 4691 2506 4746 universum
2530 4697 2750 4758 prorsus
2777 4683 2962 4740 orbem
2993 4680 3159 4752 mergi
3190 4677 3576 4751 periclitantem
3609 4692 3676 4731 ex

2074 4783 2277 4840 'mediis
2299 4781 2547 4837 ﬂuctibus
2561 4777 2827 4834 liberavit.
2851 4775 2962 4832 Nec
2975 4787 3104 4830 vero
3119 4781 3237 4828 erat
3255 4771 3370 4826 haec
3392 4769 3510 4825 talis
3527 4783 3675 4834 arca,

2087 4885 2148 4932 ut
2166 4887 2273 4929 uno
2291 4871 2727 4928 circumferretur
2744 4867 2882 4935 loco,
2905 4879 3024 4938 qua:
3040 4863 3222 4935 utique
3248 4860 3394 4917 orbis
3411 4870 3677 4916 terrarum

2089 4967 2346 5024 terminos
2370 4960 2791 5035 comprehendit.
2821 4959 2954 5017 Nam
2990 4969 3159 5028 usque
3201 4969 3344 5011 nunc
3383 4964 3573 5010 carnes
3624 4952 3677 5006 in

2089 5061 2229 5117 hanc
2253 5071 2432 5115 arcam
2453 5057 2649 5114 Paulus
2667 5054 2870 5110 inducit
2888 5093 2906 5121 ,
2934 5063 3095 5122 quam
3118 5058 3265 5107 certe
3291 5051 3544 5120 capacem
3573 5044 3694 5100 sal-

2088 5152 2277 5208 vandaa
2305 5148 2658 5206 multitudinis
2693 5144 3032 5217 praeparavit,
3062 5157 3182 5214 qua:
3210 5141 3508 5212 suscipiens
3541 5137 3678 5191 irra-

2090 5243 2436 5300 tionabilibus
2462 5254 2598 5312 pene
2622 5236 2939 5294 animalibus
2956 5236 3249 5300 stultiores,
3278 5232 3572 5288 imitatores
3597 5227 3681 5282 ef-

2092 5336 2201 5392 licit
2225 5334 2561 5407 angelorum.
2601 5332 2670 5387 Et
2692 5330 2820 5386 hinc
2846 5343 3058 5401 quoque
3100 5328 3242 5384 illam
3269 5325 3433 5380 vincit
3459 5336 3669 5388 arcam,

2088 5429 2212 5500 quia
2237 5427 2325 5483 illa
2368 5423 2582 5496 quidem
2625 5437 2845 5479 corvum
2896 5421 3194 5490 recipiens,
3235 5430 3452 5472 corvum
3482 5427 3678 5468 rursus

2089 5518 2267 5577 emisit
2298 5517 2450 5592 (Gen.
2477 5516 2512 5573 8
2537 5517 2580 5585 ),
2611 5523 2666 5570 et
2691 5513 2970 5570 includens
2995 5513 3178 5580 lupum
3203 5549 3220 5574 ,
3266 5507 3529 5562 feritatem
3556 5503 3676 5574 ejus

2090 5621 2300 5668 mutare
2342 5625 2448 5664 non
2478 5606 2650 5679 potuit
2681 5624 2695 5661 :
2723 5605 2840 5660 haec
2877 5619 3004 5658 vero
3029 5617 3136 5657 non
3163 5601 3232 5655 ita
3253 5640 3269 5668 ,
3306 5598 3400 5654 sed
3430 5603 3678 5664 acceptos

2090 5703 2244 5777 lupos
2270 5717 2398 5763 ovcs
2440 5699 2698 5770 reddidit,
2729 5695 3014 5757 accipitres
3054 5692 3352 5764 milvosque
3378 5687 3677 5758 suscipiens

590 5827 663 5890 (a)
1053 5833 1166 5889 Reg.
1193 5827 1328 5889 {956,
1352 5829 1402 5878 in
1417 5841 1514 5891 quo
1537 5827 1690 5892 prima
1713 5827 1868 5880 solum
1885 5829 2108 5883 habetur.

401 5923 451 5951 Α
