4130 6450
573 378 677 442 473

569 494 692 552 fecit
719 499 997 560 columbas
1019 505 1118 580 (α),
1146 518 1201 565 et
1226 514 1516 575 excludens
1543 535 1755 581 omnem
1774 527 2148 591 irrationabili-

571 596 737 690 tatem
767 600 925 690 atque
952 596 1304 670 ferocitatem,
1331 613 1788 672 mansuetudinem
1816 618 2046 690 Spiritus
2067 625 2146 679 in-

570 678 852 780 troduxit“:
884 696 1169 758 manetque
1194 691 1353 752 hodie
1378 696 1492 755 haec
1520 716 1714 760 arcana
1736 678 2019 780 navigans,
2051 678 2149 771 nec

568 775 745 873 tamen
771 773 1055 873 aliquando
1080 780 1426 855 dissolvitur,
1454 805 1555 847 nec
1599 795 1743 851 valet
1783 773 2150 873 tabulas'ejus

569 856 674 910 ulla
704 862 922 959 malitia:
956 866 1480 944 laxaretempestas:
1512 881 1640 951 quin
1664 886 1840 953 potius
1874 889 1985 959 ipsa
2012 856 2148 948 lein;

567 954 790 1018 pestatis
816 967 989 1014 motus
1008 966 1301 1035 navigando
1326 978 1675 1043 compescuit,
1702 980 1841 1049 quod
1863 954 1991 1039 satis
2017 1001 2147 1041 con-

568 1053 854 1146 sequenter
881 1050 1121 1107 effectum
1147 1066 1247 1112 est.
1279 1060 1397 1117 Non
1425 1065 1571 1120 enim
1596 1067 1858 1127 bitumine
1877 1085 1968 1129 aut
1994 1078 2143 1146 pice,

564 1133 661 1232 sed
703 1150 890 1232 sancto
919 1142 1121 1212 Spiritu
1171 1151 1289 1220 ejus
1320 1154 1512 1211 tabulae
1558 1170 1677 1215 sunt
1709 1133 2008 1232 perunctae:
2040 1133 2146 1225 Sed

567 1223 837 1316 Abraham
867 1233 1129 1292 mirantur
1156 1254 1366 1309 omnes,
1396 1247 1517 1316 quia
1539 1264 1659 1305 cum
1689 1223 1957 1312 audisset:
1980 1223 2143 1313 ΑΜζ

565 1314 705 1421 nam,
727 1321 809 1373 exi
827 1321 891 1376 de
914 1333 1177 1421 terragtua,
1204 1343 1252 1387 et
1278 1334 1342 1388 de
1363 1314 1661 1409 cognatione
1671 1351 1761 1398 tua
1779 1345 1931 1416 (Gen.
1953 1349 2040 1403 12.
2064 1352 2142 1421 1);

562 1412 618 1510 et
640 1405 857 1464 domum
878 1414 1095 1510 reliquit
1117 1428 1173 1475 et
1201 1405 1449 1495 patriam,
1471 1437 1526 1484 et
1547 1432 1748 1488 amicos
1768 1405 1926 1505 atque
1947 1405 2142 1510 cogas:

563 1500 667 1561 tos,
694 1512 922 1567 quorum
947 1508 1187 1564 omnium
1208 1511 1472 1581 jacturam
1518 1520 1633 1576 solo
1673 1500 1852 1579 divini
1888 1500 2144 1600 praecepti

467 1644 475 1653 ,
560 1597 747 1642 amore
764 1597 1148 1686 compensabat
1174 1617 1190 1654 :
1229 1618 1351 1658 nam
1381 1616 1435 1662 et
1460 1624 1559 1665 nos
1583 1626 1706 1667 eum
1731 1625 2007 1686 propterea
2046 1597 2145 1675 mi-

560 1688 761 1774 remur.
789 1677 894 1735 Sed
919 1684 1047 1753 quid
1074 1687 1238 1745 Paulo
1260 1696 1427 1762 possit
1459 1702 1664 1769 mquari
1690 1677 1953 1774 iqui'non
1981 1710 2142 1766 modo

458 1812 476 1827 η
562 1770 1187 1871 patriam,-cognatos,ac
1211 1785 1451 1858 domum,
1466 1793 1560 1847 sed
1578 1770 1973 1871 ipsum—quoque
1988 1817 2142 1856 ηιηη-

559 1857 688 1957 dum
728 1864 980 1957 reliquit:
1024 1871 1131 1928 imo
1156 1877 1318 1932 etiam
1339 1881 1526 1936 caelum
1546 1925 1562 1950 ,
1594 1857 1651 1940 et
1685 1857 2017 1946 carl-uincam
2038 1933 2053 1957 ,
2088 1902 2143 1947 et

560 1947 678 2004 haec
695 1955 871 2050 omnia
893 1956 1159 2017 Christum
1184 1967 1525 2036 SUSpiCieltdO
1548 1947 1831 2042 despexit:
1860 1995 2021 2033 unum
2039 1947 2141 2050 pro

557 2043 766 2141 cunctis
788 2054 842 2101 et
864 2050 1036 2105 solum
1056 2093 1071 2120 ,
1092 2053 1146 2109 id
1173 2066 1257 2111 est
1274 2099 1289 2123 ,
1317 2059 1513 2121 Christi
1533 2067 1808 2124 caritatem
1838 2043 2134 2141 requirens,

561 2130 744 2201 Neque
769 2144 1068 2235 puemitia,
1102 2146 1302 2218 inquit,
1324 2168 1480 2221 neque
1505 2159 1699 2225 futura,
1721 2176 1877 2231 neque
1899 2130 2137 2235 altitudo,

556 2240 715 2295 neque
740 2233 1070 2325 propendent,
1100 2255 1258 2309 neque
1286 2243 1392 2297 alia
1417 2256 1650 2301 creatura
1670 2253 1851 2319 poterit
1881 2269 1972 2307 nos
1991 2233 2140 2325 sequ

552 2329 670 2370 rare
685 2332 718 2370 a
740 2320 949 2376 caritate
967 2322 1081 2393 Dei,
1103 2344 1216 2397 qua:
1237 2340 1312 2385 est
1342 2332 1396 2386 in
1421 2334 1618 2391 Clin'sto
1644 2337 1773 2394 Jesu
1799 2339 2016 2399 Domino
2039 2320 2136 2398 ξω·-

552 2416 658 2503 stre
678 2407 700 2479 (
720 2407 875 2465 Rom.
901 2413 956 2469 8.
984 2417 1070 2477 58.
1090 2419 1205 2489 59).
1230 2421 1336 2478 Sed
1358 2424 1628 2483 Abraham
1655 2431 1889 2501 seipsum
1918 2434 1972 2487 in
2000 2437 2138 2503 peri-

549 2498 729 2594 eulum
768 2504 1017 2574 tradens,
1072 2508 1315 2569 hostibus
1364 2515 1527 2573 filium
1578 2498 1759 2577 fratris
1809 2498 2033 2594 eripuit;
2081 2539 2136 2582 at

551 2587 748 2683 Paulus
771 2609 876 2683 non
899 2594 1076 2653 fratris
1101 2599 1266 2657 filium
1282 2645 1298 2671 ,
1326 2620 1502 2676 neque
1534 2617 1642 2665 tres
1667 2622 1757 2667 aut
1778 2587 2132 2683 quinqueur-

548 2675 677 2745 bes,
724 2680 821 2737 sed
865 2685 1052 2742 orbem
1099 2675 1431 2748 universum
1455 2696 1527 2752 de
1581 2698 1694 2768 ipsa
1746 2675 2131 2761 dazmoniorum

547 2771 773 2865 extorsit
794 2788 985 2865 manu,
1013 2778 1423 2840 innumerabilia
1460 2802 1555 2856 per
1574 2790 1691 2846 dies
1721 2792 1958 2863 singulos
1984 2798 2129 2865 peri-

549 2856 667 2925 cula
692 2862 1006 2919 sustinendo
1027 2906 1044 2933 ,
1078 2872 1414 2942 propriisque
1438 2879 1698 2934 mortibus
1726 2856 2007 2938 mammam
2038 2901 2128 2941 se-

548 2948 835 3045 caritatem~
853 2953 973 3045 aliis
998 2963 1377 3030 comparando.
1402 2964 1572 3036 Caput
1618 2969 1878 3027 bonorum
1907 2975 2128 3045 ejusque

543 3036 756 3107 cuhnen
785 3043 1135 3117 philosophia:
1154 3061 1255 3118 est,
1282 3054 1450 3112 tilium
1473 3060 1891 3130 sacrificavisse;
2040 3036 2129 3123 hic

544 3140 757 3225 quoque
786 3135 1113 3225 inveniemus
1143 3140 1364 3199 Paulum
1388 3148 1587 3219 primas
1614 3162 1792 3221 partes
1819 3162 2124 3225 tenentem,

544 3218 635 3285 qui
658 3235 764 3277 non
790 3224 978 3296 lilium,
1000 3229 1096 3286 sed
1123 3218 1490 3307 semetipsum,
1520 3249 1578 3297 ut
1607 3218 1752 3312 dixi,
1798 3247 1992 3302 millies
2015 3218 2118 3302 im;

548 3312 782 3409 molavit.
805 3315 866 3371 ln
885 3318 1032 3377 lsaac
1045 3324 1257 3393 quidem
1280 3328 1470 3400 aliquis
1488 3332 1797 3404 admiratur,
1821 3348 1872 3393 et
1892 3339 1996 3395 alia
2010 3340 2127 3409 qui-

546 3402 668 3458 dem
684 3405 935 3502 plurima,
963 3414 1057 3470 sed
1084 3419 1349 3489 praecipue
1379 3424 1682 3492 patientiam
1712 3445 1726 3483 :
1751 3402 1999 3500 quoniam
2020 3402 2123 3502 pu-

540 3497 1527 3593 teosfodiens,etpropriislexagitatus
1550 3497 1817 3575 laboribus
1854 3521 1929 3593 (ὁ)
1965 3497 2118 3593 (Cen.

543 3583 658 3678 26),
682 3589 908 3678 minime
942 3595 1255 3654 resistebat:
1276 3601 1372 3656 sed
1418 3606 1585 3661 factos
1616 3623 1645 3660 a
1666 3624 1727 3663 se
1752 3583 1941 3678 puteos
1960 3583 2120 3668 obrui

540 3675 856 3768 patiebatur,
882 3691 1042 3752 atque
1084 3686 1151 3740 ad
1192 3688 1355 3744 alium
1402 3706 1613 3764 semper
1638 3675 1898 3768 migrabat
1921 3701 2117 3756 locum.

542 3762 724 3861 Neque
749 3769 969 3826 collecta
995 3788 1212 3831 suorum
1231 3794 1390 3835 manu
1422 3782 1473 3836 in
1498 3762 1832 3845 adversarios
1858 3790 2113 3861 irruebat,

541 3853 635 3951 sed
663 3858 870 3951 propria
894 3865 1231 3929 possessione
1262 3869 1453 3941 ubique
1494 3874 1747 3942 cedebat,
1777 3853 2120 3951 quoadusque

541 3943 927 4015 iniquissimam
953 3952 1161 4011 illorum
1188 3962 1427 4030 expleret
1447 3943 1806 4036 capiditatem.
1833 3973 1902 4027 At
1924 3943 2119 4031 Paulus

545 4051 652 4093 non
693 4050 881 4110 puteos
905 4060 1129 4115 cernens
1173 4053 1429 4122 lapidibus
1452 4058 1670 4117 obrutos
1687 4102 1703 4129 ,
1726 4064 1822 4119 sed
1846 4067 2117 4137 proprimn

541 4143 731 4200 corpus
749 4174 766 4199 ,
790 4151 894 4201 non
917 4139 1088 4209 solum
1114 4142 1252 4199 sicut
1273 4145 1363 4201 ille
1382 4148 1624 4219 cedebat,
1653 4153 1745 4210 sed
1767 4156 1926 4211 etiam
1953 4172 2046 4215 eos
2084 4174 2116 4213 a

539 4222 730 4291 quibus
778 4226 1142 4299 lapidabatur,
1196 4235 1250 4289 in
1305 4238 1492 4296 ctnlum
1552 4243 1799 4303 studebat
1865 4248 2112 4305 evehere.

539 4310 934 4392 Quantoenim
980 4323 1573 4401 amplius_obruebatur
1618 4333 1737 4391 fons
1783 4337 1918 4406 iste,
1965 4349 2114 4399 tanto

538 4405 846 4500 erumpebat
872 4411 1058 4480 magis,
1080 4427 1142 4468 ac
1162 4414 1341 4500 plures
1360 4433 1426 4474 ex
1454 4435 1512 4476 se
1539 4420 1725 4481 ﬂuvios
1757 4427 2076 4488 eﬂ‘undendo
2092 4474 2110 4500 ,

539 4495 804 4588 manabat.
836 4497 914 4553 De
938 4496 1336 4571 longanimitate
1374 4522 1436 4565 ac
1481 4513 1731 4581 patientia
1764 4518 1917 4588 hujus
1945 4495 2110 4580 lilium

540 4583 700 4643 Iacob
744 4588 1038 4648 admiratur
1077 4593 1371 4666 Scriptura.
1416 4601 1481 4657 Et
1507 4619 1747 4673 quamam
1776 4583 1866 4665 illa
1892 4621 1975 4668 est
2004 4622 2110 4669 tam

538 4674 873 4773 adamantina
896 4697 1111 4751 prorsus
1131 4687 1327 4757 anima,
1346 4706 1463 4760 quae
1488 4693 1633 4750 Pauli
1649 4698 1956 4768 patientiam
1983 4718 2111 4773 pose

535 4763 822 4857 sit=imitari
846 4771 870 4825 7
896 4771 1077 4843 Neque
1098 4776 1240 4832 enim
1266 4779 1347 4835 bis
1366 4790 1568 4851 septem
1595 4763 1876 4857 annorum,
1905 4763 1999 4847 sed
2025 4803 2109 4849 to-

537 4855 640 4951 tius
689 4858 809 4914 vitae
857 4866 1126 4923 servitium
1156 4883 1254 4938 pro
1278 4884 1471 4941 Sponsa
1496 4878 1713 4943 pertulit
1742 4855 1972 4950 Christi,
2000 4903 2108 4951 non

534 4945 752 5002 adustus
775 4951 943 5007 solum
966 4965 1098 5012 testu
1122 4958 1224 5014 diei
1239 4970 1291 5015 et
1316 4963 1487 5019 noctis
1504 4966 1645 5034 gelu,
1675 4969 1769 5025 sed
1791 4945 2107 5037 tentationes

536 5037 680 5092 mille
726 5042 1030 5110 perpetiens
1061 5065 1073 5100 :
1106 5056 1161 5103 et
1178 5066 1322 5107 nunc
1340 5053 1550 5123 quidem
1581 5057 1921 5131 verberibus,
1967 5080 2108 5122 nunc

536 5144 660 5186 vero
690 5131 952 5227 lapidibus
977 5139 1173 5197 scissus
1196 5154 1353 5216 atque
1378 5149 1614 5217 eollisus,
1646 5162 1700 5209 et
1726 5169 1865 5211 nunc
1890 5158 2106 5227 quidem

533 5235 651 5317 cum
698 5222 916 5317 bestiis,
966 5229 1127 5286 modo
1163 5244 1340 5290 autem
1366 5237 1612 5298 ﬂuctibus
1637 5258 1874 5317 pugnans
1947 5250 2107 5306 modo

534 5313 694 5368 etiam
735 5315 913 5372 nimia:
937 5328 1097 5390 atque
1145 5328 1410 5384 centinuze
1453 5313 1730 5391 reluctans?
1764 5335 1888 5392 fami
1917 5337 2107 5397 diebus

464 5418 483 5437 κ
532 5411 687 5498 atque
712 5409 953 5465 noctibus
975 5453 991 5479 ,
1022 5422 1076 5470 et
1113 5412 1252 5473 inter
1281 5423 1567 5479 certamina
1593 5426 1788 5496 ubique
1825 5430 2105 5498 prosiliens

535 5490 607 5563 (2.
637 5494 755 5549 Cor.
784 5498 917 5573 11.),
940 5518 1120 5575 captas
1144 5524 1270 5566 oves
1294 5527 1360 5567 ex
1385 5512 1576 5570 diaboli
1602 5490 1844 5577 faucibus
1859 5526 2107 5582 extrahe-

504 5583 813 5667 πωςςιζξξξῐξεξ
830 5586 1076 5667 imitentur
1099 5601 1147 5648 in
1166 5601 1326 5667 aliqua
1359 5604 1663 5657 tlomiliarum
1702 5610 1768 5661 de
1800 5616 2083 5667 Paenitentia

648 5645 651 5646 ν
717 5649 725 5657 1
900 5654 910 5663 ¹
1009 5645 1014 5647 .
1055 5645 1065 5646 κ
1100 5645 1145 5648 _._
1172 5645 1326 5664 “nl--.—
1359 5645 1572 5654 --ν---υ--ι
1586 5645 1663 5657 ιιι-.-
1703 5645 1768 5661 νιν
1800 5645 2102 5678 lwultuuud,

526 5645 785 5766 gmina.
801 5657 1332 5762 aﬂaonmnerabatur;
1357 5676 1485 5715 nunc
1504 5676 1667 5719 autem
1689 5679 1767 5721 est
1787 5680 1969 5736 octava,
1989 5684 2040 5731 et
2055 5681 2105 5730 in

591 5765 665 5829 (ὁ)
699 5775 858 5818 (πείθει
879 5778 1038 5826 vorsio
1060 5778 1224 5843 habet,
1250 5787 1443 5849 proprie
1459 5795 1658 5843 exactus
1690 5790 1886 5856 ﬁnibus.

1335 402 1395 460 Β.
1433 405 1711 468 JOANNIS
1739 415 2205 481 CIIRYSUSTUHI
2244 426 2563 491 ARCHIEP.
2603 437 3142 503 CONSTANTINOP.

3737 455 3849 513 ιτς

2257 543 2367 600 bat.
2411 547 2515 605 Sed
2558 563 2610 608 et
2656 554 2852 627 Ioseph
2904 561 3168 629 pudicitia:
3197 565 3389 620 virtute
3430 564 3710 626 decoratus
3754 582 3843 626 est

2258 637 2410 708 (ϐαι.
2438 642 2530 712 59)
2561 660 2576 708 ;
2608 656 2661 698 at
2683 662 2783 716 ego
2817 665 3008 705 vereor
3037 669 3103 708 ne
3123 653 3233 723 jam
3276 655 3555 713 ridiculum
3605 662 3674 713 sit
3710 663 3844 717 hinc

2252 730 2476 789 Paulum
2504 738 2639 793 velle
2668 740 2904 810 laudare,
2928 745 3017 814 qui
3043 756 3210 801 semet
3236 748 3408 818 ipsum
3432 751 3631 806 mundo
3655 754 3841 808 cruci-

2254 821 2418 894 Iigens
2457 827 2653 897 (Galat.
2687 832 2786 900 6),
2821 850 2925 891 non
2968 839 3143 894 solum
3174 840 3522 898 humanorum
3549 859 3840 914 corporum

2248 914 2675 983 "pulchritudines
2693 965 2706 987 ,
2732 924 2831 981 sed
2852 928 3029 982 omnia
3059 928 3128 983 ita
3157 932 3438 1000 cernebat,
3483 935 3840 1006 quemadmo-

2252 1008 2376 1062 dum
2406 1026 2501 1067 nos
2546 1012 2778 1071 favillam
2804 1019 3146 1090 cineremque
3174 1023 3499 1093 despicimus
3519 1068 3534 1094 ,
3563 1027 3654 1097 qui
3679 1030 3839 1096 quasi

2250 1113 2491 1159 mortuus
2511 1121 2728 1175 prorsus
2754 1110 2819 1165 ad
2843 1123 3110 1169 mortuum
3149 1115 3435 1173 immobilis
3464 1120 3837 1189 permanebat.

2251 1191 2431 1263 itaque
2457 1211 2577 1251 cum
2604 1209 2744 1254 tanta
2769 1202 2929 1256 animi
2968 1218 3096 1260 cura
3141 1209 3519 1278 comprimeret
3566 1211 3837 1264 incentiva

2249 1283 2495 1340 vitiorum
2524 1300 2578 1342 et
2620 1299 2858 1359 naturze,
2906 1294 3035 1350 nihil
3082 1294 3373 1354 humanum
3401 1298 3471 1354 ab
3511 1300 3691 1371 aliquo
3732 1302 3837 1357 ali-

2248 1376 2461 1444 quando
2487 1393 2769 1448 perpessus
2789 1393 2888 1438 est.

2318 1466 2517 1524 Paulus
2558 1487 2673 1526 cum
2720 1472 2820 1530 Job
2859 1480 3133 1549 confertur.
3157 1509 3231 1521 —
3274 1480 3500 1552 Stupent
3536 1490 3684 1538 certe
3725 1481 3834 1538 Job

2247 1574 2433 1617 ouines
2481 1564 2753 1630 homines,
2782 1575 2836 1622 et
2876 1569 3031 1625 valde
3078 1571 3259 1641 utique
3309 1573 3705 1628 convenienter.
3735 1574 3835 1630 Est

2248 1653 2388 1706 enim
2418 1654 2506 1708 ille
2531 1655 2730 1713 athleta
2764 1659 3019 1714 mirabilis
3046 1679 3059 1715 :
3084 1671 3133 1717 el
3158 1664 3247 1732 qui
3268 1662 3487 1718 Paulum
3520 1664 3690 1734 ipsum
3718 1666 3834 1720 vel-

2246 1752 2303 1796 ut
2331 1759 2395 1798 ex
2442 1744 2667 1803 adverso
2704 1750 2870 1817 possit
2910 1751 3152 1821 aspicere
3194 1753 3262 1808 ob
3286 1754 3591 1825 patientiam
3622 1755 3831 1823 purita-

2246 1842 2460 1903 temque
2491 1836 2633 1904 vitze,
2665 1838 2735 1892 ob
2763 1840 3122 1897 testimonium
3150 1844 3266 1911 Dei,
3299 1852 3514 1915 prOpter
3534 1844 3676 1898 illam
3704 1861 3829 1900 cum

2244 1923 2457 1980 diabolo
2496 1927 2838 1983 fortissimam
2879 1945 3129 2002 pugnam,
3163 1944 3379 2004 propter
3403 1936 3679 1989 victoriam
3706 1930 3831 2006 quas

2244 2029 2473 2085 pugnam
2500 2027 2719 2087 sequuta
2746 2029 2861 2087 est;
2890 2022 3153 2078 atPaulus
3176 2039 3280 2079 non
3312 2025 3579 2081 mensibus
3596 2035 3827 2091 tantum,

2242 2108 2335 2161 sed
2365 2108 2518 2161 annis
2547 2108 2786 2177 plurimis
2833 2111 2887 2164 in
2944 2127 3112 2181 agone
3140 2113 3467 2184 perdurans,
3512 2124 3620 2169 tam
3647 2112 3830 2171 clarus

2242 2199 2477 2266 emicuit,
2510 2216 2618 2255 non
2642 2209 2797 2256 terra:
2828 2201 2980 2272 gleba
3001 2203 3205 2257 saniem
3227 2203 3405 2258 carnis
3430 2204 3658 2259 eradens
3680 2246 3696 2269 ,
3726 2205 3827 2259 sed

2241 2289 2294 2343 in
2326 2289 2490 2359 ipsius
2519 2288 2862 2361 intelligibilis
2886 2306 2947 2347 os
2977 2293 3147 2347 leonis
3182 2292 3486 2364 frequenter
3517 2295 3825 2360 incurrens,

2239 2389 2293 2434 et
2340 2395 2579 2450 pugnans
2629 2381 2887 2438 adversus
2932 2384 3250 2439 tentationes
3299 2384 3645 2453 innumeras,
3672 2388 3824 2442 einni

2240 2481 2357 2526 erat
2391 2472 2564 2541 lapide
2594 2471 2922 2540 tolerantior,
2953 2475 3041 2544 qui
3074 2489 3179 2529 non
3221 2489 3251 2529 a
3281 2475 3449 2531 tribus
3476 2486 3564 2530 aut
3593 2487 3826 2545 quatuor

2238 2563 2446 2629 amicis,
2474 2564 2568 2619 sed
2594 2580 2624 2619 a
2645 2566 2850 2621 cunctis
2880 2565 3202 2631 infidelibus,
3232 2581 3263 2621 a
3285 2565 3429 2621 falsis
3449 2568 3607 2622 etiam
3637 2568 3824 2623 fratris

2236 2656 2336 2711 bus
2360 2656 2644 2727 opprobria
2682 2657 3014 2726 sustinebat,
3045 2668 3389 2729 consputatus
3436 2660 3504 2715 ab
3529 2661 3778 2715 omnibus
3800 2703 3818 2727 ,

2233 2759 2393 2818 atque
2422 2748 2753 2804 maledictus.
2775 2749 2881 2806 Sed
2907 2749 3047 2807 illius
3085 2759 3201 2805 erat
3229 2766 3417 2821 magna
3444 2750 3773 2821 hospitalitas
3799 2793 3819 2817 ,

2236 2848 2291 2894 et
2318 2852 2445 2894 cura
2468 2855 2797 2910 pauperum:
2839 2855 2937 2896 nec
2963 2856 3060 2896 nos
3078 2843 3307 2911 quidem
3351 2843 3492 2898 istud
3520 2856 3817 2914 negamus;

2230 2932 2325 2987 sed
2348 2931 2494 2987 Pauli
2518 2947 2635 2987 eam
2664 2931 2975 2988 liberalitate
2996 2932 3299 2988 inferiorem
3319 2932 3593 3000 docemus,
3615 2942 3670 2988 et
3690 2942 3820 2987 tan-

2230 3032 2286 3079 to
2312 3023 2636 3090 inferiorem,
2655 3033 2850 3094 quanto
2864 3024 3039 3078 anima
3067 3033 3149 3079 est
3171 3039 3365 3095 corpus
3380 3025 3617 3081 inferius.
3639 3025 3818 3093 Quam

2228 3116 2370 3171 enim
2397 3115 2485 3171 ille
2510 3128 2691 3169 curam
2713 3114 3053 3185 impendebat
3078 3130 3239 3172 carne
3262 3116 3819 3177 debilibus.hanciste

2228 3207 2403 3262 anima
2423 3206 2678 3263 morbidis
2697 3208 3000 3273 exhibebat,
3020 3224 3164 3265 nunc
3184 3209 3380 3285 mentis
3394 3209 3640 3266 sensibus
3658 3209 3818 3265 clau-

2227 3297 2468 3355 dicantes
2494 3298 2772 3369 dirigendo
2810 3298 2863 3354 in
2895 3301 3026 3375 recti
3073 3300 3281 3355 itineris
3327 3300 3592 3355 incessum
3621 3341 3636 3367 ,
3665 3293 3815 3357 nunc

2226 3388 2466 3445 nuditate
2525 3388 2794 3445 deformes
2855 3389 2991 3447 Stola
3041 3391 3272 3447 ca-lestis
3313 3390 3662 3461 philosOphia:
3710 3406 3817 3446 ve-

2225 3479 2456 3535 stiendo.
2489 3478 2547 3536 In
2579 3480 2948 3549 corporalibus
2993 3496 3205 3551 quoque
3228 3480 3501 3537 beneficiis
3527 3492 3672 3537 tanto
3712 3484 3815 3538 ille

2224 3570 2528 3639 superabat,
2553 3580 2750 3641 quanto
2779 3581 2861 3626 est
2887 3570 3112 3641 amplius
3140 3572 3191 3626 in
3217 3570 3355 3627 fame
3383 3580 3438 3627 et
3459 3580 3694 3643 egestate
3716 3573 3809 3628 v1-

2223 3672 2433 3717 ventem
2459 3663 2814 3733 indigentibus
2835 3665 2973 3721 ferre
3002 3665 3325 3735 przesidi‘um,
3353 3680 3511 3736 quam
3543 3664 3597 3720 id
3625 3667 3806 3736 ipsum

2221 3752 2288 3807 de
2313 3752 2611 3809 divitiarum
2636 3754 2905 3810 aﬂluentia
2928 3756 3247 3811 ministrare.
3268 3755 3399 3811 Nam
3426 3757 3565 3812 illius
3585 3757 3806 3826 quidem

2222 3846 2368 3900 omni
2398 3845 2696 3900 advenienti
2734 3846 3067 3916 aperiebatur
3086 3846 3307 3915 domus,
3336 3846 3495 3917 hujus
3533 3861 3660 3902 vero
3682 3847 3807 3901 ani-

2226 3953 2311 3992 ma
2333 3938 2585 3992 universo
2611 3938 2823 4009 patebat
2844 3939 2962 3994 orbi
2985 3979 3002 4006 ,
3033 3953 3097 3994 ac
3125 3938 3359 3994 fidelium
3393 3939 3615 4009 populos
3643 3937 3801 3994 beni-

2220 4046 2353 4101 gnaa-
2375 4030 2569 4085 mentis
2596 4032 2887 4101 recipiebat
2913 4031 3143 4102 hospitio
3161 4073 3177 4099 ,
3200 4030 3385 4087 dicens
3418 4048 3432 4085 :
3474 4032 3597 4087 Non
3632 4048 3802 4103 angu-

2219 4122 2444 4177 stiamim’
2467 4123 2520 4176 in
2547 4124 2687 4178 nobis
2710 4165 2725 4188 ,
2768 4123 3125 4194 nngustiamim'
3152 4133 3318 4177 autem
3346 4124 3400 4177 in
3425 4124 3691 4178 visceribus
3717 4140 3804 4178 ve-

2216 4214 2357 4286 stris(
2379 4214 2435 4267 2.
2468 4210 2588 4289 Cor.
2619 4213 2671 4268 6.
2702 4212 2813 4283 12).
2850 4215 2917 4267 Et
2943 4212 3034 4267 ille
3071 4213 3285 4283 quidem
3311 4228 3432 4267 cum
3462 4228 3590 4267 oves
3613 4221 3670 4268 et
3694 4213 3796 4267 bo-

2218 4320 2310 4360 ves
2366 4306 2583 4361 haberet
2625 4305 2961 4370 innumeras,
2991 4314 3106 4359 erat
3152 4305 3205 4359 in
3238 4318 3497 4374 pauperes
3538 4304 3796 4369 liberalis;

2218 4397 2304 4452 hic
2331 4410 2459 4451 vero
2481 4396 2610 4450 nihil
2639 4395 2866 4465 amplius
2893 4411 3118 4465 corpore
3145 4411 3244 4451 suo
3272 4395 3568 4465 possidens,
3599 4395 3668 4449 de
3690 4394 3801 4451 hoc

2216 4490 2332 4558 ipso
2357 4486 2682 4543 sufficienter
2724 4486 3079 4557 indigentibus
3121 4487 3451 4541 ministrabat
3481 4504 3495 4541 :
3526 4486 3669 4556 quod
3691 4488 3800 4541 ali-

2213 4579 2335 4634 cubi
2362 4580 2475 4649 ipse
2500 4592 2943 4645 commemorans,
2973 4578 3385 4645 Necessitatibus,
3418 4579 3608 4649 inquit,
3645 4581 3797 4647 meis,

2212 4681 2258 4725 et
2284 4672 2359 4726 his
2385 4673 2472 4742 qui
2491 4688 2682 4725 mecum
2707 4680 2847 4725 erant
2885 4672 3290 4725 ministraverunt
3312 4687 3491 4727 manus
3517 4672 3628 4726 ista:
3654 4673 3797 4741 (Act.

2211 4763 2302 4820 20.
2333 4766 2402 4820 ’54
2428 4767 2468 4837 ).
2498 4751 2753 4836 Corporis
2778 4765 2920 4821 enim
2946 4766 3031 4821 sui
3059 4780 3277 4835 operam
3302 4765 3447 4821 velut
3472 4781 3536 4821 ex
3562 4766 3799 4836 quadam

2214 4861 2551 4928 possessione
2575 4859 2776 4915 fructu‘s
2803 4860 3161 4915 esurientibus
3184 4860 3491 4928 deputabat.
3673 4873 3794 4913 ver-

2210 4965 2325 5005 mes
2346 4949 2606 5018 videlicet,
2625 4961 2788 5024 atque
2807 4953 3045 5017 vulnera,
3069 4965 3240 5006 saevos
3259 4961 3418 5021 atque
3432 4948 3799 5005 intolerabiles

2213 5049 2401 5096 sancto
2428 5040 2529 5097 Job
2554 5042 2852 5099 inferebant
2877 5042 3090 5099 dolores
3123 5058 3136 5095 :
3165 5050 3221 5098 et
3256 5059 3357 5114 ego
3384 5044 3589 5109 fateor;
3627 5042 3720 5098 sed
3749 5045 3795 5099 si

2212 5146 2306 5201 per
2347 5141 2453 5187 tam
2501 5134 2697 5189 multos
2742 5150 2912 5192 annos
2949 5134 3098 5191 Pauli
3125 5137 3347 5192 verbera
3374 5176 3390 5203 ,
3433 5144 3489 5191 et
3532 5150 3654 5190 cum
3679 5135 3795 5205 jngi

2206 5221 2352 5279 fame
2384 5226 2544 5280 etiam
2586 5227 2902 5295 nuditatem,
2927 5238 3163 5295 catenas,
3192 5244 3464 5285 carcerem
3483 5271 3499 5297 ,
3531 5229 3753 5285 insidias
3779 5270 3798 5296 ,

2212 5315 2553 5387 periculaque
2577 5319 2907 5388 consideres,
2935 5336 3055 5389 quae
3079 5336 3108 5373 a
3137 5321 3476 5399 domesticis,
3516 5321 3587 5376 ab
3607 5330 3796 5377 extra-

2210 5407 2344 5473 neis,
2378 5422 2407 5461 a
2436 5409 2711 5477 tyrannis,
2738 5420 2770 5465 a
2818 5418 2931 5465 toto
2954 5418 3232 5479 postremo
3278 5411 3576 5480 patiebatur
3621 5411 3753 5465 orbe
3780 5429 3795 5465 :

2209 5497 2373 5552 addas
2426 5498 2529 5553 huc
2572 5500 2733 5553 etiam
2761 5500 2845 5555 his
2896 5498 3135 5570 profecto
3177 5502 3459 5567 amariora,
3486 5500 3536 5555 id
3564 5510 3667 5568 est,
3696 5517 3795 5572 pro

2196 5590 2290 5646 ‘eis
2316 5591 2407 5662 qui
2455 5592 2767 5649 labebantur
2789 5633 2804 5659 ,
2850 5593 3101 5660 dolores,
3138 5593 3547 5649 sollicitudinem
3579 5635 3595 5660 ,
3636 5609 3795 5663 quam
3880 5604 3889 5611 '

2212 5696 2309 5751 pro
2336 5681 2589 5738 Eeclesiis
2617 5683 2884 5748 omnibus,
2914 5686 3204 5750 ustionem,
3239 5700 3397 5755 quam
3442 5698 3538 5753 pro
3566 5686 3795 5740 seanda-

2208 5774 2383 5833 lizatis
2409 5775 2629 5847 singulis
2655 5775 2975 5848 perferebat,
2999 5777 3201 5835 videbis
3216 5778 3337 5848 quia
3358 5777 3501 5835 omni
3523 5786 3637 5834 erat
3665 5792 3797 5835 saxo
